1963 3067
126 139 171 171 881
698 142 893 172 Ρ-ΧΝΠΕΟΤΕ

965 143 1019 173 ST.
1040 143 1188 173 ‘l‘URCiC.

1689 140 1742 173 89?:

127 186 159 213 sit
171 186 239 212 haud
257 187 378 220 procula
393 187 487 219 Prnsa,
514 189 553 215 vel
571 189 658 216 Niema
676 190 766 224 politis
779 190 906 223 Neapolis
923 198 942 224 Α
960 186 1329 217 rateAchzuctisliliolmius
1342 188 1744 216 evereitmuSelimishabuisse

127 231 180 259 sive
189 231 386 265 Genischeher,
398 233 430 261 de
441 242 494 268 qua
507 236 645 270 superius,
660 244 720 270 cap.
733 236 766 262 17
778 240 802 262 et
815 236 850 262 23
865 235 905 262 di-

127 276 256 304 ctum.Ea
268 281 360 305 tamen
375 280 470 314 procul
493 281 641 308 admodum
664 281 772 309 distata
794 281 905 316 Neapoli

128 324 308 352 (Iaramanire.
326 324 380 352 Nec
399 326 490 358 video.
516 335 571 362 quo
583 328 670 363 possit
683 336 743 356 esse
754 328 815 357 loco
833 333 907 356 tanta

129 369 263 403 planities,
278 377 310 398 ac
322 374 460 399 tantorum
472 373 640 401 exercituum
655 382 752 409 capax,
763 375 791 402 in
807 374 907 403 vicinia

127 414 166 442 vel
194 415 298 449 Prusaz,
328 417 370 445 vel
400 417 508 451 Nlcmm,
541 419 584 447 vel
611 419 822 449 Geuischcheris
853 423 908 450 sive

128 459 285 495 Neapoleos,
302 462 367 490 huic
383 464 532 498 proximae;
550 472 612 492 cum
635 465 698 493 istic
718 470 848 501 perpetua
867 467 909 494 vel

125 506 186 541 juga
201 508 266 540 sint,
283 508 324 535 vel
344 509 406 537 clivi
422 511 519 538 saltem
547 513 648 541 montis
666 512 787 548 Olympi.
807 513 908 547 Taceo,

127 553 250 586 superius
277 554 423 589 aliquoties
451 556 479 583 in
506 557 653 586 annalibus
676 558 753 588 hisce
785 559 910 595 reperiri,

127 599 293 628 Caramauizc
319 601 403 635 begos
420 610 480 630 cum
495 604 654 633 Osmanidis
678 605 748 633 bella
773 611 909 640 gerentes,

127 645 148 671 si
167 645 292 673 hostibus
319 647 437 681 impares
461 655 491 676 se
513 651 649 683 viderent,
667 651 692 678 in
711 655 852 678 montuosa
870 659 910 679 re-

127 691 215 724 gionis
241 699 297 718 sua:
323 692 381 720 loca
413 701 443 720 se
469 695 620 729 recepisse;
642 703 702 730 qua:
732 696 840 729 quidem
859 695 911 722 illi“
935 714 938 717 η

129 736 192 770 ipsa:
205 737 317 765 latebrze
341 744 416 772 sunt,
435 740 460 767 in
475 748 542 775 quas
557 748 590 770 Ie
604 749 666 768 cum
687 741 773 769 milite
789 750 840 770 suo
856 743 912 769 sul-

129 787 208 810 tanus
231 782 389 817 Achmeles,
416 785 511 813 Sclimi
537 786 614 814 fratri
630 787 716 822 copiis
737 787 835 822 impar,
865 787 912 815 ab<

128 827 212 860 didit;
229 832 257 855 et
271 829 368 863 quales
396 830 423 857 in
458 831 559 858 vicinia
584 831 677 859 Prusa:
703 833 794 860 nullas
811 832 911 860 habere

959 237 1041 263 tradit
1067 236 1205 263 hominum
1230 236 1350 263 ducenta
1381 235 1477 268 millia,
1495 234 1579 269 duplo
1613 234 1744 268 majorem

960 289 1103 309 numerum
1120 281 1223 309 faciunt
1239 282 1363 308 annales.
1380 281 1454 308 idem
1470 284 1551 308 vocat
1563 279 1684 308 lsmailis
1692 279 1733 315 pri

959 329 1075 356 marium
1091 328 1186 356 ducem
1212 327 1375 362 Ustaoglim.
1404 327 1451 362 qui
1475 325 1578 354 nostris
1602 326 1744 354 annalibus

958 374 1088 410 Ustagelu
1104 375 1168 411 ogli,
1188 375 1230 402 vel
1260 373 1391 402 Ustazelu
1406 374 1472 408 ogli,
1503 373 1608 401 rectius
1635 372 1745 407 quidem

959 421 1030 448 haud
1047 421 1137 454 dubie,
1155 421 1323 448 nominatur.
1354 420 1384 448 id
1415 420 1502 447 ﬁlium
1529 418 1682 454 Vstagelvis
1708 419 1747 447 si-

960 467 1081 502 gnificat.
1093 467 1161 501 Quis
1178 471 1267 494 autem
1283 466 1366 494 fuerit
1382 466 1427 494 hic
1442 465 1612 501 Ustagelves,
1631 473 1684 492 non
1699 472 1748 492 εις

961 514 1092 548 primitur
1118 513 1144 541 in
1166 513 1323 543 annalibus.
1339 512 1435 540 Jovius
1452 512 1548 540 statim
1564 516 1626 546 post
1637 510 1746 545 exposi-

962 563 1018 586 tum
1037 560 1158 594 praelium
1176 559 1287 587 Selimis
1301 564 1397 586 contra
1414 557 1522 590 Persas,
1541 562 1569 585 et
1583 561 1746 592 occupatum

961 605 1129 637 Taurisium,
1149 605 1337 643 narrationem
1357 604 1420 631 belli
1436 603 1589 631 Turcorum
1615 602 1747 629 adversus

962 652 1150 686 Coslagelvem
1172 651 1359 678 Aladuliorum
1376 649 1525 685 principem
1541 648 1662 683 subjicit.
1673 649 1746 676 idem

963 698 1062 725 bellum
1080 696 1162 724 Turci
1178 705 1288 731 qitoque
1314 705 1376 723 mox
1400 701 1507 730 gestum
1539 695 1671 727 referunt,
1701 696 1746 721 sed

962 743 1092 770 adversus
1106 742 1263 770 Aladeulem
1284 741 1440 777 Dulgadiris
1474 740 1623 775 provincia:
1641 740 1746 767 ducem.

964 788 1035 824 Ergo
1046 788 1102 824 jam
1122 788 1350 816 animadvertisse
1366 788 1502 819 videmur,
1531 787 1612 822 hujus
1648 786 1747 820 Dulga-

963 834 1082 862 direusis
1101 834 1221 870 regionis
1237 833 1376 869 principes
1387 834 1516 861 habuisse
1553 840 1655 860 nomen
1684 833 1747 860 Ala-

128 873 268 906 potuisset.
288 873 408 910 Ideoque
418 883 471 903 non
485 877 533 905 abs
549 885 578 905 re
593 878 695 905 dicitur
717 878 862 906 Achmctcs
877 878 910 905 ab
925 871 949 901 Β
961 881 1048 909 deulis
1065 882 1091 908 in
1121 887 1233 915 genere,
1256 880 1336 915 cujus
1365 887 1447 914 supra
1465 879 1536 907 facta
1559 880 1660 906 mentio
1687 885 1746 912 cap.

128 918 206 946 initio
231 919 305 952 belli,
329 925 491 950 transeunte
506 931 568 951 cum
593 925 680 959 copiis
709 925 735 951 in
757 925 848 952 Asiam
862 925 909 952 Se-

127 963 198 997 lime,
212 966 294 993 veluti
312 967 395 996 fratre
420 969 536 996 debilior
559 970 592 997 ad
608 970 741 998 Arabicos
757 970 909 1005 profugisse

127 1009 236 1044 limites,
254 1011 304 1040 hoc
318 1017 372 1045 est,
399 1014 426 1041 in
448 1014 656 1048 Caramaniam;
679 1016 751 1043 unde
777 1024 908 1050 nusquam

128 1055 260 1084 hactenus
276 1059 413 1093 prodiissc
444 1060 553 1096 legitur,
582 1061 723 1095 mu'toque
742 1062 830 1089 minus
844 1069 911 1096 prae-

117 1102 194 1129 senti
211 1110 272 1130 cum
297 1105 455 1134 discrimine
476 1114 567 1134 rerum
588 1115 700 1135 suarum
717 1108 741 1134 in
759 1107 909 1142 Bithyniam

127 1147 204 1174 fratri
220 1149 356 1177 subditam
373 1159 402 1178 se
415 1153 575 1181 eontulisso.
596 1154 737 1186 Filiorum,
757 1161 825 1188 quos
842 1153 909 1180 duos

128 1193 237 1228 reliquit
259 1197 433 1230 superstites,
452 1197 583 1226 Muratom
607 1203 633 1226 et
652 1199 806 1231 Aladinem,
824 1198 850 1225 in
867 1199 910 1226 his

129 1240 237 1272 quidem
250 1242 397 1270 annalibus
408 1243 480 1270 nulla
493 1248 583 1272 exstat
601 1245 702 1272 mentio
716 1245 779 1277 ;sed
792 1244 826 1272 ab
838 1244 909 1276 aliis.

128 1287 276 1320 praesertim
288 1287 445 1321 Menavino,
465 1294 534 1318 teste
554 1291 674 1322 oculato,
695 1298 911 1318 commemoran—

127 1336 182 1359 tur.
199 1332 339 1360 Aladinem
362 1335 484 1363 evasisse
506 1336 579 1371 fuga.
604 1342 698 1364 narrat
712 1335 823 1369 Jovius;
839 1342 866 1364 et
885 1337 910 1364 in

127 1377 236 1410 itinere,
253 1387 306 1413 quo
317 1387 346 1407 se
357 1380 517 1409 conferebat
529 1382 561 1409 ad
578 1382 685 1418 [Egypli
703 1382 841 1418 Syriaeque
856 1383 911 1411 sul-

128 1429 232 1456 tanum,
248 1423 365 1451 amicqu
378 1430 536 1459 paternum,
563 1425 631 1453 febri
658 1429 832 1455 esstiuclutn.
852 1428 911 1455 Mtt-

127 1474 212 1497 ralem
226 1478 290 1498 vero
305 1471 425 1499 referunt
438 1480 533 1500 omnes
549 1473 581 1500 ad
596 1472 734 1500 lsmailem
750 1473 911 1508 Sophiuum,

129 1516 257 1544 seachum
284 1516 442 1550 Persarum,
473 1525 502 1546 se
527 1519 684 1554 recepisse,
712 1520 758 1555 qui
779 1520 859 1547 filiam
885 1520 909 1547 ei

127 1570 206 1589 suam
219 1562 324 1590 dederit
346 1571 474 1592 uxorem.
495 1564 602 1600 Quippe
625 1571 734 1593 constat.
760 1572 909 1601 utrumque

127 1608 279 1642 principem
295 1612 352 1636 tant
368 1609 492 1638 Achmeti
519 1610 601 1645 patri.
628 1619 709 1645 quam
724 1611 796 1644 ﬁliis,
815 1612 910 1638 adver-

127 1661 174 1682 sus
185 1654 312 1682 Selimem
334 1654 451 1689 favisse;
473 1657 544 1691 quod
569 1664 629 1684 esse
646 1657 698 1685 sibi
714 1657 909 1692 propemodum

128 1704 191 1728 ante
205 1701 279 1729 fores
294 1707 441 1730 cernerent
461 1702 664 1731 formidabilem
693 1704 765 1730 illam
786 1702 913 1731 Osmani-

127 1747 226 1774 darum
238 1748 399 1782 potentiam,
414 1756 495 1784 quam
512 1749 589 1777 bellis
605 1749 727 1776 civilibus
745 1749 910 1777 debilitatam

128 1794 289 1829 cupiebant,
307 1802 341 1822 ne
363 1803 426 1822 cum
456 1795 599 1830 utriusque
628 1794 791 1822 detrimento
809 1795 912 1830 longius

128 1845 263 1875 serperet;
278 1842 315 1868 uti
329 1848 395 1869 sane
411 1848 474 1868 mox
498 1842 531 1868 ab
549 1841 626 1868 hisce
650 1841 771 1868 motibus
789 1841 912 1870 sultauos

129 1887 272 1923 (Egyptios
289 1895 351 1914 eum
373 1887 532 1916 Mamelucis
557 1888 614 1916 suis
638 1887 671 1914 ad
696 1888 911 1916 internecionem

126 1933 240 1965 delevit,
267 1933 405 1968 Sophinos
432 1937 487 1960 tum
512 1932 630 1968 primum
659 1936 771 1961 exortos
793 1934 913 1968 graviter

125 1979 240 2011 alllixit;
271 1979 377 2006 tametsi
403 1979 470 2006 nihil
498 1979 633 2006 hactenus
658 1979 684 2006 in
715 1979 776 2012 hos,
814 1987 913 2008 arcano

125 2025 244 2060 quodam
277 2025 324 2052 Dei
346 2025 464 2059 judicio,
493 2025 608 2053 summis
638 2025 699 2051 licet
728 2026 768 2052 usi
796 2025 912 2056 viribus.

124 2070 237 2097 efficere
265 2071 403 2104 potuerint
427 2069 593 2100 Osmauldm.
624 2071 697 2104 quod
719 2078 793 2104 spem
810 2072 850 2098 eis
866 2079 914 2106 op-

126 2116 261 2150 primendi
279 2117 354 2150 regni
372 2116 473 2143 Persici
490 2122 592 2144 certam
606 2117 727 2152 prmbere
741 2122 832 2151 queat.
850 2118 914 2145 Ideo

95 2186 98 2188 ν
125 2163 222 2195 majori
249 2163 361 2197 dig-nun
393 2163 587 2195 admiratione,
618 2164 691 2198 quod
720 2163 912 2193 insolentiores

943 942 946 946 ι
969 927 1034 959 165,
1052 927 1098 954 sed
1113 927 1227 963 singulis
1245 922 1341 954 tatuen'
1353 931 1486 962 praeterea
1512 925 1648 960 peculiare
1663 925 1748 960 quod-

964 973 1025 1000 dam
1040 973 1127 1002 fuisse
1148 977 1247 1001 nomen
1266 982 1273 1006 ;
1297 973 1422 1007 adeoque
1445 973 1581 1000 devictum
1614 972 1687 999 hunc
1717 970 1749 997 ab

961 1019 1082 1046 exercitu
1100 1019 1209 1047 Selituis
1236 1019 1410 1047 Ustazelvcm
1428 1018 1514 1046 fuisse
1526 1017 1748 1050 vocatum,cujus

963 1064 1034 1091 [ilius
1055 1064 1135 1093 fuerit
1161 1065 1356 1100 Ustazeluogli,
1371 1071 1517 1099 supremus
1534 1063 1597 1091 belli
1613 1063 1665 1090 dux
1678 1062 1747 1096 apud

962 1109 1101 1136 lsmailem
1138 1109 1301 1144 Sophinum,
1331 1110 1379 1145 qui
1405 1108 1564 1136 Zalderanis
1591 1107 1617 1134 in
1644 1107 1747 1142 campis

963 1155 1102 1182 occubuit.
1120 1154 1188 1183 Hinc
1205 1147 1287 1190 itﬁtur
1300 1155 1488 1183 emendandus
1518 1153 1624 1185 Jovius,
1641 1157 1668 1180 et
1699 1161 1747 1187 pro

964 1199 1086 1236 Ustaogli
1120 1201 1306 1236 reponendum
1338 1200 1463 1229 Ustazelu
1480 1200 1555 1236 ogli:
1583 1206 1747 1233 rursumque

963 1253 1012 1280 pro
1045 1246 1202 1282 Costagelu,
1251 1246 1414 1274 scribendus
1451 1243 1590 1281 Ustagelu.
1619 1243 1748 1271 Planities

962 1292 1094 1320 Zalderan
1113 1293 1213 1328 legitur
1231 1293 1257 1320 in
1274 1292 1428 1325 annalibus,
1445 1291 1493 1327 qui
1508 1290 1587 1319 Jovio
1600 1294 1747 1319 suntcatu-

963 1338 988 1372 pi
1004 1338 1161 1366 Calderani.
1172 1338 1248 1367 Situs
1263 1338 1362 1367 horum
1378 1345 1410 1366 ex
1436 1345 1468 1365 eo
1487 1336 1648 1372 percipitur,
1675 1335 1747 1370 quod

962 1384 1122 1414 dimicatum
1137 1385 1220 1413 tradit
1236 1385 1309 1413 idem
1325 1392 1380 1413 non
1400 1383 1495 1419 procul
1517 1390 1531 1410 a
1547 1382 1658 1411 civitate
1667 1382 1747 1413 Choi,

963 1439 1021 1466 qua:
1051 1431 1149 1466 priscis
1176 1431 1305 1459 Artaxata
1338 1430 1421 1459 fuerit
1461 1429 1546 1457 dicta.
1576 1427 1748 1462 Malenzoglis

963 1478 1022 1505 sive
1049 1477 1215 1506 Malcozides
1229 1478 1316 1513 prior,
1333 1476 1434 1504 Turcis
1457 1480 1499 1504 est
1521 1475 1598 1502 Thur
1625 1475 1665 1501 Ali
1687 1475 1748 1508 υθέ,

963 1521 1224 1558 JovioThurabeus,
1236 1523 1369 1551 vocabulo
1384 1523 1449 1551 hinc
1463 1522 1555 1550 itidem
1564 1521 1726 1557 corrigendo
1741 1529 1747 1547 :

965 1570 1033 1596 alter
1044 1570 1190 1604 Mahnmet,
1202 1577 1283 1605 quem
1301 1569 1413 1597 annales
1425 1576 1480 1596 non
1492 1567 1647 1595 nominant.
1664 1566 1747 1593 Turci

963 1616 1062 1642 vulnus
1097 1615 1229 1643 inflictum
1256 1614 1342 1643 fuisse
1369 1614 1469 1642 scacho
1487 1613 1624 1640 tradunta
1654 1612 1749 1639 Maleo-

963 1660 1144 1694 zide,.iovius
1160 1660 1216 1688 ictu
1242 1659 1463 1696 sclopetilaasum
1492 1659 1530 1686 ait
1552 1658 1605 1686 sub
1633 1658 1748 1685 humero

962 1707 1142 1738 sinistro.non
1159 1706 1281 1740 graviter
1311 1710 1415 1738 tamen,
1432 1709 1459 1732 et
1493 1704 1601 1731 incerto
1623 1703 1747 1730 vulneris

963 1757 1081 1778 auctore.
1104 1749 1175 1778 Orda
1189 1749 1288 1777 Turcis
1316 1753 1357 1778 est
1386 1748 1474 1776 0rdu.
1510 1747 1621 1782 Proprie
1638 1747 1746 1782 quidem

963 1797 1014 1824 hoc
1030 1797 1067 1823 uti
1081 1796 1214 1824 vocabulo
1226 1797 1314 1824 Solent
1335 1803 1383 1830 pro
1401 1794 1461 1822 foro
1494 1793 1626 1822 castrensi
1657 1801 1746 1820 rerum

964 1842 1110 1874 venalium,
1126 1841 1174 1869 sed
1189 1841 1296 1869 interim
1310 1841 1475 1876 generaliter
1485 1840 1566 1867 etiam
1583 1847 1633 1874 pro
1649 1839 1747 1867 castris
1766 1863 1770 1866 .

964 1896 1012 1916 seu
1032 1888 1137 1915 l‘ussato
1157 1888 1256 1922 potius,
1276 1892 1305 1914 ut
1337 1886 1455 1923 appellat
1472 1885 1527 1914 Leo
1549 1885 1665 1921 Sapiens
1693 1885 1748 1912 Au-

963 1939 1070 1970 gustus,
1085 1934 1218 1969 accipitur
1232 1941 1239 1960 :
1258 1934 1379 1968 itemque
1394 1940 1444 1968 pro
1459 1931 1545 1965 tuldo,
1565 1939 1623 1966 qute
1643 1931 1747 1960 Graecis

964 1988 1015 2007 vox
1042 1981 1069 2007 in
1110 1980 1237 2007 historiis
1266 1979 1413 2014 reperitur,
1449 1983 1477 2007 et
1501 1979 1533 2006 .in
1565 1979 1666 2007 Leonis
1690 1980 1746 2006 Λιι-

964 2026 1035 2061 gusti
1052 2025 1127 2053 libro-
1139 2025 1179 2052 De
1199 2025 1299 2052 bellicis
1316 2025 1488 2059 apparatibus
1512 2025 1553 2052 sic
1567 2024 1708 2056 deﬁnitur,
1718 2027 1748 2051 ut

965 2071 1160 2106 impedimenta
1177 2078 1298 2106 rasaque
1308 2071 1438 2103 tuilitum,
1452 2075 1480 2098 et
1495 2078 1590 2098 omnes
1601 2077 1644 2098 res
1654 2077 1748 2097 neces-

965 2118 1051 2145 sarias
1065 2118 1265 2153 complectatur
1280 2126 1286 2151 ;
1307 2118 1435 2145 nimirum
1451 2116 1584 2144 famulitia
1611 2116 1670 2144 sive
1683 2123 1743 2151 pue-

966 2171 1022 2196 ros,
1039 2168 1064 2190 et
1075 2163 1198 2198 jumenta
1227 2163 1285 2191 sive
1300 2163 1446 2199 sagmaria,
1462 2163 1624 2198 reliquaque
1638 2162 1747 2190 anima-

124 2208 265 2243 perpetuis
281 2208 413 2235 ltat‘lmus
434 2212 461 2235 et
480 2208 595 2236 infinitis
612 2216 696 2244 prope
718 2214 812 2236 contra
831 2217 912 2244 quos-
930 2218 949 2244 ι)
966 2211 1011 2241 lia,
1027 2210 1090 2237 etsi
1110 2214 1244 2245 przcterea
1259 2209 1297 2237 rei
1313 2210 1346 2237 ad
1366 2218 1445 2237 usmn
1461 2209 1556 2237 fossati
1574 2209 1675 2236 milites
1705 2216 1749 2234 se-

124 2254 168 2280 vis
182 2246 296 2288 populos
321 2253 385 2281 facti
403 2254 537 2286 victoriis,
564 2253 631 2281 nihil
656 2262 708 2282 uon
727 2255 752 2282 vi
769 2255 826 2282 sola
844 2263 911 2290 pra:-

124 2300 245 2332 polentis
261 2299 369 2334 imperii
389 2304 445 2327 tum
466 2304 650 2333 prosternere,
670 2305 726 2327 tum
752 2301 861 2329 diruere
882 2310 911 2329 se

123 2345 208 2380 583
224 2353 302 2379 posse
312 2346 452 2380 jactitanl.
478 2345 548 2379 Ergo
571 2345 683 2372 Routnani
711 2347 818 2373 tandem
838 2347 911 2374 illius

124 2391 237 2417 I’imlari
258 2399 351 2418 verum
377 2399 449 2423 esse,
480 2398 529 2418 suo
558 2398 619 2417 cum
647 2391 772 2423 interitu,
803 2392 911 2421 discant

123 2437 268 2464 (.raculum
284 2445 292 2465 :

206 2494 249 2522 Vis
266 2494 360 2521 consili
372 2502 464 2529 expers
473 2495 539 2529 male
553 2495 606 2521 ruit
622 2502 681 2526 sua,

204 2529 260 2564 Yim
275 2527 447 2564 temperatam
465 2527 611 2563 diiquaque
620 2529 764 2563 provehunt

199 2563 230 2590 Ιιι
246 2565 330 2599 majus
343 2573 351 2597 ;
372 2565 449 2591 iidem
467 2565 543 2592 odere
556 2565 622 2591 uires

199 2599 281 2626 Omne
296 2600 370 2634 nefas
386 2600 492 2628 omnino
526 2604 666 2629 moventes.

120 2655 188 2683 ‘295.
208 2655 313 2683 Selinu’s
331 2657 458 2684 adversus
480 2656 617 2684 lsmailem
636 2655 783 2690 Sep/linunt
803 2658 911 2690 expedi-

163 2692 199 2717 Iio
210 2699 220 2718 .'
236 2693 357 2726 pra-lium
374 2693 401 2718 in
415 2693 523 2726 planitie
536 2692 707 2719 Zalderana':
720 2691 811 2719 lat-ius
826 2700 912 2719 cmen-

161 2725 255 2758 damr,
273 2726 363 2756 0rdu.
382 2725 466 2759 omni,
484 2727 638 2760 Fossatunt,
659 2726 782 2760 Tuldum,
809 2727 910 2760 Tebris,

161 2761 301 2793 Snllant'a,
317 2761 446 2789 Kenmch.

162 2806 251 2842 Hujus
268 2807 331 2835 belli
350 2815 441 2836 causa:
455 2809 642 2844 intelliguntur
658 2818 690 2838 ex
708 2809 836 2837 indicatis
863 2818 911 2836 ca-

125 2853 184 2888 pite
197 2853 374 2889 praecedenti,
390 2855 423 2883 de
434 2858 703 2892 receptoprmsertim
719 2857 840 2889 hospitio
856 2856 910 2882 Mu~

962 2263 1023 2283 cum
1040 2257 1153 2286 vehunt,
1164 2256 1284 2283 trahunt.
1297 2255 1425 2282 Germani
1440 2255 1572 2282 Trossum
1589 2253 1746 2288 appellant.

964 2301 1023 2328 ll.cc
1036 2302 1145 2336 proprie
1153 2309 1205 2328 vox
1219 2301 1305 2328 hocin
1321 2301 1380 2329 loco
1400 2300 1524 2328 'l‘urcicze
1550 2299 1623 2327 0rdu
1638 2307 1749 2334 respon-

962 2348 1017 2375 det.
1033 2346 1146 2379 Notum,
1163 2347 1234 2381 apud
1247 2346 1364 2373 Tataros
1381 2346 1486 2376 aulam.
1502 2354 1550 2373 seu
1569 2350 1671 2375 castra.
1698 2352 1748 2372 seu

962 2393 1120 2420 eo-uilatum
1136 2393 1255 2419 chanum
1282 2392 1341 2419 sive
1372 2399 1465 2426 regum
1482 2391 1610 2426 appellari
1640 2391 1747 2418 m'danl.

967 2439 1045 2474 Apud
1059 2439 1249 2466 Belvaccuseut
1261 2437 1380 2466 Joannes
1391 2437 1425 2465 de
1440 2434 1526 2465 Plano
1537 2437 1629 2471 (Iarpi,
1643 2438 1750 2471 legatus

965 2485 1102 2520 pontiﬁcis
1115 2485 1147 2511 ad
1164 2484 1410 2517 ’l‘ataros,curiam
1426 2483 1704 2518 regisintcrpretaur,
1723 2487 1750 2510 et

962 2530 1109 2557 stationem
1127 2529 1305 2564 imperatoris
1327 2536 1359 2556 ac
1373 2528 1536 2564 principum,
1555 2528 1673 2562 itemque
1690 2531 1750 2554 ten-

962 2577 1062 2603 torium
1081 2575 1168 2602 ducis.
1187 2575 1239 2602 Sed
1256 2575 1312 2608 hic,
1334 2579 1364 2601 ut
1377 2574 1508 2607 diximus,
1524 2573 1628 2601 tuldum
1647 2573 1749 2601 Persici

963 2623 1036 2657 regis
1052 2622 1078 2649 in
1096 2622 1215 2656 pra-dam
1232 2622 1352 2649 cessisse
1367 2621 1466 2648 Turcis
1497 2620 1683 2655 intelligitur:
1709 2618 1748 2646 uti

963 2676 1023 2694 mox
1039 2668 1119 2694 etiam
1131 2675 1160 2694 se
1171 2667 1264 2700 utitur,
1292 2675 1371 2694 unam
1387 2675 1418 2694 ex
1433 2666 1549 2694 lsmailis
1573 2666 1705 2693 uxoribus
1721 2665 1748 2692 in

963 2714 1028 2740 orda
1046 2713 1131 2740 fuisse
1146 2717 1264 2746 captam.
1285 2711 1380 2739 Solent.
1395 2713 1468 2739 enim
1488 2712 1631 2744 mulieres,
1655 2711 1677 2739 si
1690 2717 1748 2744 qua:

963 2763 1118 2795 sequuntur
1126 2765 1228 2787 castra.
1242 2759 1308 2786 tuldi
1323 2767 1384 2793 pars
1394 2766 1465 2786 esse.
1478 2759 1514 2785 De
1531 2757 1657 2785 chrisio
1666 2762 1748 2790 supra

964 2806 1088 2841 quaedam
1104 2805 1282 2841 cxpusuiuuts
1297 2813 1358 2840 cap.
1386 2806 1446 2832 187.
1463 2803 1602 2831 Ptolemaei
1633 2803 1747 2830 Tcrvam

965 2859 1037 2884 csse,
1054 2850 1176 2886 plerique
1195 2855 1301 2885 putant,
1318 2855 1344 2877 ct
1361 2849 1538 2884 lranspositis
1557 2848 1676 2876 fortasse
1703 2847 1748 2874 lit-
