1963 3067
136 130 184 163 885

711 131 905 162 PANDECTE
922 133 1021 164 IllS’l‘.
1041 133 1193 164 TUllClC.

1697 131 1750 167 886

135 192 204 220 rant,
233 187 426 215 animadverso
445 187 555 216 Selimis
584 187 721 220 instituto,
749 197 802 217 non
825 190 914 218 minus
929 195 951 223 Α
967 190 1105 225 plicando,
1122 198 1185 219 cum
1199 191 1279 220 modo
1295 198 1423 227 magnum
1440 192 1635 225 mariscallum,
1666 195 1750 221 modo

136 232 262 268 [EgyptiL
271 241 351 267 quam
362 232 450 262 Persa:
459 233 598 261 interitum
611 235 770 268 qurerentis.
782 235 914 262 Prretcrea

136 279 258 306 stimulos
274 278 389 306 addebat
415 279 509 307 Solimi
526 279 608 307 Cheir
629 280 713 315 begus
729 280 822 315 llalupi
843 281 852 315 (
867 281 913 309 Jo-

136 325 192 351 vins
203 329 230 351 et
245 324 292 351 alii
312 324 488 358 Cajarbeium
501 333 556 353 non
581 330 657 353 recte
673 327 793 360 vocant),
807 327 852 360 qui
865 335 916 354 suo

136 377 193 396 cum
209 370 321 397 sultano
334 370 494 399 inimicitias
517 378 662 403 exercens,
681 371 852 399 deiecturum
883 373 916 400 ab

136 423 166 441 eo
177 422 206 442 se
217 415 370 448 nuntiabat,
385 416 409 444 si
423 416 535 451 propius
548 417 582 444 ad
602 416 734 451 Halcpum
750 426 809 445 cum
839 426 917 446 exer-

136 462 187 488 citu
201 461 315 489 Selimes
330 463 502 490 accessisset.
514 463 629 491 Cansavi
647 463 730 491 Gauri
760 471 857 491 nomen
876 469 917 492 est

136 507 233 534 sultani
261 507 401 535 Cairensis
432 507 460 535 in
489 508 634 536 annalibus
667 509 742 536 hisce
774 509 916 542 Turcicis,

136 553 179 587 qui
205 554 306 581 nostris
330 559 461 589 corrupta
495 562 560 582 voce
595 555 753 583 nominatur
779 555 916 591 Cantpson

135 599 261 627 Gaurius.
279 599 357 628 llunc
374 600 490 628 Selintcs
507 601 600 636 pradio
621 601 697 635 vicit,
712 603 740 629 in
763 610 818 638 qtto
832 603 918 631 sulta-

137 653 186 672 nus
232 647 290 680 ipse
318 654 406 674 caesus
437 649 577 675 erudiuit.
609 647 763 675 Cairl‘einm
790 657 916 684 quoqttc,

136 690 176 717 vri
198 690 324 719 Cheirem
352 693 461 728 begum,
489 696 540 721 hoc
556 695 649 729 praclio
676 695 823 727 cecidisse,
839 695 916 723 Gen-

137 736 216 764 lr.ens
244 738 355 765 tradidit
379 747 387 765 :
413 739 455 766 cui
476 744 566 767 tamen
596 740 726 775 deinceps
738 740 855 776 [Egypto
874 749 919 768 ca-

136 786 177 816 pta
199 782 327 810 ΞυΙίιιιοιιι
354 785 564 814 commendasse
589 785 752 820 Cairum,in
770 787 812 814 his
835 794 920 814 anna-

136 828 205 856 ldius
220 837 346 864 expresse
360 830 521 865 legiturane
537 831 693 860 Mamelucis
702 833 809 860 abunde
824 832 919 861 Jovius
954 854 958 858 .

966 236 1125 271 praefectum
1141 238 1182 265 vel
1199 238 1383 270 admiralium,
1397 238 1478 266 modo
1500 246 1628 274 magnum
1650 241 1750 268 stabuli

967 283 1096 310 comitem
1114 283 1322 319 interpretatur,
1338 285 1385 319 qni
1397 285 1557 313 Gmcornm
1571 287 1598 313 in
1611 287 1682 314 aulis
1693 293 1752 314 erat

966 327 980 353 6
994 327 1081 361 μέγας
1098 329 1286 361 κονοσταῦλος.
1311 331 1339 358 Si
1365 330 1446 359 Petro
1462 331 1585 366 Martyri,
1600 337 1629 358 ιιι
1644 333 1752 360 oculato

967 374 1042 405 testi,
1071 374 1137 402 lidcs
1171 375 1306 408 habenda,
1334 377 1379 411 qui
1412 376 1486 404 hunc
1511 377 1655 412 praefuisse
1683 378 1753 404 dicit

966 419 1150 447 exercitibus:
1168 421 1248 448 fuerit
1263 422 1367 450 scilicet
1382 423 1406 451 is
1431 423 1503 458 apud
1531 423 1673 458 Egyptios
1699 423 1751 451 Ulu

967 463 1115 497 Duveidar,
1127 465 1172 499 qui
1189 465 1319 494 Serasker
1333 475 1405 496 nunc
1422 470 1491 503 apud
1523 468 1628 496 aneos
1640 473 1692 502 est,
1708 474 1754 496 aut

967 509 1013 543 qui
1029 510 1114 544 μέγας
1132 511 1194 545 δούξ
1207 513 1277 547 apud
1293 513 1403 541 Graecos
1427 515 1605 549 imperatores
1634 516 1698 542 olim
1713 515 1754 542 di-

967 555 1088 583 cebatur.
1104 557 1172 585 Nam
1191 559 1280 593 μέγας
1304 561 1545 596 στρατοπεδάρχης
1561 569 1623 589 esse
1636 569 1688 588 non
1706 569 1754 596 po-

970 607 1032 635 test,
1048 609 1129 636 quem
1147 610 1246 638 pra-tor
1266 605 1481 634 Grmcimnoster
1506 614 1567 633 cum
1592 607 1754 640 beglerbego

968 653 1118 720 Somparat.
1141 650 1204 685 Ejus
1222 651 1300 679 verba
1315 652 1440 686 superius
1468 653 1605 687 exscripta
1617 653 1753 687 Iegunlur,

986 695 1058 720 aoite
1076 695 1120 720 66.

986 695 1058 728 apite
1076 695 1120 722 66.

968 749 1031 778 209.
1045 749 1154 777 Melicul
1170 751 1277 782 Umem,
1296 752 1437 781 Zambcnli
1454 754 1556 785 (.‘asult'.
1573 755 1657 785 Gaza.
1674 753 1755 781 Zozi-

1065 794 1123 813 ntus
1141 786 1266 820 Gazn'us.
1281 787 1380 821 Remle,
1398 789 1494 822 Ratira,
1512 790 1662 818 Ramntola.

1008 830 1172 860 Vocabulum
1183 832 1290 861 Melicul
1304 834 1402 862 Umera
1417 843 1514 863 nomen
1529 836 1589 869 ejus
1602 835 1682 863 ollieii
1699 835 1756 862 sive

135 879 159 900 et
173 875 218 901 alii
230 876 377 910 scripsere,
397 885 458 912 quae
473 878 569 913 paucis
588 878 723 906 duntaxat
739 880 917 918 attingamus.
933 872 955 901 Β
969 876 1111 912 dignitatis
1126 877 1238 906 denotat
1251 879 1365 907 Arabica
1377 880 1481 915 lingua,
1497 880 1634 915 quondatn
1652 880 1753 907 Mame-

136 919 247 954 σοφίη-ε
259 923 310 950 sub
333 923 474 952 Friderico
488 923 509 951 ll
525 926 659 960 Augusto.
685 926 800 954 Duravit
822 934 918 955 eorum

136 967 251 995 sor-ictas
268 970 306 996 vel
324 970 390 997 ordo
410 978 472 998 cum
488 971 601 1006 imperio
612 972 665 1000 300
677 973 740 1007 plus
760 973 852 1000 minus
867 980 918 1000 an-

137 1013 186 1040 nis.
203 1014 303 1041 Nomen
327 1016 416 1051 ipsqu
433 1017 571 1052 signiﬁcat
595 1019 723 1050 militem,
742 1019 790 1052 qui
815 1019 919 1054 stipen-

136 1059 177 1086 dia
199 1060 273 1088 facit.
291 1062 322 1088 Et
340 1063 490 1090 militabant
508 1064 631 1096 sultano,
654 1065 849 1100 perpetuisth
864 1066 920 1093 bel-

138 1106 170 1133 li»;
185 1107 393 1141 exercrbanlur,
412 1110 550 1143 equestris
568 1110 605 1137 rei
635 1111 786 1145 praesertim
812 1111 920 1144 peritis-

138 1153 208 1180 simi.
220 1153 350 1182 lilorieute
365 1156 477 1182 sultano
493 1156 649 1190 deligebam
668 1158 753 1184 alium
773 1165 788 1185 e
805 1165 920 1192 corpore

138 1199 194 1226 sive
217 1200 333 1233 collegio
350 1209 412 1234 suo,
427 1201 521 1230 liberis
533 1202 685 1240 Stillragiis.
699 1203 781 1239 485
798 1203 922 1231 Plerum-

139 1253 191 1279 que
204 1251 292 1274 tameu
312 1248 427 1275 emirnm
444 1248 589 1284 majorum,
610 1250 656 1284 qui
673 1257 788 1278 nurnero
803 1254 921 1284 quatuor

140 1297 228 1325 erant,
248 1293 413 1321 auctoritate
441 1295 627 1330 dignitateque
650 1296 761 1323 sultano
791 1297 919 1331 proximi,

140 1338 209 1364 ratio
225 1338 317 1366 haberi
330 1340 445 1368 solebat.
463 1341 572 1369 Electus
587 1342 685 1377 cuique
700 1342 850 1369 lllamelnco
861 1350 923 1370 eeo.

139 1385 197 1410 tum
216 1385 379 1419 seraphinos
397 1394 447 1421 pro
462 1387 589 1415 felicibus
606 1389 737 1422 auspiciis
753 1389 857 1422 imperii
875 1389 923 1415 do-

140 1429 235 1458 nabat.
249 1431 351 1460 Omnes
364 1434 522 1461 necessario
535 1434 574 1461 vel
583 1434 733 1462 Christiani
743 1441 830 1467 erant,
841 1435 881 1463 vel
891 1443 923 1462 ex

141 1475 306 1505 Chrisrianis
325 1480 485 1512 parentibus
500 1481 555 1507 nati
573 1489 580 1513 ;
597 1489 646 1508 nec
666 1481 692 1508 in
708 1481 832 1508 ordinent
843 1489 921 1509 suutn

141 1522 181 1548 vel
191 1523 353 1555 Arahcs,vel
363 1525 523 1559 Saracenos,
533 1527 590 1554 sive
600 1527 718 1560 Mauros,
729 1527 769 1555 vel
779 1527 921 1559 Hebraeos,

140 1568 182 1595 vel
198 1568 303 1597 Turres
319 1571 505 1600 admittebant.
531 1573 616 1609 Major
638 1582 732 1601 eorum
751 1582 814 1609 pars
826 1582 841 1602 ο
861 1574 924 1602 Cir-

140 1614 228 1641 cassis
241 1615 395 1645 Constabat.
414 1616 439 1643 in
460 1618 576 1652 pueritia
590 1619 689 1652 raptis,
705 1623 752 1646 aut
771 1619 857 1654 pretio
867 1619 925 1647 dis~

139 1660 248 1687 tractis.
267 1660 330 1688 Eam
343 1663 376 1688 ob
386 1670 497 1690 Causam
515 1662 615 1691 Zercas
625 1664 682 1691 sive
697 1664 798 1692 Cercas
816 1672 925 1699 quoque

140 1712 273 1734 vorantur
300 1716 313 1735 a
331 1708 440 1740 'l‘urcis.
468 1711 502 1737 oh
516 1711 708 1738 Circassorum
734 1711 805 1738 inter
822 1711 925 1740 Mame-

141 1751 218 1778 lncos
249 1754 414 1787 pra‘cipuum
443 1762 611 1783 numerum:
639 1764 699 1790 quae
724 1756 800 1784 natio
825 1764 923 1784 nomen

139 1798 460 1831 Quiuquemontanorum
482 1800 574 1832 habet,
610 1802 693 1829 lberis
713 1802 771 1830 sive
797 1802 925 1837 Georgia-

139 1845 183 1871 nis
199 1845 298 1872 vicina.

156 1902 221 1931 9.03.
240 1903 565 1942 Tontmatrbaipsultauus
588 1906 695 1933 ultimus
715 1906 835 1942 At‘gypti,
858 1905 909 1934 Ulu

354 1939 500 1973 Duveidar,
519 1942 585 1968 emir
602 1942 707 1974 Qui/air.

176 1984 262 2017 Quem
279 1989 434 2013 nostrorum
451 1986 572 2014 historize
587 1988 799 2016 Tomntnbeium
815 1993 925 2019 vocant,

141 2029 240 2058 Turris
250 2035 292 2058 est
305 2031 496 2064 Tommanbai,
510 2033 620 2060 nomine
636 2041 689 2061 non
718 2034 823 2062 vitiato.
847 2034 925 2067 Quod

140 2075 271 2109 cilicium,
291 2085 383 2111 qumve
407 2077 527 2113 dignitas
541 2078 623 2106 fuerit
650 2078 719 2113 ejus,
752 2080 798 2114 qui
827 2080 926 2107 dicitur

141 2122 186 2147 Liv.
201 2121 251 2149 liln
271 2122 415 2156 Duvcidar,
430 2132 461 2151 ex
477 2124 537 2158 ipso
563 2126 703 2155 annalium
724 2130 853 2153 contextu
885 2127 926 2153 in-

140 2168 286 2197 t-iligitur.
308 2169 391 2195 luitio
403 2170 644 2199 contmentationis
664 2171 757 2205 hujus,
768 2171 857 2204 capite
872 2175 926 2199 lcr-

971 922 1038 950 lucis
1055 923 1166 956 usitata,
1183 933 1243 959 (tua:
1258 926 1328 960 apud
1349 926 1452 954 Turcos
1478 931 1520 954 est
1538 927 1577 954 vel
1598 926 1752 961 beglarlwgi

970 968 1012 995 vel
1041 968 1092 1002 (uti
1117 969 1197 1003 vulgo
1223 970 1428 1005 pronuntiatur)
1453 971 1618 1006 beglerbegi,
1643 972 1695 999 hoc
1713 975 1756 998 cst

970 1013 1071 1041 domini
1095 1014 1196 1042 domini
1209 1015 1393 1048 dominorum,
1416 1017 1462 1050 qui
1488 1017 1633 1051 saugiacos
1652 1017 1757 1044 scilicet

971 1060 1093 1094 aliosque
1107 1060 1190 1094 begos
1203 1062 1255 1088 sub
1271 1069 1300 1089 se
1314 1062 1406 1089 habet.
1425 1062 1491 1089 Vide
1507 1063 1641 1098 prolixius
1665 1063 1755 1097 expli-

971 1108 1030 1131 cata
1044 1105 1134 1140 capite
1151 1106 1193 1133 l4.
1211 1106 1355 1134 Zamhcrdi
1374 1107 1476 1139 Gasali,
1493 1108 1596 1135 nostris
1620 1112 1664 1136 est
1682 1108 1755 1135 lam.

971 1151 1075 1179 bardus
1089 1151 1243 1180 Gazzelles.
1261 1153 1393 1188 Equidem
1405 1154 1537 1182 hactenus
1556 1162 1667 1189 operam
1683 1155 1757 1185 dedi.

971 1202 1001 1224 ut
1018 1198 1128 1226 minime
1143 1203 1273 1234 corrupta
1302 1201 1423 1231 nomina,
1459 1202 1607 1235 prtesertitn
1637 1201 1756 1237 propria.

972 1244 1088 1278 singulis
1103 1244 1130 1271 in
1146 1245 1247 1280 linguis
1264 1245 1383 1273 ederem.
1396 1246 1480 1278 Gaza,
1500 1247 1579 1281 cujus
1599 1248 1626 1274 in
1655 1247 1697 1275 his
1709 1255 1757 1274 an-

971 1290 1078 1317 nalibus
1091 1290 1170 1326 paulo
1185 1297 1247 1319 ante
1265 1292 1366 1318 mentio
1392 1291 1431 1324 lit,
1447 1296 1511 1320 nota
1533 1297 1575 1320 est
1607 1293 1757 1320 Palatstina:

973 1335 1078 1368 civitas,
1094 1345 1154 1372 qua:
1166 1337 1239 1365 viros
1255 1338 1377 1365 illustres
1397 1339 1501 1373 aliquot
1517 1338 1592 1366 dedit
1610 1344 1675 1366 uel.
1687 1339 1758 1367 inter

974 1383 1042 1411 alios
1052 1384 1191 1412 Zosimum
1205 1384 1344 1417 quzaeum,
1360 1390 1496 1412 oratorem
1521 1385 1707 1420 eloquentem,
1723 1386 1756 1414 li-

964 1434 1017 1457 .cet
1031 1438 1177 1465 paganum,
1191 1432 1237 1466 qui
1260 1436 1372 1460 necatus
1399 1433 1433 1459 ab
1463 1432 1626 1467 imperatore
1651 1432 1760 1460 Zenone

974 1477 1038 1510 fuit,
1058 1478 1167 1506 homine
1195 1479 1301 1506 crudeli
1332 1483 1360 1505 ct
1386 1479 1535 1514 malitiose.
1559 1479 1583 1507 ls
1598 1483 1641 1507 est
1669 1479 1760 1507 editus

975 1524 1080 1551 anobis
1110 1529 1207 1552 auctor
1231 1524 1354 1552 historia:
1376 1525 1502 1553 Zosimus
1531 1532 1635 1556 comes,
1660 1526 1760 1560 ἀπορρι-

977 1572 1186 1606 σκοσυνήγορος,
1205 1571 1275 1604 quod
1292 1579 1392 1599 nomen
1410 1571 1486 1599 illum
1504 1571 1650 1606 signiﬁcat,
1662 1572 1709 1607 qui
1726 1572 1760 1599 ll-

977 1615 1015 1643 soi
1031 1615 1178 1650 aliquando
1208 1615 1434 1643 iuitadvocatus.
1455 1616 1524 1644 Eum
1538 1615 1656 1644 Karulus
1680 1617 1761 1651 Sigo-

976 1663 1039 1689 nius
1067 1661 1098 1689 V.
1114 1661 1145 1689 C.
1177 1660 1296 1698 singulis
1327 1662 1489 1696 septimanis
1511 1662 1680 1697 pagellatim,
1697 1669 1759 1690 cum

976 1709 1114 1740 ederetur,
1134 1716 1148 1735 a
1170 1717 1212 1736 me
1232 1717 1279 1743 per
1305 1709 1475 1741 vercdarios,
1489 1716 1573 1744 opera
1600 1708 1672 1736 Petri
1695 1708 1761 1737 Per-

977 1762 1017 1781 nte
1032 1754 1171 1781 Boloniam
1201 1755 1308 1782 Basilea
1333 1754 1461 1787 missum,
1492 1754 1615 1782 historia:
1639 1763 1696 1782 sua:
1724 1755 1759 1782 de

977 1799 1091 1834 imperio
1108 1799 1266 1828 Occidentis
1278 1800 1406 1833 inseruit,
1420 1799 1493 1827 nulla
1514 1800 1639 1827 beneﬁcii
1656 1801 1760 1827 meich

977 1846 1059 1873 unico
1072 1847 1155 1873 verbo
1167 1846 1306 1873 mentione
1321 1846 1411 1873 facta:
1434 1847 1476 1873 cui
1493 1849 1581 1873 tamen
1600 1854 1673 1873 anno
1688 1846 1756 1874 l58l

977 1900 1007 1919 se
1026 1891 1145 1919 Bololtiac
1163 1891 1304 1925 invisenti,
1321 1900 1382 1919 eum
1399 1900 1430 1919 ex
1457 1892 1575 1919 Sabaudi
1600 1892 1679 1920 ducis
1700 1893 1761 1920 aula

976 1937 1133 1969 discedens,
1150 1938 1182 1964 ad
1216 1938 1420 1966 Ferrariensem
1447 1946 1510 1966 cum
1541 1938 1618 1966 ducis
1646 1939 1762 1974 Augusti

977 1983 1141 2018 Septemviri
1168 1983 1287 2012 Saxonis
1319 1984 1418 2020 legato,
1454 1984 1563 2012 Andrea
1588 1984 1682 2018 Paulo,
1704 1985 1763 2012 viro

977 2030 1146 2065 amplissimo
1179 2036 1207 2057 ct
1232 2030 1320 2057 amico
1361 2030 1504 2066 singulari,
1531 2030 1680 2058 comitandi
1701 2030 1762 2065 ejus

977 2084 1060 2104 causa
1077 2076 1278 2111 proﬁciscerer,
1292 2085 1405 2113 magnas
1433 2085 1499 2105 sane
1520 2077 1623 2112 gratias
1654 2077 1761 2112 agebat,

977 2123 1095 2157 ingenue
1109 2123 1230 2153 fatendo.
1249 2123 1360 2150 minime
1372 2131 1402 2151 se
1425 2131 1504 2150 suum
1531 2123 1597 2151 illud
1622 2124 1764 2158 opusabs-

978 2175 1031 2203 que
1048 2176 1107 2195 mea
1122 2170 1372 2196 communicatione
1390 2169 1503 2203 Zosimi,
1526 2177 1589 2197 cum
1616 2169 1696 2197 laude
1710 2178 1761 2204 pu-

140 2214 190 2244 ιὶιι,
212 2213 260 2241 Ulu
295 2215 452 2249 significare
481 2215 638 2244 notavimus
662 2217 814 2244 excelsum.
845 2217 926 2244 Petro
943 2221 967 2251 ί)
979 2214 1142 2241 blicaturum
1160 2214 1255 2242 fuisse.
1270 2214 1323 2242 Nec
1337 2215 1528 2242 dissimulabat
1543 2223 1583 2248 se,
1597 2222 1659 2242 cum
1673 2216 1701 2242 in
1718 2223 1762 2242 se-

139 2260 164 2286 .‘ll
177 2261 253 2296 trtyri
272 2260 470 2289 llediolanensi
486 2262 512 2289 in
530 2262 926 2297 descriptionelcgationisBa-

138 2307 269 2341 ltylonia‘,
289 2315 341 2334 non
356 2308 408 2335 Ulu
423 2307 571 2339 Duveidar,
591 2308 638 2336 sed
661 2309 732 2335 emir
755 2308 866 2336 Chemir
881 2316 929 2343 ap-

140 2354 269 2386 tellatur,
295 2354 369 2388 quod
388 2354 526 2383 Arabibus
557 2358 600 2381 est
614 2355 683 2381 cmir
700 2354 809 2388 Quibir,
835 2355 861 2382 id
874 2362 926 2387 est.

138 2407 257 2433 magnus
275 2401 354 2427 cmir.
372 2400 409 2426 Ea
427 2408 476 2427 vox
488 2409 503 2427 a
519 2401 597 2428 nobis
609 2401 698 2436 capite
725 2401 812 2436 primo
846 2402 928 2429 etde-

136 2446 212 2472 (‘itno
227 2450 325 2478 quarto
340 2447 468 2480 superius
486 2451 526 2474 est
542 2447 691 2481 explicata.
708 2447 809 2482 Martyr
821 2447 927 2481 adjicit,

135 2491 208 2518 cmir
224 2491 320 2524 Quibir
334 2500 397 2519 esse
422 2493 610 2527 magistratum
626 2494 743 2528 primum
760 2498 823 2528 post
838 2494 928 2521 solda-

137 2546 218 2569 num,
248 2539 329 2574 idque
350 2543 506 2574 propterea,
530 2540 602 2574 quod
628 2541 795 2568 exercitibus
825 2541 926 2574 praesit.

136 2584 212 2619 Ergo
229 2585 404 2613 Sansovinus
420 2590 447 2613 et
462 2586 507 2612 alii
521 2586 664 2618 falluntur,
684 2587 729 2621 qui
743 2587 825 2621 hujus
838 2588 865 2613 in
887 2586 927 2613 hi-

135 2640 151 2660 s
166 2633 233 2659 oria:
252 2633 454 2660 narrationibus
466 2640 498 2660 ex
517 2633 698 2660 Tommanhai
724 2633 775 2661 Uln
794 2633 928 2661 Dnveida-

136 2687 179 2710 re,
198 2679 239 2706 Vel
255 2680 340 2705 emite
352 2679 474 2712 Quibire,
488 2679 609 2707 fecerunt
621 2680 791 2707 admiralium
806 2680 926 2707 Alexan~

137 2723 216 2750 driat.
245 2723 390 2756 llcpcrilur
417 2724 499 2751 etiam
536 2725 607 2759 apud
636 2725 794 2752 Guttlrzeum
827 2725 929 2752 Derdar

137 2769 248 2801 (inii-ir,
257 2764 293 2795 ἰιι
302 2769 370 2802 apud
383 2770 519 2796 Andream
528 2770 715 2798 Carnbriniuut
729 2772 928 2803 lt'lorcntiuum,

138 2819 168 2842 ct
193 2814 272 2846 alios,
289 2815 576 2851 magnuqlﬁadal‘tus.
597 2815 749 2851 Utrumque
772 2817 929 2844 mutilatum

141 2867 175 2888 ex
194 2860 356 2888 Duveidarc.
368 2860 421 2888 Nec
437 2861 577 2890 Geuirmus
593 2863 643 2890 sibi
653 2868 757 2891 constat
777 2865 803 2890 in
816 2864 865 2891 hoc
883 2871 928 2890 οχ-

979 2260 1104 2295 pulcrum
1122 2269 1200 2287 sttutn
1218 2261 1268 2293 (sic
1292 2262 1365 2288 enim
1387 2261 1540 2296 appellabat
1554 2261 1761 2297 bibliothecam)

979 2313 1022 2331 me
1037 2306 1195 2338 deduceret,
1212 2306 1324 2333 [lentant
1337 2307 1488 2341 profectum
1520 2307 1632 2341 petiisse
1657 2307 1763 2342 copiam

978 2352 1029 2379 sibi
1048 2353 1104 2379 licri
1120 2353 1272 2387 perlegendi
1287 2353 1399 2385 Zosimi,
1416 2354 1463 2388 qui
1485 2362 1547 2382 esse
1577 2354 1717 2382 ferebatur
1736 2355 1764 2382 in

978 2397 1110 2424 Vaticana
1127 2407 1133 2425 :
1149 2407 1200 2425 nec
1225 2403 1314 2425 tamen
1334 2399 1359 2426 id
1375 2407 1389 2425 ει
1405 2399 1535 2434 Gregorio
1559 2399 1665 2427 decimo
1683 2401 1765 2428 tertio

980 2445 1009 2471 l‘.
1026 2444 1072 2474 Mn
1089 2445 1149 2471 licet
1165 2445 1295 2471 adhibitis
1319 2445 1548 2473 intercessoribus
1571 2446 1765 2475 illustrissimis

979 2498 1011 2517 ac
1026 2490 1107 2524 primi
1126 2490 1245 2518 nominis
1260 2490 1346 2517 etloci
1363 2491 1562 2523 cardinalibus,
1583 2491 1718 2520 Farnesio
1738 2497 1765 2520 et

979 2536 1097 2569 Estensi,
1112 2537 1195 2563 certis
1211 2536 1245 2564 de
1261 2537 1354 2564 causis
1374 2537 1521 2572 impetrare
1550 2538 1680 2572 potuisse.
1705 2539 1765 2571 Quo

980 2583 1050 2618 plus,
1063 2591 1110 2610 ore
1124 2588 1189 2610 tunc
1206 2583 1316 2618 quidem
1330 2583 1460 2614 rotundo,
1494 2584 1561 2611 mihi
1597 2592 1626 2612 se
1666 2585 1767 2613 debere

981 2631 1171 2666 proﬁtebatur.
1201 2631 1253 2658 Sed
1282 2631 1355 2658 enim
1369 2631 1403 2658 ad
1425 2631 1539 2659 annales
1555 2636 1585 2659 ut
1611 2619 1778 2664 redeamus?

979 2677 1050 2712 quod
1067 2678 1109 2704 hie
1134 2681 1302 2703 tuettmratur
1326 2677 1430 2710 licmle,
1456 2677 1583 2713 oppidum
1603 2677 1765 2710 Palmsu'nat,

979 2723 1071 2750 vat-ias
1090 2723 1287 2757 appellationes
1304 2724 1395 2751 habet.
1413 2724 1482 2751 Nam
1503 2728 1530 2751 et
1561 2724 1665 2756 Rctnle,
1694 2724 1766 2752 sicut

981 2770 1034 2801 hic,
1048 2766 1212 2802 cPl‘mnnua,
1231 2776 1255 2796 et
1271 2769 1364 2802 iiuna,
1379 2776 1406 2797 et
1420 2770 1560 2797 liammoia
1588 2770 1701 2801 Mauris,
1717 2770 1765 2804 qui

980 2817 1085 2843 Arabes
1102 2821 1176 2846 sunt,
1193 2824 1222 2842 ac
1236 2815 1361 2843 ﬁnitimis
1375 2815 1532 2843 nominatur
1547 2824 1553 2842 :
1580 2815 1652 2850 quod
1683 2823 1765 2842 voca-

982 2863 1074 2889 l'llllllll
1094 2868 1192 2889 tetram
1209 2870 1352 2890 art-nosam
1369 2861 1515 2893 signiﬁcat.
1546 2867 1571 2888 et
1584 2869 1598 2888 ει
1613 2861 1710 2889 Turcis
1724 2865 1766 2887 cst
