1963 3067
192 163 248 195 881

804 162 965 196 JOANNIS
982 165 1150 196 LEUNCLA
1156 166 1191 197 Vl
1199 166 1209 196 Ι

1763 163 1817 195 888

193 223 363 252 mutatumin
390 223 492 251 Remle.
525 223 610 251 Distat
641 224 734 250 decem
768 224 808 252 vel
833 225 976 252 duodecim
993 223 1015 252 Α
1031 225 1166 252 ltanenscs
1185 224 1226 251 vel
1239 223 1368 258 Epirotae.
1392 223 1626 252 Fccissctradunt
1652 224 1702 251 bus
1728 228 1817 251 trans-

194 270 257 306 plus
276 270 367 298 minus
381 269 542 297 milliaribus
552 269 682 296 Asiaticis
706 276 719 295 a
746 269 843 300 Gintl'a.
860 277 920 303 qua!
936 277 979 298 sa-

192 316 249 344 cris
265 320 304 344 est
322 316 433 344 Litteris
455 315 552 350 Joppe,
569 317 608 342 sic
626 315 659 342 ab
682 315 779 349 .lapeto
801 316 841 343 vel
865 315 980 351 anheto

193 362 277 394 dicta,
293 362 365 396 quod
380 369 478 389 versus
493 361 644 396 Europam,
664 361 697 388 ab
709 360 816 396 Japlteti
834 362 980 390 iiliisinha-

192 408 316 439 bitatam.
333 411 428 442 portus
437 407 496 443 eius
504 407 698 436 celeberrimus
714 413 826 442 spectet.

192 463 254 491 210.
278 462 494 494 Ουάσὶπιιιιπτρε,
520 463 618 494 Hrindi,
647 465 737 492 Messi!
756 466 823 493 Axn.
844 463 979 492 Iadsuua-

207 498 284 531 ntau',
297 498 378 526 (Συθεί
393 499 510 532 Salium,
522 500 605 531 Cuba.
619 500 722 532 Trulla,
734 500 806 528 Nam
819 500 961 527 dramicos.

226 545 343 574 Selimes
364 545 392 573 in
406 545 551 582 Egyptum
570 554 632 573 cum
647 547 770 574 exercitu
796 546 977 580 profecturus,

189 590 345 629 Meum
369 593 404 620 ab
430 592 628 629 Hierosolymis
653 600 707 620 mn
736 593 828 628 procul
859 592 977 623 abesset,

191 646 293 666 morem
310 644 487 674 tyrannorum
498 644 624 669 secutus.
636 638 736 673 quibus
750 638 776 666 in
808 646 855 666 ore
882 645 979 673 preces

190 684 231 712 h:e
241 689 373 720 perpetuo
390 690 465 717 sunt,
481 685 519 712 Da
534 686 598 712 mihi
625 686 730 719 fallere,
758 685 792 712 da
800 685 905 720 justum
918 692 980 711 san-

189 735 311 765 ctumque
343 731 436 763 videri,
459 731 595 757 civitatem
624 730 857 758 Musulmanorum
895 731 977 757 etiant

189 776 318 810 opinione
347 784 455 804 sacram
477 781 601 804 sanctam
617 777 736 805 invisere
768 777 864 803 voluit.
890 775 979 804 Περι-«ιι

188 823 262 850 enim
278 822 414 857 hodieque
432 822 585 850 Turcorum
603 824 629 850 in
642 823 742 850 animis
757 830 787 849 ea
803 822 860 850 sive
872 822 977 858 religio.

190 868 248 896 sive
261 869 434 903 superstitio,
464 873 494 896 ut
509 869 562 895 voti
579 869 632 902 rei,
650 868 760 896 Mecclta
790 876 839 896 sua
856 869 906 897 visi
922 873 977 899 ala,
995 882 1019 903 ην

190 923 245 942 tton
261 922 291 942 se
308 915 430 950 legitime
444 915 561 943 solvisse
589 920 684 943 votum
713 915 890 948 arbitrentur,
924 917 976 944 uisi

191 960 376 987 Bethleemam
404 967 524 995 quoque,
557 960 660 988 Christi
687 962 767 988 cunis
793 961 924 993 nobilem,
952 967 978 990 et

192 1007 406 1034 llierusalemam
424 1007 552 1034 adierint.
586 1007 690 1034 Vocant
706 1011 794 1034 autem
821 1008 978 1044 Hierosoly-

191 1060 245 1085 ma.
266 1053 306 1080 vel
325 1052 552 1086 llicrusalemam,
572 1054 663 1088 lingua
684 1061 733 1081 sua
750 1053 977 1087 Cuilsintaltarec,

190 1100 263 1134 quod
296 1107 396 1127 nomen
428 1100 564 1135 significat
592 1100 682 1127 locum
718 1101 892 1128 benedictum
937 1103 978 1129 vel

191 1145 335 1180 inclytum.
351 1145 521 1180 Vespcrtinm
552 1153 648 1181 preces
677 1144 775 1174 Turcis
801 1152 866 1174 sunt
891 1146 977 1175 lltindi

191 1199 297 1224 nemas,
317 1199 379 1227 qua
405 1192 536 1219 nimirum
567 1192 657 1220 medio
687 1192 881 1227 concipiuntur
910 1195 980 1220 inter

191 1237 333 1266 meridiem
351 1243 377 1265 et
403 1244 534 1266 occasum
552 1239 621 1266 solis
649 1240 750 1274 spatio.
768 1239 898 1274 Concepit
931 1239 979 1267 has

192 1283 218 1310 in
232 1284 327 1312 messit
348 1291 410 1318 sxa,
428 1284 454 1312 id
470 1288 511 1312 est
529 1285 554 1311 in
576 1285 635 1312 alba
651 1286 774 1317 mcssita,
801 1285 859 1312 sive
877 1285 978 1319 templo

191 1328 320 1357 Turcico.
336 1329 504 1364 Nocturnas,
525 1339 586 1366 quae
609 1330 796 1359 ladsunautasi
816 1331 913 1360 Turcis
929 1339 978 1366 ap-

192 1375 350 1409 pcllanturp
367 1381 394 1402 et
420 1376 564 1404 intervallo
594 1377 682 1404 medio
712 1377 766 1404 dici
791 1378 879 1405 Sulclll
909 1378 979 1404 inter

192 1427 320 1448 occasum
333 1420 400 1448 solis
418 1424 447 1448 et
468 1421 584 1448 mediam
598 1426 718 1454 noctem,
743 1422 847 1457 peregit
878 1423 905 1449 in
923 1421 978 1449 Cu-

194 1466 236 1493 bei
266 1465 382 1499 Saliare,
414 1467 472 1494 sive
502 1467 606 1495 Scitam
634 1476 641 1495 Ζ
667 1469 801 1496 voeabula
831 1468 978 1496 denotante

193 1513 324 1547 templum
341 1513 367 1540 in
384 1514 506 1548 spatiosa
522 1514 604 1541 situm
623 1521 699 1548 arca,
714 1519 741 1543 et
765 1516 809 1542 cui
839 1515 977 1549 fastigium

1034 270 1137 305 l'ugium
1153 272 1184 297 ad
1210 270 1297 297 civem
1324 270 1539 305 popularemque
1567 278 1659 300 suum.
1688 270 1815 296 Sinaneut

1033 317 1154 349 ltassant,
1181 318 1259 352 eique
1277 317 1391 344 consilia
1409 317 1508 344 sultaui
1532 317 1650 353 [Egyptii
1669 325 1728 344 cum
1751 317 1816 344 iusi-

1032 363 1084 390 diis
1096 364 1240 391 detexisse.

1030 410 1092 437 ‘Zli.
1107 409 1186 444 Regio
1197 410 1267 442 Sail,
1281 410 1392 446 xii/gitti
1406 418 1484 444 pars;
1498 409 1634 445 Aytltouus
1650 410 1815 436 emendatus.

1067 456 1142 489 Quod
1162 456 1256 483 urbem
1272 456 1383 483 Cairum
1398 456 1513 491 ingrcssi
1531 457 1661 483 dicuntur
1673 455 1816 483 Selimiani

1032 502 1144 535 milites,
1174 502 1200 528 id
1230 501 1330 529 factum
1361 502 1438 530 aiunt
1466 502 1513 529 alii
1531 509 1578 537 per
1604 504 1662 529 eam
1698 506 1815 536 tortam.

1031 552 1112 581 quam
1156 546 1242 575 nostri
1284 547 1448 576 Bassuellam
1497 552 1617 579 vorant,
1646 551 1674 574 et
1701 547 1733 574 de
1760 555 1813 581 qua

1031 593 1110 628 paulo
1137 597 1196 628 pOst
1227 593 1342 627 amplius
1373 600 1496 628 agemus.
1523 592 1606 627 [legio
1632 592 1716 620 Sahid
1732 592 1817 620 Joan-

1032 639 1058 666 ui
1075 638 1158 666 Leoni
1185 639 1305 667 Africani
1333 641 1462 675 superior
1494 639 1628 675 Egyptus
1651 645 1703 673 est,
1735 648 1815 676 quam

1031 685 1180 713 Thebaidis
1208 687 1378 721 provinciam
1407 687 1503 715 dixere
1532 691 1649 717 veteres.
1674 687 1816 723 Aythonus

1032 732 1122 766 capite
1144 731 1188 762 54.
1205 736 1234 759 ιιι
1248 732 1330 760 etiam
1348 733 1461 761 annales
1476 733 1502 761 hi
1518 732 1640 766 Turcici,
1654 741 1707 760 non
1722 731 1816 762 Saltid.

1031 779 1077 804 sed
1098 777 1166 810 Sail,
1194 778 1263 805 hanc
1293 779 1431 814 appellat,
1449 785 1477 807 ct
1496 780 1610 813 primum
1631 786 1662 806 ac
1683 778 1813 814 majorem

1031 823 1068 857 (id
1087 830 1139 854 cst,
1155 825 1314 860 maximam)
1337 825 1445 861 Egypti
1471 826 1639 861 provinciam
1658 825 1723 852 facit
1739 835 1745 852 :
1760 833 1816 859 quo

1032 870 1091 896 loco
1107 871 1256 898 notandum
1272 872 1372 904 obiter,
1389 872 1536 900 secundum
1555 871 1720 906 provinciam
1743 872 1817 906 ejus-

1031 915 1212 951 dem/Egypti
1240 917 1339 945 vitiose
1368 919 1498 953 scrip:am
1526 918 1667 949 Domesor,
1689 926 1737 952 pro
1761 926 1816 953 quo

1031 963 1215 996 rep'tucuduut
1232 963 1291 990 sine
1308 963 1393 992 dubio
1409 963 1504 990 divisis
1521 964 1646 995 vocibus,
1657 962 1694 990 De
1705 962 1813 990 Moser:

1029 1007 1100 1040 quod
1112 1007 1160 1034 Gal
1173 1009 1213 1035 ira
1224 1008 1315 1043 plttasi
1326 1009 1434 1036 denotat
1446 1009 1612 1044 provinciam
1624 1009 1815 1038 ilescrcnsetit,

1031 1054 1082 1080 hoc
1098 1058 1139 1080 est
1156 1054 1272 1081 vicinam
1303 1054 1370 1082 urbi‘
1389 1053 1488 1088 Mescr,
1505 1063 1585 1090 quam
1601 1055 1702 1082 rectius
1726 1054 1815 1088 capite

1031 1099 1192 1134 prmcrdeuti
1220 1100 1339 1128 diximus
1364 1101 1498 1128 nominari
1524 1100 1625 1132 Miszir,
1642 1105 1688 1128 aut
1714 1100 1814 1127 Missir.

1031 1144 1131 1172 Ibidem
1155 1146 1250 1180 quinta
1268 1146 1408 1180 provincia
1431 1154 1491 1173 cum
1525 1146 1590 1173 utbc
1605 1146 1738 1178 Dautiata,
1760 1153 1814 1172 neu

1029 1197 1071 1219 est
1084 1191 1236 1228 .Eliopolis,
1253 1193 1287 1220 ab
1306 1192 1379 1220 [Elia
1394 1192 1536 1219 Pcrtinace
1551 1192 1674 1227 Augusto
1702 1191 1742 1219 sic
1768 1199 1815 1218 vo-

1029 1244 1101 1269 cata,
1122 1241 1194 1272 quod
1220 1238 1324 1266 auctori
1349 1238 1462 1264 Platiuze
1485 1237 1601 1265 credidit
1627 1237 1814 1265 ilcineccius:

1030 1285 1077 1313 Sed
1101 1284 1258 1318 llclinpo'is,
1282 1284 1359 1318 quasi
1390 1284 1455 1311 solis
1485 1285 1591 1315 civitas,
1617 1286 1645 1310 ιιι
1661 1284 1687 1310 in
1716 1283 1812 1310 eadem

1030 1330 1145 1366 Ᾱίμῃιιι)
1168 1330 1306 1364 quondam
1335 1333 1395 1357 erat
1415 1329 1600 1363 llcrntopvlis,
1629 1329 1754 1356 ΜιλΙὊΙΙΓῙῘ
1773 1330 1811 1355 ci-

1031 1377 1122 1408 vitas;
1142 1375 1297 1410 Pauopolis,
1322 1375 1406 1403 Panis
1429 1375 1538 1408 civitas,
1568 1379 1594 1403 et
1621 1373 1691 1402 aliis
1716 1383 1730 1401 a
1760 1375 1815 1402 dii.-

1030 1422 1088 1448 ali:e
1106 1422 1254 1448 neutiuataa
1271 1421 1458 1456 reperiuntur,
1475 1421 1559 1448 etiam
1577 1429 1592 1447 a
1607 1421 1731 1448 ridiculis
1758 1421 1813 1447 illis

1030 1467 1219 1502 AEgyptiornm
1247 1467 1406 1494 numinibus
1437 1467 1572 1499 quatdant,
1591 1470 1621 1493 ut
1654 1473 1668 1492 a
1697 1466 1812 1492 canibus

1030 1512 1178 1548 Cyuopolis
1196 1522 1202 1539 :
1221 1521 1236 1540 a
1252 1513 1335 1547 lupis,
1352 1512 1496 1548 Lycopnlis
1517 1522 1523 1540 :
1538 1521 1553 1539 a
1567 1513 1677 1545 felibus,
1704 1512 1800 1539 [Eluro

196 1558 356 1593 impositqu
388 1563 431 1586 est
464 1559 556 1587 formm
580 1561 714 1588 rotundae.
745 1561 810 1588 Tale
841 1561 977 1597 fastigium
994 1568 1016 1597 α
1032 1560 1113 1596 polis.
1132 1558 1227 1586 Plures
1244 1558 1315 1586 Elias
1341 1563 1436 1585 noster
1453 1559 1593 1586 Cretensis
1616 1558 1642 1584 in
1666 1557 1815 1584 Nazianze-

194 1604 321 1640 Evsgrio,
334 1605 460 1640 srriptori
476 1606 668 1634 ecclesiasticae
684 1607 817 1640 ltistot'i.t>,
841 1607 917 1638 ϐόλος
936 1606 977 1634 di-

194 1651 288 1677 citur:
306 1650 392 1678 Grreci
415 1651 594 1684 recentimes,
617 1656 646 1679 ut
667 1652 800 1686 Zonaras,
833 1653 978 1684 Cedtinus.

194 1695 250 1728 alii,
264 1695 387 1724 Trnilum
402 1701 429 1723 ct
441 1696 561 1724 Trullaut
577 1698 718 1731 nominant
734 1708 740 1725 :
758 1699 795 1726 uti
809 1706 870 1726 cum
883 1698 977 1726 Gedri-

194 1748 246 1767 nus
260 1740 300 1768 ait
316 1741 427 1772 alicubi,
446 1741 567 1769 ’Eruilam
597 1748 698 1770 sancta:
717 1743 829 1778 majoris
855 1745 979 1772 ecclesiae

195 1787 330 1814 lnrnicant
357 1788 497 1816 corruisse
526 1798 532 1816 :
562 1789 662 1823 quibus
692 1792 719 1817 itt
753 1788 844 1818 verbis
875 1790 978 1817 l'rtruica

194 1833 334 1868 signiﬁcat
351 1834 495 1861 habentem
517 1835 632 1862 l‘urmani
651 1835 733 1868 furni,
755 1837 806 1863 hoc
822 1841 862 1863 est
878 1842 977 1863 rotun-

193 1879 267 1911 dam,
286 1887 340 1907 nou
361 1879 388 1907 iu
407 1881 515 1915 longum
533 1886 696 1915 porrectaut,
713 1882 870 1917 cujusmodi
901 1883 979 1910 tcrtis

194 1929 322 1960 roopeta
348 1927 447 1961 templa
465 1927 568 1955 Graecis
594 1928 655 1954 ναοὶ
682 1928 807 1963 δρομικοὶ
835 1933 978 1956 vocantur.

197 1973 252 2000 Vox
265 1972 350 2000 Cultei
367 1981 401 2000 ne
419 1973 493 2001 Italis
512 1974 622 2008 quidem
641 1978 682 2002 est
699 1974 800 2010 ignOla,
819 1975 901 2002 veluti
917 1983 977 2002 cum

196 2018 361 2046 Venetorum
377 2019 404 2046 itt
420 2019 565 2047 annalibus
589 2020 697 2053 legitur,
714 2028 787 2048 attito
807 2021 873 2047 l/tlil
890 2023 977 2056 ignem

194 2066 336 2093 rmssisse
347 2065 433 2092 cubas
446 2066 537 2100 templi
550 2065 643 2092 Sancti
657 2066 748 2098 Marci,
760 2067 869 2101 plumbo
881 2072 976 2094 tectas.

196 2111 358 2146 Intelligitur
383 2117 471 2138 autem
503 2112 556 2138 ltoc
588 2111 725 2138 annalium
757 2112 817 2138 loco
831 2120 878 2146 per
894 2111 978 2138 Cuin'i

196 2157 453 2192 Saltara,templum
475 2158 665 2184 Solomonium
695 2158 856 2185 hodiernum
884 2159 979 2185 Hiero-

195 2205 319 2240 solymis,
337 2203 410 2239 quod
425 2207 452 2230 et
468 2203 565 2230 cubant
588 2203 672 2230 habet
688 2203 835 2236 eiusmodi.
855 2203 980 2230 Turcicis

1033 1612 1097 1632 num
1123 1604 1239 1638 quodam
1258 1603 1317 1631 loco
1343 1605 1450 1631 recitat.
1476 1603 1628 1637 Corrigitur
1655 1603 1706 1631 hoc
1729 1603 1813 1630 etiam

1031 1651 1057 1678 in
1072 1651 1118 1677 illo
1134 1651 1193 1684 ipso
1206 1650 1322 1685 Aytboui
1337 1649 1435 1684 capite,
1448 1656 1509 1676 cum
1521 1649 1598 1682 dicit,
1611 1649 1704 1676 haberi
1717 1657 1814 1675 carnes

1031 1697 1176 1727 crastinas.
1193 1695 1323 1728 ltmdiuas,
1339 1696 1504 1731 gallinaceas
1515 1705 1521 1722 :
1534 1701 1562 1722 ut
1574 1695 1659 1723 lector
1671 1696 1816 1722 utalitcar-

1031 1751 1078 1770 nes
1090 1743 1255 1774 castronias,
1268 1742 1294 1770 id
1315 1747 1368 1773 est,
1387 1743 1556 1772 vervccinas.
1569 1749 1650 1776 quatn
1667 1742 1814 1770 crastinas.

1160 1790 1222 1816 ‘2l5.
1246 1788 1354 1816 Messila
1366 1789 1437 1815 diota
1451 1788 1579 1816 Chamnis
1593 1788 1680 1815 lauti.

1065 1837 1208 1863 Auctorem
1225 1835 1306 1868 hujus
1327 1835 1445 1862 messim.-
1472 1835 1529 1862 sive
1553 1833 1643 1868 templi
1674 1835 1815 1861 (Iaircusis

1030 1882 1181 1909 Cltasaucut
1201 1886 1298 1909 vocant
1313 1881 1426 1908 annales
1443 1881 1468 1907 lii
1485 1880 1608 1913 Turcici,
1626 1881 1727 1909 rectius
1749 1890 1813 1916 pro-

1030 1927 1075 1954 cul
1107 1927 1200 1959 dubio,
1227 1933 1307 1961 quatit
1337 1926 1379 1953 vel
1403 1925 1523 1953 Joannes
1554 1926 1714 1956 Fraxiueus.
1741 1929 1814 1961 apud

1030 1981 1110 2007 quem
1130 1973 1227 1999 lli-ssiu
1245 1973 1356 2006 legitur,
1369 1973 1410 2000 vel
1426 1972 1595 2000 llell’crichus
1616 1974 1642 2000 in
1660 1973 1812 2006 itinerario,

1031 2020 1074 2046 cul
1086 2019 1221 2047 scribitur
1234 2018 1348 2051 ilesseu,
1363 2026 1412 2053 pro
1425 2018 1542 2047 Cltasan.

1030 2075 1092 2103 2M.
1115 2074 1300 2101 Tommoubais
1317 2074 1503 2107 suspenditur;
1517 2073 1579 2106 ﬁnis
1597 2073 1669 2107 rupti
1685 2073 1815 2104 uillaniui

1192 2115 1216 2136 et
1231 2109 1449 2138 Mantelucorum,
1467 2109 1520 2134 Uub
1537 2108 1659 2135 Suweile.

1066 2156 1251 2184 Memorabilis
1269 2161 1310 2183 est
1327 2155 1416 2183 foedus
1432 2155 1475 2181 hic
1503 2154 1699 2182 Tomutanbais
1717 2156 1815 2182 interi-

1034 2210 1087 2234 tus,
1105 2208 1130 2230 ct
1145 2202 1254 2237 [Egypti
1280 2202 1419 2237 Syriazque
1434 2203 1606 2229 Sullanorum
1636 2203 1710 2236 ru-gui
1742 2203 1816 2228 linis.

197 2251 304 2286 templis
321 2249 493 2281 familiarem,
510 2253 537 2276 et
552 2249 748 2283 amplissimam
765 2250 836 2275 circa
853 2257 882 2276 se
905 2257 979 2282 cont-
996 2245 1016 2272 Β
1033 2250 1187 2280 Suspensus
1201 2247 1252 2274 fuit
1268 2247 1462 2274 Tontutanbais
1488 2247 1634 2273 undocimo
1651 2247 1694 2274 die
1712 2247 1815 2274 Itteusis

195 2297 325 2332 plectitur
340 2303 443 2323 aream.

194 2355 258 2382 211.
277 2353 378 2381 Rursus
394 2352 536 2414 {Et/riam:
549 2351 717 2414 sizebMatu'i,
735 2357 781 2386 pro
798 2349 934 2387 Egypt“:
955 2358 980 2380 ct

517 2403 526 2414 ι
541 2397 569 2414 ru
590 2406 594 2412 .
616 2396 655 2414 tis.

517 2396 655 2414 Λιγιυιυιιδ.

231 2437 287 2464 Cur
299 2435 418 2472 [Egyptii
435 2439 463 2463 et
485 2435 599 2468 Arabes,
628 2433 691 2460 olim
721 2434 824 2461 sultaui
842 2434 980 2461 Cain-ensis

196 2483 309 2515 subditi,
340 2483 518 2510 nominentur
545 2481 689 2515 Aithlopcs
702 2488 733 2508 ac
745 2480 843 2512 Mauri,
868 2488 883 2508 τι
904 2482 981 2515 nigro

196 2530 289 2556 colore
301 2536 458 2563 corporum,
477 2529 596 2555 diximus
617 2535 711 2563 supra,
729 2528 818 2562 capite
837 2528 894 2555 165.
914 2527 980 2555 Sau-

197 2575 312 2603 soviuus
328 2582 458 2609 expresse
475 2575 526 2601 hac
541 2575 567 2600 in
585 2574 710 2605 historia,
722 2573 793 2601 Cairi
812 2574 870 2600 sive
890 2573 981 2600 Mimi-

198 2623 236 2650 ris
252 2622 293 2653 (ut
311 2628 383 2648 nunc
400 2620 530 2655 appellari
550 2621 640 2655 capite
654 2620 686 2648 61
719 2620 888 2655 notavimus)
906 2621 983 2647 inro-

198 2667 239 2695 las
267 2665 377 2693 Mauros
408 2670 498 2696 vocat,
531 2665 634 2699 vulgari
661 2666 866 2693 consuetudine.
898 2666 982 2693 Paulo

197 2713 278 2740 etiam
295 2715 357 2748 post
375 2710 498 2746 sequitur
515 2711 560 2737 ltic
578 2711 604 2737 in
627 2711 783 2742 annalibus,
799 2711 981 2745 interceptum

198 2760 232 2786 ab
254 2757 389 2787 Arabibus
405 2761 432 2784 et
459 2755 636 2789 Ethiopibus
660 2755 867 2787 Tommaubain,
888 2756 982 2783 Selimi

198 2807 282 2835 fuisse
298 2806 445 2842 proditum.
461 2804 596 2832 Cmterum
611 2804 758 2838 lranslugze
785 2799 918 2831 duntaxai
939 2805 983 2831 hic

199 2854 281 2881 unius
307 2852 491 2880 meminerunt
521 2849 633 2877 annales
654 2849 772 2882 Turcici,
791 2850 837 2877 sed
860 2849 983 2877 historici

201 2901 288 2930 nostri
301 2900 431 2930 duorutn,
447 2897 494 2934 qui
511 2896 653 2928 Mamcluci
667 2895 778 2930 fuerint,
805 2896 916 2923 natione
939 2896 983 2923 Al-

1033 2294 1144 2329 Aprilis,
1154 2302 1226 2321 anno
1242 2293 1397 2321 Christiano
1414 2294 1492 2325 lt‘il'i,
1505 2299 1533 2320 ut
1545 2294 1716 2321 Sansoviuus
1731 2294 1817 2320 aduo-

1033 2342 1109 2368 tavit.
1151 2341 1294 2375 Sumptum
1331 2341 1382 2368 hoc
1418 2341 1451 2367 de
1493 2341 1552 2374 ipso
1579 2339 1746 2375 supplicimn
1780 2339 1814 2366 ad

1032 2392 1136 2422 portam
1158 2387 1336 2419 Bassueliam,
1364 2392 1393 2413 ut
1421 2387 1492 2413 idem
1521 2387 1622 2416 retulit.
1648 2394 1710 2413 cum
1742 2386 1818 2420 prius

1032 2435 1187 2467 ignominia:
1207 2442 1288 2461 causa
1310 2434 1409 2468 laqueo
1425 2434 1458 2460 ad
1491 2434 1591 2460 collum
1608 2440 1739 2466 appenso,
1770 2439 1818 2465 per

1033 2482 1126 2506 urbem
1143 2478 1216 2506 mulo
1243 2478 1364 2505 insidens
1389 2478 1596 2504 citctuuduclus
1615 2476 1721 2503 luisset.
1751 2475 1819 2501 Pcu-

1033 2533 1110 2553 cerus
1125 2525 1267 2552 Basuelant
1289 2525 1373 2559 Syriae
1389 2527 1493 2558 portam
1515 2523 1648 2549 nominat.
1666 2522 1747 2557 437
1765 2521 1817 2547 Sed

1035 2572 1134 2599 melius
1154 2571 1266 2598 annales
1292 2571 1448 2597 indicavere
1467 2570 1557 2596 locum
1585 2570 1612 2596 in
1629 2569 1707 2595 urbis
1730 2568 1820 2594 umbi-

1034 2619 1097 2648 licn,
1114 2618 1158 2644 cui
1183 2625 1283 2643 nomen
1300 2617 1355 2643 Bal)
1370 2616 1481 2643 Subeile
1500 2615 1542 2642 vcl
1557 2615 1684 2646 Suweile,
1700 2622 1818 2649 quorum

1035 2662 1100 2690 illud
1113 2663 1250 2698 signiﬁcat
1266 2667 1383 2696 portam,
1400 2662 1452 2688 hoc
1468 2662 1595 2696 plateam.

1033 2721 1096 2747 illi.
1115 2718 1222 2747 Morbus
1239 2725 1262 2746 et
1277 2729 1346 2746 mors
1356 2719 1470 2749 Selimis,
1487 2720 1512 2745 in
1526 2719 1582 2745 loco
1599 2718 1687 2751 fatali,
1706 2717 1820 2751 Deliltler

1184 2756 1288 2785 dartar,
1312 2755 1418 2781 Beiram
1430 2755 1515 2789 majus
1530 2760 1554 2780 et
1570 2755 1668 2781 minus.

1072 2803 1108 2830 De
1134 2810 1203 2836 pago
1228 2801 1309 2828 inzua
1341 2801 1443 2827 dictuttt
1467 2800 1604 2835 superius,
1627 2807 1741 2827 numero
1772 2799 1820 2826 7L.

1037 2847 1094 2885 Non
1111 2848 1204 2882 procul
1217 2848 1294 2874 abest
1307 2855 1321 2873 a
1337 2846 1428 2878 Zorlo,
1445 2846 1502 2873 sive
1514 2845 1626 2878 Zurulo,
1641 2846 1699 2873 sive
1725 2844 1821 2872 Ciurlo

1036 2894 1116 2929 Jthi,
1139 2897 1170 2923 de
1186 2903 1240 2930 quo
1255 2895 1358 2921 dictum
1374 2893 1467 2920 itidem
1482 2893 1568 2928 capite
1581 2893 1616 2920 ‘26
1636 2898 1662 2919 ct
1681 2892 1739 2919 193.
1763 2890 1819 2918 Nec
