1963 3067
129 137 133 139 “
170 155 224 188 sse

745 162 941 192 PANDECTE
964 164 1067 196 IliST.
1082 165 1232 197 'i'URCIC.

1736 169 1789 199 890

170 213 276 249 lougea
291 213 390 241 Zurulo
403 215 486 243 distat
508 217 529 244 is
542 218 628 250 luens,
652 219 697 252 qui
727 218 821 246 Srlixui
861 220 950 247 futal.s
973 229 984 251 χ
1002 222 1151 250 Snleimani
1165 223 1321 256 solvissent,
1351 231 1406 250 non
1436 224 1516 251 modo
1531 232 1584 251 non
1597 229 1726 259 exceptus
1755 226 1788 252 ab

171 262 458 296 propterimpietatem
468 271 530 298 crgt
546 269 650 298 patrem
664 265 705 291 bis
717 266 877 297 exercitam,
889 274 955 299 pra:-

170 306 207 334 lio
214 308 408 337 c0tnmitteudo
423 316 579 343 venenoque
588 309 739 344 przcbendo.
749 310 782 338 de
788 319 842 346 qtto
851 311 953 338 dictum

169 354 258 388 capite
272 353 409 387 201,fuit.
436 355 470 382 Et
485 355 527 382 bis
545 355 597 381 hoc
622 356 683 383 loro
713 355 821 385 Turcici
847 364 954 392 quoque

169 398 289 427 fatentur
310 399 438 432 annales,
457 399 531 427 fatali
552 400 681 428 Selimcm
700 401 757 429 loco
776 402 846 429 diem
872 411 952 430 suum

169 444 280 472 obiisse.
295 444 411 472 Causam
431 446 525 473 Ittortis
537 447 629 473 attulit
641 447 665 474 ei
689 448 799 482 pustula
818 448 878 476 sive
893 456 953 476 ατη-ς

169 490 305 518 bunculus
323 491 463 524 pestilens,
496 496 525 519 ιιι
558 492 639 519 Turci
663 494 799 522 memoriis
822 494 952 528 produnt.

170 535 338 567 Sansovinus
353 545 385 564 ex
403 537 467 565 aliis
485 537 568 565 refert
583 539 688 573 plagam
715 538 801 567 fuisse
834 539 952 567 corrosi-

168 589 240 613 vam,
257 583 342 610 instar
357 586 501 621 gangrcnze
517 584 607 618 :quod
629 585 755 619 equidem
789 593 843 613 non
874 589 950 621 puto.

168 633 278 662 propter
294 628 431 655 interitum
457 629 565 656 Selimis
583 630 717 662 subitum,
730 638 792 657 cum
814 639 950 666 gangrena

170 673 306 701 tardiores
322 674 483 709 plerumque
502 682 668 710 progressus
699 675 791 704 faciat.
817 677 948 711 Dephter-

168 718 225 745 dari
240 719 298 746 sive
330 719 545 753 Dephtcrdalari,
573 724 637 747 sunt
661 721 703 747 vel
721 721 880 752 rationales.
907 722 950 749 vel

167 768 329 798 quaestores,
346 765 386 792 vcl
402 766 450 799 (uti
467 773 541 793 nunc
572 766 752 801 appellamus)
778 768 906 801 praesides
921 772 950 794 ct

167 810 314 842 consiliarii
329 817 452 838 cazuerze.
470 811 589 844 ltairam,
611 812 758 843 makimum
777 811 873 843 Turcis
909 813 950 840 fe.

166 861 236 882 stum
254 861 306 889 estl
322 856 408 885 instar
423 856 564 885 Pasoltatis
576 857 673 890 nostri,
688 859 761 893 quod
786 867 879 886 mense
896 859 948 886 Ra—

1005 280 1012 294 ι
1024 270 1045 295 i.
1063 270 1222 302 honorifice,
1238 278 1330 298 verum
1346 271 1428 299 etiam
1459 276 1592 299 tractatus
1606 277 1702 306 praeter
1718 273 1774 305 luga

1005 318 1093 342 torum
1105 316 1151 349 jus
1167 316 1256 343 fuerat
1272 325 1279 344 :
1297 317 1378 352 idque
1395 323 1548 352 propterea,
1565 319 1635 352 quod
1649 319 1788 346 vindicare

1005 368 1035 388 se
1050 361 1082 388 de
1094 362 1204 390 sultano
1219 362 1333 391 Turcico
1350 357 1460 395 vellent,
1494 364 1529 390 ob
1553 365 1732 397 ignominioso
1757 373 1788 392 ac

1004 407 1154 434 insolenter
1181 408 1287 436 habitos
1312 417 1326 436 a
1359 409 1459 436 Selitue
1489 411 1565 445 prius
1578 411 1681 442 legatos
1708 419 1785 438 suos.

1004 452 1187 487 Burgurdelen
1202 462 1266 482 vero
1275 454 1442 482 Soleimaues
1454 455 1660 490 praecipiendam
1673 457 1787 489 putavit,

1003 506 1037 524 nc
1055 506 1107 532 qua
1124 499 1197 526 Savo
1216 502 1339 527 secundo
1350 501 1581 535 Belgradensibus
1608 502 1739 532 obsessis,
1754 503 1786 529 ad

1003 552 1119 578 quarunt
1135 545 1158 571 is
1173 546 1273 573 omnia
1288 546 1414 574 Danubio
1424 547 1557 582 jungitur,
1588 547 1681 574 Venire
1697 548 1789 574 subsi-

1002 590 1046 615 dia
1060 596 1180 623 possent.
1195 591 1300 626 Quippe
1315 592 1499 628 Burgurdelen
1512 593 1594 620 Turci
1611 599 1708 620 vocant
1721 594 1787 620 illud

1003 632 1029 660 in
1041 635 1096 668 ripa
1110 634 1171 661 Savi
1185 636 1304 665 fluminis
1319 639 1459 672 oppidum,
1470 638 1541 672 quod
1556 638 1673 674 Ungaris
1684 639 1788 666 Sabacz

1002 687 1035 714 ap
1047 681 1164 712 tollatur,
1183 682 1301 709 cinctum
1317 685 1440 718 undique
1453 683 1535 716 Savo,
1551 685 1577 712 in
1589 693 1671 719 quem
1685 686 1787 712 Driutts

1002 726 1103 754 ilridetn
1135 735 1166 754 ac
1192 728 1340 757 Baconsius
1368 738 1464 757 atunes
1496 731 1622 757 inﬂuunt.
1647 731 1787 758 Bontinius

1001 771 1084 798 refert
1098 780 1169 799 anno
1182 773 1341 801 Christiano
1361 775 1430 802 1470
1447 775 1541 802 initam
1563 776 1647 803 fuissa
1673 776 1715 802 vel
1741 783 1786 802 oc-

1000 822 1105 850 ceptam
1119 818 1248 846 mdifirari
1267 820 1363 847 molem
1383 820 1484 851 Sabaz.
1503 820 1546 847 cui
1563 828 1660 847 nomen
1677 820 1786 847 Turcus

1001 862 1139 895 indidcrit,
1154 864 1193 891 uti
1204 864 1291 892 Salia:
1309 870 1462 897 vocaretur,
1474 867 1545 900 quod
1560 865 1674 893 Turcica
1694 867 1784 899 lingua

166 908 280 929 tuamne
291 902 440 935 celebrant,
456 910 511 937 quo
525 907 553 933 et
576 903 707 938 jejunium
724 912 803 932 suum
823 905 944 938 servarit,
962 895 984 926 Β
999 908 1123 935 mirabile
1137 910 1202 943 quid
1217 911 1361 943 signiticet.
1381 895 1508 946 intelligit
1526 913 1616 939 autem
1634 913 1717 939 Turci
1733 920 1783 938 no-

165 949 271 983 integro
288 956 383 976 mense
416 950 525 984 triginta
543 949 662 982 dierum,
677 958 691 977 a
705 951 865 984 crepusculo
890 959 946 978 tua-

165 994 263 1026 tutino,
278 1002 364 1029 usque
377 995 408 1021 ad
423 995 489 1022 solis
504 1002 644 1030 occasum,
664 995 731 1023 nihil
746 996 799 1023 cibi
831 1001 946 1031 potusvc

165 1045 303 1068 sumentes
320 1044 365 1069 :et
381 1041 507 1068 absoluto
521 1040 634 1076 jejunio,
648 1049 727 1068 suum
744 1042 796 1070 ltoc
825 1043 944 1074 Bairam.

163 1079 304 1112 Paschalis
320 1085 346 1112 in
366 1093 478 1117 merent.
491 1091 634 1123 peragunt.
648 1086 749 1122 Duplex
766 1092 854 1114 autem
883 1088 946 1115 Bai-

164 1138 220 1157 ram
238 1131 373 1159 Turcisin
388 1140 436 1159 usu
451 1137 502 1160 est.
521 1132 623 1165 Unum,
655 1141 748 1162 mense
777 1132 943 1167 Ramazane,

162 1176 196 1203 de
209 1184 261 1211 quo
272 1184 344 1204 nunc
362 1178 479 1212 agimus,
504 1178 615 1213 etqtiod
635 1178 732 1213 Bujuc,
759 1180 816 1207 sive
845 1180 942 1214 majus,

162 1226 208 1248 aut
229 1230 353 1257 magnum
383 1223 532 1258 appellant.
557 1222 622 1259 Ejus
649 1232 730 1259 supra
758 1225 942 1259 meminimus,

161 1268 250 1302 capite
265 1268 293 1295 Η
308 1273 334 1296 et
349 1270 393 1296 33.
410 1270 545 1301 Alterum,
565 1271 705 1305 sexaginta
719 1271 780 1306 plus
797 1273 888 1299 minus
910 1273 944 1300 ab

161 1314 213 1340 hoc
228 1314 323 1342 diebus
349 1316 517 1348 celebratur,
542 1320 569 1343 et
587 1315 804 1344 Chazilariorum
836 1318 942 1345 Bairam

161 1359 272 1391 dicitur,
289 1359 340 1387 huc
367 1365 409 1387 est
441 1360 641 1395 religiosorum,
669 1362 715 1397 qui
746 1364 943 1399 peregrinatio-

161 1412 223 1431 nem
239 1405 292 1432 voti
305 1413 369 1440 ergo
383 1407 548 1442 suscipiunt,
565 1409 598 1434 ad
612 1408 777 1436 visitandum
800 1409 942 1438 Mahumc—

161 1451 194 1477 tis
210 1451 348 1486 prophetat
362 1452 403 1480 sui
422 1453 579 1487 Sepulcrum
597 1454 788 1487 Meccltanum,
809 1460 838 1482 ut
852 1456 943 1484 indul-

159 1497 262 1530 gentias
273 1501 446 1532 peccatorum
459 1506 570 1526 suorttm
585 1499 646 1527 istic
662 1500 819 1535 impetrent.
837 1501 942 1536 Quippe

159 1542 250 1574 cretcri
267 1543 300 1572 ad
315 1543 396 1578 hujus
409 1543 628 1572 observationem
645 1545 754 1572 Bairani
771 1554 825 1573 non
843 1551 939 1577 teueu~
953 1561 977 1597 α

159 1593 212 1614 tur.
232 1587 346 1623 Ideoque
359 1589 462 1623 Cutzug
477 1589 583 1617 Bairam
603 1591 637 1622 ab
652 1591 693 1618 eis
720 1592 883 1626 appellatur,
900 1594 940 1621 uti

159 1634 257 1664 iustum
269 1636 418 1666 minus,aut
427 1641 550 1670 parvum.
559 1635 651 1671 Neque
662 1644 725 1664 vero
734 1637 784 1665 sibi
794 1639 941 1677 quidquam

157 1681 400 1715 adimpetrandum
424 1681 532 1708 veniam
575 1682 760 1712 admissorum
787 1683 940 1711 facinorum

157 1727 286 1762 prodesse
295 1731 388 1762 putant
396 1727 480 1755 solam
490 1727 628 1755 Mccchani
642 1729 734 1762 templi
746 1728 939 1764 visitationemI

158 1774 382 1803 ni.BetlL|eemam
398 1782 505 1811 quoque
530 1782 592 1804 cum
611 1774 807 1812 Hierosolymis
830 1777 939 1810 atleaat,

157 1823 195 1849 uti
212 1822 290 1856 paulo
306 1828 368 1850 ante
394 1823 626 1858 significabamus.
652 1822 721 1850 Hinc
743 1831 808 1850 vero
834 1828 938 1851 certum

157 1868 254 1895 mortis
265 1869 362 1895 sultani
379 1867 488 1899 Selimis
496 1872 602 1904 tempus
614 1869 749 1902 colligitur
758 1869 859 1904 alioqui
874 1877 940 1896 cou-

157 1919 319 1940 troversum.
338 1913 443 1949 Quippe
459 1914 557 1949 legitur
594 1914 663 1948 apud
691 1913 810 1948 Jovium,
835 1915 939 1942 exstin-

155 1964 226 1986 ctum
249 1959 377 1987 Salimrm
411 1968 485 1988 anno
508 1962 664 1988 Christiano
685 1961 782 1995 1519f
798 1962 842 1989 die
865 1962 939 1989 deci-

155 2014 199 2032 mo
215 2010 314 2041 quarto
342 2007 443 2034 mensis
459 2004 599 2034 Februarii
618 2016 699 2035 :cum
719 2007 887 2037 Sansovinus
910 2012 938 2037 et

154 2054 200 2080 alii
226 2055 316 2081 verius
340 2055 452 2081 omnino
482 2055 600 2091 tradam,
623 2056 647 2080 id
681 2056 817 2084 accidisse
844 2064 937 2084 menso

154 2099 318 2134 Septembri,
339 2107 411 2126 anno
433 2100 508 2127 1520.
523 2100 545 2134 Q
557 2101 628 2134 lippo
650 2101 734 2134 liujuc
748 2100 855 2132 liairam
872 2107 938 2131 tunc

152 2145 280 2181 instabat,
297 2146 367 2179 quod
382 2146 497 2173 Selimcs
523 2147 713 2184 celebrttlurus
738 2153 796 2174 erat
820 2146 936 2175 Hadria-

150 2192 253 2227 uopoli,
270 2193 292 2221 si
305 2197 444 2227 superstes
459 2193 565 2221 fuiSset.

149 2249 211 2277 216.
224 2249 385 2278 Soleimanes
398 2250 474 2277 initio
486 2251 558 2284 regni
570 2250 728 2284 Belgradum
742 2251 852 2284 obsidet,
865 2251 934 2279 Bur-

235 2285 360 2319 gurdelen
381 2293 437 2311 cum
455 2293 486 2312 ea
504 2286 585 2319 capit,
602 2285 712 2315 Sabaea.
732 2285 853 2314 Sabatia.

184 2330 284 2364 Causa,
300 2339 349 2358 cur
375 2338 486 2366 regnum
503 2331 662 2366 auspicatus
681 2331 862 2364 Soleimanes,
881 2332 937 2359 Un-

148 2378 223 2413 garis
243 2385 305 2404 mox
322 2377 424 2405 bellum
442 2377 565 2410 inferret,
585 2385 638 2404 non
653 2383 712 2404 erat
741 2378 792 2405 alia
829 2387 936 2412 reapse,

147 2432 230 2459 quam
239 2429 312 2451 certa
328 2432 390 2458 spes
407 2423 560 2458 occupandi
587 2423 723 2458 Belgradi,
744 2431 805 2451 cum
831 2426 937 2453 ueteris

147 2470 207 2504 ejus
224 2469 298 2505 regni
317 2469 464 2504 provinciis
489 2474 516 2496 et
539 2469 656 2504 oppidis,
690 2476 754 2504 rege
786 2469 936 2504 Ludovico,

149 2515 279 2544 \‘ladislai
295 2516 362 2548 filio,
382 2515 499 2543 necdum
512 2523 560 2550 per
577 2520 684 2542 aetatem
716 2517 748 2542 ad
778 2514 936 2550 gubernan-

146 2563 211 2590 dum
228 2562 336 2594 idoneo,
348 2566 374 2589 et
387 2565 530 2596 procerum
543 2568 668 2593 suortun,
685 2565 739 2588 tam
763 2562 935 2589 szccularium

145 2616 228 2644 quam
241 2608 490 2636 ecclesiasticarum
503 2608 673 2642 contetuptni
705 2608 829 2641 exposito
845 2615 851 2633 :
888 2608 934 2641 qui

145 2655 302 2689 posthabita.
328 2654 461 2688 dignitate
490 2656 560 2688 regis
599 2659 627 2680 et
650 2653 738 2680 salute
766 2653 934 2687 reipublictc,

144 2701 203 2728 Suis
218 2700 351 2727 duntaxat
364 2700 526 2733 commodis,
543 2700 697 2730 ambitioni,
727 2699 801 2725 luxui
838 2699 934 2725 fastui-

144 2754 197 2780 que
221 2746 255 2773 ab
283 2746 426 2773 hominum
451 2745 580 2773 memoria
610 2745 743 2776 inaudito,
775 2745 931 2772 studebant.

144 2791 323 2820 Occasionem
340 2799 405 2819 vero
422 2792 497 2826 pacis
509 2791 718 2826 abrumpendas.
738 2790 931 2825 Spauduginus

144 2837 216 2865 hanc
227 2837 463 2872 exposuit:qnod
484 2837 588 2872 legatus
617 2837 793 2868 Soleimanis,
820 2835 853 2862 ad
882 2835 931 2862 de-

145 2884 327 2919 nuntiandum
346 2884 462 2919 Ungaris
477 2883 576 2911 bellum
601 2884 712 2916 missus,
744 2883 768 2909 ni
800 2882 928 2909 tributum

1003 954 1075 981 mine
1107 956 1245 983 sultunum
1271 956 1481 989 Muchemetcm,
1510 957 1638 992 Bajazitis
1669 964 1783 992 patrem.

997 999 1108 1028 Selimis
1121 1008 1212 1032 avum,
1227 1001 1393 1029 Soleimanis
1403 1011 1545 1037 proavum.
1559 1003 1663 1037 Quippe
1672 1003 1723 1029 Mn:
1734 1004 1783 1030 he-

997 1052 1093 1078 metes,
1110 1054 1123 1072 a
1139 1046 1262 1081 Belgradi
1275 1048 1425 1088 obsidione.
1439 1056 1511 1075 anno
1524 1048 1780 1077 Christiano-H36.

997 1091 1088 1119 invicti
1107 1092 1184 1121 ducis
1211 1093 1346 1121 Huniadis
1376 1095 1476 1121 virtute
1507 1095 1624 1128 turpiter
1653 1095 1782 1127 reiectus.

997 1137 1067 1164 hanc
1095 1143 1235 1166 exstruere
1264 1140 1471 1174 quatuordecim
1498 1144 1559 1174 post
1588 1141 1668 1167 anuis
1692 1149 1781 1167 arcem

996 1182 1082 1209 voluit
1103 1183 1136 1210 ad
1154 1183 1266 1217 Savutn,
1289 1192 1304 1211 e
1335 1185 1444 1219 regione
1470 1184 1630 1212 Sirmicnsis
1653 1185 1721 1219 agri,
1754 1189 1782 1211 ut

996 1228 1058 1255 inde
1076 1229 1144 1257 fines
1167 1228 1316 1264 ngaricos
1341 1230 1470 1257 invadere
1496 1238 1546 1265 pro
1566 1230 1650 1258 Iubitu
1681 1236 1782 1264 posset.

995 1274 1064 1301 llinc
1077 1282 1154 1302 novae
1165 1276 1310 1303 munitioni
1320 1276 1470 1311 superbum
1487 1283 1586 1303 nomen
1600 1277 1694 1303 datum
1711 1276 1781 1302 Bon-

996 1320 1076 1348 iinius
1087 1321 1203 1354 putavit.
1227 1321 1279 1349 Sed
1300 1326 1393 1355 postea
1414 1327 1505 1348 tamen
1522 1322 1672 1352 Sabmiani,
1699 1322 1782 1349 veluti

995 1367 1144 1398 Savatiam,
1162 1375 1175 1393 a
1195 1368 1267 1394 Savo
1293 1367 1403 1395 flumine
1426 1369 1515 1402 potius
1544 1368 1641 1395 dictum
1670 1367 1781 1396 fatetur.

994 1413 1050 1441 Rex
1070 1418 1162 1441 autem
1180 1413 1321 1446 Matthias,
1337 1413 1470 1442 Iluniadis
1486 1414 1567 1445 illius,
1598 1422 1671 1441 anno
1696 1414 1780 1440 Chri-

993 1459 1083 1487 stiano
1097 1459 1179 1492 1475,
1194 1459 1364 1487 Muchemcte
1393 1460 1480 1487 adhuc
1511 1461 1670 1494 superstite,
1697 1460 1782 1487 Saba-

993 1505 1056 1533 tialn
1069 1505 1093 1532 vi
1111 1509 1293 1540 expugnatam
1310 1506 1411 1540 recepit
1427 1515 1433 1532 :
1451 1513 1464 1531 a
1479 1510 1661 1540 quotempore
1673 1509 1781 1532 nostra.

994 1560 1050 1578 rtun
1064 1552 1090 1578 in
1108 1556 1242 1586 potestate
1257 1552 1357 1579 mansit
1370 1552 1402 1579 ad
1420 1551 1473 1578 hoc
1495 1559 1583 1586 usque
1610 1551 1709 1578 bellum
1728 1552 1781 1578 So-

993 1596 1258 1627 lc'imanicuunAlba
1271 1597 1363 1624 Gl‘il‘Cﬂ
1388 1598 1488 1631 potitos
1518 1597 1624 1624 Turcos
1652 1603 1782 1625 nomvere

993 1643 1080 1671 nostri
1093 1650 1167 1670 anno
1185 1643 1263 1675 i521,
1279 1643 1324 1673 die
1339 1643 1472 1672 vicesimo
1501 1649 1602 1679 quarto
1625 1643 1711 1671 Junii.

1003 1699 1090 1736 ᾖδε
1113 1699 1176 1735 ἳῌ.
1198 1699 1286 1736 Rhodi
1306 1700 1423 1731 obsidio,
1455 1700 1590 1734 Marmore,
1615 1700 1761 1732 Marmora,

1261 1733 1358 1762 Portus
1379 1736 1515 1770 Plzysicus.

1027 1780 1063 1808 De
1074 1780 1243 1808 Mentesiana
1260 1780 1362 1807 ditioue
1378 1780 1480 1807 dictttut
1498 1788 1594 1814 supra,
1625 1780 1714 1814 capite
1733 1780 1778 1808 tl’i.

990 1827 1114 1854 Videnda
1150 1834 1259 1861 quoqtte
1285 1825 1399 1852 Naloiim
1427 1826 1520 1852 tabula
1559 1825 1777 1861 geographorum

991 1872 1122 1908 principis
1135 1871 1244 1900 Ortelii.
1262 1871 1396 1898 Mermerc
1413 1871 1510 1898 Turcis
1523 1871 1676 1905 appellatur
1697 1869 1775 1905 oppi-

989 1919 1052 1945 duni
1065 1918 1199 1945 Anatoliae
1218 1917 1399 1949 maritimum,
1414 1925 1427 1944 a
1443 1917 1524 1951 cujus
1537 1921 1615 1951 portu
1631 1916 1715 1955 distat
1731 1916 1776 1942 iu-

990 1963 1106 1991 tervallo
1122 1971 1175 1990 non
1193 1971 1291 1997 magno
1309 1962 1431 1990 Rhodus.
1454 1963 1553 1997 Oppidi
1570 1962 1781 1996 nomenGrmcis

987 2014 1030 2037 cst
1046 2008 1191 2042 Marmora,
1210 2013 1305 2043 portus
1322 2012 1425 2039 autem.
1440 2009 1552 2041 Pltisco,
1569 2015 1619 2043 pro
1642 2016 1696 2043 quo
1709 2008 1778 2041 legi:

988 2062 1031 2082 tur
1049 2055 1075 2082 in
1088 2054 1184 2082 Ortelii
1204 2055 1312 2083 Natolia
1343 2055 1464 2087 Fisehio,
1496 2062 1551 2086 non
1580 2059 1654 2082 recte
1673 2058 1774 2087 tamen.

987 2100 1097 2137 quando
1110 2101 1234 2137 Physcus
1255 2101 1336 2130 etiam
1366 2098 1507 2136 Sopltiano
1542 2101 1681 2128 scribitur.
1701 2100 1778 2130 Situs.

987 2152 1028 2174 est
1044 2154 1059 2173 e
1075 2147 1186 2181 regione
1201 2151 1297 2180 portus
1317 2146 1429 2178 Rhodii,
1462 2146 1507 2180 qui
1526 2147 1560 2173 ah
1576 2146 1626 2173 hoc
1642 2146 1775 2177 duntaxat.

986 2189 1139 2219 octodecim
1155 2191 1320 2218 milliarihus
1336 2191 1439 2219 Graecis
1453 2192 1632 2226 disjnngitur.

1031 2237 1094 2265 218.
1112 2237 1211 2272 Megale
1226 2238 1328 2265 Μαδιον
1350 2237 1445 2271 Rhodi,
1462 2238 1583 2270 Staukoi,
1601 2238 1727 2265 Bedrum.

1024 2284 1115 2312 Gncca
1128 2292 1194 2311 voce
1209 2284 1290 2312 Turci
1300 2291 1408 2319 quoque
1421 2284 1538 2319 μεγάλον
1546 2285 1670 2318 μάστορα
1679 2287 1775 2320 vocant

989 2338 1115 2364 magnum
1136 2330 1223 2357 Rhodi
1245 2331 1421 2365 magistrum,
1451 2330 1492 2358 vel
1517 2330 1623 2357 ordinis
1655 2329 1774 2362 equitum

989 2375 1159 2402 Rhodiorum
1174 2375 1336 2410 principem.
1353 2375 1377 2403 Is
1388 2375 1481 2403 eratid
1495 2374 1624 2408 temporis
1635 2373 1775 2409 Philippus

988 2421 1115 2448 Villerius
1131 2416 1299 2452 Liladamus,
1318 2421 1428 2448 natione
1441 2420 1535 2449 Gallus
1556 2429 1562 2447 :
1587 2420 1633 2454 qui
1650 2419 1775 2451 Fabricio

987 2467 1020 2493 de
1034 2467 1214 2493 Carettonam
1226 2474 1240 2493 e
1258 2466 1358 2493 familia
1369 2466 1555 2499 marchiouum
1573 2465 1773 2493 Finariensituu

987 2513 1014 2540 in
1032 2512 1140 2547 Liguria
1158 2513 1300 2540 Saxonicm
1314 2511 1421 2546 stirpis,
1439 2519 1490 2539 nec
1508 2512 1546 2538 ita
1571 2513 1672 2538 dudum
1700 2520 1773 2538 mor-

988 2563 1043 2590 tuo,
1057 2563 1239 2586 successerat.
1271 2557 1378 2584 Dcditio
1410 2554 1498 2584 Rhodi
1527 2557 1599 2585 facta
1625 2558 1675 2585 fuit
1701 2565 1773 2585 anno

985 2606 1142 2638 Christiano
1162 2604 1241 2635 1522.
1259 2604 1302 2631 die
1317 2602 1449 2631 vicesimo
1479 2604 1574 2638 quinto
1602 2606 1704 2632 tueusis
1722 2605 1773 2632 De-

985 2651 1114 2683 cembris,
1148 2650 1276 2677 videlicet
1311 2649 1436 2676 natalitio
1469 2650 1581 2682 (1hri5ti,
1611 2658 1666 2684 quo
1689 2650 1771 2676 etiam

986 2697 1156 2724 Soleimancs
1172 2697 1265 2722 urbem
1277 2695 1382 2730 ingredi
1397 2696 1493 2722 voluit.
1507 2694 1572 2723 Erat
1587 2696 1614 2723 in
1632 2701 1764 2729 potestate

985 2743 1151 2770 Rhodiorum
1168 2736 1290 2776 cqttitum
1310 2741 1407 2769 nobilis
1440 2750 1549 2777 qu0que
1580 2742 1633 2768 Cos
1669 2742 1769 2770 insula.

986 2789 1157 2824 Hippocratis
1169 2788 1267 2815 medici
1285 2790 1383 2823 patria,
1399 2796 1479 2823 quant
1499 2788 1558 2814 ltali
1570 2792 1658 2814 naut-e
1676 2786 1769 2820 L'ingo

985 2835 1136 2866 nominant,
1147 2833 1233 2862 Graeci
1245 2836 1310 2868 othv
1328 2834 1384 2867 Κῶ,
1395 2835 1468 2861 velut
1489 2834 1528 2864 εἰς
1539 2833 1588 2867 τὴν
1604 2832 1671 2864 κῶν,
1685 2831 1770 2861 Turci

985 2881 1107 2909 Stankoi.
1128 2880 1189 2909 llaec
1205 2881 1296 2909 itidem
1314 2879 1476 2910 Sulcimauis
1494 2879 1520 2906 iu
1537 2885 1645 2911 inaniis.
1667 2877 1767 2905 emi-sa
