1963 3067
157 154 213 187 893

739 163 922 195 PANDECT.
948 167 1049 197 lilST.
1069 169 1221 201 ‘lUl‘lClC.

1736 172 1788 205 891

159 212 263 241 toribus
282 213 427 246 pranderet
440 214 552 248 (misere
569 217 679 251 quidem
705 224 779 245 cette
806 221 938 249 victitassi

999 233 1043 249 ms
1059 234 1156 254 mares.
1171 226 1271 255 Postea
1287 234 1363 254 suam
1376 227 1476 254 Joanni
1490 227 1572 254 ﬁliani
1584 227 1736 259 lsabeilam,
1753 236 1786 254 vx

158 266 250 293 regem
265 259 347 288 hunc.
365 260 556 289 dcli'attdatunt
569 266 596 289 et
608 265 785 299 contemptim
797 265 920 293 habitum
933 275 949 294 a

157 305 317 340 proeeribus
336 305 466 340 Ungaris,
483 307 677 342 regioiiiterim
703 309 770 337 luxu
798 312 947 339 dimuenti-

159 350 219 381 ltus,
237 350 314 378 testis
329 352 473 380 ocruiatus
499 351 695 382 iii-rbestainus
712 355 783 382 Baro
810 358 949 385 memoria:

155 396 451 431 prodidit),accessisse
466 399 498 425 ad
509 399 579 427 arcis
593 406 697 434 portam
708 406 848 435 spectruin
862 404 949 437 quod-

155 442 228 473 dam.
242 446 272 469 ut
285 448 399 470 eventus
410 444 511 476 docuit,
529 445 555 471 in
584 445 670 473 forma
697 447 817 475 hominis
844 449 946 477 [cedunt

156 488 182 515 iu
197 489 307 516 modum
321 489 431 517 distorti
445 495 471 517 et
488 491 680 524 claudicantis,
692 493 801 528 altaque
816 502 882 522 voce
896 495 947 523 lla-

155 535 257 570 gitassc
269 535 436 570 colloquium
461 539 542 572 regis,
572 540 616 565 cui
641 539 799 567 necessario
819 541 946 575 quaedam

155 581 325 608 indicaturus
334 585 416 614 esset,
430 582 463 610 ad
481 585 583 617 regiam
600 585 732 620 regnique
751 587 868 614 salutent
881 595 948 622 per-

155 629 281 655 tinentia.
298 628 424 663 Cumque
437 629 578 663 neglectus
605 632 694 665 initio,
710 635 784 667 quod
815 634 842 660 in
875 635 948 662 aulis

156 674 212 701 ﬁeri
231 675 309 706 solet,
329 683 401 703 nunc
416 676 505 703 altiori
525 677 655 710 clamore,
672 687 744 706 nunc
774 679 877 714 eiulatu
896 681 947 708 ad-

111 717 114 719 ’
156 720 251 753 bibito,
267 721 292 747 id
310 722 347 748 uti
359 722 560 757 quamprimum
572 724 627 758 regi
644 725 859 760 signiﬁcaretur,
873 731 947 761 pete-

155 773 197 794 ret
213 776 220 794 :
239 767 346 794 tandem
359 769 475 796 hominis
490 769 696 804 importunitate
704 777 944 807 commotosques-

155 814 306 846 dam,cuin
341 819 417 842 extra
443 823 535 849 regem
558 816 649 851 ipsum
674 817 776 844 nemini
809 823 944 845 seerctuin

157 860 209 886 lioc
218 867 248 887 se
255 860 452 894 patefacturum
462 861 573 894 diceret,
587 869 643 888 rem
655 862 687 888 ad
697 870 788 897 regem
797 863 942 890 detulisse:

152 901 201 940 qui
218 914 280 932 mox
297 906 372 935 abirc
388 907 533 940 quemdam
547 915 562 934 e
579 907 811 942 splendidioribus
836 910 944 941 aulicis,

153 956 179 978 et
191 951 319 979 simulata
337 960 451 987 persona
465 954 626 988 regimquid
653 954 716 981 istic
742 956 834 982 arcani
860 961 942 989 esset,

154 1005 274 1032 quaerere
286 997 411 1032 jusserit.
429 998 498 1025 Tum
515 1006 579 1026 vero
608 1000 738 1030 claudum
756 1001 833 1027 illiitit
853 1001 886 1028 de
901 1009 944 1028 ar-

153 1051 223 1072 cano
234 1045 382 1072 revelando
396 1045 469 1073 velut
483 1053 497 1073 a
521 1053 584 1080 rege
606 1051 743 1080 prtesente
766 1047 942 1080 appellatum,

153 1099 269 1126 negasse
284 1091 403 1127 primum
423 1093 497 1120 ltunc
511 1100 572 1120 esse
597 1100 702 1125 regem,
736 1093 834 1120 deinde
850 1093 944 1128 subje-

153 1137 224 1163 cisse
240 1145 341 1172 regem,
358 1137 404 1172 qtti
420 1145 449 1165 so
463 1137 558 1165 audire
572 1138 665 1170 nollet,
680 1138 754 1165 brevi
770 1138 937 1173 periturum,

153 1187 233 1216 atque
252 1183 295 1210 liis
317 1182 441 1218 prolatis,
470 1182 496 1210 in
523 1183 610 1210 oculis
631 1183 752 1210 omnium
784 1184 941 1211 evanuisse.

153 1228 338 1258 Memorabilis
355 1237 421 1257 sane
434 1230 524 1264 plures
536 1230 572 1257 ob
601 1237 701 1258 causas
717 1230 841 1263 historia,
859 1237 941 1264 quam

151 1275 277 1309 equidem
291 1274 351 1302 loco
376 1280 430 1303 tam
445 1275 545 1304 idoneo
569 1275 684 1303 minime
712 1276 804 1311 putavi
832 1267 942 1304 silentio

151 1321 375 1355 [auctori-undam.
431 1323 433 1325 '

287 1366 350 1394 222.
370 1365 458 1394 Novus
473 1368 694 1396 Dervislarioriim
708 1375 804 1398 utatur.

186 1413 237 1446 Qui
252 1413 418 1441 Caiendcres
437 1413 533 1442 Turcis
546 1416 685 1448 dit-untur,
703 1417 748 1450 qui
770 1416 938 1446 Dcrvislarii,

152 1462 319 1490 declaratum
349 1463 477 1497 superius
493 1464 583 1498 capite
602 1464 662 1491 171.
680 1464 863 1491 Dervislurios
877 1463 939 1498 qui-

150 1509 210 1536 dem
227 1516 289 1536 esse
310 1516 408 1535 nomen
429 1510 567 1544 generale,
593 1517 648 1544 quo
663 1510 827 1538 Caleuileres
851 1515 878 1536 et
892 1510 939 1538 alii

150 1555 241 1589 capite
265 1555 340 1582 dicto
363 1555 490 1583 recensiti
515 1556 799 1590 comprehendantur,
827 1556 868 1583 vel
887 1557 937 1583 boi:

150 1599 232 1628 itiai'n
247 1609 279 1628 ex
307 1601 366 1628 loco
384 1602 557 1636 perspicitur.
573 1602 708 1630 Calendcr
740 1608 831 1629 autem
846 1602 937 1630 Zeli-l-i

151 1647 283 1681 s'gniﬁcal
300 1646 477 1674 Calcnderein
499 1648 558 1675 sive
577 1649 737 1683 religiosum
755 1649 885 1679 ιιοΜΙι-ιη,
906 1657 938 1675 ex

150 1700 234 1718 causa
263 1692 291 1718 in
312 1693 379 1727 ipsis
394 1694 543 1721 annalibus
557 1695 695 1728 exposita,
710 1695 782 1730 quod
806 1696 937 1729 originem

149 1739 377 1772 generis,scilieet
388 1741 420 1767 ad
433 1741 542 1768 Cliasim
556 1741 837 1774 Bectasem,reierrct;
847 1742 937 1776 cujus,

151 1790 180 1812 tit
194 1786 368 1814 auctoritatis
384 1788 448 1814 olim
468 1795 584 1815 summa?
599 1788 661 1819 viri.
679 1788 782 1815 mentio
805 1789 874 1816 fat-ta
888 1789 938 1816 l‘nit

150 1831 177 1860 in
209 1832 418 1862 vita-Urchauis
435 1833 524 1869 Gasis,
544 1834 673 1865 Osmanis
690 1835 749 1868 ﬁlii,
769 1843 822 1863 non
842 1836 936 1870 procul

150 1881 183 1907 ab
194 1880 333 1908 annalium
349 1881 439 1914 initio,

148 1938 212 1965 223.
243 1933 346 1974 Battum
374 1938 477 1965 Erdelii
503 1937 665 1966 Soleimanes
694 1937 818 1971 Uiianim
850 1947 936 1973 regem

184 1979 264 2010 ereti}.
289 1973 384 2010 causa:
405 1982 603 2009 pregre-suum,
626 1982 690 2009 quos
719 1974 798 2001 Turci
821 1975 936 2010 fecerunt

183 2009 209 2036 in
228 2008 359 2044 Ungaria.

185 2067 222 2093 De
240 2066 306 2093 Bani
333 2067 466 2102 dignitate
491 2066 670 2093 trat-tavintns
699 2067 788 2101 capite
822 2067 883 2100 ﬁt,
904 2067 936 2094 de

148 2113 261 2140 Ardelio
276 2112 319 2140 vel
338 2112 446 2139 Erdelio
475 2107 566 2146 capite
584 2112 644 2140 105.
661 2113 763 2139 lianum
790 2113 833 2140 liic
849 2113 935 2140 Erde-

148 2158 176 2184 lii
193 2163 290 2185 vocant
306 2158 430 2189 annales,
461 2165 542 2193 quem
570 2163 657 2184 nostri
685 2167 737 2185 non
755 2158 871 2190 Battum,
886 2159 933 2186 sed

147 2203 291 2230 \‘aivodam
309 2203 407 2230 l'lrdelii
422 2204 480 2230 sive
501 2203 721 2238 'l'ranssylvanitc
745 2209 876 2239 perpetuo
891 2205 934 2232 di-

146 2254 254 2276 tiorum.
271 2249 296 2275 is
312 2253 377 2275 tunc
400 2249 533 2282 temporis
548 2254 608 2276 erat
623 2248 745 2277 Joannes
760 2250 794 2277 de
806 2250 930 2286 Zapoliii,
948 2267 969 2294 ι)

145 2301 239 2321 comes
251 2292 427 2328 Cepisieusis,
442 2292 568 2328 Ungariie
583 2294 687 2329 pestis:
707 2295 752 2328 qni
770 2299 834 2323 ante
861 2303 931 2330 prir-

146 2339 214 2367 linm
233 2338 268 2366 de
296 2339 428 2366 industria
461 2339 566 2368 tardius
596 2340 628 2366 ad
653 2338 821 2368 Ludovienm
839 2349 930 2377 regem

146 2384 239 2419 copias
252 2385 400 2412 auxiliares
411 2384 526 2421 ducens,
540 2393 628 2419 regem
649 2393 711 2413 cum
726 2387 785 2415 suis
800 2387 826 2416 in
841 2394 932 2416 extre-

146 2438 221 2458 munt
236 2430 301 2458 illud
314 2430 460 2459 discrimen
474 2431 624 2464 conjec-isse
635 2432 765 2465 creditur,
776 2438 807 2460 ut
821 2434 926 2462 ambitu

146 2475 253 2504 nefario
270 2477 422 2510 pervenire,
453 2484 523 2504 caeso
540 2476 688 2509 Ludoviro,
708 2480 844 2513 genuinus
858 2481 933 2508 scili-.

147 2527 190 2548 ret
209 2522 344 2556 Ungerus,
369 2523 401 2549 ad
419 2530 533 2557 regnum
550 2528 651 2558 posset.
676 2523 741 2551 Eant
763 2526 798 2553 ob
816 2535 928 2555 Causam

146 2567 372 2603 dudumquoque
392 2569 524 2596 Ludovici
549 2577 672 2597 sororem
696 2571 814 2602 Annam.
839 2573 932 2601 Ferdi—

145 2615 247 2646 nando,
265 2616 355 2649 magni
370 2614 544 2643 Maximiliani
561 2616 677 2645 Cresaris
691 2619 782 2652 nepoti
808 2620 929 2654 despon-

146 2667 205 2687 sant
227 2668 240 2685 τι
271 2659 412 2687 Vladislao
437 2666 513 2695 patre
531 2661 612 2696 paulo
628 2667 702 2696 ante,
727 2671 809 2698 quam
828 2673 842 2692 ο
861 2666 929 2693 vivis

146 2708 300 2738 excederet.
311 2707 413 2734 frustra
426 2708 490 2736 licet
504 2709 656 2737 ambit-erat
670 2719 677 2744 ;
695 2714 723 2737 iit
736 2719 768 2739 eo
785 2712 845 2746 plus
858 2713 931 2747 juris

147 2752 180 2779 ad
196 2760 320 2788 regnum,
342 2752 424 2788 490
440 2753 575 2789 siquidem
591 2757 717 2784 sororiiis
735 2758 808 2792 regis
827 2759 925 2786 inissa

149 2798 248 2831 tactus,
264 2799 387 2827 haberet.
415 2800 500 2833 Ipsius
518 2806 608 2830 autem
624 2803 738 2832 Joannis
756 2803 928 2839 Zapolieusis

150 2851 272 2871 sororem
287 2845 374 2879 primo
389 2847 441 2873 sibi
468 2849 642 2876 matrimonio
667 2850 758 2881 junxit
775 2851 930 2884 Sigisiiiun-

150 2889 201 2917 dus
209 2890 328 2919 Dolonis:
344 2899 426 2921 rene
441 2901 493 2922 uua
507 2899 597 2922 tamen
609 2897 699 2924 nullos
725 2899 847 2925 siisccnlt
862 2897 928 2926 liba-

1000 282 1014 299 a
1028 279 1086 299 tum
1102 274 1229 308 ("injung
1240 279 1341 306 natam,
1357 274 1547 308 Sigismundus
1564 284 1677 302 uxorein
1691 276 1776 306 dedit.

1000 324 1029 346 iit
1041 319 1111 346 intra
1123 319 1221 347 dicturi
1236 322 1369 355 prolixius
1380 329 1485 349 sumus.
1503 322 1660 349 Crodiintur
1672 321 1786 349 Joannis

999 373 1088 393 eauszr
1108 366 1209 394 favisse
1221 367 1325 397 Poloni.
1338 375 1454 401 eantque
1470 366 1569 394 studiis
1585 367 1712 395 maximis
1724 376 1785 394 cum

998 421 1046 447 per
1061 413 1140 441 alios.
1155 418 1210 440 tum
1240 421 1289 446 per
1317 412 1512 449 Hieronymum
1532 413 1661 445 Lasenin,
1681 414 1784 440 Alberti

997 465 1113 494 patroni,
1125 461 1273 487 Soieimani
1290 461 1453 493 Osmanidae.
1465 469 1495 488 ac
1512 461 1660 488 Franciscn
1676 461 1785 488 Valesio

997 507 1136 534 Gallorum
1155 507 1224 542 regi,
1247 508 1327 535 bonis
1345 507 1451 535 scilicet
1471 508 1525 535 illis
1540 507 1737 534 cottfmileratis
1753 516 1785 535 ac

998 553 1091 581 sociis.
1109 553 1135 580 in
1151 553 1344 581 detrimentum
1357 554 1512 588 reipublicm
1525 553 1690 581 CitriSIiahm
1709 562 1758 580 con
1771 569 1785 573 -

997 601 1144 628 mendasso
1160 610 1166 629 :
1182 609 1216 628 tte
1231 602 1323 636 quieta
1340 601 1423 628 totius
1439 601 1567 635 ngarici
1584 602 1658 633 regni
1675 609 1785 634 posses-

998 647 1075 675 sione
1091 647 1168 682 potiti
1181 646 1319 681 principes
1341 648 1490 677 Austriaei.
1505 647 1696 674 formidabiles
1715 647 1783 678 ipsis

998 695 1078 720 etiam
1096 693 1205 721 Polonis
1224 693 1320 720 ﬁerent
1336 702 1343 725 ;
1360 693 1407 728 qui
1430 701 1496 721 sane
1524 693 1652 720 stimulus
1672 693 1784 720 :emnia-

998 739 1080 766 tionis
1099 738 1240 766 Francisci
1262 747 1371 774 quoque
1400 740 1469 774 regis
1501 740 1623 766 animum
1653 744 1784 774 perpetuo

999 793 1134 820 pungcns,
1154 793 1216 813 eum
1232 785 1267 813 ad
1284 786 1400 813 consilia
1417 786 1548 819 nefanda,
1559 786 1653 820 reique
1667 786 1782 819 publica:

997 832 1167 865 perniciosa,
1194 839 1256 859 cum
1283 833 1421 860 indelebili
1440 832 1473 859 ad
1495 840 1602 860 omnem
1623 833 1782 859 memoriam

998 878 1164 913 posteritatis
1180 878 1292 907 infamia
1310 887 1370 912 sua,
1385 879 1512 914 perpulit.
1535 879 1573 905 Ita
1591 878 1719 905 nimirum
1737 886 1785 912 per

997 925 1174 952 ambitionem
1189 929 1216 952 et
1235 925 1365 952 invidiam
1393 925 1443 952 fuit
1469 929 1601 952 attractus
1620 926 1647 951 in
1678 926 1782 950 viscera

998 977 1090 998 nostra
1109 978 1199 998 saevus
1227 974 1255 998 ct
1283 971 1392 1005 juratus
1422 970 1519 998 hostis.
1537 969 1647 997 Utinam
1661 977 1694 996 ne
1711 976 1784 996 nunc

996 1017 1077 1044 etiam
1096 1017 1186 1044 fucata
1198 1017 1311 1043 libertas
1325 1016 1478 1047 electionis,
1489 1021 1517 1042 et
1528 1015 1640 1042 foederis
1655 1015 1782 1041 Osmaui-

996 1064 1091 1090 dat-unt
1109 1070 1171 1090 eum
1183 1063 1271 1090 vicina
1285 1061 1425 1089 Sarmatis
1439 1065 1600 1095 przetcxtus,
1618 1068 1650 1087 ac.
1666 1061 1782 1087 detesta-

996 1109 1251 1144 bilisquorumdant
1268 1107 1391 1140 ambitio,
1410 1107 1511 1134 malum
1532 1107 1642 1141 aliquod
1668 1106 1782 1140 Europat

995 1155 1102 1189 pariant
1118 1163 1125 1184 :
1142 1154 1214 1186 quod
1229 1153 1299 1180 Deus
1315 1158 1404 1180 tamen
1418 1153 1538 1187 optimus
1553 1152 1689 1179 maximus
1700 1159 1781 1179 omen

994 1200 1120 1227 avertat!
1150 1198 1244 1226 Notari
1267 1198 1377 1233 quidem
1403 1197 1541 1225 annalium
1566 1197 1648 1223 verba
1668 1197 1779 1227 debent,

994 1245 1093 1280 quibus
1109 1244 1228 1271 Joannes
1243 1245 1288 1275 hic
1299 1245 1398 1271 Turcis
1422 1251 1476 1270 non
1496 1243 1600 1270 electus
1614 1242 1648 1269 ab
1663 1241 1780 1276 Ungui-is

995 1300 1055 1324 rex,
1085 1291 1131 1318 sed
1162 1292 1253 1319 Banus
1282 1290 1504 1326 Transsylvaniae
1533 1289 1690 1316 nominatur
1717 1293 1781 1316 ante

993 1346 1074 1374 quatit
1089 1338 1254 1365 Soleiinaitis
1266 1337 1400 1364 beneﬂcio
1414 1336 1521 1363 scilicet
1543 1343 1654 1369 regnum
1674 1335 1779 1362 obtine-

993 1389 1044 1412 rct.
1060 1383 1132 1411 ldcin
1159 1385 1250 1411 "unus
1276 1383 1410 1410 detulisse
1431 1391 1481 1409 sua
1510 1383 1610 1409 dicitur
1629 1381 1779 1408 Sobrimani

991 1432 1130 1466 obsequia.
1147 1430 1215 1464 Quid
1226 1430 1298 1457 aliud
1314 1430 1375 1460 line,
1387 1437 1467 1462 quant
1479 1429 1579 1456 factum
1598 1428 1682 1455 fuisse
1694 1428 1778 1455 clien-

991 1483 1056 1508 tem,
1079 1477 1120 1504 vel
1142 1477 1307 1511 mancipium
1325 1477 1414 1510 potius
1428 1475 1616 1502 Soleiinauis?
1651 1474 1735 1508 Magis
1752 1474 1777 1500 id

990 1525 1071 1552 ctiam
1087 1528 1162 1557 paret
1177 1531 1208 1550 ex
1229 1531 1262 1550 eo
1279 1523 1352 1558 quod
1371 1521 1499 1557 sequitur
1516 1530 1522 1547 :
1539 1521 1704 1548 Suleiinanis
1731 1520 1780 1546 itit-

951 1583 972 1613 C
991 1571 1066 1604 pet-io
1085 1571 1186 1597 Banum
1203 1577 1231 1596 se
1244 1569 1421 1599 stibiiiisissit,
1436 1569 1477 1595 vel
1495 1567 1633 1594 subditttnt
1648 1567 1780 1593 Soleinia-

991 1619 1033 1644 itis
1050 1617 1149 1644 factum
1166 1617 1317 1647 itsm.sirut
1332 1616 1389 1650 ipsa
1405 1615 1487 1642 verba
1497 1614 1647 1641 Turcorum
1665 1618 1776 1641 sonant.

991 1664 1052 1690 llam
1068 1663 1174 1690 sriiicct
1203 1663 1248 1690 illa
1265 1663 1376 1690 libertas
1397 1666 1449 1695 est,
1470 1669 1551 1696 quam
1568 1669 1615 1688 ore
1639 1660 1776 1696 jaciilant.

989 1711 1034 1745 qui
1049 1708 1146 1737 Turcis
1163 1713 1249 1736 setnet
1268 1709 1431 1743 adiungunt.
1451 1709 1568 1735 Fructus
1592 1713 1684 1735 autem
1701 1708 1777 1738 bona:

989 1756 1167 1791 protectionis
1179 1755 1261 1788 ltujns
1275 1759 1301 1781 et
1317 1755 1461 1788 patrocinii
1479 1754 1600 1785 Turcici,
1618 1755 1702 1789 patilo
1715 1758 1777 1788 post

988 1809 1019 1828 cx
1035 1801 1125 1835 capite
1139 1800 1203 1830 250,
1222 1806 1248 1828 et
1262 1801 1328 1834 ipsis
1351 1808 1381 1827 ex
1399 1800 1559 1833 annalibus,
1577 1800 1621 1826 ubi
1640 1800 1673 1826 de
1688 1804 1779 1825 morte

988 1847 1101 1874 Joannis
1121 1850 1147 1873 et
1171 1846 1217 1872 lilii
1239 1846 1389 1880 matrisque
1406 1846 1432 1870 in
1445 1844 1774 1879 TraIISsylvaitiamrelc-

988 1891 1096 1924 gationc
1123 1895 1261 1922 narratur,
1278 1890 1338 1917 luce
1362 1889 1511 1916 meridiana
1536 1889 1638 1915 clarius
1658 1896 1775 1923 appare-

989 1937 1076 1964 liunt:
1096 1937 1214 1971 itemque
1230 1937 1263 1963 de
1279 1936 1474 1970 Supplementa
1492 1936 1636 1963 annalium
1666 1940 1773 1968 nostro,

988 1983 1033 2009 tibi
1045 1982 1152 2009 tandem
1171 1982 1305 2014 videmus,
1330 1981 1466 2008 ambitiosi
1485 1981 1583 2016 patris,
1600 1985 1627 2008 et
1643 1981 1774 2016 reipubli-

987 2036 1025 2056 cae
1051 2027 1125 2056 noxii
1137 2028 1232 2060 tilium,
1247 2028 1355 2054 Arianat
1368 2032 1450 2055 sectae
1471 2032 1626 2062 patronum,
1640 2035 1700 2062 quae
1715 2027 1772 2053 Ma-

987 2075 1144 2102 ltinnetanis
1161 2074 1234 2102 fores
1248 2074 1344 2107 aperit,
1361 2074 1420 2102 sine
1440 2074 1544 2106 liberis,
1563 2074 1590 2101 in
1607 2075 1666 2109 ipso
1684 2074 1772 2101 mtatis

985 2121 1062 2152 ﬂore,
1076 2121 1151 2156 justo
1169 2121 1214 2147 Dei
1228 2120 1345 2155 judicio,
1362 2121 1445 2148 rebus
1463 2120 1592 2147 humanis
1612 2125 1773 2154 exemptum

985 2166 1080 2195 fuisse.
1093 2165 1193 2193 Notum
1209 2170 1288 2194 vetus
1313 2173 1346 2194 ac
1361 2165 1533 2193 verissimum
1551 2165 1660 2200 quidem
1677 2173 1773 2198 oracu-

985 2214 1039 2241 lum
1055 2214 1118 2241 illud
1133 2221 1141 2241 τ

1019 2270 1162 2297 Εὐσεϐέων
1189 2270 1313 2297 παίδεσσι
1337 2270 1370 2297 τὰ
1398 2270 1478 2303 λώῐα,
1502 2270 1655 2302 δυσσεϐέων
1679 2271 1701 2297 δ’
1726 2269 1774 2312 οὖῖ
1800 2297 1806 2301 ,

1021 2325 1122 2356 Fausta
1139 2326 1242 2361 piarunt
1258 2327 1411 2360 posteritas,
1434 2326 1555 2360 infausta
1582 2326 1739 2364 srelestum._

983 2391 1047 2419 Sed.
1066 2391 1192 2418 Viennam
1209 2393 1323 2424 dustria:
1343 2391 1504 2420 Solcinimies
1521 2394 1638 2426 obsidet;
1652 2392 1770 2425 Was-cli,

1209 2427 1384 2458 Viiiduniana.
1405 2428 1550 2455 Osiri/rion.
1770 2430 1776 2437 '

1022 2484 1108 2518 llujus
1123 2484 1275 2512 obsidionis
1293 2490 1389 2512 auctor
1413 2485 1563 2518 Sulciiiiaiti
1577 2487 1628 2514 fuit
1648 2486 1774 2523 Joannes

986 2529 1167 2564 Zapuliensis,
1181 2531 1267 2559 ltostis
1278 2530 1488 2565 Germanorum,
1499 2539 1560 2562 cum
1572 2531 1688 2567 Ungui-is
1700 2535 1769 2563 suis.

984 2584 1078 2610 parum
1103 2577 1191 2612 requis
1211 2577 1313 2612 nationi
1334 2578 1403 2606 bene
1434 2578 1467 2605 de
1483 2586 1513 2606 se
1533 2579 1645 2606 inerit-at.
1662 2579 1716 2606 Nec
1743 2571 1776 2620 in;

985 2623 1029 2651 illa
1042 2623 1165 2651 excitate
1181 2631 1230 2650 sua
1248 2623 1391 2652 dementes
1407 2625 1620 2660 perspiciebant,
1642 2626 1664 2653 si
1682 2626 1776 2659 Solej';

985 2669 1057 2695 inani
1074 2669 1195 2701 lli-uisset
1206 2669 1231 2696 iu
1247 2669 1392 2698 Germania
1406 2672 1499 2706 pcdcin
1514 2672 1596 2707 ﬁgere
1607 2672 1688 2709 (quod
1702 2681 1773 2702 sane

985 2715 1131 2748 quominus
1146 2716 1231 2748 lieret,
1250 2724 1297 2750 per
1315 2717 1388 2752 ipsos
1402 2726 1457 2745 tton
1470 2720 1558 2752 stetit,
1576 2719 1636 2746 solo
1657 2717 1768 2753 benigni

984 2760 1112 2789 Numinis
1126 2762 1218 2789 favore
1233 2768 1335 2797 pestem
1351 2764 1423 2791 illam
1439 2765 1540 2792 nostris
1555 2773 1569 2792 a
1582 2765 1680 2793 finibus
1692 2773 1771 2793 aver-

986 2808 1082 2843 teitte),
1097 2816 1149 2835 nuit
1165 2809 1253 2836 minus
1272 2809 1442 2844 ngarorum
1456 2811 1605 2838 libertatem
1621 2800 1769 2846 oppressu-

985 2862 1044 2881 riiin
1067 2854 1152 2883 fuisse
1180 2855 1337 2888 barbarum,
1357 2865 1438 2891 quam
1468 2862 1588 2885 uostrant
1608 2867 1615 2886 :
1632 2867 1646 2886 a
1674 2858 1766 2889 [route

984 2900 1088 2928 scilicet
1117 2905 1140 2928 ct
1158 2908 1172 2928 α
1186 2906 1261 2932 tento
1287 2902 1339 2933 iam
1361 2903 1428 2934 ipsis
1451 2902 1522 2930 intra
1541 2909 1617 2939 septa
1634 2912 1683 2932 sua
1697 2912 1764 2932 con-
