1963 3067
172 162 227 192 8ηό

768 164 930 194 ,ΙΟᾹΝΝΙΞ
954 164 1181 194 LEUNCLAYII

1744 166 1795 197 896

173 217 266 243 clusis.
289 215 389 243 Vienna
410 216 508 244 Turcis
528 222 569 245 est
584 218 708 246 Wetseh.
736 218 819 246 Vetus
835 221 954 255 appella-
971 222 993 250 Λ
1007 221 1069 247 2‘26.
1088 220 1201 254 Corona,
1223 221 1310 248 insula
1328 221 1405 253 nul",
1424 222 1527 254 ﬂudrn,
1543 226 1627 256 rapta:
1647 231 1661 249 rt
1685 224 1792 250 nostris.

174 263 211 288 tio
227 260 398 289 Vindomana
412 263 511 297 legitur
524 263 550 290 in
562 263 665 291 Notilia
679 265 822 299 utriusque
838 266 957 300 imperii,

173 317 255 342 quam
264 310 388 344 equidem
399 311 572 345 integriorem
587 316 663 346 puto.
673 320 753 346 quam
767 312 934 340 Viudobomc
950 323 956 341 :

173 355 322 388 praesertim
351 355 374 382 si
405 355 492 383 divisa
508 356 598 384 littera
618 357 641 384 M
662 358 687 384 in
712 358 733 384 Ν
755 363 782 385 et
809 359 831 390 l,
849 359 958 387 dicatur

173 400 366 428 Vindoniana:
396 402 466 428 sicut
482 402 572 429 obiter
601 403 729 437 Superius
756 405 839 431 etiam
868 405 957 438 capite

174 446 261 478 primo
279 447 521 475 commentationis
538 448 620 483 hujus
633 449 829 477 indicavimus.
842 451 957 485 Hegioni

174 499 271 519 nomen
287 500 340 520 non
358 493 391 519 ab
407 498 501 521 austro
519 494 623 526 datum,
638 495 711 529 quod
728 495 761 522 ab
779 496 881 523 austris
899 503 959 530 pcr-

173 538 229 566 llari
245 539 342 567 crebro
352 540 446 572 soleat,
460 544 488 567 ut
502 540 601 568 Lazins
614 542 736 576 scripsit,
753 542 800 569 sed
816 542 850 569 ab
865 543 941 570 oricn
951 558 957 564 -

175 585 221 611 tali
236 585 301 618 situ,
315 588 441 621 respectd
453 587 566 621 reliqua:
580 587 743 620 Germanias,
757 588 797 615 vel
813 596 827 615 e
841 593 957 622 praetore

173 630 285 658 Grazcim
317 635 411 659 nostro
439 637 528 666 paret,
559 633 605 667 qui
635 632 737 661 Grzecis
753 633 891 668 ὀστρίκιον
907 642 958 661 suo

175 684 285 710 quoque
298 680 422 711 tempore
448 678 549 706 dictam
571 679 701 706 ostendit.
718 679 745 706 l-l
767 679 839 706 enim
858 687 957 707 nomen

177 721 298 754 (istricb,
318 722 360 750 vel
378 722 537 755 Oet-Reicll,
548 724 692 752 Germanis
704 725 866 760 simpliciter
879 729 958 752 sonat

177 776 289 803 regnum
306 770 432 801 orientis,
442 771 484 797 vel
501 771 534 796 ad
551 771 685 798 orientem
703 773 798 801 situm.
819 773 895 806 Quod
912 773 959 800 fri-

178 814 252 848 goris
274 815 299 842 vi
325 821 438 843 narrant
458 814 539 845 Turei
563 817 743 845 Solcimancm
763 818 797 846 ab
817 819 958 847 obsidione

176 859 318 889 discedere
332 866 469 894 coactum,
485 864 634 892 excusandi
648 865 749 892 sultani
772 866 814 892 sui
830 873 958 892 suorum-

177 913 229 940 que
255 912 337 934 causa
367 907 481 937 faciunt.
494 908 600 944 Quippe
619 915 728 938 constat
751 910 856 940 Turcos
874 912 956 939 vicies
976 902 994 929 Β

177 959 270 978 luntres
286 953 363 980 urbis
378 953 508 985 subiisse,
537 955 621 983 vicies
649 963 664 983 a
692 957 827 985 moenibus
856 958 957 985 virtute

177 1002 406 1031 propugnatorum
435 998 520 1027 fuisse
547 1002 682 1035 repulsos,
698 1003 821 1036 adeoque
847 1004 956 1030 tandem

176 1040 286 1069 frameis
298 1043 358 1071 licet
372 1051 403 1071 ac
420 1045 538 1073 fustibus
550 1047 688 1076 adhibitis.
699 1049 808 1082 adigere
824 1056 889 1076 suos
901 1057 957 1075 am-

177 1087 247 1120 plius
267 1088 299 1115 ad
329 1092 557 1124 oppugnationem
585 1094 822 1129 redintegramlatn
841 1095 912 1122 nulla
934 1096 956 1122 vi

176 1134 307 1165 potuisse.
327 1135 395 1163 llinc
416 1137 491 1164 urbis
509 1138 648 1173 capiendae
660 1139 814 1174 desperatio
828 1141 956 1168 Soleima-

176 1177 218 1205 nis
237 1179 358 1207 animum
377 1182 513 1213 subiit,nt
531 1188 646 1219 apparet
668 1194 698 1212 cx
718 1185 776 1221 ipsa
795 1185 959 1213 Viennensis

174 1221 272 1251 obsidii
288 1225 482 1262 descriptione.
493 1229 581 1264 Coepit
594 1230 621 1258 in
634 1238 736 1258 morem
746 1231 815 1265 fuga:
824 1232 958 1260 Soleima-

175 1274 224 1295 nes
238 1269 350 1304 reliquis
359 1279 420 1300 cum
431 1274 518 1309 copiis
528 1275 685 1309 abscedere,
694 1276 738 1304 die
746 1277 851 1304 decimo
860 1281 958 1312 quarto

177 1314 313 1350 Octobris,
326 1326 399 1346 anno
410 1319 567 1347 Christiano
579 1322 725 1350 millesimo
738 1323 958 1357 quingentesimo

175 1362 305 1390 vicesimo
326 1372 411 1392 nono.
438 1366 612 1395 Atmindanis
630 1375 741 1399 nomen.
761 1369 838 1404 cujus
857 1369 958 1397 mentio

174 1408 306 1442 sequitur,
321 1404 498 1445 exposuimus
513 1421 606 1447 supra,
617 1415 707 1449 capite
720 1415 782 1442 150.

175 1465 237 1508 Ξίὶξξ.
259 1467 349 1508 Δίῃ-ξιξ
369 1467 528 1508 ﬁdleirrtanis
549 1471 801 1508 contrn_Germanoa
818 1474 957 1508 expeditio.

309 1501 532 1549 {licitalop‘li'ct‘tpt
542 1506 598 1535 sui:
609 1515 626 1548 εξ
635 1500 894 1549 Fridericoprinc't'pe
907 1509 960 1549 (³η-

213 1536 296 1563 latino
310 1545 409 1570 ocnus;
424 1539 608 1568 Palatinarum
618 1541 645 1569 in
657 1536 842 1576 rempublicam
854 1536 957 1572 merita.

213 1592 370 1628 Intelligunt
394 1596 508 1624 annales
537 1597 648 1632 Hispani
666 1600 775 1632 nemine
790 1599 919 1630 Karnlum
937 1600 955 1628 ν

175 1638 338 1673 Augustum,
358 1641 547 1676 Hispaniarum
572 1651 660 1679 regem
677 1653 685 1672 :
702 1654 783 1680 quem
803 1647 957 1682 imperato-

176 1691 231 1712 rem
250 1685 432 1713 ltomanorum
448 1688 555 1716 infitiari
569 1690 675 1718 solebat
689 1691 869 1725 Soleimanes,
884 1697 957 1727 quod

175 1737 204 1756 se
217 1730 277 1757 belli
291 1731 352 1764 jure
362 1740 546 1761 successorem
556 1735 728 1764 Constantini
741 1739 828 1773 magni
841 1739 957 1770 diceret,

175 1776 221 1809 qui
240 1781 293 1802 tam
314 1777 567 1814 Occidentis,quam
581 1781 711 1816 Orientis,
728 1783 824 1812 fuisset
839 1785 958 1819 impera-

176 1825 229 1848 tor.
257 1821 370 1851 Casanis
393 1823 562 1861 lllichaloglis
588 1835 686 1855 nomen
712 1829 782 1862 apud
809 1829 957 1863 Soiterum,

174 1867 221 1901 qui
249 1876 280 1894 cx
311 1872 413 1897 nostris
440 1872 491 1900 hoc
521 1873 622 1900 bellutn
651 1875 789 1910 eleganter
821 1876 957 1911 ascripsit,

176 1921 229 1944 non
245 1914 352 1949 legitur.
373 1916 498 1945 Vaivodze
515 1919 670 1953 appellatio,
692 1928 752 1954 qua:
776 1921 876 1948 Casani
911 1923 958 1948 triv

177 1958 280 1990 lmitur.
304 1961 475 1995 capitaneum
505 1964 654 1998 signiﬁcat.
684 1965 780 1994 Cmsns
806 1973 867 1993 cum
898 1968 959 1994 suis

176 2006 347 2033 memorabili
359 2007 435 2035 clade
450 2007 501 2035 fuit
514 2017 527 2036 a
538 2010 677 2037 Friderico
692 2012 816 2045 principe
829 2012 958 2041 Palatino

178 2049 324 2084 llhcnensi,
342 2053 504 2081 auxiliorum
531 2054 637 2090 imperii
656 2065 784 2091 supren-n
814 2058 894 2090 duce,
911 2061 956 2094 qui

178 2101 236 2132 post
254 2099 438 2134 scptetnvirali
453 2100 584 2136 dignitate
597 2101 714 2137 fulgens,
727 2103 805 2138 49],
823 2106 957 2132 honorata

176 2142 304 2175 gravique
333 2150 444 2170 senecta
472 2146 554 2172 vitam
583 2147 610 2173 in
638 2148 721 2174 terris
740 2150 839 2176 clausit.
866 2159 955 2177 suam.

175 2188 356 2216 Scrcnissima
380 2197 446 2217 sane
472 2191 660 2219 Palatirornm
679 2195 832 2229 principum
857 2195 957 2223 familia

1047 266 1084 294 De
1101 268 1208 294 ϐίη-ουρ
1223 267 1325 295 dictum
1342 276 1401 302 cap.
1421 268 1482 295 ΓΠ.
1498 267 1589 296 Insula
1616 269 1693 301 Balu,
1718 270 1794 297 locus

1010 316 1051 340 (ιλι
1068 313 1102 340 ad
1119 313 1205 348 ipsam
1221 313 1360 346 Coronen,
1376 315 1461 342 littori
1475 315 1628 350 proximus,
1652 323 1731 350 quem
1752 316 1794 342 in-

1009 359 1223 391 coluntGrazcie
1244 359 1345 387 Turcis
1373 361 1601 388 inhabitantibus.
1616 359 1684 387 Hinc
1714 361 1794 388 intel-

1010 406 1055 440 ligi
1071 410 1171 440 potest,
1185 407 1257 441 quod
1278 406 1349 441 apud
1371 407 1504 434 Ortelium
1529 407 1654 441 legimus,
1669 406 1793 434 Coronen

1010 451 1037 477 in
1062 451 1197 479 Messenia
1227 451 1420 486 Peloponnesi,
1446 452 1584 487 Sophiano
1614 452 1668 479 dici
1692 452 1793 483 Coron.

1011 496 1094 524 Mario
1111 497 1193 532 Nigro
1205 497 1273 525 Nisi.
1288 497 1394 533 Quippe
1408 497 1473 532 νησί
1496 497 1601 525 Graecis
1618 497 1736 525 insulam
1757 498 1795 525 si-

1010 542 1130 578 gniﬁcat,
1159 542 1318 578 integreque
1333 543 1384 571 diei
1413 543 1531 570 debebat
1561 544 1666 578 νησίον.
1686 543 1725 570 Ac
1746 544 1794 570 tuti

1011 596 1111 616 nomen
1133 588 1193 615 urbi
1210 596 1224 615 a
1240 593 1318 624 patre
1338 588 1422 625 Niger
1436 589 1521 616 dedit.
1538 588 1624 616 Badra
1643 588 1742 616 Turcis
1757 590 1794 616 cf-

1011 635 1098 663 fertur
1107 634 1288 669 Peloponnesi
1300 636 1383 663 urbs:
1398 635 1528 662 Patrasso
1537 640 1636 662 vocant
1648 635 1706 662 [tali
1721 645 1727 662 :
1745 637 1795 663 Pa-

1010 685 1058 709 tra:
1075 683 1212 716 quondam
1239 682 1343 710 Gra'cis
1371 689 1486 710 numero
1501 683 1682 710 multitudinis
1706 689 1795 709 enun-

1011 729 1140 756 tiabatur.

1125 774 1189 802 227.
1211 775 1356 801 (Jhnirmliu
1377 775 1551 806 Barbarossn,
1578 774 1679 802 Ccsm’r.

1045 819 1189 849 Notionem
1201 822 1327 849 vocabuli
1343 821 1490 848 Chairadin
1504 822 1593 856 capite
1609 821 1644 849 56
1660 821 1793 849 dedimus.

1010 867 1060 894 Hic
1091 868 1164 894 nulla
1186 868 1215 895 ﬁt
1246 867 1373 895 lloruccii
1406 869 1508 895 mentio
1536 873 1693 903 propterea,
1721 869 1794 903 quod

1011 914 1123 949 perierit
1143 918 1207 942 ante
1245 922 1327 949 quant
1348 922 1398 949 pro
1423 913 1521 942 Turcis
1552 914 1653 949 aliquid
1680 915 1794 948 insignis

1009 959 1048 985 rei
1070 959 1212 994 gessisset,
1240 960 1354 994 privatis
1371 963 1516 987 contentus
1531 959 1692 988 commodis.
1711 960 1795 994 Major

1009 1006 1032 1032 is
1052 1010 1116 1033 natu
1151 1005 1237 1033 frater
1261 1005 1448 1037 Chairadinis,
1476 1006 1527 1034 sub
1554 1006 1717 1040 archipirata
1742 1006 1794 1033 Ke-

1010 1051 1080 1077 male
1091 1059 1191 1078 nomen
1204 1055 1230 1078 et
1253 1059 1310 1078 rem
1336 1056 1503 1079 consecutus
1525 1059 1539 1078 e
1563 1052 1690 1086 piratica,
1719 1052 1788 1079 Seli-

1013 1104 1082 1122 mem
1099 1097 1227 1127 Arabem,
1244 1097 1320 1132 regni
1347 1097 1515 1133 Algericnsis
1529 1098 1677 1132 hmrcdem,
1695 1100 1737 1126 cui
1757 1107 1796 1127 ro-

1011 1147 1089 1176 gatus
1117 1144 1259 1178 Suppetias
1288 1144 1400 1176 tulerat,
1421 1151 1470 1179 per
1498 1143 1614 1172 insidias
1641 1145 1667 1171 in
1697 1146 1794 1173 balneo

1011 1189 1127 1221 necavit,
1144 1193 1170 1216 et
1184 1190 1279 1217 urbem
1293 1198 1354 1218 cum
1370 1199 1455 1226 regno
1470 1192 1520 1219 sibi
1539 1199 1587 1226 per
1598 1193 1651 1219 vim
1666 1195 1794 1221 asseruit.

1011 1234 1154 1271 Exstipcto
1171 1235 1271 1264 deinde
1287 1236 1432 1267 llorttccio,
1447 1237 1525 1271 cujus
1547 1237 1686 1265 interitum
1700 1239 1796 1267 Jorius

1010 1280 1169 1316 descripsit,
1186 1283 1363 1311 Chairadiues
1380 1284 1477 1317 frater,
1493 1290 1519 1311 ct
1538 1284 1595 1319 ipse
1616 1285 1701 1319 pirata
1721 1287 1796 1313 nobi-

1011 1325 1055 1357 lis,
1082 1326 1109 1353 in
1139 1328 1313 1361 possessione
1346 1330 1421 1362 regni
1453 1330 1609 1362 successit,
1633 1330 1795 1366 tandemque

1011 1370 1160 1398 Soleimani
1194 1372 1284 1399 factus
1312 1374 1392 1408 longe
1420 1374 1612 1406 charissimus,
1642 1383 1672 1402 ea
1700 1377 1794 1410 gessit,

1010 1424 1071 1451 qua:
1083 1417 1211 1453 deinceps
1228 1418 1256 1446 in
1275 1420 1423 1447 annalibus
1450 1425 1635 1455 exponuntur.
1659 1422 1697 1448 Ad
1724 1423 1796 1450 hunc

1013 1471 1061 1498 per
1077 1471 1199 1492 errorem
1217 1465 1309 1492 omnia
1328 1465 1488 1494 referuntur
1500 1467 1554 1499 hic,
1574 1467 1608 1494 de
1633 1471 1710 1502 capta
1730 1476 1796 1502 pra--

1011 1510 1105 1537 sertim
1121 1510 1248 1542 Cesairc,
1265 1519 1326 1546 quae
1341 1520 1355 1539 ιι
1374 1512 1468 1545 fratre,
1499 1514 1563 1540 dum
1580 1514 1693 1546 viveret,
1721 1521 1794 1547 gesta

1012 1554 1129 1582 fuerant.
1157 1556 1252 1584 Cesair
1279 1550 1422 1585 Numidiae
1450 1560 1629 1593 metropolis,
1657 1560 1794 1593 Algcrinm

1013 1601 1095 1636 vulgo
1109 1601 1222 1629 dicitur.
1235 1602 1336 1630 Priscis
1355 1607 1414 1631 erat
1430 1603 1501 1631 Julia
1515 1605 1650 1633 Ctesarea.
1676 1605 1780 1632 Nienlai

1012 1648 1061 1675 des
1088 1648 1222 1676 aMauris
1246 1649 1353 1681 Gczeir,
1370 1649 1506 1678 Arabibus
1524 1650 1649 1686 Elgezair
1673 1651 1726 1678 dici
1750 1659 1798 1685 pu—

1014 1699 1063 1725 tat,
1082 1695 1194 1722 nomine
1213 1695 1386 1730 signiﬁcante
1409 1696 1541 1727 insulam,
1562 1702 1677 1732 propter
1701 1698 1793 1724 Balea-

1012 1740 1083 1767 rium
1098 1745 1125 1767 ct
1137 1740 1251 1767 aliarum
1264 1741 1415 1768 insularum
1429 1742 1570 1774 viciniam,
1583 1750 1648 1769 sane
1662 1743 1795 1770 ridicule:

1012 1794 1073 1813 cum
1093 1791 1240 1821 utrumque
1255 1787 1289 1814 sit
1316 1786 1400 1819 idem,
1416 1788 1466 1814 nisi
1496 1788 1568 1822 quod
1587 1789 1664 1816 alteri
1688 1789 1798 1816 additus

1012 1837 1053 1858 est
1077 1840 1109 1859 Et.
1131 1832 1174 1859 vel
1203 1840 1235 1859 AL
1261 1832 1393 1860 articulus
1420 1833 1573 1868 Arabicns,
1600 1838 1628 1861 et
1652 1838 1798 1868 utrumque

1013 1881 1173 1912 corruptum
1188 1878 1224 1905 sit
1239 1885 1271 1905 ex
1292 1877 1416 1906 (ἐπείη-οε
1427 1899 1434 1910 ,
1448 1878 1518 1906 sicut
1532 1884 1559 1906 et
1576 1879 1681 1907 Cesair.
1697 1878 1798 1906 Barba—

1013 1924 1079 1950 riam
1106 1923 1196 1951 vocari
1222 1925 1389 1958 maritimam
1412 1925 1554 1958 Africam,
1578 1926 1657 1953 initio
1683 1925 1798 1960 Supple-

1013 1969 1096 1996 n'cnli
1128 1969 1276 1997 Annalium
1314 1971 1402 1996 nostri
1443 1971 1612 1999 monuimus.
1645 1973 1796 2006 Asprorum

1012 2016 1175 2049 quadragies
1193 2021 1303 2043 centum
1331 2016 1416 2043 millia
1433 2015 1537 2044 faciunt
1570 2021 1681 2045 centqu
1712 2018 1795 2044 Iltlllln

1012 2061 1192 2093 thalcro’rnm,
1206 2061 1295 2095 pretio
1306 2061 1404 2089 thaleri
1426 2062 1507 2089 unius
1516 2063 1548 2089 ad
1561 2063 1739 2098 quadraginta
1757 2071 1796 2090 as~

1013 2114 1076 2140 prus
1090 2111 1231 2138 revocato,
1245 2106 1318 2133 sicut
1331 2111 1471 2134 ostensum
1487 2113 1530 2135 est
1544 2109 1634 2143 capite
1648 2109 1691 2136 18.

1011 2163 1073 2190 Ξὶ8.
1093 2162 1190 2198 Ofﬁcia
1206 2163 1294 2190 Porta:
1314 2163 1465 2225 Οεηιαιιῐτᾶυ
1483 2165 1626 2198 prrccipua,
1645 2165 1798 2199 tttjttsntotli

1204 2216 1207 2219 ‹
1322 2205 1382 2225 sum
1402 2201 1434 2225 Ito
1454 2201 1486 2225 ie.

1322 2205 1382 2225 sum
1402 2201 1486 2226 hodie.

174 2239 229 2261 tam
248 2235 395 2269 superiori,
408 2244 489 2272 quant
505 2238 556 2266 hoc
565 2243 661 2266 contra
672 2240 852 2268 Soleimanent
875 2242 957 2276 bello,
974 2247 999 2277 D
1048 2244 1138 2275 Prius,
1158 2251 1239 2278 quam
1254 2245 1418 2272 accedamus
1433 2245 1466 2272 ad
1480 2246 1691 2279 explicationem
1707 2245 1797 2276 utfivii,

175 2280 318 2313 perutiletn
351 2281 498 2309 immortali
527 2291 588 2311 cum
614 2282 694 2311 laude
721 2293 769 2312 sua
801 2286 958 2321 reipublicae

174 2325 338 2354 Christianae
352 2328 462 2355 navavit
485 2336 596 2363 operam
613 2338 621 2357 :
638 2338 701 2358 cum
723 2331 836 2360 obsessa
851 2332 958 2361 Victma

176 2371 330 2407 Philippus,
342 2381 357 2400 e
372 2374 505 2403 Friderici
517 2377 600 2404 fratre
611 2377 734 2412 Ruperto
750 2384 842 2412 natus,
856 2380 883 2407 in
898 2381 959 2409 loco

174 2417 240 2445 nihil
256 2418 282 2446 id
304 2421 435 2455 tetnporis
446 2423 564 2455 munito,
583 2427 680 2451 contra
701 2427 756 2452 vim
775 2427 959 2460 potentissimi

176 2461 262 2490 ltustis
278 2463 464 2499 defendendo,
488 2476 568 2495 suum
593 2477 642 2503 pro
656 2471 743 2498 salute
759 2473 855 2506 patria:
878 2479 959 2508 caput

174 2508 319 2537 devoveret
332 2522 338 2539 :
352 2511 508 2542 Fridcr.cus
519 2520 546 2543 et
559 2516 721 2553 Wolfangus
733 2518 831 2547 fratres
848 2521 960 2549 Cremb-

174 2556 219 2587 sli.
234 2556 267 2584 ad
281 2557 417 2587 decimum
436 2568 450 2587 a
465 2561 568 2589 Vienna
587 2564 716 2599 lapidein,
746 2573 809 2593 cutn
826 2568 913 2602 copiis
933 2568 958 2595 in

175 2609 284 2631 omnem
302 2604 371 2632 bene
382 2608 506 2642 gerenda:
519 2609 555 2636 rei
569 2611 743 2639 occasionem
758 2613 855 2640 intenti
870 2614 962 2641 subsi-

175 2653 296 2684 sterent,
326 2658 359 2679 ac
391 2660 463 2680 nunc
491 2654 597 2683 demum
627 2665 698 2685 anno
725 2660 807 2686 tertio
831 2659 962 2687 redeunte

174 2693 339 2730 Soleimanc,
351 2699 456 2733 pritnus
472 2701 629 2730 Fridericus
646 2704 678 2730 ad
692 2703 891 2732 defendendam
904 2705 960 2732 Au-

175 2745 270 2772 striatn
288 2745 437 2781 advolaret,
452 2753 479 2775 et
492 2754 604 2783 paratus
618 2750 676 2785 ipse
691 2750 828 2778 Barbaros
844 2751 960 2786 impara-

176 2799 219 2821 tos
236 2800 262 2821 ct
281 2794 466 2829 imprudentes
483 2796 634 2829 invaderet,
651 2797 777 2830 caederet,
793 2798 959 2832 protllgaret.

178 2840 271 2872 nostis
294 2840 402 2874 quidem
418 2841 549 2877 elogium,
567 2842 599 2870 de
614 2850 686 2870 caeso
701 2843 735 2870 ab
752 2843 894 2870 Alamanis
910 2843 960 2870 Ca-

177 2894 241 2914 sanc
261 2886 424 2924 Illichalugli,
436 2889 469 2917 ad
483 2888 565 2923 ltujus
582 2889 690 2917 familia:
709 2889 815 2917 laudent
829 2890 957 2923 pertinet.

1011 2291 1083 2325 quod
1099 2291 1280 2318 Cbairadines
1295 2291 1339 2318 hic
1350 2294 1517 2319 consecutus
1532 2291 1661 2324 traditur,
1677 2291 1798 2324 supremi

1011 2336 1136 2364 videlicet
1163 2336 1316 2372 beglerbegi
1331 2336 1434 2370 maris,
1461 2344 1516 2363 uno
1543 2337 1652 2363 tandem
1681 2337 1800 2370 complc-

1012 2389 1119 2410 ctamur
1130 2383 1192 2411 loco
1205 2383 1291 2410 totius
1308 2382 1388 2416 aulze,
1404 2382 1447 2410 vel
1461 2381 1549 2410 Porta;
1565 2382 1655 2417 potius
1673 2381 1798 2410 Osmani-

1012 2436 1052 2457 ca:
1065 2429 1156 2457 ofﬁcia
1173 2430 1324 2463 praecipua,
1344 2429 1482 2463 rebusque
1508 2428 1634 2456 Turcicis
1660 2428 1799 2463 explican-

1011 2475 1053 2501 dis
1070 2479 1097 2501 et
1114 2474 1298 2509 intelligendis
1313 2474 1481 2501 necessaria.

1046 2518 1168 2546 Primum
1185 2518 1242 2546 haec
1255 2518 1319 2546 sciri
1334 2523 1442 2553 oportet
1458 2526 1520 2546 esse
1539 2518 1625 2546 duum
1656 2518 1735 2552 plane
1753 2526 1800 2553 ge-

1012 2571 1119 2595 nerum,
1149 2563 1212 2591 aliis
1241 2563 1312 2591 intra
1330 2564 1452 2591 saraium
1483 2564 1624 2598 deputatis
1656 2564 1802 2599 ipsiusmet

1012 2610 1112 2638 sultani
1131 2609 1306 2642 ministeriis,
1321 2616 1353 2637 ac
1371 2618 1473 2638 rursus-
1488 2611 1550 2638 aliis
1570 2615 1650 2637 extra
1678 2611 1799 2638 saraium

1013 2663 1062 2683 sua
1084 2655 1251 2683 obeuntibus
1269 2663 1394 2683 munera.
1599 2691 1607 2694 _

1137 2701 1216 2728 Intra
1235 2701 1354 2728 sardium
1369 2700 1396 2727 lti
1411 2701 1517 2728 sullano
1530 2702 1645 2729 seruiunt
1659 2709 1669 2729 :

1048 2747 1114 2781 Capi
1130 2747 1198 2780 Aga,
1214 2746 1255 2774 vel
1272 2746 1338 2782 Capi
1353 2747 1446 2781 Agasi.
1468 2746 1620 2775 Praefectus
1646 2752 1695 2775 aut
1717 2748 1800 2782 Capi-

1015 2798 1113 2820 lam-us
1135 2792 1234 2820 Portaz.

1049 2839 1105 2865 Oda
1124 2839 1212 2870 Bassi,
1230 2838 1418 2866 cubicularius
1435 2840 1569 2866 maximus
1603 2844 1631 2867 ct
1654 2840 1799 2873 prmfcclus

1015 2886 1160 2922 ltzoglanis
1177 2885 1268 2913 saraii.
1289 2885 1485 2913 Adulescentes
1498 2890 1573 2917 sunt,
1591 2887 1635 2920 qui
1663 2887 1695 2913 ab
1709 2887 1797 2914 artatis
