1963 3067
160 83 212 114 8.27

161 145 259 168 mtavo
275 143 307 168 ad
325 143 489 169 vicesimum
501 147 604 170 armum
638 151 733 176 usque,
751 152 799 178 pro
830 145 940 172 sultauu
957 150 980 176 Α

158 187 271 214 aluntur
287 192 314 214 et
333 187 485 216 educuntur
502 189 574 215 intra
590 191 725 222 saraium,
755 191 882 224 varieque
897 199 945 225 pro

161 233 253 260 indole
271 241 320 261 sua
338 234 532 269 instituuntur,
552 237 705 271 pratsertitn
736 241 766 264 ut
794 237 882 270 legere
904 238 946 263 di-

160 284 251 312 scant,
265 287 293 307 et
308 282 442 315 scribere,
456 287 483 309 et
496 283 623 318 jaculari,
637 289 664 310 et
674 283 799 318 equitare
810 302 818 316 ,
841 285 946 320 legunt-

157 333 213 361 que
225 325 481 355 Mahumetanarum
495 336 633 356 summam
658 329 820 365 percipiant.

193 371 356 399 Cltasnadar
369 373 453 400 bassi.
470 373 674 402 Thesaurarius
692 374 839 402 maximus.

196 418 311 445 Kilertzi
332 419 417 446 bassi.
434 418 614 455 Dispensator
631 421 779 448 maximus.

197 464 275 492 Serui
291 464 345 492 Dar
370 466 465 501 Agasi,
481 466 524 494 vel
538 466 616 494 Serui
632 468 719 495 bassi.
734 468 886 502 Supremus
903 476 946 495 sa-

159 510 211 538 raii
230 511 388 546 praefectus,
403 513 517 540 absente
530 515 652 543 sultauo.

196 557 230 584 Et
246 557 272 583 hi
288 558 399 592 quidem
413 567 509 587 omnes
527 562 662 594 spadones
679 562 719 588 vel
740 563 852 589 castrati
871 568 945 595 sunt,

162 611 195 630 ae
210 604 310 638 singuli
330 605 383 632 sub
413 613 443 632 se
456 606 549 640 plures
579 607 658 638 alios,
689 608 780 636 itidem
811 615 947 637 castratos

161 650 203 677 vel
220 651 374 684 eunucltos,
399 652 510 679 habent.

197 697 356 726 Secundum
372 698 432 731 hos,
448 703 504 726 tres
519 699 546 726 itt
560 700 655 734 primis
667 700 855 729 adolescentes
872 707 946 736 sunt,

162 745 251 780 ipsius
278 745 381 772 sultani
411 745 574 773 ministeriis
600 745 798 780 inservient‘es,
827 755 946 782 quorum

160 791 218 818 hac
234 792 346 818 nomina
359 799 367 817 :

177 867 183 872 ,
196 837 338 870 Silichtar,
357 836 405 872 qui
419 844 525 870 arcum,
540 837 666 872 sagittas,
684 845 760 865 arma
777 843 874 865 cattera
889 839 946 866 sul-

160 883 215 910 tani
238 888 343 918 portat.

197 929 342 957 Tzohadar
358 948 366 962 ,
390 930 437 964 qui
465 930 583 957 vestium
609 931 710 958 sultani
741 938 834 958 curam
865 930 943 966 gerit,

158 976 274 1012 ejusque
291 975 514 1010 scaramangium
532 979 639 1010 portat,
657 976 692 1003 ad
721 977 867 1003 arcendam
886 977 946 1010 plu-

158 1024 228 1050 viam
247 1023 360 1050 factum.
383 1021 422 1050 De
440 1022 492 1050 hoc
517 1022 624 1058 plenius
653 1023 757 1050 dietutn
781 1021 944 1057 eapite199.

195 1068 321 1103 Kiuptar,
337 1068 382 1096 cui
398 1071 481 1103 potus
497 1068 599 1096 sultani
627 1068 836 1095 commendatus
850 1073 902 1100 est,
919 1073 946 1095 et

158 1115 205 1150 qui
218 1122 326 1149 semper
344 1121 428 1149 eques
448 1113 530 1141 etiant
557 1120 605 1149 pro
631 1113 739 1141 sullano
766 1113 819 1140 l'ert
846 1121 944 1149 aquam

160 1169 252 1188 secum
269 1161 296 1188 in
309 1161 413 1196 lagena.

199 1208 321 1235 Pertinet
337 1208 393 1236 huc
407 1207 501 1240 etiam,
518 1207 544 1234 id
561 1211 612 1239 est,
637 1206 756 1234 refertur
768 1206 840 1234 inter
856 1206 945 1233 ollieia

160 1254 256 1286 saraii,
271 1253 402 1287 Bostangi
421 1254 508 1285 bassi,
531 1252 678 1288 pratfectus
694 1252 850 1281 hortulanis
866 1261 872 1279 :
901 1252 945 1280 cui

160 1301 329 1329 delectorum
346 1308 361 1327 e
378 1300 600 1328 Christianorum
618 1298 712 1328 liberis
737 1296 946 1335 Alzamoglano—

162 1356 222 1375 rum
237 1355 321 1383 supra
338 1352 457 1382 quatuor
471 1347 555 1374 millia
573 1351 680 1382 parent.

199 1395 270 1422 Sunt
287 1397 379 1421 autem
396 1393 439 1421 Itis
453 1393 583 1421 omnibus
602 1393 644 1420 stti
657 1397 710 1420 tam
727 1393 835 1426 vicarii,
863 1400 946 1428 quant

161 1440 208 1468 alii
222 1440 355 1469 ol'lictales
369 1439 507 1471 attributi,
521 1439 568 1474 qui
587 1446 637 1474 pro
660 1439 775 1474 antiquo
793 1445 870 1467 more
886 1447 948 1474 gra—

159 1486 243 1513 datim
261 1485 295 1512 ad
318 1485 468 1520 dignitates
499 1491 642 1519 supremas
671 1484 754 1522 492
782 1485 944 1512 ascendunt.

159 1532 316 1563 lnserviunt
337 1537 428 1558 autettt
448 1531 576 1558 recensiti
595 1531 728 1558 hactenus
753 1530 805 1565 ipsi
836 1531 946 1558 sultano

160 1579 231 1605 intra
247 1577 378 1611 saraium,
406 1584 438 1604 ac
456 1576 591 1612 siquidem
609 1583 694 1612 eques
705 1585 720 1604 e
741 1576 831 1604 saraio
846 1576 946 1612 prodit,

159 1631 256 1652 omnes
279 1631 341 1651 eum
356 1623 546 1656 comitantur;
578 1622 621 1650 siti
636 1621 729 1657 aliquo
746 1628 775 1648 se
793 1622 862 1648 mari
880 1629 947 1649 cott-

160 1671 223 1703 lert,
243 1670 302 1705 ipse
321 1669 465 1705 Bostangis
483 1669 563 1697 bassa
578 1669 687 1696 clavum
704 1667 797 1699 eaicte,
817 1668 874 1695 sive
891 1675 947 1694 na-

161 1717 236 1752 vigii,
252 1723 309 1752 quo
323 1716 450 1743 sultanus
464 1715 584 1746 vehitur,
602 1719 675 1742 tenet
697 1722 729 1742 ac
748 1714 892 1749 gubernat.

193 1762 234 1788 Ad
247 1761 368 1788 saraium
381 1767 491 1796 queque
500 1761 640 1795 pertinent
654 1760 693 1794 hi,
711 1767 826 1795 quorum
839 1759 948 1787 nomina

160 1814 330 1843 sequuntur:

196 1853 363 1887 Zeschnegir
376 1852 464 1885 bassi,
480 1856 660 1888 praegustator
675 1853 823 1884 maximus.
839 1858 866 1881 et
881 1861 948 1888 prte-

160 1899 351 1935 gustatoribus
370 1899 490 1931 caeteris,
521 1899 688 1937 plus_utinus
714 1905 835 1932 centum,
855 1900 949 1934 praefe-

161 1952 233 1975 ctus.

195 1993 307 2028 Mutpac
318 1992 419 2026 Emini,
443 1993 589 2028 praefectus
617 1993 725 2026 culina',
747 1993 788 2020 vel
809 1993 849 2021 rri
876 1993 949 2021 coci—

159 2040 254 2067 uaria.

195 2087 278 2115 Aehsi
294 2087 380 2120 haesi,
400 2093 507 2122 coquus
520 2086 666 2113 maximus.

252 2134 341 2161 Extra
357 2134 476 2161 seruiunt
488 2133 543 2161 inec
560 2133 652 2167 ofﬁcia
677 2138 850 2160 numerantur
870 2141 879 2160 :

736 87 932 117 PANDECJ‘E
948 88 1047 118 lilS'l‘.
1074 89 1222 120 'l‘l'RClli.

1730 92 1782 124 t98

1033 146 1192 180 Sequuntur
1211 148 1282 174 vezir
1307 147 1403 180 hasne,
1431 146 1520 182 capita
1547 147 1654 175 scilicet
1673 149 1782 175 consilii

997 191 1139 220 sultanini.
1157 193 1300 226 Quondam
1317 194 1429 221 nonnisi
1464 199 1518 221 tres
1533 198 1581 221 aut
1605 198 1724 228 quatuor
1740 202 1783 220 ve-

997 237 1068 264 zires
1085 243 1175 271 erant,
1198 239 1236 266 uti
1262 240 1343 274 paulo
1366 244 1426 273 post
1439 247 1619 274 exponemus.
1642 240 1694 266 Sed
1709 247 1783 266 nunc

997 283 1039 310 vel
1055 283 1150 319 plures
1174 284 1216 311 vel
1231 285 1387 319 pauciores.
1404 290 1484 320 prout
1499 285 1587 312 visunt
1616 285 1697 313 luerit
1723 287 1781 312 sul-

996 331 1062 355 tano
1077 327 1246 363 deliguntur.
1263 329 1424 364 Supremus,
1444 330 1490 368 qui
1516 330 1591 357 vezir
1608 338 1684 357 azem
1712 331 1782 357 Tur-

997 373 1037 401 cis
1048 374 1213 409 appellatur,
1238 375 1312 402 solus
1330 375 1489 402 universqu
1515 376 1632 402 maxima
1649 383 1711 402 etim
1734 384 1783 409 po-

999 424 1095 448 testate
1112 421 1288 448 administrat
1313 421 1469 456 imperium,
1497 421 1604 448 exteris
1631 421 1658 448 in
1680 420 1784 448 Diiatn

998 465 1081 501 (quod
1095 467 1259 501 explicatum
1274 474 1372 493 nomen
1399 471 1440 494 est
1457 466 1508 494 sub
1533 468 1613 494 linem
1644 467 1691 493 ΓΗ
1711 475 1784 500 capt-

998 511 1044 547 tis)
1060 512 1100 540 sic
1121 511 1328 545 assidentibus,
1354 513 1422 540 nihil
1447 518 1476 540 ut
1493 513 1543 548 ipsi
1575 513 1782 548 proloquantur.

998 557 1036 584 Ex
1064 558 1106 586 his
1129 559 1212 585 etiam
1242 559 1368 593 deligitur
1394 559 1498 594 judicio
1528 560 1641 592 sultani,
1666 560 1713 594 qui
1735 560 1805 597 Set;

998 603 1096 636 Asker,
1119 609 1145 631 et
1166 605 1217 632 Ser
1240 605 1291 633 Dar
1317 606 1486 640 appellatur.
1510 605 1679 640 explicandis
1705 607 1802 641 paulo.

999 656 1062 685 post
1077 651 1226 678 vocabulis.
1250 651 1318 678 Cum
1346 659 1396 679 nos
1425 651 1673 686 Constantinopolr
1691 646 1803 687 agerc-il

999 704 1072 730 mus,
1097 697 1219 724 vezirum
1242 697 1362 732 dignitas
1400 705 1414 724 a
1445 698 1552 726 sultano
1577 698 1692 730 Μαι-ηιμ,
1717 677 1803 726 novoi

999 744 1145 777 cmteroqui
1157 743 1290 777 exemplo,
1304 750 1401 771 novem
1419 743 1508 771 bassis
1517 749 1578 771 erat
1590 744 1702 777 tributa,
1718 752 1785 779 quo-

1000 796 1059 815 rutu
1074 788 1212 824 subjicere
1227 790 1340 817 nomina
1367 790 1433 817 libet
1455 798 1461 818 :

1035 835 1061 862 1.
1082 834 1184 862 Osman
1202 835 1293 869 bassa,
1312 836 1478 870 chirazem,
1501 841 1528 864 ct
1544 836 1593 864 Ser
1623 837 1675 864 Dar
1688 841 1784 865 contra

999 880 1107 908 Persas.

1032 926 1049 953 2
1071 927 1186 955 Messich
1201 929 1290 957 bassa.

1033 974 1059 1001 3.
1081 974 1233 1002 Meehetnet
1250 976 1342 1003 bassa.

1032 1018 1061 1046 4.
1082 1020 1124 1046 Ali
1152 1020 1376 1055 Cztpitattltassa,
1402 1022 1582 1058 beglcrhegus
1607 1024 1706 1055 maris;
1738 1031 1786 1050 no-

1000 1065 1067 1092 stris
1085 1064 1153 1092 Uluz
1166 1065 1220 1097 Ali,
1235 1065 1287 1093 hoc
1300 1072 1353 1098 est,
1369 1067 1411 1093 Ali
1422 1071 1555 1102 apostata.

1056 1129 1063 1138 .
1085 1111 1208 1150 lbrahitu
1223 1111 1302 1140 bassa
1319 1112 1498 1147 brglerhegus
1513 1114 1586 1140 Cairi
1601 1115 1640 1141 rrl
1664 1115 1782 1150 Aigypti.

1054 1177 1061 1185 .
1083 1157 1287 1192 Fethatbassa,
1303 1158 1364 1186 belli
1384 1159 1439 1186 dux
1459 1164 1555 1186 contra
1569 1159 1677 1188 Persas.

1054 1224 1062 1231 .
1083 1203 1184 1231 Giaﬂ‘er
1199 1204 1290 1232 bassa.

1053 1269 1061 1276 .
1083 1249 1126 1276 Ali
1145 1250 1235 1281 bassa,
1255 1250 1359 1278 sororis
1371 1251 1607 1279 sultanimaritus.

1034 1297 1064 1325 9.
1084 1297 1214 1332 Cicalogli
1230 1298 1320 1332 bassa,
1336 1299 1513 1336 belgerbegus
1529 1297 1642 1328 Revani.

1034 1343 1101 1372 Post
1114 1345 1229 1377 vezlres,
1246 1345 1410 1373 auctoritate
1437 1347 1555 1373 maxima
1577 1352 1639 1375 sunt
1663 1352 1718 1374 tres
1739 1347 1784 1374 he-

999 1390 1129 1426 glerbegi,
1148 1397 1266 1424 quorum
1291 1391 1336 1418 hic
1350 1392 1418 1418 ordo
1439 1399 1447 1418 :

1035 1434 1143 1462 ﬂumeli
1159 1434 1219 1468 belg
1238 1436 1315 1470 rbrg,
1343 1430 1393 1462 hoc
1409 1440 1451 1464 est
1474 1435 1614 1464 [ientantze
1634 1444 1692 1465 stre
1709 1436 1784 1464 Cra:—

1000 1487 1060 1508 οιτε.

1035 1111 1051 1137 5

1033 1157 1049 1184 6

1036 1204 1050 1229 7

1034 1250 1050 1277 8

1036 1537 1146 1564 Anatoli
1163 1536 1318 1572 bcglerbeg,
1345 1537 1396 1564 hoc
1415 1540 1468 1569 est,
1493 1536 1626 1564 Anatolius
1645 1537 1687 1564 vel
1703 1537 1783 1565 Asim.

1037 1582 1131 1609 Deuizi
1144 1583 1298 1616 beglerheg,
1314 1583 1364 1609 hoc
1376 1587 1428 1614 est,
1443 1583 1546 1610 maris:
1561 1583 1607 1617 qui
1623 1583 1702 1618 vulgo
1712 1582 1784 1609 Tur-

999 1628 1040 1656 cis
1056 1637 1128 1656 nuuc
1146 1633 1258 1664 recepto
1272 1629 1415 1662 vocabulo,
1438 1629 1552 1664 Capitan
1574 1632 1653 1657 bassa
1675 1639 1785 1665 quoque

1000 1676 1168 1703 nominatur.

1036 1721 1068 1749 Hi
1084 1727 1138 1749 tres
1151 1730 1242 1757 parem
1257 1723 1284 1749 in
1302 1723 1422 1750 sedendo
1437 1722 1527 1750 locum
1543 1728 1571 1750 et
1589 1723 1720 1751 ltonorrm
1734 1725 1784 1751 ob"

1001 1769 1090 1796 tinent
1101 1776 1162 1796 eum
1180 1770 1247 1803 ipsis
1265 1769 1354 1796 bassis
1368 1769 1517 1801 veziribus,
1536 1770 1643 1804 quoties
1659 1770 1687 1796 in
1707 1770 1785 1796 Diva-

1001 1823 1066 1846 nun:
1083 1815 1220 1850 publicum
1234 1814 1358 1843 veniunt.

1036 1861 1165 1897 Sequitur
1179 1860 1327 1888 Niscltanzi
1351 1862 1394 1889 vel
1411 1861 1536 1889 Nissanzi
1563 1862 1654 1893 bassa,
1670 1862 1715 1896 qui
1742 1861 1784 1888 lit-

1001 1913 1074 1936 teras
1102 1915 1211 1940 omnes,
1229 1908 1378 1943 omniaque
1397 1908 1523 1935 mandata
1543 1911 1569 1935 et
1593 1908 1783 1940 instrumenta,

1000 1958 1136 1988 quotquot
1148 1953 1220 1988 apud
1236 1952 1346 1980 Portant
1361 1953 1556 1988 expediuntur,
1578 1953 1713 1986 obsignat,
1740 1960 1785 1980 ve-

1002 2002 1049 2028 luti
1068 2008 1216 2036 supremus
1232 2001 1323 2027 Porta
1340 2000 1537 2027 caucellarius.

1037 2047 1106 2074 Tres
1123 2047 1314 2082 Depltterdari,
1329 2053 1446 2081 quorum
1470 2046 1587 2080 primus,
1602 2050 1695 2073 nostro
1711 2052 1787 2074 more

1003 2093 1149 2128 loquendo,
1167 2100 1268 2128 praeses
1293 2099 1409 2119 camerae
1430 2091 1472 2119 vel
1487 2091 1634 2126 praal'ectus
1659 2097 1702 2118 est
1717 2099 1801 2131 atra-1

1003 2140 1035 2167 rii
1050 2139 1206 2172 maximus;
1223 2139 1278 2166 duo
1294 2138 1409 2174 reliqui,
1425 2138 1499 2166 velut
1515 2138 1626 2175 collegae
1643 2139 1744 2174 ipsius,
1759 2144 1787 2166 et

197 2180 307 2208 Primus
317 2180 442 2208 omnium
456 2180 536 2208 locus
550 2184 593 2207 est
608 2179 724 2215 Muphti,
739 2181 789 2215 qui.
803 2188 948 2216 supremus
965 2184 987 2212 D
1004 2186 1154 2216 minutal-ii
1167 2175 1289 2213 'ﬁscales.

161 2231 205 2256 est
218 2227 349 2255 Alcorani
363 2227 422 2255 sive
448 2227 647 2254 Mahumetanae
662 2226 730 2261 legis
753 2227 906 2261 interpres,
922 2230 948 2253 et

161 2274 351 2301 auctoritatem
366 2273 437 2308 apud
445 2272 552 2300 'l‘ureos
566 2280 626 2299 eam
647 2272 762 2305 obtinet,
778 2280 858 2306 quam
876 2271 948 2307 l‘apa

161 2319 222 2348 sive
237 2318 362 2354 pontifex
379 2318 520 2346 maximus
535 2317 608 2353 apud
629 2317 758 2351 Latinos,
777 2319 848 2353 apud
874 2317 950 2346 Grae-

161 2374 220 2400 cos,
236 2365 405 2401 patriarcha.

201 2412 269 2440 iluie
286 2412 404 2447 proximi
420 2415 486 2440 sunt
503 2411 690 2440 Cadilescheri
705 2411 747 2440 vel
759 2411 950 2446 Cadiascheri,

164 2460 286 2494 supremi
306 2464 333 2486 et
348 2458 481 2486 ordinarii
497 2458 657 2486 militarium
687 2458 864 2493 civiliumque
887 2466 952 2486 cau-

165 2513 259 2534 sarum
273 2505 400 2540 judices;
427 2511 499 2532 unus
516 2512 564 2539 per
585 2503 717 2532 Gratciam
739 2504 780 2532 vel
802 2503 950 2541 Europam,

166 2553 258 2580 dictus
273 2550 383 2578 Rumeli
396 2551 572 2580 tiadilescher
585 2558 592 2582 ;
612 2550 681 2578 alter
695 2557 744 2585 per
755 2551 858 2583 Asiam,
877 2550 953 2576 Aua-

166 2599 214 2626 tuli
232 2598 424 2626 Cadilescher:
446 2597 547 2633 quibus
574 2597 684 2624 tertium
712 2597 827 2624 Selimes
847 2597 952 2632 primus

167 2645 302 2679 adiunxit,
319 2649 381 2680 post
396 2644 529 2672 subactos
552 2643 700 2671 Armenios
726 2643 872 2678 quosdam,
891 2643 954 2670 Dul-

166 2692 336 2727 gadirenscs,
349 2689 503 2726 Egyptios,
515 2690 611 2725 Syros,
626 2689 746 2723 Arabes;
766 2689 880 2725 ideoque
895 2697 954 2717 ina-

164 2738 211 2772 jus
226 2740 268 2764 est
286 2736 369 2772 hujus
386 2736 518 2768 ofﬁcium,
546 2741 658 2772 propter
684 2736 886 2763 multitudinem
906 2744 952 2771 po-

167 2785 312 2818 puloruut,
338 2786 365 2810 et
398 2783 519 2818 ipsarum
558 2783 698 2818 regionum
729 2783 950 2818 amplitudinem.

167 2829 249 2857 Plura
264 2829 297 2856 de
313 2829 358 2856 his
373 2829 493 2856 dixin-us
505 2823 594 2863 ’supra
609 2837 669 2864 cap.
683 2829 728 2857 ‘29.

1038 2232 1104 2260 liais
1122 2231 1234 2267 Kiutap,
1256 2222 1336 2266 cujus
1359 2231 1387 2258 in
1402 2231 1529 2259 manibus
1548 2235 1614 2259 sttnt
1640 2238 1737 2259 omnes
1751 2230 1786 2257 li-

1003 2279 1057 2312 bri,
1088 2277 1296 2310 commentarii,
1330 2285 1372 2304 res
1397 2277 1431 2304 ad
1453 2277 1576 2311 .arehiva
1607 2277 1785 2312 pertinentes.

1004 2324 1121 2357 Ideoque
1132 2324 1246 2359 gradum
1265 2322 1485 2350 viceeancellarii
1498 2325 1638 2355 tenet,aut
1650 2321 1730 2356 primi
1746 2321 1785 2347 vel

1004 2370 1120 2398 maximi
1140 2368 1293 2397 secretarii.
1509 2361 1517 2370 ’

1037 2414 1141 2442 Omnes
1159 2418 1248 2442 autem
1283 2413 1416 2442 hactenus
1440 2413 1592 2441 enumerati
1621 2420 1671 2440 suo
1699 2412 1724 2439 in
1741 2413 1786 2439 Di-

1004 2468 1073 2488 vano
1091 2460 1198 2496 publico
1222 2460 1373 2488 sessionem
1393 2459 1505 2487 habent.
1733 2466 1735 2468 ·

1039 2507 1068 2534 ln
1082 2507 1178 2534 eodem
1200 2505 1305 2532 Divano
1324 2504 1422 2533 sedent
1432 2503 1515 2531 etiam
1530 2504 1711 2539 quadraginta
1726 2504 1787 2539 plus

1004 2555 1096 2582 minus
1111 2551 1249 2584 lasitsehi,
1266 2551 1325 2579 sive
1337 2550 1493 2583 secretarii,
1517 2550 1560 2578 vel
1579 2551 1706 2583 actuarii.
1738 2551 1785 2583 qui

1004 2600 1154 2635 scripturas
1175 2598 1280 2632 absque
1308 2604 1384 2624 mora
1400 2597 1545 2632 perﬁciunt
1572 2601 1608 2625 et.
1627 2597 1787 2633 expediunt.

1004 2647 1043 2675 Ac
1070 2650 1145 2673 tanta
1168 2644 1279 2680 quidem
1313 2644 1461 2672 sedulitate
1491 2649 1626 2679 geruntur
1641 2645 1745 2676 omnia,
1760 2649 1788 2670 ut

1004 2695 1063 2729 ipsa
1079 2692 1189 2727 negotia
1203 2690 1398 2726 propemodum
1414 2690 1509 2718 eodem
1541 2695 1660 2725 tempore
1690 2698 1788 2724 propo-
1831 2719 1836 2723 .

1004 2744 1114 2770 nantur,
1135 2735 1330 2764 consultationi
1355 2735 1547 2769 subjiciuntur,
1561 2739 1588 2762 et
1617 2733 1786 2761 exsecutinni

1006 2785 1181 2812 mandentur.

1043 2832 1201 2865 Sequuntur
1216 2831 1289 2865 Agre,
1307 2829 1405 2857 Turris
1432 2828 1542 2864 Agalati
1568 2827 1649 2862 dicti,
1674 2832 1790 2856 munero
