1963 3067
196 126 250 160 899

196 234 297 260 habent
329 232 478 260 sessionem
503 231 530 258 in
556 232 659 258 Divano
678 231 719 258 vel
739 231 898 266 synhedrio.
920 233 978 259 sive

195 279 303 306 consilii
337 277 439 312 publici
466 277 545 310 loco,
577 278 720 312 nihiloque
748 277 839 305 minus
870 277 981 313 obligati

194 330 270 357 sunt,
290 324 326 350 uti
344 323 466 358 quotidie
495 328 674 358 compareant
698 323 724 350 in
746 324 847 358 saraio,
875 324 982 359 sibique

199 371 334 404 iii-putatis
352 371 378 396 in
405 369 472 397 locis
497 369 558 396 aliis
578 369 700 397 sedeant.
733 368 879 397 Notionem
906 370 982 398 Vocis

194 418 248 452 Aga
265 415 363 443 lecturi
378 423 439 450 cap.
459 415 511 443 175
527 416 665 443 dedimus.

229 463 382 497 l’rincipem
400 470 464 490 vero
480 462 552 489 inter
568 463 616 489 bos
633 461 776 497 Agalarios
797 461 887 489 locum
904 462 979 490 obti-

194 514 240 536 net
269 510 458 544 genizarorunt
476 516 524 544 aga
547 509 604 536 sive
620 509 759 540 tribunus,
782 510 828 543 qttl
852 509 979 535 Kibaiam

194 555 251 582 sive
268 555 400 582 vicarium
428 562 518 587 suum,
537 559 564 582 et
584 555 757 589 capitane‘os,
775 560 802 582 et
821 555 981 582 cohortium

193 601 289 632 duces,
314 604 341 627 et
367 600 434 627 alios
454 599 554 628 officiis
573 599 716 635 praefectos
744 600 836 627 habet.
855 599 983 633 Adeoque

195 648 245 674 sub
261 647 321 682 ejus
337 646 436 674 vexillo
450 650 506 674 tam
523 648 724 681 genizarorum,
742 653 822 680 quam
838 644 982 672 sciat-cbo-

195 702 268 725 runt,
283 693 380 728 viginti
396 693 508 720 circiter
530 692 671 719 hominum
691 691 772 718 millia
788 691 917 718 militant.

230 740 377 767 Proximus
394 739 457 767 huic
475 739 543 766 emir
569 738 661 766 Ilalem
674 758 681 769 ,
710 738 755 773 qui
780 745 925 772 supremtts
941 739 983 764 est

195 787 340 820 vexillifer,
355 792 382 814 et
407 787 434 814 in
460 786 684 821 expeditionibus
707 785 836 813 vexillum
863 785 983 812 sultani-

196 842 259 860 i.um
281 836 381 868 gestat,
400 837 427 860 et
442 832 543 868 alioqui
559 832 654 859 vexilla
667 831 848 867 beglcrbegis,
864 832 891 858 in
909 838 982 857 mor-

195 867 376 906 tuorumloca
402 878 579 911 substitutis,
603 878 753 912 itidemque
780 877 982 912 sangiacbcgis.
998 867 1022 898 Β

195 924 287 952 offert.
301 924 406 960 Quippe
422 933 483 952 cum
496 925 559 960 quis
572 925 669 952 borum
686 932 701 950 ει
713 923 802 951 bassis
821 923 847 950 in
860 923 983 949 defuncti

179 973 288 999 —Iocum
306 971 413 999 electus
434 975 487 1005 est,
507 979 568 998 mox
589 971 659 998 emir
679 969 772 998 lialem
792 969 945 1004 symbolum
960 969 984 996 ci

196 1018 339 1052 tlignilatis
370 1017 502 1044 vexillum
527 1017 609 1043 tradit
626 1025 634 1049 ;
652 1016 734 1044 simul
754 1015 936 1052 tympanislas
957 1019 983 1042 et

198 1066 326 1092 tibicines
345 1064 378 1092 ad
397 1064 507 1091 domum
527 1062 568 1090 vel
589 1063 735 1090 tentorium
749 1063 830 1089 electi
865 1062 915 1089 sub
938 1069 985 1089 ve-

198 1117 305 1144 speram
324 1109 419 1141 mittit,
436 1112 462 1135 ct
475 1107 536 1135 istic
560 1107 668 1142 pulsare
702 1113 839 1142 tympana,
858 1108 938 1134 tibias
954 1113 984 1133 ac

196 1155 303 1183 ﬁstulas
319 1154 400 1190 493
416 1155 518 1181 instare
540 1153 627 1188 jubet.
652 1152 780 1180 Officium
811 1153 983 1180 fructuosum

196 1207 247 1233 est,
266 1206 292 1228 et
310 1201 390 1235 primi
421 1200 572 1228 secundum
600 1201 791 1235 genizarorum
831 1207 908 1235 agam
936 1207 985 1227 tto-

197 1249 279 1276 mittis
292 1255 324 1275 ac
337 1247 401 1274 loci.

230 1306 338 1341 Capilli
362 1305 461 1336 bassaa.
481 1304 564 1331 modo
580 1309 709 1339 quatuor.
733 1303 814 1331 modo
845 1312 903 1336 sex,
933 1313 983 1340 pro

197 1352 311 1379 arbitrio
329 1351 431 1378 sultani
444 1355 582 1377 creantur.
599 1351 631 1377 Et
646 1349 768 1384 praefecti
782 1354 847 1377 sunt
872 1349 985 1385 capitzi-

199 1397 283 1427 lariis,
297 1396 322 1422 id
336 1399 390 1428 est,
406 1395 572 1429 janitoribus
594 1405 601 1423 ;
633 1395 788 1429 habentque
817 1394 915 1430 singuli
932 1394 984 1422 sub

197 1450 226 1470 se
240 1446 377 1469 trecentos
407 1446 454 1467 aut
470 1441 687 1476 quadringentos
699 1440 896 1474 capillilarios,
916 1447 985 1475 quo-

198 1496 257 1514 runt
273 1493 315 1514 est
333 1486 469 1514 inservire
486 1486 572 1521 ipsius
588 1493 712 1521 persona!
727 1485 840 1518 sultani,
865 1494 984 1521 eumque

196 1532 390 1563 circumstare,
412 1531 521 1565 quoties
554 1530 662 1565 publice
679 1530 835 1557 facultatem
865 1531 984 1559 adeundi

197 1583 226 1602 se
241 1576 352 1610 praebet,
370 1575 442 1609 quod
457 1575 623 1602 audientiam
647 1576 713 1602 dare
729 1576 843 1603 dicunt:
866 1580 893 1603 et
920 1577 982 1604 belli

197 1628 331 1657 tetnpore,
351 1621 460 1656 quando
486 1624 613 1650 sultanus
638 1623 665 1650 in
680 1624 779 1651 castris
797 1628 848 1655 est,
875 1624 980 1651 circum

197 1670 284 1702 ipsum
298 1659 428 1696 excubias
445 1669 532 1696 instar
551 1669 784 1709 cubiculariorum
799 1660 893 1705 a’gztnt.

232 1716 290 1742 Duo
314 1715 436 1750 puel‘ecti
455 1715 572 1748 stabulo,
593 1715 681 1751 major
698 1721 724 1744 et
753 1716 854 1744 minor.
870 1715 981 1745 Primus

198 1762 265 1796 ipsis
291 1761 376 1795 llujuc
402 1760 478 1788 Emir
501 1760 591 1794 Abor,
615 1761 656 1789 vel
679 1762 782 1794 Achor,
813 1763 853 1789 vel
871 1762 981 1791 Achur:

197 1805 390 1840 altenfnttzug
408 1805 482 1832 Emir
502 1805 605 1838 Achnr,
622 1806 783 1840 appellatur.
802 1806 888 1841 Vulgo
908 1814 982 1834 uter-

197 1859 249 1886 que
263 1851 365 1878 dicitur
390 1851 533 1878 [mbrahor
550 1851 635 1878 bassi.
651 1851 729 1885 Apud
758 1851 868 1878 Grzccizc
885 1856 982 1887 practo-

197 1905 253 1924 tem
270 1902 396 1925 nostrum
417 1905 468 1925 vox
494 1901 537 1924 est
559 1897 767 1932 ἀμυραχούρης,
795 1905 828 1924 cx
849 1896 925 1924 Etnir
954 1903 981 1925 et

196 1946 289 1972 Aehur
308 1945 402 1972 itidem
431 1944 514 1972 facta.
543 1943 609 1972 Vide
627 1952 642 1972 a
658 1945 738 1973 nobis
756 1945 890 1980 explicata
918 1954 980 1980 cap.

198 1991 241 2024 l-l,
255 1995 281 2018 et
289 1998 349 2025 cap.
359 1991 424 2023 200,
439 1991 472 2018 ad
486 1999 554 2018 χχιιι
566 1995 672 2025 portam
684 1990 974 2027 Constantinopoleos.

199 2037 304 2065 Habent
323 2038 349 2065 hi
367 2046 432 2065 suos
447 2038 530 2065 etiam
546 2038 671 2070 Kibaias,
682 2038 708 2065 id
722 2043 777 2071 est,
791 2038 921 2072 vicarios,
953 2044 980 2066 et

199 2085 268 2113 alios
283 2084 427 2119 prtefectos
442 2084 554 2117 oiiiciis,
580 2092 729 2120 eorumque
744 2087 841 2120 paretat
856 2085 979 2120 imperiis

196 2131 337 2158 hominum
352 2130 385 2157 ad
399 2131 453 2157 dtto
471 2131 567 2158 millia.

231 2175 321 2203 Tzaus
337 2175 420 2208 bassi,
439 2177 599 2210 capitancus
614 2177 671 2204 sive
684 2177 829 2212 prmfeetus
848 2177 979 2205 Tzausio-

195 2231 268 2253 rum.
289 2223 335 2256 qui
350 2230 465 2249 munero
479 2223 541 2257 plus
557 2223 647 2250 minus
664 2229 728 2250 Slllli.
757 2224 934 2259 septingenti,
953 2229 980 2252 et

196 2277 255 2294 ιιιιιιι
272 2269 410 2295 nobilibus
424 2269 521 2295 aulicis
534 2270 688 2303 Comparari
712 2274 841 2305 possunt,
863 2278 980 2305 quorttm

196 2315 302 2342 Evilicel
318 2322 401 2349 opera
427 2315 511 2341 variis
534 2315 672 2349 principes
688 2316 714 2344 in
734 2317 980 2345 commissionibus

196 2368 222 2389 ι·ι
243 2363 376 2390 mandatis
396 2362 577 2396 expediuudis
602 2363 806 2391 etdeducendis
823 2369 981 2393 exterorum

198 2409 350 2444 principum
369 2409 476 2444 legatis.
489 2413 615 2436 utunt-Ir.

233 2454 471 2489 Capitzilariorum
504 2455 637 2487 Kicbaia,
671 2457 807 2483 maximus
843 2457 982 2490 vicarius,

196 2501 332 2536 quasique
361 2502 560 2536 subprchet-tus
590 2504 712 2530 omnium
740 2503 979 2538 Capitzilariorum

195 2547 428 2580 sivejanilorum.
449 2547 514 2583 Ejus
537 2549 654 2576 oﬂiciuat
681 2554 778 2583 poscn,
794 2555 823 2576 ut
848 2558 900 2577 uua
920 2560 980 2578 eum

198 2591 376 2620 Tzausiornnt
397 2594 475 2622 bnssa
502 2596 585 2630 pedes
604 2597 630 2622 in
648 2597 747 2623 divano
765 2605 857 2624 coram
888 2597 982 2624 Bassis

195 2643 278 2672 astet,
300 2644 458 2674 argenteum
494 2649 575 2668 manu
604 2642 732 2670 baculum
755 2648 863 2676 tenens,
899 2653 980 2679 quem

192 2686 303 2714 Graecos
315 2687 418 2714 dixisse
433 2688 573 2722 σκῆπτρον
590 2690 647 2716 sive
673 2696 810 2724 sceptrum
840 2699 900 2725 cap.
929 2691 980 2718 175

194 2733 364 2760 notavimus:
377 2738 402 2759 ut
418 2733 641 2767 introducaleos,
657 2736 702 2770 qui
715 2736 801 2762 audiri
821 2737 978 2770 pestulanl:

193 2783 222 2805 ut
242 2779 390 2812 scripturas
405 2787 419 2806 c
441 2778 554 2812 DiVano,
570 2787 632 2806 CIIII)
650 2788 716 2807 usus
734 2781 829 2815 exigit,
844 2782 876 2808 ad
893 2783 979 2809 sulta—

193 2831 256 2850 nuut
274 2823 358 2849 ferat:
373 2825 486 2859 ejusque
506 2825 624 2851 vicisaim
643 2827 795 2853 sententias
819 2827 977 2861 (resolutio-

194 2877 242 2897 nes
255 2869 334 2904 vulgo
355 2872 459 2906 dirum)
476 2871 634 2899 veziraZemi
652 2862 762 2898 referat.

798 125 1208 158 JO.\NNISI.E17NCL.\VII

196 185 390 219 multitudinis,
409 184 452 212 vel
468 183 610 217 officiales,
626 184 684 211 sive
703 184 819 215 tribuni.
847 185 893 220 qui
925 193 979 212 non
998 190 1020 217 Α

1075 187 1266 222 Illmaphcraki
1285 188 1368 219 bassi,
1384 187 1543 224 capitaneps
1557 188 1690 216 baronum
1710 196 1739 217 ac
1757 197 1826 225 pra-v

1035 233 1171 268 cipuorun
1189 234 1320 269 begornm
1336 234 1415 267 aulae,
1426 234 1472 270 qui
1491 243 1545 262 non
1564 239 1695 263 tenentur
1708 236 1737 262 in
1751 236 1825 263 mili-

1037 279 1101 306 tiam
1119 280 1268 314 prolicisci.
1286 281 1340 307 nisi
1359 281 1479 316 aliquam
1499 281 1526 308 in
1543 282 1747 318 expeditionem
1766 284 1826 310 sul-

1036 329 1117 353 tanus
1144 326 1201 360 ipse
1219 327 1348 361 prodeat.
1369 326 1487 362 ideoque
1510 334 1666 356 nostrorum
1685 329 1718 356 ad
1745 329 1829 356 lia-o-

1036 377 1102 399 num
1115 373 1336 407 similitudinem,
1355 374 1432 401 libeti
1443 383 1504 402 esse
1515 375 1618 402 Yoiuttl.
1634 375 1728 411 Maiori
1744 378 1798 404 etia
1813 389 1827 403 ιι

1037 426 1068 446 ex
1087 423 1163 454 parte
1175 419 1222 446 lilii
1252 425 1317 447 sunt
1340 421 1496 454 bassatum,
1512 414 1670 456 procerum,
1701 422 1826 458 beneque

1038 465 1199 492 meritorum
1215 465 1336 493 virorum
1353 467 1386 493 de
1402 467 1570 494 Osmanidis.

1073 511 1125 538 Sex
1143 512 1250 546 Agalari
1270 513 1327 540 sive
1356 513 1457 540 tribuni
1490 513 1685 548 Spacbiorum,
1717 515 1744 543 id
1774 522 1827 549 est,

1037 558 1175 592 equitatus
1207 557 1364 596 immediate
1401 559 1521 593 deputati
1551 560 1684 588 custodia}
1713 562 1828 590 sultani.

1038 603 1140 630 Horum
1157 604 1214 631 haec
1231 605 1343 631 nomina
1361 610 1425 632 sunt
1447 615 1454 633 :

1073 651 1099 677 1.
1115 650 1270 684 Spaboglan
1288 651 1353 685 Aga,
1379 651 1419 678 vel
1441 652 1534 687 Agasi.

1075 697 1102 724 2.
1123 697 1253 723 Silichlar
1265 697 1358 732 Agasi.

1071 743 1097 769 5.
1114 744 1167 779 Sag
1180 743 1296 771 Ult-fetzi
1314 744 1401 771 bassi.

1073 790 1101 816 4.
1117 789 1162 816 Sol
1176 789 1292 817 Ulcl’ctzi
1309 791 1393 819 bassi.

1074 835 1091 862 5
1117 835 1135 862 S
1146 844 1171 871 lg
1182 835 1265 863 Gztrib
1284 837 1377 872 Agasi.

1070 881 1096 908 (i.
1105 882 1160 908 .Sol
1174 882 1257 909 Garib
1273 884 1367 918 Agasi.

1073 927 1174 954 [lorum
1199 937 1264 955 vero
1293 930 1465 958 tribunorum
1495 932 1688 968 unusquisque
1721 933 1828 962 duobus

1036 978 1081 1000 aut
1097 974 1185 1001 tribus
1209 975 1332 1010 equitum
1354 977 1476 1005 millibus
1492 984 1601 1012 protest.

1073 1020 1231 1054 Sequuntur
1260 1029 1313 1048 non
1348 1023 1447 1057 pauci,
1484 1031 1600 1058 quornnt
1629 1026 1828 1060 appellationes

1037 1065 1201 1101 simpliciter
1225 1067 1269 1094 hic
1288 1075 1432 1102 ponemus,
1446 1070 1472 1096 in
1488 1071 1701 1098 commodiorem
1713 1072 1824 1099 dilaturi

1037 1112 1126 1140 locum
1141 1118 1194 1140 tam
1210 1114 1387 1149 prolixiorem
1411 1116 1444 1143 de
1461 1116 1514 1149 bis,
1529 1125 1610 1151 quatit
1635 1117 1669 1144 de
1692 1119 1828 1152 plurimis

1036 1165 1170 1194 prmterea
1205 1169 1278 1188 nunc
1308 1162 1419 1190 silentio
1445 1165 1644 1198 przetereundis
1668 1166 1828 1199 explicatio-

1037 1215 1108 1234 DCIII.

1072 1254 1155 1288 Topzi
1172 1255 1257 1288 bassi,
1271 1255 1416 1290 praefectus
1431 1257 1592 1290 ariiliiarLC,
1617 1258 1675 1286 sive
1692 1259 1775 1286 rebus
1791 1259 1826 1286 ad

1037 1305 1171 1327 tormenta
1184 1302 1279 1329 bellica
1299 1303 1496 1337 spectantibus.

1072 1345 1231 1381 Tzegebetzi
1259 1347 1352 1382 bassi,
1378 1349 1528 1384 praefectus
1545 1351 1649 1383 armis,
1676 1350 1717 1377 vel
1735 1358 1830 1377 arma-

1039 1396 1113 1419 turzv.

1073 1439 1179 1467 'l'zader
1192 1439 1291 1469 Mecter
1304 1442 1389 1475 bassi,
1414 1443 1559 1478 prtefectus
1576 1447 1713 1475 tentoriis.

1075 1484 1188 1513 Tzalitli
1207 1487 1308 1516 lliccter
1335 1489 1418 1521 bassi.
1433 1490 1581 1525 praefectus
1607 1494 1781 1523 tubicinibus
1802 1501 1830 1523 et

1039 1532 1152 1559 mnsicze
1162 1534 1309 1562 sultaninze
1325 1537 1472 1564 castrensi.

1076 1579 1154 1607 Aulzi
1171 1580 1256 1613 bassi,
1277 1589 1423 1616 supremus
1444 1584 1483 1611 rei
1508 1587 1656 1614 venatoriae
1670 1588 1829 1623 prarfet‘Ius.

1076 1623 1195 1659 Doganzi
1212 1627 1296 1659 bassi,
1311 1628 1458 1663 prazfectus
1484 1632 1670 1667 acripitrariis
1692 1636 1751 1664 sive
1779 1637 1829 1664 fat.

1039 1679 1170 1701 Cﬂl'lill'lls.

1077 1717 1241 1753 Tzagerschi
1258 1721 1344 1756 bassi,
1358 1725 1506 1758 praefectus
1522 1727 1601 1761 nisis,
1615 1737 1686 1764 quos
1699 1737 1829 1765 spatach

1038 1771 1083 1791 τος
1100 1772 1242 1795 vocamus.

1075 1811 1228 1840 Samsontzi
1250 1815 1334 1848 bassi,
1364 1818 1511 1852 praefectus
1543 1811 1660 1849 canibus
1678 1825 1826 1851 venaticis.

1038 1857 1094 1886 lloc
1110 1858 1227 1887 officium
1240 1861 1313 1889 inter
1328 1865 1464 1899 prateipua
1493 1874 1664 1896 numeratur.
1690 1870 1722 1896 Et
1737 1880 1828 1905 qunn-

1037 1904 1098 1952 dam
1115 1913 1147 1932 ex
1163 1905 1196 1933 iis
1212 1908 1257 1942 qui
1275 1915 1421 1943 praeerant,
1442 1913 1522 1948 deligi
1542 1915 1734 1950 genizarorum
1748 1904 1826 1952 Ἀκτι-

1033 1949 1098 1976 larii
1124 1951 1181 1977 sive
1200 1952 1314 1985 tribuni,
1345 1955 1482 1983 solebant.

1073 1993 1189 2029 Seguam
1207 1997 1293 2030 bassi,
1306 1999 1452 2033 praefectus
1461 2002 1594 2036 iumentis
1607 2007 1784 2041 sagmatariis
1798 2008 1828 2035 in

1035 2041 1166 2074 exercitu,
1185 2043 1223 2070 vel
1243 2044 1268 2070 in
1287 2046 1420 2073 comitatu
1439 2050 1552 2076 suitani.
1568 2049 1696 2080 Iumenta
1709 2061 1773 2081 vero
1784 2063 1830 2082 sa-

1036 2087 1179 2120 gmataria,
1188 2089 1227 2116 vel
1239 2093 1386 2125 sagmaria,
1396 2094 1436 2121 vel
1448 2097 1565 2124 samaria
1577 2098 1636 2132 (pre
1644 2099 1743 2133 quibus
1755 2109 1830 2128 ιυιιι-

1037 2133 1123 2162 maria
1133 2143 1185 2162 non
1195 2141 1267 2164 recte
1276 2138 1357 2165 scribi
1367 2140 1435 2174 apud
1446 2141 1827 2178 Belvacensem,nstendiums

1036 2178 1177 2214 capite‘20)
1196 2181 1282 2209 Graeci
1314 2191 1412 2212 vocare
1430 2186 1530 2220 solent,
1546 2195 1609 2222 qua:
1624 2191 1714 2218 ttoslri
1731 2193 1823 2220 clitel-

1037 2223 1112 2252 Iaria.
1128 2225 1197 2256 Sunt
1214 2227 1241 2255 in
1258 2228 1300 2256 his
1312 2231 1385 2264 equi,
1405 2232 1481 2264 muli.
1500 2235 1617 2263 cameli:
1647 2237 1766 2266 rariores
1782 2244 1825 2266 ta~

1038 2280 1098 2299 lllcti
1117 2275 1186 2308 apud
1202 2275 1307 2304 ancos
1324 2278 1357 2305 ad
1377 2280 1449 2307 hunc
1463 2288 1541 2308 usnat
1557 2283 1632 2318 equi,
1653 2285 1743 2319 plures
1761 2287 1826 2314 ntuli

1036 2321 1062 2344 et
1091 2320 1200 2347 cameli.
1221 2321 1392 2358 Quapropter
1413 2333 1427 2352 a
1444 2325 1571 2361 Segnanc
1585 2331 1747 2358 reccnseudi
1781 2339 1827 2359 \e-

1038 2370 1126 2391 munt.

1072 2411 1180 2440 Develzi
1197 2414 1280 2446 bassi,
1302 2417 1445 2450 praefectus
1471 2420 1506 2447 iis
1532 2423 1579 2452 qui
1593 2424 1713 2451 camelos
1728 2430 1826 2460 agunt.

1072 2459 1188 2486 Catet'izi
1211 2461 1296 2494 bassi,
1313 2464 1458 2497 praefectus
1475 2469 1652 2502 agasonibus,
1668 2472 1709 2498 vel
1737 2473 1827 2499 mulos

1037 2506 1193 2539 agentibus.

1073 2550 1162 2586 llarpa
1176 2553 1278 2585 Entini.
1297 2555 1442 2590 przefectus
1458 2566 1591 2594 equorum
1607 2562 1719 2596 pabulo.

1073 2597 1174 2625 l‘ra-ter
1189 2600 1237 2627 hos
1259 2609 1312 2627 non
1324 2603 1413 2637 exigui
1429 2606 1551 2634 nominis
1566 2607 1600 2634 ad
1619 2613 1726 2642 portam
1741 2613 1825 2637 sunt:

1073 2643 1192 2678 Dephter
1209 2645 1296 2673 Emini
1318 2648 1464 2682 prmfectus
1480 2651 1568 2683 libris.
1584 2654 1687 2688 quibus
1702 2654 1824 2683 Timaria

1036 2690 1218 2717 continentur.
1234 2691 1267 2719 Et
1282 2701 1364 2728 supra
1393 2696 1506 2730 copiose
1519 2698 1634 2731 dictum,
1665 2707 1728 2734 cap.
1760 2702 1823 2733 186,

1033 2735 1066 2762 de
1079 2737 1194 2764 timariis
1209 2743 1235 2765 et
1246 2739 1401 2774 timartotis,
1415 2744 1472 2770 sive
1484 2745 1668 2773 timaratis.Et
1681 2747 1769 2774 Emini
1779 2756 1825 2782 ge-

1034 2783 1276 2819 neraliteraltoqui
1294 2786 1433 2819 significat
1447 2797 1520 2821 eum,
1538 2792 1583 2825 qui
1602 2798 1750 2826 proventus
1765 2796 1822 2820 sive

1032 2826 1136 2853 reditus
1168 2827 1274 2862 aliquos
1289 2832 1386 2865 recipit
1402 2838 1429 2859 et
1447 2834 1633 2863 administrat.

1031 2893 1034 2907 ;
1069 2872 1149 2900 liihat
1165 2873 1263 2908 lixa-ini,
1278 2878 1510 2911 superintemlcns
1538 2883 1717 2917 cancellarire,
1732 2885 1814 2912 veluti
