1963 3067
148 117 200 153 (105

727 109 926 149 PANDECTE
949 109 1049 145 lilS’f‘.
1067 108 1221 144 Teucro.

1720 109 1772 140 90ft

147 185 199 213 que
216 176 323 212 regredi
339 181 433 211 posset
450 175 602 202 exercitus.
624 174 746 202 Seachus
775 175 858 201 etiam
886 173 936 200 So-
949 173 973 202 A
987 170 1091 202 scachi,
1107 169 1186 204 cujus
1206 168 1230 196 ei
1259 175 1338 195 soror
1360 171 1500 202 nupserat,
1531 166 1633 194 illustri
1661 167 1720 193 viro
1740 167 1774 193 ad

147 223 247 258 phinus
262 230 370 249 onmem
384 221 425 249 eis
441 223 575 248 annonam
591 220 625 246 ab
641 221 715 247 omni
730 223 806 254 parte
817 218 934 253 praeclu.

147 273 229 295 serat.
242 266 319 294 Unde
327 266 442 299 factum,
452 270 482 293 ut
498 266 568 293 fame
579 265 693 301 partim,
719 265 818 300 partim
833 263 934 298 frigore

147 314 276 341 dimidius
291 312 444 340 Turcorum
461 312 603 340 exercitus
616 311 728 347 periret.
741 311 853 345 Absque
865 317 935 336 non-

147 359 282 386 nullorum
291 358 401 394 quidem
413 359 605 385 Armeniorum
632 357 729 385 fuisset
746 364 840 391 opera,
851 355 937 390 regio-

146 405 189 432 nis
203 405 277 432 illius
292 405 439 431 admodum
453 405 612 440 peritorum,
634 404 681 438 qui
703 402 824 430 maxime
848 402 936 436 pretio

147 451 242 479 Turcis
251 458 388 478 annonam
402 446 566 482 vendebant,
577 455 670 477 actum
682 449 771 476 adhuc
784 449 861 484 pejus
873 456 935 476 cum

146 497 212 532 ipsis
224 497 331 524 fuisset.
342 495 524 531 Conspicatus
538 496 566 523 in
583 495 625 523 his
634 496 813 524 constitutum
823 494 938 522 difﬁcul-

147 544 249 570 tatibus
268 541 444 570 Osmanidam
458 543 575 570 scachus
593 538 736 574 TamaSes.
763 550 778 569 e
800 541 937 570 Corasane

146 599 208 617 cum
221 589 394 625 paucioribus
408 597 489 624 quam
504 589 598 616 decem
612 597 723 616 suorum
739 589 868 621 millibus.
880 597 938 616 mo-

146 640 224 669 vens,
235 633 392 663 Taurisium
408 636 485 668 adiit,
502 636 549 663 ubi
562 637 673 671 triginta
685 636 839 663 Tureorum
854 636 936 662 millia

148 683 235 709 tribus
249 682 299 709 sub
311 682 427 709 ducibus
439 686 527 715 erant,
546 683 597 709 sub
614 681 717 714 Ulatna,
731 681 897 717 Sirvanogli,
910 687 937 709 ct

146 724 283 763 Jadigiare
299 729 368 763 bego
385 737 392 754 :
410 736 529 763 quorum
547 728 666 764 quisque
687 729 781 755 decem
815 728 936 755 millibus

147 774 271 808 equitnm
291 777 415 808 praeerat.
434 769 466 800 lli
490 781 551 800 cum
577 773 757 808 accepissent,
784 773 936 808 Sopbinnm

146 817 264 848 Tanrisii
282 821 350 848 fines
371 821 528 856 ingressum
543 828 616 852 esse,
629 820 786 854 prodierunt
806 826 936 847 cxtmur-

987 215 1171 243 Soleimanem
1206 223 1221 242 a
1247 215 1350 242 scacho
1381 215 1538 247 deficiente,
1554 221 1722 249 magnosque
1746 221 1777 240 se

986 262 1058 289 duce
1084 269 1230 290 successus
1260 262 1284 289 ei
1314 261 1513 296 promittente:
1546 268 1595 289 nec
1628 264 1777 295 prtetextus

987 307 1067 342 longe
1080 307 1246 341 qumrendus
1270 312 1340 340 erat,
1373 315 1434 335 cum
1465 315 1520 340 pra:
1553 307 1678 333 manibus
1704 311 1777 333 esset

986 354 1130 381 Persarum
1161 361 1175 380 a
1197 355 1303 382 caeteris
1344 354 1546 381 Mahumetanis
1585 352 1776 380 dissidentium

987 407 1056 427 nova
1069 400 1238 434 superstitio,
1265 400 1300 427 ab
1328 400 1457 427 Erdebile
1481 404 1590 433 coepta,
1616 399 1778 426 Techmasis

988 453 1050 477 avo,
1063 447 1098 474 ab
1112 446 1222 473 lsmaile
1238 447 1362 482 Sophino
1384 451 1462 482 patre
1486 447 1654 481 defensaque
1680 454 1778 480 propa-

987 498 1117 527 galaqne,
1133 492 1293 521 Techmasis
1309 494 1392 521 etiam
1414 493 1570 528 patrocinio
1586 493 1716 520 subnixa.
1740 492 1779 518 De

989 541 1040 566 hac
1054 544 1081 566 et
1098 540 1237 566 annalium
1263 540 1289 567 in
1313 540 1474 574 appendice,
1503 541 1554 567 sub
1573 540 1682 566 initium
1714 539 1777 566 belli

988 586 1101 617 Persici.
1123 587 1227 620 prolixe
1248 587 1444 619 disseruimus,
1459 592 1485 614 et
1511 587 1690 622 adiunximus
1713 587 1778 617 alia,

988 633 1119 667 rap.188
1141 633 1288 661 Pandectis
1315 634 1408 668 hujus.
1437 634 1559 662 lndidem
1580 634 1666 661 lector
1699 633 1780 659 intel-

989 678 1072 713 ligere
1090 684 1191 714 potest,
1217 681 1289 714 quod
1320 681 1364 708 hic
1390 680 1510 708 traditur
1537 680 1673 714 obiecisse
1691 679 1778 707 Tech-

989 727 1070 759 masi,
1101 726 1247 762 Persisque
1285 728 1401 758 caeteris,
1431 726 1618 754 Soleimanes:
1646 726 1777 753 nimirum

989 780 1036 800 eos
1051 773 1145 800 debito
1166 778 1286 808 quatuor
1310 774 1474 801 Mahumetis
1496 774 1643 809 prophetas
1674 774 1779 800 honore

990 826 1046 846 non
1069 821 1208 854 prosequi.
1237 820 1361 853 Quatuor
1387 823 1458 847 enim
1475 821 1503 848 hi
1532 820 1692 848 Mahnmctis
1722 825 1776 846 tum

148 867 220 899 belli,
241 874 325 902 seque
340 867 518 894 dimicaturos
532 867 558 893 in
572 868 676 893 hostem
690 867 820 900 professi,
833 860 916 894 Tauri
927 882 938 886 -
955 874 976 901 Β
992 865 1072 897 socii,
1089 869 1145 892 tum
1160 874 1346 898 successores,
1374 866 1485 894 fuerunt
1513 866 1596 893 Ebubi
1607 867 1658 899 kir,
1684 865 1758 892 Ome'
1770 886 1777 895 .

148 913 187 939 sio
197 912 305 939 deserto
321 911 412 947 fugam
431 911 618 946 arripuerunt.
629 911 779 945 Sophinus,
791 912 884 938 urbem
897 911 938 938 itt-

149 966 270 993 gressus,
286 959 466 986 munitionem
484 966 499 985 a
529 959 626 985 Turcis
654 959 816 985 fabricatam
842 959 936 991 diruit,

149 1004 315 1038 altencisque
346 1005 490 1031 tormentis
520 1004 711 1037 comminutis,
743 1009 881 1035 monetam
905 1013 938 1032 ex

149 1059 203 1078 ere
220 1051 349 1086 signavit.
372 1050 553 1085 Posteaquam
574 1051 742 1078 Suleimaues
757 1051 789 1078 ad
818 1051 937 1086 Bagada-

151 1096 197 1123 tim
216 1097 330 1123 hiement
366 1098 522 1124 universam
544 1098 692 1132 exegisset,
718 1098 846 1126 abductis
876 1099 938 1126 inde

151 1144 249 1178 copiis,
267 1140 422 1171 Taurisinm
438 1152 533 1172 versus
548 1145 626 1178 abiit,
642 1150 668 1171 ct
679 1146 772 1173 urbem
785 1146 936 1180 ingressus,

150 1190 245 1216 diebus
263 1190 299 1217 ibi
313 1190 469 1224 quindecim
483 1193 593 1223 mansit,
624 1199 656 1218 ac
677 1192 775 1226 laqueo
805 1193 937 1227 suspendi

149 1232 314 1270 Jadigiarem
344 1237 440 1271 begum
481 1237 605 1264 Eminem
630 1237 723 1272 jussit,
751 1239 829 1272 cujus
859 1239 937 1274 culpa

151 1282 253 1308 factum
271 1282 370 1315 fuerat,
384 1283 456 1317 quod
486 1290 499 1309 a
518 1281 617 1310 Turcis
648 1290 744 1312 contra
769 1284 866 1312 Persas
883 1294 936 1312 non

151 1335 210 1356 crat
239 1329 408 1357 dimicatum.
439 1330 495 1358 Hoc
520 1331 593 1358 enim
623 1333 735 1359 nomine
760 1338 938 1359 accusaverat

151 1375 239 1409 ipsum
260 1375 355 1403 Ulama
377 1383 438 1402 cum
457 1376 784 1411 Sip’auogli.SOp|tittus,
799 1378 937 1406 intellecto

151 1421 333 1449 Soleimanem
352 1442 359 1454 ,
378 1423 461 1450 motis
490 1423 626 1458 Bagadate
654 1425 751 1459 copiis,
779 1424 936 1456 Taurisium

151 1466 272 1499 tendere,
293 1467 319 1494 in
351 1469 489 1503 regionem
505 1469 653 1497 Corasanis
680 1473 834 1506 serecepit.
866 1472 937 1499 Tan-

151 1514 211 1540 dem
238 1512 407 1542 Soleimaues
440 1516 704 1552 Constantinopolim
726 1526 852 1546 reversus
882 1524 935 1553 est,

151 1562 230 1588 firmo
249 1561 375 1597 Bagatlati
395 1564 524 1598 praesidio
553 1570 648 1592 contra
662 1565 814 1600 Sophinum
847 1567 937 1602 impo-

151 1608 214 1639 sito,
229 1608 272 1635 cui
288 1608 472 1638 Solcimanem
484 1612 593 1639 bassam
610 1620 671 1639 cum
688 1613 842 1649 bcglerbcgi
858 1614 937 1642 titulo

151 1655 282 1690 praefecit.
293 1656 476 1686 Albancnsem
489 1659 530 1686 vel
546 1659 684 1694 Epirotam
702 1661 826 1693 natione,
840 1662 937 1696 adjun-

151 1704 203 1730 clis
216 1703 240 1731 ci
254 1704 365 1739 triginta
382 1706 490 1734 duobus
524 1707 677 1735 Turcorum
699 1709 834 1738 millibus.
865 1710 936 1738 Tau-

150 1749 245 1776 risium
263 1758 337 1784 vero,
360 1752 424 1786 quia
458 1753 582 1780 relictum
599 1754 633 1781 ab
659 1762 692 1781 eo
717 1755 809 1783 fuerat
833 1757 937 1792 absque

150 1798 290 1832 praesidio,
313 1806 440 1826 reversus
466 1800 603 1834 Sopliinus
626 1801 701 1828 nullo
719 1803 829 1837 negotio
859 1810 936 1831 recu-

151 1845 266 1878 peravit.
283 1844 315 1871 Et
331 1845 464 1874 hactenus
478 1847 535 1874 hazc
551 1846 758 1883 Spandnginus,
785 1849 865 1884 cujus
893 1850 936 1878 in-

155 1890 300 1924 terpretari
318 1895 344 1918 et
360 1893 517 1920 exseribere
532 1893 623 1920 locum
652 1895 798 1929 voluimus,
827 1899 857 1922 ut
873 1904 934 1923 cum

150 1937 291 1965 muralium
305 1939 463 1967 narratione
478 1940 598 1967 conferri
628 1941 724 1975 possit.
743 1941 874 1970 Libenter
893 1948 936 1971 ta-

150 1991 212 2010 men
229 1984 298 2019 :cqui
314 1985 427 2013 lectores
450 1985 623 2019 fatebuntur,
642 1994 656 2013 a
682 1987 781 2016 Turcis
805 1989 936 2024 pleraque

151 2029 249 2055 tradita
263 2030 365 2057 rectius
381 2039 412 2057 ac
426 2031 545 2064 plenius.

198 2075 261 2102 251.
276 2075 343 2102 Belli
360 2076 458 2103 Persici
473 2085 565 2111 causa,
583 2079 698 2112 occasio,
715 2085 869 2114 prwteztus.

151 2119 311 2155 ,Solemus
336 2123 460 2157 exemplo
490 2122 663 2159 Thucydideo
692 2126 827 2154 bellorum
861 2127 936 2155 αἴτια.

149 2167 208 2194 sive
235 2174 344 2199 causas,
370 2169 404 2196 ab
418 2170 611 2198 occasionibus
639 2177 666 2199 et
682 2173 860 2206 prmtcxtibus
879 2174 935 2201 dis-

149 2214 275 2247 tinguere
302 2214 464 2250 (προφάσεις
491 2219 519 2242 et
549 2217 678 2252 ἀφορμὰς
706 2218 765 2252 ipse
796 2224 886 2253 vocat,
909 2225 936 2248 et
952 2225 974 2252 ι)

149 2261 336 2296 προσχήμαῖα
352 2261 504 2298 πολέμων),
516 2270 576 2297 qua:
596 2271 658 2290 curn
677 2265 783 2299 magnis
801 2273 830 2292 se
857 2267 936 2300 prin-

149 2306 268 2341 cipibus,
282 2308 430 2342 czeteroqui
447 2308 582 2335 bellorum
596 2308 726 2336 adversus
741 2311 872 2338 finitimos
889 2320 935 2347 ge-

149 2351 298 2379 rendorum
310 2352 408 2384 avidis,
426 2352 546 2380 offerunt
560 2362 566 2379 :
585 2362 724 2389 nunquatn
733 2356 772 2382 eis
789 2361 935 2390 praetextus

149 2397 261 2429 desunt,
277 2405 347 2432 quos
372 2397 513 2425 affectibus
530 2398 598 2429 suis,
623 2403 651 2425 et
666 2400 864 2433 cupiditatibus
893 2401 934 2428 in-

147 2443 242 2478 justis,
273 2444 432 2471 obtendant.
456 2443 496 2471 lta
523 2445 692 2479 suscipiendi
723 2452 818 2474 contra
837 2445 934 2475 Persas

148 2489 215 2517 belli
233 2497 296 2517 vera
309 2497 391 2517 causa
407 2489 572 2517 Soleimanis
588 2495 647 2518 erat
662 2492 688 2518 in
705 2492 809 2524 animo.
839 2495 934 2521 deces-

149 2543 242 2562 serunt
267 2542 393 2568 suorum,
422 2535 639 2563 Mucbemetisll
671 2538 775 2571 proavi,
807 2538 935 2574 Bajazitis

149 2581 204 2614 avi,
222 2580 389 2616 Selimisqne
402 2582 490 2616 patris
502 2582 660 2616 aemulatio:
687 2585 732 2618 qui
747 2592 810 2612 cum
838 2585 934 2613 Persa-

149 2634 210 2654 rum
239 2626 347 2654 scachis
376 2627 526 2655 acerrimas
553 2628 712 2656 inimicitias
741 2637 933 2662 exercuerant.

148 2676 175 2698 et
186 2671 330 2705 aliquoties
342 2678 420 2707 atque
437 2672 494 2699 fere
511 2672 596 2700 Marte
612 2681 674 2700 cum
690 2675 730 2701 eis
743 2675 932 2709 conflixerant,

149 2716 202 2743 sibi
219 2715 356 2744 fortunam
374 2718 460 2752 magis
480 2718 625 2752 propitiam
644 2719 736 2747 Persis
750 2720 934 2754 opprimendis

148 2767 176 2789 et
188 2762 371 2797 adiungendis
391 2763 506 2797 imperio
521 2772 571 2791 suo
591 2766 779 2798 pollicebatur.
796 2766 852 2793 lloc
870 2775 931 2794 cum

148 2808 242 2835 animo
256 2814 305 2836 suo
319 2809 498 2837 constitutum
533 2811 656 2844 habenti,
672 2820 723 2839 nec
756 2813 866 2840 occasio
883 2813 932 2840 de—

149 2853 220 2887 fuit;
237 2852 334 2881 Ulama
356 2853 435 2888 bego,
450 2855 535 2888 gestis
550 2856 619 2882 bello
641 2857 721 2883 rebus
750 2862 776 2884 et
803 2856 931 2884 affinitate

306 2902 442 2932 PATROL.
467 2903 524 2933 Gtt,
554 2899 650 2929 CLIX.

991 911 1092 938 Osuian
1123 918 1149 938 et
1171 913 1214 939 Ali
1232 922 1239 939 ε
1260 921 1377 948 quorum
1403 913 1542 948 prioribus
1572 913 1669 940 ordine
1692 913 1779 938 tribus

991 957 1114 993 rejectis,
1133 965 1260 993 quartum
1290 959 1372 993 Alim,
1400 960 1564 987 lllaliumetis
1595 960 1778 995 propinquum

990 1008 1017 1030 et
1030 1012 1172 1038 generum,
1190 1006 1279 1033 Persio
1294 1007 1410 1040 probant
1425 1015 1457 1033 ac
1470 1012 1648 1034 venerantur.

1022 1051 1085 1078 23‘2.
1108 1051 1264 1084 Cui-disrari,
1281 1053 1373 1086 Curdi,
1390 1054 1505 1086 Ii'eldan,
1519 1054 1652 1089 Cordyna,
1670 1054 1757 1081 Curti.

1026 1098 1192 1126 Rcineccius
1224 1100 1250 1126 in
1268 1100 1419 1134 appendiee
1450 1101 1483 1128 ad
1517 1107 1642 1128 octavum
1658 1102 1779 1137 Aylhutti

990 1150 1081 1180 caput,
1103 1146 1207 1173 Cordos
1225 1151 1251 1173 et
1280 1147 1416 1175 Cordinos
1445 1149 1528 1176 nimis
1552 1149 1605 1176 late
1635 1148 1779 1176 Turcicam

989 1195 1095 1222 gentem
1114 1198 1176 1218 esse
1203 1192 1324 1226 prodidit
1347 1201 1379 1220 ex
1403 1193 1509 1221 Joanne
1527 1194 1620 1222 Leone
1640 1195 1778 1223 Africano.

989 1235 1134 1270 Etadjccit
1149 1235 1201 1263 alia
1232 1237 1264 1264 de
1290 1238 1448 1265 Corduenis
1481 1244 1508 1266 et
1527 1240 1690 1273 Cat-duellis,
1719 1251 1780 1276 quae

990 1282 1034 1308 hic
1051 1282 1163 1310 minitne
1185 1284 1342 1316 repetenda.
1358 1283 1412 1311 Nec
1441 1284 1635 1312 Curdislanum
1653 1288 1778 1322 equidem

991 1327 1149 1356 admiserim
1170 1336 1233 1356 esse
1248 1329 1375 1363 Mediam,
1391 1339 1452 1365 qua:
1474 1332 1566 1359 verius
1586 1341 1657 1360 nunc
1682 1335 1778 1361 Sirvan

989 1374 1154 1409 appellatur.
1168 1374 1225 1403 Vox
1241 1375 1389 1404 Curdistatt
1406 1378 1545 1412 significat
1574 1387 1686 1414 regnum
1712 1382 1780 1408 (Lur-

988 1419 1097 1447 dorutn.
1113 1421 1144 1447 Et
1165 1421 1288 1449 habitant
1313 1423 1449 1458 hodieque
1467 1424 1548 1452 Curdi
1563 1446 1570 1458 ,
1590 1427 1660 1454 sient
1679 1427 1721 1455 his
1747 1435 1780 1456 ex

988 1467 1136 1495 annalibus
1150 1469 1231 1495 etiam
1259 1470 1409 1498 manifesto
1440 1477 1529 1505 paret,
1547 1473 1574 1499 in
1599 1474 1710 1507 regione
1727 1475 1779 1502 Ba-

989 1512 1106 1546 gadatis,
1130 1521 1192 1549 quae
1210 1514 1358 1550 Babylonia
1385 1517 1485 1551 priscis
1511 1523 1563 1551 est,
1589 1521 1656 1546 etin
1680 1521 1779 1549 vicinia

992 1558 1192 1593 Carahemidw,
1210 1569 1271 1595 quae
1284 1563 1423 1597 quondam
1438 1569 1497 1591 erat
1526 1565 1623 1593 Amida
1652 1567 1779 1604 Mesopo-

992 1606 1093 1638 tamiae,
1109 1615 1183 1634 nunc
1199 1608 1343 1637 Diarbekir
1357 1611 1514 1646 appellatae.
1528 1613 1634 1646 Quibus
1667 1615 1694 1642 in
1710 1616 1778 1644 locis

991 1658 1054 1678 cum
1067 1652 1332 1682 olintChaldmurum
1346 1657 1425 1684 sedes
1442 1659 1556 1692 fuerint,
1575 1661 1704 1695 equidem
1731 1671 1778 1690 sn-

991 1699 1085 1731 perius
1099 1698 1125 1726 in
1138 1701 1278 1728 annalium
1305 1703 1496 1737 supplemento
1510 1707 1645 1738 conclusi,
1672 1708 1779 1736 Cui-dos

991 1751 1052 1771 esse
1065 1744 1216 1777 Chaldzeos,
1242 1749 1394 1781 praesertim
1410 1758 1472 1776 cum
1488 1759 1503 1778 a
1520 1753 1617 1780 vicinis
1635 1754 1726 1782 Persis
1750 1763 1779 1784 et

992 1789 1090 1818 Turcis
1105 1798 1136 1818 ea
1152 1793 1227 1827 regio
1251 1792 1397 1822 Curdistan
1421 1797 1584 1830 appelletur,
1598 1807 1680 1833 quam
1704 1809 1778 1829 nunc

991 1837 1211 1872 quoqueKeldan
1226 1836 1415 1876 voeant497
1433 1842 1550 1875 Arabes,
1583 1844 1609 1871 id
1625 1849 1667 1872 est
1695 1845 1779 1874 Chal-

990 1885 1088 1911 dazam.
1107 1884 1187 1912 Liber
1196 1885 1333 1919 ἀκέφαλος
1344 1886 1469 1916 historiae
1493 1889 1604 1923 Grteete,
1630 1892 1709 1926 cujus-
1726 1893 1777 1919 ali-

991 1931 1100 1965 quoties
1126 1932 1292 1960 mentionem
1322 1934 1394 1967 feci,
1419 1942 1543 1970 posteros
1571 1938 1674 1971 Seruis,
1692 1939 1778 1969 Nolite

991 1977 1050 2009 filii,
1074 1978 1201 2013 regiones
1225 1978 1273 2006 has
1303 1981 1416 2008 sortitos
1443 1982 1546 2010 refert:
1575 1983 1706 2019 Persium,
1725 1986 1777 2013 Ba-

990 2023 1144 2056 ctrianam,
1176 2019 1354 2060 liyrcaniam,
1381 2026 1579 2062 Babyloniam,
1601 2029 1775 2066 Cordynam,

991 2067 1109 2103 Syriam,
1127 2068 1363 2105 Mesopotamiam,
1381 2079 1443 2099 cum
1461 2074 1522 2102 aliis
1536 2083 1596 2109 quze
1610 2082 1774 2111 sequuntur.

991 2114 1058 2148 Quis
1075 2116 1118 2142 hic
1129 2115 1422 2152 Cordynam,positam
1451 2119 1523 2148 inter
1551 2120 1726 2157 Babyloniam
1749 2130 1776 2150 ct

991 2162 1098 2197 Syriam
1114 2163 1408 2199 Mesopotamiamque,
1432 2174 1486 2193 non
1509 2167 1703 2195 animadvertit
1733 2177 1774 2196 rc-

990 2209 1105 2236 centiori
1120 2210 1251 2238 vocabulo
1264 2211 1443 2244 nominatam,
1456 2220 1505 2247 pro
1522 2213 1671 2242 Chaldaea?
1701 2215 1773 2242 fdem

987 2255 1069 2297 situs,
1087 2256 1167 2284 iidem
1185 2257 1254 2285 fines
1275 2257 1355 2285 hodie
1369 2264 1435 2286 sunt
1458 2260 1628 2294 Curdistani,
1660 2263 1694 2290 de
1718 2271 1773 2298 quo

986 2304 1104 2339 agimus.
1117 2303 1192 2331 Adde
1209 2303 1322 2331 Cedrini
1340 2305 1429 2333 locum
1455 2314 1470 2333 e
1487 2306 1587 2335 Basilio
1613 2308 1772 2342 Macedone,

986 2358 1048 2377 cum
1066 2349 1114 2381 ait,
1133 2348 1263 2376 Basilium
1292 2359 1307 2377 e
1330 2350 1526 2386 Mesopotamia
1556 2354 1681 2382 victorias
1703 2363 1760 2383 nun

987 2395 1040 2422 tios
1051 2395 1192 2429 accepisse
1207 2404 1213 2421 :
1227 2404 1288 2423 cum
1300 2397 1403 2430 quibus
1426 2398 1509 2425 allata
1538 2407 1649 2435 quoque
1671 2401 1772 2430 fuerint

986 2441 1011 2468 ei
1032 2442 1378 2477 multaspolia,multaqne
1408 2444 1545 2479 mancipia
1571 2444 1718 2474 Curtoruru
1745 2455 1772 2476 et

987 2486 1199 2514 Saracenorum.
1216 2486 1250 2514 lii
1264 2488 1340 2515 Curti
1353 2488 1432 2522 plane
1443 2497 1498 2516 non
1518 2490 1563 2517 alii
1593 2497 1668 2526 sunt,
1689 2502 1770 2528 quam

986 2533 1112 2561 hodierni
1130 2534 1226 2566 Curdi,
1241 2539 1268 2561 et
1281 2535 1464 2563 Curdistania:
1481 2537 1602 2572 regionis
1614 2540 1720 2568 incolze.

1011 2580 1078 2607 255.
1097 2580 1146 2607 Ser
1160 2580 1242 2608 Asker
1254 2581 1392 2608 sullanum
1403 2591 1412 2609 :
1428 2582 1540 2616 Serdar,
1562 2585 1650 2619 μέγας
1666 2586 1739 2619 δούξ.

1021 2625 1078 2653 Hoc
1089 2626 1167 2653 otiicii
1181 2627 1238 2654 sive
1248 2627 1388 2662 dignitatis
1400 2629 1471 2663 apttd
1481 2629 1587 2657 Turcus
1602 2638 1656 2658 non
1670 2632 1770 2663 civilis,

987 2672 1035 2700 sed
1049 2673 1174 2699 militaris
1191 2677 1233 2700 est
1261 2681 1372 2706 nomen,
1396 2682 1450 2709 quo
1481 2676 1653 2711 significatur
1678 2685 1773 2712 supre-

986 2727 1047 2746 mus
1063 2719 1211 2753 imperator
1223 2720 1362 2747 exercitus
1388 2721 1500 2754 sullani,
1526 2723 1582 2749 sive
1610 2723 1770 2758 capitaneUs

985 2765 1119 2801 generalis
1136 2766 1185 2801 (uti
1204 2774 1276 2793 nunc
1290 2766 1439 2803 loquimur)
1463 2775 1545 2802 supra
1577 2775 1689 2797 caeteros
1713 2777 1772 2796 om-

986 2820 1035 2839 nes
1048 2813 1204 2846 capitaneos
1214 2814 1362 2840 exercitus.
1379 2813 1465 2840 Asker
1477 2815 1594 2841 Arabiae
1610 2822 1768 2849 supremum

985 2857 1132 2893 significat,
1146 2865 1195 2892 pro
1206 2866 1260 2893 quo
1272 2857 1423 2886 Turcorum
1452 2859 1550 2894 vulgus
1578 2859 1679 2888 Lesker
1703 2861 1771 2888 solet

1557 2907 1594 2937 29
