1961 3070
208 136 261 169 907

804 130 967 162 JOANNIS
990 131 1224 162 LEUNCLAVH

1772 129 1833 163 ωε

207 195 310 226 dicere,
328 182 411 220 veluti
428 199 490 219 eum
506 190 572 219 Catii
593 189 694 217 Leslter
707 189 786 217 eilert
799 188 920 224 judicent
935 195 994 216 ma-
1008 191 1029 220 Α
1044 189 1110 226 257.
1122 188 1375 226 Bagtyiatinangio
1386 189 1411 226 in
1422 188 1535 226 [orntum
1549 188 1833 226 jeglerugetutradi-

207 241 324 272 limum,
338 239 384 273 qui
395 236 531 266 Arabibus
546 239 588 262 est
616 235 682 262 Cadi
713 234 810 263 Askcr.
847 233 992 261 Sullanum

208 285 335 322 gignendi
352 290 430 311 casus
449 287 491 311 est
511 281 583 316 apud
611 280 727 307 Turcos.
757 280 848 308 Persis
878 280 992 309 Serdar.

209 340 264 359 non
282 331 330 357 Ser
344 329 428 359 Asker
440 333 563 360 vocatur,
577 327 688 354 nomine
712 326 810 354 Turcis
823 326 905 353 etiam
943 333 994 352 uer

208 382 299 412 capto.
315 375 400 402 Graeci
414 374 531 408 denique
545 373 632 407 péyav
644 371 731 399 δοῦκα
746 372 924 399 nominabant
941 371 994 398 hoc

208 422 280 457 apud
293 429 322 449 se
338 421 495 455 fitngenlem
519 419 617 451 oﬂlcio,
648 419 719 453 qttod
748 425 873 452 magnum
897 419 994 444 (lucem

208 469 331 499 denotat,
353 474 384 494 ac
425 465 561 500 primat-ite
591 463 753 491 vocabulum
788 463 928 497 dignitatis
954 466 996 490 est

209 515 281 542 inter
297 514 349 540 alia
370 514 460 548 magni
476 511 567 546 palatii
585 517 710 537 munera.

305 582 369 609 251.
390 580 482 608 Ketzie
511 580 599 611 bona,
624 577 725 606 Cacebu
744 577 892 604 Charasrm.

245 628 363 656 Annales
374 627 484 654 Ketzien
494 626 616 657 bassam,
628 623 754 652 familiari
766 623 865 650 Turcis
874 624 995 654 norninc,

210 677 330 703 Chauem
343 674 418 700 illum
431 673 569 707 appellant
581 670 760 702 Chitainum;
775 669 832 704 qui,
846 676 896 696 ceu
908 668 997 703 capite

209 721 290 749 tertio
306 720 438 751 diximus,
454 717 505 745 Ulu
530 717 608 744 Chan
626 716 800 743 discriminis
815 722 898 741 causa
915 721 997 740 voca-

212 773 265 800 tur,
282 767 309 794 id
327 770 379 797 est.
405 764 531 792 excelsus
555 767 602 789 aut
628 769 753 788 summus
769 760 846 787 Chan
874 760 931 787 sive
949 767 997 787 rex

210 814 385 840 Tatarorum.
405 811 502 839 Ketsie
521 811 611 838 bassa,
627 808 648 835 si
664 808 775 834 verbum
790 807 875 834 verbo
888 806 997 838 reddas,

212 861 343 888 hltrinum
357 862 437 893 caput
452 855 602 890 signiﬁcat.
616 855 655 882 lla
667 858 725 881 tum
742 854 768 880 in
787 861 884 888 genere
905 853 997 880 Tatari

210 905 329 933 Chitaini
345 903 535 933 nominantur,
554 909 568 928 a
586 901 705 935 capitum
722 900 887 934 tegumentis
901 907 915 927 e
928 899 999 926 iiltro

213 952 294 979 iactis
310 959 317 984 ;
336 954 394 977 tum
416 947 596 984 peculiariter
610 947 732 981 ipsorum
753 946 840 977 Chan,
868 945 911 972 vel
928 945 1000 979 priu-

210 1005 276 1033 ceps
290 996 426 1023 maximus
442 1003 449 1021 :
465 993 577 1029 perinde
599 1000 632 1020 ae
643 993 741 1020 Persas
760 992 787 1018 in
806 999 906 1026 genere
934 991 1000 1018 dici-

212 1052 272 1071 mus
286 1040 535 1072 Kesilbassilarios,
549 1047 564 1066 a
579 1038 671 1066 rubris
685 1038 806 1072 capitum
822 1037 1000 1071 tegumentis,

210 1097 236 1117 et
253 1090 302 1125 ipsi
315 1087 595 1124 peenliaritcreornm
609 1085 711 1112 scacltu
723 1092 822 1112 nomen
836 1083 1000 1111 Kesilbassu‘

210 1136 369 1162 tribuimus.
402 1133 479 1168 Apud
497 1132 605 1159 Jovintn
629 1137 656 1158 et
676 1132 744 1158 alios
770 1136 929 1165 corruptum
950 1138 1001 1156 no-

211 1190 272 1209 nu-n
291 1181 399 1209 Caceha
424 1179 576 1214 reperitur,
600 1185 650 1213 pro
676 1178 784 1211 integro
797 1177 880 1204 Kezie
907 1177 1001 1204 bassa.

211 1228 380 1263 Tegutuenta
399 1233 465 1252 vero
479 1226 603 1260 capitum
627 1225 685 1251 hinc
703 1223 830 1250 Tatarica
861 1223 958 1250 viridis
975 1225 1001 1250 in

213 1275 372 1301 universum
388 1271 575 1303 coiorissuut,
595 1278 650 1305 quo
663 1269 794 1304 singulari
808 1269 926 1303 quodam
941 1269 1003 1303 jure

212 1321 270 1347 sive
290 1319 434 1354 privilegio
461 1325 490 1344 se
507 1317 546 1343 uti
572 1320 700 1343 asserunt
720 1324 816 1343 omnes
847 1320 1002 1350 propterea,

212 1366 284 1401 quod
299 1369 388 1392 ortam
403 1372 418 1390 a
433 1363 565 1398 propheta
586 1367 692 1397 gentem
707 1362 863 1388 universam
881 1362 1003 1395 glorien-

213 1418 267 1438 tur.
286 1411 393 1446 Quippe
422 1417 477 1437 non
494 1413 610 1436 utuntur
627 1407 699 1443 apud
715 1407 822 1434 Turcos
838 1411 865 1434 et
889 1412 1004 1435 casti-ros

214 1459 423 1485 Mahumetauos
439 1455 539 1483 vestitu
567 1455 658 1486 viridi,
674 1454 727 1480 nisi
745 1455 791 1488 qui
813 1461 899 1487 genus
925 1461 1002 1480 situm

213 1505 246 1530 ad
264 1504 449 1531 Mahttmctcm
468 1502 608 1533 referunt;
628 1509 659 1527 ac
673 1500 824 1534 praesertim
839 1500 912 1530 aliis,
927 1503 1003 1526 extra

1083 224 1170 258 gitur;
1184 223 1368 258 Bagudatinus
1383 223 1505 257 dtuliplta
1519 231 1529 250 .'
1544 223 1707 252 Soleimmtea
1720 232 1737 250 ι
1748 224 1834 251 diali-

1086 259 1138 293 p/ta
1155 259 1236 300 r_olu_il
1249 259 1429 299 inaugurari;
1446 258 1569 292 cltulip/tu
1582 259 1729 286 Cairensis.
1748 260 1829 286 Inaw

1084 300 1234 329 gurattoms
1245 301 1411 320 cwrcmoma.

1085 351 1122 378 De
1137 351 1205 377 urbe
1217 350 1329 385 Bagdat.
1343 353 1401 378 sive
1415 350 1529 385 Bagdel,
1546 350 1651 378 dictum
1670 352 1749 379 initio
1767 353 1837 381 Pan-

1050 396 1138 424 dectis
1155 398 1255 428 nostri,
1268 397 1354 431 capite
1375 396 1404 424 4.
1421 396 1472 424 Hic
1490 398 1648 429 notandum,
1668 399 1763 425 eodem
1785 405 1834 425 no-

1051 442 1123 470 mine
1138 443 1277 476 regionem
1293 447 1319 469 et
1336 442 1429 469 urbem
1442 442 1550 470 censeri
1569 451 1576 469 :
1592 443 1663 470 sicut
1678 447 1705 470 et
1719 442 1836 478 Babylo-

1051 490 1103 516 nia:
1129 489 1248 524 regionis
1277 489 1442 516 mentionem
1473 489 1554 524 paulo
1574 495 1647 522 ante,
1666 489 1756 523 capite
1770 489 1835 521 2'52,

1052 536 1206 563 habuimus.
1222 535 1384 563 Addendutn
1410 536 1512 568 obiter,
1532 536 1667 570 hodieque
1682 535 1835 569 Cbaliphen

1052 582 1109 609 sive
1125 581 1277 616 Cheliplten
1295 583 1442 616 quemdam
1463 581 1598 616 Bagadate
1615 582 1747 616 reliquum
1764 590 1836 614 esse,

1051 628 1098 661 qui
1115 633 1205 655 tamen
1224 628 1356 655 duntaxat
1371 628 1483 655 nemine
1499 632 1580 655 tenus
1600 629 1762 663 dignitatem
1781 628 1838 664 pri—

1053 675 1152 701 stinam
1165 678 1267 701 tuetur.
1282 674 1426 706 Quondam
1436 675 1509 701 enim
1527 681 1680 709 prapotens
1690 679 1749 701 erat
1764 674 1838 708 prin-

1053 727 1128 754 ceps,
1144 724 1169 746 ut
1187 727 1219 747 ex
1236 720 1360 754 praetoris
1375 727 1485 755 quoque
1506 710 1594 746 noratri
1612 723 1688 754 paret
1710 720 1837 750 historia.

1053 766 1118 793 licet
1145 767 1305 795 recentiori.
1331 766 1399 793 Nam
1420 774 1471 794 suo
1490 772 1613 801 tempore
1641 773 1840 794 commemorat

1053 813 1228 845 Tancltaros,
1246 813 1403 841 bellicosam
1419 814 1555 841 nationem
1573 812 1741 846 Tatarieam,
1755 815 1840 842 omitt—

1017 870 1037 896 Β
1054 851 1264 886 sisinimicitiis
1278 863 1305 886 et
1317 859 1395 886 bellis
1411 858 1543 886 adversus
1560 859 1698 886 snltanttm
1717 859 1840 887 leonien-

1051 904 1288 939 sem,Babylouio
1317 912 1392 931 arma
1421 904 1561 936 intulisse,
1580 912 1661 939 quem
1690 905 1840 940 chaliphao

1051 951 1284 978 ilinsnltnanorutu
1302 951 1386 987 498
1411 955 1506 985 gentes
1534 951 1671 986 appellare
1688 958 1840 979 consueve-

1052 997 1116 1023 rint.
1136 997 1278 1024 Notionem
1294 997 1421 1024 vocabuli
1438 1004 1533 1031 supra,
1548 996 1637 1032 capite
1652 998 1743 1030 tertio,
1764 997 1844 1025 dedi-

1052 1051 1124 1070 mus.
1140 1043 1242 1079 Magum
1254 1043 1343 1070 adhuc
1355 1049 1396 1071 est
1409 1043 1581 1072 auctoritatis
1597 1043 1669 1077 apud
1687 1043 1839 1071 Mutuhna-

1052 1098 1112 1120 nos.
1132 1098 1186 1125 quo
1203 1090 1390 1118 Mahumetani
1417 1099 1447 1117 se
1468 1090 1579 1117 nomine
1605 1091 1721 1118 salutari
1746 1097 1841 1119 avent.

1052 1135 1146 1163 Jovins
1162 1136 1244 1164 etiam
1271 1137 1382 1168 fatetur,
1404 1135 1431 1163 it]
1447 1136 1548 1170 Bagdat
1564 1136 1705 1171 (Ilmliphm
1726 1137 1783 1163 sive
1798 1145 1842 1164 sa-

1053 1190 1161 1209 crorum
1177 1183 1308 1217 principis
1324 1182 1415 1209 sedem
1433 1189 1505 1213 esse,
1521 1182 1567 1216 qui
1585 1190 1599 1208 a
1614 1182 1723 1210 cunctis
1741 1181 1839 1209 Mallu-

1055 1228 1172 1255 metnnis
1204 1228 1327 1262 regibus.
1355 1228 1455 1261 inquit,
1483 1228 1643 1255 excolitur:
1671 1233 1697 1255 et
1724 1230 1841 1256 veterem

1053 1274 1201 1308 adoptandi
1215 1275 1423 1309 praerogativam
1445 1273 1554 1305 retinet,
1573 1281 1605 1301 ex
1619 1278 1745 1309 certaque
1754 1282 1847 1302 coetu-

1055 1322 1156 1356 ptionis
1180 1322 1345 1348 catt'cmouia
1363 1321 1544 1348 ceniirmandi
1558 1321 1731 1356 Assyriorum
1759 1322 1844 1357 regis.

1054 1370 1095 1395 Ab
1115 1369 1165 1395 hoc
1183 1367 1370 1399 Soleimanes,
1384 1366 1485 1393 Veteris
1499 1366 1705 1401 superstitionis
1719 1367 1847 1394 instituta

1054 1419 1178 1444 Secutus,
1202 1411 1320 1447 insignia
1335 1417 1362 1440 et
1377 1417 1540 1440 ornamenta
1556 1414 1692 1447 suscepit.
1709 1413 1845 1441 Cteremn-

1055 1462 1127 1489 niam
1151 1460 1371 1494 inaugurationis
1389 1458 1484 1486 Jovius
1510 1468 1563 1485 non
1581 1460 1721 1494 exposuit.
1751 1459 1847 1496 ltaqun

1056 1513 1215 1543 repetemus
1235 1514 1293 1533 eam
1317 1515 1348 1534 ex
1375 1506 1584 1534 commentariis
1618 1505 1692 1534 Petri
1722 1507 1847 1542 Martyris

214 1553 275 1582 hos,
292 1550 381 1578 viride
392 1549 474 1584 capiti
490 1552 680 1583 tegumentum
701 1546 844 1576 adhibere,
865 1546 1001 1580 piaculum

1059 1554 1277 1585 Madiolanensis,
1295 1553 1329 1580 ita
1343 1557 1483 1582 latuerunt
1493 1553 1707 1588 priuslcctorem
1737 1562 1847 1581 monea-

213 1599 310 1632 ingo-ns
326 1596 418 1624 fuerit.
436 1594 471 1621 De
483 1595 656 1623 Chormaue,
675 1593 732 1620 sive
749 1593 917 1626 Chorasane,
930 1591 1003 1619 dicto

214 1644 304 1679 capite
316 1644 342 1674 ὅ,
358 1643 409 1670 sub
426 1642 518 1668 linem.
533 1640 617 1667 Recte
628 1639 764 1667 Ccdrinns
779 1639 919 1666 Persidem
933 1640 1004 1666 inte-

214 1692 315 1719 riorem
329 1688 490 1716 nominavit.
505 1687 579 1714 Sane
593 1687 616 1713 si
630 1686 790 1712 Taurisinnt
803 1687 1004 1721 oceupautibns

215 1737 324 1768 Turcis,
339 1737 366 1763 in
379 1735 539 1764 Chorosane
552 1736 654 1763 bellum
666 1735 776 1771 gert-bat
791 1744 797 1761 :
815 1740 845 1761 ut
861 1733 1003 1760 tninimmn

215 1785 249 1811 ab
265 1784 306 1811 eis
320 1783 356 1810 ΞΟ
371 1783 476 1810 dierum
502 1782 597 1809 aberat
612 1782 720 1808 itinere.

215 1842 278 1870 253.
297 1841 432 1871 Sullani",
452 1840 582 1875 quandam
607 1839 821 1875 Tigranocerta:
839 1838 918 1872 Origo
941 1836 1004 1865 Su!-

304 1877 390 1904 umitti
407 1877 521 1902 nominis
531 1875 603 1909 apud
620 1875 729 1907 Persas,
741 1883 773 1902 ex
787 1874 910 1902 Cedriuo.

251 1934 414 1962 Notavimus
430 1941 444 1960 e
456 1931 534 1960 Jovio
549 1940 644 1967 supra.
661 1932 750 1967 capite
760 1932 826 1964 2M,
842 1931 929 1958 videri
943 1930 1007 1958 Sul-

218 1981 321 2008 tauiatn
340 1979 435 2006 urbem
450 1978 516 2005 olim
529 1978 614 2006 fuisse
629 1977 864 2012 Tigranocertam.
884 1976 1005 2004 nobilem

217 2027 319 2054 Graecis
333 2030 360 2053 et
386 2024 518 2052 Romanis
537 2025 565 2051 in
582 2024 709 2051 historiis
724 2034 730 2051 :
747 2028 795 2051 aut
819 2023 909 2051 saltim
927 2030 942 2050 e
961 2022 1007 2049 Ti-

217 2076 387 2109 granocerta:
412 2071 505 2098 ruinis
528 2074 697 2098 exstructam
720 2070 807 2098 fuisse
838 2069 1006 2098 Sultaniam.

217 2122 320 2148 Nomen
338 2121 389 2147 hoc
405 2126 421 2146 a
438 2119 556 2146 sttltanis
572 2122 615 2145 est
626 2122 788 2148 consecuta,
811 2116 885 2150 quod
907 2115 1009 2143 Persia:

217 2166 356 2201 quondam
376 2164 459 2191 fuerit
475 2163 561 2197 regia,
576 2163 739 2196 Sullanique
753 2163 833 2190 sedes
848 2170 880 2190 ac
894 2161 1010 2189 domici-

218 2213 296 2240 lium.
314 2212 347 2238 Et
362 2218 375 2237 a
392 2209 444 2237 500
459 2210 519 2244 plus
537 2210 628 2236 minus
649 2209 742 2240 annis,
755 2202 898 2242 postquam
915 2207 1008 2239 Turci,

217 2258 309 2286 Persis
330 2265 361 2284 ac
376 2255 521 2283 Saracenis
537 2255 689 2290 oppressis,
712 2254 791 2289 potiti
809 2253 923 2281 Perside
950 2252 1009 2280 fuc-

217 2309 291 2337 rtntt,
302 2304 440 2339 prim-ipes
451 2301 592 2337 religionis
602 2300 734 2336 appellari
743 2301 850 2334 cepisse
861 2299 988 2326 sultanon
1000 2306 1008 2325 :

216 2359 248 2378 ex
265 2351 308 2378 his
321 2349 434 2379 (Σαὼ-ἰπὶ
452 2348 544 2376 verbis
567 2346 673 2382 liquido
699 2351 816 2374 constat.
846 2344 928 2372 Turci
949 2349 1011 2378 post

218 2397 398 2425 Mnehemetis
409 2395 519 2430 (inquit)
540 2399 666 2424 mortem,
680 2393 798 2427 dejectis
816 2391 933 2426 imperio
947 2391 1011 2417 Per-

220 2444 260 2471 sis
276 2451 308 2470 ac
334 2442 492 2473 Saracenis,
512 2440 617 2468 domini
646 2438 770 2467 Persidis
797 2438 859 2465 facti
883 2443 958 2468 sunt,
983 2440 1011 2464 et

218 2489 438 2524 Tangrolipiecm
450 2487 596 2515 Sullanum
609 2485 792 2521 appellarunt.
805 2484 855 2511 hoc
865 2487 918 2515 est.
932 2483 1008 2518 prin-

218 2536 305 2570 cipettl
317 2535 477 2562 tmiversum
490 2533 637 2568 imperium
652 2531 797 2559 habentem
813 2535 840 2557 et
858 2536 951 2563 regem
969 2534 1012 2554 re-

218 2589 293 2616 gum.
313 2581 334 2606 Δ
347 2579 520 2606 Temirlanco
536 2578 657 2613 denique
672 2576 799 2605 Sultania
817 2576 903 2603 fuisse
919 2575 1012 2601 diruta

222 2631 384 2660 vastataque
403 2625 574 2659 perhibetur.

332 2693 397 2720 ‘256.
430 2691 542 2718 Flavius
567 2691 684 2718 Persidis
712 2691 798 2718 Dacus
817 2690 909 2719 (ἶσαι-1.

255 2741 275 2765 Α
294 2738 444 2765 uovenario
466 2744 579 2763 numero
592 2744 694 2763 nomen
709 2737 760 2763 hoc
777 2736 878 2763 ﬂuvius
896 2734 1014 2768 accepit.

220 2785 327 2820 Quippe
342 2783 445 2815 Docus,
463 2789 559 2810 novem
576 2782 724 2817 signiﬁcat.
739 2781 865 2809 Nominis
881 2788 912 2807 ea
930 2780 1014 2808 ratio.

220 2830 293 2866 quod
302 2830 385 2858 hacin
393 2833 471 2865 parte
482 2828 602 2862 regionis
616 2828 666 2854 itcr
683 2827 848 2856 facientibus
865 2826 958 2852 novies
972 2825 1015 2851 hic

220 2877 309 2904 amnis
320 2876 432 2903 omnino
443 2875 478 2903 sit
487 2873 781 2907 vcltt‘anseundus,vcl
793 2872 1014 2908 Iran~jiciendus.

1060 1608 1120 1628 mus
1136 1623 1143 1632 ,
1160 1608 1213 1626 non
1230 1599 1358 1626 Asiatica:
1387 1599 1520 1625 duntaxat
1538 1599 1682 1634 Babyloni,
1700 1599 1849 1636 siveBaga-

1058 1647 1124 1680 dati,
1140 1645 1301 1680 Chalipham
1325 1644 1389 1672 oliui
1416 1645 1568 1679 praefuisse,
1592 1645 1643 1679 qui
1662 1645 1732 1673 dicis
1757 1647 1848 1674 adhuc

1058 1700 1142 1720 causa
1157 1692 1261 1719 scilicet
1276 1691 1485 1719 retinetnrzsed
1503 1691 1583 1718 etiam
1607 1691 1737 1727 Babyloni
1763 1692 1850 1729 Αἶας-

1059 1740 1164 1774 ptinere.
1175 1747 1236 1774 qua!
1247 1737 1384 1772 Memphis
1398 1742 1450 1768 est,
1467 1736 1611 1770 etCalrus,
1627 1737 1666 1765 uti
1681 1745 1753 1773 sa-pe
1769 1743 1847 1766 nota-

1060 1787 1161 1814 vimus.
1177 1786 1284 1812 Etenim
1297 1784 1399 1811 sultani
1415 1783 1536 1819 Egyptii
1547 1784 1605 1811 sive
1615 1783 1774 1817 Cairenses,
1795 1793 1845 1811 ex-

1059 1841 1142 1861 cusso
1159 1832 1318 1868 Bagadatini
1328 1831 1462 1866 chaliphae
1471 1831 1549 1866 jugo.
1560 1839 1595 1858 ne
1605 1830 1847 1859 conﬁrmationem

1060 1881 1101 1908 vel
1111 1879 1351 1914 inaugurationem
1362 1879 1458 1906 saltem
1470 1879 1503 1904 ab
1515 1886 1548 1905 eo
1557 1882 1690 1913 petentes,
1704 1878 1849 1913 imperium

1060 1932 1087 1955 et
1101 1927 1292 1954 auctoritatem
1309 1926 1395 1960 ipsius
1407 1931 1557 1960 agnoscere
1570 1924 1730 1952 viderentur
1748 1933 1756 1952 :
1769 1932 1850 1952 suurn

1061 1965 1114 2000 sibi
1127 1972 1284 2007 chalipham
1298 1971 1470 2006 delegerunt,
1486 1970 1567 1997 titulo
1582 1974 1662 1997 tenus
1678 1969 1705 1997 id
1730 1970 1853 1997 nominis

1062 2019 1264 2054 ierentem.qu-i
1294 2023 1371 2046 certo
1395 2017 1563 2044 venditionis
1583 2016 1754 2051 imaginaria
1783 2017 1852 2049 ritu,

1062 2073 1199 2093 summum
1231 2064 1351 2091 sultanis
1367 2063 1523 2097 imperium.
1539 2067 1651 2098 accepta
1671 2070 1726 2090 non
1751 2069 1851 2098 magna

1063 2112 1181 2146 pecunia
1193 2111 1324 2139 traderet.
1341 2109 1401 2137 Jam
1425 2110 1508 2145 igitur
1522 2109 1607 2143 ipsius
1627 2109 1709 2136 verba
1724 2107 1852 2143 Hartyris

1064 2159 1220 2187 audiamus.
1243 2157 1360 2189 Habent,
1388 2157 1487 2191 inquit.
1513 2160 1541 2183 et
1559 2155 1681 2191 Egyptii
1712 2157 1851 2183 summam

1065 2206 1222 2240 pontiﬁcem
1252 2204 1291 2240 (id
1308 2209 1361 2233 est.
1379 2200 1549 2237 cltalipitant)
1566 2202 1597 2229 ad
1619 2209 1702 2237 quem
1723 2209 1853 2236 regnum,

1061 2251 1196 2286 siquidem
1213 2250 1263 2277 viri
1279 2254 1385 2281 essent,
1397 2249 1554 2284 pertineret.
1574 2248 1600 2275 is
1611 2248 1658 2283 jus
1670 2256 1750 2275 suum
1770 2247 1857 2274 trittm

1062 2297 1178 2324 millium
1196 2298 1257 2323 auri
1274 2296 1468 2323 drachmarum
1497 2294 1585 2329 pretio
1616 2294 1720 2329 regiam
1747 2293 1857 2320 tenenti

1063 2343 1166 2371 vendit.
1180 2342 1201 2369 Ε
1226 2342 1357 2369 tribunali
1379 2341 1511 2371 Soldano.
1528 2341 1613 2367 stanti
1641 2340 1766 2374 pedibus,
1793 2339 1859 2366 vitae

1064 2390 1196 2424 necisque
1218 2388 1335 2416 liberant
1357 2391 1521 2422 potestatem
1550 2388 1607 2413 dat.
1626 2385 1687 2419 Ipse
1701 2385 1857 2418 descendit,

1063 2436 1187 2470 seipsum
1207 2434 1320 2469 spoliat,
1351 2434 1497 2461 soldanum
1525 2433 1730 2467 imperaturum
1756 2431 1858 2463 induit,

1064 2484 1120 2510 abit
1137 2483 1272 2518 privatus.
1300 2481 1448 2508 Permanet
1479 2484 1505 2506 In
1535 2479 1651 2513 imperio
1673 2477 1860 2508 Maltutnetes,

1063 2529 1169 2557 Caitbei
1191 2528 1263 2555 iilius
1287 2531 1315 2554 et
1330 2533 1490 2554 successor.
1517 2524 1583 2558 Qua:
1596 2524 1693 2552 ultitna
1711 2524 1794 2551 verba
1827 2524 1863 2550 de

1065 2575 1107 2602 sui
1125 2574 1258 2609 temporis
1276 2573 1385 2600 sultano
1400 2571 1525 2607 protulit,
1547 2575 1613 2598 tunc
1631 2570 1687 2597 isto
1704 2569 1757 2596 ritu
1778 2568 1863 2595 imu-

1066 2625 1173 2655 gurato.
1190 2619 1302 2654 Regiam
1322 2618 1424 2645 tenenti
1437 2617 1482 2651 jus
1498 2624 1577 2644 suum
1593 2623 1607 2643 a
1632 2615 1761 2650 chalipha
1779 2622 1839 2641 ven.
1855 2615 1864 2641 i

1066 2666 1143 2698 dicit,
1171 2665 1330 2693 Cairensem
1360 2663 1533 2691 sultanorutn
1558 2662 1661 2696 regiam
1690 2659 1862 2695 intelligens,

1066 2721 1149 2748 quam
1166 2712 1278 2739 annales
1293 2712 1318 2738 in
1336 2710 1438 2738 Selime
1450 2709 1569 2736 saraium
1589 2708 1629 2735 vel
1647 2707 1779 2743 palatium
1797 2707 1864 2736 Sut-

1068 2757 1191 2783 lauinum
1211 2756 1362 2790 appellant.

1208 2812 1272 2840 238.
1283 2813 1382 2839 Sultan
1396 2811 1491 2846 Iacup,
1511 2811 1589 2838 Heste
1603 2811 1719 2839 Dehiste.

1105 2871 1183 2899 Hunc
1209 2870 1347 2898 sultanum
1378 2870 1516 2907 iacupcm.
1545 2869 1674 2897 seachum
1698 2868 1868 2900 Persarum.
