1961 3070
139 114 192 147 98‘.)

719 112 918 151 i’ANDEC’i‘E
935 117 1036 154 nisi.
1057 118 1211 155 TURCIC.

1711 125 1762 157 910

140 172 444 201 llsutucitasauisfuisse
462 175 557 206 tilium.
571 181 694 203 notatum
707 178 835 211 superius
856 178 915 209 166,
934 183 953 210 Α
971 181 1096 215 tropolittt
1117 189 1148 208 ac
1165 183 1331 217 praecipuam
1349 182 1528 209 munitionem
1546 183 1620 217 regni
1641 181 1761 214 Zamhri,

138 224 162 246 et
177 220 295 254 amplius
307 220 388 247 etiam
406 221 457 248 188
472 221 620 256 capitibus.
630 222 800 257 Aﬂdilicium,
812 225 855 252 cui
873 233 920 252 no-

139 273 196 293 men
215 264 294 293 lleste
309 266 430 299 Beltisle,
458 268 499 295 sic
522 275 536 295 a
563 266 699 303 paradisis
724 275 788 296 octo
810 269 920 298 Persico

138 311 224 342 lingua
240 311 341 338 dietttm
360 312 422 344 fuit,
440 313 502 341 istic
518 315 637 342 excultis
654 321 669 342 a
686 316 796 344 sultano
812 317 920 352 lacupe.

138 357 282 390 voluptatis
295 364 389 386 causa.
399 358 498 387 Notum
515 368 546 388 ex
561 361 709 394 Herodoto,
727 362 920 396 Xenophonte,

138 404 251 433 ceteris.
268 406 363 448 quanti
380 404 549 442 volttptarios
567 408 662 436 hortos
681 410 783 444 regios,
799 414 826 437 et
842 414 921 445 parn-

137 449 207 476 disos
219 449 312 476 Perse
336 451 434 484 priscis
454 452 536 479 etiam
561 454 669 482 saeculis
689 455 814 483 fecerint.

251 507 316 534 239.
347 508 418 541 Quid
445 508 558 537 Dundar
584 512 654 546 apud
680 506 791 540 Turcas.

172 563 267 591 Solent
282 571 413 592 exeuntes
432 566 459 594 in
480 567 617 595 hosticum
636 562 719 596 Turci
750 564 849 604 praeda:
878 570 920 597 fa-

138 608 241 636 ciunda:
259 615 507 642 causamumerum
523 613 641 647 aliquem
658 622 770 642 suorum
788 615 919 649 militum,

138 663 196 681 cum
206 655 316 687 vexillo,
325 657 444 684 maxime
452 660 598 686 commodo
617 660 734 694 quodam
754 661 922 688 constituere

139 701 208 730 loco.
225 710 279 736 quo
303 703 431 730 ttimirttm
445 710 472 731 et
486 705 575 739 praeda
592 707 771 740 convellatur,
785 711 812 734 et
830 707 920 741 sparsi

141 754 184 780 per
198 747 333 774 hosticum
351 749 452 776 milites
467 751 557 776 caeteri
575 750 728 783 conﬂuant,
747 752 771 779 si
790 752 860 780 ferte
874 761 921 780 co-

140 792 195 826 pias
208 791 313 827 aliquas
324 795 437 822 hostiles
449 796 474 822 in
493 798 637 830 procinctu
648 806 708 825 esse
724 800 919 833 cognoverint.

140 836 206 866 lluic
230 840 257 866 itt
280 840 353 868 hunc
381 846 460 868 ttsum
488 841 621 877 deputato
654 852 767 871 suorum
793 853 919 877 numero,
940 855 959 882 ῃ

140 884 272 913 nuntiaris
288 895 384 915 nomen
396 888 453 915 dari
465 889 546 916 solet.
559 884 653 916 Talem
673 891 779 926 igitnra
793 895 868 923 tergo
878 899 923 919 se-

141 927 270 959 lectorum
288 933 405 960 militum
421 939 533 961 manum
547 935 719 963 Soleitnanes
734 937 856 971 reliquit.
873 939 922 964 lto-

141 978 220 1004 stintn
248 983 338 1007 motus
362 987 458 1007 omnes
482 973 717 1009 observaturam:
746 989 780 1009 ne
796 990 878 1018 quam
897 985 923 1012 in

139 1031 202 1050 suos
212 1031 245 1050 ex
255 1024 404 1059 improviso
417 1025 539 1052 facerent
555 1027 777 1061 impressionem,
791 1032 820 1055 ut
834 1029 923 1063 reipsa

141 1070 263 1104 contigit.
293 1070 328 1097 De
342 1070 464 1098 Corrizis
479 1071 581 1099 dictum
609 1080 670 1107 cap.
688 1074 748 1101 189.

141 1127 201 1154 ‘240.
225 1127 410 1166 Chairadinesﬁ
423 1130 539 1156 Tuuist'nt
559 1133 654 1157 amitti!
672 1131 767 1161 :Rais.
797 1132 923 1166 Tuliprtu-

226 1168 281 1189 tum
295 1172 304 1190 :
321 1165 471 1197 φακιῦλιον,
487 1166 634 1200 symbolum
646 1167 821 1201 fortitudinis.

174 1218 324 1254 Maurihegi
338 1223 449 1250 nemine
465 1224 511 1256 qui
528 1225 624 1258 pulsus
651 1232 664 1251 a
684 1225 851 1253 Cbairediue
868 1227 926 1254 (πιθα

143 1271 193 1300 rat,
229 1267 301 1295 Mule
327 1269 414 1296 Assan
435 1270 610 1305 intelligitur,
642 1280 722 1306 qttem
756 1274 844 1300 nostri
868 1273 926 1300 lliu-

144 1311 258 1340 lcassem
274 1320 384 1346 vocant,
400 1321 427 1342 et
451 1316 529 1349 cujus
550 1317 691 1344 hi~toriam
704 1319 884 1352 exposuiums
901 1319 926 1345 in

145 1359 291 1386 Annalium
323 1361 534 1396 Supplemento,
555 1363 587 1390 ad
619 1371 720 1390 antqu
739 1364 927 1392 Christianum

147 1405 223 1433 1575.
238 1406 325 1440 Begus
338 1406 475 1442 Hispanus
494 1413 537 1436 est
549 1406 647 1436 Turcis
661 1410 778 1438 Karulns
796 1406 817 1438 ν
841 1413 927 1446 impe-

146 1456 229 1483 rator,
245 1454 279 1480 ita
296 1455 384 1482 dicttts
397 1464 429 1481 ex
446 1464 528 1483 causa
544 1458 672 1491 superius
689 1458 822 1492 explicata
840 1458 929 1492 capite

143 1497 208 1525 2‘25.
227 1498 357 1531 Bais-lari,
383 1502 441 1528 sive
456 1496 542 1532 Raisi.
560 1503 605 1536 qtti
624 1508 789 1535 sequuntur,
808 1503 927 1538 pra-fecti

146 1549 209 1572 sunt
224 1545 374 1572 triretninm
388 1554 418 1574 ac
432 1548 555 1574 navium.
572 1549 749 1583 Tulipantum
766 1554 808 1577 est
826 1551 929 1578 lincttm

147 1592 212 1619 lllttd
234 1597 342 1626 tegmen
360 1601 416 1628 quo
432 1594 521 1628 capita
540 1590 622 1621 Turci
650 1595 775 1623 candidis
794 1596 933 1623 int'olvcrc

147 1639 230 1672 spiris
257 1639 357 1667 solent.
389 1640 480 1667 (ἔνιοι-ἱ
510 1646 583 1667 nunc
610 1640 753 1674 φακιόῖιον
783 1643 933 1676 appellant,

147 1685 218 1719 quod
231 1685 393 1713 vocabulum
408 1691 516 1714 exstare
531 1691 596 1722 puto
611 1688 637 1714 in
652 1687 845 1715 Onirocriticis
862 1688 934 1716 Ach-

149 1732 228 1760 metis
247 1733 346 1759 nostri.
375 1733 537 1768 Zygomalas
554 1733 653 1764 aiebat,
671 1734 705 1761 de
732 1734 866 1767 Agarenis
882 1736 933 1762 ha-

149 1775 207 1805 beri
230 1786 279 1812 pro
297 1779 420 1814 symbolo
447 1779 628 1811 fortitudinis.
650 1787 704 1814 quo
733 1781 935 1807 adntoneantnr

149 1824 176 1850 in
196 1824 295 1851 bellum
315 1826 391 1855 ituri.
422 1833 457 1852 ne.
477 1826 510 1852 de
546 1826 646 1857 reditu,
668 1827 714 1853 sed
737 1833 823 1854 ntorte
845 1827 936 1861 potius

152 1870 267 1897 viriliter
290 1872 441 1905 oppetenda
470 1872 604 1907 cogitent,
622 1873 733 1908 quando
763 1878 935 1900 mortuorum

150 1915 284 1943 cadavera
295 1916 384 1944 linteis
403 1917 504 1945 involvi
518 1918 616 1946 solent.

149 1972 213 1999 2H.
230 1971 357 1999 Indicum
373 1974 468 2000 Diruta
488 1974 596 2001 bellum.
615 1974 713 2002 Adonis
729 1984 775 2007 rex
795 1985 811 2003 a
833 1976 936 2008 Turcis,

362 2009 462 2036 violata
477 2009 540 2044 ﬁde.
553 2011 733 2044 suspenditur.

186 2066 243 2094 Hoc
255 2066 324 2100 loco.
340 2068 500 2102 priusquam
513 2068 546 2094 ad
577 2076 620 2095 res
632 2073 724 2103 gestas
753 2077 825 2096 anno
857 2069 939 2096 Chri-

153 2114 246 2142 stiano
262 2113 331 2142 1558
348 2114 567 2148 progrediamur.
585 2122 756 2149 exponamus
768 2122 834 2142 sane
844 2115 939 2150 paucis

151 2158 275 2186 Indicqu
288 2159 324 2187 de
349 2159 397 2187 Dio
412 2160 526 2188 civitate
542 2159 610 2194 (Deu
630 2160 769 2194 barbaris,
785 2160 835 2187 Dio
858 2161 938 2188 Lusi-

972 226 1055 262 499
1065 229 1134 262 quod
1150 229 1307 255 Combaiam
1326 229 1411 254 nostri
1428 233 1536 261 vocant.
1553 229 1579 255 in
1602 234 1763 264 potestatem

973 274 1090 308 redegit.
1124 268 1180 301 Rex
1203 279 1292 302 autem
1316 272 1461 302 Zantbrins
1488 279 1515 301 et
1543 283 1666 310 paganus
1691 281 1761 306 crat.

973 320 1201 354 deastrorutuquc
1217 321 1317 351 cultor.
1334 326 1359 347 et
1382 320 1582 347 infestissimus
1604 321 1692 348 hostis
1712 321 1764 346 Lu~

975 366 1142 393 sitanorum.
1159 365 1184 393 ls
1211 374 1273 393 cum
1292 365 1433 393 Lusitanis
1461 367 1594 400 imparem
1615 366 1718 393 viribus
1734 373 1763 392 sc

975 406 1091 443 videret,
1109 412 1212 446 legatos
1239 413 1271 438 ad
1303 413 1488 446 Soleimanem
1509 413 1631 442 bassam.
1648 411 1763 439 Caircn-

972 465 1029 484 sem
1043 458 1245 494 beglcrbegtim.
1263 459 1346 490 misit,
1371 444 1429 492 qui,
1445 460 1495 485 hoc
1512 459 1588 493 prius
1607 459 1690 490 adito,
1706 466 1765 485 mus

973 504 1138 539 nerihttsqnc
1159 505 1317 535 conciliato,
1345 505 1481 531 sultannnt
1499 505 1560 531 inde
1580 503 1764 531 Soleimancnt

973 550 1063 584 ipsum
1091 550 1286 582 convenirent;
1313 550 1460 584 oblataqne
1489 551 1602 584 pecunia
1633 550 1764 580 maxima,

973 602 1070 623 contra
1099 595 1246 623 Lusitanos
1270 604 1350 630 opem
1370 596 1430 631 ejus
1454 596 1645 630 implorarent,
1661 595 1760 622 simul.

972 649 1026 676 que
1053 642 1247 676 pollicerentur
1264 642 1359 669 herum
1385 650 1464 669 suum
1482 648 1543 668 cum
1567 642 1691 676 pluribus
1705 641 1766 668 aliis

973 687 1083 721 regibus
1094 686 1205 719 indicis,
1217 688 1276 722 ejus
1287 695 1316 714 se
1327 688 1529 714 submissnrum
1548 687 1672 721 imperio,
1685 686 1765 714 modo

973 733 1125 759 subsidium
1146 733 1278 760 adversus
1295 734 1388 760 hostes
1405 731 1552 759 Lusitanos
1574 733 1760 766 impetrasset.

973 776 1079 805 Placuit
1102 786 1134 805 ea
1162 779 1310 806 Soleintani
1338 779 1457 813 legatio,
1487 779 1532 812 qui
1566 785 1613 812 per
1638 779 1709 804 banc
1735 785 1766 804 se.

973 823 1101 856 sperabat
1129 825 1301 851 occasionem
1329 825 1472 858 imperium
1499 823 1711 851 Osmanidarunt
1738 825 1764 849 t'u

975 870 1050 904 ipsas
1065 870 1145 903 lange.
1171 871 1279 904 lateque
1296 875 1508 905 propagatnrnm
1528 870 1631 900 lndias,
1648 874 1676 896 et
1702 870 1762 896 auri

976 924 1202 951 gemmarumque
1221 917 1392 944 feracissima
1408 924 1490 951 regna
1504 917 1546 942 sui
1561 916 1632 950 juris
1651 915 1767 942 cll‘ectn-

977 970 1048 990 runt.
1064 963 1158 998 Itaque
1171 964 1268 997 legatis
1284 964 1390 998 prolitc
1409 964 1553 998 pollicetttr
1573 962 1676 993 omnia,
1695 962 1767 988 clas—

975 1017 1089 1044 semque
1105 1017 1166 1036 mox
1180 1010 1337 1037 adfuturam
1366 1010 1471 1037 auxilio
1495 1009 1623 1044 spondet.
1654 1008 1767 1035 Mittitur

977 1065 1030 1084 non
1054 1057 1140 1083 multo
1168 1062 1228 1092 post
1257 1057 1429 1084 Soleintanes
1465 1057 1556 1089 bassa,
1589 1055 1768 1090 beglerbegns

977 1103 1098 1140 Egypti,
1114 1113 1176 1131 cum
1196 1105 1332 1132 machinis
1357 1105 1474 1137 bellicis,
1496 1110 1523 1132 et
1539 1105 1615 1139 justo
1631 1104 1764 1132 exercitu.

977 1159 1049 1178 anno
1058 1152 1150 1178 eodem
1165 1151 1242 1182 i558.
1250 1151 1431 1178 IncuseJnuio
1441 1151 1633 1185 propemodum
1643 1154 1768 1180 exeunte,

978 1198 1080 1224 bellum
1096 1204 1123 1224 ut
1145 1199 1196 1225 ltnc
1209 1198 1366 1224 conﬁceret.
1391 1198 1497 1231 Quippe
1512 1196 1610 1222 Turcis
1626 1196 1684 1222 ha-c
1701 1196 1768 1221 arri-

979 1243 1060 1270 debat
1075 1244 1195 1275 ocrasio;
1213 1251 1283 1276 quos
1299 1246 1352 1269 non
1371 1247 1425 1269 tam
1444 1242 1469 1268 iu
1489 1249 1636 1275 oppressos
1650 1241 1768 1266 commi-

979 1288 1090 1318 seratio,
1123 1289 1162 1314 vel
1196 1288 1314 1314 cilicium
1340 1294 1403 1321 erga
1437 1286 1659 1315 couftmlcratos.
1685 1293 1768 1319 qnatn

980 1334 1129 1367 spoliorum
1147 1341 1178 1360 ac
1196 1333 1292 1367 praeda:
1322 1333 1470 1366 cupiditas,
1495 1332 1526 1357 ad
1550 1331 1619 1357 bella
1647 1331 1768 1364 plerum-

980 1387 1034 1414 que
1052 1379 1197 1413 pertraltit.
1219 1378 1313 1405 Classe
1332 1379 1419 1405 ventis
1449 1378 1505 1404 vela
1535 1378 1629 1406 dante.
1653 1378 1769 1410 primum

981 1426 1013 1452 ad
1031 1425 1141 1452 Tltoron
1163 1426 1248 1457 itunt,
1265 1426 1335 1460 quod
1353 1429 1396 1451 est
1416 1429 1494 1450 terrae
1528 1423 1711 1450 Madianitidis
1730 1424 1771 1458 (ut

982 1471 1115 1504 creditur)
1139 1471 1267 1506 oppidum
1287 1472 1314 1497 in
1333 1471 1438 1497 Arabim
1466 1470 1680 1500 solitudinibus,
1700 1470 1771 1496 haud

944 1524 965 1552 ο
984 1518 1106 1551 procula
1129 1518 1268 1544 montibus
1295 1517 1387 1544 Orebo
1405 1523 1431 1544 ct
1449 1517 1514 1543 Sina
1534 1527 1540 1544 :
1557 1525 1612 1551 quo
1631 1517 1691 1543 loco
1716 1521 1771 1542 tant

987 1563 1166 1597 exponendis,
1196 1571 1276 1595 quant
1309 1563 1458 1590 aveltcudis
1476 1567 1572 1592 terra.
1603 1561 1770 1588 camelorntn

986 1616 1079 1643 opera.
1107 1609 1259 1639 mercibus,
1279 1609 1400 1644 Egypti,
1428 1609 1536 1636 Arabia:
1560 1608 1672 1639 Felicis.
1687 1608 1772 1634 lltdim

987 1659 1123 1688 respectu.
1137 1655 1391 1682 commodissimum
1408 1660 1451 1681 est
1464 1655 1630 1689 emporiuttt.
1644 1655 1710 1681 Post
1721 1656 1773 1681 alin

987 1702 1129 1736 quot‘ittde
1144 1702 1201 1728 dies
1216 1702 1378 1736 appulerunt
1394 1702 1427 1729 ad
1445 1703 1539 1729 urbem
1561 1702 1646 1729 Giden
1665 1703 1691 1729 in
1706 1704 1775 1730 Ara-

989 1747 1032 1774 bia
1052 1747 1154 1775 Demea
1172 1747 1268 1784 (Zitlcn
1297 1748 1342 1774 alii
1370 1749 1478 1781 vocant)
1499 1755 1559 1782 quae
1586 1750 1644 1782 ipsa
1666 1757 1776 1784 quoque

990 1794 1126 1821 maritima
1148 1798 1200 1825 est,
1233 1792 1387 1820 Tureorum
1418 1794 1532 1828 imperio
1560 1793 1697 1828 subjecta,
1724 1802 1776 1822 nec

990 1841 1084 1867 minus
1099 1839 1200 1868 nobile.
1217 1847 1299 1873 quant
1329 1840 1440 1867 Theron
1461 1840 1637 1877 entporintn._
1654 1840 1776 1867 Tandem

991 1886 1018 1912 in
1032 1885 1160 1911 Arabiam
1181 1884 1312 1915 Felicem.
1339 1889 1366 1911 et
1382 1885 1414 1911 ad
1431 1889 1539 1918 portum
1570 1885 1647 1913 urbis
1671 1885 1776 1912 Alienis

990 1936 1162 1966 perventum,
1189 1931 1262 1958 circa
1289 1938 1408 1958 mensem
1440 1930 1599 1957 Octobrem.
1628 1930 1676 1957 Est
1700 1931 1777 1957 Adcn

991 1977 1122 2011 primaria
1147 1975 1246 2003 Felicis
1272 1976 1379 2004 Arabia!
1394 1976 1508 2008 civitas,
1527 1983 1580 2003 non
1599 1977 1650 2003 situ
1677 1976 1778 2005 solum.

991 2023 1037 2050 sed
1051 2023 1131 2050 etiam
1157 2031 1239 2057 opere
1255 2023 1371 2050 munita.
1390 2023 1496 2057 Quippe
1512 2030 1562 2048 ttec
1582 2029 1777 2057 propugnacu-

991 2071 1026 2097 lis
1041 2074 1125 2103 caret,
1140 2075 1166 2097 et
1184 2072 1240 2104 ipse
1259 2070 1335 2096 locus
1351 2077 1399 2104 per
1422 2077 1452 2096 se
1470 2068 1628 2096 tutissimus
1657 2073 1710 2096 est.
1739 2069 1779 2095 Ah

992 2122 1055 2144 ortu
1071 2117 1148 2149 solis,
1168 2116 1296 2151 adjacent
1308 2116 1332 2142 ei
1351 2115 1481 2150 praerupti
1495 2121 1522 2142 et
1535 2115 1637 2142 excelsi
1650 2119 1758 2142 montes
1772 2123 1779 2145 ;

993 2163 1028 2190 ab
1052 2163 1204 2194 occidente,
1231 2162 1357 2189 clausum
1387 2161 1469 2188 maris
1496 2165 1606 2196 portutn
1640 2160 1722 2187 habet
1738 2168 1746 2186 :
1763 2169 1777 2185 a

150 2206 223 2232 tanis
232 2206 401 2238 nominatur)
416 2206 515 2233 bellum
526 2207 599 2233 inter
612 2206 762 2234 Lusitanos
775 2215 807 2234 ac
819 2202 935 2239 Turcos.
953 2216 975 2244 υ
991 2209 1114 2237 meridiei
1130 2209 1225 2241 latere,
1244 2208 1364 2235 validunt
1391 2208 1418 2234 in
1444 2207 1500 2234 alto
1522 2206 1648 2242 proximo
1664 2206 1780 2240 scopulo

149 2251 264 2286 quando
288 2252 363 2279 nulla
382 2253 410 2279 fit
433 2252 493 2286 ejus
517 2252 544 2278 in
557 2248 710 2280 Annalibus
730 2253 808 2280 hisce
825 2254 938 2286 mentio.

151 2306 203 2325 nec
221 2297 354 2330 Joviantc,
371 2298 412 2326 vel
429 2298 567 2332 Suriante.
579 2298 622 2326 vel
639 2299 755 2325 aliorum
767 2300 940 2327 narrationes

151 2345 267 2379 integra:
284 2350 358 2377 sunt,
383 2349 411 2372 et
424 2344 566 2372 Pandectis
590 2352 604 2372 a
621 2346 700 2373 uoltis
714 2346 840 2373 habenda
856 2347 940 2373 ratio.

151 2391 331 2418 Mentorahlle
347 2392 457 2425 quidem
470 2392 496 2418 itt
511 2391 609 2426 primis
625 2399 687 2419 esse
704 2392 832 2419 fatebitttr
845 2394 942 2424 lector,

151 2439 188 2464 ob
205 2437 339 2464 nefariam
358 2437 513 2465 'l‘ureornm
530 2445 595 2472 erga
622 2445 713 2472 regem
741 2439 844 2466 Adenis
863 2439 943 2473 periit

151 2485 225 2511 diam
239 2489 265 2511 et
282 2484 492 2516 immanitatem.
505 2485 551 2518 qui
563 2488 654 2511 tamen
671 2484 862 2512 lilusulmanus
872 2491 941 2517 erat,

151 2536 179 2557 ct
198 2531 321 2566 ipsorum
347 2530 537 2565 superstitioni
553 2531 688 2558 addictus.
706 2531 810 2558 Auctor
831 2532 943 2565 exposi-

154 2578 241 2604 tionis
262 2576 395 2611 Georgins
411 2576 528 2604 liustius
556 2576 745 2603 Rassiniensis
774 2584 806 2603 ex
823 2577 941 2612 lllyrico.

155 2633 229 2651 nunc
250 2623 408 2654 Sclavonia,
425 2623 507 2650 rebus
528 2623 609 2658 ipsis,
624 2631 686 2649 cunt
704 2629 876 2658 gererentur,
899 2624 942 2650 iu-

155 2670 263 2699 Ierfuit.
285 2674 313 2696 et
338 2670 515 2703 consignatas
541 2669 686 2703 magniﬁco
713 2669 826 2696 dontino
849 2669 943 2696 lliero-

155 2724 238 2750 uymo
255 2714 322 2742 Beck
336 2723 351 2741 a
368 2714 559 2748 Leopoldstorf
573 2715 686 2745 obtulit.
699 2715 746 2750 qui
759 2715 838 2742 nobis
854 2715 942 2749 legen-

156 2763 206 2788 das
222 2761 357 2790 exhibuit.
373 2761 458 2796 igitur
472 2769 544 2787 anno
557 2753 626 2788 1538
638 2760 750 2796 Nngnas
763 2762 942 2795 Acttgnanus.

131 2824 137 2829 ς
157 2807 389 2835 orientalisindize
398 2814 591 2842 prorex,quem
603 2807 754 2841 provinciis
763 2807 945 2836 illisJoauues

159 2861 208 2880 rex
225 2852 374 2881 Lusitania:
396 2853 568 2889 prorfecerat.
583 2854 720 2880 ctvitatem
741 2851 867 2881 Diensent
887 2863 943 2880 me-

992 2255 1225 2290 propngnaculum
1237 2254 1337 2281 eminet
1354 2263 1360 2281 τ
1377 2254 1403 2280 in
1418 2261 1473 2289 quo
1486 2257 1568 2280 noctu
1584 2252 1687 2280 Arabes
1706 2255 1782 2278 aut.-

993 2310 1075 2336 qnam
1093 2310 1107 2328 a
1122 2301 1220 2330 Turcis
1238 2301 1312 2328 Aden
1331 2306 1488 2335 caperetur,
1514 2300 1591 2334 ignes
1608 2299 1778 2325 excitabant.

991 2349 1039 2382 qui
1052 2356 1149 2382 tuaguo
1166 2356 1198 2374 ex
1210 2348 1354 2374 intervallo
1367 2347 1521 2381 conspecti,
1542 2345 1667 2373 Turcicxe
1679 2345 1776 2372 classis

993 2395 1139 2421 adventum
1158 2394 1317 2420 iudicabant
1336 2393 1436 2420 vicinis
1451 2392 1601 2422 Arabibus.
1619 2391 1658 2418 uti
1676 2391 1782 2419 scilicet

996 2440 1071 2467 urbis
1089 2440 1121 2466 ad
1137 2439 1323 2472 defensionem
1347 2443 1557 2466 concurrerent.
1588 2437 1721 2464 Substitit
1743 2437 1780 2464 ibi

994 2487 1102 2516 classis,
1127 2485 1321 2513 cunctantibus
1340 2484 1451 2516 Turcis,
1468 2487 1496 2511 et
1517 2483 1630 2511 consilia
1648 2483 1780 2510 varianti-

995 2534 1056 2560 bus.
1086 2531 1153 2564 lies,
1169 2531 1334 2567 quibusdam
1361 2539 1376 2558 e
1403 2538 1518 2558 numero
1549 2538 1662 2558 suorum
1685 2529 1719 2556 ad
1734 2537 1782 2555 eos

995 2579 1139 2613 ablegatis,
1152 2585 1202 2604 cur
1218 2577 1281 2604 illuc
1302 2578 1443 2604 venissent
1472 2576 1583 2608 armati,
1600 2575 1674 2603 scire
1689 2583 1718 2602 sc
1735 2583 1766 2601 cu

997 2631 1059 2658 pere
1092 2624 1274 2657 signiﬁcabat.
1301 2622 1369 2649 Tum
1389 2623 1481 2654 bassa,
1508 2622 1680 2656 perbenigno
1700 2620 1782 2655 regiis

995 2671 1058 2696 dato
1075 2676 1216 2703 responso.
1252 2676 1284 2695 ac
1302 2669 1359 2695 suis
1383 2668 1416 2695 ad
1431 2675 1522 2702 regem
1539 2668 1661 2694 vicissim
1689 2667 1782 2693 missis

997 2714 1184 2746 internuntiis,
1200 2722 1261 2742 cum
1277 2716 1448 2744 muneribus.
1467 2723 1500 2741 ne
1527 2715 1592 2748 quid
1608 2713 1707 2740 hostile
1726 2720 1782 2738 mo-

991 2763 1039 2796 Iliri
1063 2762 1212 2791 videretur.
1229 2761 1367 2788 blanditiis
1399 2766 1426 2788 et
1451 2766 1509 2787 arte
1536 2760 1702 2794 persuadet.
1732 2760 1783 2785 sub

998 2812 1130 2843 praetextu
1154 2808 1331 2842 comparandi
1358 2811 1446 2842 pretio
1467 2810 1647 2836 commeatus.
1667 2809 1697 2831 ut
1713 2804 1785 2831 clas-

999 2862 1055 2882 sem
1071 2853 1321 2882 sultaniOsmanici
1341 2861 1401 2881 cum
1428 2853 1514 2880 milite
1537 2856 1644 2886 portum
1670 2850 1793 2878 interio'
