1961 3070
199 139 253 173 911

794 141 958 172 JOANNIS
980 142 1211 172 LEUNCLAVII

1763 140 1822 172 ἐἶιὲ

201 207 258 227 rem
272 202 410 235 pateretur
429 198 543 233 ingredi.
557 197 746 226 Cocrciturum
762 207 791 226 se
811 207 887 230 suos,
900 205 929 227 ut
948 200 982 226 ab
996 203 1019 230 Α
1033 200 1164 233 Tandem,
1183 201 1216 226 ad
1239 207 1270 227 ea
1287 207 1347 234 qua:
1362 199 1490 233 petebant
1506 199 1566 226 loca
1592 206 1654 226 cum
1678 201 1821 233 pervenis-

200 245 275 272 omni
289 244 592 280 malelicio,pr:csertim
609 246 672 279 erga
693 245 830 279 religionis
847 253 982 273 consensu

201 291 251 317 sibi
268 290 417 322 devinctos,
434 290 728 325 abstinerenl.Quippe
741 298 786 317 rex
798 291 910 320 Adeuis.
923 291 985 318 uni-

170 330 178 336 ’
200 344 278 363 versa
287 343 346 362 cuni
357 341 436 369 gente
445 343 503 368 sua,
515 336 676 363 Mahumetis
685 344 763 363 sacra
774 337 891 364 colebat.
902 337 985 364 Intel-

200 382 279 410 lectis
295 382 369 408 hisre
385 382 540 416 postulatis,
561 383 587 409 in
602 388 708 417 portum
739 382 875 410 Osmanici
888 383 985 409 admit-

200 433 306 455 tuntur.
323 428 421 455 Eodem
433 432 493 455 astu
508 428 669 463 vafritieque
681 429 847 464 beglerbcgi,
857 429 890 456 ad
901 429 985 456 collo-

198 476 262 508 quia
285 483 354 507 rex,
382 481 410 502 et
434 472 558 501 conviﬂa
590 475 737 509 pellicitur.
774 475 898 509 Cumque
924 479 985 509 post

199 522 304 556 aliquot
317 521 374 548 dies
390 521 416 548 in
430 522 520 548 navim
547 522 712 556 praetoriam,
745 521 832 548 tribus
854 521 986 548 duntaxat

199 574 215 593 e
240 567 297 593 suis
314 567 472 600 comitatus,
498 567 613 599 veniret,
637 571 811 601 pcramanter
834 567 984 598 salutatur,

200 612 335 647 excipitur
353 612 451 640 blande
462 633 470 645 ,
486 620 588 640 mensa:
608 617 635 640 et
651 613 739 647 epulis
760 613 918 640 adhibetur.
933 613 985 640 Sed

200 665 261 693 post
276 659 443 692 conviiium,
461 659 552 686 nescio
568 666 620 692 qua
638 659 783 686 occasione
798 664 915 692 captata,
927 666 988 685 cor-

201 705 302 739 ripitur
319 713 326 732 :
346 713 377 732 ac
392 709 450 732 tum
471 705 580 732 demum
599 704 700 732 sentire
720 705 802 731 miser
820 704 914 738 etrapit,
936 703 987 730 im-

201 752 350 786 proborum
384 759 497 779 munera
510 759 571 779 cum
598 751 689 778 fucata
719 750 861 782 blanditie,
886 749 988 776 fraudis

202 806 262 826 esse
277 798 367 833 plena,
400 805 568 833 prorsnsque
595 797 745 831 respuenda
768 797 987 830 circumspectis.

203 845 259 872 Nec
274 854 361 877 mora,
379 847 442 873 dum
455 853 501 872 rex
520 846 547 872 in
565 845 690 879 praetoria
712 844 862 876 detinetur,
891 843 989 871 milites

1035 251 1108 280 sent,
1123 246 1202 274 bassa
1217 246 1363 273 Lusitanos
1377 245 1485 281 aggredi
1499 245 1590 280 cmpit,
1605 251 1632 272 et
1645 245 1740 272 urbem
1753 244 1820 272 Dion

1036 293 1094 321 sive
1122 293 1225 325 Dcvon,
1241 301 1255 320 a
1276 292 1417 320 Lusitanis
1445 291 1572 319 Zambrio
1603 291 1658 326 regi
1683 296 1819 325 ereptam.

1036 338 1179 366 obsidione
1197 339 1269 374 cingi
1292 338 1384 372 jussit.
1411 338 1505 372 Itaque
1532 336 1666 363 machinis
1690 336 1823 364 bellicise

1038 384 1155 411 navibus
1184 385 1212 411 in
1244 389 1344 411 terram
1370 383 1514 418 expositis,
1544 386 1700 416 oppugnata
1725 381 1822 407 civitas

1035 431 1217 466 quadraginta
1238 431 1334 458 diebus
1354 430 1502 461 continuis,
1534 433 1590 455 tam
1617 432 1689 454 era
1704 448 1711 458 ,
1740 434 1822 460 quam

1037 477 1127 504 mari:
1147 478 1195 504 sed
1219 478 1299 504 irrito
1323 478 1404 512 plane
1425 480 1535 503 conatu.
1563 473 1660 500 Turris
1689 473 1823 499 duntaxat

1037 523 1172 558 quaedam,
1199 523 1286 550 instar
1319 522 1424 550 castelli
1441 529 1490 549 seu
1519 519 1717 555 propugnaculi
1736 518 1821 549 facta,

1037 579 1097 606 qua:
1128 578 1182 598 uno
1206 578 1238 597 ac
1273 569 1387 596 dimidio
1416 568 1511 595 aberat
1532 567 1566 593 ab
1591 568 1658 593 urbe
1683 565 1780 596 stadio,
1796 570 1822 590 ct

1037 618 1081 645 cui
1107 617 1223 652 prmsidii
1255 623 1339 643 causa
1370 614 1404 641 80
1425 614 1549 640 Lusitani
1573 612 1673 639 milites
1703 609 1821 644 impositi

1038 665 1157 695 fuerant,
1175 663 1327 690 Tui-corum
1345 662 1371 688 in
1398 665 1558 696 potestatein
1571 659 1644 686 venit
1664 667 1670 686 :
1686 657 1824 692 prmsidin-

1038 711 1086 738 riis
1111 717 1170 737 sese
1196 708 1371 739 dedentibus,
1404 712 1431 734 et
1449 715 1509 734 mox
1530 706 1556 732 in
1574 712 1656 732 naves
1674 703 1824 738 perductis.

1040 756 1150 783 Duobus
1165 755 1266 789 elapsis
1281 755 1435 785 mensibus,
1450 754 1574 780 auditum
1591 754 1624 779 (le
1640 751 1727 779 classe
1747 749 1824 776 Lusi-

1040 803 1140 834 tauica,
1158 810 1217 836 quae
1233 802 1290 829 suis
1302 808 1463 828 succursum
1483 800 1600 827 veniret.
1628 799 1722 833 Itaque
1740 797 1823 823 terri-

1040 853 1084 877 tus
1099 850 1191 878 bassa,
1210 849 1350 876 machinas
1363 848 1474 875 bellicas
1485 846 1602 874 navibus
1618 845 1721 880 imponi
1731 843 1825 878 jussit,

205 893 359 927 complures
375 893 408 920 de
430 893 577 922 industria,
602 893 690 918 victus
717 891 892 922 comparandi
920 899 988 924 pra:-
1003 881 1026 910 Β
1042 904 1074 924 ,ιε
1089 900 1171 923 noctu
1187 896 1295 922 solvens
1322 893 1456 929 profugit,
1479 893 1569 925 Quam
1601 892 1673 919 enim
1702 892 1826 918 animose

206 944 292 971 textu,
311 938 445 966 civitatem
464 939 663 972 ingrediuntur.
692 937 785 965 Sulent
808 937 879 965 enim
894 936 988 967 Turci,

206 986 278 1020 quod
295 985 319 1012 vi
337 993 390 1012 non
407 989 530 1018 possunt,
546 989 592 1011 aut
623 984 727 1019 absque
745 985 828 1011 multa
847 983 989 1018 sanguinis

205 1031 349 1064 effusione,
378 1031 460 1063 dolis,
477 1034 504 1057 ct
532 1029 644 1064 perﬁdia
669 1029 811 1063 consequi.
826 1028 886 1055 Mox
903 1027 990 1054 Solei-

207 1079 279 1107 mani
296 1080 384 1106 b35818
399 1085 446 1112 per
475 1083 595 1104 secretos
619 1076 723 1102 indices
738 1075 876 1105 nuntiant,
895 1073 991 1100 Arabi-

207 1125 256 1152 bus
268 1125 369 1156 resisti,
385 1128 414 1151 et
434 1123 529 1150 urbem
545 1122 652 1149 defendi
668 1129 760 1156 posse,
784 1120 847 1147 licet
867 1119 991 1147 advenis-

206 1175 267 1198 sent
280 1171 332 1197 ill.c
347 1177 457 1205 quoque
472 1169 567 1203 copiae,
593 1175 662 1205 quas
676 1168 746 1194 lania
770 1166 825 1201 jam
846 1166 992 1193 adventare

207 1218 320 1246 ferebat.
334 1216 404 1243 Tum
434 1217 512 1243 bassa
532 1215 725 1242 maturandum
747 1213 853 1242 statuit.
882 1217 908 1239 et
923 1212 992 1238 Ara—

207 1265 270 1291 bum
297 1262 469 1297 anlicipanda
499 1262 624 1289 consilia.
648 1259 736 1287 Portis
765 1267 813 1294 per
841 1258 990 1285 absentiam

208 1311 278 1345 regis
309 1307 459 1343 occupatis,
495 1308 574 1335 niilcs
599 1306 778 1333 immittitur:
800 1305 992 1339 oppreSSisque

207 1357 357 1384 Turcorum
381 1362 495 1382 numero
521 1354 640 1385 civibus,
664 1352 740 1379 Adcn
768 1351 796 1378 in
828 1355 990 1386 potestatem

209 1402 349 1436 redigitur.
367 1399 428 1427 Mox
449 1405 476 1426 et
503 1400 559 1433 ipse
586 1407 632 1426 rex
658 1398 818 1433 productus,
842 1395 875 1422 ad
891 1395 990 1422 malum

209 1448 342 1487 praetorye
363 1447 440 1474 navis
464 1446 490 1473 in
512 1444 642 1474 sublimi,
659 1444 746 1470 tribus
761 1443 813 1469 illis
827 1449 889 1469 cum
906 1440 992 1467 comi-

209 1496 291 1527 tibus,
309 1494 503 1528 suspenditur;
535 1496 562 1519 et
581 1491 613 1518 ad
639 1496 785 1522 terrorem,
802 1489 873 1516 foedo
890 1493 993 1522 specta-

210 1542 281 1574 culo,
298 1540 402 1568 civibus
430 1539 489 1566 suis
519 1541 684 1565 ostentatur.
712 1535 844 1571 Oppidani
873 1540 926 1561 tam
951 1534 992 1561 in—

1041 950 1105 970 suas
1132 943 1159 969 in
1183 942 1301 976 speciem
1326 940 1474 967 instituunt
1501 943 1527 965 et
1547 938 1693 965 ordiuntur
1718 938 1827 972 expedi-

1042 989 1141 1021 tiones,
1158 988 1241 1015 Turci
1256 988 1307 1014 levi
1321 992 1459 1014 momento
1473 985 1574 1016 territi,
1588 985 1670 1012 rebus
1685 991 1718 1011 ex
1742 983 1826 1009 animi

1041 1040 1105 1063 voto
1135 1043 1188 1062 non
1216 1027 1438 1062 succedentibus.
1467 1031 1578 1058 honoris
1599 1031 1672 1057 omni
1703 1034 1827 1062 respectu

1042 1080 1203 1115 postposito,
1225 1087 1275 1107 ceu
1292 1078 1396 1106 timidae
1420 1077 1565 1110 dilTugiunl.
1581 1076 1679 1103 dature.
1704 1075 1828 1109 Cumque

1039 1127 1093 1161 jam
1109 1127 1187 1154 bassa
1200 1134 1252 1153 non
1271 1125 1365 1161 procul
1379 1133 1392 1150 ιι
1406 1123 1527 1151 Zcbetlio
1536 1129 1608 1150 esset
1622 1122 1731 1156 oppido,
1744 1121 1828 1148 inter-

1043 1173 1086 1200 lici
1101 1173 1221 1207 Captivos
1238 1171 1265 1198 in
1285 1171 1377 1198 littore
1402 1170 1496 1205 jussit.
1518 1169 1630 1195 Duravit
1660 1175 1762 1194 annum
1783 1167 1826 1193 in-

1043 1224 1147 1254 tegrum
1179 1219 1234 1245 limc
1258 1217 1404 1252 expeditio,
1434 1217 1540 1250 fuitque
1555 1215 1706 1241 Z«l]0llli.llll
1729 1213 1826 1244 etiam,

1042 1265 1148 1292 Arabia:
1167 1265 1267 1292 Felicis
1287 1264 1428 1299 oppidum,
1442 1272 1455 1289 a
1473 1263 1569 1290 Turcis
1592 1262 1618 1288 in
1636 1260 1723 1288 reditu
1746 1267 1831 1292 cxpu-

1043 1317 1165 1348 gnatum.
1186 1311 1251 1338 Tam
1279 1311 1365 1337 Adoni
1380 1331 1388 1342 ,
1412 1317 1490 1344 quam
1519 1308 1650 1339 Zcbrtho,
1675 1305 1828 1341 bcglcrbegi

1044 1366 1104 1384 cum
1119 1357 1326 1391 depbterdaris,
1342 1355 1441 1390 singuli
1458 1355 1571 1388 singulis
1588 1353 1707 1388 pra‘ft-cti
1741 1352 1829 1382 fut-rc,

1043 1403 1076 1430 de
1093 1403 1192 1437 quibus
1215 1410 1268 1430 non
1294 1402 1380 1429 multo
1400 1407 1469 1437 post,
1486 1401 1512 1428 in
1531 1401 1769 1435 licglcrbcgatuum
1784 1406 1831 1424 ca«

1043 1451 1144 1483 talngo.

1044 1504 1108 1530 242.
1121 1503 1224 1532 Bellum
1236 1508 1328 1530 contra
1340 1502 1532 1529 Cliimerioms:
1547 1499 1834 1531 Ceramxia,Chirnurn,

1278 1539 1404 1568 .‘irelona.
1415 1537 1489 1563 [λιιιδὶ
1501 1537 1591 1563 bussa.

211 1588 291 1622 ιιῑίςηα
309 1587 363 1620 “Si
399 1585 510 1619 Simque
543 1583 665 1610 "mentes
687 1581 795 1608 “ll'sum
807 1600 815 1612 ν
832 1580 907 1606 "Clin
923 1579 948 1605 i“
969 1586 997 1606 νο
1011 1572 1032 1603 C
1086 1586 1257 1613 Chimeriotnc
1271 1589 1334 1612 sunt
1346 1584 1514 1614 Arnautiari,
1535 1583 1574 1608 vel
1592 1581 1699 1612 Albani,
1718 1580 1758 1607 vel
1772 1579 1836 1613 Epi-

212 1632 302 1659 subita
327 1630 463 1665 trepidare
479 1638 487 1656 :
502 1629 592 1663 capite
617 1627 751 1658 destituti,
770 1625 894 1653 hostibus
909 1625 998 1660 impa-

213 1686 256 1706 res
271 1685 397 1710 numero,
415 1676 526 1704 consilii
543 1675 660 1709 denique
679 1674 783 1708 inopes,
800 1671 867 1699 nihil
887 1671 997 1698 omnino

214 1724 315 1752 moliri.
335 1723 381 1751 Sic
406 1724 434 1750 in
459 1723 620 1750 servitutem
646 1722 762 1748 redacta:
784 1719 887 1746 civitati
907 1717 999 1753 prmsi-

213 1771 288 1798 dium
319 1769 428 1797 ﬁrmum
455 1768 614 1803 imponitur,
650 1766 764 1802 provido
781 1765 886 1793 scilicet
912 1764 998 1791 bass:c

214 1817 353 1846 consilio:
375 1823 419 1848 ue,
443 1815 465 1843 si
492 1815 554 1850 quis
575 1814 706 1841 adversus
736 1813 760 1840 ci
789 1820 870 1840 casus
904 1811 998 1838 indico

216 1863 285 1891 bello
303 1863 456 1893 accideret.
485 1861 602 1888 vicinum
626 1859 733 1887 deesset
757 1858 920 1894 perfugium.
946 1856 1000 1883 Nec

215 1912 287 1938 enim
303 1918 317 1938 a
337 1915 412 1945 tergo
436 1908 516 1935 Turci
544 1908 700 1942 relinquere
715 1906 803 1933 solent
816 1906 934 1939 aliquem
956 1903 998 1931 vel

217 1961 371 1991 suspectum
391 1955 431 1982 vel
457 1954 656 1985 adversarium,
673 1952 719 1986 qui
739 1951 864 1986 quemvis
880 1951 906 1977 in
919 1957 1001 1977 even-

218 2012 274 2033 tum
290 2014 352 2033 esse
379 2004 430 2032 sibi
458 2003 546 2039 possit
569 2001 778 2036 impedimento.
795 1999 900 2032 Quippe
917 2005 1002 2033 genus

219 2054 270 2080 hoc
296 2052 477 2079 Barbarorum
506 2049 585 2084 longe
609 2047 732 2075 omnium
756 2045 932 2072 vaferriuium
948 2048 1002 2074 est,

219 2105 245 2126 et
265 2103 320 2126 tam
344 2097 524 2131 prtcseutihus
553 2102 634 2129 quam
661 2092 762 2120 futuris
776 2091 1003 2125 circumspiciun-

219 2146 263 2174 dis
278 2152 310 2172 ac
322 2143 493 2179 pensitandis
505 2140 728 2169 solertissimnm.
755 2138 887 2165 Praeterea
901 2142 1003 2171 potitus

220 2192 313 2219 Adcne
326 2191 416 2222 bassa,
430 2189 452 2216 si
469 2176 580 2222 quidem
604 2185 709 2219 reliqua
733 2191 786 2211 non
798 2183 957 2210 succederet
971 2189 1003 2208 ex

220 2238 304 2265 animi
331 2235 465 2263 sententia
497 2233 650 2268 expeditio,
681 2230 779 2258 fecisse
810 2234 898 2256 tamen
916 2235 1004 2262 operae

220 2284 336 2319 pretium
350 2281 435 2309 videri
448 2284 565 2316 poterat,
580 2286 612 2306 ac
625 2278 695 2304 viam
710 2276 853 2310 aperuisse
864 2275 1003 2301 tentandis

221 2316 293 2368 apud
322 2316 406 2358 indos
422 2327 570 2362 aliquando
599 2325 762 2360 majoribus.
787 2321 1008 2357 Captamcivita-

220 2367 274 2406 :cm
293 2378 433 2411 ingressus
450 2374 629 2404 Soleimaues,
656 2372 720 2399 dato
732 2370 821 2404 signo,
841 2367 1005 2404 proclamari

220 2424 314 2457 jussit.
332 2430 365 2449 ne
379 2421 479 2448 civium
492 2420 573 2448 bona,
592 2425 659 2444 neve
675 2423 780 2443 merces
796 2415 982 2450 diriperentur
999 2421 1006 2439 :

223 2475 250 2496 et
260 2469 404 2504 quemdam
419 2475 434 2494 e
449 2466 516 2496 suis,
544 2465 648 2491 vilioris
666 2462 803 2490 hominem
831 2459 1009 2490 conditionis,

226 2515 253 2541 in
271 2516 327 2549 ipsa
343 2515 419 2540 urbis
437 2517 513 2548 porta
539 2511 675 2538 terrendis
689 2509 807 2540 ett-teris,
823 2507 912 2542 capite
932 2506 1010 2540 plecti

224 2560 314 2593 jussit.
332 2559 413 2594 500
429 2559 587 2586 Aromatum
609 2563 727 2591 namque
751 2562 846 2590 magna
861 2554 915 2580 huc
933 2551 1012 2586 copia

228 2605 325 2632 deferri
336 2613 370 2632 ex
381 2605 456 2632 ludia
472 2605 552 2631 solet.
567 2603 699 2630 Praeterea
716 2601 795 2629 sinus
806 2600 940 2628 Arabicus
955 2598 1014 2625 sive

229 2651 356 2680 Persicus
385 2652 427 2678 hic
461 2650 565 2685 incipit,
579 2654 606 2676 et
628 2648 827 2683 Aliyssinorum
845 2646 1014 2679 Ethiopnni,

231 2706 348 2735 quorum
363 2705 407 2725 rex
429 2696 597 2731 Praetejanus
621 2696 703 2730 vulgo
723 2694 892 2723 nominatur,
910 2696 1016 2718 montes

231 2751 313 2780 atque
351 2744 453 2772 limites
487 2742 587 2769 ibidem
615 2741 830 2775 conspiciuntur.
869 2737 1015 2769 Osnianici,

233 2794 325 2821 Adene
340 2790 444 2822 relicta,
459 2796 522 2816 cum
545 2795 651 2814 annona
671 2787 781 2821 copiosa
809 2792 891 2811 naves
904 2790 1017 2810 oneras—

233 2844 304 2873 sent,
324 2838 433 2866 Oceano
462 2843 493 2863 se
516 2834 722 2865 commiserunt,
748 2840 779 2859 ac
797 2831 890 2858 decem
907 2836 1019 2856 novem—

234 2895 287 2922 que
302 2886 361 2914 dies
373 2893 403 2912 ac
417 2888 511 2912 noctes
529 2881 627 2910 itincrc
647 2879 782 2907 maritimo
803 2883 1013 2910 consumpsere.

1024 2253 1044 2280 1)

1051 1636 1128 1664 τοῑιυ,
1155 1637 1230 1659 trans
1262 1632 1350 1658 sinum
1374 1639 1404 1657 cx
1419 1632 1531 1657 adverso
1548 1629 1673 1664 Corcyra:
1690 1626 1734 1653 siti
1755 1635 1761 1652 :
1781 1634 1834 1660 qua

1052 1679 1078 1705 in
1093 1679 1203 1713 regione
1217 1679 1344 1705 continua
1360 1677 1490 1705 montium
1507 1676 1592 1703 series
1617 1678 1669 1706 est,
1684 1680 1763 1707 quam
1779 1679 1836 1698 uno

1051 1725 1184 1752 vocabulo
1209 1725 1362 1759 nantmjani
1389 1725 1481 1751 dicunt
1503 1722 1670 1750 Cliimeram.
1688 1719 1782 1746 Jovius
1808 1722 1837 1744 et

1053 1771 1097 1797 alii
1111 1770 1275 1797 voluntolim
1293 1770 1349 1796 haec
1372 1770 1458 1796 fuis~c
1474 1771 1602 1794 montana
1617 1766 1658 1792 vel
1671 1765 1722 1799 ὅρη
1734 1763 1836 1790 Cerau-

1054 1817 1108 1849 nia,
1120 1817 1236 1850 itemque
1247 1814 1461 1844 Acroceraunia,
1474 1820 1522 1847 pro
1534 1812 1634 1846 quibus
1646 1811 1735 1838 dicere
1744 1807 1838 1835 malim

1054 1862 1178 1897 equidem
1200 1863 1270 1888 Acra
1299 1860 1444 1888 Ceraunia.
1468 1858 1522 1885 Leo
1547 1864 1636 1884 tamen
1658 1857 1797 1890 Augustus
1811 1854 1838 1878 ill

1054 1909 1159 1936 novella
1171 1908 1204 1935 dc
1220 1907 1350 1938 Tlironis,
1368 1911 1396 1932 ut
1411 1906 1498 1933 obiter
1515 1903 1655 1938 attigimus
1683 1906 1773 1931 antea,
1790 1898 1842 1925 sub

1054 1954 1163 1981 Etolim
1189 1952 1330 1987 metropoli
1355 1951 1506 1985 Naupacto,
1530 1954 1583 1976 tam
1599 1948 1741 1976 Buthroti,
1757 1951 1840 1979 quam

1055 1999 1189 2028 Cbimara:
1215 2000 1333 2026 collocat
1354 1998 1549 2032 episcopatus:
1568 2003 1627 2030 qum
1649 1996 1707 2021 loca
1727 1993 1778 2019 sibi
1795 1991 1841 2017 in-

1056 2047 1142 2073 vicem
1170 2045 1269 2078 vicina,
1299 2044 1425 2071 Butintro
1440 2049 1465 2071 et
1482 2043 1621 2072 Cliiniera,
1637 2048 1698 2068 cum
1716 2040 1770 2066 illic
1789 2039 1844 2066 lite—

1057 2098 1195 2123 reremus,
1219 2099 1234 2118 a
1264 2091 1353 2118 nautis
1377 2090 1478 2117 nostris
1504 2087 1724 2123 appellabantur.
1742 2086 1841 2112 iisdem

1057 2138 1189 2169 Avelona,
1206 2138 1284 2171 cujus
1299 2137 1342 2164 hic
1355 2137 1455 2162 Ini-.ntio
1472 2135 1510 2165 lit,
1522 2134 1717 2161 euuutiabatur
1735 2131 1843 2164 adjecto

1059 2184 1175 2211 articulo
1199 2183 1303 2215 italico,
1337 2182 1482 2212 Lavclona,
1501 2181 1542 2208 vcl
1561 2180 1709 2213 disjunctc,
1737 2178 1773 2204 La
1793 2177 1844 2204 Ve.

1060 2231 1134 2262 lona,
1150 2237 1210 2256 cum
1229 2228 1338 2263 quidem
1364 2228 1483 2260 vulgaris
1508 2227 1609 2260 lingua:
1635 2224 1736 2251 Graecae
1765 2223 1844 2257 periti

1059 2277 1203 2308 adderent,
1217 2283 1249 2302 eo
1266 2275 1376 2302 nomine
1392 2273 1494 2309 βε).ώνη
1517 2271 1666 2307 signiﬁcari
1685 2278 1776 2297 acum.
1792 2269 1845 2296 Scd

1060 2322 1224 2357 ignorabant
1250 2320 1376 2348 lmmines
1404 2325 1430 2346 et
1451 2316 1622 2349 antiquitatis
1648 2321 1673 2341 ct
1692 2315 1846 2341 litterarum

1061 2369 1155 2400 rudes,
1177 2367 1388 2402 appellationem
1415 2363 1597 2391 recentiorem
1623 2363 1692 2389 hanc
1716 2369 1748 2387 ex
1761 2360 1847 2386 νειι-ιί

1061 2415 1167 2441 Anlone
1183 2413 1292 2440 factam.
1321 2411 1378 2438 Sita
1406 2410 1488 2436 estin
1513 2409 1626 2435 Albania
1644 2407 1684 2433 vel
1701 2406 1794 2440 Epiro,
1816 2413 1849 2431 ex

1062 2461 1178 2488 adverso
1207 2464 1337 2486 extremm
1362 2457 1435 2483 illius
1456 2463 1511 2482 orae
1537 2454 1619 2481 Italia:
1636 2461 1697 2488 qua:
1711 2453 1737 2478 in
1753 2451 1850 2486 Apulia

1063 2505 1281 2542 promontorium
1314 2504 1343 2530 S.
1368 2502 1460 2529 Mariae
1485 2508 1557 2528 nunc
1582 2499 1683 2529 habet,
1713 2497 1851 2532 Iapygiam

1064 2554 1200 2588 quondam
1213 2551 1315 2577 dictum
1333 2558 1339 2576 :
1355 2548 1400 2575 tibi
1417 2548 1514 2575 civitas
1538 2545 1645 2581 Hydrus
1663 2545 1761 2579 posita,
1779 2543 1852 2570 dun-

1066 2603 1141 2626 taxat
1163 2596 1323 2624 intermedio
1337 2595 1421 2622 maris
1442 2593 1590 2620 lladriatici
1611 2591 1686 2621 sinu,
1699 2589 1734 2616 60
1754 2589 1853 2615 millia-

1067 2646 1143 2672 t'ibus
1155 2644 1257 2671 Graecis
1268 2643 1302 2670 ab
1317 2642 1423 2669 Aulone
1437 2639 1615 2674 disjungitur,
1637 2637 1675 2663 uti
1692 2635 1782 2669 capite
1803 2634 1854 2661 i5'2

1070 2691 1236 2718 notavimus.
1261 2687 1362 2716 Leonis
1392 2685 1507 2720 Augusti
1537 2684 1648 2710 Novella
1679 2681 1714 2709 dc
1732 2679 1856 2707 Tbronis

1069 2735 1214 2763 Auluniam
1241 2738 1366 2762 recenset
1403 2732 1473 2759 inter
1503 2730 1679 2764 episcopatus
1709 2725 1855 2760 metropoli

1071 2781 1265 2815 Dyrrhachina:
1284 2779 1419 2809 subditos,
1439 2782 1466 2804 et
1478 2776 1603 2811 proximo
1631 2778 1693 2808 post
1709 2773 1856 2807 episcopa-

1072 2834 1128 2855 tum
1156 2827 1316 2854 Glavinitzze
1350 2826 1391 2851 vel
1426 2821 1633 2850 Acroceraunia:
1660 2821 1861 2846 commemorat

1071 2876 1142 2902 loco.
1155 2874 1290 2901 Caeterum
1312 2871 1358 2904 qui
1374 2870 1526 2898 Annalibus
1549 2868 1592 2896 bic
1605 2867 1757 2896 auocllatur
1777 2864 1853 2891 Lutsi
