1961 3070
141 173 195 206 913

722 174 921 206 PA’NDECTE
937 176 1039 207 HlST.
1056 174 1208 207 TUllClC.

1719 174 1777 207 illi

142 232 234 264 bassa,
248 235 413 266 corruptmn'
427 232 498 266 apud
514 232 662 259 historicos
681 237 803 264 nostros,
821 232 928 260 Jovium
946 238 966 263 Α
985 233 1066 268 vulgo
1093 233 1247 268 Neptunus,
1279 240 1328 260 ceu
1357 232 1494 260 maximus
1519 231 1659 267 quispiam
1685 235 1770 260 maris

140 283 167 306 et
180 278 259 309 alios,
286 285 395 305 munem
407 278 488 306 habet
518 277 661 306 Lnltiheus
683 285 730 307 aut
747 279 929 314 Luphtihcus.

141 323 311 359 Spandugini
339 324 380 351 de-
408 324 462 351 hoc
486 325 616 352 notabilis
644 329 688 352 est
718 316 815 356 locus:
847 334 928 361 quem

141 371 452 406 interpretando‘lubet
481 371 611 399 inserere.
641 371 792 405 Sullanus,
820 372 929 407 inquit,

142 416 323 444 Soleimanes
346 415 446 448 butsi,
475 424 607 451 perquam
638 416 735 444 humili
769 415 930 444 conditione

119 484 122 499 έ
141 468 216 495 nato,
234 462 293 490 suis
312 470 344 490 ex
362 462 505 490 sororibus
521 470 603 489 unatn
619 462 694 490 dedit
711 471 837 495 uxorem,
851 471 930 490 cum-

118 514 122 548 ;
141 517 195 544 que
217 509 335 544 primum
359 510 469 537 bassam
496 509 613 542 creavit,
626 517 641 536 a
661 517 717 544 quo
732 515 822 537 tamen
839 509 929 538 cilicio

118 551 122 559 ‘
141 561 215 582 nunc
229 553 422 587 deiectus-est.
447 553 554 588 Quippe
581 561 643 581 cum
663 561 733 581 uxor
747 553 840 582 mariti
859 561 928 582 con-

139 600 250 628 cubitus
262 607 323 627 cum
337 599 628 634 masculis-aegerrime
645 599 748 632 ferret,
770 607 858 634 eoque
879 606 930 626 no-

140 647 214 674 mine
244 654 306 674 eum
339 646 399 681 ipso
437 645 636 680 expostulans,
666 645 926 673 diceret:fratrem

140 699 233 721 suum.
249 692 390 719 snltanum
407 690 602 724 Soleimanem,
620 690 660 718 illi
678 698 707 718 se
722 690 853 725 junx-isse
868 698 927 717 ma-

140 737 282 770 trimonio,
306 745 400 765 secum
425 737 465 764 uti
482 736 596 764 cubaret
611 746 618 764 :
635 737 839 764 excandescens
848 735 925 763 Lntsi

140 785 232 818 lmsa,
260 785 368 812 mulieri
394 784 542 820 colaphum
569 784 694 820 impegit.
709 783 767 811 Hoc
781 783 827 811 ubi
843 783 928 811 resci-

140 837 198 859 tum
215 839 229 858 a
244 831 409 864 Soleimane,
428 838 550 859 sororem
568 831 593 858 ei
619 830 745 865 protinus
760 829 875 863 ademit,
894 836 927 856 ac

140 881 252 913 recepto
265 877 412 905 Sultanino
424 877 524 911 sigillo,
539 876 675 912 dignitate
687 876 809 911 supremi
825 875 925 902 veziris

140 925 279 952 hominem
309 926 395 952 exuit.
412 923 461 951 Est
478 924 550 951 enim
571 923 599 950 in
613 931 690 951 more
709 923 781 958 apud
795 922 924 949 Osmani-

138 971 199 1004 das,
223 975 253 998 ut
280 970 327 1006 qui
347 970 510 998 auctoritate
526 974 645 1006 quatuor
675 969 748 997 inter
773 969 872 996 hassas
883 971 927 994 est

140 1017 269 1052 maxima,
295 1016 448 1044 vezirazem
477 1015 536 1043 sive
563 1021 712 1050 supremus
748 1013 926 1041 consiliarius

141 1064 308 1096 nominetur,
332 1065 360 1090 et
383 1063 410 1088 in
433 1069 515 1089 manu
537 1069 586 1089 sua
617 1060 738 1095 sigillum
755 1059 925 1087 sultaninnm

140 1109 249 1136 habeat.
271 1109 332 1136 Haec
347 1108 541 1144 Spanduginus
553 1115 561 1140 ;
573 1115 634 1142 qua:
654 1114 719 1134 sane
731 1106 755 1133 si
771 1113 835 1133 vera
852 1108 926 1136 sunt,

141 1160 170 1183 ut
183 1163 245 1183 esse
275 1155 410 1187 videntur,
430 1154 598 1182 conveniens
625 1153 706 1181 foedis
722 1160 755 1180 ac
780 1151 923 1179 dissolutis

140 1202 265 1229 moribus
282 1201 387 1229 homini
409 1201 503 1228 datum
525 1208 626 1228 nomen
642 1199 704 1226 fuit.
723 1199 830 1234 Quippe
847 1196 927 1224 Lutsi

140 1249 233 1283 lingua
250 1248 366 1276 ancica
384 1247 522 1282 signiﬁcat
538 1255 599 1274 eum
619 1245 666 1281 qui
686 1253 739 1273 non
762 1244 815 1271 nisi
834 1244 868 1271 de
880 1251 927 1270 ve-

141 1303 206 1323 nere
237 1295 340 1330 cogitat
369 1304 376 1322 :
406 1295 515 1329 qualem
546 1293 659 1322 Graccus
693 1292 793 1328 aliquis
825 1291 926 1319 dixerit

140 1342 271 1378 ἐρωτικὸν
287 1342 329 1370 vel
343 1341 518 1377 ὲρωτομανῆ.

277 1412 340 1440 245.
360 1411 501 1443 Besictast',
528 1410 791 1438 ΔιΠΛΟΚιΟΝΙΟΝ.

175 1469 322 1503 Besictasi,
336 1469 421 1497 locus
436 1473 478 1496 est
493 1468 526 1496 ad
542 1469 714 1503 Bosphorum
731 1467 882 1495 Thracium
898 1467 926 1494 in

141 1517 250 1552 Europa
278 1517 357 1549 situs,
379 1523 433 1550 qua
449 1515 688 1550 Constantinopoli
707 1522 817 1542 sursum
833 1514 924 1541 tendi-

141 1569 197 1596 tur,
221 1563 337 1590 adverso
366 1561 499 1597 Bosphori
537 1561 631 1594 ﬂuxu,
659 1569 756 1588 versus
786 1568 818 1587 os
850 1559 925 1595 ponti

142 1609 252 1636 Euxini.
280 1609 344 1636 Plus
372 1609 464 1636 minus
490 1613 608 1644 quatuor
631 1607 708 1635 abest
724 1616 739 1634 a
757 1608 852 1634 Galata
865 1607 926 1634 mil-

140 1656 256 1684 liaribus
273 1655 385 1688 Graecis,
397 1659 444 1683 aut
457 1662 511 1682 uno
522 1653 699 1682 Germanico.
713 1653 816 1682 Nomen
832 1654 924 1689 lingua

140 1702 255 1729 Tureiea
273 1701 391 1736 lapidein
405 1702 464 1729 sive
487 1708 584 1728 saxum
601 1708 748 1733 cunarum,
767 1701 925 1735 signiﬁcat:

141 1757 156 1775 a
168 1748 359 1790 distractione,
378 1752 455 1782 puto,
469 1747 688 1774 Christianorum
710 1748 926 1782 mancipiorum,

140 1803 173 1822 ac
204 1801 322 1823 matrum
348 1795 510 1831 praesertim,
529 1796 628 1823 liberos
654 1796 736 1824 etiam
771 1801 881 1823 teneros
898 1795 925 1822 in

141 1842 222 1869 cunis
244 1842 417 1871 habentium.
447 1842 577 1877 Sepultus
601 1842 645 1870 hic
677 1847 719 1870 est
735 1842 927 1874 Chairadines.

141 1889 188 1922 qui
203 1888 315 1915 messita
329 1895 439 1923 quoque
467 1895 537 1915 nova
565 1895 616 1916 suo
631 1891 741 1922 sumptu
763 1887 864 1915 ibidem
881 1896 927 1915 ex-

140 1939 258 1967 structa,
275 1935 421 1962 nobilitare
432 1934 521 1962 locum
535 1935 562 1962 et
576 1933 701 1962 excolere
719 1934 817 1961 voluit.
829 1933 927 1960 Διπλο-

141 1981 244 2009 κιόνιον
267 1981 368 2009 Gra'cis
400 1981 481 2009 hodie
507 1981 612 2014 vocari,
645 1981 745 2015 priscis
771 1979 927 2013 Jasonium,

141 2033 264 2056 notatum
278 2028 398 2063 reperies
413 2034 507 2063 supra,
528 2028 617 2062 capite
632 2027 695 2055 £28.
712 2026 772 2054 Hoc
787 2032 926 2061 tempore,

141 2075 176 2102 de
195 2082 250 2110 quo
269 2075 374 2102 scilicet
389 2074 509 2102 Annales
535 2074 616 2101 modo
641 2073 804 2108 loquuntur,
821 2072 927 2107 adjecta

141 2121 252 2149 fuertmt
267 2121 430 2156 5011istuc
449 2121 571 2156 capitum
586 2119 823 2151 Christianorum,
836 2127 850 2147 e
861 2119 928 2146 Cor-

140 2175 206 2201 cyra
223 2167 355 2194 duntaxat
383 2167 411 2194 in
425 2167 585 2194 servitutem
596 2165 785 2200 abreptorum.
803 2164 928 2197 cujusvis

139 2221 225 2254 sexus
244 2218 270 2240 et
287 2213 388 2244 astatis,
405 2213 439 2240 ad
464 2212 602 2240 sexdecim
618 2211 702 2238 millia
723 2221 730 2238 :
748 2211 926 2246 quemadmo-
943 2226 965 2255 ι)

140 2261 204 2288 dum
217 2260 311 2288 Jovins
332 2260 470 2287 memoria:
495 2257 626 2294 prodidit.
656 2256 693 2284 De
721 2257 872 2285 sultaninis
901 2261 928 2284 et

140 2315 236 2336 eorum
257 2307 356 2342 pretio,
373 2307 474 2333 dictum
487 2306 521 2333 te
541 2304 641 2339 capite.

272 2375 336 2402 Ωιι.
355 2373 568 2408 Carabogdaniw
582 2372 680 2408 ﬂuvius
701 2372 795 2399 Berut.
828 2396 834 2401 ,

179 2433 215 2460 οε
231 2432 437 2469 Carabogdania
454 2431 568 2459 consule
589 2435 671 2465 caput
693 2430 737 2457 7|.
758 2430 825 2463 Ejus
839 2430 929 2457 amnis

142 2484 196 2513 est,
212 2487 292 2515 quem
309 2480 392 2507 Berut
407 2479 528 2506 Annales
547 2478 576 2504 bi
598 2477 752 2505 nominant.
771 2476 873 2511 Ungari
888 2481 929 2503 ta-

142 2535 217 2559 men,
234 2531 262 2554 ct
277 2525 401 2558 Valachi,
422 2525 481 2552 sive
497 2524 626 2557 Moldavi,
643 2524 740 2558 partim
757 2523 929 2550 contractius

142 2579 170 2602 et
182 2573 281 2601 durius
296 2572 377 2605 Prut,
387 2572 486 2607 partim
511 2571 593 2606 paulo
615 2569 726 2597 mollius
744 2569 822 2601 Brut,
838 2576 928 2596 enun-

143 2621 226 2648 tiant.

178 2679 242 2706 245.
259 2678 378 2713 Neptuni
396 2677 493 2710 Doriw,
505 2677 566 2704 victi
582 2685 596 2703 α
612 2675 786 2707 Clmiradine,
806 2675 880 2710 fuga.

191 2734 300 2762 Dorilm
317 2733 412 2765 Turci.
431 2741 507 2760 more
518 2733 621 2764 Italico,
633 2733 831 2768 pronuntiant;
847 2740 928 2767 quem

143 2781 239 2809 Juvins
253 2779 324 2808 dixit
344 2780 468 2811 Anriam,
495 2780 581 2813 magis
604 2779 798 2807 consuetudini
824 2778 930 2806 Latina:

147 2828 330 2863 respondente
347 2826 493 2858 vocabulo,
507 2827 582 2853 velut
594 2827 654 2860 ipse
667 2827 775 2860 quidem
789 2826 930 2853 existima-

145 2875 196 2901 vit.
212 2874 238 2901 Is
249 2878 276 2902 ct
301 2882 351 2901 usu
369 2880 461 2900 rerum
492 2871 559 2898 mari
586 2872 776 2906 gerendarum,
792 2876 819 2900 et
842 2871 930 2900 felici-

148 2924 203 2948 tate
229 2921 373 2956 singulari,
402 2923 506 2946 tantam
536 2917 650 2952 adeptus
675 2918 788 2949 gloriam
811 2918 874 2951 fuit,
901 2924 929 2947 ut

981 279 1061 312 deus,
1078 281 1277 315 appellaretur.
1295 278 1371 307 Hunc
1383 283 1474 306 tamen
1489 287 1503 306 a
1521 278 1688 307 Chairadine
1701 287 1770 314 pra!-

981 325 1018 353 lio
1034 326 1134 359 navali,
1149 331 1176 353 et
1194 326 1300 353 artibus
1326 325 1513 359 imperatoriis
1529 330 1702 361 superatum,
1727 325 1771 352 fu-

979 371 1068 407 gisse,
1096 379 1149 399 non
1167 371 1310 403 insolenti,
1333 371 1380 398 sed
1401 372 1525 398 modesta
1543 375 1699 397 memorant
1715 370 1770 396 An-

980 416 1056 444 nales
1075 417 1212 444 orationc.
1244 417 1304 450 Quo
1318 416 1598 444 commcndabiliores
1611 416 1691 443 nobis
1707 424 1769 444 esse

979 462 1089 496 debent,
1103 463 1141 490 nti
1164 471 1218 490 non
1236 462 1268 490 ad
1284 463 1401 497 gratiam
1415 469 1419 474 '
1433 470 1560 494 suorum,
1577 470 1628 490 nec
1644 462 1676 489 ad
1696 462 1771 489 inse~

979 508 1128 536 elationem
1147 512 1306 536 nostrorum
1324 517 1331 540 ;
1351 510 1398 536 sed
1415 509 1448 536 ad
1464 509 1621 541 veritatem,
1634 516 1695 543 qme
1711 508 1771 537 anis

980 563 1022 583 ma
1034 560 1075 583 est
1090 556 1220 589 llistorim,
1241 554 1505 590 scripti..lovianum
1525 554 1635 589 quidem
1656 553 1767 588 cpiphu-

979 609 1069 635 nema,
1084 609 1140 636 quo
1155 601 1257 628 clausit
1284 602 1355 628 hanc
1370 600 1568 631 narrationem.
1593 607 1673 634 quam
1689 607 1767 626 acres

978 650 1060 678 liabet
1077 650 1208 677 aculeos!
1239 649 1335 681 Anria.
1361 648 1462 684 inquit,
1483 648 1551 675 tanti
1581 655 1659 679 usus,
1683 650 1766 673 tanta:

979 699 1094 734 perilize,
1117 703 1199 724 tanta:
1234 697 1447 724 existimationis
1477 696 1545 722 mari
1570 695 1636 726 dux,
1662 701 1695 721 co
1723 693 1767 720 die

978 735 1070 772 nullus
1097 745 1251 780 imperator
1272 742 1393 772 exstitit.
1426 741 1507 777 Atqui
1527 742 1647 776 cogitare
1665 741 1698 768 de
1722 740 1767 767 illo

978 791 1063 819 Veteri
1085 792 1169 819 verbo
1197 791 1318 819 debebat
1349 789 1457 821 Jovins,
1484 797 1539 823 quo
1571 787 1767 815 Demosthenes

977 837 1062 866 etiam
1084 837 1202 873 fugiens,
1216 845 1368 866 excusasse
1386 844 1415 864 se
1433 836 1538 863 fertur:

1067 895 1152 930 ’Λνὴρ
1167 895 1195 921 δὲ
1210 895 1320 929 φεύγων
1335 895 1382 921 καὶ
1399 893 1481 920 πάλιν
1496 892 1661 927 μαχήσεται.

1119 942 1171 974 Qui
1183 950 1210 969 se
1226 942 1295 977 fugis
1308 942 1364 974 dat,
1378 940 1517 968 dimicabit
1531 939 1627 966 denuo.

977 1002 1035 1030 Nec
1062 1002 1232 1036 iueicganter
1261 999 1375 1026 Alexius
1399 997 1522 1032 Angelus
1550 997 1711 1030 imperator,
1738 997 1767 1021 nt

978 1048 1049 1085 apud
1066 1047 1180 1075 Graeciae
1194 1050 1340 1081 praetorem
1360 1048 1486 1072 nostrum
1509 1042 1650 1070 memoria:
1673 1040 1768 1075 prodi-

978 1099 1035 1123 tum
1048 1095 1160 1129 legitur.
1182 1099 1245 1120 cum
1259 1090 1375 1126 perditis
1392 1090 1476 1117 rebus
1492 1096 1545 1116 non
1557 1088 1640 1115 modo
1652 1087 1766 1118 frustra,

978 1141 1024 1169 sed
1038 1140 1120 1168 etiam
1135 1146 1197 1166 eum
1213 1136 1336 1172 periculo
1350 1143 1380 1163 sc
1400 1135 1504 1163 diutius
1532 1134 1672 1162 haesurum
1695 1132 1768 1160 Con-

978 1183 1158 1218 stantinopoli
1175 1182 1422 1213 animadverteret,
1440 1180 1569 1207 omnibus
1587 1179 1679 1206 valere
1704 1177 1766 1212 jus-

978 1232 1025 1264 sis,
1042 1237 1068 1258 et
1082 1234 1195 1265 arrepta»
1210 1234 1318 1264 sponte,
1331 1228 1447 1258 nolenti;
1459 1231 1551 1254 tamen
1571 1226 1672 1257 animo,
1691 1224 1766 1259 fuga,

979 1278 1108 1306 Davidcm
1121 1284 1231 1312 quoque
1246 1275 1317 1302 dixit
1337 1274 1473 1302 beneﬁcio
1491 1273 1561 1308 fugae
1585 1271 1668 1300 saluti
1685 1274 1768 1304 atque

979 1323 1164 1352 incolumitati
1199 1329 1257 1349 suae
1278 1321 1469 1349 consuluisse.
1489 1319 1548 1346 Non
1575 1318 1667 1346 minus
1692 1320 1768 1344 certe.

979 1370 1070 1406 magni
1083 1374 1110 1397 et
1127 1369 1262 1404 sapientis
1278 1373 1319 1396 est
1344 1367 1532 1402 imperatoris,
1560 1372 1697 1393 summam
1726 1370 1767 1390 re-

978 1425 1039 1444 rum
1057 1417 1171 1444 incertat.
1186 1416 1282 1443 Martis
1298 1415 1363 1442 aleae
1386 1422 1440 1442 non
1456 1418 1559 1441 temere
1572 1411 1767 1440 committere:

978 1472 1059 1499 quam
1078 1471 1209 1499 prospere
1223 1462 1385 1491 cedentibus
1403 1461 1544 1493 omnibus,
1572 1458 1686 1486 victoria
1700 1465 1768 1492 prn-

978 1511 1076 1539 denter
1093 1511 1143 1538 uti.

1055 1568 1120 1596 246.
1135 1567 1342 1595 Publicnnorum
1353 1573 1444 1592 carcer
1455 1563 1697 1598 Constantinopoli.

1015 1625 1114 1653 Vendit
1140 1625 1232 1651 omnia
1259 1631 1308 1658 per
1324 1622 1471 1656 imperium
1491 1629 1572 1649 suum
1591 1620 1693 1648 ιειοιιὶιι
1711 1627 1768 1646 ma-

980 1675 1055 1702 ximo
1068 1674 1165 1708 pretio,
1179 1673 1220 1700 vel
1236 1679 1352 1706 paucos,
1370 1671 1412 1698 vel
1433 1671 1527 1705 plures
1547 1669 1573 1696 in
1596 1675 1684 1696 annos
1710 1667 1768 1695 sul-

981 1725 1062 1748 tanns
1088 1719 1324 1750 Osmanidarnm;
1356 1716 1473 1751 ideoque
1485 1716 1509 1743 si
1531 1715 1650 1750 majores
1682 1713 1767 1748 aliqui

979 1768 1102 1804 pecuniae
1116 1773 1239 1794 summas
1257 1765 1282 1792 ei
1297 1763 1477 1799 vectigalium
1494 1762 1606 1790 nomine
1618 1761 1768 1797 pollicean-

981 1819 1035 1846 tur,
1051 1820 1132 1848 quam
1150 1819 1246 1846 reapse
1259 1810 1391 1845 deinceps
1414 1808 1547 1836 exhibere
1573 1807 1682 1842 possint
1707 1816 1714 1834 :
1740 1806 1767 1833 in

980 1867 1130 1892 carcerem,
1148 1858 1233 1884 veluti
1248 1857 1294 1892 qui
1320 1863 1374 1884 non
1405 1855 1538 1883 solvendo
1555 1854 1621 1885 sint.
1638 1858 1665 1881 et
1691 1853 1768 1880 fran-

982 1907 1044 1935 dem
1061 1906 1169 1933 sultano
1196 1903 1288 1931 facere
1312 1901 1458 1933 voluerint,
1487 1899 1687 1934 conjiciuntur.
1719 1898 1769 1926 llic

979 1959 1075 1980 career
1092 1951 1305 1986 publicanorum
1337 1947 1576 1982 Constantinopoli
1599 1946 1712 1974 dicitur.
1736 1945 1769 1972 Et

980 2002 1043 2025 sunt
1067 1998 1093 2024 in
1113 1997 1244 2024 universo
1276 1993 1490 2022 Osmanidarnm
1515 1999 1600 2027 regno
1628 1991 1767 2027 publicani

980 2046 1038 2073 fere
1061 2043 1159 2076 Judaei,
1183 2050 1251 2077 gens
1266 2040 1463 2068 exactionibus
1488 2044 1514 2066 ct
1536 2038 1629 2066 usuris
1652 2038 1767 2065 nimium

981 2096 1113 2126 quantum
1144 2095 1227 2123 supra
1256 2087 1388 2115 mortales
1421 2091 1537 2114 emteros
1559 2085 1674 2113 dedita:
1705 2092 1768 2124 cum

980 2138 1031 2173 ipsi
1051 2137 1133 2164 etiam
1154 2135 1236 2162 Turei
1247 2134 1288 2161 vel
1305 2133 1485 2166 Musulmani,
1501 2132 1584 2167 paulo
1607 2131 1768 2160 sineerioris

982 2185 1106 2212 homines
1124 2180 1313 2213 conscientia),
1326 2181 1415 2208 nolint
1427 2180 1523 2207 audire
1535 2179 1674 2214 publicani
1690 2188 1696 2206 :
1712 2186 1766 2206 non

981 2232 1071 2263 aliter,
1087 2238 1119 2258 ac
1137 2231 1159 2257 si
1177 2236 1239 2256 cum
1267 2228 1380 2256 infamia
1407 2227 1557 2262 conjunclo
1571 2232 1683 2261 propter
1698 2226 1767 2253 alio-

983 2286 1044 2306 rum
1063 2277 1214 2312 nequitiam
1243 2275 1366 2308 nomine,
1386 2274 1475 2301 virum
1499 2273 1602 2300 bonum
1636 2272 1768 2307 appellari

982 2325 1060 2352 nclas
1091 2325 1146 2356 sit,
1177 2322 1286 2350 etiamsi
1320 2326 1419 2357 przeter
1450 2319 1572 2349 oiﬁcium
1607 2319 1675 2346 nihil
1711 2319 1769 2354 ipse

980 2371 1073 2399 faciat.
1527 2393 1532 2397 .

994 2428 1058 2455 247.
1083 2425 1182 2454 οηικηι
1200 2427 1301 2461 Capiti,
1331 2426 1493 2462 Xylopomt,
1519 2424 1602 2452 Porta
1627 2425 1753 2461 lignun‘n,

1074 2469 1076 2471 ’
1262 2462 1468 2489 Caravanserai.

1015 2507 1195 2536 Ostendimus
1221 2515 1316 2543 supra,
1335 2508 1424 2543 rapite
1439 2508 1505 2539 200.
1539 2516 1601 2543 qua:
1625 2513 1704 2543 porta
1731 2509 1766 2536 sit

983 2556 1039 2582 hate
1063 2555 1191 2590 lignaria,
1213 2555 1344 2582 videlicet
1367 2554 1401 2581 ad
1433 2562 1515 2588 quam
1545 2555 1653 2589 navigia
1688 2555 1770 2589 lignis

981 2606 1094 2629 onerata
1111 2602 1200 2629 solent
1222 2601 1360 2636 appellere
1379 2611 1385 2628 :
1406 2601 1563 2636 Graecisque
1574 2601 1676 2629 dictam
1691 2602 1770 2635 ξυλο-

982 2649 1097 2683 πόρταν,
1117 2648 1151 2674 ab
1183 2647 1278 2674 iisdem
1308 2647 1390 2682 lignis
1419 2655 1479 2682 qum
1506 2647 1560 2676 huc
1579 2648 1769 2679 advehuntur,

983 2702 1035 2721 non
1052 2694 1125 2728 quod
1142 2694 1200 2728 ipsa
1217 2694 1307 2729 lignea
1330 2693 1378 2726 sit,
1397 2693 1630 2729 quemadmodum
1649 2694 1768 2722 credidit

982 2745 1099 2774 uterque
1111 2739 1342 2774 Ulialcorondylis
1375 2739 1522 2775 interpres.
1542 2739 1580 2767 De
1598 2747 1665 2766 Vucc
1686 2739 1769 2766 Cara-

981 2785 1122 2817 vanserai,
1135 2785 1237 2811 dictqu
1253 2785 1343 2820 capite
1360 2785 1404 2818 M,
1422 2786 1573 2821 signiﬁcari
1589 2785 1696 2813 scilicet
1707 2786 1769 2816 hac,

983 2832 1098 2859 :ediﬁeia
1123 2831 1267 2858 caravanis
1285 2837 1438 2859 exstructa.
1454 2831 1613 2860 Caravanas
1631 2839 1696 2858 vero
1711 2839 1771 2858 mo-

985 2884 1013 2904 re
1037 2876 1156 2904 Tureieo
1176 2884 1206 2904 se
1233 2877 1460 2913 eonjnngentium
1489 2885 1550 2905 esse
1568 2878 1691 2912 agmina,
1706 2885 1772 2904 cum

983 2921 1043 2948 lora
1071 2921 1160 2948 minus
1190 2929 1204 2949 a
1216 2921 1370 2952 latrociniis
1387 2927 1444 2950 tuta
1460 2922 1630 2959 peragranda
1647 2928 1722 2950 sum.
1741 2923 1777 2950 lu.
