1961 3070
180 163 235 196 915

779 165 902 197 JOANN
910 166 945 195 lS
957 165 1188 196 LEUNCLAVII

1745 165 1798 198 916

183 223 241 250 haec
255 230 322 258 ergo
337 223 560 255 caravansaraia,
575 231 635 258 qua:
649 223 820 258 amplissima
840 224 964 258 plerum-
978 225 1003 252 Δ
1016 223 1095 255 varii,
1115 223 1280 256 funambuli,
1296 223 1461 254 luctatores,
1477 222 1638 254 saltatores,
1665 221 1712 249 alii
1735 230 1802 258 pro-

183 277 237 304 que
249 274 323 301 sunt,
339 269 475 296 divertere
489 276 553 299 cum
574 269 664 304 equis.
679 270 812 304 jumentis
829 275 967 305 sagmata-

184 315 244 346 riis,
264 314 356 346 mulis,
374 320 401 342 et
413 315 535 346 camelis,
556 315 597 342 ba:
607 322 750 342 caravanat
761 316 862 345 solent.
881 314 966 342 Vasta

184 366 249 389 sunt
275 361 402 394 mdiﬁcia,
418 360 652 394 quemadmodum
670 361 844 396 Busbequius
863 361 966 389 descri-

185 407 252 441 psit.
280 407 421 441 aliquanto
447 407 581 442 longiora,
612 415 694 442 quam
720 407 828 439 latiora,
852 411 966 435 cetero-

182 453 228 487 qui
243 453 406 487 quadratam
432 445 471 479 ad‘
485 453 600 480 formam
616 453 786 486 accedentia;
799 461 918 488 quorum
939 454 968 480 in

184 499 273 526 medio
289 502 364 534 patet
379 506 442 526 area
475 500 612 534 ponendis
642 500 759 528 sarcinis
786 504 813 527 et
842 500 966 532 camelis,

185 545 277 577 mulis,
292 545 435 579 carrisque
447 545 628 573 collocandis.
644 545 720 573 lianc
731 553 823 573 aream
848 546 969 580 plerum-

184 600 237 626 que
249 592 429 619 circumcirca
451 600 548 619 murus
562 593 650 620 ambit
670 592 799 625 interius,
830 598 888 620 tres
906 592 969 627 plus

187 635 275 664 minus
291 636 375 670 pedes
389 635 482 668 altus;
497 636 650 670 parietibus
676 637 732 665 illis
759 643 890 671 quatuor,
906 638 970 671 qui-

185 681 237 708 bus
254 685 341 708 totum
357 681 506 708 aediﬁcium
532 682 684 716 clauditur,
716 683 875 718 adjunctus.
906 683 971 716 Ejus

187 725 257 752 muri
272 726 433 760 superlicies
449 733 525 760 aequa
543 730 595 759 est,
609 730 738 761 patetque
754 728 782 754 in
797 726 970 754 latitudinem

189 771 271 805 pedes
295 777 427 805 quatuor.
447 771 498 799 Hic
526 772 681 799 Turcorum
700 772 802 799 cubilia
831 777 906 805 sunt,
927 772 972 801 hic

187 817 342 850 cmuacula,
358 817 401 844 bie
418 825 476 845 rem
490 818 641 852 expediunt
663 819 836 846 culinariam.
855 819 921 846 Nam
940 819 973 846 ad

191 861 321 896 parietes,
338 862 439 897 quibus
458 867 545 890 totum
570 863 716 890 aediﬁcium
732 863 900 897 continetur,
918 864 972 892 loci

190 905 346 941 frequentes
367 915 432 935 cum
448 908 574 936 fumariis
587 909 630 936 vel
640 909 814 937 infumibul-is
825 915 889 938 sunt
903 910 972 937 inte-
989 897 1011 925 θ

189 952 302 980 diﬁcati.
317 953 444 988 Hospites
470 954 521 989 ipsi
536 955 610 982 nulla
633 963 663 983 re
687 963 702 982 a
725 956 849 988 camelis,
880 956 973 990 mulis,

188 1000 267 1034 equis
280 1000 335 1027 alia
353 1001 472 1033 sejuncti
494 1006 570 1034 sunt,
588 1009 672 1036 quam
696 1002 758 1037 ejus
777 1003 849 1030 muri
870 1004 974 1037 spatio.

188 1045 318 1078 Qulnimo
348 1047 385 1075 ad
416 1048 487 1075 muri
520 1048 618 1083 pedem
663 1049 700 1076 ita
731 1050 832 1086 ligatos
873 1049 976 1078 habent

187 1100 282 1128 equos,
306 1097 337 1121 ut
369 1095 459 1128 capite
483 1101 515 1121 ae
539 1099 596 1122 tota
624 1096 732 1123 cervice
761 1103 843 1130 supra
866 1103 974 1124 murum

187 1139 341 1172 emineant.
358 1140 536 1175 dominisque
549 1148 579 1168 se
595 1141 804 1169 calfacientibus
829 1147 877 1169 aut
892 1142 975 1170 etiam

188 1185 362 1213 iuuantibus
386 1190 492 1217 astent,
525 1186 601 1213 velut
617 1186 760 1218 ministri;
788 1190 815 1214 et
839 1185 975 1212 interdum

189 1238 300 1264 panem.
325 1232 367 1259 vel
387 1232 500 1264 malum,
532 1233 592 1259 sive
613 1233 679 1267 quid
707 1233 794 1265 aliud,
826 1233 859 1260 de
890 1239 974 1259 manu

190 1284 285 1308 eorum
301 1278 422 1311 capiant.
437 1277 466 1305 Im
482 1278 579 1305 eodem
605 1286 684 1305 muro
713 1279 802 1307 lectos
826 1280 878 1308 sibi
903 1285 975 1308 ster-

190 1329 271 1352 nunt.
301 1324 430 1359 Tapetem
448 1325 475 1352 in
500 1326 596 1359 primis
623 1326 772 1360 explicant.
796 1334 878 1361 quem
895 1335 926 1354 ea
944 1326 978 1354 de

191 1378 279 1398 causa.
295 1371 430 1405 ephippiis
452 1376 574 1406 aptatqu
597 1371 655 1398 fere
670 1371 881 1399 circumferunt.
907 1372 977 1399 Huic

192 1415 322 1449 iujiciuut
350 1416 431 1450 vulgo
459 1416 608 1449 penulam,
643 1417 756 1444 ditiores
792 1417 976 1451 Valentinani,

192 1468 274 1494 quam
287 1465 405 1492 vocant;
421 1469 485 1495 quae
501 1461 629 1488 mollibus
640 1470 654 1487 e
670 1462 733 1496 pilis
742 1467 870 1490 contexta
883 1463 978 1490 caudi-

194 1507 295 1541 daque,
320 1506 509 1533 linteaminttm
540 1507 600 1534 loco
627 1508 692 1534 tuihi
718 1507 828 1543 quidem
856 1509 977 1543 ipsorum

1018 270 1164 304 pemodum
1182 269 1408 297 innumerabiles.
1437 268 1500 296 ldeo
1523 268 1662 297 Laonieus
1686 269 1800 304 inquit:

1018 315 1198 344 llaaciudicra
1222 316 1284 349 quis
1308 315 1433 349 quotidie
1450 320 1546 343 cernat
1569 315 1597 342 in
1626 315 1698 348 foro,
1729 316 1802 350 quod

1018 360 1155 392 Tactalem
1193 367 1302 388 vocant.
1340 360 1471 395 Sequitur
1502 360 1604 388 ibidem
1639 361 1802 387 vocabulum

1019 407 1188 441 Tampesim,
1201 415 1256 443 quo
1270 407 1418 434 nonnullos
1432 414 1466 434 ex
1482 407 1526 434 his
1536 407 1576 434 ait
1591 408 1735 442 appellari.
1752 407 1805 434 Nc-

1019 454 1120 481 minem
1150 455 1202 481 hoc
1233 453 1392 481 declarasse
1419 453 1541 480 arbitror
1566 453 1710 486 hactenus,
1740 461 1803 480 cum

1020 501 1170 527 barbarum
1183 500 1229 531 sit,
1246 504 1273 526 et
1289 500 1424 534 ignotum,
1442 499 1513 526 addo
1527 499 1610 526 etiam
1629 504 1803 532 corruptum.

1021 546 1128 581 Quippe
1142 553 1198 574 non
1225 545 1383 580 Tatupesint
1409 544 1493 572 Turci
1523 544 1628 578 dicunt,
1646 545 1693 572 sed
1712 544 1804 573 Ziam-

1020 601 1081 628 pas,
1095 600 1158 627 quae
1172 591 1280 619 duabus
1297 592 1411 628 syllabis
1435 600 1489 619 vox
1509 592 1682 620 enuntiatur.
1715 590 1806 625 Signi-

1022 639 1084 666 ﬁcat
1099 643 1190 666 autem
1211 638 1401 672 σχοινοῦάτιις,
1419 643 1447 665 ut
1459 638 1547 666 (ἶηεί
1562 641 1672 670 vocant,
1692 638 1738 672 qui
1756 636 1806 664 La-

1021 686 1087 713 tinis
1103 684 1255 712 lummbuli
1275 688 1351 711 sunt.
1367 684 1408 711 Ad
1436 691 1524 710 unum
1540 683 1626 717 hujus
1640 690 1711 710 area
1731 683 1806 710 latus

1023 731 1157 765 incipiunt
1187 731 1298 758 illorum
1332 730 1465 761 tabernae,
1491 729 1536 763 qui
1558 727 1685 756 Persicas
1716 727 1808 762 operis

1022 777 1193 809 excellentis,
1206 781 1234 805 et
1253 776 1386 804 Turcicas
1410 777 1508 804 itidem
1538 776 1637 811 pictas.
1652 776 1764 804 Graecas
1779 782 1809 802 et

1024 822 1094 848 alias
1108 822 1209 849 coloris
1226 822 1298 850 nivei
1329 822 1526 857 laevigatasque
1542 821 1653 850 chartas
1675 821 1808 849 vendunt.

1025 866 1143 902 Ideoque
1158 867 1261 895 Graecis
1290 868 1348 895 haec
1363 868 1569 903 χαρτοπρατεῗπ.
1586 867 1726 896 dicuntur.
1761 866 1810 894 His

1025 921 1044 941 a
1059 917 1136 948 tergo
1148 913 1293 949 proximus
1309 918 1351 941 est
1367 913 1445 941 vicus
1459 913 1612 944 labrorum,
1631 921 1663 940 ex
1677 921 1731 940 are
1745 920 1811 940 vasa

1026 959 1131 994 qumvis
1154 959 1370 992 elaborantium.
1399 959 1447 994 qui
1487 959 1540 986 hoc
1565 958 1713 986 Annalium
1749 958 1810 985 loco

1026 1010 1207 1033 memoratur.
1220 1004 1245 1032 ls
1265 1005 1341 1033 vicus
1355 1005 1382 1031 in
1402 1004 1527 1034 historiis
1541 1004 1698 1034 Grzccorum
1716 1011 1812 1031 recen—

1026 1052 1145 1079 tioribus
1157 1051 1270 1083 Cedrini
1288 1055 1315 1079 et
1327 1052 1445 1079 aliorum
1461 1051 1671 1083 celeberrimus,
1685 1050 1810 1077 mutina-

1027 1103 1070 1126 tur
1081 1097 1309 1132 Xalxorrpsuia,
1344 1097 1474 1126 nimirum
1493 1105 1507 1123 a
1525 1097 1705 1125 distractione
1733 1104 1813 1124 vasus

1027 1153 1088 1172 rum
1103 1153 1136 1173 ex
1149 1152 1203 1172 mre
1218 1145 1366 1171 factorum.
1388 1145 1480 1171 Locus
1498 1143 1616 1179 insignis
1632 1147 1676 1172 est
1700 1143 1811 1172 Cedrini

1026 1192 1061 1219 de
1081 1191 1284 1225 Cbalcopratiis
1301 1191 1328 1218 in
1349 1190 1506 1219 Theodosio
1523 1190 1639 1225 majore,
1654 1195 1733 1225 puto.
1752 1189 1812 1216 Vici

1027 1245 1138 1274 quoque
1166 1237 1294 1269 vitriarii,
1323 1236 1530 1271 Cbalcopratiis
1557 1237 1687 1271 proximi,
1710 1236 1740 1263 fit
1768 1236 1814 1265 hic

1028 1285 1152 1311 n'entio:
1171 1291 1226 1319 quo
1249 1283 1370 1311 taberna:
1388 1282 1584 1314 vitriariorum,
1605 1287 1635 1308 ut
1653 1281 1717 1309 olim
1734 1285 1814 1308 erant

1028 1331 1056 1357 in
1084 1329 1151 1357 urbe
1183 1329 1423 1359 Constantiniana,
1442 1327 1543 1355 veteris
1572 1327 1605 1354 ad
1633 1327 1814 1354 imitationem

1029 1377 1132 1407 Romae,
1149 1375 1189 1403 sic
1203 1376 1285 1402 etiam
1298 1375 1379 1402 hodie
1395 1374 1616 1408 conspiciuntur.
1632 1373 1761 1400 Diversus
1777 1378 1816 1399 Ia-

1030 1430 1091 1449 men
1119 1422 1163 1450 hic
1179 1422 1256 1448 vicus
1272 1426 1314 1447 est
1332 1420 1367 1448 ab
1390 1420 1437 1446 illa
1459 1419 1645 1446 ritriariorum
1671 1424 1761 1454 porta,
1781 1419 1817 1446 de

1030 1477 1083 1503 qua
1105 1469 1209 1495 dictum
1232 1467 1373 1501 superius,
1405 1467 1495 1501 capite
1517 1466 1581 1493 200.
1597 1466 1634 1494 De
1659 1470 1737 1501 porta
1763 1466 1816 1493 fori

1031 1514 1152 1548 pisearii.
1167 1521 1227 1548 qua:
1242 1513 1412 1539 Bulucbazar
1428 1511 1514 1546 cupisi
1532 1511 1630 1539 Turcis
1657 1517 1710 1543 est,
1733 1519 1819 1545 espo-

193 1552 320 1586 excmplo
357 1551 418 1579 fuit.
452 1551 576 1582 Cervical
597 1552 678 1587 502
717 1554 818 1588 Ρτῑιὼει
843 1555 980 1589 equestris
993 1566 1015 1595 α
1032 1559 1116 1586 situm
1130 1559 1225 1586 eodem
1244 1559 1334 1593 capite
1345 1558 1413 1591 200;
1426 1559 1497 1585 sicut
1510 1562 1536 1585 et
1549 1558 1581 1585 de
1596 1563 1673 1592 porta
1692 1557 1816 1588 Hebra-n,

193 1599 271 1626 sella.
284 1597 368 1626 VeSte
384 1599 475 1630 talari,
497 1599 617 1634 pellibus
630 1599 753 1631 sull‘ulta,
774 1608 826 1635 qua
852 1602 978 1629 vestiun-

194 1650 238 1672 tur
263 1645 394 1677 inlerdiu,
420 1649 550 1679 teguntur
581 1650 675 1673 noctu.
701 1646 747 1673 Sic
769 1646 905 1674 'somnum
933 1655 979 1675 ca-

194 1691 283 1725 piunt,
300 1691 383 1719 nullis
399 1691 572 1723 lacessitum.
594 1696 672 1719 extra
689 1692 842 1720 naturalem
867 1693 980 1726 jumen-

193 1745 283 1766 torum
304 1736 493 1765 mandentium
511 1738 669 1773 strepitum,
686 1738 892 1767 blandimentis.
905 1739 981 1774 Ipso-

194 1792 254 1812 rum
295 1784 469 1817 saraiorum,
499 1792 549 1819 pro
580 1784 724 1812 caravanis
765 1789 980 1819 exslructorum,

193 1835 264 1858 tecta
278 1831 438 1866 plerumth
455 1831 582 1866 plumbea
600 1835 676 1871 sunt.

193 1888 247 1921 248
274 1889 342 1916 Area
357 1888 395 1915 rel
407 1890 493 1923 forum
511 1888 620 1915 Tac/Ital
635 1888 712 1921 Cale,
725 1889 886 1923 Tampesim.
901 1890 985 1918 Chal.

230 1924 379 1958 cocondylis
394 1924 466 1950 locus
490 1925 644 1950 emendatus
660 1929 683 1950 et
710 1926 854 1958 expositus.
870 1924 981 1953 Chalce-

228 1957 546 1993 pratt'a,€ltartopratia,
565 1957 643 1986 Vicus
661 1959 813 1987 vitriariur.

228 2018 338 2046 Arcam.
353 2023 413 2051 quae
442 2015 557 2044 Tachtal
580 2015 644 2044 Cala
655 2016 823 2051 nominatur,
846 2016 981 2046 Laouicus

195 2062 221 2089 In
236 2067 333 2090 octavo
345 2061 432 2089 forum
450 2061 607 2096 appellavit,
630 2067 657 2089 et
671 2061 813 2089 Tactaleut
829 2063 921 2090 vocari
933 2064 982 2091 ad-

195 2108 277 2141 didit.
298 2108 375 2144 Apud
408 2110 560 2135 actuarlum
583 2107 797 2135 Malatestanum
837 2109 981 2138 Tectalaca

196 2155 336 2183 scribitur.
362 2153 415 2181 Pro
428 2154 492 2181 ilius
517 2152 643 2185 Tactale,
657 2153 742 2188 hujus
764 2153 920 2188 Tectalaca,
938 2162 979 2183 re-

176 2196 178 2198 ’
196 2208 268 2236 pone
292 2199 406 2228 Taclttal
428 2201 506 2232 cala;
525 2207 680 2235 quattvoces
703 2200 828 2228 Tureicae
857 2206 933 2234 sunt,
956 2207 983 2229 et

198 2255 289 2275 aream
317 2246 449 2274 tabernas
490 2246 595 2281 ligneas
635 2246 780 2273 habentem
814 2246 981 2280 signiﬁcant.
1001 2239 1022 2266 θ

196 2294 302 2329 Quippe
313 2291 378 2321 Gala
395 2292 512 2335 denotat
534 2292 705 2320 tabernulam
723 2293 764 2319 vel
793 2292 982 2326 tentoriolum,

196 2345 225 2368 ct
235 2339 354 2368 Tachtai
370 2346 478 2367 asseres
495 2342 561 2367 sunt
576 2347 583 2366 :
604 2344 633 2365 ut
645 2338 838 2373 intelligantur
863 2347 895 2366 ex
912 2347 984 2366 asse—

197 2388 274 2415 ribus
288 2387 370 2415 lactae
390 2386 559 2418 tabernulai.
576 2385 639 2412 Ilaec
657 2393 720 2412 area
738 2385 796 2413 fere
811 2385 887 2413 urbis
900 2389 942 2412 cst
957 2385 983 2412 in

198 2434 364 2466 meditullio,
379 2442 435 2461 nou
448 2433 544 2468 procul
564 2433 599 2460 ab
619 2431 790 2464 Eskisaraio,
806 2432 849 2459 vel
868 2440 882 2458 a
894 2432 985 2459 saraio

197 2481 281 2508 reteri
297 2481 519 2507 muliercularum
550 2479 665 2511 sultaui,
689 2479 723 2506 de
744 2485 799 2513 quo
813 2478 903 2513 capite
924 2478 985 2505 159.

198 2525 246 2553 Est
260 2526 396 2553 eademin
418 2533 483 2553 area
506 2525 607 2553 sultaui
625 2524 755 2558 Bajazitis
779 2524 893 2551 secundi
915 2532 986 2551 mes-

199 2573 263 2605 sita,
282 2572 360 2606 cujus
380 2579 463 2606 supra
488 2571 580 2599 iecere
607 2571 775 2598 menliouem
805 2570 931 2602 annales,
960 2569 986 2596 in

199 2619 259 2653 ejus
274 2617 377 2645 sultani
395 2617 500 2644 funeris
524 2617 724 2651 descriptione.
744 2617 802 2643 Hoc
818 2621 908 2643 autem
927 2616 988 2643 loco

201 2664 305 2692 ludicra
330 2663 454 2698 quotidie
481 2663 573 2691 omnis
591 2663 700 2698 generis
717 2662 893 2695 exhibentur,
911 2670 987 2697 qua:-

200 2718 309 2746 cunque
337 2709 441 2737 homini
467 2709 560 2736 venire
590 2709 617 2736 in
650 2713 770 2736 mentem
796 2714 924 2743 possunt.
955 2709 989 2736 Et

201 2757 367 2785 adhibentur
384 2755 472 2790 pueri,
495 2754 569 2790 equi,
588 2753 669 2784 asini,
682 2761 778 2786 canes,
806 2753 886 2786 feles,
903 2754 988 2785 cervi,

202 2804 309 2834 leones,
331 2801 401 2835 ursi,
421 2801 555 2836 leopardi,
572 2801 680 2836 Vulpes,
701 2804 729 2828 et
756 2799 830 2827 nulla
852 2808 905 2827 non
924 2801 988 2832 alia,

204 2848 348 2885 peregrina
373 2848 548 2883 praesertim,
582 2846 724 2873 animalia.
757 2846 828 2873 Sunt
853 2845 914 2873 istic
942 2847 989 2880 qui

203 2895 420 2930 citit'omauticen
460 2894 651 2929 proﬁtentur;
680 2896 745 2919 sunt
772 2891 988 2927 prmstigiaturcs

1030 1605 1128 1633 Turcis
1148 1605 1300 1632 Sebilutlar
1323 1605 1421 1639 capisi.
1452 1604 1517 1631 Sitaa
1545 1612 1610 1631 vero
1627 1610 1705 1631 extra
1724 1611 1818 1631 muros

1029 1651 1105 1679 urbis
1116 1659 1130 1678 a
1143 1651 1202 1678 loro
1218 1650 1337 1686 piscario
1352 1651 1437 1681 aedes,
1453 1650 1479 1677 in
1497 1650 1588 1677 littore
1604 1651 1702 1683 maris,
1718 1650 1819 1676 intelli-

1032 1703 1134 1732 guntur
1152 1697 1204 1725 illae
1219 1705 1280 1732 quae
1309 1697 1397 1724 muris
1430 1696 1544 1723 urbanis
1573 1696 1759 1723 excluduntur
1786 1697 1820 1723 ab

1031 1744 1111 1775 urbe,
1135 1745 1286 1771 secundum
1319 1743 1396 1770 littus
1421 1742 1542 1770 Ceratini
1562 1743 1638 1769 sinus
1662 1748 1820 1777 exstructio,

1032 1799 1131 1818 versus
1162 1790 1390 1825 septentrionem,
1411 1788 1437 1815 id
1452 1793 1505 1821 est,
1529 1798 1544 1816 e
1567 1789 1679 1823 regione
1694 1788 1820 1815 Galataui

1031 1837 1146 1864 littoris.
1401 1861 1404 1864 ,

1134 1882 1196 1910 949.
1217 1883 1290 1909 Nova
1302 1881 1453 1910 Cairadiuis
1466 1881 1592 1914 auspiciis
1607 1885 1720 1915 recepta.

1068 1927 1142 1954 Nova
1167 1926 1267 1954 Turcis
1295 1931 1349 1959 est,
1365 1935 1446 1962 quant
1462 1926 1613 1954 Castellum
1638 1934 1740 1952 novum
1769 1934 1821 1952 no-

1034 1974 1083 2001 stri
1095 1977 1205 2004 vocant,
1222 1973 1249 2000 in
1263 1972 1407 2000 Dalmatia;
1421 1973 1503 1999 situm
1517 1972 1628 1999 ﬁnibus.
1642 1972 1670 1999 Id
1687 1971 1822 2006 auspiciis

1034 2018 1128 2046 Karuli
1143 2017 1163 2045 ν
1181 2018 1297 2052 Augusti
1325 2023 1464 2053 receptum
1481 2017 1580 2044 fuerat.
1594 2017 1669 2051 Quos
1685 2017 1745 2051 ejus
1761 2025 1825 2051 pro-

1035 2065 1131 2092 vinciae
1156 2065 1301 2098 sangiacos
1327 2064 1361 2092 ad
1391 2064 1563 2091 obsidionem
1594 2064 1664 2090 hanc
1690 2068 1824 2091 evocatos

1035 2112 1123 2139 fuisse
1150 2111 1262 2139 tradunt
1281 2111 1412 2141 Annales.
1441 2110 1475 2138 de
1508 2110 1650 2145 provincia
1679 2109 1823 2137 Boziuensi

1036 2159 1163 2193 accipito,
1177 2158 1267 2193 deque
1287 2157 1426 2192 praefeetts
1440 2157 1504 2185 huic
1522 2165 1662 2192 :quorum
1689 2157 1822 2192 princeps

1035 2205 1062 2232 id
1081 2206 1213 2240 temporis
1247 2209 1306 2232 erat
1331 2203 1444 2231 Ultimas
1471 2204 1517 2230 ille
1540 2203 1623 2231 Persa
1651 2203 1684 2230 de
1707 2211 1762 2236 quo
1785 2203 1827 2229 di-

1036 2255 1111 2278 ctum
1127 2249 1218 2284 capite
1235 2248 1299 2276 351.
1314 2247 1479 2283 Translatus
1490 2248 1562 2275 enim
1576 2247 1666 2274 fuerat
1677 2255 1691 2273 a
1709 2246 1826 2274 Persicis

1037 2296 1071 2322 ad
1083 2297 1132 2322 bos
1148 2295 1225 2327 ﬁnes,
1236 2302 1311 2321 more
1325 2293 1492 2325 Turcorum,
1515 2301 1571 2320 non
1587 2292 1703 2319 nimium
1731 2297 1810 2318 trans

1038 2342 1110 2377 fugis
1140 2341 1281 2368 ﬁdentium
1312 2348 1320 2367 :
1357 2347 1388 2367 ac
1421 2339 1551 2373 deinceps
1583 2346 1694 2374 quoque
1717 2339 1747 2365 lit
1766 2338 1827 2372 ejus

1038 2388 1141 2414 mentio
1156 2388 1183 2414 in
1198 2387 1343 2414 obsidione
1353 2386 1490 2421 Agriensi,
1502 2394 1574 2412 anno
1585 2386 1745 2413 Christiano
1756 2385 1828 2412 1552

1038 2441 1053 2460 a
1078 2433 1177 2460 Turcis
1197 2432 1300 2459 frustra
1331 2435 1445 2460 tentata.
1461 2433 1581 2460 Praeerat
1606 2431 1750 2459 Boziucnsi
1765 2440 1827 2466 pro—

1039 2480 1135 2506 vincite
1148 2487 1198 2506 ceu
1217 2479 1438 2514 beglerbegatus,
1455 2483 1482 2506 et
1506 2479 1540 2505 ad
1565 2479 1679 2505 Castelli
1699 2478 1762 2504 novi
1780 2478 1828 2505 ob-

1039 2526 1174 2553 sidionem
1192 2533 1286 2552 secum
1314 2525 1461 2560 sangiaeos
1479 2532 1547 2552 suos
1572 2529 1676 2559 septem
1702 2524 1827 2551 adduxit.

1040 2571 1159 2598 Virtutis
1185 2570 1291 2598 eximia:
1316 2571 1479 2604 praesidiarii
1508 2571 1621 2604 milites,
1648 2577 1718 2605 quos
1735 2571 1828 2597 hostes

1041 2617 1094 2652 ipsi
1107 2620 1314 2648 commendant,
1345 2616 1459 2651 Hispani
1487 2617 1612 2649 luerunt.
1633 2621 1661 2644 et
1685 2616 1828 2646 Germani.

1040 2672 1154 2691 numero
1174 2666 1207 2690 ad
1220 2668 1340 2698 quattuor
1358 2663 1455 2691 millia.

1039 2721 1093 2747 “250
1126 2720 1300 2750 Soleimnnes.
1316 2719 1362 2746 sub
1375 2724 1503 2753 prwlextu
1519 2719 1675 2754 defendendi
1690 2717 1794 2754 pupilli.
1813 2726 1830 2743 ιι

1087 2756 1161 2782 Bima
1176 2755 1320 2782 Erdclinno
1336 2751 1433 2788 relicti,
1446 2751 1556 2782 matrem
1579 2763 1638 2781 cum
1658 2751 1759 2789 pupillo
1773 2751 1832 2778 Un-

1086 2791 1163 2825 garia
1178 2791 1286 2825 spuliut.

1079 2847 1114 2874 De
1133 2846 1237 2874 Joanne
1262 2847 1429 2883 Zapolieusi,
1454 2846 1528 2872 Bano
1545 2844 1705 2876 Erdeliano,
1723 2843 1828 2871 dictum

1043 2893 1131 2928 capite
1147 2893 1209 2921 9.25.
1227 2893 1275 2922 llic
1301 2893 1423 2921 moriens
1448 2892 1578 2928 pupillum
1589 2889 1830 2931 "reliquitubare-
