1961 3070
136 169 198 207 Μ

672 204 673 207 η
716 172 921 207 PANDECTE
935 179 1036 210 iilS'l‘.
1057 176 1212 210 TUBCIC.

1717 180 1769 214 918

136 231 210 264 dein,
236 232 382 266 to‘telzeque
411 231 591 260 Soleimani‘s'
609 233 826 266 commendavit,
843 233 926 261 Joan-
942 238 962 265 Α
979 243 1050 262 mus.
1065 234 1182 263 Fallitur
1205 234 1315 267 Jovius,
1344 242 1406 263 cum
1438 235 1486 268 ait,
1516 235 1662 264 Albaniam
1687 237 1769 265 hodie

138 282 199 306 nem
218 277 439 313 Sigismundum,
457 286 537 313 quem
568 275 774 307 sustulerat'ex
808 280 922 307 [sabella

136 323 252 355 Polom,
270 323 352 358 cujus
368 323 412 350 hic
432 323 548 351 mentio”
560 324 601 357 lit,
624 325 735 352 nomine
749 329 842 353 tamen
868 333 924 352 non

135 372 281 405 expresso.
296 369 371 397 velut
396 368 504 403 Turcis
525 370 632 405 ignoto.
653 371 794 398 Habuerat
809 371 925 399 Joannis

136 420 260 445 sororem
285 416 448 450 Barbarum,
475 417 503 443 ni
530 417 619 450 iailor,
641 418 925 452 primoniatrimonio

135 462 281 498 conjugem
306 462 508 497 Sigismun-lus‘
519 463 619 498 major,
633 465 756 492 Poloni'e
782 472 830 492 rex
850 473 925 499 :qua

138 511 259 542 mo‘Nu'a,
288 503 391 536 Bonam
424 509 668 542 durit',-Joannis
699 510 821 538 Galeacii
847 511 926 539 ducis

138 549 364 587 “Minimensis,
379 559 412 583 e’x‘
436 552 550 584 ls‘abella‘
568 557 705 591 Aragoni‘a
730 557 925 592 Neapolitana,

138 599 245 628 ﬁliam.-
266 594 341 628 Boni
351 606 355 611 '
366 602 447 636 partit
473 602 565 636 primo
579 601 722 630 [tabellam
736 603 812 631 hanc
826 603 925 636 edidit,

135 639 437 681 .Ihmmislapoliensis
449 647 608 683 cenjugom,
624 645 740 676 Joannis
755 648 932 684 Sigismundi'

136 694 263 735 matrem.
282 692 420 720 Caeterum
435 693 508 735 nulla
521 694 550 721 lit
573 694 618 721 hic
632 694 660 721 in
681 694 807 722 Turcicis
820 697 926 723 mentio

137 737 307 767 Ferdittand‘t
334 740 462 772 Caesaris,
482 735 609 774 Ungarie
623 740 818 776 Bohemiazqtm
831 741 904 778 regis
918 752 926 776 ;

136 786 184 822 qui
200 786 362 814 tamen‘h‘oc
377 786 491 818 bellum,
505 784 671 815 Perenio‘et
686 787 863 823 Rogendorfo
877 789 931 817 du-

136 833 226 865 cibus,
237 833 359 868 gerebat.
376 831 404 860 id
415 833 549 868 equidem
560 832 619 861 ll'eri
639 837 784 869 propterea
800 835 925 863 credide-

138 880 201 912 tibi,
208 878 286 914 quod
299 878 505 907 Ferdinand'unt
518 879 702 911 Soleiiitanes.
715 881 820 908 hostem
834 889 926 914 suum,

136 928 186 960 pro
200 920 280 961 εδδ
305 925 432 961 ῠηεπὶςε
450 932 512 960 iege
536 931 591 953 non
607 930 780 960 agnosceret.
799 921 963 954 Notandra

137 976 202 1000 v’ero
217 970 341 1000 ﬂabella
359 973 459 1004 oratio,
484 980 565 1007 quant
592 973 676 1000 Turci
697 973 797 1007 reginae
814 973 925 1001 nomine

137 1017 371 1054 nondignantur,
387 1018 457 1048 lcum
482 1017 587 1046 Budam
605 1019 741 1046 aﬂirmant
764 1027 819 1046 non
846 1025 924 1046 suam

136 1069 208 1095 esse.
222 1064 268 1093 sed
281 1064 556 1092 snitani-Osmauidae
567 1066 719 1092 civitatem.
734 1065 860 1093 Nimisin
875 1065 925 1092 hoc

136 1114 228 1138 Veram
244 1117 274 1138 se
302 1115 393 1138 vatem
425 1115 538 1145 experta
564 1111 645 1145 paulo
660 1115 723 1146 post
747 1111 800 1138 fuit
822 1111 923 1144 bellua,

137 1164 199 1186 cum
219 1157 402 1192 Soleiman‘es,
419 1158 481 1194 ipsa‘
494 1165 557 1185 cum
575 1158 635 1185 lilio
648 1166 696 1192 per
709 1165 845 1185 summam
863 1165 926 1193 per-

137 1204 228 1232 tldiam
247 1205 348 1239 ejecta,
369 1204 457 1232 Budaa-
476 1205 580 1240 pariter
592 1209 619 1232 ct
646 1203 774 1239 Un'gariae
801 1204 924 1238 reliquae,

136 1251 213 1279 velut
229 1252 257 1278 in
273 1250 445 1285 provinciam
468 1251 596 1283 redactae.
623 1251 817 1286 beglerbegnm
834 1250 924 1285 pneﬂ-

136 1301 222 1328 ceret;
239 1297 330 1325 bonus
346 1297 391 1325 ille
407 1297 512 1325 scilicet
530 1302 604 1324 tutor
622 1306 630 1325 :
654 1301 752 1330 matre,
772 1301 827 1324 tam
853 1296 925 1323 'l'ur-

136 1343 177 1370 cis
194 1342 317 1375 addiCIa,
331 1350 394 1370 cum
418 1343 476 1370 tilio
493 1343 608 1378 pupillo,
632 1343 659 1370 in
680 1343 924 1378 Transsylvaniam

137 1388 331 1416 Vel‘Erdeiium
360 1389 489 1425 relegata.
515 1388 680 1424 Hujusmodi
706 1389 837 1416 nimirum
863 1396 926 1417 esse

136 1435 248 1470 praemia
264 1436 407 1464 societatis
417 1440 446 1463 et
472 1436 605 1463 amicitiae
630 1435 755 1464 barbarae
771 1435 870 1468 solent,
896 1440 927 1462 ut

138 1485 262 1516 tyranno
273 1487 324 1508 suo
350 1481 504 1508 moriturus
524 1481 613 1508 aiebat
628 1481 738 1514 Aratus,
765 1481 879 1508 τοιαῦτα.
891 1481 926 1508 τὰ

136 1527 264 1563 ὲπῑχειρα
275 1526 324 1562 τῆς
337 1527 508 1562 τυραννικῆς
520 1529 622 1562 tacitis;

189 1583 253 1611 25L
274 1583 415 1618 Vulpaum,
439 1582 615 1620 Striganium.
637 1583 743 1612 Granu’s
763 1586 871 1621 ﬂuvius.

170 1641 290 1676 Walpou
304 1641 402 1668 Turcis
417 1645 459 1668 est
481 1649 529 1668 arx
541 1661 550 1674 ,
579 1641 696 1677 lingaris
709 1642 782 1671 dicta
805 1641 904 1677 Walpo
916 1662 924 1675 ,

137 1687 300 1722 Valponiutn
313 1686 405 1715 Jovio.
427 1685 506 1714 Ultra
529 1687 642 1715 ﬂuvium
668 1687 784 1714 Dravam
806 1688 859 1715 sila
872 1692 923 1714 est.

136 1733 202 1761 Post
227 1733 339 1761 tertium
368 1733 524 1761 obsidionis
556 1741 680 1761 mensem
706 1741 721 1760 a
749 1733 926 1768 presidiariis

136 1778 228 1805 dedita
253 1778 316 1812 fuit,
341 1778 472 1813 praefecto
498 1779 532 1805 ab
559 1779 656 1806 iisdem
684 1784 777 1814 capto,
797 1783 824 1806 et
852 1778 924 1805 hosti

137 1824 258 1859 prodito.
279 1824 451 1859 Strigonium
469 1833 544 1852 nunc
565 1824 685 1852 Granum
714 1825 793 1860 vulgo
817 1824 924 1854 dicunt,

137 1873 172 1899 ab
189 1879 270 1900 amne
282 1871 387 1905 Grano,
405 1872 463 1906 qui,
481 1871 603 1899 deﬂuens
620 1880 634 1898 a
649 1871 804 1905 Carpathiis
824 1871 925 1898 monti-

136 1918 200 1950 bus,
216 1917 261 1944 ubi
287 1922 425 1945 montana:
445 1925 518 1944 nunc
544 1917 670 1945 civitates
693 1917 814 1944 celebres
850 1922 924 1951 sunt,

136 1964 170 1990 ad
201 1963 310 1991 radices
341 1963 414 1991 arcis
447 1963 645 1998 Strigoniensis
675 1963 734 1990 sive
763 1963 924 1995 Granensis,

136 2010 263 2039 Danubio
282 2011 425 2039 miscetur.
454 2010 531 2038 Unde
556 2011 661 2038 civitati
682 2018 792 2046 quoque
821 2011 925 2046 Strigo-

137 2057 212 2084 nium
229 2064 328 2085 nomen
353 2057 471 2084 inditum
486 2063 607 2093 putatur,
627 2058 702 2085 velut
722 2057 923 2093 lstrigranium,

137 2104 172 2132 ab
187 2105 246 2132 lstri
270 2108 297 2132 et
314 2104 398 2132 Grani
419 2103 632 2131 conﬂuentibus.
655 2104 723 2131 Alba
749 2105 846 2139 regalis
870 2112 924 2130 non

136 2155 193 2178 tam
209 2159 224 2178 ι
241 2158 334 2186 regum
355 2148 481 2184 Ungarize
496 2150 646 2185 sepulturis
659 2149 699 2177 sic
711 2151 845 2186 appellata
863 2151 924 2183 fuit,

136 2205 256 2233 quarunt
286 2197 476 2225 meminerunt
504 2197 637 2230 Annales,
668 2204 750 2232 quam
783 2205 798 2224 a
830 2204 924 2231 regum

136 2244 357 2281 iuauguratione,
375 2252 436 2279 quae
450 2244 503 2271 hoc
519 2243 578 2271 ﬂeri
595 2244 657 2271 loco
683 2243 782 2278 priscis
795 2243 924 2277 tempori-

953 301 959 305 .
979 279 1072 306 vocari
1090 278 1197 307 Serbau
1209 280 1352 312 ,‘vicinam
1381 278 1477 306 Mediae
1489 300 1497 312 ,
1524 285 1690 314 propterque
1706 275 1767 308 'Ca-

978 326 1069 360 spium
1082 333 1159 353 mare
1172 326 1264 353 sitam.
1277 326 1383 360 Quippe
1398 326 1473 360 regio
1491 326 1710 361 Georgianorum
1726 332 1770 355 est

978 371 1106 404 Albania,
1123 372 1172 406 qui
1188 378 1330 406 nunquam
1346 371 1391 399 vel
1407 371 1460 406 ipsi
1474 372 1531 406 regi
1546 372 1708 404 Persarum,
1722 373 1767 400 vel

980 417 1057 452 regio
1071 417 1149 444 l'ratri
1176 422 1328 452 paruerunt
1349 417 1503 445 hactenus:
1524 418 1573 444 sed
1604 417 1768 449 Christiani,

979 463 1111 496 etlib‘eri,
1131 471 1199 491 suos
1218 463 1358 498 principes
1377 462 1496 495 habent;
1524 462 1615 490 Persis
1634 462 1770 490 duntaxat

978 509 1167 541 conimderati,
1189 510 1260 537 sicut
1274 509 1430 544 expositum
1448 509 1538 544 capite
1559 510 1711 538 centesimo
1724 517 1771 537 oc-

980 555 1112 591 togesimo
1141 562 1226 583 nono.
1256 554 1405 582 Sirvanum
1425 562 1498 588 vero,
1529 555 1590 584 sive
1614 555 1769 587 Media,re<

979 602 1025 636 gtri
1039 601 1144 630 Persici
1158 602 1313 630 membrum
1338 608 1400 630 est:
1418 603 1492 636 quod
1522 603 1633 630 tametsi
1664 602 1770 631 Eusta-

979 649 1049 681 phas
1065 649 1147 676 bassa
1166 649 1242 676 vezir
1266 649 1383 684 imperio
1402 648 1520 684 subjecit
1544 650 1769 683 Osmanidarum,

979 702 1054 723 anno
1067 695 1231 723 Christiano
1247 695 1396 723 millesimo
1423 696 1644 731 quingentesimo
1658 701 1769 731 septua-

979 741 1085 776 gesimo
1100 746 1208 773 octavo,
1219 746 1246 768 ct
1258 742 1469 777 beglerliegatus
1482 743 1509 770 in
1524 742 1642 769 fortnam
1655 742 1769 776 redegit:

980 794 1043 814 mox
1060 790 1152 815 tamen
1163 787 1256 816 Persis
1281 794 1435 824 receptum,
1453 790 1488 817 ab
1509 789 1605 817 iisdem
1632 789 1770 824 hodieque

980 834 1127 862 retinetur.

1090 903 1154 930 253.
1167 902 1254 937 Uvan,
1272 903 1401 936 Uuaslan,
1417 902 1532 932 [bonum
1542 903 1662 932 δρῶ-ἐπὶ.

1013 963 1086 991 Urbs
1102 963 1161 991 hac
1180 970 1243 990 cum
1266 970 1328 990 arce
1343 963 1384 990 sic
1399 962 1433 989 ad
1448 962 1552 990 Persici
1575 962 1652 997 regni
1666 962 1769 989 limites

977 1008 1107 1043 pertinet,
1126 1012 1155 1036 ut
1171 1008 1254 1035 etiam
1280 1008 1376 1044 majori
1405 1007 1522 1035 ﬁnitima
1555 1008 1592 1036 sit
1620 1007 1768 1035 Armeniae.

978 1053 1111 1083 Cedrinus
1124 1055 1151 1082 in
1163 1055 1260 1083 eodem
1270 1054 1452 1083 Monomacho
1462 1055 1587 1090 Augusto
1600 1058 1682 1082 vocat
1697 1054 1770 1081 Ἰὕὰν

977 1101 1056 1128 πόλιν
1072 1101 1118 1128 τοῦ
1137 1098 1334 1136 Βαασπρακάν.
1356 1100 1386 1128 id
1415 1099 1513 1128 Latine
1538 1101 1655 1129 reddens
1682 1101 1769 1128 inter-

978 1154 1051 1182 pres,
1070 1146 1181 1174 lbannm
1195 1151 1222 1174 et
1244 1147 1418 1182 Baaspracan
1428 1147 1551 1182 scripsit.
1561 1146 1618 1182 Ego
1636 1146 1769 1182 simplici-

978 1198 1019 1220 ter
1043 1192 1240 1228 exprimerem,
1270 1196 1305 1219 ut'
1333 1197 1410 1219 tanto
1443 1192 1544 1220 melius
1578 1192 1778 1227 intelligererzv

977 1238 1062 1272 lwan,
1076 1243 1122 1265 aut
1139 1238 1215 1270 lvan,
1234 1238 1301 1266 urbs
1323 1238 1445 1274 regionis
1458 1237 1645 1273 Vaaspraran.
1661 1237 1696 1265 Et
1704 1234 1776 1272 quia

977 1284 1067 1319 capite
1082 1284 1251 1319 prtecedenti
1267 1283 1456 1320 Vaaspracan,
1468 1292 1503 1312 ex
1514 1284 1639 1319 ejusdem
1657 1284 1768 1312 Cedrini

977 1330 1151 1363 auctoritate,
1174 1330 1291 1358 Mediam
1325 1339 1386 1358 esse
1417 1331 1586 1364 docuimus,
1618 1331 1770 1366 intelligere

974 1377 1031 1412 jam‘
1044 1377 1119 1408 licet,
1137 1376 1257 1404 Wanum
1277 1377 1312 1404 ad
1326 1378 1450 1405 eamdem
1475 1378 1589 1406 Mediam
1607 1379 1702 1406 referri
1719 1379 1767 1408 de-

976 1423 1058 1457 bere,
1078 1423 1120 1451 vel
1136 1431 1168 1451 ea
1177 1423 1200 1451 si
1217 1432 1273 1451 non
1298 1425 1483 1457 contineatur,
1500 1425 1599 1453 saltent
1623 1425 1768 1452 ﬁnitimam

976 1469 1073 1497 videri.
1093 1469 1256 1497 Wastanum
1273 1470 1414 1506 signiﬁcat
1441 1471 1583 1507 regionem
1607 1472 1680 1498 circa
1702 1470 1768 1498 Wa-

977 1523 1042 1542 num
1058 1516 1150 1546 sitam.
1174 1524 1223 1544 seu
1248 1516 1330 1544 Wani
1357 1517 1529 1545 territorium
1547 1526 1554 1544 :
1576 1517 1715 1552 siquidem
1729 1517 1768 1544 is-

978 1566 1035 1595 tan,
1051 1562 1110 1590 sive
1131 1562 1209 1595 Stan,
1235 1562 1334 1590 Turcis
1359 1571 1473 1599 regnum
1493 1564 1536 1591 rei
1563 1563 1703 1599 regionem
1730 1565 1768 1592 si-

978 1607 1100 1643 gniﬁcat.
1280 1605 1281 1608 “

976 1668 1039 1700 954.
1069 1672 1174 1700 Notilia
1193 1674 1421 1710 baglerbegatuum
1441 1677 1520 1702 totius
1545 1674 1753 1703 Osmanidarum

1141 1710 1255 1744 imperii,
1275 1719 1339 1744 quos
1357 1710 1434 1738 hodie
1457 1711 1606 1745 possident.

1012 1768 1081 1802 Quia
1101 1769 1218 1797 Persicis
1233 1770 1260 1796 in
1285 1769 1386 1797 ﬁnibus
1413 1774 1554 1798 extremus
1581 1772 1626 1799 hic
1646 1780 1661 1799 a
1679 1773 1767 1800 Solon

977 1823 1058 1842 mane
1079 1814 1161 1842 Wani
1182 1814 1391 1850 beglerhegatus
1416 1815 1441 1843 id
1462 1816 1596 1851 temporis
1623 1817 1768 1845 institutus

978 1862 1041 1895 fuit,
1055 1861 1122 1889 libet
1144 1862 1195 1889 hoc
1213 1862 1272 1888 loco
1297 1863 1445 1896 quamdam
1463 1863 1540 1896 αυεξῆ
1570 1864 1696 1891 notitiam
1723 1873 1768 1891 rc-

977 1910 1022 1942 gni
1042 1908 1182 1936 Osmanici
1206 1908 1354 1936 lectoribus
1378 1909 1521 1941 exhibere,
1547 1909 1692 1945 descriptis
1723 1918 1766 1937 or-

978 1955 1040 1982 dine
1059 1955 1210 1989 provinciis
1232 1955 1292 1989 ejus
1307 1955 1365 1983 sive
1382 1955 1631 1991 beglerhegatihus,
1657 1964 1727 1992 quos
1739 1957 1765 1984 in

977 2001 1052 2032 Asia,
1068 1999 1162 2027 Africa
1194 2006 1222 2028 et
1245 2000 1353 2036 Europa
1369 2009 1443 2029 nunc
1464 2001 1584 2030 Murates
1597 2003 1641 2030 hic
1657 2004 1765 2033 tertius.

978 2047 1050 2074 unici
1071 2047 1251 2075 Muclietnetis
1266 2047 1421 2075 Osmauida:
1448 2054 1546 2083 pater,
1578 2050 1721 2085 possidet:
1737 2057 1767 2078 ut

978 2094 1015 2121 ita
1033 2094 1153 2128 denique
1169 2094 1325 2122 Pandecten
1344 2094 1469 2123 historiae
1494 2096 1620 2124 Turcica:
1640 2102 1764 2124 nostrum

976 2141 1157 2174 claudamus,
1179 2141 1265 2169 visuri
1289 2142 1419 2177 deinceps
1457 2143 1539 2171 latius
1564 2152 1597 2171 ne
1628 2145 1764 2179 pertnissn

980 2187 1107 2216 Numinis
1121 2188 1188 2215 lines
1212 2196 1277 2216 suos
1294 2190 1471 2224 propagaturi
1493 2191 1559 2220 sint.
1581 2199 1615 2217 an
1642 2189 1767 2219 vastissi-

977 2241 1049 2260 mam
1067 2234 1139 2261 illam
1151 2234 1248 2262 molem
1263 2235 1383 2270 imperii,
1398 2237 1505 2263 cunctis
1525 2237 1658 2264 hactenus
1673 2237 1767 2265 formi-

135 2291 190 2319 ιω,
204 2275 328 2319 ξοιειηη,
352 2275 419 2318 [si-ie
442 2288 527 2316 ειίειιη
555 2297 602 2316 νει
624 2287 833 2321 Fcrdina,,du5,
860 2297 922 2315 cum
940 2275 961 2302 Β
977 2280 1092 2307 dabilem
1117 2281 1234 2315 populis,
1255 2281 1405 2308 secundum
1437 2282 1617 2316 ipsorummct
1638 2283 1761 2314 oracula,

135 2339 214 2365 Anna
230 2337 359 2372 conjuge,
379 2335 514 2363 Vladislai
541 2336 613 2369 regis
639 2335 706 2368 lilia,
733 2334 865 2362 Lud0vici
881 2344 924 2362 so-

135 2392 209 2416 rore,
221 2383 329 2411 decimo
343 2386 442 2418 quarto
454 2381 499 2409 die
511 2381 670 2415 Februarii,
688 2389 761 2409 anno
777 2382 924 2410 millesimo

134 2430 358 2466 quingentesimo
381 2429 517 2458 vicesimo
537 2430 666 2464 septimo,
687 2429 810 2457 adhibita
834 2430 922 2458 sancti

134 2476 268 2512 Stephani
283 2484 347 2504 vera
361 2483 475 2508 corona,
499 2475 552 2503 iuit
571 2475 765 2510 inauguratus.

184 2534 248 2561 252.
267 2533 425 2566 Sclrirttran,
440 2532 550 2566 Sirvan,
562 2533 673 2566 Serban,
693 2541 767 2560 error
785 2533 867 2561 lavit".

168 2591 196 2618 Si
212 2592 298 2618 lector
314 2590 348 2618 ab
362 2591 425 2618 aliis
438 2590 472 2617 de
488 2590 542 2617 hoc
564 2590 639 2618 bello
657 2590 799 2618 memoria:
814 2591 920 2625 prodita

131 2638 213 2673 leget,
230 2643 366 2672 nusquam
381 2637 417 2663 ita
435 2636 606 2670 descriptum
628 2636 763 2664 inveniet.
785 2634 818 2664 lit
833 2636 922 2665 chlr

132 2691 204 2715 mas,
220 2682 401 2718 Spandugino
414 2681 528 2714 Tamas,
545 2682 700 2709 Sansovino
713 2683 810 2710 Tolcas
826 2684 926 2718 etiam;

131 2729 173 2757 sic
201 2729 285 2756 Ercas
314 2729 402 2756 eidem
429 2727 613 2763 Splndugino
641 2728 805 2756 nominatur
824 2729 921 2763 Algas,

132 2773 248 2801 miriﬁce
263 2773 369 2801 vitiatis
391 2772 635 2808 appellationibus.
654 2773 740 2808 Regio
757 2773 920 2802 Scliiruvam

131 2826 180 2849 aut
197 2820 309 2853 Sirun,
323 2820 397 2848 haud
412 2819 494 2847 dubie
512 2827 587 2847 nunc
598 2824 643 2848 est
660 2821 717 2853 illa,
736 2829 819 2856 quam
837 2823 921 2857 prisci

130 2867 226 2895 dixere
239 2866 368 2900 Mediam,
393 2866 564 2902 posteriores
579 2866 662 2895 etiam
681 2867 856 2902 Vaaspracan
868 2888 875 2900 ,
891 2873 920 2894 ut

133 2913 203 2953 apud
219 2913 364 2942 Cedrinum
391 2913 418 2941 in
434 2911 619 2941 Constantino
648 2913 828 2941 Monomacho
855 2913 920 2948 legi-

977 2326 1085 2354 landem
1102 2327 1250 2361 aliquando
1266 2327 1338 2355 Deus
1353 2325 1481 2362 Optimus
1497 2327 1632 2355 Maximus
1649 2336 1705 2356 sua:
1719 2330 1765 2356 de-

976 2372 1111 2399 claranda:
1131 2373 1283 2406 majestatis
1304 2382 1335 2400 ac
1350 2374 1444 2408 gloriae
1459 2382 1542 2401 causa
1554 2374 1590 2401 sit
1605 2382 1763 2409 eversurus,

976 2419 1018 2445 vel
1031 2418 1059 2444 in
1071 2419 1207 2450 ordinem,
1222 2419 1326 2454 subque
1344 2420 1440 2454 jugqu
1470 2419 1518 2447 ﬂlii
1546 2421 1588 2448 sui
1620 2422 1661 2449 sic
1686 2422 1763 2449 reda-

975 2469 1089 2496 cturus,
1113 2464 1221 2499 utGogi
1242 2464 1404 2500 Magogique
1426 2467 1477 2493 sub
1489 2467 1558 2494 cmlo
1582 2468 1686 2495 nullum
1708 2477 1764 2495 am-

976 2511 1047 2544 plius
1062 2518 1161 2537 nomen
1182 2515 1281 2539 exstet.
1304 2512 1333 2538 id
1348 2512 1421 2539 cnim
1450 2514 1597 2548 postremis
1623 2521 1651 2541 se
1673 2514 1762 2541 factu-

975 2563 1035 2583 rum
1055 2555 1162 2598 diebus,
1188 2565 1236 2592 per
1258 2564 1324 2586 suos
1352 2558 1513 2586 indubitata:
1532 2559 1593 2586 iidei
1621 2567 1696 2589 vates
1714 2569 1764 2588 no-

976 2604 1019 2630 bis
1055 2604 1238 2632 denuntiavit.
1278 2605 1426 2632 Ordiamur
1465 2610 1557 2634 autem
1594 2607 1629 2635 ab
1657 2607 1762 2635 oriente

975 2649 1047 2677 solea

1155 2718 1217 2746 255.
1251 2719 1319 2747 Asia
1339 2719 1554 2755 Beglei'begatus.

1009 2772 1029 2803 1⁷.
1048 2776 1156 2803 Anatoli
1176 2776 1330 2812 bcglcrbeg.
1350 2776 1417 2812 Ejus
1432 2777 1512 2805 sedes
1528 2782 1571 2805 est
1597 2778 1623 2804 in
1646 2777 1766 2806 civitate-

973 2822 1088 2857 Cutaige
1103 2821 1228 2857 Phrygia:
1252 2823 1385 2857 majoris,
1417 2831 1500 2858 quam
1527 2824 1590 2851 olim
1615 2823 1759 2858 Colyaium

972 2866 1058 2894 ϐῖκςὶ
1090 2868 1287 2900 nominabant,
1313 2869 1386 2896 sicut
1412 2869 1570 2904 expositum
1595 2869 1684 2903 capite
1712 2869 1766 2898 4ορ

973 2914 1122 2949 Sangiacos
1140 2914 1221 2942 habet
1233 2916 1285 2943 sub
1301 2924 1329 2943 se
1345 2915 1506 2942 duodecim.
