1961 3070
184 161 238 193 919

781 159 947 190 JOANNIS
965 159 1201 189 LEUNCLAVII

1752 148 1807 182 920

221 219 253 247 lI.
273 218 409 246 (Zaraman
425 216 582 253 beglerbeg.
600 215 769 244 Domieilium
788 216 869 251 504
892 215 974 242 habet
990 218 1010 244 A
1025 215 1181 250 glerbt-gum
1196 213 1339 242 constituit
1356 214 1501 241 Osmanem
1518 212 1628 239 bassam
1650 210 1804 238 famosum:

185 266 219 292 ad
233 265 384 292 Caisariam
399 264 513 296 Ciliciae,
525 264 559 290 de
569 270 622 298 qua
645 270 696 290 suo
713 263 817 290 dictum
832 263 900 289 loco.
924 261 972 289 Se-

188 315 263 345 ptem
285 311 337 337 sub
351 311 401 338 hoc
416 310 589 344 sangiacatus
614 314 688 336 sunt.
958 305 966 314 '

220 356 265 382 III.
287 355 366 382 Siras
378 355 536 390 beglerbeg,
549 355 582 382 ad
598 354 762 386 Sebastiam,
782 353 817 380 de
835 360 889 388 qua
905 360 973 380 con-

186 402 245 428 sole
264 405 347 436 caput
364 402 493 436 quintum
513 401 656 428 Pandectis
673 401 766 435 hujus.
781 408 783 410 ·

218 447 263 474 IV.
284 447 408 474 Tocatun
428 446 594 482 begierbcg.’
605 446 716 474 Residet
732 445 766 473 ad
780 445 877 472 urbem
889 445 972 471 Ama-

184 494 267 521 siam.
282 493 340 520 Sub
356 501 390 521 eo
411 497 476 520 sunt
490 493 613 527 quinque
628 493 815 527 sangiacatus.

220 540 251 566 V.
273 539 402 574 Dulgadir
418 540 572 573 beglerbeg.
593 538 633 566 De
657 539 708 565 hac
741 538 881 572 provincia
908 544 974 564 con-

184 585 244 611 sule
256 589 337 619 caput
356 584 408 612 465
427 584 572 611 Pandectis
593 585 685 619 hujus.
712 583 836 617 Quatuor
861 583 915 610 sub
941 591 973 611 se

185 631 362 664 saugiacatus
380 631 474 657 habet.

221 675 266 703 Vl.
286 676 370 710 Halep
383 676 542 711 beglerbeg,
556 677 589 704 ad
604 676 735 712 llalepum
746 677 803 704 sive
814 676 972 705 Berrhuaam

186 722 283 756 Syrite,
302 722 334 748 de
348 730 400 756 qua
416 722 504 756 capite
517 723 546 750 6.

192 777 194 780 ·
228 768 283 795 VIl.
303 768 402 794 Scitam
415 768 571 803 beglcrbeg,
585 768 619 794 ad
638 768 798 796 Damascum
812 769 908 805 Syriae.

222 813 291 841 \‘lll.
313 813 462 847 Tarapolos
479 814 520 841 vel
534 813 666 849 Trapolos
681 814 836 850 beglerbeg,
864 815 897 842 ad
911 815 974 844 'I‘ri-

185 859 270 894 polim
292 859 388 894 Syrian

223 904 270 934 IX.
292 904 381 932 Maras
394 905 548 942 beglerbeg,
567 906 599 933 ad
617 904 780 939 Marassum,
792 911 905 941 propter
918 907 972 934 Eu-

187 951 312 983 phratem
332 951 427 983 situm,
442 952 514 978 inter
530 951 660 986 Halepum
679 956 707 979 et
732 952 971 987 Mesopotamiam.

220 995 254 1023 X.
276 995 421 1024 Diarbekir
437 997 593 1032 beglerbeg,
608 997 635 1024 in
651 997 858 1033 Mesopotamia.
876 999 908 1025 ad
925 1007 971 1026 ur-

185 1042 245 1069 bem
262 1043 404 1076 Amidam,
423 1051 505 1078 quam
522 1043 605 1071 Turci
628 1051 703 1071 nunc
728 1044 893 1072 Carahemitl
923 1053 972 1072 no-

186 1089 302 1116 minant.
321 1089 449 1124 Sangiaci
467 1094 565 1124 parent
585 1090 648 1117 huic
664 1090 819 1118 duodecim.

221 1134 266 1162 XI.
287 1134 388 1170 Bagdat
399 1135 554 1171 beglerbeg,
577 1136 611 1163 ad
627 1136 766 1171 Bagdatim
793 1136 849 1164 sive
874 1144 971 1164 novam

185 1180 362 1214 Babylonem,
379 1181 414 1208 de
434 1189 489 1215 qua
509 1182 596 1216 capite
607 1182 634 1208 4.

223 1225 282 1254 XII.
304 1226 415 1254 Balsara
443 1228 598 1264 beglerhcg,
628 1229 661 1256 ad
691 1229 780 1256 sinum
808 1230 971 1264 Persicum,

190 1280 242 1300 non
257 1275 353 1307 procul
370 1281 384 1300 a
402 1274 504 1310 Bagdat
520 1275 578 1302 sive
593 1275 740 1311 Babylone.

223 1318 294 1346 XIII.
325 1320 398 1347 Laxa
431 1321 587 1356 brglerbeg.
617 1322 971 1357 AntiquitusICaramania

189 1365 277 1392 tendit
295 1366 326 1391 ad
344 1366 446 1393 limites
461 1365 575 1397 Orm'uz,
599 1371 625 1393 et
638 1367 728 1394 Persis
750 1373 792 1396 est
807 1368 936 1396 ﬁnitima.

222 1409 292 1437 XIV.
314 1410 427 1442 Gemeo,
443 1411 517 1438 Aden
531 1412 685 1447 beglerbeg,
707 1413 734 1440 in
753 1414 852 1440 Arabia
869 1413 971 1448 Felici,

187 1457 220 1483 all
233 1457 311 1484 littus
329 1457 518 1491 Ilubri_maris.
531 1456 599 1484 Vide
614 1463 696 1492 caput
708 1458 770 1485 2H.
788 1458 898 1487 Diversa
914 1461 972 1488 loca

189 1507 264 1533 sunt.
286 1510 341 1529 uno
356 1507 444 1529 tamen
462 1503 654 1538 beglerbegatu
676 1505 883 1540 comprehensa.

221 1548 281 1575 XV.
303 1549 548 1582 Chebetz,-Ilustio
561 1550 645 1579 Zebet
663 1552 820 1587 beglerbeg,
833 1557 864 1580 ut
877 1553 970 1581 eodem

187 1596 275 1629 rapite
285 1594 400 1623 dictum.
418 1596 508 1624 Locus
524 1600 592 1625 situs
608 1597 634 1625 in
647 1599 738 1626 littore
754 1599 830 1626 sinus
847 1600 970 1633 Arabici,

187 1644 319 1670 ﬁnitimus
331 1648 373 1671 est
396 1644 512 1679 imperio
544 1646 616 1681 regis
639 1646 797 1681 {Ethiopum
820 1648 972 1683 Przetejani.

221 1688 291 1715 XVI.
314 1688 404 1715 Missir
431 1690 586 1725 beglerbeg.
615 1691 696 1718 Cairo
726 1697 834 1725 prmest,
865 1697 892 1720 et
922 1695 972 1721 toti

186 1734 315 1770 Egypto.
340 1735 466 1771 Sangiaci
483 1737 533 1764 sub
549 1744 582 1763 eo
610 1738 757 1765 sexdecim.

223 1781 306 1810 XVII.
326 1782 407 1816 Cypri
427 1782 583 1818 beglerbcg.
606 1782 723 1811 Nicosiac
736 1785 777 1812 vel
802 1784 974 1820 Fatnagusta:

158 1827 160 1831 y
187 1829 272 1864 tlt‘gil.

221 1876 315 1904 XVIII.
340 1876 524 1905 Sclicherczul
542 1876 696 1912 beglerbcg,
711 1877 739 1904 in
749 1877 871 1914 Assyria,
884 1877 974 1907 Persis

186 1923 332 1950 ﬁnitimus.
408 1923 411 1924 ⁷

222 1967 294 1998 XIX.
314 1968 386 1996 “'an
409 1969 564 2006 btglerbeg,
592 1970 703 2005 respicit
726 1969 872 1998 Persarum
893 1971 973 2003 ﬁnes,

185 2021 280 2054 versus
294 2014 438 2044 Sirvanum
451 2016 509 2043 sive
525 2015 651 2048 Mediam,
673 2021 701 2043 et
712 2017 870 2044 Armeniam
887 2018 974 2052 majo-

187 2068 256 2091 rem,
272 2068 321 2088 ccu
334 2061 437 2089 dictqu
456 2062 543 2096 capite
561 2063 738 2097 pratccdenti.

225 2107 283 2134 XX.
304 2108 437 2135 Arzcrum
455 2109 497 2135 vel
510 2109 612 2135 Erzttm
628 2109 784 2144 bcglerbeg,
800 2110 826 2136 in
845 2110 973 2137 Armenia

185 2153 295 2186 majori,
315 2154 348 2180 ad
372 2153 473 2180 limites
492 2152 599 2180 Sirvani
622 2154 681 2181 sive
703 2154 809 2185 Medim,
837 2159 864 2181 et
889 2155 973 2182 Geor-

185 2201 342 2233 gianorum.
360 2199 446 2226 Dislat
463 2207 477 2226 a
491 2199 648 2229 Taibosane
660 2200 718 2227 sire
733 2199 911 2235 Trapezunte,
924 2208 970 2228 sex

186 2245 292 2272 tltcrum
310 2245 418 2272 ilinerc.

219 2290 289 2322 XXI.
311 2290 416 2325 Tipltlis
449 2289 606 2325 beglerbeg,
640 2290 775 2321 ﬁnitimus
807 2292 971 2328 Geergianis

184 2338 241 2367 sive
254 2337 412 2372 Curgginis,
432 2342 460 2363 ut
472 2344 545 2363 nunc
561 2337 724 2372 appellatur.
750 2338 896 2367 Institutus
920 2340 971 2367 fuit

184 2393 198 2410 a
216 2384 356 2418 Mustapha
374 2383 453 2410 bassa
471 2382 583 2410 serdare
608 2391 680 2410 anno
699 2384 858 2412 Christiano
885 2386 972 2413 mille-

185 2430 255 2461 simo
270 2430 489 2464 quingentesimo
516 2430 721 2464 septuagesimo
742 2435 853 2464 octavo,
878 2439 972 2459 mense

185 2476 348 2510 Septembri.
362 2474 450 2502 Locus
462 2475 544 2502 etiam
565 2475 664 2510 priscis
675 2481 767 2509 notus,
787 2477 858 2511 apud
874 2477 969 2506 Cedri-

185 2530 248 2549 num
268 2521 403 2554 reperitur
419 2521 445 2547 in
459 2520 644 2549 Constantino
669 2520 859 2554 Monomacbo,
880 2522 971 2549 Verbis

185 2565 343 2600 hujusmodi
359 2573 366 2590 :
385 2565 466 2595 Asam
483 2564 518 2599 (is
547 2570 606 2592 erat
625 2574 639 2594 e
665 2565 864 2603 Tangrolipicis
887 2568 972 2596 fratre

185 2610 275 2645 nutus)
296 2619 310 2637 a
325 2611 434 2637 sullano
459 2610 651 2646 Tangrolipice
677 2613 776 2641 missus
792 2618 887 2641 conlra
918 2614 970 2644 Ro-

186 2663 292 2688 manos,
311 2663 373 2682 cum
391 2654 572 2689 Taurezium,
588 2661 616 2683 et
643 2657 773 2692 oppidum
800 2659 970 2687 nominatum

185 2699 307 2736 Tcphlis,
321 2701 504 2736 praeterisset:
522 2700 749 2736 Vaaspracaniam
764 2705 902 2740 ingressus
918 2711 970 2739 est,

187 2749 212 2775 id
226 2753 267 2775 est
286 2747 410 2775 Mediam.

222 2793 302 2824 XXII.
332 2794 427 2823 Sirvau
461 2797 616 2832 bcglcrlicg.
652 2796 709 2824 Hoc
737 2798 846 2825 nomine
884 2797 969 2824 Media

186 2848 259 2872 [tunc
278 2841 439 2875 appellatur,
456 2851 471 2870 a
488 2843 631 2878 metropoli
646 2842 756 2874 Sirvan,
772 2851 854 2877 quam
873 2844 968 2870 eodem

186 2895 257 2919 anno
272 2887 428 2924 Mustap‘aas
443 2890 515 2919 idem
543 2890 626 2923 cepit,
643 2895 669 2916 ct
696 2889 814 2922 primum
833 2889 896 2917 istic
922 2890 969 2917 bc-

1023 261 1071 288 Ied
1087 269 1102 287 a
1119 261 1209 288 Persis
1225 267 1279 287 non
1299 260 1383 287 multo
1408 264 1469 294 post
1497 258 1602 293 ejectus
1624 256 1687 284 fuit.
1714 257 1808 284 Nihilo

1024 311 1115 334 tamen
1132 308 1224 334 minus
1243 307 1286 334 hic
1300 305 1512 340 beglerbegatus
1536 302 1748 331 Osmanidarum
1768 303 1810 329 in-

1024 353 1145 388 scriptus
1164 357 1206 380 est
1224 352 1305 384 libro,
1320 351 1382 386 qui,
1401 351 1455 378 nisi
1485 350 1654 392 restituatur.
1669 356 1808 383 nunquam

1023 407 1054 426 se
1068 406 1160 433 pacem
1177 397 1300 425 facturos
1311 405 1374 425 cum
1388 396 1480 424 Persis
1505 396 1682 430 proﬁtentur.

1060 445 1156 472 XXIII.
1178 444 1332 479 Temireapi
1350 443 1506 479 bcglerbeg.
1520 441 1610 470 Locus
1621 446 1664 469 est
1686 440 1720 467 ad
1733 447 1809 467 mare

1024 490 1165 524 Caspium,
1195 490 1274 517 Porta
1306 489 1393 517 ferrea
1408 489 1509 521 dictus,
1541 492 1568 515 et
1588 487 1654 522 Capi
1684 486 1808 515 dei-bent,

1025 541 1102 572 porta
1118 537 1237 564 faucium
1252 537 1295 563 vel
1307 536 1508 569 angustiarum.
1520 534 1600 569 Cepit
1615 534 1690 561 hunc
1706 532 1808 560 Osman

1026 584 1107 611 bassa
1123 584 1218 611 eodem
1241 591 1312 610 anno
1327 582 1475 610 millesimo
1499 579 1722 616 quingentesimo
1747 586 1810 612 scp-

1026 631 1178 664 tuagcsimo
1207 634 1314 661 octavo,
1344 628 1420 655 etin
1444 627 1560 654 lormam
1589 625 1809 661 beglerbegatus,

1025 679 1121 701 necato
1137 674 1293 702 Schemliali
1307 673 1413 706 Cliane,
1428 679 1526 700 socero
1542 679 1605 703 suo,
1624 671 1739 705 redegit.

1061 720 1156 748 XXIV.
1177 721 1245 748 Cars
1271 719 1426 754 beglerbeg.
1455 718 1592 746 Cedrinus
1617 717 1702 745 Carse
1720 716 1810 744 nomi.

1025 772 1083 801 nat,
1104 771 1130 794 et
1148 768 1176 794 in
1193 766 1381 794 Perearmcnia
1404 765 1533 797 collocat,
1550 771 1611 798 qua
1628 770 1702 790 nunc
1714 763 1811 789 Arme-

1026 812 1071 839 nia
1097 811 1185 846 major
1210 816 1262 840 est.
1290 811 1378 838 Distat
1403 810 1471 837 Cars
1485 809 1519 836 ab
1545 809 1676 836 Arzerum
1692 811 1810 840 quatuor

1028 859 1133 885 dierum
1162 857 1268 884 itinere.
1299 856 1510 891 Beglerbegatus
1542 853 1613 889 cepit
1636 860 1708 880 anno
1731 852 1812 879 Chri-

1025 904 1115 930 stiano
1127 902 1272 929 millesimo
1285 901 1509 936 quingentesimo
1517 898 1718 934 septuagesimo
1726 905 1809 931 nono,

1025 953 1137 977 auctore
1151 948 1293 983 Mustapha
1313 948 1404 975 bassa.

1061 993 1145 1021 XXV.
1166 992 1303 1021 Tscliildir
1320 995 1368 1019 aut
1383 991 1486 1018 Tzildir
1506 989 1661 1024 beglerbeg.
1687 987 1721 1014 ad
1742 986 1810 1014 ﬁnes

1025 1040 1251 1073 Georgianorttm,
1272 1038 1305 1065 ab
1320 1037 1415 1066 eodem
1432 1037 1575 1071 Mustapha
1596 1035 1676 1062 bassa
1699 1033 1810 1061 institu-

1027 1091 1079 1116 tus.
1096 1092 1169 1112 anno
1192 1084 1338 1111 millesimo
1359 1082 1581 1118 quingentesimo
1607 1080 1809 1116 septuagesimo

1026 1138 1109 1158 nouo.
1124 1130 1238 1158 Porsius
1253 1129 1427 1164 Tseltahlung
1439 1135 1581 1164 perperam
1600 1126 1722 1161 scripsit.

1060 1177 1156 1205 XXVI.
1177 1176 1261 1203 Fossa
1291 1175 1447 1211 beglerbcg,
1475 1174 1501 1202 in
1519 1172 1676 1208 Mengrelia.
1693 1170 1808 1198 Munitio

1026 1228 1131 1251 structa
1158 1231 1205 1258 per
1234 1223 1368 1251 Uluzalim
1395 1221 1501 1258 capitan
1526 1221 1635 1249 bassam
1662 1219 1714 1247 iuit
1736 1226 1809 1246 anno

1026 1270 1172 1297 millesimo
1197 1269 1418 1304 quingentesimo
1445 1267 1650 1302 septuagesimo
1666 1273 1757 1298 nono,
1781 1268 1809 1291 et

1026 1316 1124 1344 ibidem
1145 1316 1289 1343 institutus
1321 1315 1539 1350 bt-glerbcgatus.
1564 1313 1616 1341 Sed
1643 1312 1724 1347 paulo
1747 1315 1810 1346 post

1026 1362 1178 1389 discessum
1209 1362 1269 1396 ejus
1292 1365 1397 1396 captam
1416 1359 1536 1387 vicissim
1552 1356 1697 1392 Gcorgiani
1719 1355 1810 1383 dirue~

1027 1411 1105 1435 runt.
1128 1407 1254 1434 Civitatis
1276 1407 1418 1434 Phasianae
1438 1406 1603 1433 mentionem
1620 1403 1686 1430 facit
1710 1402 1810 1429 Leonis

1025 1454 1140 1489 Augusti
1156 1454 1261 1481 novella
1279 1454 1311 1480 de
1326 1452 1455 1484 Thronis,
1473 1456 1499 1478 ct
1520 1451 1677 1486 episcopum
1693 1448 1752 1482 ejus
1769 1455 1811 1474 re-

1027 1499 1079 1526 fuit
1092 1500 1142 1526 sub
1159 1499 1328 1533 metropolim
1343 1497 1534 1532 Trapezuntis.
1555 1495 1618 1523 Haec
1631 1495 1727 1522 eadem
1743 1500 1804 1521 cum

1026 1546 1158 1574 hodierna
1176 1545 1282 1573 scilicet
1293 1544 1398 1572 Pliassa
1414 1543 1506 1571 fuerit.

1064 1593 1171 1621 XXVII.
1194 1593 1314 1620 Socltum
1344 1591 1490 1627 beglcrbeg
1506 1611 1514 1624 ,
1535 1591 1562 1618 in
1592 1589 1808 1625 Georgianorum

1025 1639 1145 1667 ﬁnibus.
1173 1646 1188 1665 a
1217 1638 1319 1666 Sinone
1358 1638 1438 1665 bassa
1469 1637 1640 1664 vezirazeme
1666 1635 1810 1662 institutus

1025 1694 1097 1713 anno
1123 1685 1278 1713 Christiano
1304 1684 1448 1712 millesimo
1486 1682 1705 1719 quingentesimo
1732 1685 1810 1708 octo-

1024 1734 1136 1769 gesimo.

1061 1778 1182 1806 XXVIII.
1201 1777 1277 1805 Batiu
1295 1777 1450 1812 bcglcrbeg,
1468 1776 1568 1804 ibidem
1588 1783 1602 1803 a
1620 1775 1720 1803 Sinadc
1743 1779 1810 1802 tune

1025 1825 1181 1852 institutus.

1060 1870 1157 1898 XXIX.
1179 1870 1272 1898 Revan
1289 1871 1444 1905 beglerbeg.
1464 1869 1544 1896 Hunc
1566 1869 1655 1897 locum
1680 1867 1811 1895 Fcrliatcs

1024 1918 1106 1945 bassa
1121 1917 1194 1952 cepit
1213 1921 1240 1944 et
1256 1917 1374 1944 munivit
1389 1924 1462 1943 anno
1479 1916 1637 1944 Christiano
1663 1915 1811 1942 millesimo

1024 1964 1244 1999 quingentesimo
1263 1963 1431 1998 octogesimo
1456 1963 1587 1996 secundo,
1602 1966 1724 1997 ereptum
1738 1961 1809 1988 Toc-

1026 2011 1097 2038 maci
1116 2011 1237 2041 sultano,
1265 2009 1438 2037 Persicorum
1456 2010 1573 2044 partium
1601 2008 1727 2043 printipi.
1760 2007 1810 2035 Bc-

1024 2057 1170 2091 glerbegus
1185 2056 1247 2084 istic
1270 2057 1374 2091 primus
1399 2056 1449 2083 fuit
1465 2056 1612 2091 Cigaloglis
1630 2055 1730 2087 ‘bassa,
1756 2054 1809 2082 Ge-

1025 2110 1102 2129 llllﬂS.

1060 2148 1145 2175 XXX.
1170 2147 1300 2176 Somaltlc
1326 2148 1482 2183 bcglerbcg.
1504 2148 1542 2175 De
1572 2147 1719 2180 Somakia,
1748 2155 1810 2182 qua:

1024 2194 1238 2231 Chalcocoudyli
1254 2194 1398 2222 Satuacbia
1417 2195 1585 2227 nominatur,
1601 2195 1704 2222 dictum
1715 2201 1808 2228 supra,

985 2241 1008 2269 D
1023 2243 1113 2277 capite
1130 2242 1190 2270 188.
1204 2243 1415 2278 Bcglerbegatus
1429 2242 1508 2277 505
1526 2247 1623 2270 auctor
1641 2242 1691 2270 fuit
1706 2242 1807 2269 Osman

1023 2290 1116 2322 bassa,
1133 2297 1205 2318 anno
1226 2290 1384 2318 Christiano
1413 2289 1559 2317 millesimo
1588 2289 1808 2325 quingentesimo

1024 2336 1192 2371 octogesimo
1206 2336 1298 2363 tertio.

1058 2382 1227 2409 Posteriores
1245 2387 1336 2409 autem
1357 2381 1564 2417 beglerbegatus
1589 2382 1627 2413 hi.
1658 2381 1731 2409 bello
1762 2382 1809 2409 de-

1022 2428 1129 2454 cennali
1155 2427 1275 2460 Persico,
1307 2428 1380 2462 quod
1410 2427 1501 2455 adhuc
1529 2428 1644 2463 geritur,
1676 2428 1809 2460 instituti;

1023 2475 1252 2509 quemadmodum
1271 2475 1333 2502 novi
1346 2479 1422 2508 sunt,
1437 2475 1474 2502 ita
1488 2476 1578 2510 potius
1599 2475 1711 2502 nomine
1728 2479 1809 2501 tenus

1022 2523 1063 2549 sic
1078 2521 1232 2557 appellandi
1246 2522 1370 2554 veniunt,
1397 2529 1447 2549 nec
1460 2529 1523 2549 cum
1549 2522 1669 2556 antiquis
1698 2528 1811 2556 compa-

1023 2569 1114 2596 randi.
1128 2568 1217 2602 Nunc,
1237 2569 1360 2596 ordinem
1383 2573 1487 2596 naturae
1519 2569 1670 2604 sequendo.
1698 2569 1811 2603 provin-

1022 2615 1072 2642 ciis
1087 2615 1159 2642 Asiae
1181 2614 1328 2642 recensitis
1355 2614 1496 2642 meridiem
1522 2622 1618 2642 versus
1645 2615 1679 2642 ab
1704 2614 1811 2643 oriente

1022 2660 1239 2695 progrediamur.

1208 2706 1272 2734 256.
1294 2706 1392 2741 Africw
1413 2705 1625 2741 Beglerbcgatut.

1058 2749 1077 2779 l.
1093 2751 1188 2778 Cesair
1206 2752 1361 2786 beglcrbeg.
1377 2751 1474 2778 Sedem
1506 2751 1588 2779 habet
1615 2752 1643 2778 in
1672 2751 1806 2786 Algcsair.

1021 2805 1081 2830 qua:
1096 2798 1197 2825 nostris
1211 2802 1254 2824 cst
1266 2797 1417 2832 Algerium,
1433 2797 1515 2825 sicuti
1547 2798 1636 2832 capite
1650 2797 1703 2825 227
1731 2805 1809 2826 nota"

1022 2847 1088 2870 tum.

1057 2889 1088 2917 ll.
1102 2888 1197 2917 Tunisi
1211 2889 1420 2925 bcglerbegatus
1435 2890 1539 2919 residet
1553 2890 1665 2918 ibidem.
