1961 3070
152 147 204 179 921
346 183 349 185 ἓ
746 145 942 176 PANDECTE
962 143 1064 174 lllS’l‘.
1084 141 1234 173 TUBCIC.
1717 131 1774 166 933

184 203 228 230 ΙΙΙ.
243 203 346 238 Tripoli
363 203 518 238 bcglcrheg.
535 203 706 231 Domicilium
724 203 823 230 ibidem
839 202 931 229 habet.
948 207 970 234 Α
1019 201 1046 228 2.
1063 200 1149 228 Filek.

185 251 255 277 Sunt
270 253 360 276 autem
388 249 488 277 Alricaa
508 250 562 277 duo
592 254 724 285 praeterea
750 256 845 284 regna,
863 248 933 275 libro

149 295 302 323 Turcarum
328 296 370 323 vel
403 296 616 324 Osmanidarum
637 295 678 331 (ut
706 295 758 330 ipsi
783 295 933 329 loquuntur

151 341 292 377 inscripta)
309 350 369 377 quae
385 347 475 369 tamen
493 342 610 371 necdum
628 342 698 368 inter
725 341 933 375 beglerbegatus

150 386 320 420 referuntur,
334 387 380 415 sed
397 388 488 422 potius
505 387 712 415 tributariorum
726 393 774 413 seu
790 384 933 412 feudorum

149 434 260 461 nomine
276 434 407 466 veniunt;
426 433 508 461 Fessa
524 434 665 464 nimirum,
679 441 741 460 cum
758 431 876 458 hlaroeo.

183 479 262 507 Nunc
275 479 307 506 ad
320 478 500 510 occidentem,
513 482 541 506 et
566 478 734 513 aquilonem,
751 485 811 512 quae
832 479 935 512 restent

151 526 310 560 provinciae,
328 525 480 553 videamus.

362 571 478 606 Europa
510 570 722 605 Beglerbegalus.

186 619 207 647 1.
226 619 333 647 Rumeli
350 617 504 653 bcglerbeg.
515 624 595 650 quem
612 615 723 644 Graeciae
731 618 839 646 vocant.
850 613 936 641 Sedes

150 666 210 699 ejus
226 669 266 693 est
281 663 400 699 Sophim.
417 661 474 689 Sub
485 662 609 696 ejusdem
625 661 724 687 vexillo
755 659 936 688 Sanniacatus

151 711 317 746 infrascripti
335 710 520 738 continentur.

186 760 199 786 1
206 780 213 787 .
230 759 330 794 Sophia
345 758 457 786 Serviaa.

186 807 215 834 2.
232 806 354 841 Nigeholi
366 805 424 832 sive
436 803 587 839 Nicopolis,
599 800 660 829 vido
672 807 733 835 cap.
751 799 798 828 5|.

185 853 213 880 5.
229 852 388 880 Kircklisse.
403 849 471 878 Vide
485 857 547 885 cap.
563 848 628 876 195.

187 899 214 926 4.
228 898 310 934 Vyza.
328 897 460 924 Thraciae.

187 945 214 974 5.
227 945 349 976 Kirmen,
366 942 540 971 Macedoniae.

187 994 213 1021 6.
229 992 347 1025 Silistra,
364 990 430 1018 ibid.

188 1042 213 1068 ’1.
230 1039 397 1073 GiuSIandil,
411 1037 480 1067 ibid.

187 1088 213 1114 8.
233 1086 348 1119 Bender,
363 1092 457 1113 versus
469 1083 605 1111 Euxinum
619 1081 788 1116 Keraiosquc
807 1080 935 1109 Talaros.

187 1135 214 1162 9.
230 1134 395 1161 Acherman.
415 1131 481 1158 Vide
494 1139 555 1166 cap.
573 1129 635 1157 159.

189 1180 232 1209 in.
246 1178 373 1213 Uscopia.
389 1177 457 1204 Vide
473 1184 534 1212 cap.
551 1176 612 1204 169,

190 1225 233 1252 11.
253 1223 383 1254 Prisrem,
394 1221 552 1249 Thessaliae.

191 1272 234 1299 12.
248 1269 395 1302 Salonichi,
414 1268 574 1296 Thessaliae.

191 1319 234 1346 15.
250 1316 387 1348 Trichala,
409 1315 518 1342 ibidem.

189 1365 233 1391 Μ.
252 1363 367 1395 Misitra,
380 1362 516 1397 quondam
536 1360 632 1396 Sparta
647 1360 754 1388 lllorcac.

191 1411 234 1437 15.
248 1409 424 1443 Palaeopatra,
440 1407 505 1434 ibid.

193 1457 236 1484 16.
252 1455 360 1491 Jagnia,
371 1453 506 1482 Joannina
518 1452 639 1481 Etolim.

193 1505 235 1531 17.
251 1501 381 1530 Delvuina
403 1512 416 1531 )
445 1524 452 1531 ,
479 1523 486 1531 .
515 1524 521 1530 ,

193 1512 235 1531 ‘Il.
251 1512 381 1530 uuvutna
400 1512 416 1580 ἰ
438 1523 556 1551 Achaim.

191 1550 235 1577 18.
248 1549 380 1576 Elbassan

191 1596 235 1623 19.
247 1595 377 1622 Aveloua.
398 1593 465 1621 Vide
476 1598 557 1629 caput
570 1593 635 1621 242.

189 1641 236 1669 20.
258 1639 406 1675 Ducaggin.
423 1639 489 1667 Vide
506 1642 587 1674 caput
597 1637 660 1665 206.

191 1687 236 1714 ‘21.
253 1686 363 1714 lscodar
377 1686 403 1713 in
420 1685 547 1713 Albania.
566 1684 635 1712 Vide
645 1692 704 1720 cap.
719 1684 781 1711 121.

194 1734 226 1761 ll.
247 1733 340 1761 Denizi
356 1732 510 1768 beglerbeg,
523 1732 569 1767 qui
585 1735 612 1758 et
626 1731 741 1764 Capilan
774 1731 854 1757 hassa
880 1730 941 1756 vul—

158 1789 201 1814 ειη,
222 1788 270 1814 pro
281 1779 365 1807 maris
382 1778 534 1814 Capitaneo
549 1777 609 1804 sive
622 1776 752 1804 Praetore.
762 1776 846 1804 Sedes
858 1776 943 1811 ipsius

157 1834 198 1854 est
210 1826 347 1860 Gallipoli.
360 1825 537 1860 Sang‘iacalus
553 1824 579 1851 ei
599 1823 715 1859 subjecti
735 1826 818 1850 sunt;

193 1874 219 1900 1.
234 1873 385 1907 Callipolis.
401 1870 468 1899 Vide
484 1878 547 1906 cap.
566 1870 613 1898 25.

191 1919 219 1945 ‘2.
236 1919 341 1952 Galata,
356 1926 416 1954 cap.
429 1917 489 1945 127.

194 1966 221 1992 ὅ.
238 1964 406 1997 Nicomedia,
422 1972 484 1998 cap.
500 1964 544 1992 74.

192 2013 218 2039 4.
231 2011 353 2044 Limnos,
370 2019 430 2046 cap.
446 2010 510 2038 229.

195 2058 221 2086 5.
240 2058 373 2095 Mityline,
384 2065 445 2094 cap.
464 2057 526 2086 158.

194 2105 220 2132 6.
233 2105 327 2136 Chios,
341 2112 402 2140 cap.
415 2104 480 2133 229.

194 2151 220 2178 7.
237 2150 333 2184 Nexia,
352 2150 420 2178 ibid.

193 2197 220 2224 8.
238 2197 424 2232 Negroponto.
441 2204 501 2233 cap.
519 2195 581 2225 142.

194 2244 220 2272 9.
237 2243 336 2278 Rhodi,
351 2251 411 2279 cap.
420 2244 484 2272 229.

195 2290 238 2317 10.
255 2290 366 2323 Cavala.
378 2298 438 2325 cap.
454 2291 498 2319 M.

196 2337 239 2364 11.
249 2336 345 2372 Napoli
362 2337 387 2365 di
398 2336 531 2364 Romaniu

196 2383 241 2410 12.
262 2383 394 2417 Lepanto,
409 2391 468 2418 cap.
485 2383 548 2411 175.

197 2431 240 2457 15.
257 2429 287 2457 S.
300 2429 403 2463 Maura,
419 2437 477 2464 cap.
496 2430 559 2458 178.

195 2476 240 2503 Μ.
254 2476 430 2504 Alexandria.

197 2523 242 2550 lll.
262 2522 361 2550 Budun
376 2521 529 2558 beglerbcg.
544 2521 629 2549 Sedes
647 2521 708 2556 ejus
733 2520 846 2548 ibidem.
875 2520 945 2548 Sub-

159 2569 225 2604 jecti
243 2574 309 2596 sunt
322 2569 408 2604 ipsius
431 2569 618 2604 jurisdictioni
645 2570 820 2604 saugiacatus
836 2569 861 2596 hi
878 2569 945 2596 fere.

198 2614 224 2640 1.
244 2612 393 2648 Novigrad.

1021 246 1048 274 ὅ.
1061 246 1207 277 Zetschen,
1219 244 1278 272 sive
1289 242 1400 271 Zeuen.

1020 292 1046 319 4.
1060 290 1173 319 Zolnok.

1021 339 1047 366 ὅ.
1065 339 1150 366 Gran.

1021 385 1049 412 6.
1069 384 1198 418 Segedin.

1020 431 1048 458 7.
1069 430 1135 457 Alba
1149 429 1257 464 regalis.

1021 476 1047 503 8.
1064 475 1179 503 Sexard.

1023 521 1049 550 9.
1062 522 1262 549 Simontornar.

1024 567 1069 594 10.
1081 567 1184 602 Copan.

1024 615 1068 642 11.
1079 614 1196 642 Muhatz.

1024 650 1068 686 ΙΞ.
1082 658 1170 694 Ziget,
1188 659 1246 686 sive
1260 648 1381 685 Sa’swar’.

1024 705 1067 733 15.
1083 705 1228 737 Petscheu,
1242 704 1284 732 vcl
1295 703 1422 739 Quinque
1436 702 1570 731 ccclesiw.

1023 750 1067 778 Η.
1083 750 1225 778 Sirmium.

1026 797 1070 824 15.
1088 796 1259 824 Semendria.

1025 842 1072 871 Ν.
1088 843 1244 871 Temeswur
1268 842 1422 877 heglerbeg.
1447 841 1556 868 Rcsidct
1580 839 1776 868 ibi-lem.Sub-

950 876 976 907 Β
987 890 1055 927 jccti
1068 895 1133 918 sunt
1151 889 1210 925 ejus
1227 890 1458 917 administrationi
1476 888 1651 923 saugiaicutm
1672 888 1698 913 Ιιι
1714 894 1722 913 :

1026 937 1052 964 1.
1073 936 1238 964 Temeswar.

1023 984 1051 1013 2.
1064 984 1190 1012 Mudavn.

1024 1031 1051 1058 5.
1075 1031 1236 1058 Vilauswar.

1024 1076 1050 1104 4.
1068 1076 1233 1105 Tschiauad.

1025 1121 1052 1149 5.
1070 1122 1252 1153 \Vtscliitirni.

1025 1176 1052 1204 6.
1065 1175 1154 1203 Giula.

1026 1225 1052 1252 7.
1077 1222 1163 1250 Vidin.

1025 1271 1053 1298 8.
1069 1269 1147 1304 Lipa.

1029 1316 1062 1342 V.
1079 1315 1168 1342 Bozna
1189 1314 1344 1349 beglerbeg.
1359 1313 1443 1340 Sedes
1456 1313 1541 1347 ipsius
1556 1311 1583 1338 in
1602 1311 1776 1346 Bngnialuca.

994 1363 1175 1398 Sangiacatus
1188 1361 1215 1388 hi
1233 1360 1338 1388 subditi
1349 1363 1422 1387 sunt.

1031 1410 1056 1436 1.
1072 1409 1246 1444 Bagnialuca.

1027 1457 1055 1483 2.
1075 1455 1206 1491 Posoheg.

1030 1502 1058 1530 3.
1073 1503 1173 1531 Clissa.

1029 1550 1057 1577 4.
1075 1548 1269 1583 Herzogovina.

1029 1595 1056 1622 5.
1069 1594 1147 1622 Lika.

1029 1640 1056 1667 6.
1071 1639 1238 1667 Sazesclina.

1031 1686 1055 1714 7.
1072 1684 1212 1713 lswornik.

1029 1733 1056 1760 8.
1077 1732 1205 1759 Brisrcm.

1031 1779 1057 1806 9.
1076 1779 1242 1806 Allalschiar
1254 1779 1373 1807 chissar.

1029 1825 1075 1853 Vl.
1091 1825 1165 1852 Colle
1181 1825 1335 1860 beglerhcg.
1361 1824 1426 1859 Ejus
1444 1826 1522 1852 sedes
1547 1830 1588 1853 est
1617 1826 1650 1853 ad
1685 1827 1778 1853 urbem

993 1872 1114 1906 Capham
1133 1872 1159 1898 in
1175 1871 1290 1898 Taurica
1304 1871 1484 1899 Chersoneso.
1510 1871 1690 1907 Sungiacatus
1708 1874 1778 1900 duu-

995 1921 1071 1944 tuxat
1097 1922 1156 1944 erat
1191 1917 1269 1944 initio
1297 1917 1458 1952 hcglerbego
1485 1917 1597 1945 Grmcia:
1627 1919 1777 1953 subjectus.

995 1963 1098 1990 Practer
1123 1963 1256 1998 Capuam,
1288 1968 1315 1991 et
1333 1964 1358 1991 ei
1386 1965 1476 1992 vicina
1502 1965 1573 1997 loca,
1603 1967 1779 2001 Sangiucatus

996 2017 1091 2039 omnes
1107 2010 1210 2037 dilione
1223 2018 1272 2038 sua
1288 2011 1489 2045 complectitur,
1515 2011 1548 2038 ad
1564 2011 1677 2038 Tanaim
1703 2013 1780 2047 palu-

995 2057 1109 2092 demque
1123 2057 1274 2085 Maeotidem
1287 2058 1366 2085 sitos.
1381 2057 1434 2085 Sed
1448 2066 1540 2085 verum
1554 2059 1576 2086 si
1591 2058 1669 2085 fateri
1702 2059 1778 2087 volu-

996 2110 1057 2130 mus
1077 2103 1228 2138 beglcrbegi
1244 2111 1342 2131 nomen
1363 2104 1453 2139 potius
1479 2105 1568 2137 titulo,
1595 2113 1677 2144 quam
1704 2112 1779 2141 pote-

995 2149 1074 2178 SIatis
1088 2149 1263 2183 amplitudine
1271 2154 1371 2177 tuetur.
1495 2152 1499 2153 ⁷

1031 2195 1113 2231 506
1132 2195 1194 2223 Hau:
1208 2188 1279 2223 meta
1295 2197 1372 2232 regni
1388 2197 1506 2229 barbari,
1534 2198 1675 2234 nostrique
1702 2198 1777 2225 labo-

959 2230 984 2260 D
998 2243 1036 2270 ris
1050 2248 1119 2275 esto.
1131 2250 1212 2278 quam
1228 2243 1274 2270 Dei
1290 2244 1400 2278 propitii
1426 2248 1493 2272 nutu
1511 2230 1638 2273 feliciter‘
1656 2246 1779 2281 attigisse

998 2289 1166 2324 gaudemus:
1180 2295 1207 2316 et
1221 2289 1348 2317 eumdem
1363 2290 1521 2326 suppliciter
1530 2299 1652 2324 oramus,
1668 2294 1778 2321 tandem

999 2340 1027 2363 ut
1046 2336 1156 2363 abolere
1183 2336 1387 2370 sanguinariam
1416 2342 1443 2364 et
1471 2338 1581 2372 impiam
1608 2341 1778 2376 tyrannidem

998 2382 1072 2414 velit,
1085 2390 1118 2409 ac
1132 2383 1231 2410 veteris
1243 2384 1347 2410 oraculi
1365 2384 1506 2411 veritatem
1524 2391 1623 2413 eventu
1656 2395 1781 2422 compro-

998 2428 1081 2461 bare;
1095 2435 1150 2463 quo
1161 2428 1294 2456 creditum
1306 2429 1430 2462 pluribus
1457 2438 1472 2457 a
1498 2431 1618 2463 swculis,
1642 2432 1779 2460 Coranum

999 2474 1119 2509 legemve
1138 2473 1301 2502 Mahumetis
1313 2475 1403 2510 gladio
1417 2481 1536 2511 captam,
1566 2478 1655 2514 gladio
1683 2487 1781 2514 propa-

1000 2525 1100 2555 gatam,
1112 2521 1202 2556 gladio
1214 2522 1333 2557 denique
1361 2524 1559 2551 terminandum
1573 2535 1579 2552 :
1596 2530 1625 2552 ut
1650 2525 1783 2561 obstupe-

1002 2573 1082 2594 sccns
1098 2566 1130 2593 ad
1147 2567 1237 2602 operis
1248 2566 1333 2595 divini
1348 2569 1581 2604 magnitudinem,
1592 2577 1619 2598 cl
1633 2571 1739 2599 ell‘usus
1755 2572 1785 2600 in

1002 2615 1117 2650 hymnos
1131 2615 1188 2642 oris
1200 2614 1373 2648 buniversus,
1385 2616 1509 2644 accinat:

676 2692 825 2713 IHIORTALI
841 2692 874 2711 ΕΤ
889 2692 992 2712 ()I‘TUMO
1005 2693 1115 2712 MAXUMO
1133 2692 1185 2712 1)Εο
1204 2692 1262 2712 εοιι

605 2740 688 2760 IIONOS
701 2740 780 2759 OMNIS
801 2740 834 2759 ΕΤ
856 2739 933 2760 οιιδιε
945 2739 1040 2759 οωιιιΑ
1061 2740 1176 2760 ειεςυιις
1192 2740 1328 2762 INFINITLS.
