1961 3070
115 174 168 206 925

453 178 651 210 LEONARDI
674 179 857 211 CHIENSIS
878 181 926 211 DE
944 181 1248 212 EXPUGNATIONE
1269 183 1409 214 CPOLIS.

1697 184 1750 216 926

110 231 199 259 oculis
207 230 357 260 discrimen
370 233 499 261 ultimum
514 235 700 270 etiactnram.
714 235 770 263 Nec
793 236 899 269 dubito,
920 239 939 266 Α
955 245 1039 271 quam
1057 238 1084 265 in
1101 239 1159 266 dies
1170 241 1413 274 exspectabamus,
1431 240 1502 268 ittter
1516 248 1591 275 spent
1609 247 1635 268 et
1648 242 1749 277 despc-

113 279 192 306 Pater
212 283 326 312 sancte,
350 281 526 312 praecessisse
556 290 600 310 me
628 284 750 317 multos,
779 285 826 317 qui
864 284 903 311 rei

112 331 196 360 gestae
211 325 311 352 seriem
331 325 395 353 Tua:
424 326 571 356 Sanctitati
594 330 767 358 retulerunt.
791 330 905 358 Confert

112 371 185 398 enim
203 371 354 398 multorum
372 372 398 399 in
411 380 493 400 unum
509 374 617 402 relatio.
630 374 684 402 Sed
699 375 829 410 quoniatn
843 384 905 410 quae

113 418 173 446 visu
197 418 285 453 magis
299 426 383 454 quam
402 427 464 454 quae
481 420 589 454 auditu,
607 423 701 450 verius
713 428 903 457 exponuntur,

112 463 185 498 quod
199 464 260 492 seio
271 464 369 498 loquar
381 469 423 492 τοι
433 466 505 500 quod
517 466 570 493 vidi
583 487 590 498 ,
602 467 710 495 ﬁdelius
718 468 903 496 contestabor.

146 507 215 537 Cum
247 509 333 545 igitur
363 511 617 540 reverendissimus
654 513 736 540 Pater
767 513 797 540 Ι).
815 514 906 541 cardi-

111 553 184 582 nalis
203 554 365 583 Sabinensis
380 563 431 589 pro
447 557 558 584 natione
572 557 729 586 Graecorum
748 558 865 594 legatus,
877 560 904 586 in

113 600 174 634 ejus
195 600 356 629 famulatum
373 610 416 630 me
435 610 468 630 ex
492 603 562 631 Chio
578 608 714 638 vocasset,
731 612 782 640 ego
797 612 904 633 summa

112 655 176 676 cum
196 649 280 676 animi
297 649 351 676 mel
370 649 524 685 diligentia,
541 656 573 678 ut
588 651 669 679 ﬁdem
682 656 786 679 sanctae
802 652 905 680 Roma-

113 703 156 723 mn
174 695 314 724 Ecclesia.
327 696 438 725 fortiter
455 701 670 732 constanterque
683 718 690 728 .
713 699 751 725 uti
781 699 904 726 debitum

112 742 209 777 exigit,
231 741 405 771 defensarem
417 762 426 775 ,
444 743 589 779 captabam
605 744 721 778 perinde
734 749 762 772 et
776 752 868 773 mores
879 750 906 773 et

113 793 241 816 naturam
251 788 415 817 Graecorum
427 811 435 823 ,
453 790 681 825 argumentisth
695 798 728 818 ac
743 796 904 819 sanctorum

114 835 304 872 theologorum
316 836 398 864 dictis
408 837 527 864 conabar
535 837 699 873 intelligere,
709 837 847 872 quodnam
860 846 906 867 eo-

113 889 175 909 rum
189 886 262 910 esset
287 881 429 916 studium;
447 883 521 918 quod
545 884 728 919 propositum,
744 892 804 919 qua:
820 886 904 912 ratio-

114 936 173 960 nes.
188 929 252 964 quis
275 929 338 958 ﬁnis
355 937 403 958 eos
419 938 434 958 a
450 938 516 958 vera
533 930 715 967 intelligentia
729 951 738 965 ,
754 932 902 968 debitaque

113 975 269 1004 obedientin
288 976 331 1004 vel
355 980 513 1010 revocaret,
527 977 571 1005 vel
595 979 760 1006 retraheret.
775 978 903 1007 intellexi

114 1023 204 1056 plane.
227 1027 328 1057 praeter
363 1024 560 1060 Argyropilum
591 1025 693 1052 artium
732 1024 902 1060 magistrum,

114 1068 295 1104 Theophilum
310 1069 505 1106 Palteologum,
518 1071 808 1108 Hieromonachosque
822 1080 905 1108 quos-

114 1115 176 1142 dam
192 1123 306 1150 paucos,
321 1121 349 1144 et
363 1117 432 1145 alios
447 1117 533 1146 laicos
547 1125 554 1151 ;
572 1118 644 1153 quod
663 1118 778 1147 ambitio
792 1119 904 1149 Graecos

115 1162 192 1197 quasi
201 1170 295 1191 omnes
306 1164 486 1199 captivasset:
500 1169 530 1193 ιιι
542 1173 621 1194 nemo
635 1170 710 1194 esset
725 1167 784 1201 qui,
798 1167 857 1195 zelo
872 1167 899 1194 ll-

116 1209 159 1237 dei
185 1208 225 1236 vel
239 1209 336 1237 salutis
360 1218 417 1238 sua:
444 1216 546 1244 motus,
567 1212 675 1246 primus
691 1212 830 1240 videretur
845 1212 904 1242 ﬁeri

116 1257 186 1285 velle
212 1266 270 1286 suae
300 1258 439 1294 opinionis
468 1263 496 1287 et
523 1261 682 1295 pertinacire
718 1264 902 1296 contentptor.

115 1303 193 1337 Quod
209 1311 276 1332 sane
301 1305 323 1332 si
352 1312 407 1333 non
436 1310 491 1333 tam
516 1313 548 1334 ex
576 1307 637 1334 zelo
660 1306 733 1338 ﬁdei.
757 1312 784 1335 et
810 1314 904 1334 amore

115 1349 280 1378 Christianae
305 1350 463 1386 religionis,
483 1359 565 1387 quam
589 1361 621 1380 ex
645 1353 770 1380 alicctata
785 1352 902 1387 quadam

116 1396 210 1431 gloriae
237 1397 363 1425 humana:
381 1398 533 1433 cupiditate
557 1398 701 1431 fecissent,
727 1407 904 1434 summopere

117 1442 169 1470 hoc
197 1442 308 1470 nomine
347 1443 557 1471 commendandi
595 1448 699 1476 essent,
726 1445 904 1479 ipsorumque

117 1488 207 1517 fervor
233 1490 363 1517 omnibus
381 1489 426 1525 qui
445 1489 558 1518 Christo
585 1498 686 1518 nomen
706 1490 852 1521 dederunt,
878 1495 905 1518 et

115 1535 291 1564 admirationi
313 1540 340 1563 et
356 1536 502 1564 imitationi
524 1537 623 1564 merito
640 1544 702 1564 esse
715 1537 836 1564 deberet.
852 1535 904 1564 Ve-

957 283 1090 310 rationem
1114 285 1280 313 constitutos
1298 293 1360 313 esse
1371 307 1379 313 .
1399 286 1467 321 Spes
1483 286 1515 313 de
1531 291 1578 313 tuo
1590 294 1747 322 exspectato

956 330 1084 357 subsidio
1099 331 1182 358 dabat
1202 331 1349 364 ﬁduciam;
1368 333 1450 359 timor
1466 332 1500 360 de
1517 332 1674 360 Grtrcorunt
1691 343 1752 370 per-

957 375 1057 404 tinacia
1072 376 1293 412 desperationem
1312 379 1488 413 suggerebat.
1510 379 1568 407 lleu
1583 380 1590 407 Ξ
1611 387 1672 414 quae
1688 389 1750 415 Spt's

957 423 985 450 in
1001 424 1102 458 populo
1117 425 1188 452 duro
1214 426 1290 459 gravi
1304 425 1460 461 iniquitate,
1474 426 1520 461 qui
1539 431 1577 454 tot
1595 427 1675 453 annis
1691 427 1750 453 sine

956 470 1012 497 vita
1043 471 1182 505 spirituali
1214 472 1358 500 abscissus
1391 480 1406 499 a
1436 473 1526 507 capite
1550 473 1750 507 permanebat!

957 517 1102 551 Quomodo
1127 526 1179 545 rton
1207 518 1357 554 desperati,
1386 519 1525 554 quomodo
1549 528 1602 546 non
1620 520 1750 554 ahjcctia

958 564 1022 594 Deo,
1033 564 1080 598 qui
1089 564 1175 590 tantis
1185 564 1471 596 dissimilltudinibus,
1483 566 1567 592 tantis
1579 563 1752 595 ﬁctionibus,

960 609 1101 643 tantisque
1120 609 1266 643 scissuris,
1288 611 1322 637 ab
1338 610 1464 638 Ecclesia
1480 611 1598 646 elongati
1613 610 1750 640 Romana.

956 656 984 684 in
999 656 1092 683 cordis
1107 655 1213 683 duritia
1233 661 1459 691 permanserunt.
1472 657 1579 685 Etenim
1593 658 1648 692 jam
1663 657 1750 691 capti-

957 702 1011 729 vati
1022 722 1030 734 ,
1054 703 1133 735 urbe,
1159 703 1280 737 templis,
1293 710 1373 734 auro,
1387 703 1549 738 laribusque
1565 703 1704 738 propulsi,
1722 705 1749 729 in

957 749 1071 777 Latinos
1095 754 1257 785 retorquent
1285 749 1432 780 offensam,
1446 754 1638 778 asseverantes
1653 758 1659 776 :
1674 749 1750 782 Quo-

956 797 1029 825 niam
1044 798 1171 825 unionetn
1185 797 1349 832 (inquiunt),
1366 797 1494 832 iecimus,
1509 805 1672 832 summoque
1683 805 1750 832 pon-

957 844 1024 873 tiﬁci
1040 843 1165 872 Romano
1183 843 1479 872 commemorationem
1500 842 1638 875 deditnus,
1653 843 1752 871 merito

959 891 1132 926 indignatum
1149 890 1233 918 Deum
1251 898 1326 918 esse.

991 938 1013 966 Ο
1031 937 1183 973 pertinaces
1197 937 1341 966 homines!
1354 937 1460 973 inqnio.
1474 936 1501 965 Si
1513 936 1614 964 malum
1633 937 1685 964 hoc
1695 943 1750 969 est,

955 983 1041 1017 prisci
1056 982 1095 1010 illi
1111 982 1240 1016 Basilius,
1254 982 1437 1014 Athanasius,
1453 981 1583 1017 Cyrillus,
1600 981 1748 1016 exterique

958 1029 1066 1062 Patres,
1079 1036 1149 1064 quos
1167 1028 1308 1064 praecipuo
1332 1028 1487 1056 sanctitatis
1511 1028 1614 1056 honore
1639 1027 1751 1062 praeier-

955 1074 1001 1106 tis,
1019 1075 1082 1102 mali
1095 1075 1227 1102 censendi
1243 1079 1319 1107 sunt,
1336 1074 1409 1109 quod
1427 1078 1551 1102 sanctum
1571 1081 1652 1102 unam
1673 1081 1748 1101 eam-

956 1121 1073 1156 demque
1105 1122 1185 1148 litlem
1224 1129 1287 1148 cum
1314 1120 1434 1148 Romana
1461 1120 1592 1154 Ecclesia,
1625 1119 1752 1147 omnium

954 1167 1176 1195 Christianorum
1221 1167 1366 1202 magistra,
1414 1167 1571 1194 coluerunt.
1602 1166 1663 1193 Νοιι
1693 1165 1754 1192 haae

955 1220 1039 1241 causa
1055 1217 1107 1246 est,
1128 1213 1202 1248 quod
1221 1213 1363 1244 unionem.
1379 1213 1425 1240 sed
1442 1211 1515 1248 quod
1536 1212 1666 1240 unionem
1695 1219 1749 1238 non

956 1266 1060 1293 veram,
1077 1260 1124 1288 sed
1147 1260 1240 1288 ﬁctam
1269 1259 1387 1287 fecistis.
1408 1258 1464 1287 liac
1481 1259 1514 1287 de
1535 1266 1565 1285 re
1591 1259 1690 1286 mer-ito
1708 1257 1752 1284 itt-

956 1309 1100 1344 dignatum
1118 1305 1202 1333 Deum
1218 1313 1225 1333 :
1252 1304 1305 1332 hac
1317 1304 1351 1332 de
1368 1304 1480 1337 reiusta
1509 1302 1752 1330 animadversione

955 1355 982 1382 iu
1007 1353 1128 1381 hostium
1158 1358 1258 1379 manus
1293 1358 1344 1378 vos
1385 1357 1446 1378 esse
1476 1351 1618 1377 deductos.
1653 1348 1750 1376 Annon

955 1399 1132 1435 sponsionem
1163 1398 1198 1425 de
1226 1398 1340 1429 unione.
1378 1401 1475 1424 sancto
1497 1396 1655 1431 iuramento
1679 1393 1752 1428 apud

955 1445 1145 1474 Florentinam
1158 1443 1294 1480 synodum
1310 1442 1495 1478 conscriptant
1512 1439 1656 1468 violastis?
1684 1439 1751 1472 ohe;-

955 1493 1085 1522 dicutiam
1106 1491 1286 1519 declinastis?
1312 1490 1474 1518 sententiam
1506 1487 1606 1516 decreti
1633 1486 1753 1514 occulta.-

955 1540 1023 1567 ειίεῖ
1038 1539 1134 1566 Annon
1152 1537 1251 1566 summi
1268 1536 1314 1564 Dei
1330 1536 1418 1564 nuntii
1434 1536 1461 1571 (ο
1487 1534 1574 1562 Graeci
1593 1534 1615 1567 l)
1632 1538 1757 1560 vestram.

115 1581 336 1613 rumenimvero,
367 1587 472 1610 tantum
492 1582 580 1613 abest.
607 1588 635 1610 ut
651 1583 758 1610 laudem
774 1588 800 1609 et
815 1582 903 1609 admi-
920 1597 941 1626 ε
960 1585 1142 1621 perditionem
1167 1584 1271 1619 jugitcr
1302 1581 1508 1618 praedixerunt?
1524 1581 1570 1615 qui
1603 1587 1696 1612 aures,
1723 1583 1755 1606 uti

116 1626 252 1654 rationem
284 1627 383 1655 exinde
408 1632 577 1660 mercantur,
615 1633 643 1655 ut
668 1629 759 1662 potius
784 1628 850 1655 ﬁdes
879 1631 906 1655 et

115 1673 273 1700 constantia
305 1673 430 1708 ipsorum
463 1674 591 1702 omnibus
612 1673 665 1701 hoc
683 1675 793 1701 neruine
808 1673 907 1700 debeat

114 1726 176 1747 esse
202 1725 341 1754 suspecta.
365 1727 425 1748 eum
449 1728 503 1748 non
530 1725 645 1756 propter
673 1720 732 1752 Dei,
757 1719 806 1748 sed
829 1727 905 1748 suam

115 1765 241 1801 ipsomm
255 1766 372 1802 gloriam
387 1773 468 1801 quam
483 1767 620 1801 praecipue
634 1766 794 1801 captabant,
809 1765 906 1801 hujus-

116 1813 189 1841 modi
211 1813 299 1840 zelum
323 1820 378 1848 prze
401 1821 430 1841 se
452 1813 578 1846 tulerint,
595 1813 723 1848 quamvis
736 1813 848 1840 omnino
864 1820 906 1839 re»

115 1861 239 1887 luctante
257 1860 380 1895 ipsorum
395 1864 493 1887 natura
505 1864 535 1887 et
564 1859 715 1887 voluntate.
734 1859 827 1893 Usque
838 1859 906 1886 adeo

116 1913 146 1934 ut
159 1913 192 1933 ex
205 1913 260 1933 una
274 1911 362 1941 parte,
379 1906 412 1933 ad
435 1906 576 1933 fatendum
591 1906 737 1933 articulum
750 1905 907 1940 processio-

116 1954 160 1981 nis
181 1961 196 1980 a
212 1952 282 1980 Filio
296 1953 384 1980 sancti
398 1952 518 1988 Spiritus
529 1958 639 1988 urgeret
650 1960 697 1980 eos
709 1952 880 1980 conscientia
897 1959 905 1985 ;

114 1990 149 2027 ex
160 1998 256 2028 altera.
269 2007 303 2026 ne
317 1999 458 2026 meli0rem
469 1998 572 2031 Latini,
582 2006 664 2033 quam
675 1998 774 2031 Graeci,
789 1998 823 2025 de
834 1997 906 2025 veri-

117 2051 173 2074 tate
185 2045 245 2073 lldei
258 2045 464 2081 intelligentiam
475 2045 574 2072 habere
583 2045 770 2077 crederentur,
780 2043 906 2071 elationis

117 2098 265 2120 tumoreos
274 2092 432 2119 abduceret.
445 2091 546 2119 Verum
558 2091 690 2126 quoniam
703 2099 752 2119 nec
764 2091 845 2123 ratio,
856 2098 907 2118 nec

118 2138 281 2171 auctoritas,
298 2145 349 2165 nec
366 2138 449 2164 varix
465 2135 614 2169 Scholarii,
630 2136 741 2168 lsidori,
759 2135 906 2171 Neophyti-

115 2195 170 2223 que
195 2186 340 2222 opiniones
369 2185 501 2212 adversus
528 2183 660 2211 Romana:
684 2183 813 2211 Ecclesia:
825 2183 905 2211 ﬁdem

117 2239 192 2262 stare
214 2237 352 2269 poterant,
380 2236 472 2259 actum
496 2235 539 2259 est
562 2230 700 2258 industria
724 2235 751 2257 et
772 2229 907 2264 probitate

118 2280 223 2316 praefati
247 2279 354 2307 Domini
373 2278 531 2311 cardinalis,
558 2282 587 2305 ut
601 2282 694 2304 sancta
715 2276 791 2309 unio,
809 2283 907 2304 asseu.

117 2328 204 2354 tiente
221 2326 387 2361 imperatore
402 2328 557 2359 senatuque
573 2322 608 2358 (si
626 2330 678 2349 non
700 2322 760 2349 ﬁcta
780 2321 842 2355 fuit)
860 2321 906 2349 lir-

118 2377 250 2406 rnaretnr,
272 2371 511 2405 celebrareturque
521 2370 642 2397 secundo
655 2369 721 2398 idus
735 2367 905 2402 Decembris,

118 2417 284 2455 Spiridionis
303 2417 427 2453 episcopi
439 2416 528 2444 sancti
538 2416 594 2444 die.

150 2464 244 2499 itaque
256 2471 287 2492 ea
305 2469 414 2500 peracta
424 2483 432 2495 ,
446 2471 507 2490 mox
523 2466 670 2496 tempestas
683 2463 781 2490 Teucri
796 2463 905 2495 oborta,

115 2512 212 2540 urbem
224 2510 478 2545 Constantinopolis
489 2529 497 2542 ,
510 2509 646 2542 Galatatn,
661 2513 816 2544 cteteraque
827 2509 906 2544 adja-

116 2560 206 2588 centia
229 2557 328 2594 oppida
349 2556 511 2584 absorbuit:
530 2561 560 2583 ut
581 2556 693 2583 verbum
714 2555 789 2583 lsaia:
812 2564 906 2583 verum

116 2606 154 2635 sit
168 2604 308 2633 dicentis:
324 2603 474 2638 Tempestas
499 2603 625 2630 conuulsa
646 2604 744 2639 absque
766 2603 823 2630 ulla
846 2611 908 2630 con-

116 2652 259 2680 solutione.
277 2650 337 2685 Qua
365 2653 528 2686 tempestate
549 2658 711 2681 concussus,
729 2658 781 2686 ego
797 2658 908 2686 quoque

117 2704 216 2734 captus
233 2706 295 2727 sum
309 2706 316 2731 ;
338 2702 366 2735 et
378 2705 427 2732 pro
438 2696 582 2725 demeritis
595 2697 665 2725 meis
680 2696 790 2725 vinctus
805 2704 908 2724 czesus-

116 2753 171 2782 que
179 2753 194 2772 a
202 2742 335 2772 Teucris:
350 2751 404 2772 non
416 2743 454 2771 iui
465 2743 564 2779 dignus
573 2752 634 2772 cum
644 2743 756 2772 Christo
766 2743 910 2770 Salvatore

118 2792 228 2827 conligi.
253 2791 426 2819 Remiuiscor
448 2798 526 2826 ergo,
552 2790 710 2819 beatissime
740 2789 832 2822 Pater,
847 2797 908 2817 cum

117 2839 237 2874 primum
250 2839 282 2866 de
292 2838 396 2866 unione
416 2839 486 2866 facta
502 2837 672 2871 Crmcorum,
690 2838 779 2866 eidem
798 2837 910 2864 Sancti-

119 2886 166 2912 ιλιι
178 2883 279 2913 Vestra:
288 2885 419 2920 epistolas
430 2884 562 2914 seriosius
575 2883 768 2916 destinassem,
777 2883 850 2910 inter
857 2881 909 2909 alia

120 2928 238 2961 dixisse:
260 2931 315 2960 Nos
343 2936 452 2968 propter
475 2931 597 2959 futuram
614 2922 909 2964 Tedcribbsidiouem,

959 1632 1043 1667 aspis,
1058 1631 1142 1665 impie
1163 1631 1326 1662 obturastis,
1339 1634 1366 1657 et
1380 1634 1504 1657 sanctam
1534 1627 1684 1654 Ecclesiam
1704 1633 1752 1652 ca-

958 1679 1088 1706 tholicam
1107 1681 1222 1704 matrem
1251 1677 1373 1703 ﬁdelium
1405 1675 1570 1703 obaudistis.
1599 1673 1674 1701 Flete
1703 1673 1750 1699 tui-

958 1724 1045 1752 serias
1058 1728 1162 1750 vestras
1176 1731 1183 1754 ;
1213 1722 1320 1756 arguite
1338 1721 1522 1756 vosmetipsos
1536 1728 1543 1752 ;
1573 1724 1600 1748 et
1616 1728 1670 1746 null
1685 1718 1753 1745 alios

959 1770 1159 1800 condemnetis,
1175 1771 1223 1795 aut
1236 1767 1395 1802 inculpctis.
1412 1766 1470 1794 Mos
1486 1766 1688 1794 obstinatorum
1708 1764 1752 1791 hic

958 1821 1011 1848 est,
1026 1821 1138 1843 sanctos
1163 1814 1307 1848 aspernari
1332 1813 1380 1840 Dei
1398 1812 1531 1840 uuulios:
1552 1812 1601 1842 uti
1622 1810 1752 1838 Scdecias

959 1861 1106 1896 cwteriquc
1118 1859 1205 1887 Judaei
1221 1859 1248 1886 in
1270 1859 1436 1895 Babylonem
1470 1858 1586 1885 traducti
1602 1856 1749 1884 Jcrcmiam

959 1908 1139 1943 direptionem
1155 1907 1401 1942 captivitatemque
1412 1905 1604 1940 praedicentem
1627 1908 1748 1933 contem-

959 1958 1084 1989 pseruut.
1104 1954 1185 1982 Certe
1214 1954 1347 1981 hactenus
1376 1953 1498 1981 stetisset
1529 1951 1616 1984 llion,
1644 1952 1666 1979 si
1681 1952 1754 1980 ϐεδε.

958 2002 1088 2029 sandram
1102 2001 1229 2028 Priamus
1259 2003 1337 2035 pater
1367 1999 1534 2032 audivisset;
1558 1999 1581 2026 si
1603 1999 1755 2033 prophetas.

958 2048 1113 2080 l-lcbra:i,si
1128 2048 1260 2083 Sibyllam
1277 2047 1404 2079 liotnani,
1433 2047 1456 2075 si
1485 2053 1532 2074 vos
1552 2053 1661 2081 quoque
1686 2053 1751 2080 apo-

958 2095 1073 2123 stolicos
1101 2095 1213 2122 nuntius
1248 2094 1351 2120 dudum
1380 2092 1540 2120 audissetis.
1564 2092 1669 2120 idcirco
1696 2100 1755 2123 nor.

958 2142 1059 2169 mirum
1071 2140 1093 2169 si
1116 2142 1141 2168 iu
1160 2149 1267 2176 poenam
1297 2140 1363 2167 tanti
1394 2139 1519 2168 criminis
1533 2140 1670 2174 insperata
1687 2147 1753 2171 mox;

959 2193 1110 2222 tempestas
1125 2187 1260 2217 invaluit;
1275 2194 1356 2220 quam
1372 2186 1475 2221 Spiritu
1491 2190 1588 2213 sancto
1600 2185 1671 2212 docti
1683 2193 1754 2220 (ιυοι

957 2242 1011 2267 que
1027 2241 1041 2260 a
1059 2234 1154 2261 multis
1168 2234 1247 2260 annis
1264 2232 1382 2260 fututam
1399 2240 1460 2259 esse
1476 2232 1666 2267 praedixerant.
1679 2232 1755 2260 Sane

924 2279 945 2306 D
961 2286 991 2307 ιιι
1003 2280 1153 2308 beatissimi
1179 2279 1268 2308 Patris
1296 2279 1400 2307 Nicolai
1418 2279 1510 2314 primi,
1543 2279 1643 2306 summi
1661 2279 1754 2314 ponti:

960 2327 1264 2360 ﬁcis,easecrationem
1291 2326 1318 2353 in
1341 2333 1439 2361 pravos
1462 2325 1573 2354 Graecos
1599 2334 1646 2360 per
1672 2325 1752 2357 illud,

961 2372 1085 2409 Urgentis
1101 2373 1127 2400 in
1147 2373 1248 2400 senium
1264 2372 1356 2399 sata-li
1385 2372 1550 2406 corruptela,
1582 2377 1647 2404 ctc.,
1679 2379 1751 2406 prata

961 2420 1170 2447 termittamus:
1197 2419 1290 2447 tabula
1322 2419 1380 2452 illa,
1412 2426 1493 2453 quant
1525 2417 1608 2445 Leoni
1626 2417 1753 2453 Sapienti.

959 2465 1114 2499 ascribunt,
1131 2466 1202 2500 apud
1228 2465 1431 2493 monasterium
1450 2465 1542 2492 Sancti
1577 2464 1685 2500 Georgii
1714 2465 1754 2493 de

959 2511 1093 2546 Mangana
1137 2515 1307 2544 constructa,
1334 2514 1443 2537 vetusto
1469 2514 1593 2545 tempore
1621 2511 1648 2537 iu
1678 2510 1752 2538 Cons

960 2556 1138 2591 stantinopoli
1151 2556 1288 2583 occultata
1312 2555 1476 2591 mysterioso
1497 2554 1554 2590 jam
1579 2555 1659 2591 signo
1677 2556 1752 2584 tletc-

960 2609 1014 2637 cta,
1031 2604 1164 2637 iacturam
1182 2603 1362 2630 demonstrat.
1391 2601 1465 2636 Haec,
1481 2602 1562 2630 Pater
1578 2603 1749 2636 beatissime,

961 2650 1068 2678 cellulis
1081 2650 1212 2677 distincta
1227 2649 1382 2684 quadratis,
1404 2649 1601 2684 imperatorum
1626 2649 1754 2678 ordinent

961 2695 1221 2730 successioncmque
1255 2694 1387 2729 ponebat,
1416 2694 1566 2722 ﬁniendum
1604 2698 1694 2722 tamen
1724 2695 1752 2720 in

962 2742 1014 2770 hoc
1030 2741 1127 2769 ultimo
1144 2740 1340 2771 Constantino.
1359 2740 1397 2768 ita
1410 2748 1518 2776 quoque
1531 2740 1755 2776 patriarcharum

961 2788 1016 2815 alia
1030 2788 1056 2815 in
1071 2787 1181 2822 longum
1200 2790 1287 2813 tracta
1302 2785 1396 2813 tabula
1406 2786 1528 2814 ordinem
1545 2785 1749 2820 prtescribcbat.

961 2832 1030 2860 Nam
1049 2831 1093 2859 ille
1104 2831 1203 2866 spiritu
1220 2831 1383 2866 prophetico
1397 2831 1551 2859 illustratus
1567 2835 1607 2859 tot
1634 2830 1751 2858 cellulas

967 2878 1174 2914 ﬁgurandorum
1215 2878 1413 2912 imperatorum
1459 2877 1559 2905 tabu'a:
1598 2877 1754 2912 inscripsit,

963 2930 1030 2962 quot
1047 2933 1060 2952 a
1070 2924 1159 2962 primo
1174 2924 1357 2954 Constantino
1371 2924 1482 2962 Magno,
1494 2923 1750 2959 Constantinopolis
