1961 3070
183 157 238 190 927

788 158 985 189 LEONABDI
1002 158 1185 190 CHIENSIS

1758 158 1813 190 928

186 201 340 246 conditore,
354 221 441 249 usque
459 216 492 241 ad
518 214 641 241 ultitnam
666 214 853 249 captivitatem
886 215 970 243 futttri
986 218 1008 246 Α
1024 217 1088 244 Inde
1116 217 1179 252 qttia
1198 217 1286 252 major
1312 218 1466 250 confracta,
1496 218 1568 253 regis
1596 216 1719 244 animant
1745 216 1813 243 allii-

185 265 275 286 erant.
296 260 326 288 In
344 261 402 288 dies
431 261 522 295 itaque
545 261 649 288 eellulzc
667 261 719 288 illa)
747 263 866 296 repleta,
889 269 971 288 unam

187 307 268 333 tnodo
280 310 307 333 ct
319 306 453 339 ultimam,
469 307 496 334 in
511 315 562 342 qua
576 307 632 339 hic,
652 308 703 335 sub
724 316 778 342 quo
791 308 856 336 urbs
878 308 972 343 periit,

189 353 366 380 collocandus
394 358 471 384 erat.
500 353 523 380 si
547 358 696 381 coronatus
724 354 830 387 fuisset,
858 361 972 382 vacuam

187 399 370 431 praetendunt.
399 398 542 427 Morsenus
558 400 682 434 Perinde,
694 400 735 427 vir
753 405 878 432 sanctus,
892 400 975 435 sagit-

188 444 283 469 Iariam
301 448 408 478 gentem
428 449 524 471 contra
540 444 803 480 Constantinopolim
818 450 975 477 venturam,

187 489 267 522 cujus
284 493 391 523 portum
408 490 537 526 inclytum
560 496 680 526 caperet,
696 491 975 525 exterminaudosque

189 535 300 563 Gra‘cos
333 535 440 563 SK‘CIIHS
468 537 562 564 multis
590 541 653 564 ante
674 537 810 572 pra‘dixit.
837 537 976 572 Erythrete

188 581 270 608 etiam
285 585 386 609 nostra:
402 582 434 609 de
445 582 601 610 Graecorum
625 583 732 617 jactura
754 583 915 610 vaticinium
931 584 974 611 le-

189 627 316 656 gentibus
333 632 415 662 patet.
433 627 556 656 Joachim
572 635 661 656 autem
686 630 771 658 abbas
796 638 856 657 meo
871 629 976 664 judicio

189 674 582 709 Constantinopolisjacturam
599 677 625 702 itt
656 675 794 711 Papalista
821 675 974 708 denuntiat,

190 728 251 746 cutn
270 720 335 747 dicit
353 729 361 748 :
385 720 429 748 Va:
451 722 507 751 tibi,
525 722 668 755 seplirollt’s
689 721 812 748 mauilus
828 722 969 754 truncatis,

190 767 267 799 quasi
291 765 394 792 auxilio
411 766 550 794 destitula.
578 766 748 801 Septicollim
774 772 865 793 autent
888 765 975 793 Grzccl

189 811 357 838 ἐπταῦοὖνον
381 817 491 840 vocant.
528 812 627 848 thuid
655 813 736 848 igitur
762 813 874 840 Latinos
897 812 974 840 dam-

191 859 275 885 nant?
289 859 344 886 Cur
357 860 383 886 in
402 861 626 888 uosittrrhuntur
648 868 709 887 euut
734 867 797 887 vera
818 858 975 891 scribimus,

191 910 285 932 contra
298 914 368 940 quos
383 910 423 933 tot
437 903 529 941 aperta
546 906 671 934 vaticinia
695 905 900 940 protestantur?
917 903 976 932 Non

191 958 257 984 creo
274 952 337 979 nuio
354 951 435 984 facta,
451 952 499 980 scd
518 952 584 979 unio
612 952 684 983 ficta,
700 951 733 978 ad
767 950 850 978 fatale
884 949 978 978 urbem

193 998 317 1026 trahebat
343 999 499 1032 excidium;
540 1007 595 1034 qtto
625 998 744 1026 divinam
763 997 830 1024 iram
859 1001 981 1024 matura-

193 1048 247 1070 tam
265 1044 291 1070 itt
306 1044 390 1072 hosce
418 1044 477 1072 dies
492 1045 599 1072 venisse
621 1044 809 1079 cognovimus.
838 1042 980 1070 Excitatus

193 1088 285 1124 itaque
301 1089 327 1116 in
359 1089 477 1118 furorem
506 1089 587 1122 Deus,
610 1090 683 1116 misit
705 1089 860 1116 Mahometh
889 1096 978 1122 regem

194 1135 412 1167 potentissimuut
435 1136 622 1163 Teucrorum:
640 1135 840 1162 adolescentem
870 1133 979 1168 quidem

193 1181 336 1213 audacem.
351 1182 537 1213 ambitiosum,
551 1182 744 1212 temulentum.
758 1180 979 1208 Christianorum

166 1219 168 1221 ’
194 1227 337 1261 capitali-nt
350 1229 455 1255 hostem
471 1236 478 1255 :
492 1228 538 1263 qui
554 1228 639 1255 Nonis
656 1227 755 1262 Aprilis
769 1232 831 1254 ante
843 1226 981 1254 Constan-

195 1272 322 1306 tiuopol's
341 1277 526 1307 prospectum,
549 1281 611 1301 cum
630 1272 760 1300 tercentis
773 1276 800 1299 et
824 1273 896 1299 ultra
921 1271 980 1298 util-

196 1318 267 1344 libus
277 1322 459 1352 pugnatorum
473 1319 499 1346 in
511 1327 578 1354 gyro
589 1325 666 1346 terrae
674 1323 764 1346 castra
774 1319 982 1354 papilionesque

195 1364 316 1390 conlisit.
330 1364 427 1392 Milites
435 1365 536 1399 majore
547 1363 816 1399 numerolcquestres,
826 1370 980 1400 quanquam

197 1418 291 1437 omnes
305 1410 409 1444 pedites
428 1411 513 1445 magis
531 1411 732 1446 expugnabant.
755 1410 828 1438 Inter
838 1417 908 1445 quos
938 1418 982 1444 pe-

197 1458 268 1484 dites
280 1457 312 1483 ad
330 1457 399 1491 regis
413 1456 566 1484 custodiam
585 1457 706 1491 deputati
724 1455 850 1488 audaces,
871 1456 918 1490 qui
948 1455 982 1482 ab

197 1502 340 1530 elementis
361 1502 507 1530 Christiani
534 1507 580 1529 aut
605 1501 825 1529 Christianorum
858 1500 916 1532 filii,
940 1507 983 1528 re-

199 1554 317 1577 trorsum
334 1549 472 1582 conversi,
494 1549 559 1577 dicti
586 1549 722 1581 Genizari,
738 1553 767 1576 ut
797 1548 868 1583 apud
895 1548 982 1575 Mace-

198 1595 297 1621 douent
326 1594 522 1630 Myrmidones,
557 1594 636 1629 quasi
654 1594 809 1630 quindecim
828 1594 924 1621 millia.
943 1593 982 1621 Ad

199 1640 308 1667 tertium
325 1646 416 1668 autem
438 1642 523 1674 diem,
549 1647 657 1676 captato
674 1641 749 1668 urbis
762 1641 826 1672 situ,
844 1641 985 1668 machinas

201 1688 357 1715 innumeras
367 1688 568 1723 craticulasque
580 1697 612 1716 ex
629 1688 754 1724 virgultis
778 1687 985 1721 viutinibusquc

201 1739 342 1761 contextas
357 1735 577 1762 circummuralis
594 1735 693 1761 vallum
720 1734 819 1768 quibus
834 1738 986 1768 pugnantes

203 1786 371 1815 tegerentur,
387 1780 497 1808 fossatis
521 1781 650 1808 admovit.
681 1779 791 1807 Initium
815 1778 986 1806 confusionis

202 1826 252 1853 hoc
263 1832 385 1854 nostrum
403 1826 463 1858 fuit,
478 1827 563 1862 utqui
586 1827 647 1855 telis
678 1827 923 1861 machinarumque
946 1825 986 1852 la-

201 1873 310 1907 pidibus
336 1873 413 1908 juxta
432 1873 525 1901 datutn
552 1873 675 1900 ordinem
708 1873 815 1900 eminus
838 1870 986 1906 repellendi

201 1925 290 1954 erant,
308 1921 440 1956 neglectis
464 1921 589 1956 singulis.
608 1921 733 1948 cominus
754 1920 909 1955 proximare
929 1927 988 1955 pcr-

202 1968 346 1995 niiserunt.
359 1967 475 1995 Tantum
492 1976 585 1995 eorum
600 1968 726 1996 ordinem
747 1967 914 1996 instruendis
928 1975 987 1994 nta-

201 2014 301 2045 chinis.
326 2018 428 2041 tantant
460 2013 714 2048 promptitudinem,
738 2018 838 2041 tantam
867 2013 987 2041 acicrum

203 2060 402 2095 providentiam
416 2061 528 2096 quidam
546 2066 591 2088 aut
609 2060 712 2095 Scipio,
726 2065 772 2088 attt
794 2060 923 2091 Annibal,
942 2063 990 2087 aut

204 2107 326 2134 utoderni
342 2107 405 2134 belli
418 2107 500 2135 dttces
515 2107 641 2135 admirati
659 2106 785 2136 fuissent.
801 2106 854 2134 Sed
865 2107 925 2141 quis
940 2107 990 2134 ob-

202 2162 291 2186 secro,
309 2153 525 2181 ctrcuntvallavit
537 2153 719 2188 urbemiqui,
737 2153 789 2181 nisi
802 2154 894 2188 perfidi
911 2153 990 2181 Chri-

202 2200 283 2228 stiani
295 2200 449 2227 instruxere
460 2199 523 2226 Ten.
534 2199 594 2226 rosl
609 2199 696 2226 Testis
710 2206 782 2231 sum,
801 2199 872 2233 quod
887 2198 989 2231 Graeci,

202 2248 275 2283 quod
290 2246 390 2279 Latini,
407 2246 479 2282 qttod
496 2245 635 2277 Germani,
657 2246 815 2278 Pannones,
830 2244 936 2276 Boetcs.
956 2253 988 2272 ex

203 2295 324 2323 omnium
334 2293 551 2321 Christianorum
564 2292 720 2328 regionibus
731 2292 843 2319 Teucris
855 2290 990 2319 commisti

203 2349 285 2376 opera
296 2347 389 2368 eorum
401 2339 532 2374 iidemque
542 2338 696 2366 didicerunt
706 2340 765 2373 :qui
774 2338 919 2365 immanius
931 2337 990 2364 fidei

202 2387 367 2416 Christiana:
380 2386 458 2415 obliti
480 2386 576 2413 turbent
596 2386 800 2420 expuguahant.
819 2382 840 2412 0
853 2384 929 2419 itnpii
944 2384 991 2419 qui

203 2435 342 2461 Christum
357 2433 533 2469 abnegastisl
551 2441 567 2460 ο
578 2432 708 2460 satellites
725 2431 899 2464 Antichristi,
915 2431 993 2458 dam-

205 2479 260 2505 nati
273 2478 468 2513 gehenualihus
481 2478 611 2506 flammis!
627 2483 734 2513 tempus
746 2477 797 2505 hoc
807 2482 925 2505 vestrum
937 2473 1005 2505 est.’

205 2525 326 2559 Satagite
340 2532 439 2560 augere
450 2525 527 2553 vobis
537 2533 644 2560 poenas,
660 2531 730 2559 quas
744 2524 824 2551 litatis
839 2529 966 2552 aeternas.
981 2524 992 2557 ι

241 2570 404 2598 llurribilem
416 2571 528 2606 perinde
537 2571 725 2602 bombardam,
737 2578 892 2605 quanquant
904 2570 992 2605 major

205 2617 269 2650 alia,
281 2624 342 2651 quae
363 2616 502 2644 confracta
519 2617 579 2650 fuit,
597 2625 679 2651 quam
697 2617 741 2644 vix
756 2616 836 2644 boum
855 2616 992 2651 quinqua-

205 2664 281 2697 ginta
293 2667 402 2690 cculum
416 2663 480 2698 juga
493 2663 638 2693 vehebant.
653 2664 685 2690 ad
698 2667 802 2698 partem
818 2662 890 2689 illam
902 2669 992 2688 tuur0<

205 2718 265 2738 rum
287 2709 464 2743 simplicium,
481 2717 542 2744 qua:
558 2716 609 2736 nec
624 2709 745 2741 fossatis,
766 2716 815 2736 nec
829 2707 992 2736 autemurali

207 2756 359 2790 tutabatur,
375 2755 544 2791 Calegariam
568 2755 681 2787 dictant,
698 2755 821 2791 ﬁgentes,
838 2753 929 2788 lapide
945 2753 992 2787 qui

206 2803 303 2837 jalmis
313 2803 437 2830 undecim
453 2810 485 2830 ex
496 2803 564 2831 meis
580 2801 699 2829 ambibat
712 2802 738 2828 in
752 2808 827 2837 gyro,
845 2810 876 2828 ex
890 2807 922 2827 ea
935 2807 994 2827 mu-

205 2858 267 2876 rum
281 2849 472 2877 conterebant.
483 2849 549 2877 Erat
561 2854 649 2876 tantcn
662 2856 757 2876 tnurus
769 2847 890 2881 perlatus
902 2845 994 2874 fortis-

206 2902 270 2930 que,
296 2894 341 2930 qul
368 2899 457 2923 tamen
483 2895 615 2923 machina:
639 2898 692 2921 tam
715 2892 839 2922 horribili
868 2891 992 2921 cedebat.

1024 262 1126 294 ctabat,
1159 270 1193 290 ne.
1229 263 1342 290 tristitia
1371 263 1398 290 in
1428 268 1504 290 tanto
1539 263 1688 291 certamine
1721 263 1812 291 attice-

1025 313 1112 340 retur,
1144 309 1227 344 jussit
1259 317 1321 337 mox
1351 309 1434 337 aliam
1462 310 1542 344 longe
1574 309 1687 344 majoris
1718 309 1813 337 formae

1025 355 1160 383 conﬂari:
1191 365 1284 391 quam,
1308 361 1337 384 ut
1364 357 1452 388 aiunt.
1476 356 1614 383 industria
1652 356 1814 384 Calihascim

1026 400 1179 428 consularis
1212 401 1327 429 Baronis
1356 401 1437 428 amici
1468 401 1578 431 artifex.
1614 408 1752 435 nunquam
1779 402 1827 428 ad-

1025 445 1175 480 perfeetum
1204 447 1345 478 conduxit,
1362 447 1425 474 aliis
1449 447 1634 474 mediocribus
1660 446 1814 474 innumeris

1026 491 1157 518 collidere
1190 493 1284 520 urbem
1312 493 1648 526 maehiuisundequaque
1674 492 1816 520 conaban-

1027 540 1082 563 tur.
1115 537 1233 572 Selopis.
1272 538 1437 573 spingardis,
1472 539 1671 570 zarbatltanis,
1704 538 1814 571 fundis,

1027 583 1134 618 sagittis
1159 585 1216 611 dies
1250 590 1400 618 noctesque
1431 592 1524 612 muros
1559 584 1741 618 hominesque
1763 591 1815 610 no-

1027 634 1100 657 stros
1137 630 1272 657 vexabant
1299 632 1519 664 mactabantque.
1546 629 1717 657 Existimavit
1743 630 1814 657 enim

1029 674 1116 702 hostis
1138 675 1309 703 Christianos
1327 683 1389 703 esse
1404 683 1516 709 paucos,
1530 683 1600 710 quos
1613 676 1723 703 assidua
1750 683 1815 711 pro-

1029 724 1115 747 tratos
1130 720 1312 755 fatigatosque
1339 729 1426 756 pugna
1451 722 1543 749 urbem
1566 722 1635 748 ttteri
1656 729 1708 748 non
1727 729 1815 756 posse.

1028 764 1214 801 ignominioso
1226 766 1307 799 igitur
1322 766 1422 794 factum
1445 770 1503 799 est,
1524 772 1553 793 ut
1572 767 1662 801 primo
1684 767 1729 794 illo
1752 775 1818 794 cett-

1030 819 1139 847 gressu,
1156 810 1254 838 Teucri
1270 811 1442 839 obstaculum
1461 819 1515 839 nott
1537 812 1699 839 invenerint.
1727 812 1762 838 At
1790 812 1818 839 in

1030 858 1090 885 dies
1105 858 1240 885 doctiores
1251 858 1338 885 nastri
1354 858 1432 890 facti,
1453 866 1581 893 paravere
1609 863 1703 886 contra
1728 858 1818 886 hostes

1034 904 1263 935 machinamenta,
1276 912 1335 938 quae
1348 909 1437 931 tamen
1453 911 1534 931 avare
1551 903 1696 931 dabantur.
1725 902 1818 932 Pulvis

1034 953 1092 976 erat
1104 950 1165 977 nitri
1181 949 1314 981 modicus,
1324 950 1449 983 exiguus,
1461 949 1512 977 tela
1528 950 1650 976 modica:
1665 950 1818 976 bombardat

1034 995 1056 1023 si
1073 996 1199 1029 aderant,
1215 995 1440 1023 incommoditate
1459 995 1510 1023 loci
1535 996 1654 1030 primum
1671 996 1763 1023 hostes
1775 996 1820 1023 of-

1035 1040 1156 1073 fendere.
1168 1041 1340 1068 maceriebus
1353 1041 1491 1076 alveisque
1502 1045 1599 1073 lectos,
1610 1049 1663 1068 non
1680 1046 1818 1076 poterant.

1035 1087 1103 1114 Nam
1120 1086 1143 1114 si
1160 1095 1220 1122 qua:
1234 1094 1344 1122 magum
1358 1090 1447 1119 erant,
1465 1094 1498 1114 nc
1514 1093 1609 1114 murus
1626 1090 1820 1120 concuterqtur

1036 1140 1139 1168 noster,
1160 1135 1356 1170 quiescebant:
1373 1134 1510 1162 interdum
1523 1133 1550 1161 in
1567 1141 1671 1161 cuneos
1699 1134 1820 1160 hostium

1035 1183 1154 1214 emissae,
1166 1182 1334 1212 ethontines.
1348 1185 1375 1208 et
1388 1181 1504 1208 tentoria
1516 1181 1748 1208 exterminabant.
1761 1179 1820 1207 Non

1035 1229 1108 1256 cnim
1125 1229 1153 1256 in
1164 1236 1263 1256 vanum
1279 1228 1460 1263 iaciebantur,
1476 1235 1546 1260 quas
1563 1227 1647 1254 illisas
1664 1227 1758 1254 hostes
1773 1227 1822 1253 dc-

1036 1276 1139 1302 clinare
1152 1282 1206 1302 non
1233 1278 1368 1309 poterant.
1382 1274 1474 1308 ltaque
1497 1273 1631 1300 cadebant
1653 1272 1753 1299 Teucri
1773 1272 1820 1299 icti

1036 1322 1120 1349 aeneis
1129 1321 1189 1348 telis
1198 1320 1396 1355 lapidibusque.
1405 1319 1625 1346 Vulnerahantur
1633 1319 1747 1346 clnoslri
1758 1328 1765 1346 :
1775 1319 1821 1354 qui

1040 1366 1205 1402 quandoque
1216 1366 1316 1393 vallum
1329 1365 1514 1399 egredientes,
1525 1365 1557 1391 ad
1571 1372 1670 1392 manus
1679 1365 1823 1392 decertan-

1037 1418 1078 1441 tes
1092 1418 1120 1440 et
1142 1412 1303 1441 occidebant
1324 1417 1350 1439 et
1364 1411 1571 1439 occidebantur.
1587 1411 1706 1438 Victoria
1723 1419 1754 1438 ex
1772 1411 1823 1439 hcc

1035 1459 1141 1493 tequius
1161 1459 1302 1494 tyronibus
1325 1458 1436 1489 nostris,
1458 1457 1530 1492 quod
1545 1457 1755 1492 egrediebantur
1771 1457 1824 1484 im-

1036 1505 1138 1540 pavidi,
1151 1512 1232 1539 quant
1245 1503 1357 1531 Teucris
1368 1504 1492 1531 dabatur.
1506 1502 1604 1530 Verum
1614 1504 1740 1537 qttoniam
1753 1503 1825 1529 malo

997 1563 1018 1592 α
1037 1552 1092 1579 fato
1108 1551 1226 1579 Joannes
1251 1550 1361 1585 Longus
1376 1549 1533 1581 Januensis,
1557 1550 1590 1577 de
1604 1549 1823 1577 Justinianorum

1036 1598 1163 1633 prosapia
1177 1597 1294 1629 ,duabus
1314 1605 1376 1624 cunt
1393 1597 1507 1624 navibus
1527 1596 1714 1631 suisntagnis,
1735 1601 1761 1623 et
1780 1604 1826 1623 ar-

1037 1643 1118 1671 matis
1131 1643 1241 1671 circiter
1253 1643 1459 1678 quadringentis
1472 1650 1546 1670 mare
1556 1642 1739 1674 decursitans,
1755 1641 1825 1669 forte

1031 1689 1161 1720 ‘Veuiens.
1177 1689 1313 1723 stipendio
1331 1689 1466 1724 ascriptus
1488 1688 1670 1722 imperatoris.
1696 1688 1824 1715 ducatum

1037 1735 1140 1762 militia:
1154 1734 1287 1767 obtinuit;
1299 1739 1409 1762 strenue
1419 1735 1562 1762 defettsare
1573 1735 1669 1762 urbem
1682 1734 1768 1765 visus,
1781 1742 1825 1761 re-

1038 1781 1170 1816 parationi
1180 1781 1369 1809 demolitorum
1377 1789 1514 1809 murorum
1525 1782 1680 1816 vigilantius
1688 1781 1828 1808 incumbe-

1037 1828 1082 1855 bat
1100 1837 1106 1854 :
1127 1828 1223 1856 Teucri
1240 1828 1360 1855 animum
1390 1828 1515 1863 viresque
1530 1827 1657 1855 deludere
1672 1827 1826 1854 videbatur.

1038 1874 1105 1902 Nam
1133 1879 1237 1910 quanto
1264 1875 1351 1905 hostis
1380 1875 1452 1903 mole
1468 1875 1586 1909 ingentis
1610 1874 1707 1909 lapidis
1731 1881 1827 1900 muros

1037 1919 1287 1953 conterelnat,tanto
1300 1919 1343 1947 hic
1351 1919 1501 1947 animosius
1510 1919 1666 1949 sarmentis,
1678 1920 1771 1951 humo,
1781 1926 1829 1944 va-

1039 1964 1133 1999 sisque
1147 1965 1261 1992 vinariis
1272 1965 1506 2000 intercompositis
1523 1965 1678 1999 reparabat.
1709 1964 1767 1997 Qua
1792 1964 1827 1991 de

1039 2019 1069 2038 re
1082 2009 1206 2038 Teucrus
1230 2011 1354 2043 delusus,
1370 2011 1501 2046 cogitavit
1523 2019 1575 2038 non
1605 2010 1768 2038 cessandum
1792 2009 1827 2037 ab

1041 2057 1142 2084 ictibus
1158 2056 1364 2089 machinarum;
1389 2057 1436 2084 sed
1463 2056 1566 2084 fortiori
1587 2063 1665 2089 ettra,
1690 2056 1828 2083 subterra-

1041 2103 1100 2131 neis
1116 2103 1191 2131 cavis
1206 2102 1292 2130 furari
1310 2103 1415 2130 urbem.
1437 2102 1602 2130 Minerarum
1614 2102 1746 2134 fossores,
1758 2109 1827 2136 quos

1041 2158 1074 2178 ex
1105 2157 1176 2178 novo
1209 2149 1288 2178 brolo
1326 2149 1495 2177 conduxerat
1527 2148 1671 2183 magistros
1700 2147 1827 2175 accersiri

1041 2196 1134 2231 jussit.
1150 2196 1244 2231 Lignis
1257 2195 1501 2230 instrumentisque
1511 2193 1632 2222 advectis
1643 2194 1735 2221 solerti
1749 2201 1826 2226 cura,

1044 2244 1082 2272 uti
1101 2244 1273 2279 imperatum,
1290 2246 1380 2270 aetum
1404 2246 1457 2274 est,
1471 2247 1499 2268 ιιι
1528 2249 1589 2268 mox
1617 2249 1664 2275 per
1687 2240 1829 2268 cuniculos

1045 2293 1185 2318 tentarent
1201 2289 1376 2317 fundamenta
1390 2287 1527 2315 suffodere
1543 2292 1744 2322 penetrareque
1770 2294 1829 2313 out-

1043 2336 1172 2363 nifariuut
1191 2335 1267 2363 urbis
1283 2342 1402 2362 murum.
1424 2334 1458 2360 At
1470 2341 1531 2360 cum
1557 2341 1571 2359 a
1601 2332 1784 2360 fundamentis
1803 2332 1830 2366 (0

1043 2390 1099 2410 rem
1116 2382 1267 2409 mirabilem
1281 2381 1300 2416 ι)
1319 2381 1435 2416 primttm
1447 2379 1502 2414 jant
1517 2379 1616 2406 vallum
1628 2378 1831 2406 etantenturale

1043 2428 1170 2455 ntirando
1213 2435 1275 2454 cunt
1319 2425 1429 2454 silentio
1467 2425 1683 2457 subcavasseut;
1717 2423 1831 2451 Joannis

1043 2474 1153 2502 Grande
1171 2473 1307 2506 Alemani,
1324 2472 1459 2508 ingeniosi
1477 2472 1580 2504 militis.
1600 2480 1690 2499 rerutn
1722 2471 1831 2498 bellica-

1044 2529 1105 2548 rum
1122 2519 1288 2550 doctissimi,
1310 2526 1390 2553 quem
1405 2517 1526 2546 Joannes
1538 2517 1709 2545 Justinianus
1730 2516 1834 2544 militia:

1045 2567 1098 2593 dux
1115 2566 1305 2593 centurionem
1318 2564 1500 2597 conduxerat,
1529 2564 1662 2591 industria
1675 2568 1701 2592 et
1729 2565 1836 2599 sagaci-

1045 2617 1100 2640 tate
1116 2620 1185 2646 opus
1200 2612 1337 2640 detectum
1366 2615 1407 2638 est
1424 2620 1431 2638 :
1447 2610 1707 2646 exploratorumque
1733 2610 1759 2638 id
1787 2610 1834 2637 fir-

1045 2664 1148 2687 matutu
1159 2658 1302 2689 relatione,
1318 2658 1423 2685 animos
1440 2657 1562 2685 omttiunt
1573 2657 1729 2684 commovit.
1746 2656 1834 2685 Gra‘ci

1045 2714 1107 2734 cum
1124 2706 1224 2742 dudum
1241 2704 1412 2737 Barsicltam,
1435 2704 1536 2736 Amnti,
1567 2704 1736 2738 Antoratque
1755 2703 1834 2739 geni-

1047 2757 1133 2779 torem
1151 2752 1243 2786 hujus,
1262 2750 1383 2786 pristinis
1400 2750 1479 2778 hellis
1499 2750 1602 2777 frustra
1632 2750 1774 2777 laborasse
1806 2750 1833 2777 in

1047 2799 1168 2826 cavanda
1180 2799 1246 2826 urbe
1260 2798 1464 2833 cognovissent.
1493 2796 1662 2832 impossibile
1688 2804 1736 2830 per
1760 2796 1835 2824 ltunc

1048 2845 1105 2873 fieri
1123 2852 1202 2880 posse
1213 2844 1398 2872 affirmabant.
1408 2843 1529 2877 Quorum
1547 2843 1640 2876 opinio
1652 2835 1690 2871 ex.
1701 2843 1764 2870 facti
1776 2843 1836 2871 evi-

1047 2890 1139 2918 tientia
1152 2890 1269 2919 confusa
1287 2894 1340 2918 cst.
1365 2889 1458 2925 ltaque
1473 2887 1624 2925 penetralia
1653 2888 1709 2916 ha-c
1732 2889 1834 2917 nostris
