1961 3070
136 119 191 156 929

688 128 737 158 ne
760 103 1060 161 exrueua'rtoaa
1077 130 1220 162 CPOLIS.

1720 127 1772 159 930

133 181 388 211 τεθοητοδείουῖδυε
411 183 529 218 deme”.
559 185 653 213 urbem
673 195 727 214 “0n
754 188 848 215 lwsert‘
869 197 877 216 :
894 189 928 216 li-
942 193 967 221 Α
981 191 1075 226 irrigat
1091 195 1191 219 terram
1218 200 1226 220 :
1242 192 1326 219 Detur
1344 188 1587 225 summupoutiﬂei
1604 195 1771 215 commemo-

134 236 237 255 morem
254 233 345 256 tamen
364 230 502 264 ingentem
532 239 546 258 a
578 231 764 260 fundamentis
796 233 923 261 confossa

134 275 229 307 turris,
243 275 339 310 ligneis
358 277 436 312 stylis
451 277 624 306 bituminalis
639 278 744 311 innixa,
774 280 854 307 nobis
884 281 926 307 iu-

133 321 211 348 ussit.
229 321 282 348 Sed
299 326 328 348 ιιι
342 330 386 349 res
409 323 438 350 in
457 323 547 351 lucem
565 325 649 357 venit,
666 325 786 360 repulsis
803 326 866 360 igne
898 331 926 354 et

134 367 267 401 sulphure
292 368 418 396 hostibus
429 377 448 399 ,θ
463 371 576 398 latebris
593 376 795 406 reconstrncta,
817 380 878 400 mox
893 374 926 400 ti-

135 420 237 441 morem
258 416 391 444 excussit.
408 415 568 452 Composuit
584 418 697 453 perinde
714 419 818 454 ligneas
836 424 926 448 turres

131 461 208 495 juxta
228 463 340 495 vallum,
359 464 441 491 humo
454 465 558 500 plenas.
578 466 696 500 pellibus
713 467 793 494 bottm
809 463 927 495 circuat-

134 512 234 538 tectas.
251 513 296 537 ‘ex
315 509 415 544 quibus
445 510 559 539 lossatis
587 512 657 540 clam
684 517 784 540 terram
803 514 927 549 quisqui-

134 555 240 589 liasque
252 560 281 582 ut
298 556 387 584 facilis
404 557 444 584 eis
462 558 538 585 ﬁeret
556 559 708 593 ingressus,
726 560 925 588 immittebant.

133 601 229 629 Crates
247 602 344 630 deinde
363 603 526 631 innumeras
540 612 571 631 ex
584 605 711 640 virgultis
722 607 927 642 vintinibusqne

134 653 289 681 contextas,
305 655 395 678 cattos
411 651 546 685 oblongos
567 653 851 688 scalasque'rotatas.
863 662 928 682 cur—

135 703 182 722 rus
214 697 372 724 eastellatos
401 698 521 733 taliaque
542 699 772 731 machinamenta.
802 709 863 736 quae
883 701 926 729 vix

134 740 248 768 Romani
262 743 394 770 adversus
413 743 513 771 Poenos
526 745 760 772 construxissent.
775 745 927 773 Bumbarda

134 793 264 820 prmterea
283 789 326 816 illa
346 789 451 823 ingens,
467 798 499 818 eo
514 791 587 825 quod
608 790 783 826 Caligaream
815 797 928 820 strenue

136 839 289 868 reparatam
313 836 448 864 adversus
478 845 532 864 non
550 837 705 872 proliceret,
724 837 807 864 alium
836 838 926 865 locum

977 237 1092 265 rationis
1103 238 1202 270 honos,
1215 238 1262 265 sed
1273 239 1413 266 decretum
1428 237 1593 265 Florentium
1608 235 1703 272 synodi
1719 243 1772 262 non

978 284 1091 320 legatur.
1104 284 1158 312 Cur
1170 286 1230 318 hoc,
1253 285 1416 320 hypocrita?
1431 284 1464 312 Ut
1481 285 1604 311 deleatur
1616 283 1728 318 (inquit)
1740 290 1772 309 ex

978 331 1099 364 decreto,
1112 332 1185 366 quod
1197 333 1316 366 Spiritus
1330 337 1443 360 sanctus
1456 340 1486 359 ex
1500 331 1580 362 Filio.
1596 331 1774 365 quemadmo-

977 377 1041 404 dum
1054 385 1086 405 (ιιι
1103 376 1181 404 Patre
1196 378 1327 412 procedit.
1347 378 1401 404 Cur
1413 378 1489 407 item.
1501 377 1661 412 hypocrita?
1676 384 1709 402 ne
1727 383 1772 403 er-

979 431 1055 451 rasse
1070 423 1215 451 videantur
1227 424 1326 456 Graeci,
1342 424 1364 450 si
1379 422 1472 450 dicant
1491 423 1560 450 duos
1577 423 1666 449 sancti
1684 420 1771 455 Spiri-

979 474 1022 497 tus
1032 469 1224 505 productores.
1235 468 1287 497 Sed
1296 478 1344 496 cur
1353 470 1463 500 iterum.
1475 470 1599 502 obsecro,
1609 467 1771 504 hypocrita?

979 513 1018 541 Ne
1037 514 1118 541 detur
1135 514 1161 541 ei
1178 515 1223 548 qui
1239 519 1323 541 totatn
1338 514 1390 541 sibi
1419 521 1451 540 ex
1467 513 1555 540 ollicio
1574 517 1682 547 captare
1696 512 1772 545 cupit

979 559 1112 594 gloriam;
1132 560 1290 587 intendebat
1303 568 1335 586 ex
1365 568 1417 586 una
1447 564 1522 593 parte
1547 555 1717 589 Scholarius,
1739 565 1771 584 cx

979 606 1062 633 altera
1077 606 1217 638 Chirluca,
1239 606 1405 640 quandoque
1430 605 1463 632 ad
1490 605 1662 640 praesentiam
1686 609 1773 631 semet

979 652 1158 687 apostolicam
1183 651 1317 684 conferre,
1351 657 1378 679 ut
1409 652 1436 678 bi
1452 656 1544 678 essent
1565 652 1610 685 qui
1639 650 1688 677 soli
1715 657 1770 677 rem

980 698 1148 725 intellexisse
1166 697 1336 729 viderentur,
1354 698 1457 732 quique
1485 697 1564 732 primi
1593 696 1770 723 laudarentur

980 748 1062 772 tanta:
1079 743 1191 771 unionis
1223 749 1360 772 auctores.
1387 745 1526 771 Adversus
1554 743 1626 770 enim
1652 743 1771 777 legatum

981 790 1057 817 multi
1081 790 1183 817 invidia
1210 790 1335 817 clanculo
1365 790 1578 824 torquebantur.
1605 789 1674 822 Ergo
1695 789 1773 814 dixit

980 834 1132 868 Paterisne,
1153 843 1168 862 ο
1188 836 1353 870 imperatori
1387 841 1412 861 ιιι
1432 836 1489 862 luce
1517 835 1631 861 ambitio
1662 833 1770 860 scindat

134 881 298 908 liaelatinczn
315 883 410 912 turris.
443 883 521 917 juxta
551 882 646 910 San'ti
677 884 790 911 llonmni
822 888 927 919 portam
943 870 966 899 Β
982 881 1142 912 Ecclesiam.
1157 885 1186 908 ut
1198 881 1280 915 hujus
1291 880 1329 907 rei
1342 880 1427 914 gratia
1439 879 1528 906 divina
1556 879 1594 905 ira
1612 879 1697 913 magis
1718 885 1774 904 ma-

135 927 197 954 indc
224 927 348 960 dimota,
382 929 470 962 lapide
503 929 528 955 in
561 937 591 956 ea
622 930 805 957 aestimatione
846 931 923 957 mille

137 972 319 1000 ducentarum
332 973 462 1000 librarum
473 975 592 1002 interdiu
602 975 717 1008 collidit,
726 975 853 1002 collisum
865 983 932 1003 con—

135 1018 203 1045 cutit
217 1027 224 1045 :
239 1026 402 1045 concussum
432 1021 604 1046 exterminat.
635 1019 722 1046 Ruina
749 1020 835 1048 turris
850 1024 931 1048 ante-

135 1064 250 1092 muralis
265 1065 397 1093 lossatum
412 1066 498 1100 replet
519 1069 663 1100 :equatque
677 1074 684 1093 :
696 1066 731 1092 ila
744 1071 774 1093 ut
790 1066 831 1092 via
845 1067 931 1093 hosti-

135 1111 199 1143 bus.
217 1119 269 1146 qua
284 1111 434 1139 decurrere
444 1116 569 1146 possent.
584 1116 668 1138 strata
684 1116 859 1139 cerneretur:
876 1113 930 1140 nisi

135 1157 313 1190 quiaconcite
323 1157 484 1187 introrsum.
496 1157 534 1184 nti
545 1158 571 1184 in
582 1157 732 1192 Caligarem
742 1158 928 1190 demolitione,

136 1203 272 1238 reparatio
283 1203 352 1230 facta
364 1203 472 1235 fuisset,
486 1203 558 1230 haud
571 1203 654 1231 dubio
666 1203 767 1238 impetu
781 1204 875 1229 urbem
890 1203 931 1230 in-

136 1253 265 1276 trassent.
285 1248 378 1284 Itaque
396 1249 520 1277 Teucrus
534 1249 701 1282 demolitum,
716 1257 794 1283 quam
811 1249 928 1284 primum

137 1298 318 1321 restauratum
337 1298 366 1322 ut
378 1296 519 1330 conspexit
534 1304 661 1323 muwnt:
683 1295 741 1323 Non
760 1295 928 1327 Graecorum,

137 1341 236 1375 inquit,
252 1341 299 1368 sed
317 1341 486 1369 Francorum
506 1342 556 1369 hoe
572 1342 711 1376 ingenium
734 1346 787 1374 est,
804 1347 833 1369 ut
855 1346 927 1368 tanta

137 1386 294 1413 resistentia
314 1386 369 1418 liat,
387 1390 464 1414 tanta
481 1395 570 1421 pugna
586 1395 592 1415 :
607 1395 675 1422 quos
695 1395 746 1414 nec
778 1387 929 1413 innumerae

135 1433 252 1467 sagittw,
289 1440 337 1459 ncc
359 1433 551 1460 machinarum
582 1433 789 1468 ligneorumquc
820 1437 927 1459 castro-

138 1487 197 1505 rum
213 1479 322 1511 horror,
339 1487 388 1506 nec
405 1479 565 1506 intermissa
580 1479 707 1506 obsessio
726 1479 855 1506 deterret.

171 1525 294 1561 Agebaut
307 1527 408 1554 inti-rea
423 1527 536 1558 Galatae.
551 1528 608 1554 sive
619 1525 762 1557 Perenses.
772 1532 927 1561 quanquam

138 1574 308 1608 prudentius,
316 1582 348 1601 nc
366 1574 393 1601 in
402 1573 568 1608 Propontide
577 1577 697 1600 castrum
707 1573 851 1600 struxisset
862 1571 931 1598 Teu-

137 1628 212 1653 crus,
230 1620 374 1648 sollicitam
399 1620 558 1655 providendi
575 1626 669 1646 curatn
687 1626 759 1645 nunc
778 1624 930 1648 armorum,

138 1675 211 1695 nunc
236 1667 363 1699 militum,
375 1667 502 1694 clanculo
514 1671 614 1697 tamen,
627 1673 661 1692 ne
674 1664 755 1697 hosti,
768 1665 814 1699 qui
835 1670 929 1697 pacem

137 1722 200 1741 cum
214 1714 255 1741 eis
270 1714 429 1745 sinmlabat,
443 1713 610 1740 innotuisset
625 1720 633 1740 :
649 1719 709 1746 qua:
725 1719 769 1738 res
786 1710 930 1742 tenuisset,

139 1767 173 1786 ne
198 1760 329 1786 auxilium
355 1759 467 1794 posthac
483 1757 585 1786 Graecis
603 1757 730 1784 conferre
761 1755 930 1790 potuissent.

140 1806 186 1833 Sic
201 1806 327 1832 simulata
346 1806 391 1831 illa
406 1813 456 1839 pax
483 1805 544 1831 urbi
563 1803 596 1831 ad
616 1809 725 1837 tempus
745 1801 856 1837 proluit.
872 1801 929 1835 Ego

136 1850 323 1886 fudiciolneo,
338 1850 364 1877 ni
379 1849 467 1882 l‘allor,
481 1849 599 1877 arbitror
610 1854 729 1883 apertam
742 1855 869 1883 guerram
883 1847 934 1875 Pe-

141 1898 268 1924 rensihus
287 1905 301 1922 a
319 1896 407 1931 primo
420 1897 613 1929 salubriorem,
628 1903 708 1930 quant
724 1896 812 1922 ﬁctam
826 1902 932 1929 pacem.

140 1943 254 1976 Quidam
272 1942 392 1970 Teucrus
409 1950 495 1976 neque
513 1947 644 1974 castrum,
657 1942 730 1975 quod
748 1940 932 1968 demolitionis

139 1996 233 2016 corum
244 1996 324 2016 causa
339 1988 399 2019 luit.
416 1988 598 2020 coudidisset,
609 1995 695 2021 neque
712 1994 840 2020 gucrram
859 1991 935 2022 post-

142 2037 192 2062 hac
219 2039 273 2062 tam
303 2036 455 2061 terribilem
480 2034 629 2061 intulisset.
655 2031 850 2061 OGenuenses
876 2033 931 2067 jam

140 2081 340 2117 quodammodo
356 2080 487 2113 cieurati;
504 2080 551 2107 sed
562 2081 640 2112 sileo,
657 2087 691 2107 ne
703 2081 735 2106 de
749 2079 815 2106 meis
826 2079 932 2113 loquar,

140 2135 210 2162 quos
225 2126 329 2154 externi
346 2134 407 2153 cum
422 2126 537 2153 veritate
553 2124 714 2160 dijudicant.
730 2123 781 2151 Ubi
799 2129 863 2152 sunt
879 2124 932 2158 pri-

140 2175 178 2201 sci
196 2173 289 2208 inrlyti
301 2168 471 2205 Genuenses,
491 2172 536 2206 qui
554 2171 687 2204 Galatam,
698 2171 813 2198 accincti
831 2170 931 2205 gladio,

984 929 1083 963 gisque
1102 927 1200 955 merito
1215 927 1400 955 accendatur?
1418 927 1472 954 Cur
1493 934 1545 952 non
1558 934 1572 952 e
1589 925 1676 951 medio
1692 925 1775 959 perti-

982 983 1065 1003 naces
1081 975 1118 1002 illi
1135 975 1285 1002 tolluntur?
1297 974 1481 1008 Acquicscere
1514 974 1662 1007 imperator
1686 973 1772 1002 visus,

983 1020 1225 1055 metropolitasque
1241 1020 1427 1052 Scholarium,
1438 1020 1587 1051 lsidorum,
1602 1018 1772 1054 Neophytum

981 1064 1195 1099 complicesque,
1222 1064 1328 1098 iudices
1367 1065 1523 1096 constituit,
1550 1066 1631 1091 verbo
1652 1065 1772 1098 quidem,

983 1118 1037 1136 non
1072 1109 1154 1136 facto.
1188 1109 1254 1137 Nam
1282 1111 1304 1137 si
1336 1110 1593 1144 pusillanimitatcm
1626 1110 1773 1143 imperator

982 1159 1161 1191 excussisset,
1195 1158 1266 1185 hanc
1304 1157 1364 1184 Iidci
1403 1157 1558 1184 illusionem
1594 1157 1770 1182 vindicasset.

982 1205 1032 1238 Qui
1049 1206 1120 1232 cnim
1146 1205 1314 1235 hominibus.
1345 1204 1400 1231 Deo
1417 1208 1520 1238 spreto,
1540 1203 1704 1235 complacet,
1721 1203 1774 1228 nti-

984 1260 1036 1286 que
1055 1251 1248 1279 confundetur.
1274 1250 1425 1278 Coercendi
1442 1250 1550 1284 quidem
1572 1249 1609 1275 illi
1623 1254 1710 1279 erant,
1727 1249 1773 1282 qui

981 1298 1003 1324 si
1019 1297 1145 1328 fuissent.
1173 1297 1297 1324 morbum
1312 1295 1471 1331 pestiferum
1499 1302 1552 1321 non
1568 1300 1773 1329 propagassent.

983 1344 1036 1371 Sed
1054 1344 1160 1378 ignoro,
1180 1347 1307 1370 utrumne
1325 1342 1482 1375 imperatur,
1503 1346 1549 1367 aut
1575 1340 1679 1371 iudi:-cs
1699 1340 1775 1365 dan--

982 1389 1062 1416 uandi
1092 1389 1191 1422 quibus
1212 1387 1391 1415 correctionis
1416 1387 1502 1422 virga,
1519 1393 1675 1420 quanquim
1693 1386 1774 1412 milia:

981 1434 1214 1466 intercessissent,
1248 1433 1352 1460 aberat.

1009 1482 1174 1509 Continuata
1202 1479 1285 1514 igitur
1312 1478 1466 1507 obsidionis
1492 1482 1663 1512 tempestate,
1681 1477 1775 1504 clausa

944 1543 965 1572 ο
981 1529 1059 1557 urbe.
1079 1527 1258 1554 ducentarum
1274 1530 1300 1553 cl
1318 1526 1513 1560 quinquaginta
1534 1526 1668 1551 l'nstarum
1681 1533 1712 1551 ex
1731 1525 1776 1549 «ιι-

985 1576 1071 1602 versis
1083 1575 1165 1606 Asina,
1180 1572 1314 1605 Thraciat,
1327 1571 1462 1607 Pontique
1475 1572 1612 1598 littoribus
1626 1575 1777 1598 contranr-

982 1622 1043 1649 bent
1057 1621 1188 1655 disposita
1202 1620 1299 1647 classis
1313 1619 1384 1646 venit
1397 1627 1404 1646 :
1417 1618 1486 1645 inter
1495 1626 1563 1652 quas
1578 1618 1703 1645 triretnes
1717 1626 1776 1650 sex,

982 1675 1009 1696 et
1024 1669 1115 1695 decem
1134 1667 1268 1695 biremes:
1289 1667 1461 1701 septuaginta
1490 1666 1602 1699 reliquae
1625 1666 1702 1693 iustae
1715 1666 1776 1692 unis

983 1714 1187 1745 banchoremis;
1198 1713 1299 1749 cymba:
1312 1713 1392 1739 etiam
1405 1713 1577 1747 barculzeque
1585 1713 1733 1747 sagittariis
1742 1712 1775 1738 ad

984 1760 1194 1788 ostentationem
1207 1759 1294 1794 plenae
1305 1759 1474 1786 vehebantur
1489 1767 1496 1786 :
1513 1767 1573 1793 qua:
1587 1759 1708 1786 cinctum
1729 1767 1776 1786 ca-

983 1813 1045 1834 tena
1064 1811 1172 1841 portum
1185 1811 1211 1833 et
1227 1805 1354 1832 manibus
1365 1806 1492 1832 rostratis
1504 1805 1572 1832 bene
1586 1807 1711 1837 armatis,
1722 1805 1776 1833 Ge-

983 1853 1130 1880 nuensium
1142 1856 1257 1886 septem,
1269 1851 1440 1879 Cretensium
1459 1852 1551 1879 tribus
1564 1851 1720 1885 colligatum
1735 1851 1776 1878 in-

985 1904 1056 1928 trare
1069 1907 1123 1927 non
1133 1899 1266 1933 valentes,
1275 1899 1366 1926 utiuus
1378 1898 1411 1925 ad
1425 1897 1512 1926 stadia
1524 1903 1635 1925 centqu
1654 1897 1776 1932 Propon—

984 1947 1048 1974 tidis
1064 1946 1123 1981 ripa
1139 1946 1274 1973 attchoras
1291 1946 1389 1980 ﬁgunt.
1414 1945 1447 1972 Et
1464 1953 1525 1971 cum
1543 1943 1699 1978 proximare
1721 1952 1775 1970 non

984 1993 1126 2025 auderent,
1141 2000 1215 2019 mare
1227 1999 1242 2018 ε
1257 1991 1337 2025 longe
1351 1991 1499 2022 sulcantes,
1511 1989 1658 2024 lignatuina
1673 1988 1779 2023 aliaque

985 2039 1204 2067 machinamenta
1214 2037 1313 2065 castris
1320 2028 1474 2072 opportuna
1485 2035 1659 2063 deferebant.
1671 2035 1704 2061 At
1716 2043 1776 2062 cum

984 2087 1106 2114 Teucrus
1120 2085 1274 2120 tribusjam
1288 2085 1316 2111 in
1331 2085 1397 2112 locis
1409 2091 1560 2111 concussos
1572 2082 1708 2116 lapidibus
1718 2091 1779 2110 mu-

986 2141 1031 2160 ros
1044 2132 1182 2160 machinis
1193 2131 1342 2166 dissiparet
1357 2140 1363 2158 :
1379 2133 1530 2157 memoratu
1545 2128 1689 2165 cujusdam
1704 2129 1778 2155 inlidi

985 2179 1135 2207 Christiani
1154 2186 1185 2205 ex
1205 2177 1274 2204 colle
1286 2177 1404 2204 biremes
1418 2175 1607 2203 intromittcrc
1623 2179 1712 2202 curat.
1733 2174 1780 2201 Est

140 2219 234 2255 utiqui
253 2215 419 2254 reparabant
433 2217 661 2253 Hierosolymam.
678 2217 879 2244 condiderunt?
895 2217 933 2244 illi
952 2216 973 2242 D
989 2226 1062 2253 enim
1077 2229 1171 2260 pmlus
1183 2224 1238 2257 me,
1255 2222 1413 2250 beatissime
1428 2222 1520 2253 pater.
1533 2222 1560 2249 in
1572 2221 1683 2256 tongum
1695 2229 1781 2254 ang..-

138 2264 294 2294 cumelluso
306 2272 404 2292 cruore
418 2269 443 2290 ct
459 2271 530 2294 tere;
545 2271 595 2291 vos
607 2271 642 2291 ne
656 2271 693 2290 res
705 2269 826 2291 vestrum
843 2264 935 2298 cupidi

139 2318 165 2339 et
178 2312 339 2347 sanguinem
351 2310 536 2343 cll‘underetis,
546 2318 608 2337 cum
618 2311 743 2337 vecordia
754 2310 825 2336 illam
839 2310 938 2337 mundo
973 2317 975 2319 ‘

139 2360 265 2387 decorate
275 2357 547 2388 Tencrotradidistis.
556 2357 578 2385 si
589 2362 678 2384 tamen
686 2358 791 2384 tradere
800 2357 937 2392 potuistis.

177 2407 231 2434 Sed
262 2407 302 2442 (ut
332 2405 476 2434 historiam
502 2405 713 2440 prosequamur)
742 2403 844 2431 interea
874 2404 937 2430 fati-

141 2455 195 2488 gati
234 2453 320 2481 nostri
353 2453 387 2480 de
419 2452 548 2488 prrcsidio
565 2451 732 2478 dillidebant.
757 2449 825 2477 Nam
848 2458 937 2486 neque

139 2511 170 2528 ex
186 2501 294 2533 Genua,
311 2507 400 2534 neque
413 2508 445 2526 ex
462 2498 597 2532 Venetiis,
617 2499 719 2533 quibus
746 2499 826 2533 (pace
839 2505 935 2525 eorum

140 2549 247 2583 dicam)
263 2547 333 2574 mitti
350 2546 457 2580 debui',
489 2545 624 2572 auxilium
641 2545 810 2572 mittebatur.
845 2544 938 2580 Neque

140 2593 250 2620 aliunde
263 2600 325 2628 spes
343 2598 414 2623 erat,
436 2592 487 2619 nisi
505 2600 537 2618 ex
551 2591 605 2618 Deo
619 2588 699 2626 cujus
715 2592 760 2627 qui
776 2591 937 2627 prudentius

139 2639 292 2667 larditatem
307 2639 482 2671 metiebatur,
498 2647 530 2666 cx
546 2638 676 2674 mysterio
692 2639 749 2665 lieri
762 2639 936 2671 autumabat,

140 2686 212 2720 quod
230 2685 390 2718 inﬁdelitas,
405 2685 538 2720 irreligio,
559 2692 711 2720 magnaque
723 2685 838 2712 crimina
851 2685 935 2712 Deum

139 2733 235 2768 potius
262 2732 420 2760 irritabaut.
451 2731 530 2765 Vide,
559 2731 719 2759 beatissime
744 2732 835 2764 Pater,
853 2740 934 2766 quam

141 2779 265 2814 dignum,
296 2785 379 2812 quam
409 2782 514 2805 rectum
541 2778 696 2813 judicium!
751 2777 934 2805 Cclebraruut

143 2823 271 2850 unionem
286 2822 375 2851 Grmci
388 2831 465 2857 voce,
482 2823 529 2851 sed
545 2831 627 2859 opere
639 2824 785 2858 negabant.
815 2825 934 2851 Aiebant

148 2869 258 2904 quidem
277 2874 429 2906 magnatcs,
447 2877 562 2905 quorum
579 2878 658 2898 rruor
671 2870 761 2898 hostili
774 2870 798 2906 gl
810 2870 863 2898 idio
879 2870 934 2906 jam

990 2277 1118 2307 sttnnque
1127 2277 1282 2307 protractus
1296 2280 1304 2300 :
1320 2271 1399 2305 cuius
1413 2269 1574 2297 orientalem
1587 2268 1691 2303 plagam
1703 2268 1782 2294 colil-

989 2324 1059 2355 gata:
1072 2327 1154 2346 naves
1165 2323 1191 2346 el
1204 2323 1300 2345 catena
1311 2317 1487 2344 muniebant:
1505 2315 1568 2342 inde
1581 2314 1705 2342 hostibus
1721 2314 1780 2341 adi-

991 2372 1034 2394 tus
1050 2365 1228 2400 impossibilis
1259 2368 1329 2392 erat.
1346 2364 1437 2396 Quare
1456 2367 1484 2389 ut
1506 2366 1699 2395 eoangustaret
1725 2361 1781 2388 cir-

989 2412 1220 2445 cumvallerctque
1245 2411 1332 2445 magis
1347 2408 1548 2442 urbcm,jussit
1561 2407 1631 2434 invia
1647 2414 1756 2440 requare
1771 2417 1778 2434 :

990 2466 1078 2493 exque
1091 2457 1162 2484 colle
1179 2456 1330 2491 suppositis
1347 2454 1439 2482 lenitis
1454 2453 1529 2481 vasis
1541 2452 1703 2480 lacertorum
1720 2461 1780 2483 sex.

989 2505 1022 2532 ad
1038 2504 1126 2531 stadia
1142 2503 1315 2538 septuaginta
1332 2501 1404 2528 trahi
1421 2500 1549 2534 biremes,
1573 2509 1634 2536 qua:
1663 2509 1781 2528 ascensu

990 2550 1100 2585 gravius
1117 2549 1242 2581 sublatae,
1263 2547 1378 2581 posthac
1397 2554 1430 2574 ex
1443 2547 1521 2582 apice
1537 2547 1565 2574 in
1582 2547 1730 2579 declivem,
1746 2547 1779 2573 ad

989 2597 1076 2631 ripatn
1090 2596 1167 2623 sinus
1178 2594 1316 2622 levissime
1333 2592 1484 2621 introrsum
1499 2594 1680 2621 vehebantur.
1692 2592 1779 2626 Quam

989 2642 1138 2669 novitatem
1173 2646 1250 2676 puto,
1287 2638 1452 2668 Venetorum
1491 2647 1576 2673 more,
1613 2648 1645 2668 ex
1685 2639 1783 2666 Carda:

989 2689 1060 2720 lacu,
1090 2689 1114 2715 is
1135 2687 1182 2721 qui
1206 2686 1351 2714 artificium
1383 2686 1499 2714 Teucris
1538 2686 1676 2721 patefecit,
1712 2684 1781 2712 didi-

988 2740 1074 2764 cerat.
1093 2735 1130 2763 ita
1147 2742 1197 2762 nos
1212 2735 1299 2770 magis
1327 2733 1429 2767 territi,
1457 2733 1644 2768 cogitabamus
1660 2739 1706 2758 eas
1732 2735 1781 2758 aut

989 2783 1051 2816 igne
1066 2785 1114 2808 aut
1130 2781 1219 2816 lapide
1230 2780 1427 2808 exterminare.
1443 2779 1496 2807 Sed
1523 2786 1611 2814 neque
1635 2779 1686 2806 hoc
1715 2785 1780 2812 pro-

988 2827 1058 2854 fuit:
1082 2833 1165 2854 naves
1182 2825 1234 2853 illae
1260 2826 1372 2860 majoris
1397 2824 1551 2852 nocumenti
1580 2823 1659 2850 nobis
1689 2827 1783 2856 erant,

991 2872 1125 2900 machinis
1147 2872 1328 2907 undcqoaqae
1347 2876 1449 2899 tutatzc.
1465 2870 1510 2898 Sic
1523 2869 1579 2904 jam
1596 2869 1702 2904 perdito
1718 2876 1783 2904 pur-
