1961 3070
133 112 188 144 933

688 111 736 141 DE
754 108 1059 142 EXPUGNATIONE
1082 108 1228 140 CPOLIS.

1707 113 1764 148 93L

133 173 168 197 tae
176 168 267 197 saccis
286 168 347 196 lana
367 168 456 204 plenis
469 175 565 200 naves,
582 167 658 202 prius
673 175 704 195 ex
723 167 860 195 machinis
876 174 923 194 ac-
939 169 961 197 Α
976 167 1143 194 excedebant
1160 175 1168 194 :
1192 166 1299 200 reliqui,
1315 167 1373 194 sive
1384 166 1557 200 Geunenses,
1576 168 1635 196 sive
1657 166 1765 203 Veneti,

133 217 257 252 ciperem
268 215 388 250 lapidum
415 215 497 242 ictus.

171 263 203 289 At
214 261 334 289 Jacobus
347 260 450 292 Cocha,
462 262 504 287 vir
516 260 647 293 Venetus,
658 264 792 287 armatam
805 267 838 287 ex
851 266 920 286 nau-

137 308 171 336 tis
181 308 338 335 triremium
348 306 516 334 Venetarum
527 306 696 340 imperialem
712 305 845 333 biremem
859 305 923 340 jux-

137 359 164 382 ta
179 354 304 382 ordinem
321 354 425 385 datum,
441 354 534 388 gloria:
552 360 579 381 et
590 353 704 380 honoris
721 352 832 384 avidus,
849 352 924 379 laxa-

136 402 171 427 tis
192 399 287 431 remis,
312 399 522 433 praevenientem
561 399 724 430 convertit;
747 404 865 432 moxque
894 401 924 426 ut

136 447 170 473 ab
182 446 306 474 hostibus
315 444 437 472 cernitur
445 444 509 479 (heu
520 445 526 471 l
539 452 648 479 gravem
659 448 761 471 sortem
772 443 793 478 ι)
814 450 829 470 e
846 443 923 470 bom-

137 492 221 518 barda
232 490 320 525 lapide
331 490 421 516 medio
430 495 587 525 penetratur
600 497 607 516 :
623 497 684 517 cum
698 489 824 516 omnibus
835 495 924 515 arma-

136 537 172 564 tis
185 544 294 570 :eqnore
305 536 417 563 biremis
430 536 606 563 absorbetur.
624 535 683 563 Heu
697 535 703 562 l
720 535 801 561 Pater
820 533 922 561 beatis-

136 583 214 613 sime.
237 589 319 617 grave
336 580 486 608 discrimen
503 585 533 607 ut
554 589 609 608 uno
639 580 694 608 ictu
714 579 832 614 Neptuni
846 579 924 606 furor

139 627 314 654 immerserit.
329 626 436 654 Etenim
452 633 495 653 res
505 626 563 653 haec
572 626 680 653 detecta
698 625 838 659 relataque
853 624 925 651 Teu-

137 675 192 702 cris
202 674 268 709 agit,
278 673 380 700 utdum
397 672 482 700 nostri
498 676 642 707 percutere
653 670 833 706 voluere,ipsi
848 670 924 705 prius

141 720 264 756 percussi
290 719 359 747 sint.
381 718 434 746 Sed
444 718 510 754 Quid
524 718 624 751 dicam,
649 717 807 745 beatissime
827 715 926 744 Pater?

136 767 311 793 Accusare-ne
339 765 491 800 quempiam
513 764 599 793 licet?
629 764 765 792 silendum
790 763 856 790 mihi
871 767 926 790 est.

137 813 190 845 Qui
205 819 288 839 casus
298 819 362 838 acer
371 811 437 838 bum
454 811 559 838 luctum
574 811 675 838 nostris
689 810 783 843 dedit;
800 816 827 837 et
852 809 925 836 unde

137 859 274 889 exierunt,
292 863 377 884 naves
387 864 449 884 cum
461 855 625 885 confusione
641 856 766 884 retraxit.
794 854 834 883 Ex
848 862 923 882 mer-
938 873 962 903 Β

138 904 176 931 sis
195 904 259 931 Inde
271 906 486 938 supernatautea
497 902 609 937 quidam
620 902 653 929 ad
672 902 750 929 littus
774 903 921 937 capiuntur

138 950 172 977 ab
188 949 322 982 hostibus,
341 955 411 983 quos
425 949 525 983 impius
541 956 588 976 rex
606 953 670 977 ante
681 949 778 976 ocu105
810 955 922 975 nostros

139 995 170 1023 iu
186 995 306 1022 crastino
320 994 449 1022 decollari
460 994 554 1029 jussit.
571 994 661 1022 Nostri
677 994 842 1026 exacerbati,
853 1001 923 1028 quos

140 1041 275 1068 habebant
289 1041 410 1076 captivos
424 1040 452 1066 in
467 1039 723 1072 carcere,Tcucros
739 1039 772 1067 ad
791 1047 881 1066 muros
896 1038 923 1066 in

139 1095 250 1115 suorum
263 1091 409 1122 prospectu
421 1086 568 1114 immanius
586 1087 727 1114 trucidant
744 1094 752 1118 ;
765 1086 861 1121 sicque
873 1085 925 1112 im‘

139 1134 225 1168 pietas
241 1133 402 1161 crudelitate
418 1134 560 1160 comntista
572 1134 671 1160 bellum
686 1133 807 1160 atrocius
827 1132 901 1159 fecit.

177 1179 321 1207 Simulavit
345 1181 459 1213 posthac
477 1178 598 1206 Teucrus
611 1187 705 1214 pacem
724 1179 814 1207 facere
839 1179 924 1211 velle;

141 1226 362 1261 exploratoribus
376 1226 632 1253 ﬁctereferentibus
660 1226 824 1260 paenituisse
852 1234 925 1260 eum,

141 1272 213 1307 quod
228 1279 352 1306 guerram
365 1273 443 1307 quasi
453 1272 610 1299 stimulatus
623 1272 658 1300 ab
670 1271 926 1308 ngarisiutcntas-

140 1324 182 1346 set
199 1319 371 1354 :statuitque
390 1319 611 1346 caduceatorem.
630 1319 682 1346 Sed
702 1318 760 1346 haec
789 1326 833 1347 res
863 1327 929 1346 con-

140 1366 201 1393 ﬁcta
215 1365 315 1400 patuit:
328 1365 391 1399 quia
399 1373 449 1392 nec
462 1365 587 1392 demoliri
603 1365 734 1401 oppidum
746 1365 819 1400 quod
831 1366 856 1392 in
865 1365 929 1393 Pro-

141 1410 253 1446 pontide
267 1411 376 1442 struxit,
393 1418 443 1438 nec
461 1416 618 1439 restaurare
635 1419 696 1446 qua:
711 1415 841 1443 vastarat,
868 1419 929 1447 per-

142 1457 278 1483 mittebat.
311 1455 447 1491 Quodque
463 1456 548 1490 magis
563 1456 689 1492 angebat,
709 1456 850 1483 inlidcutia
869 1462 929 1483 erat

143 1500 251 1533 Teucri,
264 1501 511 1536 quijusjuraudnm
522 1500 664 1536 fmdusque
679 1509 816 1536 nunquam
837 1508 929 1528 serva-

977 220 1040 240 cum
1059 212 1103 240 his
1116 213 1164 247 qui
1177 220 1210 240 ex
1232 213 1296 239 Pera
1313 213 1385 239 clam
1401 213 1433 240 ad
1451 213 1610 247 prmsidium
1641 222 1767 243 accesse-

984 262 1062 288 rant.
1075 258 1118 285 vix
1134 266 1271 285 summam
1300 258 1381 285 triutn
1405 259 1519 286 millium
1534 260 1687 293 aequabant.
1713 262 1766 289 Sed

977 304 1043 339 quid
1058 304 1163 338 agimus
1173 305 1199 331 in
1212 311 1259 331 ore
1274 304 1381 331 leonis?
1396 305 1460 339 qu'd
1476 306 1621 333 formicaln
1635 313 1681 334 ore
1691 309 1768 334 ursi?

978 350 1043 385 quid
1056 358 1127 377 unus
1139 354 1235 378 contra
1248 351 1321 377 mille
1337 351 1348 377 ι
1364 350 1469 378 Etenim
1484 354 1571 379 nostri
1592 353 1635 379 vix
1672 353 1765 380 urbem

978 400 1063 431 ponto
1076 400 1203 430 terraque
1214 395 1354 424 obsessam
1377 398 1673 432 circumvallatamque,
1686 407 1767 433 quam

977 441 1129 470 octodecim
1159 442 1285 470 milliaria
1303 442 1534 476 complectuntur,
1559 445 1729 472 mtlniebant.

1015 487 1079 520 Sed,
1097 495 1113 513 ο
1131 487 1287 515 Graecorum
1301 488 1479 523 impietatem,
1497 498 1513 516 o
1530 491 1626 524 patria:
1645 491 1768 525 prodito-

980 540 1034 565 res,
1049 541 1064 559 ο
1079 540 1177 560 avaros
1195 533 1281 568 lquos
1291 541 1351 561 cum
1367 541 1554 568 saepenumero
1567 537 1694 572 Iacrymis
1703 543 1768 571 per-

979 578 1057 606 fusus
1068 579 1148 613 inops
1164 578 1313 614 imperator
1325 585 1450 614 rogasset
1462 585 1545 615 utpro
1559 581 1692 609 militibus
1703 591 1767 609 con-

978 624 1110 654 ducendis
1123 625 1266 659 pecuniam
1282 630 1450 656 mutuarent.
1460 627 1589 661 jurabant
1602 635 1632 655 se
1659 628 1766 662 inopes.

978 669 1186 704 exhaustosque
1213 670 1329 705 penuria
1357 675 1523 704 temporum.
1558 680 1629 707 quos
1652 675 1768 707 posthac

979 716 1132 743 ditissimos
1140 716 1227 744 hostis
1240 717 1356 744 invenit.
1364 717 1386 742 Δ
1402 717 1495 752 paucis
1503 718 1681 746 nihilominus
1690 727 1766 754 quaa-

979 762 1043 789 dant
1061 763 1187 790 ultronea
1204 762 1309 790 oblatio
1325 762 1397 789 facta
1409 767 1463 791 est.
1487 763 1640 791 Cardinalis
1675 764 1767 791 herebo

980 815 1062 836 omne
1076 809 1194 836 studium
1211 807 1334 836 adhibuit
1347 809 1373 836 in
1385 808 1495 837 ferenda
1506 817 1568 845 ope.
1583 812 1611 838 in
1624 811 1766 839 firmandis

980 855 1103 882 turribus
1115 859 1144 882 et
1161 862 1252 882 muro.

1010 899 1080 933 Quid
1095 904 1184 927 autem
1203 901 1355 935 imperator
1371 903 1516 937 perplexus
1539 906 1614 937 agat,
1640 902 1765 937 ignorat;

974 947 1092 974 consulit
1107 947 1244 979 barones;
1263 949 1383 975 suadent
1397 956 1451 976 non
1469 949 1608 976 molestari
1623 950 1695 976 sive:
1719 957 1767 976 an-

975 992 1065 1026 gustia
1086 993 1218 1026 temporis
1232 1000 1240 1026 ;
1254 993 1302 1020 sed
1321 994 1513 1021 recurrendum
1528 995 1561 1022 ad
1591 1003 1680 1022 saera.
1709 996 1767 1022 Au-

976 1036 1040 1064 ferri
1054 1037 1135 1072 igitur
1146 1038 1292 1065 etcoullari
1302 1039 1390 1073 jussit
1400 1047 1432 1067 ex
1447 1038 1534 1067 sacris
1547 1040 1656 1075 templis
1671 1047 1769 1068 sancta-

976 1082 1023 1110 Dei
1040 1080 1117 1114 vasa,
1136 1084 1216 1111 sicuti
1233 1083 1372 1112 Romanos
1392 1092 1442 1120 pro
1456 1086 1621 1114 necessitate
1635 1087 1769 1120 temporis

976 1129 1074 1157 fecisse
1090 1129 1313 1165 legimus,exque
1327 1131 1367 1159 eis
1378 1132 1525 1165 pecuniam
1544 1131 1680 1166 insigniri,
1692 1133 1765 1159 dari-

977 1183 1030 1209 que
1044 1175 1189 1208 militibus,
1209 1176 1361 1204 fossoribus
1386 1178 1688 1212 constructoribusque,
1718 1179 1768 1213 qui

980 1229 1034 1248 rem
1044 1229 1133 1253 suam,
1146 1230 1199 1248 uon
1209 1222 1344 1257 publicam
1355 1223 1535 1254 attendentes.
1549 1223 1600 1251 nisi
1609 1232 1642 1251 ex
1653 1224 1770 1251 denario

979 1267 1180 1299 convenissent,
1197 1269 1229 1295 ad
1241 1276 1310 1303 opus
1323 1267 1363 1296 ire
1375 1269 1548 1298 recusabant.
1568 1269 1700 1305 Angustia
1717 1270 1767 1304 lgi-

979 1317 1023 1340 tur
1039 1313 1156 1340 amictus
1170 1313 1328 1347 imperator.
1348 1314 1489 1348 dispositis
1509 1315 1538 1342 in
1555 1315 1765 1349 propugnaculis

979 1359 1123 1392 militibus,
1134 1359 1222 1394 quoad
1234 1360 1332 1393 potuit,
1343 1361 1515 1388 antemurale
1523 1361 1613 1388 solum
1623 1361 1698 1388 urbis
1709 1361 1766 1388 val-

980 1405 1091 1439 lumque
1102 1410 1144 1432 sat
1157 1406 1298 1432 videbatur
1316 1407 1399 1433 tutari
1419 1413 1510 1440 posse.
1535 1405 1638 1434 Bellum
1660 1408 1766 1442 itaque,

981 1453 1116 1486 paucitate
1125 1461 1234 1480 suorum
1248 1452 1384 1485 dillideus,
1400 1453 1496 1480 tolerat
1510 1457 1556 1481 :et
1568 1461 1644 1488 spem
1654 1461 1766 1482 omnem

981 1501 1008 1527 in
1021 1500 1127 1528 Joanne
1147 1501 1303 1529 Iustiniano
1323 1501 1449 1537 prafecto
1466 1503 1599 1537 reposuit.
1619 1502 1690 1530 Bene
1706 1503 1765 1538 qni-

143 1552 196 1574 rat.
215 1547 268 1574 Cur
283 1547 364 1581 igitur
380 1555 475 1582 pacem
489 1547 587 1581 qmerit
616 1548 746 1575 immanis
777 1553 803 1575 et
830 1547 929 1575 inﬁdus
941 1548 964 1579 (Ξ
981 1547 1042 1574 dem
1054 1548 1076 1576 si
1091 1547 1144 1575 fata
1154 1549 1363 1576 secundassent.
1375 1547 1457 1577 Juxta
1471 1557 1536 1584 ergo
1546 1557 1575 1577 se
1585 1549 1680 1577 eodem
1691 1550 1768 1585 capi:

143 1591 230 1619 hestis
240 1591 252 1618 ?
263 1591 471 1624 Percunctatns,
483 1600 515 1618 ex
530 1599 604 1619 more
619 1599 681 1620 esse
694 1592 826 1626 intellexi,
840 1597 867 1619 ut
881 1599 931 1619 an-

145 1642 254 1672 trquam
271 1642 409 1665 certamen
428 1637 554 1671 generale
569 1638 756 1669 committant,
775 1638 869 1665 hostes
883 1646 931 1673 op-

144 1684 218 1711 tione
225 1683 301 1718 pacis
316 1683 457 1718 petendos,
472 1691 515 1716 ne,
528 1690 559 1711 ea
573 1683 768 1718 pratermissa,
781 1684 863 1711 Deum
877 1691 930 1712 non

143 1729 303 1765 propitium,
313 1730 360 1758 sed
377 1730 475 1769 iratum
490 1730 516 1757 in
530 1735 606 1757 tanto
621 1734 706 1757 marte
720 1730 864 1758 sentirent.
878 1729 931 1757 ita-

143 1783 197 1810 que
211 1775 379 1803 delusionem
396 1776 456 1810 ejus
473 1776 663 1810 praescientes,
678 1776 797 1803 salutem
810 1780 930 1804 nostram

146 1821 200 1848 Deo
211 1822 423 1853 commisimus;
449 1821 507 1849 dies
533 1827 643 1849 nostros
667 1821 872 1851 dinumerantes
904 1822 931 1849 in

145 1866 328 1894 amaritudine
341 1867 443 1899 cordis,
458 1871 484 1894 et
496 1867 677 1901 ptenitudine,
698 1868 809 1900 litaniis,
826 1868 932 1897 sacriﬁ-

144 1912 198 1943 cio,
213 1913 304 1944 thure,
322 1919 399 1947 prece
411 1912 572 1947 placandum
585 1911 670 1940 Deum
683 1912 902 1947 praedicabamus
924 1920 931 1938 :

142 1956 245 1991 jejunia
259 1956 408 1984 indiximus
432 1956 567 1991 imperare
582 1957 694 1989 nostris,
715 1962 745 1984 ut
761 1958 837 1984 solus
860 1956 933 1985 Dens

146 2011 267 2038 pugnare
283 2011 332 2038 pro
348 2003 427 2031 nobis
441 2002 612 2037 dignaretur.
630 2002 682 2030 Sed
698 2002 763 2035 quid
781 2003 932 2038 proderunt

147 2049 202 2077 Deo
218 2049 308 2076 missae
319 2057 424 2084 preces,
441 2049 463 2076 si
479 2057 512 2076 ex
521 2050 603 2077 corde
615 2056 668 2076 non
681 2054 755 2082 sunt,
772 2050 793 2077 si
824 2050 933 2085 polluta:

148 2102 245 2123 manus
257 2095 392 2122 habentur
407 2095 542 2129 ;siimpia
565 2100 594 2122 et
618 2094 702 2122 infida
724 2095 806 2122 corda
828 2095 935 2122 consis-

148 2147 227 2175 tunt;
238 2141 396 2176 iniquitates
409 2142 481 2168 enim
493 2146 593 2168 nostra:
605 2141 757 2168 diviserunt
766 2142 835 2169 inter
845 2149 896 2169 nos
907 2148 935 2171 et

983 1599 1062 1622 taueo
1070 1603 1131 1622 cum
1142 1597 1270 1622 trecentis
1281 1596 1513 1623 commilitonibus
1521 1596 1710 1624 Gennensibns
1720 1604 1767 1631 ιιοι-

981 1641 1047 1673 sito,
1058 1641 1207 1675 splendidis
1221 1641 1414 1677 refulgentibus
1427 1643 1522 1675 armis,
1533 1643 1645 1670 delectis
1654 1644 1769 1678 quidem

981 1687 1151 1722 coadjuuetis
1163 1687 1264 1715 Graecis
1278 1689 1382 1722 aliquot
1395 1689 1525 1721 strenuis,
1535 1689 1609 1717 circa
1621 1689 1693 1716 illam
1707 1697 1769 1724 par-

983 1738 1036 1761 tem
1054 1741 1194 1761 murorum
1204 1733 1296 1762 Sancti
1308 1734 1422 1761 Romani
1439 1740 1637 1768 reparaturum,
1649 1736 1694 1762 ubi
1707 1744 1749 1762 ma
1760 1751 1765 1755 -

981 1780 1024 1815 gis
1043 1780 1155 1814 urgebat
1168 1787 1268 1814 pugna,
1286 1781 1434 1815 imperator
1445 1781 1529 1807 Stetit.
1550 1781 1692 1808 Mauritius
1705 1782 1770 1809 inde

982 1826 1137 1857 Catullinus,
1147 1826 1189 1852 vir
1199 1826 1298 1853 nobilis
1308 1826 1464 1854 Genuensis
1473 1826 1616 1860 prfuit-ctus
1627 1828 1697 1854 inter
1706 1834 1769 1862 por--

983 1876 1037 1900 tam
1046 1871 1135 1907 Pighi,
1149 1872 1174 1899 id
1192 1876 1233 1900 est
1249 1871 1344 1906 fontis,
1355 1880 1443 1908 usque
1456 1873 1488 1899 ad
1502 1873 1631 1905 Auream,
1644 1880 1706 1900 eum
1716 1874 1767 1901 du-

983 1919 1071 1946 centis
1080 1917 1237 1951 halistariis,
1249 1918 1400 1946 commistis
1412 1918 1495 1946 etiam
1506 1918 1619 1950 Graecis,
1628 1923 1724 1946 contra
1735 1920 1768 1947 li‘

983 1971 1082 1998 gneum
1092 1969 1225 1996 castrum,
1247 1964 1363 1999 pellibus
1376 1965 1458 1992 boum
1481 1969 1637 1992 contectum
1655 1967 1768 2000 opposi-

984 2015 1042 2037 tum
1060 2015 1189 2038 accurate
1200 2011 1332 2038 decertat.
1345 2010 1446 2038 Paulus
1454 2010 1573 2043 Troilus,
1586 2012 1722 2039 Antonius
1734 2013 1771 2039 de

983 2055 1143 2084 Bochiardis
1153 2055 1260 2087 fratres.
1273 2055 1301 2084 in
1312 2057 1372 2084 loco
1380 2056 1466 2084 arduo
1476 2056 1625 2089 Miliandri,
1634 2064 1690 2092 quo
1701 2058 1766 2084 urbs

985 2103 1131 2135 titubabat,
1143 2110 1196 2131 me
1212 2103 1321 2138 proprio
1336 2107 1365 2131 et
1390 2103 1488 2135 armis,
1511 2110 1616 2130 summa
1638 2110 1700 2130 eum
1729 2105 1770 2131 vi-

983 2148 1108 2183 gilantia,
1128 2153 1209 2176 noctu
1224 2149 1324 2185 dieque
1333 2153 1360 2176 et
1383 2149 1539 2184 spingardis
1568 2149 1727 2182 horrendis,
1743 2156 1770 2176 ct

103 2186 108 2189 ’
149 2188 234 2216 Deum
252 2197 260 2222 ;
279 2187 396 2215 Sabbata
409 2193 514 2219 nostra,
530 2187 664 2221 kalendae,
679 2188 835 2217 incensum.
850 2189 928 2216 sacri<

987 2194 1095 2222 balistis
1122 2195 1226 2222 torneis
1257 2195 1375 2222 viriliter
1398 2203 1515 2231 pugnam
1544 2196 1704 2223 sustinent:
1723 2197 1771 2229 qui

150 2235 208 2263 licia
222 2236 248 2262 in
264 2235 491 2263 abominationem
510 2242 586 2261 versa
598 2238 662 2260 sunt
679 2241 686 2267 ;
704 2238 730 2261 ct
743 2242 823 2269 quem
837 2235 930 2269 propi-

148 2282 216 2308 tium
230 2280 407 2315 sperabamus
423 2281 521 2307 habere
531 2279 628 2313 Deum,
642 2279 786 2307 habuimus
797 2281 932 2309 scelerum

149 2330 306 2353 nostrorum
324 2325 452 2352 ultorem.

183 2371 265 2398 Pauci
280 2371 426 2398 admodum
440 2376 466 2398 et
483 2371 584 2406 majore
597 2378 714 2399 numero
724 2379 756 2398 ex
768 2370 870 2398 Grazcis
884 2371 933 2398 im-

147 2417 244 2449 belles,
260 2421 349 2450 scuto,
369 2417 474 2449 lancea,
494 2425 571 2449 arcu,
598 2417 698 2452 gladio,
724 2423 820 2445 natura
843 2418 934 2452 potius

147 2471 228 2498 quam
243 2467 302 2490 arte
314 2463 468 2491 militabant
484 2471 493 2496 ;
514 2464 632 2498 majores
646 2464 734 2498 galea,
752 2463 876 2495 thorace,
895 2463 934 2490 lo-

148 2510 218 2541 rica,
236 2508 336 2543 gladio,
354 2510 446 2536 lancea
465 2518 473 2538 ;
489 2510 600 2544 quidam
617 2509 716 2536 inarcu
725 2510 855 2537 etbalista
866 2510 935 2537 doce

148 2556 244 2586 tiores,
260 2556 307 2583 sed
324 2556 535 2590 propugnaculis
546 2556 664 2591 impares
676 2563 791 2582 numero
804 2556 933 2591 agebant,

149 2600 239 2634 quoad
270 2601 410 2627 sciverant
434 2604 460 2627 et
493 2605 627 2636 poterant.
665 2601 802 2628 Cadebant
832 2602 933 2635 'l‘euci,

149 2646 195 2681 qui
214 2646 344 2674 audacius
357 2647 539 2674 adhaerebant.
556 2647 608 2675 Sed
621 2647 717 2683 qnid_si
730 2654 838 2675 centum
855 2649 882 2675 in
893 2649 936 2677 die

150 2692 323 2724 cucidissent,
337 2693 471 2720 innumeri
484 2693 521 2719 illi
538 2699 641 2729 quanto
652 2695 761 2726 cadere,
790 2699 865 2721 tanto
891 2702 936 2722 re-

150 2744 262 2772 surgere
277 2738 369 2772 plures
384 2739 563 2765 videbantur?
579 2739 606 2766 Si
619 2748 689 2767 unus
706 2747 738 2767 ex
752 2741 853 2768 nostris
865 2741 937 2768 ecci-

150 2783 246 2815 dissel,
260 2788 317 2810 tttm
335 2784 470 2818 prmcipue
488 2785 617 2813 conlatus
633 2786 685 2817 vir,
701 2791 812 2813 centum
845 2787 936 2821 pcrdi-

151 2829 222 2856 dissc
234 2827 366 2856 ﬂebamus
380 2838 386 2862 ;
401 2828 487 2856 Graeci
502 2829 534 2857 ad
551 2838 597 2859 scx
614 2832 696 2859 millia
709 2832 872 2859 bellatorum
882 2841 934 2860 non

985 2244 1060 2267 tanta
1075 2242 1259 2273 antmositate,
1277 2249 1349 2268 nunc
1363 2242 1456 2276 pedes,
1477 2250 1549 2269 nunc
1560 2250 1653 2276 equites.
1677 2241 1771 2268 defen-

985 2286 1063 2318 duttt,
1089 2292 1119 2314 ut
1147 2286 1254 2314 Horatii
1273 2287 1385 2315 Coclitis
1415 2288 1489 2315 vires
1513 2289 1628 2322 repulsis
1646 2287 1771 2314 hostibus

983 2339 1091 2367 aequare
1107 2333 1277 2360 viderentur.
1306 2333 1372 2360 Nam
1395 2341 1445 2360 nec
1461 2334 1528 2360 muri
1547 2333 1624 2360 fracti
1656 2341 1773 2360 concus.

985 2377 1072 2409 sione,
1082 2385 1132 2405 nec
1144 2378 1330 2406 machinarum
1342 2379 1450 2406 turbine
1465 2379 1562 2412 territi,
1572 2383 1701 2406 aeternam
1718 2379 1773 2407 sibi

985 2424 1143 2450 memoriam
1155 2423 1302 2451 vindicant.

1021 2467 1182 2496 Theodorus
1197 2469 1365 2502 Charistino,
1383 2477 1476 2501 senex,
1489 2470 1535 2497 sed
1552 2470 1679 2498 robustus
1697 2471 1772 2498 (Iurah

986 2522 1044 2546 cus,
1079 2514 1106 2541 in
1136 2522 1200 2542 arcu
1224 2516 1414 2548 doctissimus,
1449 2515 1673 2551 Theophilusque
1693 2517 1773 2544 Grau-

985 2567 1045 2591 cus,
1074 2560 1173 2588 nobilis
1199 2561 1369 2597 Palmologus
1396 2562 1494 2589 litteris
1522 2563 1663 2595 eruditus,
1691 2564 1773 2590 amho

987 2605 1126 2637 catholiti,
1156 2614 1217 2634 cum
1247 2606 1353 2635 Joanne
1379 2608 1511 2636 Alemano
1534 2609 1688 2644 ingenioso,
1699 2609 1774 2637 Cali-

986 2657 1096 2684 gaream
1112 2658 1272 2679 concussam
1304 2659 1647 2689 repamntproteguntquc.
1669 2655 1774 2682 Contav

987 2703 1080 2729 renus,
1101 2696 1172 2724 inter
1187 2697 1305 2725 Venetos
1315 2700 1494 2732 clarissimus,
1507 2700 1664 2735 capitaneus
1674 2701 1771 2728 Aurea

988 2746 1071 2776 porta:
1088 2746 1114 2768 et
1124 2743 1280 2777 adjacentes
1291 2750 1379 2773 turres
1396 2753 1484 2780 usque
1503 2754 1578 2774 oram
1595 2745 1690 2777 maris,
1706 2746 1773 2773 viri—

987 2787 1049 2814 liter
1079 2788 1186 2821 pondus
1210 2789 1363 2824 sustinens,
1389 2792 1484 2819 hostes
1511 2792 1659 2826 impugnat.
1686 2791 1775 2820 Cra-ei

990 2833 1104 2868 perinde
1121 2834 1179 2868 alii,
1203 2837 1262 2866 suis
1275 2837 1417 2865 distributi
1437 2837 1663 2874 propugnaculis,
1677 2839 1770 2868 aciem
