1961 3070
191 135 245 167 935

796 123 994 164 LEONARDI
1014 129 1199 164 CHIENSIS

1765 127 1820 162 936

192 199 278 224 mare,
292 195 448 224 terramque
462 189 489 216 lu
505 190 580 216 urbis
596 197 692 225 gyrum
726 191 973 225 prosequebantur.
991 194 1012 220 Α
1026 190 1099 216 lebat
1114 188 1241 223 injurias.
1263 187 1368 214 Interea
1398 187 1557 221 capitaneus
1579 187 1716 222 generalis
1734 186 1820 215 Joan-

193 236 288 264 Palatii
305 235 453 270 imperialis
478 242 543 262 cura
576 233 740 270 Hieronymo
763 235 876 262 Miuotto
894 235 981 263 Vene-

192 287 282 310 torum
296 281 368 309 bailo
380 280 525 307 commissa
541 284 593 308 est.

226 326 389 358 Cardinalis,
400 333 416 352 a
426 325 542 354 consilio
551 332 689 362 nunquam
703 325 812 359 absens,
827 325 919 353 Sancti
934 325 983 352 Dee

194 373 283 399 metrii
295 374 432 407 regionem
444 371 477 399 ad
487 379 561 398 mare
574 370 753 401 defensabat:
768 371 980 398 Cathalanorum

193 419 291 446 consul
305 417 401 445 turritn
421 422 484 445 ante
495 416 718 452 llippodromium
734 416 877 444 tutabatur
892 424 899 449 ;
922 423 982 443 ver-

193 473 242 492 sus
257 464 416 492 orientalem
428 464 545 498 plagam.
569 463 700 491 Gltirluca
723 463 755 490 ad
776 470 870 490 cttram
888 466 981 496 portus

196 511 335 544 totiusque
351 510 493 537 maritima:
508 510 628 545 regionis
641 508 801 544 invigilahat
813 510 845 535 ad
854 507 980 535 deferen-

193 557 258 584 dum
275 556 444 591 praesidium.
460 555 643 590 Hieronymus
663 555 804 586 ltaliauus,
819 553 981 581 Leonardus

192 603 227 630 de
253 602 404 637 Langasco,
421 601 585 634 Genuensis,
598 609 660 628 cum
686 601 779 628 multis
795 600 878 628 sociis
899 600 982 635 Xylo~

194 653 297 683 portam
311 652 338 674 et
353 652 444 675 tttrres
458 654 530 682 quas
541 647 695 674 Aveniades
713 649 823 679 vocant,
851 646 982 681 impensis

193 694 341 721 eardinalis
356 697 497 728 reparatas
508 693 679 728 spectabant.

229 740 367 767 Flamiues
385 740 570 774 monachique
586 747 669 774 supra
689 747 784 767 muros
799 739 981 775 undequaque

195 786 320 814 collocati
333 794 381 820 pro
393 787 480 813 salute
488 786 582 821 patriae
592 785 772 813 excubabant.
795 784 904 813 Gabriel
921 785 982 812 Tri-

196 832 456 859 visanussuhtilium
467 833 604 866 galearum
618 831 765 866 prtefcctus
779 831 877 859 nobilis
889 831 980 859 Vene-

198 884 252 910 tus,
267 878 459 905 cordatissitne
470 886 484 904 a
502 878 569 904 turri
589 877 656 904 Fani
667 885 753 912 ttsque
763 877 797 904 ad
810 876 980 911 lmperialem
997 869 1019 898 Β

197 929 304 958 portam
320 928 383 950 ante
392 923 481 951 sinum
491 931 552 950 cum
567 923 775 958 quadringentis
785 923 894 950 Venetis
902 930 982 956 egre-

197 969 247 1003 giis
269 969 435 996 decertabat.
462 967 626 996 Grossarum
657 976 723 995 vero
748 969 886 1003 galearum
914 974 984 1002 prae-

198 1013 287 1039 fectus
301 1012 425 1040 Andreas
440 1011 534 1044 Diedo,
547 1020 608 1039 cum
620 1012 743 1047 reliquis,
757 1013 881 1040 triremes
894 1013 984 1046 potius

198 1058 324 1092 pavidus,
342 1066 422 1093 quam
440 1056 557 1093 portm,
573 1059 756 1087 custodiebat.
768 1059 857 1086 Naves
871 1058 984 1094 perinde

198 1109 311 1132 armatae
333 1105 567 1140 buccinisjugiter
581 1109 610 1133 et
623 1106 774 1133 ululatibus
784 1105 895 1133 Martem
913 1105 982 1132 iuvi-

199 1149 302 1177 tabam.
322 1149 475 1177 Demetrius
496 1157 575 1178 socer
599 1150 777 1186 i’almologus.
802 1150 986 1184 Nicolausque

197 1196 305 1224 Gudelli
327 1203 420 1231 gener,
444 1197 623 1231 praesidentes
648 1201 676 1223 ut
700 1198 849 1224 decurrant
870 1197 984 1229 urbem,

197 1250 260 1270 cum
277 1242 413 1277 plerisque
431 1243 544 1270 armatis
565 1243 592 1270 itt
613 1250 772 1271 succursum
794 1248 982 1270 reservantur.

235 1289 337 1316 Taliter
347 1295 411 1323 ergo
420 1289 627 1324 pugnatoribus.
638 1289 695 1316 sive
707 1289 835 1321 dttcibus,
847 1289 905 1316 sive
921 1290 989 1316 tiro-

201 1333 281 1361 nibus
287 1334 431 1367 ordinatis,
440 1335 649 1369 exspectabatur
657 1335 798 1362 constituti
809 1335 901 1362 Martis
910 1342 990 1368 gene-

200 1379 266 1407 ralis
275 1380 410 1408 insultus:
421 1388 476 1415 quo
486 1388 674 1415 saepenumero
685 1381 774 1408 territi
782 1381 869 1408 Graeci
885 1386 988 1415 postes,

201 1433 275 1452 nunc
290 1426 363 1460 agris
375 1434 447 1453 nunc
464 1427 550 1454 vineis
563 1427 698 1459 colendis,
714 1435 785 1454 nunc
802 1427 990 1462 voluptatibus

202 1471 295 1504 laxati,
311 1479 345 1499 ex
359 1472 493 1500 industria
507 1472 693 1500 declinabant.
710 1472 862 1508 Fingebam
879 1473 989 1507 quidem

202 1519 241 1545 rei
254 1518 398 1545 familiaris
412 1525 519 1549 curam,
532 1518 615 1545 etiam
630 1518 678 1552 qui
694 1526 791 1553 graves
811 1519 989 1546 videbantur:

202 1563 247 1589 alii
261 1563 381 1598 inopiam
391 1563 572 1596 accusabant,
590 1550 645 1597 qua
659 1550 777 1599 ad—opus
792 1564 915 1591 lucrandi
933 1572 992 1600 gra—
1005 1550 1027 1580 ο

204 1610 240 1637 tia
256 1610 434 1644 cogebantur.
451 1608 526 1643 Quos
547 1616 608 1636 cum
632 1609 760 1638 absentes
785 1610 991 1646 corripuissem,

203 1656 355 1691 periculum
371 1663 426 1683 non
446 1656 527 1683 tnodo
535 1656 637 1688 ’suum,
651 1656 699 1684 sed
717 1657 840 1684 omnium
858 1656 993 1684 Christia-

203 1709 300 1729 norum
322 1701 444 1737 allegans
457 1721 464 1734 ,
490 1702 693 1738 respondebant
711 1711 719 1730 :
739 1702 810 1736 Quid
835 1703 913 1730 nobis
929 1711 990 1730 cum

202 1751 301 1779 castro,
312 1746 334 1773 si
349 1748 489 1781 penuriam
505 1747 621 1776 sustinet
634 1749 730 1776 domus
744 1749 856 1793 upstra?
868 1750 903 1775 ita
919 1749 991 1784 quod

203 1799 299 1826 magna
324 1793 363 1820 vis
386 1798 445 1820 erat
465 1793 612 1821 reducendi
628 1801 676 1822 eos
690 1794 723 1822 ad
739 1794 809 1822 muri
827 1795 991 1823 custodiam.

202 1838 243 1865 0b
263 1839 324 1873 hoc,
344 1840 508 1874 paucitatem
525 1841 619 1869 hostes
636 1846 778 1876 captantes
794 1842 990 1877 pugnantium,

203 1885 321 1913 audaces
339 1886 414 1919 facti,
430 1886 541 1914 uncinis
557 1895 632 1919 vasa,
657 1895 718 1923 qua:
735 1888 761 1915 in
778 1888 992 1924 propugnaculis

205 1937 357 1965 poSUcraut
382 1933 490 1966 nostri,
524 1933 654 1961 detnolilo
689 1942 768 1962 nturo
801 1935 991 1962 detrahebant.

203 1976 374 2012 Quandoque
391 1979 485 2006 itidem
509 1979 625 2015 lapidem
650 1980 789 2015 ingentem
808 1981 881 2008 vallo
895 1989 929 2007 ex
950 1989 992 2008 re-

202 2024 275 2051 saltu
289 2025 440 2062 collapsum
452 2045 459 2058 ,
475 2033 555 2060 quem
576 2033 674 2062 magna
690 2027 735 2054 illa
747 2027 895 2055 bombarda
913 2034 992 2055 nturo

204 2071 346 2105 iujecerat,
385 2079 447 2099 cum
477 2072 579 2100 rubore
615 2078 724 2106 nostro,
747 2081 810 2101 cum
849 2073 990 2101 retiaculis

203 2122 279 2144 extra
294 2116 410 2150 ducunt,
435 2118 679 2154 reprojiciuntque.
701 2119 754 2146 Sed
781 2119 826 2147 ubi
852 2120 991 2153 custodes,

205 2161 250 2188 ubi
264 2161 365 2189 milites
387 2167 553 2197 evagautes,
579 2163 625 2190 ubi
642 2163 755 2198 lapides,
777 2168 806 2190 ut
829 2163 993 2198 prohibeant

1034 243 1081 263 nes
1092 235 1277 265 Justinianus,
1294 234 1378 260 totius
1392 233 1509 260 fortuna:
1522 233 1693 265 observator,
1709 237 1736 260 ut
1752 241 1829 273 praes

1034 282 1123 309 sensit
1138 288 1171 308 ex
1188 279 1407 315 proclamatione
1417 279 1555 306 Teucrum
1572 284 1672 314 pnesto
1690 279 1819 306 daturtttn

1033 333 1183 359 certamen,
1192 327 1288 361 agebat
1300 325 1440 352 confestim
1450 332 1602 357 murorum,
1616 332 1685 360 qttos
1694 325 1822 352 machina

1033 373 1210 403 contriverat,
1227 371 1428 405 reparationem
1446 379 1452 397 :
1469 370 1623 405 petivitque
1637 369 1690 397 sibi
1710 378 1723 396 a
1740 370 1822 398 Chir-

1032 419 1097 447 luca
1106 426 1201 453 magno
1210 419 1281 446 duce
1292 417 1431 444 consulari
1440 425 1600 444 communes
1611 417 1825 452 urbis_bombar-

1033 465 1092 496 das,
1105 473 1173 500 quas
1185 469 1280 494 contra
1293 463 1388 491 hostes
1401 462 1529 498 abigeret.
1541 463 1616 496 Quas
1631 471 1692 491 eum
1703 464 1822 498 superbe

1033 511 1216 546 denegasset:
1233 510 1300 543 Quis
1316 517 1359 536 me
1371 509 1549 545 (capitaneus
1566 509 1684 544 inquit),
1701 517 1718 536 o
1731 510 1823 544 prodi-

1035 562 1087 590 tor,
1102 561 1184 590 tenet,
1207 560 1237 583 ut
1255 555 1345 590 gladio
1365 562 1420 582 non
1442 556 1588 582 occumbas
1611 556 1692 583 meo?
1710 555 1768 590 Qua
1784 557 1823 591 ig-

1033 603 1153 631 nominia
1178 602 1344 637 indignatus,
1368 605 1424 627 tum
1460 601 1532 636 qttod
1552 601 1654 628 Latinis
1678 602 1701 628 ei
1725 610 1822 636 expro—

1032 650 1148 681 brasset,
1169 647 1310 675 remissius
1324 652 1418 682 postea
1444 646 1483 674 rei
1498 647 1600 674 bellica:
1625 648 1822 682 providentiam

1032 696 1117 731 gessit
1134 703 1141 721 :
1160 694 1302 728 Graecique
1321 693 1375 728 j‘tm
1396 692 1530 719 secretius
1548 693 1620 726 quod
1637 693 1741 720 Latinis
1767 693 1823 721 sal-

1033 741 1124 768 vanda'
1139 739 1215 767 urbis
1229 739 1314 774 gloria
1326 737 1416 765 dedita
1428 742 1511 769 esset,
1526 738 1620 766 odiose
1635 738 1771 766 ferebant.
1787 739 1824 765 A't

1033 789 1204 822 capitaneus,
1216 785 1330 813 Joannis
1339 783 1460 811 Mauricii
1471 783 1590 811 Catanzei
1602 785 1824 819 prafectiJoau-

1036 834 1080 861 nis
1100 833 1133 860 de
1147 832 1259 863 Capeto,
1276 830 1354 857 Pauli
1371 829 1532 862 Bochiardi,
1548 829 1661 858 Joannis
1677 831 1710 858 de
1722 829 1826 857 Forna-

1033 878 1092 910 riis,
1106 877 1218 904 Thomae
1230 877 1263 904 de
1270 875 1424 906 Salvaticis,
1436 874 1554 906 Lodirii,
1567 875 1826 908 GatilusiiJoann’s

1034 924 1145 960 lllyrici,
1158 923 1328 956 aliorumque
1339 921 1518 948 Asiaticorqu
1531 921 1685 948 Graecorum
1699 922 1826 948 consultu

1034 973 1107 999 acies
1139 970 1360 1004 monimentaque
1383 969 1490 996 refecit.
1517 968 1603 1002 Cujus
1626 968 1826 1003 providentiam
1862 988 1870 996 .

1035 1017 1156 1044 Teucrus
1173 1016 1385 1043 commendans:
1400 1016 1486 1049 Quam
1504 1015 1612 1046 vellem,
1629 1015 1728 1049 inquit,
1744 1022 1828 1050 penes

1037 1072 1078 1090 me
1092 1063 1247 1097 praefectum
1259 1063 1334 1089 illum
1346 1061 1479 1089 Joannem
1497 1062 1685 1089 honorandum
1699 1061 1706 1087 !
1724 1061 1828 1093 Magnis

1037 1109 1126 1137 hercle
1162 1109 1241 1136 donis
1272 1116 1394 1143 auroque
1418 1109 1504 1136 multo
1543 1115 1720 1142 corrumpere
1750 1107 1827 1134 illum

1037 1155 1157 1184 studuit:
1170 1156 1248 1190 cujus
1264 1155 1400 1182 inflectere
1408 1154 1528 1181 attiututn
1542 1162 1680 1188 nunquam
1701 1154 1798 1188 potuit.

1074 1201 1196 1236 Operosa
1226 1207 1315 1228 autent
1347 1201 1504 1235 protegendi
1532 1201 1632 1227 vallum
1658 1207 1683 1227 et
1703 1206 1831 1227 antemu-

1038 1249 1096 1276 rale
1125 1247 1226 1275 nostris
1266 1247 1317 1274 fttit
1352 1255 1434 1280 cura;
1470 1247 1543 1281 quod
1574 1254 1667 1273 contra
1703 1248 1826 1273 animum

1040 1303 1130 1321 meum
1162 1300 1271 1327 semper
1308 1293 1369 1325 fuit,
1408 1294 1454 1327 qui
1491 1293 1654 1324 suadebant,
1689 1294 1714 1319 iu
1755 1293 1830 1320 refu-

1040 1343 1114 1374 gium
1140 1348 1233 1367 muros
1248 1340 1316 1366 altos
1333 1339 1437 1374 primos
1457 1347 1510 1366 non
1537 1340 1719 1366 deserendus:
1735 1340 1781 1373 qui
1807 1342 1828 1366 si

1041 1386 1077 1413 ob
1103 1385 1207 1413 imbres
1221 1385 1466 1420 ucgligentiamque
1492 1385 1534 1412 vel
1547 1385 1637 1417 scissi,
1657 1386 1697 1411 vel
1711 1385 1831 1411 inermes

1043 1432 1256 1467 propugnaculis
1269 1437 1372 1464 essent,
1392 1440 1406 1458 a
1430 1432 1565 1466 principio
1578 1435 1641 1458 dum
1658 1432 1828 1466 propositum

1042 1486 1146 1514 guerrm
1169 1478 1327 1511 intervenit,
1352 1478 1474 1512 reparari
1497 1479 1645 1512 potuissent
1659 1499 1666 1511 ,
1687 1479 1829 1512 rcparautli

1044 1524 1271 1559 custodiendique
1289 1529 1389 1551 erant:
1409 1525 1454 1559 qui
1472 1533 1525 1551 non
1539 1525 1651 1555 deserti,
1673 1525 1829 1557 pra-sidiniu

1044 1571 1103 1598 urbi
1117 1571 1214 1598 salutis
1229 1571 1425 1597 contulissent.
1443 1571 1476 1597 At
1494 1571 1559 1606 quid
1578 1572 1683 1598 diram?
1700 1579 1831 1606 arguam-

1043 1625 1078 1644 ne
1091 1617 1259 1652 principem,
1278 1625 1359 1652 quem
1382 1625 1491 1652 semper
1508 1619 1644 1653 praecipuo
1660 1618 1763 1645 honore
1782 1626 1831 1645 vc.

1042 1668 1156 1690 ncratus
1173 1670 1235 1690 sum
1255 1672 1261 1690 :
1284 1663 1364 1697 cujus
1384 1662 1464 1690 ﬁdem
1481 1671 1544 1698 erga
1564 1663 1714 1691 [tertianam
1735 1664 1831 1692 Eccle—

1043 1709 1111 1737 siam
1133 1709 1269 1741 intellexi,
1287 1710 1340 1737 nisi
1357 1710 1587 1744 pusillanimitatc
1606 1711 1779 1743 vinceretur;
1796 1719 1830 1737 au

1043 1756 1134 1790 potius
1159 1764 1207 1783 eos
1237 1756 1283 1791 qui
1303 1763 1337 1783 ex
1364 1756 1457 1783 officio
1480 1764 1573 1784 muros
1590 1757 1702 1784 reticere
1724 1757 1836 1784 debuist-

1042 1801 1120 1828 sent?
1137 1801 1159 1829 0
1174 1809 1291 1837 quorum
1308 1802 1406 1829 animae
1421 1803 1490 1829 forte
1503 1802 1678 1834 damnantur,
1699 1802 1834 1830 Manuelis

1042 1847 1149 1883 Giagari
1181 1844 1290 1875 duduttf
1305 1848 1404 1883 inopis,
1433 1853 1460 1875 et
1487 1847 1618 1884 Ncophyti
1638 1849 1833 1876 llieromonaci

1043 1893 1154 1928 Rhodii,
1170 1894 1193 1921 si
1210 1894 1297 1922 audeo
1309 1895 1411 1928 dicere,
1427 1894 1597 1929 praedonum,
1616 1903 1668 1922 non
1685 1902 1834 1922 conserva-

1043 1945 1132 1967 torum
1149 1940 1316 1975 reipublicae,
1332 1940 1432 1976 quibus
1451 1941 1536 1968 veluti
1560 1941 1719 1976 reipublica:
1734 1942 1836 1969 tutori-

1042 1987 1104 2018 bus,
1122 1991 1168 2013 aut
1183 1995 1216 2014 ex
1240 1987 1310 2014 aviis
1325 1987 1522 2022 intestatisque
1540 1987 1611 2015 bona
1628 1988 1733 2019 relicta,
1747 1989 1836 2016 nturis

1042 2033 1144 2061 ascribi
1173 2033 1330 2068 debebant,
1346 2034 1460 2069 privatis
1484 2034 1576 2069 potius
1599 2034 1756 2062 commodis
1780 2035 1836 2062 im-

1042 2080 1206 2115 pendebant.
1221 2079 1329 2108 Primus
1354 2080 1451 2115 viginti
1480 2087 1564 2114 prope
1583 2081 1697 2108 millium
1719 2081 1837 2108 floreno-

1043 2135 1103 2154 rum
1134 2135 1230 2154 servus
1255 2124 1422 2162 proditionis
1449 2128 1611 2160 monachus,
1628 2136 1698 2162 quos
1720 2128 1837 2163 posthac

1043 2173 1202 2201 reconditos
1219 2181 1288 2200 urna
1306 2174 1479 2209 septuaginta
1496 2173 1612 2201 millium
1634 2175 1729 2208 gazam
1753 2175 1837 2202 relin-

203 2208 246 2256 ναξ
271 2208 421 2256 Ψυευθυιῗ
440 2209 461 2234 ο
481 2215 563 2256 quin“
586 2208 687 2256 malum
715 2210 892 2256 Ριέίίδβίιυυί
918 2210 989 2242 Quid
1003 2224 1030 2254 ι)
1043 2223 1131 2254 qttunt
1153 2218 1280 2247 Teucris.
1307 2208 1414 2247 Idcirco
1429 2219 1496 2248 nrbs
1508 2220 1664 2256 praedonum
1683 2221 1788 2248 incuria
1808 2221 1836 2248 in

203 2254 266 2286 erit,
287 2254 416 2289 inquam,
440 2255 549 2289 quando
573 2255 647 2282 velut
669 2260 776 2283 torrens
799 2255 888 2290 Tigris
905 2256 990 2284 irruet

203 2301 359 2329 exercitus!
375 2301 448 2329 Ordo
463 2301 577 2337 perinde
591 2309 625 2329 ex
651 2302 703 2329 hoc
717 2302 799 2330 datus
810 2308 852 2330 est
867 2307 896 2329 ut
911 2302 990 2337 panis

205 2357 253 2383 per
265 2348 383 2376 fatttilias
399 2356 477 2384 aeque
491 2349 701 2376 distribucrctur
717 2358 724 2376 :
739 2356 772 2376 ne
786 2348 858 2376 illius
874 2349 990 2376 curandi

204 2396 304 2430 gratia,
320 2396 358 2423 uti
372 2403 402 2424 se
414 2395 591 2429 excusabant,
611 2403 626 2422 a
641 2400 733 2424 castro
749 2396 927 2430 recederent;
943 2404 991 2424 ne-

204 2450 258 2476 qtte
275 2441 375 2470 famem
392 2441 480 2477 potius
497 2443 625 2478 populus,
647 2449 728 2477 quam
749 2443 881 2477 gladium,
908 2450 993 2477 expa-

206 2493 327 2515 vesceret
344 2497 351 2516 :
369 2497 451 2524 quam
476 2489 588 2524 quidam
612 2488 761 2516 humanum
775 2490 937 2523 sanguinem
952 2490 991 2517 si-

207 2535 316 2567 tientes,
339 2534 382 2562 vel
408 2535 545 2562 occultato
571 2534 726 2568 frumento,
741 2535 783 2562 vel
800 2540 882 2563 aucto
900 2537 989 2571 pretio

207 2580 419 2616 praetendebant.
444 2581 498 2609 Sed
523 2582 580 2609 luet:
601 2581 730 2617 iniquitas
751 2589 803 2609 non
831 2582 883 2609 fuit
909 2589 992 2609 causa

207 2628 283 2660 ntali,
305 2626 353 2654 sed
375 2627 481 2656 ordinis
506 2628 641 2656 confusio.
669 2628 807 2656 Severitas
832 2637 846 2656 ι
871 2629 993 2664 principe

207 2675 317 2705 aberat;
337 2680 388 2701 nec
409 2675 650 2709 compescebantur
677 2676 790 2703 verbere
813 2681 861 2702 attt
891 2676 992 2710 gladio,

207 2720 254 2756 qui
287 2718 472 2755 neglexissent
499 2719 694 2748 obedientiam.
725 2720 830 2748 Idcirco
855 2721 992 2756 quispiam

206 2766 265 2794 suis
289 2764 452 2793 eth-rebatur
476 2765 673 2800 voluptatibus,
699 2766 944 2801 blanditnetttisque
960 2775 993 2793 cx

207 2817 305 2839 natura
326 2810 519 2839 dctnulcebant
536 2811 635 2838 iratum
658 2812 833 2847 imperatoris
854 2811 992 2845 animum;

206 2859 318 2886 delusus
328 2857 449 2892 improbe
465 2866 481 2886 a
496 2858 565 2890 suis,
582 2857 670 2886 bonus
685 2858 730 2886 ille
744 2858 919 2887 dissimulare
934 2867 992 2887 ma-

1041 2269 1116 2292 tanta
1137 2269 1299 2300 tempestate
1322 2266 1413 2301 periit.
1430 2266 1465 2292 At
1484 2274 1546 2293 cuin
1562 2267 1656 2293 omnia
1677 2266 1836 2294 Graecorum

1040 2311 1132 2345 inepta
1148 2319 1231 2345 opera
1258 2312 1515 2346 reprehendantur,
1544 2321 1600 2341 non
1625 2314 1722 2341 mirqu
1739 2314 1762 2342 si
1784 2315 1838 2342 hoc

1041 2356 1148 2384 illustre
1175 2357 1278 2384 sanctis
1299 2357 1513 2392 imperatoribus
1535 2359 1717 2392 institutum,
1747 2360 1837 2387 monis

1042 2407 1163 2431 mentum
1200 2403 1338 2437 egregium
1367 2403 1463 2439 reique
1493 2404 1610 2439 publica;
1637 2409 1832 2437 tutamentum,

1043 2458 1105 2477 esca
1118 2449 1297 2484 pt'mdonibus
1308 2448 1360 2476 fuit
1372 2459 1379 2483 ;
1393 2458 1475 2484 quam
1488 2456 1583 2486 postea
1594 2458 1657 2478 sero
1671 2452 1694 2479 si
1708 2459 1838 2485 reparare

1045 2495 1201 2528 voluerunt,
1220 2494 1274 2521 duo
1292 2495 1449 2528 defuerunt,
1468 2502 1505 2523 aes
1522 2502 1550 2523 ct
1569 2501 1697 2531 tempus;
1714 2505 1775 2532 quae
1792 2505 1839 2532 po—

1045 2546 1154 2573 terant.
1183 2541 1206 2569 si
1225 2549 1352 2575 gtterram
1379 2542 1579 2576 intendebant,
1605 2543 1788 2578 opportunius
1811 2549 1839 2569 et

1044 2587 1229 2622 importttnius
1253 2592 1430 2623 extorquere.
1452 2589 1506 2616 Sed
1526 2589 1621 2616 innata
1648 2597 1704 2616 non
1731 2590 1839 2617 sinebat

1044 2632 1307 2667 procrastinationis
1330 2634 1444 2669 ineptia.
1474 2634 1589 2662 Omnem
1615 2643 1681 2670 ergo
1708 2641 1785 2670 spem
1812 2635 1839 2661 in

1044 2679 1156 2707 fossatis
1181 2683 1208 2707 et
1232 2681 1394 2708 autemurali
1412 2687 1563 2716 posuerunt
1580 2690 1586 2708 :
1606 2682 1706 2716 quibus
1729 2682 1840 2708 tandem

1045 2726 1171 2761 perditis,
1185 2725 1218 2753 ad
1230 2725 1394 2754 altissimum
1405 2727 1544 2755 desertum
1555 2735 1662 2754 murum
1676 2732 1826 2762 coangusta

1045 2771 1092 2803 tis,
1112 2771 1242 2799 Itabilitas
1272 2780 1326 2799 non
1358 2772 1421 2800 filii.
1449 2772 1614 2800 Prudentius
1634 2771 1753 2805 Hebraei,
1781 2773 1842 2807 qui.

1045 2817 1151 2852 perdito
1164 2825 1217 2845 uno
1226 2826 1315 2850 muro,
1327 2818 1427 2846 deinde
1442 2819 1475 2845 ad
1486 2818 1648 2850 secundum,
1667 2819 1767 2846 tumad
1783 2822 1841 2845 ter-

1046 2862 1114 2890 tium
1134 2871 1164 2890 sc
1181 2863 1368 2898 contulerunt,
1396 2865 1496 2899 quibus
1512 2864 1592 2891 annis
1605 2869 1724 2899 qttaluor
1739 2862 1843 2899 Vespa-
