1961 3070
151 162 204 195 937

154 267 214 304 haec
237 274 271 295 ex
296 267 397 295 castris
421 267 624 302 exploratorqu
648 265 734 293 relatu
751 265 791 295 fit.
807 263 880 298 quod
897 262 945 290 tris

157 320 245 342 remes
259 320 398 348 navesque
409 312 515 348 aliquot
525 313 552 340 iu
568 312 721 340 subsidium
739 310 774 338 ab
792 309 870 338 italia
883 309 946 336 mit-

157 364 281 388 terentur
296 379 304 392 ,
332 364 360 387 et
380 359 503 387 Joannes
528 358 690 386 Pannonum
714 357 768 384 du'x
798 355 945 388 exercitus,

156 405 274 434 Blancus
298 405 379 440 vulgo
405 409 598 440 nuncupatus,
621 404 654 432 ad
679 403 831 431 Danubium
849 406 946 430 contra

158 452 279 481 Turcum
292 460 494 488 cougressurus
511 453 704 484 adventasset;
720 459 773 486 qua
793 450 946 478 concitatus

157 500 296 528 exercitus
314 499 494 527 discinditur.
518 497 585 530 Cur,
604 497 754 532 inquiunt,
778 501 852 524 tanta
872 502 947 522 mora

157 546 327 582 periclitatur
338 545 498 575 exercitus?
509 544 621 572 Frustra
633 549 729 571 contra
741 549 835 571 muros
844 549 947 578 pugna-

158 592 226 625 turi,
241 593 339 621 advers
346 600 378 620 us
391 599 480 627 regem
493 590 592 618 Teucri
603 590 733 618 clamant.
744 589 851 616 Etenim
860 596 947 623 quan-

157 645 242 673 quam
258 637 395 665 maximus
413 644 546 664 numerus
559 639 644 668 esset,
660 642 817 670 quanquam
834 633 946 675 inﬁnitis

160 683 273 719 saginis
303 682 509 710 macbinassent
537 681 643 712 urbem.
670 684 763 716 utpote
791 680 824 708 ad
852 687 946 708 muros

160 729 329 758 invadendos
346 728 446 762 timidi,
460 729 601 760 vecordes,
617 727 759 755 victoriam
775 724 944 754 diﬂidebant.

193 773 360 802 Calilbascia
369 774 456 807 enim,
471 773 544 809 regis
558 772 691 800 vetustior
704 771 857 800 consularis
869 771 946 804 baro.

159 820 305 856 gravitate,
322 819 440 848 consilio
465 825 611 853 rerumque
637 817 795 846 bellicarum
805 817 946 852 experien-

160 865 197 893 tia
211 865 328 901 pollens,
345 864 512 893 Christianis
527 863 632 896 favens,
648 862 704 898 regi
718 870 827 898 semper
840 861 948 890 dissua-

160 916 245 944 serat,
263 918 298 940 ne
326 910 421 938 urbem
449 908 702 944 Constantinopolis
719 908 896 936 molestaret:
915 915 948 935 eo

161 958 234 992 quod
244 956 407 986 fortitudine
417 956 497 989 situs.
509 963 601 984 rerum
613 955 754 983 fertilitate
767 954 948 990 providentia-

161 1011 215 1038 quc
230 993 283 1031 non
295 1007 349 1030 tarn
366 1002 535 1036 Graecorum,
551 1009 633 1037 quam
652 1000 813 1029 Latinorum
831 1000 947 1034 munita,

162 1047 382 1084 inexpugnabilis
411 1052 490 1080 erat,
517 1055 578 1083 qua:
606 1054 773 1082 proavorum
805 1050 949 1082 patrisque

163 1101 278 1130 guerras
302 1093 383 1122 annis
410 1093 504 1122 multis
526 1093 680 1125 tolerasset,
707 1092 835 1128 quodque
859 1087 948 1128 pejus,

161 1140 226 1175 quia
251 1139 314 1175 eius
338 1139 439 1175 injuria
465 1138 586 1167 lacessiti
610 1146 706 1166 omnes
728 1138 948 1167 Cnristianorum

164 1192 250 1220 reges,
275 1185 480 1220 principesque.
501 1184 534 1211 ad
558 1184 683 1212 eamdem
711 1185 841 1212 tuendam
867 1183 949 1212 facile

163 1236 390 1266 provocarentur.
401 1230 441 1257 Tu
456 1237 521 1266 ergo
537 1237 583 1257 rex
601 1229 711 1265 (inquit)
726 1236 819 1264 pacem
829 1229 864 1257 da
878 1230 947 1263 tuis;

164 1277 220 1310 noli
231 1277 392 1306 Genuenses
404 1275 576 1311 Venetosquc
591 1275 705 1308 vicinos.
718 1275 764 1310 qui
778 1276 832 1303 tuis
843 1283 950 1310 semper

165 1323 326 1359 proderunt,
344 1323 437 1350 hostes
457 1322 506 1350 tibi
524 1321 656 1355 reddere,
674 1322 797 1357 iramque
816 1322 950 1351 Christia-

164 1376 262 1396 norum
278 1367 411 1395 adversus
431 1372 540 1403 gentem
561 1371 636 1394 tuatu
652 1374 813 1405 provocare.
834 1367 951 1396 Maxima

164 1419 207 1443 est
222 1414 341 1450 potentia
359 1418 403 1441 tua
417 1421 425 1441 :
442 1421 524 1448 quam
543 1421 610 1449 pace
626 1413 756 1447 majorem
771 1414 851 1446 iacis,
869 1422 950 1448 quam

164 1466 275 1495 guerra.
296 1457 373 1486 Finis
389 1457 461 1486 enim
477 1457 540 1485 belli
563 1458 657 1485 varius
673 1463 714 1485 est
736 1467 743 1485 :
761 1465 841 1493 quem
856 1458 951 1485 adrer-

166 1506 236 1534 sitas
252 1510 441 1539 saepenumero
457 1503 554 1540 magis,
570 1511 652 1538 quam
674 1504 840 1539 prosperitas
864 1504 951 1531 comi-

166 1555 250 1580 tatur.
271 1551 397 1591 Zaganus
417 1549 525 1585 junior,
543 1549 681 1578 secundus
697 1550 850 1579 consularis
874 1551 950 1584 baro,

165 1597 387 1626 Christianorum
413 1595 510 1630 hostis,
536 1599 594 1623 tum
620 1596 756 1631 praecipue
784 1596 952 1625 Calilhasciae

166 1643 329 1673 :cmulator.
356 1640 503 1669 maximam
532 1648 594 1669 esse
621 1643 694 1677 regis
722 1641 764 1670 sui
791 1643 951 1678 potentiam.

166 1687 311 1716 adversum
335 1695 418 1723 quem
444 1687 519 1715 trulla
542 1694 609 1722 gens
632 1688 729 1723 possit,
755 1689 841 1716 suasit
858 1694 952 1716 contra

166 1734 276 1762 Graecos
302 1741 440 1769 guerram,
468 1733 619 1769 potetttiam
649 1734 774 1770 exiguam
800 1734 952 1763 habentes:

168 1775 287 1815 quorum
313 1779 419 1807 tnacniis
448 1779 584 1807 machinis
606 1779 766 1807 collidendis
797 1780 847 1815 ipsi
875 1788 954 1816 pares

165 1828 270 1858 essent,
282 1823 369 1852 (ἔτωεὶ
383 1832 398 1851 e
410 1829 505 1851 contra
518 1824 592 1851 nulla
607 1817 802 1852 numerositate
815 1826 953 1854 exercitus

167 1869 302 1904 pollerent
328 1872 355 1896 et
379 1868 483 1897 diutina
501 1868 657 1903 fatigatione
680 1869 735 1904 jam
754 1868 833 1897 fracti
849 1862 952 1904 essent,

168 1915 214 1951 qui
241 1922 290 1943 nee
315 1923 349 1942 ex
379 1915 454 1942 Italis
475 1919 666 1949 exspectarent
695 1915 865 1951 praesidium,
885 1916 953 1944 faci-

168 1961 230 1996 liter
246 1959 430 1997 expugnandi.
459 1960 515 1989 Nec
535 1968 600 1988 voce
620 1959 666 1988 illa
689 1959 861 1989 Caiilbascize
878 1970 955 1990 revo-

168 2008 283 2034 candum
299 2000 360 2034 esse
375 2001 447 2042 regis
464 2005 598 2038 animum.
611 2015 671 2041 quaz
693 2006 808 2035 conﬁcta
837 2007 952 2036 fuisset:

167 2051 326 2081 Genuenses
339 2052 432 2084 scissi,
449 2051 546 2080 Veneti
561 2053 684 2088 oppressi
699 2054 733 2081 ab
760 2053 830 2081 duce
851 2053 954 2082 Medio-

168 2098 234 2132 lani,
251 2091 366 2126 'nullum
403 2098 493 2131 daturi
517 2103 582 2126 sunt
614 2099 780 2133 pra‘sidium.
808 2099 956 2128 Thuracatt

169 2144 318 2172 Thracians
332 2144 434 2172 militias
449 2144 576 2180 princeps
587 2165 596 2178 ,
616 2145 788 2173 Calilbascize
812 2153 953 2174 commen-

169 2190 234 2218 dare
255 2190 423 2226 propositum
453 2198 506 2218 non
521 2190 637 2224 audens,
655 2191 688 2218 ad
703 2185 829 2226 giterram
861 2200 952 2228 regem

625 196 627 199 ι
704 160 750 189 DE
768 157 1069 190 EXPUGNATIONE
1090 158 1231 188 Cl‘OLIS.

154 220 224 249 siani
241 225 325 256 atque
352 217 405 248 Titi
426 219 600 249 obsidionem
625 218 757 246 tulerunt.
782 217 841 245 Vox
871 216 943 244 inter
958 219 979 246 Α
995 216 1166 249 exercitum;
1199 215 1304 248 Peram,
1340 223 1374 244 ne
1397 215 1559 253 subsidium.
1573 211 1698 243 hostibus
1717 220 1783 240 con-

1730 154 1782 202 93s

996 261 1076 295 ferat,
1093 263 1286 291 circumvalla:
1315 268 1342 290 ct
1366 270 1427 298 qua:
1453 262 1486 290 ad
1504 261 1628 289 militiam
1648 264 1784 295 spectant,

996 308 1071 336 ontni
1093 317 1153 336 cum
1168 310 1328 337 maturitate
1337 309 1464 344 dispone.

1031 354 1125 390 itaque
1146 361 1174 382 ut
1188 354 1351 383 Calilbascia
1376 355 1471 383 senior
1485 353 1640 383 consularis
1663 351 1784 389 compla-

997 399 1093 428 cuisse
1109 399 1165 435 regi
1183 399 1285 435 Zagani
1311 400 1480 428 aemulatoris
1499 399 1542 427 sui
1568 398 1714 427 consilium
1741 397 1786 424 in-

998 445 1113 478 tellexit,
1126 446 1326 482 definitumque
1352 454 1415 475 esse
1432 450 1585 478 certamen,
1609 444 1680 473 clam
1698 444 1787 471 inter-

998 490 1103 519 mmtiis
1136 491 1284 520 admodum
1305 492 1457 524 ﬁdissimis,
1473 496 1502 520 ut
1519 491 1636 523 amicus,
1666 485 1786 529 impera-

999 536 1051 564 tori
1069 541 1165 565 cuncta
1180 538 1343 566 denuntiat:
1371 538 1553 573 hortaturque
1576 541 1607 564 ut
1625 542 1680 564 non
1703 542 1786 569 expa-

1001 586 1092 610 vescat
1107 582 1330 612 temulentissimi
1363 583 1548 612 adolescentis
1563 580 1697 610 insaniam
1711 588 1719 607 :
1735 587 1786 607 nec

999 630 1094 657 terreri
1108 630 1189 658 minis
1199 637 1293 658 eorum
1307 631 1353 666 qui
1368 631 1456 666 magis
1480 630 1638 659 timuissent
1651 638 1657 655 :
1675 635 1726 655 nec
1741 628 1784 654 in—

999 673 1121 702 doctiore
1149 675 1324 703 multitudine
1353 676 1543 704 commoveri:
1572 674 1701 702 custodes
1730 672 1787 701 sint

1000 719 1096 755 vigiles
1105 724 1136 749 et
1154 727 1274 756 pugnam
1290 725 1499 756 perseverantes
1515 724 1686 756 exspectent.
1719 717 1786 746 Frc-

1000 770 1114 800 quentes
1138 766 1211 794 enim
1236 767 1357 802 epistolae
1385 767 1418 795 ad
1446 767 1638 803 imperatorem
1656 774 1689 794 ex
1703 765 1788 793 Catil-

1000 811 1092 840 bascia
1108 813 1300 847 portabantur.
1328 814 1402 848 Ergo
1418 813 1616 848 proclamatum
1632 817 1675 840 est
1691 812 1719 839 in
1738 819 1787 839 ca-

1001 858 1066 886 stris
1080 858 1180 892 edicto,
1200 865 1230 886 ut
1247 863 1348 894 quarto
1363 859 1493 886 Kalendis
1512 859 1586 891 Maii,
1604 859 1648 885 die
1663 857 1788 885 videlicet

965 893 984 920 Β
1000 903 1106 937 Martis,
1126 904 1236 939 prmvtis
1259 893 1366 933 diebus
1392 904 1491 937 tribus,
1520 900 1621 940 quibus
1642 902 1787 931 luminaria
1813 927 1819 934 _

1001 948 1055 976 Dco
1072 949 1236 982 accendant.
1263 950 1347 979 Deum
1371 951 1509 983 invocent,
1537 951 1641 985 integra
1668 949 1712 976 die
1727 948 1789 974 abs-

1001 995 1114 1027 tineant,
1141 996 1227 1031 parati
1255 995 1311 1024 sint
1337 1004 1433 1024 omnes
1462 996 1496 1023 ad
1526 996 1674 1030 praelium:
1697 994 1787 1021 daturi

1000 1040 1167 1069 Christianis
1180 1041 1308 1077 generale
1321 1048 1478 1075 certamen;
1508 1041 1695 1075 altissimaque
1721 1047 1789 1067 voce

1001 1088 1132 1121 praeconis
1155 1087 1296 1116 voluntate
1322 1088 1394 1123 regis
1424 1088 1517 1116 urbem
1547 1084 1638 1115 triduo
1667 1087 1699 1114 ad
1727 1094 1787 1113 sac-

1000 1141 1062 1161 cum
1096 1142 1158 1162 esse
1192 1134 1368 1162 bellatoribus
1399 1135 1540 1163 donatam.
1580 1133 1714 1168 Juratque
1741 1140 1787 1160 rex

1001 1186 1048 1214 per
1076 1180 1257 1208 immortalem
1290 1179 1393 1213 Deum,
1424 1187 1527 1215 perque
1556 1185 1674 1215 quatuor
1703 1179 1785 1206 millia

1001 1225 1215 1260 prophetarum,
1253 1233 1299 1260 per
1334 1226 1542 1259 Maltometum,
1581 1233 1629 1262 per
1665 1225 1784 1253 animam

1002 1271 1105 1305 patris,
1138 1279 1188 1307 per
1217 1272 1337 1304 liberos,
1364 1280 1467 1308 perque
1495 1276 1589 1300 ensem
1617 1279 1671 1307 quo
1701 1272 1788 1305 cingi—

989 1322 1057 1351 ,tur,
1086 1326 1195 1345 omnem
1211 1318 1463 1354 depopulationem,
1491 1326 1627 1354 omneque
1647 1318 1786 1346 hominum

1003 1366 1147 1400 utriusque
1171 1374 1254 1394 sexus
1280 1373 1382 1402 genus,
1401 1374 1565 1401 ornnetnque
1590 1366 1691 1401 parltcr
1712 1365 1788 1392 ιιώίς

1003 1411 1162 1438 thesaurum
1191 1417 1274 1447 atque
1297 1411 1489 1444 substantiam,
1505 1411 1591 1438 libere
1614 1410 1789 1438 bellatoribus

1003 1456 1149 1490 donatam;
1177 1458 1308 1493 nulloque
1327 1462 1418 1493 pacto,
1442 1464 1502 1492 quas
1526 1457 1610 1492 iurat,
1629 1456 1742 1484 violare.
1767 1456 1789 1483 0

1003 1504 1025 1530 si
1043 1504 1197 1532 audivisses
1216 1511 1297 1531 voces
1313 1504 1346 1532 ad
1359 1505 1458 1532 emtum
1475 1504 1562 1531 elatas
1574 1503 1677 1539 (litata,
1695 1502 1788 1535 ιιιιιιιι,

1005 1548 1138 1577 illa/tome!
1157 1549 1322 1584 Russolalla,
1334 1551 1434 1578 scilicet
1452 1550 1521 1586 quod
1539 1550 1610 1578 Deus
1630 1555 1669 1579 ut
1686 1555 1710 1578 et
1723 1559 1789 1578 sem-

1004 1604 1050 1631 per
1077 1596 1138 1628 erit,
1163 1601 1188 1623 et
1217 1596 1381 1624 “adamatus
1409 1603 1448 1624 est
1477 1606 1567 1625 seruus
1589 1598 1647 1632 ejus
1658 1599 1680 1632 ),
1709 1586 1790 1625 velte:

1005 1646 1111 1670 menter
1133 1643 1334 1677 obstupuisses.
1362 1643 1462 1678 Sicque
1484 1643 1587 1671 factum
1611 1650 1675 1672 est:
1700 1644 1790 1672 triduo

1006 1688 1153 1716 luminaria
1170 1688 1224 1716 Deo
1235 1689 1389 1716 accendunt
1400 1710 1408 1722 ,
1423 1689 1550 1725 jejunant
1566 1690 1610 1718 die
1625 1690 1690 1717 nihil
1704 1697 1790 1724 uSque

1004 1734 1038 1761 ad
1052 1737 1160 1764 noctem
1173 1739 1337 1770 gustantes:
1361 1736 1479 1763 invicem
1510 1736 1724 1770 congaudentcs,
1750 1737 1784 1763 iu-

1005 1781 1091 1808 vicem
1107 1781 1294 1814 convivantes,
1328 1789 1358 1809 se
1378 1782 1453 1816 ipsos
1470 1783 1550 1817 quasi
1566 1782 1599 1809 ad
1615 1782 1717 1809 inferos
1745 1782 1790 1810 die

1005 1827 1164 1855 certaminis
1173 1826 1286 1859 abituri.
1301 1827 1404 1856 osculis
1423 1829 1583 1855 resalutant.
1602 1827 1656 1855 Nos
1684 1833 1787 1855 tantam

1006 1873 1164 1908 religionem
1179 1873 1317 1907 admirati,
1333 1873 1418 1901 Deum
1437 1873 1642 1908 propitiatorem
1671 1873 1790 1909 profusis

1006 1918 1132 1954 lacrymis
1142 1919 1334 1953 prccabamur,
1346 1927 1439 1948 sacras
1467 1920 1610 1955 imagines,
1638 1920 1790 1955 processio—

981 1977 984 1981 ~
1006 1965 1113 1998 ttaliter.
1128 1966 1298 1999 compuncti,
1318 1973 1366 2000 per
1387 1966 1488 1993 vallum
1508 1966 1658 2002 urbemque
1675 1966 1790 1994 transfe-

1004 2016 1107 2044 rentes,
1125 2011 1206 2039 nudis
1222 2011 1337 2046 pedibus
1352 2011 1495 2039 mulierum
1508 2013 1684 2048 virorumque
1702 2014 1790 2041 turbis

1005 2058 1237 2092 consequentibus
1272 2058 1489 2093 deprecabantur
1517 2068 1579 2088 cum
1621 2060 1791 2095 pmoitudine

1005 2103 1096 2130 cordis
1121 2111 1156 2130 ne
1182 2104 1370 2132 hereditatem
1402 2113 1480 2133 suam
1506 2105 1636 2134 Dominus
1665 2107 1788 2134 demoliri

1006 2149 1184 2182 permitteret,
1201 2155 1228 2177 ct
1247 2151 1319 2185 quod
1341 2151 1499 2186 dignaretur
1529 2152 1654 2182 fidelibus
1683 2154 1739 2181 suis
1760 2154 1788 2181 in

1007 2197 1083 2220 tanto
1110 2191 1262 2223 certamine
1293 2197 1446 2232 porrigere
1474 2198 1609 2233 dextram,
1641 2200 1686 2234 qui
1714 2200 1790 2228 solus

169 2236 310 2281 animavit,
322 2234 471 2281 Eunuchus
485 2236 593 2281 tertius
617 2235 774 2281 consularis
797 2236 863 2264 baro
881 2237 954 2265 dicta
971 2236 992 2264 D
1007 2237 1088 2271 Deus,
1105 2244 1132 2267 ct
1158 2248 1210 2268 non
1240 2242 1310 2270 alius
1322 2250 1373 2277 pro
1400 2243 1564 2273 Christianis
1593 2253 1716 2281 pugnare
1742 2255 1789 2281 po-

170 2280 325 2308 conﬁrmat.
339 2278 468 2307 Iuniores
483 2280 567 2316 igitur
583 2280 645 2308 belli
662 2280 766 2309 duces:
784 2281 806 2308 0
823 2289 881 2313 rex,
912 2281 954 2308 irt-

169 2327 368 2363 quiunt..quis
389 2332 543 2363 peremptor
570 2328 730 2363 gentilitatis
755 2333 857 2356 nostrae
879 2329 955 2356 timi-

170 2373 282 2402 ditatem
296 2371 376 2400 nobis
393 2372 515 2400 incutit?
534 2373 616 2401 Decet
644 2373 853 2402 invictissimum
880 2375 956 2410 prin-

172 2410 258 2455 cipem
276 2422 462 2447 nostrum'res
476 2427 589 2455 magnas
602 2425 630 2447 et
643 2421 766 2456 cogitare
775 2426 804 2448 et
832 2422 955 2457 aggredi,

171 2470 198 2492 et
213 2470 406 2499 quemcunque
423 2468 553 2491 eventum
583 2465 777 2501 permagnilice
795 2467 874 2494 ferre.
904 2466 956 2494 Za-

173 2517 259 2545 ganus
279 2510 393 2545 proinde
410 2513 441 2537 ut
463 2510 531 2537 vidit
555 2510 757 2538 multitudinem
775 2512 843 2539 bene
861 2512 954 2547 dispo-

173 2555 254 2582 sitam
267 2561 275 2581 :
287 2554 337 2587 Da,
352 2555 450 2590 inquit,
466 2555 579 2588 bellum,
601 2563 666 2589 rex;
684 2556 813 2590 quoniam
840 2558 892 2585 diis
906 2559 958 2593 .fa-

175 2600 311 2634 ventibus,
326 2601 442 2628 victoria
461 2601 573 2637 gloriam
589 2602 778 2637 censcqueris.
804 2603 851 2630 HIS
868 2605 958 2639 itaque

175 2646 264 2674 verbis
277 2646 426 2674 animosior
451 2645 539 2674 factus
557 2654 603 2674 rex
626 2656 632 2672 :
666 2647 824 2682 Fortunam,
858 2650 956 2685 inquit,

174 2696 279 2720 tentare
296 2692 401 2720 licebit.
417 2693 459 2719 An
483 2691 638 2721 Macedonis
652 2694 774 2728 potentia
794 2703 853 2722 mea
869 2696 957 2724 maior

173 2737 238 2769 fuit,
254 2738 297 2765 cui
311 2737 387 2766 orbis
406 2738 512 2765 minore
527 2745 590 2766 cum
616 2739 738 2766 exercitu
759 2741 849 2774 paruit
865 2740 876 2767 ἲ
890 2741 957 2774 Quis

174 2788 222 2812 aut
245 2784 352 2820 genitor
373 2791 460 2816 meus,
477 2790 524 2812 aut
549 2792 628 2819 avus,
659 2790 705 2813 aut
727 2794 856 2820 proavus,
885 2792 958 2814 tanta

176 2835 319 2865 potestate,
340 2830 424 2858 tantis
451 2830 597 2864 machinis,
632 2836 666 2865 ut,
682 2840 743 2866 ego,
771 2833 865 2860 urbem
890 2833 970 2861 hanc-

174 2876 333 2913 oppressit?
345 2876 500 2909 Constituc,
515 2877 632 2912 Zagane,
644 2877 715 2906 diem
735 2878 807 2912 belli,
826 2887 959 2915 compone

294 2924 429 2954 PATBOL.
454 2926 510 2955 tiu.
538 2925 634 2955 CLix.

1007 2290 1066 2312 tens
1084 2292 1137 2314 est.
1154 2286 1246 2322 Itaque
1263 2294 1384 2317 nostram
1409 2298 1485 2325 spem
1506 2296 1589 2319 totam
1613 2293 1640 2319 in
1666 2292 1721 2320 Deo
1744 2302 1791 2328 pu-

1007 2336 1113 2365 bentes,
1143 2334 1325 2362 constitutum
1357 2337 1515 2365 certaminis
1547 2339 1618 2364 diem
1644 2339 1790 2366 confortati

1007 2378 1159 2411 vigurosius
1188 2381 1434 2414 exspectabamus:
1462 2387 1571 2417 propter
1595 2385 1666 2418 quod
1695 2385 1789 2413 ascitis

1007 2425 1286 2463 senatu,baronibus,
1312 2427 1373 2454 belli
1401 2429 1552 2463 capitaneis
1580 2433 1608 2457 et
1625 2431 1790 2458 commilito-

1008 2469 1087 2496 nibus
1102 2470 1136 2497 ab
1150 2470 1316 2505 imperatore
1336 2473 1483 2504 universis.
1500 2481 1591 2502 sermo
1601 2475 1663 2503 talis
1681 2476 1790 2504 habitus

1008 2519 1049 2542 cst
1061 2523 1068 2542 :
1080 2515 1231 2550 Quoniam,
1249 2518 1298 2544 \‘iri
1315 2520 1431 2550 nobiles,
1446 2520 1549 2548 militia:
1562 2521 1683 2550 illustres
1695 2523 1790 2554 duces.

1009 2569 1112 2596 vosque
1146 2563 1345 2593 commilitones
1383 2565 1622 2602 Christianissimi,
1643 2569 1790 2604 appropin-

1009 2612 1138 2641 quantem
1159 2610 1317 2637 certaminis
1340 2611 1434 2638 horam
1460 2612 1659 2647 conspicimus,
1689 2615 1790 2642 consti-

1009 2656 1123 2682 tuendos
1137 2663 1185 2683 vos
1198 2657 1248 2683 hoc
1264 2657 1290 2683 in
1305 2657 1365 2685 loco
1385 2660 1524 2694 proposui,
1545 2665 1574 2687 ut
1602 2662 1681 2695 plane
1706 2662 1790 2697 siqui—

1009 2700 1069 2727 dem
1087 2700 1245 2735 intelligatis
1256 2704 1437 2732 constantiam
1450 2710 1568 2733 vcstrant
1582 2707 1667 2742 magis
1681 2715 1712 2734 ac
1731 2716 1789 2735 nta-

1010 2747 1049 2780 gis
1061 2747 1234 2781 firmandam,
1248 2753 1341 2783 utpote
1352 2750 1397 2785 qui
1410 2751 1530 2786 gloriose
1540 2760 1642 2788 sempe:
1660 2755 1763 2781 advers:
1776 2762 1789 2782 s

1011 2792 1103 2819 hostes
1116 2792 1217 2820 Christi
1235 2793 1395 2827 dimicastis,
1420 2796 1476 2831 jam
1505 2798 1620 2831 patriam
1641 2798 1790 2833 urbemque

1011 2841 1066 2863 toto
1076 2837 1142 2864 urbe
1153 2839 1332 2874 periuclytam
1345 2850 1425 2876 quam
1438 2844 1538 2871 infidus
1548 2844 1711 2879 iuvidusque
1721 2844 1791 2872 Teu-

1010 2891 1072 2910 crus
1086 2883 1154 2912 duos
1169 2889 1195 2912 ct
1206 2887 1402 2922 quinquagiuza
1416 2889 1473 2918 dics
1484 2893 1684 2926 euanguslarit,
1698 2898 1791 2920 vestris

1541 2937 1577 2967 3U
