1961 3070
148 167 200 199 939

761 165 879 195 LEONA
888 166 951 196 RDl
980 167 1157 198 ClIlENSIS

1721 165 1776 196 940

148 224 210 251 altis
239 223 379 257 spiritibus
407 221 579 249 commissam
607 221 746 254 ItaneatiS,
772 231 859 257 neque
882 231 930 249 vos
947 226 965 254 Α
986 225 1133 259 quisquam
1151 223 1348 254 retrorcderct,
1367 223 1478 254 clausis,
1497 226 1702 256 pcrnoctarnnt
1722 223 1776 248 Λιι-

149 271 230 302 tnuri,
246 270 314 296 mole
329 269 446 304 ingentis
463 269 561 302 lapidis
582 269 615 295 ab
631 269 709 296 hoste
723 269 832 296 contriti
846 274 935 296 exter—

150 321 228 342 reant
242 324 247 341 :
262 316 389 350 quoniam
404 316 505 342 totatis
516 315 542 342 in
554 315 599 341 Dei
616 315 754 350 prtesidio,
767 315 793 342 in
812 315 935 342 lacertis-

151 370 203 396 que
222 363 316 388 vestris
334 361 446 388 vibratis
471 362 650 396 excussisque
677 362 775 396 gladiis
791 362 816 388 in
844 361 936 387 hostes

148 407 300 434 exercenda
312 412 361 434 est.
381 407 444 434 Scio
468 407 602 434 indoctant
634 407 706 434 illam
735 407 934 434 multitudinem

148 462 180 481 ex
197 461 272 480 more
284 453 388 488 magnis
396 461 604 487 congressuram
613 453 759 480 ululatibus
769 453 936 488 infinitisque

148 507 162 526 a
173 499 251 534 longe
260 499 376 533 sagittis,
386 507 438 525 non
452 505 583 532 personas
596 503 715 529 nostras,
726 499 857 533 quasjam
866 503 936 525 stre-

150 554 202 572 nue
230 551 348 572 armatas
373 545 524 580 conspicio,
549 545 596 573 sed
626 553 745 576 murum,
766 546 892 572 thoraces
905 552 936 571 ac

149 596 225 619 scuta
242 597 334 619 nostra
351 591 490 627 impetere.
520 592 613 627 Neque
625 599 689 627 ergo
706 599 781 619 more
800 599 934 625 equorum

149 644 216 673 quos
234 639 307 666 l'wni
321 639 384 666 dum
397 639 526 667 adversus
539 638 676 666 Rotuanos
688 639 875 671 decertarent,
891 645 936 672 per

150 685 358 719 elephantorum
374 685 490 711 inrisam
503 684 715 711 horribilitatem
731 683 870 710 deterrere
890 689 936 708 vo-

149 730 268 762 luerunt,
286 729 436 756 ululatibus
451 730 621 761 earumdem,
639 729 688 756 hac
705 729 731 754 in
755 736 842 763 pugna
869 735 936 754 cort-

149 775 290 802 sternandi
306 775 382 808 estis,
396 779 443 801 aut
456 774 579 809 fugandi,
593 775 658 810 quin
680 775 771 808 potius
796 772 934 800 animandi

151 826 180 847 ut
203 821 314 848 hercule
337 821 509 847 constantius
527 821 672 848 resistatis.
689 820 785 849 Bestiae
802 819 876 847 enim
894 819 935 846 fn-

149 872 250 901 ganlur
266 875 279 893 a
294 867 398 900 bestiis,
411 876 459 895 vos
472 868 516 902 qui
532 867 656 894 homines
672 867 738 894 estis
756 866 934 901 magnanimi,

137 913 251 940 'bestias
268 914 329 941 illas
354 914 469 941 viriliter
485 913 669 947 sustinebitis,
687 913 713 940 in
731 921 833 948 eosque
851 913 932 940 velttti

149 963 267 994 agrestes
285 966 365 993 apros
381 959 492 986 lattccas
509 959 710 993 inuerones'quc
725 963 830 986 vestros
847 957 935 990 figetis

150 1010 179 1032 ut
194 1005 356 1040 intelligant,
384 1013 444 1033 cum
465 1006 624 1040 aninmliym
645 1005 775 1037 dominis,
797 1013 850 1032 non
874 1012 934 1031 cum

149 1053 322 1085 animalibus,
345 1060 391 1080 eos
411 1052 573 1079 bellaturos.
595 1051 777 1085 Cognoscitis,
797 1051 869 1084 quod
886 1053 937 1077 im-

151 1098 212 1131 pius
230 1103 255 1124 et
272 1097 372 1124 infidus
387 1097 475 1124 hostis
501 1105 594 1132 pacem
616 1104 738 1124 nostram
756 1096 857 1130 injuste
875 1104 938 1130 pcr—

150 1145 281 1176 Iurbavil;
299 1144 492 1178 jusjurandum
508 1149 535 1171 et
559 1144 648 1171 fmdus
676 1144 747 1170 inter
762 1151 811 1168 nos
829 1147 936 1176 partem

150 1189 280 1222 violavit;
301 1189 415 1217 colonos
438 1189 661 1224 nostros_messis
686 1193 809 1223 tempore
829 1187 938 1214 interfe-

150 1238 203 1271 cit;
222 1238 356 1264 coloniam
371 1238 562 1272 depopulavit;
576 1241 710 1269 castrum,
724 1237 796 1270 quod
816 1235 893 1269 quasi
906 1235 937 1262 ad

151 1283 303 1310 vorandum
318 1283 489 1311 Christianos
502 1284 548 1315 sit,
562 1283 588 1310 iit
600 1282 769 1317 Propontide
783 1282 937 1312 azditieavit,

150 1329 330 1365 Galatantque
342 1330 518 1357 simulatione
530 1329 605 1364 pacis
617 1329 811 1356 circumdedit.
822 1328 940 1355 Minatur

152 1383 226 1402 nune
246 1375 420 1402 Constantini
437 1374 525 1408 Magni
545 1374 652 1405 urbem,
669 1373 785 1408 patriam
805 1377 939 1402 vestram,

153 1420 296 1455 profugum
309 1420 525 1448 Christianorum
538 1419 680 1452 auxilium,
692 1424 719 1445 et
730 1419 851 1446 omnium
863 1417 938 1445 Grie-

152 1474 247 1494 c0rum
273 1470 452 1492 tutamentum
477 1473 575 1500 capere
595 1474 601 1492 :
621 1470 649 1492 ct
667 1472 748 1493 sacra
765 1465 810 1492 Dei
839 1464 939 1498 templa

152 1513 259 1548 equinis
276 1513 391 1540 stabulis
407 1513 562 1547 Prolattarc.
578 1512 600 1540 Ο
627 1513 746 1539 barones
763 1511 829 1549 mei,
848 1520 864 1538 ο
881 1511 938 1538 fra-

154 1564 220 1590 tres,
233 1566 250 1585 o
264 1555 323 1591 lilii,
335 1557 555 1585 Christianorum
581 1564 714 1585 aeternum
743 1558 827 1584 decus
844 1555 940 1583 defen-

154 1613 215 1632 sare
251 1604 370 1631 curctisl
404 1603 514 1638 Vosque
543 1604 713 1635 Genuenses,
742 1603 792 1630 viri
825 1602 937 1637 quidem

155 1652 245 1685 magni
259 1651 359 1682 contis,
370 1650 510 1685 etinclyti,
524 1650 570 1685 qui
587 1649 701 1676 infinitis
711 1648 831 1676 victoriis
843 1647 939 1675 trium-

157 1697 271 1732 phasus,
297 1699 342 1730 qui
364 1697 458 1723 urbem
474 1697 558 1723 41ch
578 1702 692 1722 matrem
709 1700 827 1722 vestiam
845 1694 938 1721 multis

156 1746 286 1770 adversus
303 1743 410 1771 Turres
423 1743 618 1772 certaminibus
634 1751 741 1777 semper
767 1741 940 1777 protexistis,

155 1790 197 1817 eia
216 1791 298 1824 agite,
317 1790 403 1817 robur
422 1797 542 1816 vestrum
570 1790 828 1823 animositatemque
847 1791 941 1814 contra

155 1845 202 1864 cos
218 1837 333 1864 viriliter
350 1837 512 1864 ostendatis.
542 1834 563 1863 0
587 1835 691 1866 Veneti,
710 1834 760 1861 viri
786 1832 944 1868 potentissi-

156 1885 203 1918 mi,
233 1891 351 1919 quorum
376 1883 465 1916 gladio
494 1889 682 1917 saepenumero
706 1880 858 1908 Turcortun
879 1887 944 1906 san-

156 1932 216 1966 guis
235 1930 393 1962 eﬂ'untlitur,
419 1931 521 1964 quique
549 1929 647 1956 dictus
669 1928 771 1955 nostris
794 1935 840 1962 per
866 1926 944 1954 Plor-

156 1979 227 2004 dano
248 1977 511 2005 exrcllentissinmm
535 1976 634 2003 classis
653 1979 753 2002 nostra:
771 1974 942 2009 praefectum,

157 2029 194 2050 tot
213 2024 315 2058 galeas,
335 2028 374 2051 tot
388 2023 533 2050 inlidorum
546 2023 651 2049 animas
668 2022 700 2048 ad
721 2021 825 2048 inferos
845 2020 943 2047 crebro

156 2070 308 2101 destinatis,
334 2069 437 2104 quique
456 2069 496 2095 uti
514 2073 633 2095 vestram
657 2068 727 2094 hanc
749 2067 842 2094 urbem
863 2067 943 2101 inge-

157 2116 219 2142 nuis
247 2121 272 2143 et
301 2115 406 2150 magnis
429 2114 495 2141 viris
525 2113 688 2144 decoraslis.
716 2113 854 2140 extollatis
871 2120 943 2139 nunc

155 2172 162 2186 ι
173 2160 244 2187 ιιὶεοξ
256 2161 362 2186 animos
379 2159 413 2186 ad
428 2166 578 2186 certamen.
592 2158 710 2192 Vosque,
727 2157 939 2189 commilitones,

156 2206 254 2233 vestris
273 2205 410 2240 praefectis
437 2212 546 2231 onmem
562 2204 747 2231 obedientiam
763 2203 940 2235 exhibentes,

156 2254 308 2289 intelligite,
322 2254 394 2288 quod
410 2254 454 2280 hic
472 2253 531 2279 dies
545 2257 587 2278 est
602 2252 694 2286 gloria:
709 2255 806 2277 vestrm
821 2260 827 2277 :
844 2251 870 2277 ιιι
887 2259 941 2285 quo

156 2303 179 2329 si
199 2302 342 2337 Sanguinis
355 2304 460 2335 guttam
478 2298 760 2329 fuderitis,coronant
779 2297 854 2324 vobis
871 2305 942 2323 tuar-

156 2349 218 2383 tyrii
233 2354 260 2376 et
274 2348 388 2383 gloriam
414 2345 547 2382 parabilis
570 2344 765 2371 ittttttortalem.

193 2394 282 2429 Itaque
295 2393 370 2420 linito
383 2399 510 2420 sermone
523 2392 613 2418 omnis
626 2390 845 2417 Christianorum
858 2395 945 2416 ccetns

156 2447 325 2468 constantem
338 2448 368 2467 se
382 2440 502 2466 animuut
531 2438 634 2464 habere
660 2436 819 2471 spopondit.
837 2435 946 2469 Repetit

158 2489 305 2521 imperator
323 2495 330 2513 :
347 2485 439 2514 Estote
454 2486 536 2520 igitur
549 2492 644 2511 otnnes
660 2483 688 2510 in
706 2488 767 2510 actu
783 2483 882 2509 virtute
899 2490 947 2517 pa-

159 2533 208 2560 rati
226 2533 253 2560 in
268 2532 428 2565 crastinum,
444 2539 509 2566 quo,
529 2531 584 2558 Deo
597 2531 716 2562 favente,
730 2530 768 2556 ttti
787 2537 944 2564 speramus,

159 2579 300 2606 victoriam
317 2585 531 2613 consequemur.
547 2577 701 2605 Gottfortati
718 2577 834 2611 posthac
856 2575 944 2603 (ἓνωεί

158 2625 204 2661 qui
222 2625 339 2660 primum
357 2625 434 2659 quasi
453 2623 544 2659 pavidi
564 2624 664 2651 bellum
682 2623 872 2654 declintbant,
889 2621 945 2647 vir-

159 2677 271 2707 tuteque
289 2670 453 2701 conﬁrmati,
477 2669 591 2704 privatis
619 2676 679 2705 pOst
715 2675 790 2702 terga
819 2668 945 2695 dimissis

159 2719 252 2752 rebus,
269 2717 302 2744 ad
320 2722 459 2744 certamen
474 2724 522 2751 pro
545 2717 682 2744 centntuni
707 2717 794 2742 salute
818 2719 947 2742 constan-

120 2776 125 2780 κ
161 2771 203 2793 ter
232 2764 415 2797 alacrilcrqne
439 2763 615 2796 conspirant;
639 2763 752 2796 suisque
777 2770 823 2796 per
841 2761 945 2794 capita-

163 2819 239 2843 neos,
250 2811 343 2842 duces,
355 2809 492 2839 tribunos,
503 2802 684 2837 etrttittritint-s.
697 2808 833 2839 decurios,
845 2816 868 2842 p:
877 2815 946 2841 epu-

160 2850 283 2893 gnaculis
293 2856 436 2884 ordinatis.
448 2860 527 2882 nocte
536 2862 566 2881 ca
576 2862 635 2889 quae
644 2853 755 2880 Martem
766 2855 945 2887 prater-defiat,

163 2903 286 2931 maximis
309 2902 435 2930 excubiis
460 2901 531 2928 infra
551 2901 670 2931 vallum,
694 2900 777 2926 valvis
800 2899 890 2932 urbis,
913 2907 945 2926 tte

988 273 1067 298 diunt
1095 271 1165 296 inter
1188 271 1245 296 lttcc
1268 269 1355 304 parari
1382 269 1541 299 machinas.
1560 269 1620 295 vehi
1642 274 1775 296 caetratas

988 317 1065 351 bigas
1079 326 1085 343 :
1105 317 1181 343 \allis
1194 316 1283 342 scalas
1300 320 1403 342 rotatas
1420 314 1570 342 admoveri.
1588 313 1692 342 Classis
1708 322 1777 349 prte-

988 367 1072 394 terca,
1091 366 1120 388 ut
1141 361 1290 388 circumdet
1308 367 1415 394 portum
1435 365 1461 387 et
1483 360 1589 392 urbem,
1607 360 1772 394 disponitur.

988 407 1058 434 Pons
1088 407 1165 442 juxta
1196 407 1270 433 urbis
1298 407 1386 440 ripam
1419 406 1598 441 applicatur:
1627 407 1775 438 omniaque

988 452 1208 479 machinamenta
1235 451 1383 478 instantius
1406 455 1604 485 praaparautur,
1620 451 1775 485 praepositis

989 502 1069 524 ttoctu
1088 498 1179 524 minus
1194 497 1325 529 robustis,
1340 498 1484 531 minu3que
1500 497 1638 528 doctis,ut
1649 497 1713 523 dum
1728 497 1772 524 tux

987 544 1092 579 venerit
1105 545 1275 571 robustiores
1289 544 1390 571 milites
1402 544 1459 570 sint
1474 548 1607 570 recentes.
1627 543 1773 570 Certamen

987 593 1137 625 incltoant;
1152 592 1237 620 nostri
1257 599 1351 626 magna
1365 600 1426 619 eum
1439 592 1613 619 animositate
1625 590 1753 619 resistqu
1767 600 1773 623 ;

987 639 1079 667 hostes
1092 639 1227 666 machinis
1243 643 1269 666 et
1288 638 1398 665 balistis
1411 638 1544 673 repellunt
1558 647 1565 670 ;
1584 642 1608 664 et
1623 645 1654 664 ex
1692 644 1773 665 utra—

987 693 1038 720 que
1059 689 1133 719 parte
1145 685 1481 719 proportionabil'terocci
1495 686 1599 712 lantur.
1617 684 1773 712 Tencbrusa

987 739 1040 758 nox
1056 731 1082 758 in
1100 731 1187 757 lucem
1203 730 1329 761 trahitur,
1349 731 1450 758 nostris
1463 730 1646 758 vincentibus.
1665 731 1696 758 Et
1710 733 1773 757 dum

987 783 1059 804 astra
1072 777 1183 810 cedunt,
1199 777 1262 803 dum
1282 776 1375 803 Plimbi
1404 777 1533 810 priccedit
1545 777 1654 804 Lucifer
1671 783 1774 809 ortum,

987 824 1112 852 buccinis
1129 831 1162 850 ex
1181 829 1297 857 utraque
1326 827 1403 856 parte
1429 823 1612 857 crepantibus,
1641 824 1776 858 tympanis

988 870 1230 906 perstrepentibns,
1241 869 1382 896 altissimis
1394 870 1559 897 clamoribus
1573 871 1675 901 missis,
1690 870 1774 903 llla'a,

989 916 1073 948 lllala,
1086 916 1112 942 iit
1127 915 1238 942 Martem
1255 917 1441 946 couc'anians,
1453 916 1630 950 cauglubatns
1646 916 1671 942 in
1681 923 1775 950 gyrum

988 963 1130 996 consurgit
1146 961 1296 988 exercitus.
1317 959 1375 987 Una
1391 968 1456 995 ergo
1471 961 1539 988 hora
1560 969 1670 988 onmeut
1702 966 1775 988 terra

988 1013 1014 1035 et
1030 1008 1099 1034 mari
1115 1009 1209 1034 urbem
1230 1007 1372 1034 invadunt.
1387 1006 1528 1034 Machinas
1558 1007 1675 1041 primum
1689 1015 1776 1033 excu-

989 1057 1075 1086 tiunt;
1094 1055 1210 1089 sagittas
1223 1054 1322 1081 coelum
1340 1055 1520 1081 obscurantes
1532 1054 1692 1081 immittunt.
1707 1055 1777 1081 Con-

990 1107 1029 1128 tra
1048 1101 1134 1128 nostri
1150 1100 1265 1128 missilia
1286 1100 1371 1127 invisa
1390 1100 1538 1127 demittunt
1575 1099 1780 1134 spingardasin‘

990 1148 1100 1184 globum
1118 1147 1236 1182 jaeiunt1
1247 1146 1388 1173 Scinditur
1402 1146 1546 1185 exercitus
1556 1145 1679 1173 horribili
1695 1146 1777 1172 Chri-

990 1196 1141 1223 stiauoruut
1169 1193 1337 1221 resistentia.
1378 1192 1455 1219 Tunc
1485 1193 1552 1220 fiunt
1580 1192 1716 1220 clamores
1749 1192 1776 1218 in

990 1241 1104 1273 coelum,
1128 1241 1227 1269 vexilla
1243 1239 1362 1267 alacrius
1379 1239 1590 1273 expanduntur;
1607 1247 1622 1264 o
1637 1238 1777 1265 mirandas

991 1288 1109 1315 bestias!
1143 1287 1316 1315 consumitur
1344 1286 1495 1318 exercitus,
1524 1289 1550 1311 et
1578 1285 1775 1312 immensurata

991 1334 1105 1361 audacia
1122 1333 1223 1361 vallum
1237 1334 1340 1360 intrare
1357 1333 1508 1367 prtcsumit.
1522 1332 1629 1359 Cadunt
1641 1331 1777 1366 lapidibus

991 1380 1081 1407 obruti
1097 1379 1189 1412 Turci,
1206 1379 1286 1406 morti
1302 1379 1378 1406 multi
1395 1378 1596 1411 sttCeu-nbunt,
1618 1383 1644 1405 et
1661 1385 1690 1404 se
1705 1377 1780 1404 invi-

992 1433 1049 1453 cent
1067 1426 1261 1452 εοιιρυΙςειιιιιξε
1277 1429 1382 1452 tentant
1395 1431 1442 1458 per
1459 1424 1567 1450 l‘tlillalll
1586 1431 1681 1450 nllll‘OS
1697 1431 1780 1450 SCﬂll‘

991 1472 1066 1499 dere.
1083 1476 1104 1498 Α
1124 1473 1227 1498 nostris
1242 1471 1352 1506 quidem
1380 1475 1492 1497 strenue
1517 1469 1697 1504 repelluntur,
1730 1469 1778 1496 si-d

991 1517 1127 1544 vulnerati
1148 1516 1234 1543 nostri
1269 1516 1361 1547 multi,
1394 1523 1513 1550 pugnam
1545 1514 1695 1542 declinant.
1722 1515 1781 1541 Stat

953 1564 976 1593 α
992 1563 1153 1597 eapitancus
1170 1562 1291 1590 Joannes
1305 1570 1312 1595 ;
1330 1561 1538 1588 stanter-terim
1554 1561 1611 1588 suis
1624 1568 1780 1595 protzugna-

991 1609 1072 1636 culis.
1088 1609 1177 1636 Duces
1195 1611 1362 1635 succurrunt
1376 1607 1452 1634 urbis
1474 1607 1617 1641 eapitaneo
1637 1606 1775 1640 deputati.

991 1655 1153 1689 Imperator,
1180 1654 1240 1686 Eia,
1266 1654 1365 1688 inquit,
1390 1653 1440 1679 viri
1469 1653 1577 1679 fortes!
1602 1653 1658 1686 jam
1676 1653 1782 1678 laxatur

992 1701 1129 1728 exercitus
1146 1700 1281 1732 hostium,
1318 1707 1419 1726 corona
1445 1700 1566 1726 victoriae
1579 1699 1658 1726 nobis
1688 1700 1782 1733 utique

992 1746 1084 1774 datur.
1108 1745 1180 1773 Deus
1196 1745 1339 1773 nobiscum
1353 1750 1412 1777 est;
1432 1745 1505 1779 agite
1522 1749 1697 1771 coiistantcm
1730 1753 1779 1778 pu-

993 1800 1085 1828 gnam.
1104 1793 1177 1819 Inter
1198 1792 1255 1818 haec
1268 1791 1340 1818 malo
1367 1790 1443 1818 urbis
1469 1790 1537 1824 fato,
1567 1791 1635 1817 heu!
1662 1789 1784 1818 Joannes

993 1838 1165 1867 Justinianus
1178 1838 1277 1871 sagitta
1298 1837 1350 1865 sub
1362 1837 1444 1865 axilla
1465 1838 1612 1872 configitur
1630 1847 1637 1864 :
1653 1838 1699 1871 qui
1719 1845 1781 1864 mox

994 1885 1152 1920 inexpertus
1164 1883 1283 1918 juvenis,
1298 1884 1339 1910 sui
1354 1883 1495 1919 sanguinis
1505 1883 1640 1911 cﬂ‘usione
1654 1883 1781 1918 pavidus,

994 1931 1137 1965 perdenda:
1151 1931 1213 1957 vita:
1230 1935 1302 1957 metu
1322 1929 1494 1961 concutitttr,
1511 1935 1538 1956 et
1554 1937 1586 1957 ne
1603 1935 1781 1964 pugnaturos,

994 1977 1039 2012 qui
1065 1977 1239 2005 vulneratum
1273 1976 1448 2011 ignorabant,
1476 1976 1576 2002 virtute
1607 1976 1781 2010 frangantur,

995 2023 1064 2050 clam
1082 2023 1217 2050 medicum
1245 2023 1411 2056 qumsiturus
1432 2022 1466 2048 ab
1487 2023 1545 2049 acie
1574 2022 1710 2049 discessit.
1728 2022 1782 2056 Qui

996 2071 1018 2097 si
1040 2070 1122 2096 alium
1147 2077 1199 2096 suo
1219 2069 1279 2096 loco
1303 2069 1492 2104 subrogasset.
1510 2069 1586 2096 salus
1612 2070 1706 2103 patriae
1726 2078 1780 2096 non

997 2115 1131 2150 periisset.
1157 2115 1277 2150 Pugnant
1296 2115 1368 2142 inter
1382 2114 1440 2142 inec
1459 2115 1573 2141 arduam
1594 2117 1780 2143 committth

998 2163 1159 2197 Imperator,
1177 2167 1205 2188 ut
1226 2161 1295 2188 vidit
1321 2161 1417 2188 deesse
1442 2161 1627 2195 capitaneum,
1655 2162 1784 2195 ingemis-

998 2215 1074 2238 cens.
1086 2215 1140 2243 quo
1157 2206 1261 2234 scilicet
1287 2206 1358 2239 ierit,
1380 2212 1582 2241 percunctatur.
1602 2205 1693 2233 Nostri
1708 2212 1736 2232 ιιι
1754 2214 1785 2233 se

997 2254 1090 2281 vident
1107 2253 1165 2280 sine
1178 2252 1256 2285 duce,
1275 2252 1381 2279 resilire
1397 2260 1411 2279 e
1430 2251 1495 2278 lucis
1513 2252 1657 2286 incipiunt.
1685 2251 1784 2279 Teucri

998 2300 1213 2331 convalescunt;
1230 2299 1328 2325 horror
1359 2299 1459 2326 nostris
1486 2298 1627 2324 incutitur.
1644 2298 1785 2324 Desiderio

997 2347 1070 2373 enini
1093 2345 1186 2373 cuncti
1208 2345 1402 2372 desiderabant
1431 2352 1462 2371 ex
1481 2344 1636 2376 periculoso
1660 2341 1706 2370 illo
1722 2344 1785 2371 loco

997 2393 1070 2420 scire
1100 2391 1166 2426 quid
1195 2391 1374 2425 contigisset;
1402 2390 1475 2425 quod
1504 2390 1705 2424 pra‘l‘ectorttm,
1737 2389 1784 2425 qui

998 2437 1104 2472 singula
1136 2444 1198 2470 qum
1223 2436 1347 2469 sinistra,
1379 2436 1420 2463 vel
1446 2444 1575 2470 prospera
1607 2438 1784 2469 evenissent,

998 2485 1125 2512 nuntiare
1143 2484 1290 2516 debebant,
1312 2483 1475 2518 negligentia
1493 2483 1709 2518 prattermissum
1730 2488 1785 2510 est.

998 2530 1128 2558 Terrebat
1152 2530 1281 2557 acerbum
1304 2529 1367 2556 illud
1393 2529 1506 2562 bellum,
1527 2531 1572 2563 qui
1593 2537 1690 2564 magno
1721 2537 1784 2556 cum

998 2578 1108 2605 silc‘ntio
1135 2584 1150 2604 a
1179 2576 1259 2611 longe
1290 2576 1443 2604 stetissent.
1475 2575 1674 2610 Fatigabantur
1703 2575 1787 2610 igitur

998 2622 1084 2649 nostri
1117 2623 1298 2657 plurimum:
1328 2626 1354 2648 et
1385 2629 1465 2657 quem
1497 2625 1692 2655 reparaverant
1722 2621 1786 2649 bac-

998 2670 1158 2697 cbtttureum
1186 2676 1314 2700 murum,
1343 2668 1464 2695 hostium
1491 2668 1698 2702 compressione
1721 2675 1787 2702 patr-

1000 2717 1081 2751 Iisper
1105 2716 1245 2742 deserunt.
1274 2714 1332 2747 Quo
1359 2714 1483 2749 inspecto
1507 2713 1658 2748 diiudicant
1689 2713 1786 2740 Teucri

1000 2767 1109 2796 propter
1122 2760 1311 2795 repletiOnetn,
1332 2768 1413 2794 quain
1433 2759 1510 2786 ruina
1529 2759 1651 2794 collapsa
1671 2758 1786 2791 fecerat,

999 2815 1077 2840 requu
1088 2805 1154 2833 calle
1165 2813 1245 2840 posse
1258 2806 1376 2831 transire
1393 2804 1570 2831 :lrrttendum
1584 2804 1668 2838 igitur
1679 2809 1731 2838 est,
1746 2805 1787 2832 in-

999 2852 1106 2887 quiunt,
1116 2855 1143 2877 ct
1158 2851 1239 2877 veluti
1253 2851 1422 2885 impetuosus
1433 2851 1521 2884 turbo,
1533 2859 1585 2877 ttno
1597 2851 1715 2886 impulsu
1725 2859 1786 2878 mu~

1001 2906 1045 2926 ros
1054 2897 1218 2931 ascendunt;
1230 2905 1290 2925 mox
1305 2898 1442 2926 moenibus
1451 2897 1546 2925 vexilla
1558 2898 1681 2931 figentes,
1691 2895 1786 2923 hilari—
