  <div class='ocr_page' id='page_1' title='image "/cluster/home/n/w/nwhite01/storage/ocr_20150623/159/njp.32101077773248/482.png"; bbox 0 0 1961 3070; ppageno 0'>
   <div class='ocr_carea' id='block_1_1' title="bbox 153 148 203 180">
    <p class='ocr_par' dir='ltr' id='par_1_1' title="bbox 153 148 203 180">
     <span class='ocr_line' id='line_1_1' title="bbox 153 148 203 180; baseline 0.02 -1"><span class='ocrx_word' id='word_1_1' title='bbox 153 148 203 180; x_wconf 66' lang='grc'><strong>941</strong></span> 
     </span>
    </p>
   </div>
   <div class='ocr_carea' id='block_1_2' title="bbox 699 149 1231 181">
    <p class='ocr_par' dir='ltr' id='par_1_2' title="bbox 699 149 1231 181">
     <span class='ocr_line' id='line_1_2' title="bbox 699 149 1231 181; baseline 0.006 -3"><span class='ocrx_word' id='word_1_2' title='bbox 699 149 746 179; x_wconf 90' lang='lat' dir='ltr'><strong>DE</strong></span> <span class='ocrx_word' id='word_1_3' title='bbox 773 149 1073 180; x_wconf 70' lang='lat' dir='ltr'><strong>EXPUGNATIONE</strong></span> <span class='ocrx_word' id='word_1_4' title='bbox 1089 151 1231 181; x_wconf 62' lang='lat' dir='ltr'><strong>Cl’i)l.lS.</strong></span> 
     </span>
    </p>
   </div>
   <div class='ocr_carea' id='block_1_3' title="bbox 1729 150 1782 184">
    <p class='ocr_par' dir='ltr' id='par_1_3' title="bbox 1729 150 1782 184">
     <span class='ocr_line' id='line_1_3' title="bbox 1729 150 1782 184; baseline 0.019 -1"><span class='ocrx_word' id='word_1_5' title='bbox 1729 150 1782 184; x_wconf 65' lang='lat'><strong>952</strong></span> 
     </span>
    </p>
   </div>
   <div class='ocr_carea' id='block_1_4' title="bbox 154 199 1779 242">
    <p class='ocr_par' dir='ltr' id='par_1_4' title="bbox 154 199 1779 242">
     <span class='ocr_line' id='line_1_4' title="bbox 154 199 1779 242; baseline 0.002 -12"><span class='ocrx_word' id='word_1_6' title='bbox 154 199 208 231; x_wconf 75' lang='lat' dir='ltr'><strong>‘ate</strong></span> <span class='ocrx_word' id='word_1_7' title='bbox 223 203 294 237; x_wconf 83' lang='lat' dir='ltr'><strong>pleni</strong></span> <span class='ocrx_word' id='word_1_8' title='bbox 307 203 483 230; x_wconf 72' lang='lat' dir='ltr'><strong>conclamant</strong></span> <span class='ocrx_word' id='word_1_9' title='bbox 497 204 651 237; x_wconf 82' lang='lat' dir='ltr'><strong>victoriam,</strong></span> <span class='ocrx_word' id='word_1_10' title='bbox 666 205 755 239; x_wconf 74' lang='lat' dir='ltr'><strong>gladio</strong></span> <span class='ocrx_word' id='word_1_11' title='bbox 766 210 897 239; x_wconf 79' lang='lat' dir='ltr'><strong>pugnant,</strong></span> <span class='ocrx_word' id='word_1_12' title='bbox 911 209 936 230; x_wconf 83' lang='lat' dir='ltr'><strong>ct</strong></span> <span class='ocrx_word' id='word_1_13' title='bbox 955 205 975 232; x_wconf 84' lang='lat' dir='ltr'><strong>A</strong></span> <span class='ocrx_word' id='word_1_14' title='bbox 993 207 1171 233; x_wconf 70' lang='lat' dir='ltr'><strong>reverentia-.11</strong></span> <span class='ocrx_word' id='word_1_15' title='bbox 1189 213 1276 240; x_wconf 71' lang='lat' dir='ltr'><strong>neque</strong></span> <span class='ocrx_word' id='word_1_16' title='bbox 1294 205 1395 232; x_wconf 60' lang='lat' dir='ltr'><strong>sanctis</strong></span> <span class='ocrx_word' id='word_1_17' title='bbox 1409 206 1570 241; x_wconf 55' lang='lat' dir='ltr'><strong>imaginibus</strong></span> <span class='ocrx_word' id='word_1_18' title='bbox 1582 206 1693 238; x_wconf 86' lang='lat' dir='ltr'><strong>habent,</strong></span> <span class='ocrx_word' id='word_1_19' title='bbox 1715 209 1779 242; x_wconf 86' lang='lat' dir='ltr'><strong>quin</strong></span> 
     </span>
    </p>
   </div>
   <div class='ocr_carea' id='block_1_5' title="bbox 153 247 938 282">
    <p class='ocr_par' dir='ltr' id='par_1_5' title="bbox 153 247 938 282">
     <span class='ocr_line' id='line_1_5' title="bbox 153 247 938 282; baseline 0.004 -9"><span class='ocrx_word' id='word_1_20' title='bbox 153 247 244 282; x_wconf 88' lang='lat' dir='ltr'><strong>quoad</strong></span> <span class='ocrx_word' id='word_1_21' title='bbox 256 251 383 281; x_wconf 81' lang='lat' dir='ltr'><strong>possunt.</strong></span> <span class='ocrx_word' id='word_1_22' title='bbox 393 248 466 275; x_wconf 88' lang='lat' dir='ltr'><strong>omni</strong></span> <span class='ocrx_word' id='word_1_23' title='bbox 482 256 543 276; x_wconf 91' lang='lat' dir='ltr'><strong>cum</strong></span> <span class='ocrx_word' id='word_1_24' title='bbox 556 249 657 277; x_wconf 85' lang='lat' dir='ltr'><strong>virtute</strong></span> <span class='ocrx_word' id='word_1_25' title='bbox 670 253 779 277; x_wconf 89' lang='lat' dir='ltr'><strong>nostros</strong></span> <span class='ocrx_word' id='word_1_26' title='bbox 793 250 833 277; x_wconf 86' lang='lat' dir='ltr'><strong>vel</strong></span> <span class='ocrx_word' id='word_1_27' title='bbox 848 254 938 276; x_wconf 63' lang='lat' dir='ltr'><strong>estor-</strong></span> 
     </span>
    </p>
   </div>
   <div class='ocr_carea' id='block_1_6' title="bbox 154 294 938 331">
    <p class='ocr_par' dir='ltr' id='par_1_6' title="bbox 154 294 938 331">
     <span class='ocr_line' id='line_1_6' title="bbox 154 294 938 331; baseline 0.004 -11"><span class='ocrx_word' id='word_1_28' title='bbox 154 294 270 327; x_wconf 84' lang='lat' dir='ltr'><strong>minare,</strong></span> <span class='ocrx_word' id='word_1_29' title='bbox 286 295 328 322; x_wconf 81' lang='lat' dir='ltr'><strong>vel</strong></span> <span class='ocrx_word' id='word_1_30' title='bbox 339 295 474 329; x_wconf 78' lang='lat' dir='ltr'><strong>subjicere</strong></span> <span class='ocrx_word' id='word_1_31' title='bbox 490 296 652 325; x_wconf 79' lang='lat' dir='ltr'><strong>moliamur.</strong></span> <span class='ocrx_word' id='word_1_32' title='bbox 670 296 820 331; x_wconf 77' lang='lat' dir='ltr'><strong>Imperator</strong></span> <span class='ocrx_word' id='word_1_33' title='bbox 833 296 938 329; x_wconf 70' lang='lat' dir='ltr'><strong>inf-liv,</strong></span> 
     </span>
    </p>
   </div>
   <div class='ocr_carea' id='block_1_7' title="bbox 155 340 941 378">
    <p class='ocr_par' dir='ltr' id='par_1_7' title="bbox 155 340 941 378">
     <span class='ocr_line' id='line_1_7' title="bbox 155 340 941 378; baseline 0.005 -12"><span class='ocrx_word' id='word_1_34' title='bbox 155 346 185 366; x_wconf 85' lang='grc' dir='ltr'><strong>ιιι</strong></span> <span class='ocrx_word' id='word_1_35' title='bbox 202 340 269 367; x_wconf 87' lang='lat' dir='ltr'><strong>vidit</strong></span> <span class='ocrx_word' id='word_1_36' title='bbox 292 343 466 376; x_wconf 83' lang='lat' dir='ltr'><strong>capitaneum</strong></span> <span class='ocrx_word' id='word_1_37' title='bbox 493 343 691 378; x_wconf 83' lang='lat' dir='ltr'><strong>desperatum:</strong></span> <span class='ocrx_word' id='word_1_38' title='bbox 717 343 774 371; x_wconf 87' lang='lat' dir='ltr'><strong>lleu</strong></span> <span class='ocrx_word' id='word_1_39' title='bbox 799 351 844 370; x_wconf 89' lang='lat' dir='ltr'><strong>me</strong></span> <span class='ocrx_word' id='word_1_40' title='bbox 859 344 941 370; x_wconf 84' lang='lat' dir='ltr'><strong>misc-</strong></span> 
     </span>
    </p>
   </div>
   <div class='ocr_carea' id='block_1_8' title="bbox 155 387 938 423">
    <p class='ocr_par' dir='ltr' id='par_1_8' title="bbox 155 387 938 423">
     <span class='ocr_line' id='line_1_8' title="bbox 155 387 938 423; baseline 0.004 -11"><span class='ocrx_word' id='word_1_41' title='bbox 155 387 231 413; x_wconf 85' lang='lat' dir='ltr'><strong>ruuil</strong></span> <span class='ocrx_word' id='word_1_42' title='bbox 247 387 346 421; x_wconf 86' lang='lat' dir='ltr'><strong>inquit,</strong></span> <span class='ocrx_word' id='word_1_43' title='bbox 362 388 467 423; x_wconf 75' lang='lat' dir='ltr'><strong>peritus</strong></span> <span class='ocrx_word' id='word_1_44' title='bbox 478 388 566 416; x_wconf 85' lang='lat' dir='ltr'><strong>urbs?</strong></span> <span class='ocrx_word' id='word_1_45' title='bbox 580 388 603 416; x_wconf 88' lang='lat'><strong>0</strong></span> <span class='ocrx_word' id='word_1_46' title='bbox 615 389 809 416; x_wconf 69' lang='lat' dir='ltr'><strong>infortunatam</strong></span> <span class='ocrx_word' id='word_1_47' title='bbox 822 390 938 417; x_wconf 84' lang='lat' dir='ltr'><strong>sortem!</strong></span> 
     </span>
    </p>
   </div>
   <div class='ocr_carea' id='block_1_9' title="bbox 155 433 941 469">
    <p class='ocr_par' dir='ltr' id='par_1_9' title="bbox 155 433 941 469">
     <span class='ocr_line' id='line_1_9' title="bbox 155 433 941 469; baseline 0.004 -9"><span class='ocrx_word' id='word_1_48' title='bbox 155 433 233 464; x_wconf 86' lang='lat' dir='ltr'><strong>siste,</strong></span> <span class='ocrx_word' id='word_1_49' title='bbox 247 441 352 467; x_wconf 87' lang='lat' dir='ltr'><strong>precor,</strong></span> <span class='ocrx_word' id='word_1_50' title='bbox 370 434 521 469; x_wconf 80' lang='lat' dir='ltr'><strong>capitance.</strong></span> <span class='ocrx_word' id='word_1_51' title='bbox 535 435 602 462; x_wconf 85' lang='lat' dir='ltr'><strong>Nam</strong></span> <span class='ocrx_word' id='word_1_52' title='bbox 620 441 664 462; x_wconf 83' lang='lat' dir='ltr'><strong>tua</strong></span> <span class='ocrx_word' id='word_1_53' title='bbox 678 435 740 469; x_wconf 73' lang='lat' dir='ltr'><strong>fuga</strong></span> <span class='ocrx_word' id='word_1_54' title='bbox 760 436 829 463; x_wconf 88' lang='lat' dir='ltr'><strong>alios</strong></span> <span class='ocrx_word' id='word_1_55' title='bbox 846 435 941 463; x_wconf 79' lang='lat' dir='ltr'><strong>incitat</strong></span> 
     </span>
    </p>
   </div>
   <div class='ocr_carea' id='block_1_10' title="bbox 155 479 941 517">
    <p class='ocr_par' dir='ltr' id='par_1_10' title="bbox 155 479 941 517">
     <span class='ocr_line' id='line_1_10' title="bbox 155 479 941 517; baseline 0 -11"><span class='ocrx_word' id='word_1_56' title='bbox 155 481 188 507; x_wconf 82' lang='lat' dir='ltr'><strong>ad</strong></span> <span class='ocrx_word' id='word_1_57' title='bbox 201 479 370 515; x_wconf 81' lang='lat' dir='ltr'><strong>fugiendum.</strong></span> <span class='ocrx_word' id='word_1_58' title='bbox 383 481 440 508; x_wconf 79' lang='lat' dir='ltr'><strong>Non</strong></span> <span class='ocrx_word' id='word_1_59' title='bbox 452 485 493 508; x_wconf 87' lang='lat' dir='ltr'><strong>cst</strong></span> <span class='ocrx_word' id='word_1_60' title='bbox 506 482 622 510; x_wconf 81' lang='lat' dir='ltr'><strong>mortale</strong></span> <span class='ocrx_word' id='word_1_61' title='bbox 633 481 743 513; x_wconf 84' lang='lat' dir='ltr'><strong>vulnus,</strong></span> <span class='ocrx_word' id='word_1_62' title='bbox 755 487 850 517; x_wconf 81' lang='lat' dir='ltr'><strong>patere</strong></span> <span class='ocrx_word' id='word_1_63' title='bbox 863 482 941 509; x_wconf 81' lang='lat' dir='ltr'><strong>dolo-</strong></span> 
     </span>
    </p>
   </div>
   <div class='ocr_carea' id='block_1_11' title="bbox 155 526 941 564">
    <p class='ocr_par' dir='ltr' id='par_1_11' title="bbox 155 526 941 564">
     <span class='ocr_line' id='line_1_11' title="bbox 155 526 941 564; baseline 0.004 -11"><span class='ocrx_word' id='word_1_64' title='bbox 155 534 223 559; x_wconf 81' lang='lat' dir='ltr'><strong>rem,</strong></span> <span class='ocrx_word' id='word_1_65' title='bbox 240 531 270 553; x_wconf 86' lang='lat' dir='ltr'><strong>et</strong></span> <span class='ocrx_word' id='word_1_66' title='bbox 292 527 359 555; x_wconf 85' lang='lat' dir='ltr'><strong>siste</strong></span> <span class='ocrx_word' id='word_1_67' title='bbox 379 526 506 560; x_wconf 83' lang='lat' dir='ltr'><strong>viriliter,</strong></span> <span class='ocrx_word' id='word_1_68' title='bbox 526 532 557 555; x_wconf 91' lang='lat' dir='ltr'><strong>ut</strong></span> <span class='ocrx_word' id='word_1_69' title='bbox 575 529 757 564; x_wconf 80' lang='lat' dir='ltr'><strong>spopondisti.</strong></span> <span class='ocrx_word' id='word_1_70' title='bbox 777 529 812 556; x_wconf 81' lang='lat' dir='ltr'><strong>At</strong></span> <span class='ocrx_word' id='word_1_71' title='bbox 828 529 941 556; x_wconf 25' lang='lat' dir='ltr'><strong>illersa-</strong></span> 
     </span>
    </p>
   </div>
   <div class='ocr_carea' id='block_1_12' title="bbox 154 573 940 610">
    <p class='ocr_par' dir='ltr' id='par_1_12' title="bbox 154 573 940 610">
     <span class='ocr_line' id='line_1_12' title="bbox 154 573 940 610; baseline 0.003 -11"><span class='ocrx_word' id='word_1_72' title='bbox 154 574 231 604; x_wconf 86' lang='lat' dir='ltr'><strong>Iutis,</strong></span> <span class='ocrx_word' id='word_1_73' title='bbox 259 573 361 608; x_wconf 76' lang='lat' dir='ltr'><strong>gloriae,</strong></span> <span class='ocrx_word' id='word_1_74' title='bbox 392 574 491 609; x_wconf 77' lang='lat' dir='ltr'><strong>suique</strong></span> <span class='ocrx_word' id='word_1_75' title='bbox 512 575 625 608; x_wconf 90' lang='lat' dir='ltr'><strong>oblitus,</strong></span> <span class='ocrx_word' id='word_1_76' title='bbox 656 575 694 602; x_wconf 86' lang='lat' dir='ltr'><strong>uti</strong></span> <span class='ocrx_word' id='word_1_77' title='bbox 721 575 802 602; x_wconf 81' lang='lat' dir='ltr'><strong>altam</strong></span> <span class='ocrx_word' id='word_1_78' title='bbox 832 575 940 610; x_wconf 82' lang='lat' dir='ltr'><strong>quidem</strong></span> 
     </span>
    </p>
   </div>
   <div class='ocr_carea' id='block_1_13' title="bbox 157 620 943 657">
    <p class='ocr_par' dir='ltr' id='par_1_13' title="bbox 157 620 943 657">
     <span class='ocr_line' id='line_1_13' title="bbox 157 620 943 657; baseline 0.003 -11"><span class='ocrx_word' id='word_1_79' title='bbox 157 620 245 654; x_wconf 79' lang='lat' dir='ltr'><strong>primo</strong></span> <span class='ocrx_word' id='word_1_80' title='bbox 264 620 530 655; x_wconf 75' lang='lat' dir='ltr'><strong>magnanimitatem,</strong></span> <span class='ocrx_word' id='word_1_81' title='bbox 545 621 581 648; x_wconf 83' lang='lat' dir='ltr'><strong>ita</strong></span> <span class='ocrx_word' id='word_1_82' title='bbox 598 621 714 656; x_wconf 81' lang='lat' dir='ltr'><strong>posthac</strong></span> <span class='ocrx_word' id='word_1_83' title='bbox 733 621 943 657; x_wconf 79' lang='lat' dir='ltr'><strong>pusillanimita-</strong></span> 
     </span>
    </p>
   </div>
   <div class='ocr_carea' id='block_1_14' title="bbox 155 666 942 703">
    <p class='ocr_par' dir='ltr' id='par_1_14' title="bbox 155 666 942 703">
     <span class='ocr_line' id='line_1_14' title="bbox 155 666 942 703; baseline 0.006 -13"><span class='ocrx_word' id='word_1_84' title='bbox 155 672 208 692; x_wconf 81' lang='lat' dir='ltr'><strong>ti&#39;m</strong></span> <span class='ocrx_word' id='word_1_85' title='bbox 225 666 355 693; x_wconf 75' lang='lat' dir='ltr'><strong>ostendit.</strong></span> <span class='ocrx_word' id='word_1_86' title='bbox 385 666 482 698; x_wconf 78' lang='lat' dir='ltr'><strong>Debuit</strong></span> <span class='ocrx_word' id='word_1_87' title='bbox 493 667 578 700; x_wconf 87' lang='lat' dir='ltr'><strong>enim,</strong></span> <span class='ocrx_word' id='word_1_88' title='bbox 592 668 615 695; x_wconf 86' lang='lat' dir='ltr'><strong>si</strong></span> <span class='ocrx_word' id='word_1_89' title='bbox 634 671 740 703; x_wconf 83' lang='lat' dir='ltr'><strong>poterat</strong></span> <span class='ocrx_word' id='word_1_90' title='bbox 755 667 877 695; x_wconf 83' lang='lat' dir='ltr'><strong>vulneris</strong></span> <span class='ocrx_word' id='word_1_91' title='bbox 890 668 942 695; x_wconf 89' lang='lat' dir='ltr'><strong>do-</strong></span> 
     </span>
    </p>
   </div>
   <div class='ocr_carea' id='block_1_15' title="bbox 155 711 941 747">
    <p class='ocr_par' dir='ltr' id='par_1_15' title="bbox 155 711 941 747">
     <span class='ocr_line' id='line_1_15' title="bbox 155 711 941 747; baseline 0.001 -9"><span class='ocrx_word' id='word_1_92' title='bbox 155 712 239 738; x_wconf 88' lang='lat' dir='ltr'><strong>lorem</strong></span> <span class='ocrx_word' id='word_1_93' title='bbox 254 711 378 745; x_wconf 76' lang='lat' dir='ltr'><strong>suﬂ&#39;erre,</strong></span> <span class='ocrx_word' id='word_1_94' title='bbox 395 721 448 740; x_wconf 90' lang='lat' dir='ltr'><strong>non</strong></span> <span class='ocrx_word' id='word_1_95' title='bbox 462 713 599 746; x_wconf 83' lang='lat' dir='ltr'><strong>recedere,</strong></span> <span class='ocrx_word' id='word_1_96' title='bbox 613 713 636 741; x_wconf 89' lang='lat' dir='ltr'><strong>si</strong></span> <span class='ocrx_word' id='word_1_97' title='bbox 650 713 689 740; x_wconf 93' lang='lat' dir='ltr'><strong>vir</strong></span> <span class='ocrx_word' id='word_1_98' title='bbox 700 718 760 741; x_wconf 88' lang='lat' dir='ltr'><strong>erat</strong></span> <span class='ocrx_word' id='word_1_99' title='bbox 771 721 780 747; x_wconf 88' lang='lat'><strong>;</strong></span> <span class='ocrx_word' id='word_1_100' title='bbox 792 713 833 741; x_wconf 89' lang='lat' dir='ltr'><strong>vel</strong></span> <span class='ocrx_word' id='word_1_101' title='bbox 845 713 941 741; x_wconf 79' lang='lat' dir='ltr'><strong>saltem</strong></span> 
     </span>
    </p>
   </div>
   <div class='ocr_carea' id='block_1_16' title="bbox 155 759 772 796">
    <p class='ocr_par' dir='ltr' id='par_1_16' title="bbox 155 759 772 796">
     <span class='ocr_line' id='line_1_16' title="bbox 155 759 772 796; baseline 0.008 -12"><span class='ocrx_word' id='word_1_102' title='bbox 155 759 249 791; x_wconf 84' lang='lat' dir='ltr'><strong>alium,</strong></span> <span class='ocrx_word' id='word_1_103' title='bbox 266 759 313 792; x_wconf 88' lang='lat' dir='ltr'><strong>qui</strong></span> <span class='ocrx_word' id='word_1_104' title='bbox 329 759 388 787; x_wconf 91' lang='lat' dir='ltr'><strong>loco</strong></span> <span class='ocrx_word' id='word_1_105' title='bbox 403 759 446 788; x_wconf 89' lang='lat' dir='ltr'><strong>sui</strong></span> <span class='ocrx_word' id='word_1_106' title='bbox 465 760 599 794; x_wconf 82' lang='lat' dir='ltr'><strong>stetisset,</strong></span> <span class='ocrx_word' id='word_1_107' title='bbox 615 761 772 796; x_wconf 77' lang='lat' dir='ltr'><strong>subrogare.</strong></span> 
     </span>
    </p>
   </div>
   <div class='ocr_carea' id='block_1_17' title="bbox 190 804 942 840">
    <p class='ocr_par' dir='ltr' id='par_1_17' title="bbox 190 804 942 840">
     <span class='ocr_line' id='line_1_17' title="bbox 190 804 942 840; baseline 0.007 -10"><span class='ocrx_word' id='word_1_108' title='bbox 190 804 363 840; x_wconf 83' lang='lat' dir='ltr'><strong>Franguntur</strong></span> <span class='ocrx_word' id='word_1_109' title='bbox 374 813 408 833; x_wconf 82' lang='lat' dir='ltr'><strong>ex</strong></span> <span class='ocrx_word' id='word_1_110' title='bbox 422 806 474 834; x_wconf 88' lang='lat' dir='ltr'><strong>hoc</strong></span> <span class='ocrx_word' id='word_1_111' title='bbox 486 804 607 834; x_wconf 77' lang='lat' dir='ltr'><strong>omnium</strong></span> <span class='ocrx_word' id='word_1_112' title='bbox 622 807 836 835; x_wconf 86' lang='lat' dir='ltr'><strong>commilitonum</strong></span> <span class='ocrx_word' id='word_1_113' title='bbox 847 808 942 840; x_wconf 81' lang='lat' dir='ltr'><strong>animi,</strong></span> 
     </span>
    </p>
   </div>
   <div class='ocr_carea' id='block_1_18' title="bbox 156 850 942 887">
    <p class='ocr_par' dir='ltr' id='par_1_18' title="bbox 156 850 942 887">
     <span class='ocr_line' id='line_1_18' title="bbox 156 850 942 887; baseline 0.008 -12"><span class='ocrx_word' id='word_1_114' title='bbox 156 850 319 878; x_wconf 76' lang='lat' dir='ltr'><strong>hebetentur</strong></span> <span class='ocrx_word' id='word_1_115' title='bbox 346 852 429 884; x_wconf 81' lang='lat' dir='ltr'><strong>vires,</strong></span> <span class='ocrx_word' id='word_1_116' title='bbox 456 856 484 879; x_wconf 85' lang='lat' dir='ltr'><strong>et</strong></span> <span class='ocrx_word' id='word_1_117' title='bbox 506 853 676 887; x_wconf 86' lang='lat' dir='ltr'><strong>capitaneum</strong></span> <span class='ocrx_word' id='word_1_118' title='bbox 715 854 875 887; x_wconf 75' lang='lat' dir='ltr'><strong>fugientem,</strong></span> <span class='ocrx_word' id='word_1_119' title='bbox 910 864 942 881; x_wconf 90' lang='lat' dir='ltr'><strong>ne</strong></span> 
     </span>
    </p>
   </div>
   <div class='ocr_carea' id='block_1_19' title="bbox 156 897 941 935">
    <p class='ocr_par' dir='ltr' id='par_1_19' title="bbox 156 897 941 935">
     <span class='ocr_line' id='line_1_19' title="bbox 156 897 941 935; baseline 0.008 -13"><span class='ocrx_word' id='word_1_120' title='bbox 156 901 281 930; x_wconf 63' lang='lat' dir='ltr'><strong>pereant,</strong></span> <span class='ocrx_word' id='word_1_121' title='bbox 305 897 498 932; x_wconf 90' lang='lat' dir='ltr'><strong>insequuntur.</strong></span> <span class='ocrx_word' id='word_1_122' title='bbox 521 898 558 925; x_wconf 87' lang='lat' dir='ltr'><strong>Da</strong></span> <span class='ocrx_word' id='word_1_123' title='bbox 588 899 730 931; x_wconf 86' lang='lat' dir='ltr'><strong>clientulo,</strong></span> <span class='ocrx_word' id='word_1_124' title='bbox 750 900 839 935; x_wconf 85' lang='lat' dir='ltr'><strong>inquit</strong></span> <span class='ocrx_word' id='word_1_125' title='bbox 865 901 941 935; x_wconf 80' lang='lat' dir='ltr'><strong>capi-</strong></span> 
     </span>
    </p>
   </div>
   <div class='ocr_carea' id='block_1_20' title="bbox 155 943 942 982">
    <p class='ocr_par' dir='ltr' id='par_1_20' title="bbox 155 943 942 982">
     <span class='ocr_line' id='line_1_20' title="bbox 155 943 942 982; baseline 0.008 -14"><span class='ocrx_word' id='word_1_126' title='bbox 155 946 261 972; x_wconf 81' lang='lat' dir='ltr'><strong>laneus.</strong></span> <span class='ocrx_word' id='word_1_127' title='bbox 272 943 374 970; x_wconf 87' lang='lat' dir='ltr'><strong>clavem</strong></span> <span class='ocrx_word' id='word_1_128' title='bbox 388 948 481 978; x_wconf 66' lang='grc' dir='ltr'><strong>ροῐοιαξ,</strong></span> <span class='ocrx_word' id='word_1_129' title='bbox 491 951 572 978; x_wconf 86' lang='lat' dir='ltr'><strong>quam</strong></span> <span class='ocrx_word' id='word_1_130' title='bbox 583 952 645 972; x_wconf 78' lang='lat' dir='ltr'><strong>mox</strong></span> <span class='ocrx_word' id='word_1_131' title='bbox 654 950 801 973; x_wconf 87' lang='lat' dir='ltr'><strong>reseratam</strong></span> <span class='ocrx_word' id='word_1_132' title='bbox 815 951 942 982; x_wconf 79' lang='lat' dir='ltr'><strong>satagunt</strong></span> 
     </span>
    </p>
   </div>
   <div class='ocr_carea' id='block_1_21' title="bbox 155 991 941 1028">
    <p class='ocr_par' dir='ltr' id='par_1_21' title="bbox 155 991 941 1028">
     <span class='ocr_line' id='line_1_21' title="bbox 155 991 941 1028; baseline 0.005 -12"><span class='ocrx_word' id='word_1_133' title='bbox 155 997 253 1025; x_wconf 83' lang='lat' dir='ltr'><strong>magna</strong></span> <span class='ocrx_word' id='word_1_134' title='bbox 268 997 330 1017; x_wconf 89' lang='lat' dir='ltr'><strong>cum</strong></span> <span class='ocrx_word' id='word_1_135' title='bbox 347 992 556 1025; x_wconf 84' lang='lat' dir='ltr'><strong>compressione</strong></span> <span class='ocrx_word' id='word_1_136' title='bbox 574 991 701 1019; x_wconf 87' lang='lat' dir='ltr'><strong>transire.</strong></span> <span class='ocrx_word' id='word_1_137' title='bbox 718 992 849 1020; x_wconf 77' lang='lat' dir='ltr'><strong>Rcscrata</strong></span> <span class='ocrx_word' id='word_1_138' title='bbox 864 999 941 1028; x_wconf 84' lang='lat' dir='ltr'><strong>porta</strong></span> 
     </span>
    </p>
   </div>
   <div class='ocr_carea' id='block_1_22' title="bbox 156 1035 941 1074">
    <p class='ocr_par' dir='ltr' id='par_1_22' title="bbox 156 1035 941 1074">
     <span class='ocr_line' id='line_1_22' title="bbox 156 1035 941 1074; baseline 0.005 -12"><span class='ocrx_word' id='word_1_139' title='bbox 156 1035 223 1071; x_wconf 80' lang='lat' dir='ltr'><strong>fugit</strong></span> <span class='ocrx_word' id='word_1_140' title='bbox 233 1036 390 1070; x_wconf 80' lang='lat' dir='ltr'><strong>capitaneus</strong></span> <span class='ocrx_word' id='word_1_141' title='bbox 404 1037 510 1069; x_wconf 81' lang='lat' dir='ltr'><strong>Pcram,</strong></span> <span class='ocrx_word' id='word_1_142' title='bbox 522 1038 570 1072; x_wconf 88' lang='lat' dir='ltr'><strong>qui</strong></span> <span class='ocrx_word' id='word_1_143' title='bbox 586 1042 680 1072; x_wconf 78' lang='lat' dir='ltr'><strong>postea</strong></span> <span class='ocrx_word' id='word_1_144' title='bbox 693 1038 788 1068; x_wconf 84' lang='lat' dir='ltr'><strong>Chium</strong></span> <span class='ocrx_word' id='word_1_145' title='bbox 799 1040 941 1074; x_wconf 74' lang='lat' dir='ltr'><strong>navigans,</strong></span> 
     </span>
    </p>
   </div>
   <div class='ocr_carea' id='block_1_23' title="bbox 155 1083 940 1120">
    <p class='ocr_par' dir='ltr' id='par_1_23' title="bbox 155 1083 940 1120">
     <span class='ocr_line' id='line_1_23' title="bbox 155 1083 940 1120; baseline 0.005 -12"><span class='ocrx_word' id='word_1_146' title='bbox 155 1089 186 1109; x_wconf 85' lang='lat' dir='ltr'><strong>cx</strong></span> <span class='ocrx_word' id='word_1_147' title='bbox 202 1083 311 1111; x_wconf 89' lang='lat' dir='ltr'><strong>vulnere</strong></span> <span class='ocrx_word' id='word_1_148' title='bbox 340 1083 382 1110; x_wconf 86' lang='lat' dir='ltr'><strong>vel</strong></span> <span class='ocrx_word' id='word_1_149' title='bbox 405 1083 516 1111; x_wconf 83' lang='lat' dir='ltr'><strong>tristitia</strong></span> <span class='ocrx_word' id='word_1_150' title='bbox 532 1084 678 1120; x_wconf 71' lang='lat' dir='ltr'><strong>inglorium</strong></span> <span class='ocrx_word' id='word_1_151' title='bbox 704 1086 849 1114; x_wconf 80' lang='lat' dir='ltr'><strong>transitum</strong></span> <span class='ocrx_word' id='word_1_152' title='bbox 865 1085 940 1113; x_wconf 87' lang='lat' dir='ltr'><strong>fecit.</strong></span> 
     </span>
    </p>
   </div>
   <div class='ocr_carea' id='block_1_24' title="bbox 156 1127 942 1165">
    <p class='ocr_par' dir='ltr' id='par_1_24' title="bbox 156 1127 942 1165">
     <span class='ocr_line' id='line_1_24' title="bbox 156 1127 942 1165; baseline 0.005 -12"><span class='ocrx_word' id='word_1_153' title='bbox 156 1127 307 1161; x_wconf 82' lang='lat' dir='ltr'><strong>imperator</strong></span> <span class='ocrx_word' id='word_1_154' title='bbox 337 1127 461 1162; x_wconf 84' lang='lat' dir='ltr'><strong>insuper,</strong></span> <span class='ocrx_word' id='word_1_155' title='bbox 490 1136 524 1156; x_wconf 85' lang='lat' dir='ltr'><strong>ne</strong></span> <span class='ocrx_word' id='word_1_156' title='bbox 549 1129 585 1157; x_wconf 88' lang='lat' dir='ltr'><strong>ab</strong></span> <span class='ocrx_word' id='word_1_157' title='bbox 606 1129 731 1158; x_wconf 83' lang='lat' dir='ltr'><strong>hostibus</strong></span> <span class='ocrx_word' id='word_1_158' title='bbox 752 1131 877 1165; x_wconf 80' lang='lat' dir='ltr'><strong>capiatur</strong></span> <span class='ocrx_word' id='word_1_159' title='bbox 894 1139 902 1157; x_wconf 87' lang='lat'>:</span> <span class='ocrx_word' id='word_1_160' title='bbox 920 1132 942 1157; x_wconf 89' lang='grc' dir='ltr'>υ</span> 
     </span>
    </p>
   </div>
   <div class='ocr_carea' id='block_1_25' title="bbox 155 1173 942 1211">
    <p class='ocr_par' dir='ltr' id='par_1_25' title="bbox 155 1173 942 1211">
     <span class='ocr_line' id='line_1_25' title="bbox 155 1173 942 1211; baseline 0.004 -11"><span class='ocrx_word' id='word_1_161' title='bbox 155 1173 301 1207; x_wconf 79' lang='lat' dir='ltr'><strong>quispiam,</strong></span> <span class='ocrx_word' id='word_1_162' title='bbox 315 1174 413 1209; x_wconf 87' lang='lat' dir='ltr'><strong>inquit,</strong></span> <span class='ocrx_word' id='word_1_163' title='bbox 429 1175 522 1203; x_wconf 86' lang='lat' dir='ltr'><strong>valens</strong></span> <span class='ocrx_word' id='word_1_164' title='bbox 534 1180 594 1211; x_wconf 91' lang='lat' dir='ltr'><strong>ty.ro</strong></span> <span class='ocrx_word' id='word_1_165' title='bbox 605 1179 715 1210; x_wconf 85' lang='lat' dir='ltr'><strong>propter</strong></span> <span class='ocrx_word' id='word_1_166' title='bbox 728 1175 823 1208; x_wconf 86' lang='lat' dir='ltr'><strong>Deum,</strong></span> <span class='ocrx_word' id='word_1_167' title='bbox 836 1184 871 1204; x_wconf 84' lang='lat' dir='ltr'><strong>ne</strong></span> <span class='ocrx_word' id='word_1_168' title='bbox 886 1185 942 1203; x_wconf 88' lang='lat' dir='ltr'><strong>tua-</strong></span> 
     </span>
    </p>
   </div>
   <div class='ocr_carea' id='block_1_26' title="bbox 155 1220 941 1258">
    <p class='ocr_par' dir='ltr' id='par_1_26' title="bbox 155 1220 941 1258">
     <span class='ocr_line' id='line_1_26' title="bbox 155 1220 941 1258; baseline 0.005 -12"><span class='ocrx_word' id='word_1_169' title='bbox 155 1220 240 1253; x_wconf 77' lang='lat' dir='ltr'><strong>jcstas</strong></span> <span class='ocrx_word' id='word_1_170' title='bbox 256 1220 339 1247; x_wconf 85' lang='lat' dir='ltr'><strong>vafris</strong></span> <span class='ocrx_word' id='word_1_171' title='bbox 352 1221 418 1248; x_wconf 88' lang='lat' dir='ltr'><strong>viris</strong></span> <span class='ocrx_word' id='word_1_172' title='bbox 432 1222 603 1254; x_wconf 85' lang='lat' dir='ltr'><strong>succumbat,</strong></span> <span class='ocrx_word' id='word_1_173' title='bbox 620 1230 681 1250; x_wconf 84' lang='lat' dir='ltr'><strong>meo</strong></span> <span class='ocrx_word' id='word_1_174' title='bbox 693 1222 782 1258; x_wconf 84' lang='lat' dir='ltr'><strong>gladio</strong></span> <span class='ocrx_word' id='word_1_175' title='bbox 799 1230 842 1251; x_wconf 90' lang='lat' dir='ltr'><strong>me</strong></span> <span class='ocrx_word' id='word_1_176' title='bbox 855 1227 941 1250; x_wconf 87' lang='lat' dir='ltr'><strong>trans-</strong></span> 
     </span>
    </p>
   </div>
   <div class='ocr_carea' id='block_1_27' title="bbox 158 1266 940 1304">
    <p class='ocr_par' dir='ltr' id='par_1_27' title="bbox 158 1266 940 1304">
     <span class='ocr_line' id='line_1_27' title="bbox 158 1266 940 1304; baseline 0.005 -12"><span class='ocrx_word' id='word_1_177' title='bbox 158 1266 231 1300; x_wconf 85' lang='lat' dir='ltr'><strong>figat.</strong></span> <span class='ocrx_word' id='word_1_178' title='bbox 247 1266 319 1294; x_wconf 83' lang='lat' dir='ltr'><strong>Inter</strong></span> <span class='ocrx_word' id='word_1_179' title='bbox 332 1268 388 1294; x_wconf 62' lang='lat' dir='ltr'><strong>hac</strong></span> <span class='ocrx_word' id='word_1_180' title='bbox 403 1266 572 1302; x_wconf 82' lang='lat' dir='ltr'><strong>Theophilus</strong></span> <span class='ocrx_word' id='word_1_181' title='bbox 589 1267 768 1304; x_wconf 71' lang='lat' dir='ltr'><strong>Palmologus,</strong></span> <span class='ocrx_word' id='word_1_182' title='bbox 786 1269 828 1296; x_wconf 90' lang='lat' dir='ltr'><strong>vir</strong></span> <span class='ocrx_word' id='word_1_183' title='bbox 842 1270 940 1297; x_wconf 83' lang='lat' dir='ltr'><strong>catho—</strong></span> 
     </span>
    </p>
   </div>
   <div class='ocr_carea' id='block_1_28' title="bbox 158 1311 939 1350">
    <p class='ocr_par' dir='ltr' id='par_1_28' title="bbox 158 1311 939 1350">
     <span class='ocr_line' id='line_1_28' title="bbox 158 1311 939 1350; baseline 0.009 -13"><span class='ocrx_word' id='word_1_184' title='bbox 158 1311 243 1340; x_wconf 85' lang='lat' dir='ltr'><strong>licus:</strong></span> <span class='ocrx_word' id='word_1_185' title='bbox 255 1311 313 1339; x_wconf 79' lang='lat' dir='ltr'><strong>Jam</strong></span> <span class='ocrx_word' id='word_1_186' title='bbox 325 1313 428 1347; x_wconf 84' lang='lat' dir='ltr'><strong>perdita</strong></span> <span class='ocrx_word' id='word_1_187' title='bbox 439 1314 516 1346; x_wconf 85' lang='lat' dir='ltr'><strong>urbe,</strong></span> <span class='ocrx_word' id='word_1_188' title='bbox 527 1323 580 1347; x_wconf 86' lang='lat' dir='ltr'><strong>me,</strong></span> <span class='ocrx_word' id='word_1_189' title='bbox 592 1315 690 1349; x_wconf 79' lang='lat' dir='ltr'><strong>inquit,</strong></span> <span class='ocrx_word' id='word_1_190' title='bbox 701 1316 790 1343; x_wconf 79' lang='lat' dir='ltr'><strong>virere</strong></span> <span class='ocrx_word' id='word_1_191' title='bbox 798 1324 851 1343; x_wconf 91' lang='lat' dir='ltr'><strong>non</strong></span> <span class='ocrx_word' id='word_1_192' title='bbox 864 1317 939 1350; x_wconf 83' lang='lat' dir='ltr'><strong>licet;</strong></span> 
     </span>
    </p>
   </div>
   <div class='ocr_carea' id='block_1_29' title="bbox 158 1355 941 1394">
    <p class='ocr_par' dir='ltr' id='par_1_29' title="bbox 158 1355 941 1394">
     <span class='ocr_line' id='line_1_29' title="bbox 158 1355 941 1394; baseline 0.008 -10"><span class='ocrx_word' id='word_1_193' title='bbox 158 1355 382 1393; x_wconf 81' lang='lat' dir='ltr'><strong>Teucrorumque</strong></span> <span class='ocrx_word' id='word_1_194' title='bbox 396 1360 501 1394; x_wconf 88' lang='lat' dir='ltr'><strong>pondus</strong></span> <span class='ocrx_word' id='word_1_195' title='bbox 512 1360 673 1394; x_wconf 79' lang='lat' dir='ltr'><strong>aliquandiu</strong></span> <span class='ocrx_word' id='word_1_196' title='bbox 688 1362 838 1394; x_wconf 78' lang='lat' dir='ltr'><strong>sustinens,</strong></span> <span class='ocrx_word' id='word_1_197' title='bbox 856 1367 882 1390; x_wconf 81' lang='lat' dir='ltr'><strong>et</strong></span> <span class='ocrx_word' id='word_1_198' title='bbox 896 1364 941 1390; x_wconf 87' lang='lat' dir='ltr'><strong>de-</strong></span> 
     </span>
    </p>
   </div>
   <div class='ocr_carea' id='block_1_30' title="bbox 157 1406 942 1437">
    <p class='ocr_par' dir='ltr' id='par_1_30' title="bbox 157 1406 942 1437">
     <span class='ocr_line' id='line_1_30' title="bbox 157 1406 942 1437; baseline 0.008 -6"><span class='ocrx_word' id='word_1_199' title='bbox 157 1409 277 1436; x_wconf 82' lang='lat' dir='ltr'><strong>certans,</strong></span> <span class='ocrx_word' id='word_1_200' title='bbox 297 1406 386 1433; x_wconf 87' lang='lat' dir='ltr'><strong>securi</strong></span> <span class='ocrx_word' id='word_1_201' title='bbox 409 1406 582 1434; x_wconf 88' lang='lat' dir='ltr'><strong>discinditur.</strong></span> <span class='ocrx_word' id='word_1_202' title='bbox 604 1407 642 1435; x_wconf 86' lang='lat' dir='ltr'><strong>Ita</strong></span> <span class='ocrx_word' id='word_1_203' title='bbox 664 1408 802 1436; x_wconf 84' lang='lat' dir='ltr'><strong>Johanncs</strong></span> <span class='ocrx_word' id='word_1_204' title='bbox 827 1409 942 1437; x_wconf 87' lang='lat' dir='ltr'><strong>Sclavus</strong></span> 
     </span>
    </p>
   </div>
   <div class='ocr_carea' id='block_1_31' title="bbox 159 1450 942 1490">
    <p class='ocr_par' dir='ltr' id='par_1_31' title="bbox 159 1450 942 1490">
     <span class='ocr_line' id='line_1_31' title="bbox 159 1450 942 1490; baseline 0.008 -13"><span class='ocrx_word' id='word_1_205' title='bbox 159 1450 293 1485; x_wconf 79' lang='lat' dir='ltr'><strong>Illyricus,</strong></span> <span class='ocrx_word' id='word_1_206' title='bbox 308 1451 390 1481; x_wconf 83' lang='lat' dir='ltr'><strong>veluti</strong></span> <span class='ocrx_word' id='word_1_207' title='bbox 405 1451 534 1481; x_wconf 84' lang='lat' dir='ltr'><strong>Hercules</strong></span> <span class='ocrx_word' id='word_1_208' title='bbox 545 1461 574 1481; x_wconf 87' lang='lat' dir='ltr'><strong>se</strong></span> <span class='ocrx_word' id='word_1_209' title='bbox 586 1461 737 1488; x_wconf 81' lang='lat' dir='ltr'><strong>opponens,</strong></span> <span class='ocrx_word' id='word_1_210' title='bbox 752 1455 852 1484; x_wconf 88' lang='lat' dir='ltr'><strong>multos</strong></span> <span class='ocrx_word' id='word_1_211' title='bbox 867 1456 942 1490; x_wconf 89' lang='lat' dir='ltr'><strong>prius</strong></span> 
     </span>
    </p>
   </div>
   <div class='ocr_carea' id='block_1_32' title="bbox 159 1493 942 1532">
    <p class='ocr_par' dir='ltr' id='par_1_32' title="bbox 159 1493 942 1532">
     <span class='ocr_line' id='line_1_32' title="bbox 159 1493 942 1532; baseline 0.01 -10"><span class='ocrx_word' id='word_1_212' title='bbox 159 1501 269 1528; x_wconf 75' lang='lat' dir='ltr'><strong>tttactnt,</strong></span> <span class='ocrx_word' id='word_1_213' title='bbox 289 1497 385 1526; x_wconf 88' lang='lat' dir='ltr'><strong>deinde</strong></span> <span class='ocrx_word' id='word_1_214' title='bbox 396 1493 485 1532; x_wconf 79' lang='lat' dir='ltr'><strong>gladio</strong></span> <span class='ocrx_word' id='word_1_215' title='bbox 497 1499 583 1527; x_wconf 84' lang='lat' dir='ltr'><strong>finivit</strong></span> <span class='ocrx_word' id='word_1_216' title='bbox 595 1500 678 1528; x_wconf 83' lang='lat' dir='ltr'><strong>vitam</strong></span> <span class='ocrx_word' id='word_1_217' title='bbox 693 1501 795 1529; x_wconf 79' lang='lat' dir='ltr'><strong>bestili.</strong></span> <span class='ocrx_word' id='word_1_218' title='bbox 820 1502 855 1530; x_wconf 87' lang='lat' dir='ltr'><strong>Se</strong></span> <span class='ocrx_word' id='word_1_219' title='bbox 871 1503 942 1530; x_wconf 88' lang='lat' dir='ltr'><strong>invi-</strong></span> 
     </span>
    </p>
   </div>
   <div class='ocr_carea' id='block_1_33' title="bbox 159 1545 941 1581">
    <p class='ocr_par' dir='ltr' id='par_1_33' title="bbox 159 1545 941 1581">
     <span class='ocr_line' id='line_1_33' title="bbox 159 1545 941 1581; baseline 0.006 -12"><span class='ocrx_word' id='word_1_220' title='bbox 159 1551 216 1570; x_wconf 87' lang='lat' dir='ltr'><strong>ccut</strong></span> <span class='ocrx_word' id='word_1_221' title='bbox 233 1549 326 1578; x_wconf 81' lang='lat' dir='ltr'><strong>postea</strong></span> <span class='ocrx_word' id='word_1_222' title='bbox 342 1545 445 1576; x_wconf 84' lang='lat' dir='ltr'><strong>nostri,</strong></span> <span class='ocrx_word' id='word_1_223' title='bbox 462 1549 491 1575; x_wconf 88' lang='lat' dir='ltr'><strong>ut</strong></span> <span class='ocrx_word' id='word_1_224' title='bbox 513 1549 617 1580; x_wconf 84' lang='lat' dir='ltr'><strong>portam</strong></span> <span class='ocrx_word' id='word_1_225' title='bbox 638 1546 825 1581; x_wconf 71' lang='lat' dir='ltr'><strong>ingrediantur</strong></span> <span class='ocrx_word' id='word_1_226' title='bbox 836 1568 843 1580; x_wconf 84' lang='grc'><em>,</em></span> <span class='ocrx_word' id='word_1_227' title='bbox 865 1556 941 1576; x_wconf 90' lang='lat' dir='ltr'><strong>com-</strong></span> 
     </span>
    </p>
   </div>
   <div class='ocr_carea' id='block_1_34' title="bbox 160 1589 941 1628">
    <p class='ocr_par' dir='ltr' id='par_1_34' title="bbox 160 1589 941 1628">
     <span class='ocr_line' id='line_1_34' title="bbox 160 1589 941 1628; baseline 0.009 -13"><span class='ocrx_word' id='word_1_228' title='bbox 160 1589 310 1623; x_wconf 85' lang='lat' dir='ltr'><strong>primentes</strong></span> <span class='ocrx_word' id='word_1_229' title='bbox 329 1596 455 1625; x_wconf 84' lang='lat' dir='ltr'><strong>pereunt.</strong></span> <span class='ocrx_word' id='word_1_230' title='bbox 473 1590 579 1624; x_wconf 78' lang='lat' dir='ltr'><strong>Quibus</strong></span> <span class='ocrx_word' id='word_1_231' title='bbox 602 1592 711 1620; x_wconf 78' lang='lat' dir='ltr'><strong>innixus</strong></span> <span class='ocrx_word' id='word_1_232' title='bbox 728 1593 875 1628; x_wconf 86' lang='lat' dir='ltr'><strong>imperator</strong></span> <span class='ocrx_word' id='word_1_233' title='bbox 894 1603 941 1622; x_wconf 87' lang='lat' dir='ltr'><strong>ca-</strong></span> 
     </span>
    </p>
   </div>
   <div class='ocr_carea' id='block_1_35' title="bbox 159 1636 942 1672">
    <p class='ocr_par' dir='ltr' id='par_1_35' title="bbox 159 1636 942 1672">
     <span class='ocr_line' id='line_1_35' title="bbox 159 1636 942 1672; baseline 0.005 -11"><span class='ocrx_word' id='word_1_234' title='bbox 159 1636 226 1662; x_wconf 82' lang='lat' dir='ltr'><strong>dens</strong></span> <span class='ocrx_word' id='word_1_235' title='bbox 245 1640 327 1670; x_wconf 83' lang='lat' dir='ltr'><strong>atque</strong></span> <span class='ocrx_word' id='word_1_236' title='bbox 349 1643 504 1670; x_wconf 79' lang='lat' dir='ltr'><strong>resurgens.</strong></span> <span class='ocrx_word' id='word_1_237' title='bbox 534 1636 676 1670; x_wconf 78' lang='lat' dir='ltr'><strong>relabitur,</strong></span> <span class='ocrx_word' id='word_1_238' title='bbox 692 1642 719 1664; x_wconf 85' lang='lat' dir='ltr'><strong>et</strong></span> <span class='ocrx_word' id='word_1_239' title='bbox 740 1638 942 1672; x_wconf 79' lang='lat' dir='ltr'><strong>compressione</strong></span> 
     </span>
    </p>
   </div>
   <div class='ocr_carea' id='block_1_36' title="bbox 160 1681 942 1718">
    <p class='ocr_par' dir='ltr' id='par_1_36' title="bbox 160 1681 942 1718">
     <span class='ocr_line' id='line_1_36' title="bbox 160 1681 942 1718; baseline 0.008 -11"><span class='ocrx_word' id='word_1_240' title='bbox 160 1681 287 1716; x_wconf 87' lang='lat' dir='ltr'><strong>princeps</strong></span> <span class='ocrx_word' id='word_1_241' title='bbox 310 1682 404 1716; x_wconf 73' lang='lat' dir='ltr'><strong>patria:</strong></span> <span class='ocrx_word' id='word_1_242' title='bbox 421 1690 436 1709; x_wconf 91' lang='lat' dir='ltr'><strong>e</strong></span> <span class='ocrx_word' id='word_1_243' title='bbox 453 1682 507 1708; x_wconf 87' lang='lat' dir='ltr'><strong>vita</strong></span> <span class='ocrx_word' id='word_1_244' title='bbox 532 1682 674 1717; x_wconf 73' lang='lat' dir='ltr'><strong>demigrat.</strong></span> <span class='ocrx_word' id='word_1_245' title='bbox 697 1683 841 1710; x_wconf 81' lang='lat' dir='ltr'><strong>Perierunt</strong></span> <span class='ocrx_word' id='word_1_246' title='bbox 862 1683 942 1718; x_wconf 78' lang='lat' dir='ltr'><strong>igitur</strong></span> 
     </span>
    </p>
   </div>
   <div class='ocr_carea' id='block_1_37' title="bbox 160 1726 941 1757">
    <p class='ocr_par' dir='ltr' id='par_1_37' title="bbox 160 1726 941 1757">
     <span class='ocr_line' id='line_1_37' title="bbox 160 1726 941 1757; baseline 0.004 -4"><span class='ocrx_word' id='word_1_247' title='bbox 160 1736 191 1754; x_wconf 80' lang='lat' dir='ltr'><strong>cx</strong></span> <span class='ocrx_word' id='word_1_248' title='bbox 210 1728 310 1754; x_wconf 86' lang='lat' dir='ltr'><strong>nostris</strong></span> <span class='ocrx_word' id='word_1_249' title='bbox 324 1726 428 1754; x_wconf 84' lang='lat' dir='ltr'><strong>Latinis</strong></span> <span class='ocrx_word' id='word_1_250' title='bbox 448 1733 474 1754; x_wconf 86' lang='lat' dir='ltr'><strong>et</strong></span> <span class='ocrx_word' id='word_1_251' title='bbox 485 1727 587 1755; x_wconf 61' lang='lat' dir='ltr'><strong>Graecis</strong></span> <span class='ocrx_word' id='word_1_252' title='bbox 603 1736 633 1755; x_wconf 87' lang='lat' dir='ltr'><strong>se</strong></span> <span class='ocrx_word' id='word_1_253' title='bbox 648 1728 763 1756; x_wconf 84' lang='lat' dir='ltr'><strong>invicem</strong></span> <span class='ocrx_word' id='word_1_254' title='bbox 781 1731 941 1757; x_wconf 79' lang='lat' dir='ltr'><strong>conculcan-</strong></span> 
     </span>
    </p>
   </div>
   <div class='ocr_carea' id='block_1_38' title="bbox 159 1773 941 1810">
    <p class='ocr_par' dir='ltr' id='par_1_38' title="bbox 159 1773 941 1810">
     <span class='ocr_line' id='line_1_38' title="bbox 159 1773 941 1810; baseline 0.006 -11"><span class='ocrx_word' id='word_1_255' title='bbox 159 1775 234 1800; x_wconf 81' lang='lat' dir='ltr'><strong>tibus</strong></span> <span class='ocrx_word' id='word_1_256' title='bbox 249 1773 276 1800; x_wconf 90' lang='lat' dir='ltr'><strong>in</strong></span> <span class='ocrx_word' id='word_1_257' title='bbox 294 1777 376 1807; x_wconf 79' lang='lat' dir='ltr'><strong>portae</strong></span> <span class='ocrx_word' id='word_1_258' title='bbox 386 1774 460 1800; x_wconf 84' lang='lat' dir='ltr'><strong>exitu</strong></span> <span class='ocrx_word' id='word_1_259' title='bbox 476 1774 586 1802; x_wconf 83' lang='lat' dir='ltr'><strong>circiter</strong></span> <span class='ocrx_word' id='word_1_260' title='bbox 597 1775 755 1810; x_wconf 83' lang='lat' dir='ltr'><strong>octingenti.</strong></span> <span class='ocrx_word' id='word_1_261' title='bbox 768 1775 832 1803; x_wconf 89' lang='lat' dir='ltr'><strong>lude</strong></span> <span class='ocrx_word' id='word_1_262' title='bbox 843 1775 941 1804; x_wconf 82' lang='lat' dir='ltr'><strong>Teucri</strong></span> 
     </span>
    </p>
   </div>
   <div class='ocr_carea' id='block_1_39' title="bbox 161 1819 943 1856">
    <p class='ocr_par' dir='ltr' id='par_1_39' title="bbox 161 1819 943 1856">
     <span class='ocr_line' id='line_1_39' title="bbox 161 1819 943 1856; baseline 0.005 -12"><span class='ocrx_word' id='word_1_263' title='bbox 161 1819 244 1845; x_wconf 90' lang='lat' dir='ltr'><strong>altum</strong></span> <span class='ocrx_word' id='word_1_264' title='bbox 267 1827 372 1845; x_wconf 90' lang='lat' dir='ltr'><strong>murum</strong></span> <span class='ocrx_word' id='word_1_265' title='bbox 392 1819 584 1852; x_wconf 74' lang='lat' dir='ltr'><strong>decurrentes,</strong></span> <span class='ocrx_word' id='word_1_266' title='bbox 604 1827 636 1847; x_wconf 87' lang='lat' dir='ltr'><strong>ex</strong></span> <span class='ocrx_word' id='word_1_267' title='bbox 653 1821 709 1847; x_wconf 87' lang='lat' dir='ltr'><strong>alto</strong></span> <span class='ocrx_word' id='word_1_268' title='bbox 735 1828 804 1855; x_wconf 89' lang='lat' dir='ltr'><strong>quos</strong></span> <span class='ocrx_word' id='word_1_269' title='bbox 828 1827 943 1856; x_wconf 85' lang='lat' dir='ltr'><strong>possunt</strong></span> 
     </span>
    </p>
   </div>
   <div class='ocr_carea' id='block_1_40' title="bbox 161 1864 943 1900">
    <p class='ocr_par' dir='ltr' id='par_1_40' title="bbox 161 1864 943 1900">
     <span class='ocr_line' id='line_1_40' title="bbox 161 1864 943 1900; baseline 0.003 -9"><span class='ocrx_word' id='word_1_270' title='bbox 161 1864 292 1899; x_wconf 86' lang='lat' dir='ltr'><strong>lapidant,</strong></span> <span class='ocrx_word' id='word_1_271' title='bbox 308 1871 465 1899; x_wconf 77' lang='lat' dir='ltr'><strong>cuneusque</strong></span> <span class='ocrx_word' id='word_1_272' title='bbox 489 1866 550 1893; x_wconf 90' lang='lat' dir='ltr'><strong>uuis</strong></span> <span class='ocrx_word' id='word_1_273' title='bbox 572 1865 686 1893; x_wconf 78' lang='lat' dir='ltr'><strong>vocibus</strong></span> <span class='ocrx_word' id='word_1_274' title='bbox 709 1874 757 1900; x_wconf 87' lang='lat' dir='ltr'><strong>per</strong></span> <span class='ocrx_word' id='word_1_275' title='bbox 773 1867 943 1894; x_wconf 82' lang='lat' dir='ltr'><strong>autemuralc</strong></span> 
     </span>
    </p>
   </div>
   <div class='ocr_carea' id='block_1_41' title="bbox 161 1911 943 1948">
    <p class='ocr_par' dir='ltr' id='par_1_41' title="bbox 161 1911 943 1948">
     <span class='ocr_line' id='line_1_41' title="bbox 161 1911 943 1948; baseline 0.004 -10"><span class='ocrx_word' id='word_1_276' title='bbox 161 1912 342 1944; x_wconf 81' lang='lat' dir='ltr'><strong>descendens,</strong></span> <span class='ocrx_word' id='word_1_277' title='bbox 365 1911 392 1942; x_wconf 88' lang='lat' dir='ltr'><strong>in</strong></span> <span class='ocrx_word' id='word_1_278' title='bbox 419 1911 509 1946; x_wconf 76' lang='lat' dir='ltr'><strong>fugam</strong></span> <span class='ocrx_word' id='word_1_279' title='bbox 536 1919 633 1940; x_wconf 83' lang='lat' dir='ltr'><strong>omnes</strong></span> <span class='ocrx_word' id='word_1_280' title='bbox 658 1918 769 1941; x_wconf 89' lang='lat' dir='ltr'><strong>nostros</strong></span> <span class='ocrx_word' id='word_1_281' title='bbox 795 1914 943 1948; x_wconf 82' lang='lat' dir='ltr'><strong>compellit.</strong></span> 
     </span>
    </p>
   </div>
   <div class='ocr_carea' id='block_1_42' title="bbox 163 1957 944 1992">
    <p class='ocr_par' dir='ltr' id='par_1_42' title="bbox 163 1957 944 1992">
     <span class='ocr_line' id='line_1_42' title="bbox 163 1957 944 1992; baseline 0.004 -8"><span class='ocrx_word' id='word_1_282' title='bbox 163 1959 309 1984; x_wconf 74' lang='lat' dir='ltr'><strong>ltumorem</strong></span> <span class='ocrx_word' id='word_1_283' title='bbox 335 1957 526 1992; x_wconf 81' lang='lat' dir='ltr'><strong>jacturamque</strong></span> <span class='ocrx_word' id='word_1_284' title='bbox 552 1966 584 1984; x_wconf 75' lang='lat' dir='ltr'><strong>ex</strong></span> <span class='ocrx_word' id='word_1_285' title='bbox 609 1958 776 1992; x_wconf 75' lang='lat' dir='ltr'><strong>fugientibus</strong></span> <span class='ocrx_word' id='word_1_286' title='bbox 802 1960 944 1987; x_wconf 86' lang='lat' dir='ltr'><strong>audientes</strong></span> 
     </span>
    </p>
   </div>
   <div class='ocr_carea' id='block_1_43' title="bbox 161 2002 945 2037">
    <p class='ocr_par' dir='ltr' id='par_1_43' title="bbox 161 2002 945 2037">
     <span class='ocr_line' id='line_1_43' title="bbox 161 2002 945 2037; baseline 0.004 -7"><span class='ocrx_word' id='word_1_287' title='bbox 161 2004 262 2030; x_wconf 78' lang='lat' dir='ltr'><strong>Paulus</strong></span> <span class='ocrx_word' id='word_1_288' title='bbox 282 2003 446 2037; x_wconf 87' lang='lat' dir='ltr'><strong>Troilusque</strong></span> <span class='ocrx_word' id='word_1_289' title='bbox 472 2002 636 2034; x_wconf 80' lang='lat' dir='ltr'><strong>Bocbiardi,</strong></span> <span class='ocrx_word' id='word_1_290' title='bbox 657 2004 710 2031; x_wconf 88' lang='lat' dir='ltr'><strong>viri</strong></span> <span class='ocrx_word' id='word_1_291' title='bbox 736 2004 843 2037; x_wconf 85' lang='lat' dir='ltr'><strong>Latini,</strong></span> <span class='ocrx_word' id='word_1_292' title='bbox 869 2006 945 2033; x_wconf 86' lang='lat' dir='ltr'><strong>urbis</strong></span> 
     </span>
    </p>
   </div>
   <div class='ocr_carea' id='block_1_44' title="bbox 161 2048 945 2085">
    <p class='ocr_par' dir='ltr' id='par_1_44' title="bbox 161 2048 945 2085">
     <span class='ocr_line' id='line_1_44' title="bbox 161 2048 945 2085; baseline 0.001 -8"><span class='ocrx_word' id='word_1_293' title='bbox 161 2057 245 2082; x_wconf 64' lang='grc' dir='ltr'><strong>(τινες,</strong></span> <span class='ocrx_word' id='word_1_294' title='bbox 258 2057 320 2076; x_wconf 88' lang='lat' dir='ltr'><strong>cum</strong></span> <span class='ocrx_word' id='word_1_295' title='bbox 336 2049 438 2083; x_wconf 87' lang='lat' dir='ltr'><strong>aliquot</strong></span> <span class='ocrx_word' id='word_1_296' title='bbox 449 2048 552 2076; x_wconf 73' lang='lat' dir='ltr'><strong>Graecis</strong></span> <span class='ocrx_word' id='word_1_297' title='bbox 565 2050 684 2077; x_wconf 87' lang='lat' dir='ltr'><strong>strenuis</strong></span> <span class='ocrx_word' id='word_1_298' title='bbox 696 2050 854 2085; x_wconf 85' lang='lat' dir='ltr'><strong>Latinisque</strong></span> <span class='ocrx_word' id='word_1_299' title='bbox 867 2052 945 2085; x_wconf 80' lang='lat' dir='ltr'><strong>cquis</strong></span> 
     </span>
    </p>
   </div>
   <div class='ocr_carea' id='block_1_45' title="bbox 160 2095 946 2131">
    <p class='ocr_par' dir='ltr' id='par_1_45' title="bbox 160 2095 946 2131">
     <span class='ocr_line' id='line_1_45' title="bbox 160 2095 946 2131; baseline 0.003 -9"><span class='ocrx_word' id='word_1_300' title='bbox 160 2095 322 2127; x_wconf 83' lang='lat' dir='ltr'><strong>insidentes,</strong></span> <span class='ocrx_word' id='word_1_301' title='bbox 338 2095 364 2121; x_wconf 92' lang='lat' dir='ltr'><strong>in</strong></span> <span class='ocrx_word' id='word_1_302' title='bbox 379 2095 473 2122; x_wconf 83' lang='lat' dir='ltr'><strong>hostes</strong></span> <span class='ocrx_word' id='word_1_303' title='bbox 485 2095 598 2122; x_wconf 82' lang='lat' dir='ltr'><strong>vadunt.</strong></span> <span class='ocrx_word' id='word_1_304' title='bbox 610 2095 718 2128; x_wconf 86' lang='lat' dir='ltr'><strong>Teucri,</strong></span> <span class='ocrx_word' id='word_1_305' title='bbox 731 2095 801 2123; x_wconf 81' lang='lat' dir='ltr'><strong>forte</strong></span> <span class='ocrx_word' id='word_1_306' title='bbox 814 2096 946 2131; x_wconf 88' lang='lat' dir='ltr'><strong>majorem</strong></span> 
     </span>
    </p>
   </div>
   <div class='ocr_carea' id='block_1_46' title="bbox 161 2145 945 2177">
    <p class='ocr_par' dir='ltr' id='par_1_46' title="bbox 161 2145 945 2177">
     <span class='ocr_line' id='line_1_46' title="bbox 161 2145 945 2177; baseline 0.001 -9"><span class='ocrx_word' id='word_1_307' title='bbox 161 2149 315 2170; x_wconf 88' lang='lat' dir='ltr'><strong>numerum.</strong></span> <span class='ocrx_word' id='word_1_308' title='bbox 332 2148 413 2175; x_wconf 80' lang='lat' dir='ltr'><strong>quant</strong></span> <span class='ocrx_word' id='word_1_309' title='bbox 426 2145 519 2168; x_wconf 86' lang='lat' dir='ltr'><strong>essent</strong></span> <span class='ocrx_word' id='word_1_310' title='bbox 534 2146 719 2173; x_wconf 84' lang='lat' dir='ltr'><strong>autumautes,</strong></span> <span class='ocrx_word' id='word_1_311' title='bbox 737 2146 810 2177; x_wconf 75' lang='lat' dir='ltr'><strong>terga</strong></span> <span class='ocrx_word' id='word_1_312' title='bbox 827 2147 945 2170; x_wconf 81' lang='lat' dir='ltr'><strong>vertunt.</strong></span> 
     </span>
    </p>
   </div>
   <div class='ocr_carea' id='block_1_47' title="bbox 161 2187 942 2222">
    <p class='ocr_par' dir='ltr' id='par_1_47' title="bbox 161 2187 942 2222">
     <span class='ocr_line' id='line_1_47' title="bbox 161 2187 942 2222; baseline 0 -6"><span class='ocrx_word' id='word_1_313' title='bbox 161 2189 260 2216; x_wconf 78' lang='lat' dir='ltr'><strong>Paulus</strong></span> <span class='ocrx_word' id='word_1_314' title='bbox 277 2188 303 2215; x_wconf 92' lang='lat' dir='ltr'><strong>in</strong></span> <span class='ocrx_word' id='word_1_315' title='bbox 321 2187 457 2215; x_wconf 82' lang='lat' dir='ltr'><strong>fl‘eucrum</strong></span> <span class='ocrx_word' id='word_1_316' title='bbox 475 2191 551 2222; x_wconf 77' lang='lat' dir='ltr'><strong>urget</strong></span> <span class='ocrx_word' id='word_1_317' title='bbox 567 2195 677 2222; x_wconf 90' lang='lat' dir='ltr'><strong>equutn,</strong></span> <span class='ocrx_word' id='word_1_318' title='bbox 695 2189 840 2221; x_wconf 86' lang='lat' dir='ltr'><strong>lanceaque</strong></span> <span class='ocrx_word' id='word_1_319' title='bbox 857 2197 942 2216; x_wconf 90' lang='lat' dir='ltr'><strong>unum</strong></span> 
     </span>
    </p>
   </div>
   <div class='ocr_carea' id='block_1_48' title="bbox 162 2233 945 2269">
    <p class='ocr_par' dir='ltr' id='par_1_48' title="bbox 162 2233 945 2269">
     <span class='ocr_line' id='line_1_48' title="bbox 162 2233 945 2269; baseline 0.005 -8"><span class='ocrx_word' id='word_1_320' title='bbox 162 2236 355 2267; x_wconf 84' lang='lat' dir='ltr'><strong>trausfodiens,</strong></span> <span class='ocrx_word' id='word_1_321' title='bbox 373 2233 486 2262; x_wconf 59' lang='lat' dir='ltr'><strong>caeteros</strong></span> <span class='ocrx_word' id='word_1_322' title='bbox 499 2235 527 2261; x_wconf 85' lang='lat' dir='ltr'><strong>iu</strong></span> <span class='ocrx_word' id='word_1_323' title='bbox 548 2235 637 2269; x_wconf 76' lang='lat' dir='ltr'><strong>fugam</strong></span> <span class='ocrx_word' id='word_1_324' title='bbox 661 2236 750 2264; x_wconf 77' lang='lat' dir='ltr'><strong>vertit.</strong></span> <span class='ocrx_word' id='word_1_325' title='bbox 770 2236 838 2263; x_wconf 88' lang='lat' dir='ltr'><strong>Cum</strong></span> <span class='ocrx_word' id='word_1_326' title='bbox 853 2242 945 2265; x_wconf 82' lang='lat' dir='ltr'><strong>autem</strong></span> 
     </span>
    </p>
   </div>
   <div class='ocr_carea' id='block_1_49' title="bbox 160 2281 944 2316">
    <p class='ocr_par' dir='ltr' id='par_1_49' title="bbox 160 2281 944 2316">
     <span class='ocr_line' id='line_1_49' title="bbox 160 2281 944 2316; baseline 0 -7"><span class='ocrx_word' id='word_1_327' title='bbox 160 2291 193 2310; x_wconf 81' lang='lat' dir='ltr'><strong>ex</strong></span> <span class='ocrx_word' id='word_1_328' title='bbox 207 2283 263 2309; x_wconf 88' lang='lat' dir='ltr'><strong>alto</strong></span> <span class='ocrx_word' id='word_1_329' title='bbox 286 2282 420 2316; x_wconf 82' lang='lat' dir='ltr'><strong>lapidibus</strong></span> <span class='ocrx_word' id='word_1_330' title='bbox 440 2281 637 2315; x_wconf 66' lang='lat' dir='ltr'><strong>obruerentur,</strong></span> <span class='ocrx_word' id='word_1_331' title='bbox 648 2281 679 2308; x_wconf 87' lang='lat' dir='ltr'><strong>ad</strong></span> <span class='ocrx_word' id='word_1_332' title='bbox 703 2281 846 2310; x_wconf 85' lang='lat' dir='ltr'><strong>Troilum:</strong></span> <span class='ocrx_word' id='word_1_333' title='bbox 866 2282 944 2309; x_wconf 84' lang='lat' dir='ltr'><strong>Haa!</strong></span> 
     </span>
    </p>
   </div>
   <div class='ocr_carea' id='block_1_50' title="bbox 161 2328 944 2363">
    <p class='ocr_par' dir='ltr' id='par_1_50' title="bbox 161 2328 944 2363">
     <span class='ocr_line' id='line_1_50' title="bbox 161 2328 944 2363; baseline -0.003 -7"><span class='ocrx_word' id='word_1_334' title='bbox 161 2329 254 2363; x_wconf 80' lang='lat' dir='ltr'><strong>periit,</strong></span> <span class='ocrx_word' id='word_1_335' title='bbox 277 2328 376 2363; x_wconf 80' lang='lat' dir='ltr'><strong>inquit,</strong></span> <span class='ocrx_word' id='word_1_336' title='bbox 398 2328 507 2360; x_wconf 85' lang='lat' dir='ltr'><strong>civitas,</strong></span> <span class='ocrx_word' id='word_1_337' title='bbox 535 2335 638 2361; x_wconf 84' lang='lat' dir='ltr'><strong>nosque</strong></span> <span class='ocrx_word' id='word_1_338' title='bbox 658 2328 738 2356; x_wconf 77' lang='lat' dir='ltr'><strong>facile</strong></span> <span class='ocrx_word' id='word_1_339' title='bbox 766 2329 800 2356; x_wconf 90' lang='lat' dir='ltr'><strong>ab</strong></span> <span class='ocrx_word' id='word_1_340' title='bbox 825 2329 944 2356; x_wconf 85' lang='lat' dir='ltr'><strong>hostium</strong></span> 
     </span>
    </p>
   </div>
   <div class='ocr_carea' id='block_1_51' title="bbox 161 2372 947 2408">
    <p class='ocr_par' dir='ltr' id='par_1_51' title="bbox 161 2372 947 2408">
     <span class='ocr_line' id='line_1_51' title="bbox 161 2372 947 2408; baseline 0 -7"><span class='ocrx_word' id='word_1_341' title='bbox 161 2374 336 2402; x_wconf 87' lang='lat' dir='ltr'><strong>multitudine</strong></span> <span class='ocrx_word' id='word_1_342' title='bbox 353 2373 527 2404; x_wconf 80' lang='lat' dir='ltr'><strong>clrcumdati.</strong></span> <span class='ocrx_word' id='word_1_343' title='bbox 545 2380 620 2408; x_wconf 86' lang='lat' dir='ltr'><strong>spem</strong></span> <span class='ocrx_word' id='word_1_344' title='bbox 635 2374 696 2400; x_wconf 78' lang='lat' dir='ltr'><strong>vita:</strong></span> <span class='ocrx_word' id='word_1_345' title='bbox 713 2373 867 2408; x_wconf 78' lang='lat' dir='ltr'><strong>perdemus.</strong></span> <span class='ocrx_word' id='word_1_346' title='bbox 883 2372 947 2401; x_wconf 65' lang='lat' dir='ltr'><strong>Hzrc</strong></span> 
     </span>
    </p>
   </div>
   <div class='ocr_carea' id='block_1_52' title="bbox 161 2419 947 2453">
    <p class='ocr_par' dir='ltr' id='par_1_52' title="bbox 161 2419 947 2453">
     <span class='ocr_line' id='line_1_52' title="bbox 161 2419 947 2453; baseline -0.001 -6"><span class='ocrx_word' id='word_1_347' title='bbox 161 2429 222 2448; x_wconf 89' lang='lat' dir='ltr'><strong>cum</strong></span> <span class='ocrx_word' id='word_1_348' title='bbox 242 2421 354 2450; x_wconf 83' lang='lat' dir='ltr'><strong>diceret.</strong></span> <span class='ocrx_word' id='word_1_349' title='bbox 378 2420 465 2447; x_wconf 81' lang='lat' dir='ltr'><strong>securi</strong></span> <span class='ocrx_word' id='word_1_350' title='bbox 484 2419 554 2447; x_wconf 83' lang='lat' dir='ltr'><strong>ictus</strong></span> <span class='ocrx_word' id='word_1_351' title='bbox 577 2419 603 2446; x_wconf 84' lang='lat' dir='ltr'><strong>in</strong></span> <span class='ocrx_word' id='word_1_352' title='bbox 627 2420 744 2453; x_wconf 80' lang='lat' dir='ltr'><strong>vertice,</strong></span> <span class='ocrx_word' id='word_1_353' title='bbox 769 2420 830 2447; x_wconf 81' lang='lat' dir='ltr'><strong>fuso</strong></span> <span class='ocrx_word' id='word_1_354' title='bbox 847 2427 947 2446; x_wconf 88' lang='lat' dir='ltr'><strong>cruore</strong></span> 
     </span>
    </p>
   </div>
   <div class='ocr_carea' id='block_1_53' title="bbox 162 2464 946 2500">
    <p class='ocr_par' dir='ltr' id='par_1_53' title="bbox 162 2464 946 2500">
     <span class='ocr_line' id='line_1_53' title="bbox 162 2464 946 2500; baseline -0.003 -8"><span class='ocrx_word' id='word_1_355' title='bbox 162 2474 213 2493; x_wconf 86' lang='lat' dir='ltr'><strong>una</strong></span> <span class='ocrx_word' id='word_1_356' title='bbox 229 2474 292 2494; x_wconf 88' lang='lat' dir='ltr'><strong>cum</strong></span> <span class='ocrx_word' id='word_1_357' title='bbox 307 2466 391 2493; x_wconf 79' lang='lat' dir='ltr'><strong>fratre</strong></span> <span class='ocrx_word' id='word_1_358' title='bbox 407 2466 439 2493; x_wconf 87' lang='lat' dir='ltr'><strong>ad</strong></span> <span class='ocrx_word' id='word_1_359' title='bbox 449 2465 571 2493; x_wconf 81' lang='lat' dir='ltr'><strong>Galatam</strong></span> <span class='ocrx_word' id='word_1_360' title='bbox 583 2465 714 2500; x_wconf 79' lang='lat' dir='ltr'><strong>confugit.</strong></span> <span class='ocrx_word' id='word_1_361' title='bbox 729 2465 751 2493; x_wconf 92' lang='grc' dir='ltr'>Ο</span> <span class='ocrx_word' id='word_1_362' title='bbox 764 2473 819 2492; x_wconf 84' lang='lat' dir='ltr'><strong>rem</strong></span> <span class='ocrx_word' id='word_1_363' title='bbox 832 2464 946 2491; x_wconf 85' lang='lat' dir='ltr'><strong>mirabi-</strong></span> 
     </span>
    </p>
   </div>
   <div class='ocr_carea' id='block_1_54' title="bbox 161 2511 948 2548">
    <p class='ocr_par' dir='ltr' id='par_1_54' title="bbox 161 2511 948 2548">
     <span class='ocr_line' id='line_1_54' title="bbox 161 2511 948 2548; baseline -0.006 -7"><span class='ocrx_word' id='word_1_364' title='bbox 161 2515 213 2541; x_wconf 89' lang='lat' dir='ltr'><strong>lem</strong></span> <span class='ocrx_word' id='word_1_365' title='bbox 225 2515 231 2540; x_wconf 79' lang='grc' dir='ltr'><strong>ι</strong></span> <span class='ocrx_word' id='word_1_366' title='bbox 245 2520 260 2540; x_wconf 85' lang='lat'><strong>0</strong></span> <span class='ocrx_word' id='word_1_367' title='bbox 271 2512 428 2548; x_wconf 77' lang='lat' dir='ltr'><strong>stuporem!</strong></span> <span class='ocrx_word' id='word_1_368' title='bbox 448 2513 565 2540; x_wconf 83' lang='lat' dir='ltr'><strong>Necdum</strong></span> <span class='ocrx_word' id='word_1_369' title='bbox 579 2511 698 2540; x_wconf 67' lang='lat' dir='ltr'><strong>Plimbus</strong></span> <span class='ocrx_word' id='word_1_370' title='bbox 709 2512 783 2538; x_wconf 79' lang='lat' dir='ltr'><strong>orbis</strong></span> <span class='ocrx_word' id='word_1_371' title='bbox 799 2511 948 2545; x_wconf 84' lang='lat' dir='ltr'><strong>perlustrat</strong></span> 
     </span>
    </p>
   </div>
   <div class='ocr_carea' id='block_1_55' title="bbox 162 2556 945 2594">
    <p class='ocr_par' dir='ltr' id='par_1_55' title="bbox 162 2556 945 2594">
     <span class='ocr_line' id='line_1_55' title="bbox 162 2556 945 2594; baseline -0.008 -7"><span class='ocrx_word' id='word_1_372' title='bbox 162 2559 391 2594; x_wconf 58' lang='lat' dir='ltr'><strong>livtnispltmrium,</strong></span> <span class='ocrx_word' id='word_1_373' title='bbox 407 2564 434 2586; x_wconf 85' lang='lat' dir='ltr'><strong>et</strong></span> <span class='ocrx_word' id='word_1_374' title='bbox 460 2562 514 2585; x_wconf 87' lang='lat' dir='ltr'><strong>tota</strong></span> <span class='ocrx_word' id='word_1_375' title='bbox 542 2559 608 2585; x_wconf 87' lang='lat' dir='ltr'><strong>urbs</strong></span> <span class='ocrx_word' id='word_1_376' title='bbox 623 2565 637 2584; x_wconf 84' lang='lat' dir='ltr'><strong>a</strong></span> <span class='ocrx_word' id='word_1_377' title='bbox 654 2557 767 2592; x_wconf 80' lang='lat' dir='ltr'><strong>paganis</strong></span> <span class='ocrx_word' id='word_1_378' title='bbox 785 2556 810 2583; x_wconf 92' lang='lat' dir='ltr'><strong>in</strong></span> <span class='ocrx_word' id='word_1_379' title='bbox 828 2557 945 2590; x_wconf 66' lang='lat' dir='ltr'><strong>praedam</strong></span> 
     </span>
    </p>
   </div>
   <div class='ocr_carea' id='block_1_56' title="bbox 160 2604 957 2640">
    <p class='ocr_par' dir='ltr' id='par_1_56' title="bbox 160 2604 957 2640">
     <span class='ocr_line' id='line_1_56' title="bbox 160 2604 957 2640; baseline -0.006 -6"><span class='ocrx_word' id='word_1_380' title='bbox 160 2614 323 2640; x_wconf 83' lang='lat' dir='ltr'><strong>occupatur.</strong></span> <span class='ocrx_word' id='word_1_381' title='bbox 337 2607 451 2634; x_wconf 81' lang='lat' dir='ltr'><strong>Goucite</strong></span> <span class='ocrx_word' id='word_1_382' title='bbox 466 2606 548 2640; x_wconf 80' lang='lat' dir='ltr'><strong>igitur</strong></span> <span class='ocrx_word' id='word_1_383' title='bbox 561 2613 655 2633; x_wconf 87' lang='lat' dir='ltr'><strong>omnes</strong></span> <span class='ocrx_word' id='word_1_384' title='bbox 668 2604 774 2639; x_wconf 87' lang='lat' dir='ltr'><strong>pedites</strong></span> <span class='ocrx_word' id='word_1_385' title='bbox 784 2604 957 2638; x_wconf 34' lang='lat' dir='ltr'><strong>decurrunt,‘</strong></span> 
     </span>
    </p>
   </div>
   <div class='ocr_carea' id='block_1_57' title="bbox 163 2649 950 2688">
    <p class='ocr_par' dir='ltr' id='par_1_57' title="bbox 163 2649 950 2688">
     <span class='ocr_line' id='line_1_57' title="bbox 163 2649 950 2688; baseline -0.008 -7"><span class='ocrx_word' id='word_1_386' title='bbox 163 2661 286 2688; x_wconf 85' lang='lat' dir='ltr'><strong>quosque</strong></span> <span class='ocrx_word' id='word_1_387' title='bbox 302 2654 462 2680; x_wconf 80' lang='lat' dir='ltr'><strong>resistentes</strong></span> <span class='ocrx_word' id='word_1_388' title='bbox 485 2652 572 2687; x_wconf 75' lang='lat' dir='ltr'><strong>gladio</strong></span> <span class='ocrx_word' id='word_1_389' title='bbox 593 2652 705 2684; x_wconf 86' lang='lat' dir='ltr'><strong>feriunt,</strong></span> <span class='ocrx_word' id='word_1_390' title='bbox 727 2650 888 2680; x_wconf 82' lang='lat' dir='ltr'><strong>imbecilles,</strong></span> <span class='ocrx_word' id='word_1_391' title='bbox 903 2649 950 2676; x_wconf 90' lang='lat' dir='ltr'><strong>de-</strong></span> 
     </span>
    </p>
   </div>
   <div class='ocr_carea' id='block_1_58' title="bbox 163 2693 948 2734">
    <p class='ocr_par' dir='ltr' id='par_1_58' title="bbox 163 2693 948 2734">
     <span class='ocr_line' id='line_1_58' title="bbox 163 2693 948 2734; baseline -0.008 -8"><span class='ocrx_word' id='word_1_392' title='bbox 163 2699 291 2733; x_wconf 80' lang='lat' dir='ltr'><strong>crepitos,</strong></span> <span class='ocrx_word' id='word_1_393' title='bbox 311 2698 531 2734; x_wconf 83' lang='lat' dir='ltr'><strong>leprosos‘atque</strong></span> <span class='ocrx_word' id='word_1_394' title='bbox 548 2697 671 2724; x_wconf 86' lang='lat' dir='ltr'><strong>infirmos</strong></span> <span class='ocrx_word' id='word_1_395' title='bbox 689 2696 837 2723; x_wconf 84' lang='lat' dir='ltr'><strong>trucidant.</strong></span> <span class='ocrx_word' id='word_1_396' title='bbox 862 2693 948 2721; x_wconf 85' lang='lat' dir='ltr'><strong>Obse-</strong></span> 
     </span>
    </p>
   </div>
   <div class='ocr_carea' id='block_1_59' title="bbox 163 2740 949 2779">
    <p class='ocr_par' dir='ltr' id='par_1_59' title="bbox 163 2740 949 2779">
     <span class='ocr_line' id='line_1_59' title="bbox 163 2740 949 2779; baseline -0.006 -8"><span class='ocrx_word' id='word_1_397' title='bbox 163 2745 310 2779; x_wconf 81' lang='lat' dir='ltr'><strong>qm-ntibus</strong></span> <span class='ocrx_word' id='word_1_398' title='bbox 326 2745 396 2771; x_wconf 85' lang='lat' dir='ltr'><strong>viam</strong></span> <span class='ocrx_word' id='word_1_399' title='bbox 417 2747 531 2778; x_wconf 81' lang='lat' dir='ltr'><strong>parcunt</strong></span> <span class='ocrx_word' id='word_1_400' title='bbox 553 2743 604 2777; x_wconf 82' lang='lat' dir='ltr'><strong>(l).</strong></span> <span class='ocrx_word' id='word_1_401' title='bbox 634 2741 818 2769; x_wconf 63' lang='lat' dir='ltr'><strong>Sanctissimae</strong></span> <span class='ocrx_word' id='word_1_402' title='bbox 842 2740 949 2774; x_wconf 75' lang='lat' dir='ltr'><strong>Sophia:</strong></span> 
     </span>
    </p>
   </div>
   <div class='ocr_carea' id='block_1_60' title="bbox 164 2788 948 2824">
    <p class='ocr_par' dir='ltr' id='par_1_60' title="bbox 164 2788 948 2824">
     <span class='ocr_line' id='line_1_60' title="bbox 164 2788 948 2824; baseline -0.006 -7"><span class='ocrx_word' id='word_1_403' title='bbox 164 2791 353 2817; x_wconf 84' lang='lat' dir='ltr'><strong>admirandum</strong></span> <span class='ocrx_word' id='word_1_404' title='bbox 368 2790 510 2823; x_wconf 83' lang='lat' dir='ltr'><strong>templum,</strong></span> <span class='ocrx_word' id='word_1_405' title='bbox 524 2790 596 2824; x_wconf 87' lang='lat' dir='ltr'><strong>quod</strong></span> <span class='ocrx_word' id='word_1_406' title='bbox 611 2796 661 2816; x_wconf 85' lang='lat' dir='ltr'><strong>nec</strong></span> <span class='ocrx_word' id='word_1_407' title='bbox 679 2788 833 2815; x_wconf 76' lang='lat' dir='ltr'><strong>Salomonis</strong></span> <span class='ocrx_word' id='word_1_408' title='bbox 850 2792 948 2821; x_wconf 73' lang='lat' dir='ltr'><strong>aequat,</strong></span> 
     </span>
    </p>
   </div>
   <div class='ocr_carea' id='block_1_61' title="bbox 164 2833 949 2871">
    <p class='ocr_par' dir='ltr' id='par_1_61' title="bbox 164 2833 949 2871">
     <span class='ocr_line' id='line_1_61' title="bbox 164 2833 949 2871; baseline -0.006 -8"><span class='ocrx_word' id='word_1_409' title='bbox 164 2836 268 2871; x_wconf 82' lang='lat' dir='ltr'><strong>profani</strong></span> <span class='ocrx_word' id='word_1_410' title='bbox 282 2841 365 2871; x_wconf 82' lang='lat' dir='ltr'><strong>atque</strong></span> <span class='ocrx_word' id='word_1_411' title='bbox 380 2835 455 2863; x_wconf 87' lang='lat' dir='ltr'><strong>infidi</strong></span> <span class='ocrx_word' id='word_1_412' title='bbox 469 2835 662 2869; x_wconf 78' lang='lat' dir='ltr'><strong>ingredientes,</strong></span> <span class='ocrx_word' id='word_1_413' title='bbox 676 2834 778 2860; x_wconf 85' lang='lat' dir='ltr'><strong>nullam</strong></span> <span class='ocrx_word' id='word_1_414' title='bbox 793 2833 880 2860; x_wconf 69' lang='lat' dir='ltr'><strong>sacris</strong></span> <span class='ocrx_word' id='word_1_415' title='bbox 894 2833 949 2859; x_wconf 67' lang='lat' dir='ltr'><strong>aiis</strong></span> 
     </span>
    </p>
   </div>
   <div class='ocr_carea' id='block_1_62' title="bbox 196 2893 759 2926">
    <p class='ocr_par' dir='ltr' id='par_1_62' title="bbox 196 2893 759 2926">
     <span class='ocr_line' id='line_1_62' title="bbox 196 2893 759 2926; baseline -0.005 -7"><span class='ocrx_word' id='word_1_416' title='bbox 196 2895 231 2925; x_wconf 84' lang='grc'><strong>(1)</strong></span> <span class='ocrx_word' id='word_1_417' title='bbox 249 2894 431 2926; x_wconf 77' lang='lat' dir='ltr'><strong>Ohscqucnlinm</strong></span> <span class='ocrx_word' id='word_1_418' title='bbox 449 2893 504 2919; x_wconf 71' lang='lat' dir='ltr'><strong>ritu!</strong></span> <span class='ocrx_word' id='word_1_419' title='bbox 520 2897 630 2924; x_wconf 72' lang='lat' dir='ltr'><strong>parcunt.</strong></span> <span class='ocrx_word' id='word_1_420' title='bbox 649 2894 759 2918; x_wconf 72' lang='lat' dir='ltr'><strong>llmrius.</strong></span> 
     </span>
    </p>
   </div>
   <div class='ocr_carea' id='block_1_63' title="bbox 993 253 1779 286">
    <p class='ocr_par' dir='ltr' id='par_1_63' title="bbox 993 253 1779 286">
     <span class='ocr_line' id='line_1_63' title="bbox 993 253 1779 286; baseline 0.001 -8"><span class='ocrx_word' id='word_1_421' title='bbox 993 253 1084 286; x_wconf 83' lang='lat' dir='ltr'><strong>potius</strong></span> <span class='ocrx_word' id='word_1_422' title='bbox 1101 253 1294 283; x_wconf 77' lang='lat' dir='ltr'><strong>exterminant,</strong></span> <span class='ocrx_word' id='word_1_423' title='bbox 1318 253 1413 279; x_wconf 86' lang='lat' dir='ltr'><strong>oculos</strong></span> <span class='ocrx_word' id='word_1_424' title='bbox 1435 257 1591 280; x_wconf 76' lang='lat' dir='ltr'><strong>sanctorum</strong></span> <span class='ocrx_word' id='word_1_425' title='bbox 1614 253 1779 284; x_wconf 75' lang='lat' dir='ltr'><strong>suﬂodizmt,</strong></span> 
     </span>
    </p>
   </div>
   <div class='ocr_carea' id='block_1_64' title="bbox 993 298 1816 334">
    <p class='ocr_par' dir='ltr' id='par_1_64' title="bbox 993 298 1816 334">
     <span class='ocr_line' id='line_1_64' title="bbox 993 298 1816 334; baseline -0.002 -8"><span class='ocrx_word' id='word_1_426' title='bbox 993 303 1149 326; x_wconf 83' lang='lat' dir='ltr'><strong>sanctorum</strong></span> <span class='ocrx_word' id='word_1_427' title='bbox 1177 305 1287 333; x_wconf 90' lang='lat' dir='ltr'><strong>quoque</strong></span> <span class='ocrx_word' id='word_1_428' title='bbox 1316 298 1450 334; x_wconf 82' lang='lat' dir='ltr'><strong>reliquias</strong></span> <span class='ocrx_word' id='word_1_429' title='bbox 1475 298 1515 326; x_wconf 86' lang='lat' dir='ltr'><strong>vel</strong></span> <span class='ocrx_word' id='word_1_430' title='bbox 1543 299 1710 329; x_wconf 84' lang='lat' dir='ltr'><strong>dilacerant.</strong></span> <span class='ocrx_word' id='word_1_431' title='bbox 1738 298 1779 326; x_wconf 78' lang='lat' dir='ltr'><strong>vel</strong></span> <span class='ocrx_word' id='word_1_432' title='bbox 1805 299 1816 304; x_wconf 71' lang='lat'><strong>‘</strong></span> 
     </span>
    </p>
   </div>
   <div class='ocr_carea' id='block_1_65' title="bbox 991 343 1781 380">
    <p class='ocr_par' dir='ltr' id='par_1_65' title="bbox 991 343 1781 380">
     <span class='ocr_line' id='line_1_65' title="bbox 991 343 1781 380; baseline -0.004 -8"><span class='ocrx_word' id='word_1_433' title='bbox 991 345 1154 380; x_wconf 74' lang='lat' dir='ltr'><strong>dispergunt</strong></span> <span class='ocrx_word' id='word_1_434' title='bbox 1167 344 1310 379; x_wconf 72' lang='lat' dir='ltr'><strong>sacrilcgtc</strong></span> <span class='ocrx_word' id='word_1_435' title='bbox 1326 351 1441 375; x_wconf 77' lang='lat' dir='ltr'><strong>atauus:</strong></span> <span class='ocrx_word' id='word_1_436' title='bbox 1461 351 1523 371; x_wconf 87' lang='lat' dir='ltr'><strong>mox</strong></span> <span class='ocrx_word' id='word_1_437' title='bbox 1542 347 1636 371; x_wconf 83' lang='lat' dir='ltr'><strong>sancta</strong></span> <span class='ocrx_word' id='word_1_438' title='bbox 1654 343 1701 370; x_wconf 75' lang='lat' dir='ltr'><strong>Dei</strong></span> <span class='ocrx_word' id='word_1_439' title='bbox 1718 351 1781 371; x_wconf 86' lang='lat' dir='ltr'><strong>vasa</strong></span> 
     </span>
    </p>
   </div>
   <div class='ocr_carea' id='block_1_66' title="bbox 994 389 1782 425">
    <p class='ocr_par' dir='ltr' id='par_1_66' title="bbox 994 389 1782 425">
     <span class='ocr_line' id='line_1_66' title="bbox 994 389 1782 425; baseline -0.003 -7"><span class='ocrx_word' id='word_1_440' title='bbox 994 395 1136 424; x_wconf 87' lang='lat' dir='ltr'><strong>usurpant,</strong></span> <span class='ocrx_word' id='word_1_441' title='bbox 1148 395 1290 425; x_wconf 83' lang='lat' dir='ltr'><strong>argentum</strong></span> <span class='ocrx_word' id='word_1_442' title='bbox 1304 398 1347 417; x_wconf 78' lang='lat' dir='ltr'><strong>aut</strong></span> <span class='ocrx_word' id='word_1_443' title='bbox 1357 397 1458 425; x_wconf 86' lang='lat' dir='ltr'><strong>umque</strong></span> <span class='ocrx_word' id='word_1_444' title='bbox 1475 394 1528 417; x_wconf 90' lang='lat' dir='ltr'><strong>tam</strong></span> <span class='ocrx_word' id='word_1_445' title='bbox 1543 394 1701 417; x_wconf 87' lang='lat' dir='ltr'><strong>sanctarum</strong></span> <span class='ocrx_word' id='word_1_446' title='bbox 1715 389 1782 419; x_wconf 85' lang='lat' dir='ltr'><strong>ima-</strong></span> 
     </span>
    </p>
   </div>
   <div class='ocr_carea' id='block_1_67' title="bbox 993 435 1780 472">
    <p class='ocr_par' dir='ltr' id='par_1_67' title="bbox 993 435 1780 472">
     <span class='ocr_line' id='line_1_67' title="bbox 993 435 1780 472; baseline -0.003 -8"><span class='ocrx_word' id='word_1_447' title='bbox 993 438 1086 472; x_wconf 79' lang='lat' dir='ltr'><strong>ginum</strong></span> <span class='ocrx_word' id='word_1_448' title='bbox 1098 456 1106 468; x_wconf 88' lang='lat'><strong>,</strong></span> <span class='ocrx_word' id='word_1_449' title='bbox 1131 443 1212 471; x_wconf 85' lang='lat' dir='ltr'><strong>quam</strong></span> <span class='ocrx_word' id='word_1_450' title='bbox 1229 443 1356 465; x_wconf 89' lang='lat' dir='ltr'><strong>vasorum</strong></span> <span class='ocrx_word' id='word_1_451' title='bbox 1380 443 1521 467; x_wconf 86' lang='lat' dir='ltr'><strong>sacrorum</strong></span> <span class='ocrx_word' id='word_1_452' title='bbox 1533 456 1542 469; x_wconf 87' lang='lat'><strong>,</strong></span> <span class='ocrx_word' id='word_1_453' title='bbox 1562 435 1679 463; x_wconf 83' lang='lat' dir='ltr'><strong>sacculis</strong></span> <span class='ocrx_word' id='word_1_454' title='bbox 1696 435 1780 463; x_wconf 83' lang='lat' dir='ltr'><strong>infer-</strong></span> 
     </span>
    </p>
   </div>
   <div class='ocr_carea' id='block_1_68' title="bbox 993 481 1779 515">
    <p class='ocr_par' dir='ltr' id='par_1_68' title="bbox 993 481 1779 515">
     <span class='ocr_line' id='line_1_68' title="bbox 993 481 1779 515; baseline -0.003 -4"><span class='ocrx_word' id='word_1_455' title='bbox 993 484 1079 511; x_wconf 89' lang='lat' dir='ltr'><strong>cluut.</strong></span> <span class='ocrx_word' id='word_1_456' title='bbox 1105 483 1149 510; x_wconf 82' lang='lat' dir='ltr'><strong>Fit</strong></span> <span class='ocrx_word' id='word_1_457' title='bbox 1172 483 1274 510; x_wconf 86' lang='lat' dir='ltr'><strong>clamor</strong></span> <span class='ocrx_word' id='word_1_458' title='bbox 1295 489 1322 510; x_wconf 88' lang='lat' dir='ltr'><strong>et</strong></span> <span class='ocrx_word' id='word_1_459' title='bbox 1342 483 1462 510; x_wconf 83' lang='lat' dir='ltr'><strong>ululatus</strong></span> <span class='ocrx_word' id='word_1_460' title='bbox 1484 483 1517 510; x_wconf 86' lang='lat' dir='ltr'><strong>ad</strong></span> <span class='ocrx_word' id='word_1_461' title='bbox 1546 482 1665 515; x_wconf 71' lang='lat' dir='ltr'><strong>cmlum;</strong></span> <span class='ocrx_word' id='word_1_462' title='bbox 1689 481 1779 509; x_wconf 87' lang='lat' dir='ltr'><strong>omnis</strong></span> 
     </span>
    </p>
   </div>
   <div class='ocr_carea' id='block_1_69' title="bbox 994 528 1781 562">
    <p class='ocr_par' dir='ltr' id='par_1_69' title="bbox 994 528 1781 562">
     <span class='ocr_line' id='line_1_69' title="bbox 994 528 1781 562; baseline -0.001 -7"><span class='ocrx_word' id='word_1_463' title='bbox 994 536 1087 561; x_wconf 78' lang='lat' dir='ltr'><strong>sexus,</strong></span> <span class='ocrx_word' id='word_1_464' title='bbox 1110 528 1192 556; x_wconf 70' lang='lat' dir='ltr'><strong>humo</strong></span> <span class='ocrx_word' id='word_1_465' title='bbox 1218 530 1317 561; x_wconf 76' lang='lat' dir='ltr'><strong>omnis,</strong></span> <span class='ocrx_word' id='word_1_466' title='bbox 1343 536 1422 555; x_wconf 90' lang='lat' dir='ltr'><strong>omne</strong></span> <span class='ocrx_word' id='word_1_467' title='bbox 1438 535 1547 562; x_wconf 83' lang='lat' dir='ltr'><strong>aurum,</strong></span> <span class='ocrx_word' id='word_1_468' title='bbox 1564 535 1646 555; x_wconf 89' lang='lat' dir='ltr'><strong>omne</strong></span> <span class='ocrx_word' id='word_1_469' title='bbox 1660 535 1709 560; x_wconf 74' lang='lat' dir='ltr'><strong>tes,</strong></span> <span class='ocrx_word' id='word_1_470' title='bbox 1721 534 1781 557; x_wconf 88' lang='lat' dir='ltr'><strong>om-</strong></span> 
     </span>
    </p>
   </div>
   <div class='ocr_carea' id='block_1_70' title="bbox 994 573 1780 609">
    <p class='ocr_par' dir='ltr' id='par_1_70' title="bbox 994 573 1780 609">
     <span class='ocr_line' id='line_1_70' title="bbox 994 573 1780 609; baseline -0.001 -8"><span class='ocrx_word' id='word_1_471' title='bbox 994 576 1037 602; x_wconf 85' lang='lat' dir='ltr'><strong>nis</strong></span> <span class='ocrx_word' id='word_1_472' title='bbox 1049 575 1182 609; x_wconf 81' lang='lat' dir='ltr'><strong>supellex,</strong></span> <span class='ocrx_word' id='word_1_473' title='bbox 1197 574 1341 609; x_wconf 86' lang='lat' dir='ltr'><strong>omnisque</strong></span> <span class='ocrx_word' id='word_1_474' title='bbox 1359 574 1436 602; x_wconf 87' lang='lat' dir='ltr'><strong>urbis</strong></span> <span class='ocrx_word' id='word_1_475' title='bbox 1450 574 1606 602; x_wconf 83' lang='lat' dir='ltr'><strong>substantia</strong></span> <span class='ocrx_word' id='word_1_476' title='bbox 1622 574 1650 602; x_wconf 91' lang='lat' dir='ltr'><strong>in</strong></span> <span class='ocrx_word' id='word_1_477' title='bbox 1663 573 1780 608; x_wconf 53' lang='lat' dir='ltr'><strong>predum</strong></span> 
     </span>
    </p>
   </div>
   <div class='ocr_carea' id='block_1_71' title="bbox 995 618 1782 657">
    <p class='ocr_par' dir='ltr' id='par_1_71' title="bbox 995 618 1782 657">
     <span class='ocr_line' id='line_1_71' title="bbox 995 618 1782 657; baseline -0.003 -10"><span class='ocrx_word' id='word_1_478' title='bbox 995 621 1118 648; x_wconf 86' lang='lat' dir='ltr'><strong>vertitur.</strong></span> <span class='ocrx_word' id='word_1_479' title='bbox 1135 620 1285 649; x_wconf 87' lang='lat' dir='ltr'><strong>Securibus</strong></span> <span class='ocrx_word' id='word_1_480' title='bbox 1299 620 1399 648; x_wconf 82' lang='lat' dir='ltr'><strong>scrinia</strong></span> <span class='ocrx_word' id='word_1_481' title='bbox 1412 620 1559 653; x_wconf 80' lang='lat' dir='ltr'><strong>scindunt;</strong></span> <span class='ocrx_word' id='word_1_482' title='bbox 1576 618 1675 647; x_wconf 89' lang='lat' dir='ltr'><strong>fundos</strong></span> <span class='ocrx_word' id='word_1_483' title='bbox 1691 618 1782 657; x_wconf 82' lang='lat' dir='ltr'><strong>perfo-</strong></span> 
     </span>
    </p>
   </div>
   <div class='ocr_carea' id='block_1_72' title="bbox 995 666 1780 702">
    <p class='ocr_par' dir='ltr' id='par_1_72' title="bbox 995 666 1780 702">
     <span class='ocr_line' id='line_1_72' title="bbox 995 666 1780 702; baseline -0.008 -8"><span class='ocrx_word' id='word_1_484' title='bbox 995 668 1073 694; x_wconf 87' lang='lat' dir='ltr'><strong>diunt</strong></span> <span class='ocrx_word' id='word_1_485' title='bbox 1091 674 1140 702; x_wconf 90' lang='lat' dir='ltr'><strong>pro</strong></span> <span class='ocrx_word' id='word_1_486' title='bbox 1155 667 1303 699; x_wconf 71' lang='lat' dir='ltr'><strong>thesauris;</strong></span> <span class='ocrx_word' id='word_1_487' title='bbox 1320 666 1365 701; x_wconf 83' lang='lat' dir='ltr'><strong>qui</strong></span> <span class='ocrx_word' id='word_1_488' title='bbox 1381 667 1449 695; x_wconf 87' lang='lat' dir='ltr'><strong>tanti</strong></span> <span class='ocrx_word' id='word_1_489' title='bbox 1467 666 1650 701; x_wconf 63' lang='lat' dir='ltr'><strong>reperiuntur.</strong></span> <span class='ocrx_word' id='word_1_490' title='bbox 1663 671 1689 693; x_wconf 90' lang='lat' dir='ltr'><strong>et</strong></span> <span class='ocrx_word' id='word_1_491' title='bbox 1705 666 1780 694; x_wconf 72' lang='lat' dir='ltr'><strong>novi,</strong></span> 
     </span>
    </p>
   </div>
   <div class='ocr_carea' id='block_1_73' title="bbox 994 712 1780 746">
    <p class='ocr_par' dir='ltr' id='par_1_73' title="bbox 994 712 1780 746">
     <span class='ocr_line' id='line_1_73' title="bbox 994 712 1780 746; baseline -0.004 -7"><span class='ocrx_word' id='word_1_492' title='bbox 994 719 1021 740; x_wconf 78' lang='lat' dir='ltr'><strong>rt</strong></span> <span class='ocrx_word' id='word_1_493' title='bbox 1037 718 1151 746; x_wconf 82' lang='lat' dir='ltr'><strong>veteres,</strong></span> <span class='ocrx_word' id='word_1_494' title='bbox 1170 719 1198 740; x_wconf 93' lang='lat' dir='ltr'><strong>ut</strong></span> <span class='ocrx_word' id='word_1_495' title='bbox 1219 713 1293 740; x_wconf 89' lang='lat' dir='ltr'><strong>nulla</strong></span> <span class='ocrx_word' id='word_1_496' title='bbox 1318 714 1353 741; x_wconf 94' lang='lat' dir='ltr'><strong>sit</strong></span> <span class='ocrx_word' id='word_1_497' title='bbox 1375 714 1438 740; x_wconf 91' lang='lat' dir='ltr'><strong>urbs</strong></span> <span class='ocrx_word' id='word_1_498' title='bbox 1462 721 1477 740; x_wconf 88' lang='lat' dir='ltr'><strong>a</strong></span> <span class='ocrx_word' id='word_1_499' title='bbox 1497 713 1598 741; x_wconf 72' lang='lat' dir='ltr'><strong>szecnlo</strong></span> <span class='ocrx_word' id='word_1_500' title='bbox 1622 720 1682 746; x_wconf 58' lang='lat' dir='ltr'><strong>qua!</strong></span> <span class='ocrx_word' id='word_1_501' title='bbox 1698 712 1780 739; x_wconf 63' lang='lat' dir='ltr'><strong>tantis</strong></span> 
     </span>
    </p>
   </div>
   <div class='ocr_carea' id='block_1_74' title="bbox 996 758 1779 792">
    <p class='ocr_par' dir='ltr' id='par_1_74' title="bbox 996 758 1779 792">
     <span class='ocr_line' id='line_1_74' title="bbox 996 758 1779 792; baseline -0.004 -6"><span class='ocrx_word' id='word_1_502' title='bbox 996 758 1098 792; x_wconf 74' lang='lat' dir='ltr'><strong>afﬂuat,</strong></span> <span class='ocrx_word' id='word_1_503' title='bbox 1122 764 1150 787; x_wconf 87' lang='lat' dir='ltr'><strong>et</strong></span> <span class='ocrx_word' id='word_1_504' title='bbox 1172 759 1198 786; x_wconf 91' lang='lat' dir='ltr'><strong>hi</strong></span> <span class='ocrx_word' id='word_1_505' title='bbox 1217 767 1314 787; x_wconf 87' lang='lat' dir='ltr'><strong>omnes</strong></span> <span class='ocrx_word' id='word_1_506' title='bbox 1333 759 1486 788; x_wconf 87' lang='lat' dir='ltr'><strong>abscondili</strong></span> <span class='ocrx_word' id='word_1_507' title='bbox 1511 759 1538 786; x_wconf 92' lang='lat' dir='ltr'><strong>in</strong></span> <span class='ocrx_word' id='word_1_508' title='bbox 1568 767 1665 786; x_wconf 83' lang='lat' dir='ltr'><strong>manus</strong></span> <span class='ocrx_word' id='word_1_509' title='bbox 1685 766 1779 786; x_wconf 88' lang='lat' dir='ltr'><strong>eorum</strong></span> 
     </span>
    </p>
   </div>
   <div class='ocr_carea' id='block_1_75' title="bbox 995 804 1780 840">
    <p class='ocr_par' dir='ltr' id='par_1_75' title="bbox 995 804 1780 840">
     <span class='ocr_line' id='line_1_75' title="bbox 995 804 1780 840; baseline 0.001 -8"><span class='ocrx_word' id='word_1_510' title='bbox 995 809 1186 840; x_wconf 87' lang='lat' dir='ltr'><strong>pervenerunt.</strong></span> <span class='ocrx_word' id='word_1_511' title='bbox 1204 805 1228 832; x_wconf 93' lang='grc'>0</span> <span class='ocrx_word' id='word_1_512' title='bbox 1241 805 1325 833; x_wconf 79' lang='lat' dir='ltr'><strong>Grteci</strong></span> <span class='ocrx_word' id='word_1_513' title='bbox 1351 805 1408 839; x_wconf 84' lang='lat' dir='ltr'><strong>jam</strong></span> <span class='ocrx_word' id='word_1_514' title='bbox 1438 805 1532 833; x_wconf 86' lang='lat' dir='ltr'><strong>miseri</strong></span> <span class='ocrx_word' id='word_1_515' title='bbox 1546 810 1572 832; x_wconf 89' lang='lat' dir='ltr'><strong>et</strong></span> <span class='ocrx_word' id='word_1_516' title='bbox 1598 804 1780 833; x_wconf 82' lang='lat' dir='ltr'><strong>miserabiles.</strong></span> 
     </span>
    </p>
   </div>
   <div class='ocr_carea' id='block_1_76' title="bbox 995 851 1775 887">
    <p class='ocr_par' dir='ltr' id='par_1_76' title="bbox 995 851 1775 887">
     <span class='ocr_line' id='line_1_76' title="bbox 995 851 1775 887; baseline -0.004 -8"><span class='ocrx_word' id='word_1_517' title='bbox 995 852 1042 887; x_wconf 92' lang='lat' dir='ltr'><strong>qui</strong></span> <span class='ocrx_word' id='word_1_518' title='bbox 1053 852 1171 886; x_wconf 85' lang='lat' dir='ltr'><strong>inopiam</strong></span> <span class='ocrx_word' id='word_1_519' title='bbox 1199 851 1349 886; x_wconf 82' lang='lat' dir='ltr'><strong>lingebatis,</strong></span> <span class='ocrx_word' id='word_1_520' title='bbox 1361 859 1423 879; x_wconf 87' lang='lat' dir='ltr'><strong>ecce</strong></span> <span class='ocrx_word' id='word_1_521' title='bbox 1435 851 1490 886; x_wconf 85' lang='lat' dir='ltr'><strong>jam</strong></span> <span class='ocrx_word' id='word_1_522' title='bbox 1505 852 1531 881; x_wconf 88' lang='lat' dir='ltr'><strong>in</strong></span> <span class='ocrx_word' id='word_1_523' title='bbox 1544 851 1632 879; x_wconf 89' lang='lat' dir='ltr'><strong>lucem</strong></span> <span class='ocrx_word' id='word_1_524' title='bbox 1644 855 1775 879; x_wconf 89' lang='lat' dir='ltr'><strong>venerunt</strong></span> 
     </span>
    </p>
   </div>
   <div class='ocr_carea' id='block_1_77' title="bbox 995 889 1780 932">
    <p class='ocr_par' dir='ltr' id='par_1_77' title="bbox 995 889 1780 932">
     <span class='ocr_line' id='line_1_77' title="bbox 995 889 1780 932; baseline -0.003 -8"><span class='ocrx_word' id='word_1_525' title='bbox 995 897 1126 931; x_wconf 87' lang='lat' dir='ltr'><strong>thesauri,</strong></span> <span class='ocrx_word' id='word_1_526' title='bbox 1144 905 1213 932; x_wconf 89' lang='lat' dir='ltr'><strong>quos</strong></span> <span class='ocrx_word' id='word_1_527' title='bbox 1227 905 1276 932; x_wconf 92' lang='lat' dir='ltr'><strong>pro</strong></span> <span class='ocrx_word' id='word_1_528' title='bbox 1293 897 1368 925; x_wconf 89' lang='lat' dir='ltr'><strong>urbis</strong></span> <span class='ocrx_word' id='word_1_529' title='bbox 1384 889 1507 925; x_wconf 85' lang='lat' dir='ltr'><strong>subsidio</strong></span> <span class='ocrx_word' id='word_1_530' title='bbox 1521 897 1687 932; x_wconf 81' lang='lat' dir='ltr'><strong>dcuegastis.</strong></span> <span class='ocrx_word' id='word_1_531' title='bbox 1717 895 1780 923; x_wconf 90' lang='lat' dir='ltr'><strong>Tri-</strong></span> 
     </span>
    </p>
   </div>
   <div class='ocr_carea' id='block_1_78' title="bbox 993 942 1781 978">
    <p class='ocr_par' dir='ltr' id='par_1_78' title="bbox 993 942 1781 978">
     <span class='ocr_line' id='line_1_78' title="bbox 993 942 1781 978; baseline -0.004 -7"><span class='ocrx_word' id='word_1_532' title='bbox 993 944 1047 971; x_wconf 90' lang='lat' dir='ltr'><strong>duo</strong></span> <span class='ocrx_word' id='word_1_533' title='bbox 1061 943 1144 978; x_wconf 81' lang='lat' dir='ltr'><strong>igitur</strong></span> <span class='ocrx_word' id='word_1_534' title='bbox 1161 943 1187 970; x_wconf 93' lang='lat' dir='ltr'><strong>in</strong></span> <span class='ocrx_word' id='word_1_535' title='bbox 1206 943 1322 977; x_wconf 65' lang='lat' dir='ltr'><strong>praedam</strong></span> <span class='ocrx_word' id='word_1_536' title='bbox 1339 942 1485 970; x_wconf 72' lang='lat' dir='ltr'><strong>decursum</strong></span> <span class='ocrx_word' id='word_1_537' title='bbox 1502 943 1640 970; x_wconf 87' lang='lat' dir='ltr'><strong>civitatem</strong></span> <span class='ocrx_word' id='word_1_538' title='bbox 1658 942 1781 977; x_wconf 85' lang='lat' dir='ltr'><strong>depopu-</strong></span> 
     </span>
    </p>
   </div>
   <div class='ocr_carea' id='block_1_79' title="bbox 992 988 1779 1026">
    <p class='ocr_par' dir='ltr' id='par_1_79' title="bbox 992 988 1779 1026">
     <span class='ocr_line' id='line_1_79' title="bbox 992 988 1779 1026; baseline -0.003 -9"><span class='ocrx_word' id='word_1_539' title='bbox 992 991 1130 1024; x_wconf 86' lang='lat' dir='ltr'><strong>latamque</strong></span> <span class='ocrx_word' id='word_1_540' title='bbox 1144 990 1216 1026; x_wconf 87' lang='lat' dir='ltr'><strong>regis</strong></span> <span class='ocrx_word' id='word_1_541' title='bbox 1235 988 1405 1017; x_wconf 88' lang='lat' dir='ltr'><strong>Teucrorum</strong></span> <span class='ocrx_word' id='word_1_542' title='bbox 1420 989 1515 1016; x_wconf 84' lang='lat' dir='ltr'><strong>ditioui</strong></span> <span class='ocrx_word' id='word_1_543' title='bbox 1531 989 1613 1016; x_wconf 86' lang='lat' dir='ltr'><strong>dicati</strong></span> <span class='ocrx_word' id='word_1_544' title='bbox 1634 989 1779 1016; x_wconf 81' lang='lat' dir='ltr'><strong>admodum</strong></span> 
     </span>
    </p>
   </div>
   <div class='ocr_carea' id='block_1_80' title="bbox 993 1034 1781 1071">
    <p class='ocr_par' dir='ltr' id='par_1_80' title="bbox 993 1034 1781 1071">
     <span class='ocr_line' id='line_1_80' title="bbox 993 1034 1781 1071; baseline -0.003 -8"><span class='ocrx_word' id='word_1_545' title='bbox 993 1037 1161 1071; x_wconf 89' lang='lat' dir='ltr'><strong>relinquunt.</strong></span> <span class='ocrx_word' id='word_1_546' title='bbox 1176 1035 1338 1063; x_wconf 84' lang='lat' dir='ltr'><strong>Tratlucitur</strong></span> <span class='ocrx_word' id='word_1_547' title='bbox 1353 1035 1386 1065; x_wconf 87' lang='lat' dir='ltr'><strong>ad</strong></span> <span class='ocrx_word' id='word_1_548' title='bbox 1420 1035 1571 1070; x_wconf 80' lang='lat' dir='ltr'><strong>papiliones</strong></span> <span class='ocrx_word' id='word_1_549' title='bbox 1597 1035 1686 1063; x_wconf 88' lang='lat' dir='ltr'><strong>omnis</strong></span> <span class='ocrx_word' id='word_1_550' title='bbox 1717 1034 1781 1063; x_wconf 88' lang='lat' dir='ltr'><strong>sub-</strong></span> 
     </span>
    </p>
   </div>
   <div class='ocr_carea' id='block_1_81' title="bbox 993 1081 1782 1118">
    <p class='ocr_par' dir='ltr' id='par_1_81' title="bbox 993 1081 1782 1118">
     <span class='ocr_line' id='line_1_81' title="bbox 993 1081 1782 1118; baseline -0.008 -6"><span class='ocrx_word' id='word_1_551' title='bbox 993 1084 1093 1112; x_wconf 88' lang='lat' dir='ltr'><strong>stantia</strong></span> <span class='ocrx_word' id='word_1_552' title='bbox 1104 1088 1131 1111; x_wconf 92' lang='lat' dir='ltr'><strong>et</strong></span> <span class='ocrx_word' id='word_1_553' title='bbox 1141 1083 1241 1118; x_wconf 75' lang='lat' dir='ltr'><strong>praala,</strong></span> <span class='ocrx_word' id='word_1_554' title='bbox 1256 1082 1392 1116; x_wconf 85' lang='lat' dir='ltr'><strong>vinctique</strong></span> <span class='ocrx_word' id='word_1_555' title='bbox 1402 1089 1496 1109; x_wconf 86' lang='lat' dir='ltr'><strong>omnes</strong></span> <span class='ocrx_word' id='word_1_556' title='bbox 1514 1081 1547 1108; x_wconf 84' lang='lat' dir='ltr'><strong>ad</strong></span> <span class='ocrx_word' id='word_1_557' title='bbox 1563 1082 1702 1116; x_wconf 83' lang='lat' dir='ltr'><strong>sexaginta</strong></span> <span class='ocrx_word' id='word_1_558' title='bbox 1721 1081 1782 1107; x_wconf 86' lang='lat' dir='ltr'><strong>mil-</strong></span> 
     </span>
    </p>
   </div>
   <div class='ocr_carea' id='block_1_82' title="bbox 994 1127 1781 1162">
    <p class='ocr_par' dir='ltr' id='par_1_82' title="bbox 994 1127 1781 1162">
     <span class='ocr_line' id='line_1_82' title="bbox 994 1127 1781 1162; baseline -0.004 -6"><span class='ocrx_word' id='word_1_559' title='bbox 994 1132 1028 1159; x_wconf 85' lang='lat' dir='ltr'><strong>tia</strong></span> <span class='ocrx_word' id='word_1_560' title='bbox 1049 1130 1160 1158; x_wconf 89' lang='lat' dir='ltr'><strong>funibus</strong></span> <span class='ocrx_word' id='word_1_561' title='bbox 1171 1128 1320 1157; x_wconf 84' lang='lat' dir='ltr'><strong>Christiani</strong></span> <span class='ocrx_word' id='word_1_562' title='bbox 1339 1127 1512 1162; x_wconf 82' lang='lat' dir='ltr'><strong>eaptivantur</strong></span> <span class='ocrx_word' id='word_1_563' title='bbox 1528 1136 1535 1160; x_wconf 90' lang='lat'><strong>;</strong></span> <span class='ocrx_word' id='word_1_564' title='bbox 1554 1134 1653 1155; x_wconf 86' lang='lat' dir='ltr'><strong>cruces</strong></span> <span class='ocrx_word' id='word_1_565' title='bbox 1667 1135 1700 1154; x_wconf 85' lang='lat' dir='ltr'><strong>ex</strong></span> <span class='ocrx_word' id='word_1_566' title='bbox 1712 1132 1781 1154; x_wconf 87' lang='lat' dir='ltr'><strong>Ictu-</strong></span> 
     </span>
    </p>
   </div>
   <div class='ocr_carea' id='block_1_83' title="bbox 993 1173 1778 1212">
    <p class='ocr_par' dir='ltr' id='par_1_83' title="bbox 993 1173 1778 1212">
     <span class='ocr_line' id='line_1_83' title="bbox 993 1173 1778 1212; baseline -0.008 -7"><span class='ocrx_word' id='word_1_567' title='bbox 993 1178 1099 1212; x_wconf 88' lang='lat' dir='ltr'><strong>plorum</strong></span> <span class='ocrx_word' id='word_1_568' title='bbox 1116 1176 1239 1211; x_wconf 81' lang='lat' dir='ltr'><strong>apicibus</strong></span> <span class='ocrx_word' id='word_1_569' title='bbox 1254 1174 1459 1210; x_wconf 82' lang='lat' dir='ltr'><strong>parietibusque</strong></span> <span class='ocrx_word' id='word_1_570' title='bbox 1469 1174 1570 1201; x_wconf 75' lang='lat' dir='ltr'><strong>evulsas</strong></span> <span class='ocrx_word' id='word_1_571' title='bbox 1587 1173 1701 1208; x_wconf 89' lang='lat' dir='ltr'><strong>pedibus</strong></span> <span class='ocrx_word' id='word_1_572' title='bbox 1712 1181 1778 1200; x_wconf 89' lang='lat' dir='ltr'><strong>cou-</strong></span> 
     </span>
    </p>
   </div>
   <div class='ocr_carea' id='block_1_84' title="bbox 992 1219 1780 1256">
    <p class='ocr_par' dir='ltr' id='par_1_84' title="bbox 992 1219 1780 1256">
     <span class='ocr_line' id='line_1_84' title="bbox 992 1219 1780 1256; baseline -0.006 -5"><span class='ocrx_word' id='word_1_573' title='bbox 992 1224 1155 1256; x_wconf 83' lang='lat' dir='ltr'><strong>culcanlur;</strong></span> <span class='ocrx_word' id='word_1_574' title='bbox 1172 1223 1309 1250; x_wconf 88' lang='lat' dir='ltr'><strong>violautur</strong></span> <span class='ocrx_word' id='word_1_575' title='bbox 1327 1222 1455 1249; x_wconf 84' lang='lat' dir='ltr'><strong>mulieres</strong></span> <span class='ocrx_word' id='word_1_576' title='bbox 1471 1229 1479 1254; x_wconf 90' lang='lat'><strong>;</strong></span> <span class='ocrx_word' id='word_1_577' title='bbox 1497 1220 1615 1255; x_wconf 77' lang='lat' dir='ltr'><strong>virgines</strong></span> <span class='ocrx_word' id='word_1_578' title='bbox 1641 1219 1780 1247; x_wconf 47' lang='lat' dir='ltr'><strong>deﬂoruit.</strong></span> 
     </span>
    </p>
   </div>
   <div class='ocr_carea' id='block_1_85' title="bbox 993 1266 1778 1304">
    <p class='ocr_par' dir='ltr' id='par_1_85' title="bbox 993 1266 1778 1304">
     <span class='ocr_line' id='line_1_85' title="bbox 993 1266 1778 1304; baseline -0.008 -6"><span class='ocrx_word' id='word_1_579' title='bbox 993 1277 1037 1298; x_wconf 91' lang='lat' dir='ltr'><strong>tur</strong></span> <span class='ocrx_word' id='word_1_580' title='bbox 1051 1280 1058 1304; x_wconf 83' lang='lat'>;</span> <span class='ocrx_word' id='word_1_581' title='bbox 1072 1277 1164 1298; x_wconf 88' lang='lat' dir='ltr'><strong>mares</strong></span> <span class='ocrx_word' id='word_1_582' title='bbox 1178 1270 1294 1303; x_wconf 77' lang='lat' dir='ltr'><strong>jovenes</strong></span> <span class='ocrx_word' id='word_1_583' title='bbox 1309 1269 1336 1296; x_wconf 88' lang='lat' dir='ltr'><strong>in</strong></span> <span class='ocrx_word' id='word_1_584' title='bbox 1353 1267 1550 1303; x_wconf 87' lang='lat' dir='ltr'><strong>turpitudinem</strong></span> <span class='ocrx_word' id='word_1_585' title='bbox 1580 1266 1778 1302; x_wconf 79' lang='lat' dir='ltr'><strong>maculantur;</strong></span> 
     </span>
    </p>
   </div>
   <div class='ocr_carea' id='block_1_86' title="bbox 992 1312 1782 1350">
    <p class='ocr_par' dir='ltr' id='par_1_86' title="bbox 992 1312 1782 1350">
     <span class='ocr_line' id='line_1_86' title="bbox 992 1312 1782 1350; baseline -0.009 -5"><span class='ocrx_word' id='word_1_586' title='bbox 992 1317 1216 1346; x_wconf 82' lang='lat' dir='ltr'><strong>sanctimoniales</strong></span> <span class='ocrx_word' id='word_1_587' title='bbox 1226 1323 1258 1344; x_wconf 90' lang='lat' dir='ltr'><strong>ac</strong></span> <span class='ocrx_word' id='word_1_588' title='bbox 1270 1314 1379 1349; x_wconf 67' lang='lat' dir='ltr'><strong>reliqua:</strong></span> <span class='ocrx_word' id='word_1_589' title='bbox 1387 1314 1470 1342; x_wconf 87' lang='lat' dir='ltr'><strong>etiam</strong></span> <span class='ocrx_word' id='word_1_590' title='bbox 1479 1321 1539 1350; x_wconf 67' lang='lat' dir='ltr'><strong>quae</strong></span> <span class='ocrx_word' id='word_1_591' title='bbox 1549 1316 1712 1348; x_wconf 81' lang='lat' dir='ltr'><strong>apparentes</strong></span> <span class='ocrx_word' id='word_1_592' title='bbox 1724 1312 1782 1339; x_wconf 62' lang='lat' dir='ltr'><strong>fua-</strong></span> 
     </span>
    </p>
   </div>
   <div class='ocr_carea' id='block_1_87' title="bbox 994 1359 1780 1397">
    <p class='ocr_par' dir='ltr' id='par_1_87' title="bbox 994 1359 1780 1397">
     <span class='ocr_line' id='line_1_87' title="bbox 994 1359 1780 1397; baseline -0.01 -5"><span class='ocrx_word' id='word_1_593' title='bbox 994 1369 1068 1397; x_wconf 89' lang='lat' dir='ltr'><strong>runt,</strong></span> <span class='ocrx_word' id='word_1_594' title='bbox 1088 1365 1151 1392; x_wconf 72' lang='lat' dir='ltr'><strong>luxu</strong></span> <span class='ocrx_word' id='word_1_595' title='bbox 1167 1363 1313 1391; x_wconf 76' lang='lat' dir='ltr'><strong>feedaulur.</strong></span> <span class='ocrx_word' id='word_1_596' title='bbox 1328 1361 1351 1388; x_wconf 91' lang='grc'>0</span> <span class='ocrx_word' id='word_1_597' title='bbox 1370 1360 1440 1388; x_wconf 85' lang='lat' dir='ltr'><strong>Deus</strong></span> <span class='ocrx_word' id='word_1_598' title='bbox 1459 1367 1547 1393; x_wconf 85' lang='lat' dir='ltr'><strong>meus,</strong></span> <span class='ocrx_word' id='word_1_599' title='bbox 1579 1367 1661 1394; x_wconf 85' lang='lat' dir='ltr'><strong>quam</strong></span> <span class='ocrx_word' id='word_1_600' title='bbox 1693 1359 1780 1386; x_wconf 82' lang='lat' dir='ltr'><strong>iratus</strong></span> 
     </span>
    </p>
   </div>
   <div class='ocr_carea' id='block_1_88' title="bbox 994 1405 1782 1445">
    <p class='ocr_par' dir='ltr' id='par_1_88' title="bbox 994 1405 1782 1445">
     <span class='ocr_line' id='line_1_88' title="bbox 994 1405 1782 1445; baseline -0.009 -7"><span class='ocrx_word' id='word_1_601' title='bbox 994 1411 1095 1439; x_wconf 89' lang='lat' dir='ltr'><strong>videris</strong></span> <span class='ocrx_word' id='word_1_602' title='bbox 1113 1411 1213 1445; x_wconf 81' lang='lat' dir='ltr'><strong>lquam</strong></span> <span class='ocrx_word' id='word_1_603' title='bbox 1227 1408 1480 1436; x_wconf 86' lang='lat' dir='ltr'><strong>immisericorditer</strong></span> <span class='ocrx_word' id='word_1_604' title='bbox 1506 1406 1603 1434; x_wconf 89' lang='lat' dir='ltr'><strong>faciem</strong></span> <span class='ocrx_word' id='word_1_605' title='bbox 1625 1413 1641 1433; x_wconf 85' lang='lat' dir='ltr'><strong>a</strong></span> <span class='ocrx_word' id='word_1_606' title='bbox 1655 1405 1782 1433; x_wconf 80' lang='lat' dir='ltr'><strong>fidelibus</strong></span> 
     </span>
    </p>
   </div>
   <div class='ocr_carea' id='block_1_89' title="bbox 994 1452 1779 1489">
    <p class='ocr_par' dir='ltr' id='par_1_89' title="bbox 994 1452 1779 1489">
     <span class='ocr_line' id='line_1_89' title="bbox 994 1452 1779 1489; baseline -0.008 -5"><span class='ocrx_word' id='word_1_607' title='bbox 994 1458 1114 1485; x_wconf 85' lang='lat' dir='ltr'><strong>avertisti</strong></span> <span class='ocrx_word' id='word_1_608' title='bbox 1134 1456 1219 1489; x_wconf 77' lang='lat' dir='ltr'><strong>IQuid</strong></span> <span class='ocrx_word' id='word_1_609' title='bbox 1231 1455 1340 1482; x_wconf 84' lang='lat' dir='ltr'><strong>dicam?</strong></span> <span class='ocrx_word' id='word_1_610' title='bbox 1352 1454 1443 1482; x_wconf 87' lang='lat' dir='ltr'><strong>Silebo</strong></span> <span class='ocrx_word' id='word_1_611' title='bbox 1459 1458 1505 1481; x_wconf 85' lang='lat' dir='ltr'><strong>aut</strong></span> <span class='ocrx_word' id='word_1_612' title='bbox 1518 1453 1670 1480; x_wconf 83' lang='lat' dir='ltr'><strong>narraboin</strong></span> <span class='ocrx_word' id='word_1_613' title='bbox 1684 1452 1779 1479; x_wconf 87' lang='lat' dir='ltr'><strong>Salva-</strong></span> 
     </span>
    </p>
   </div>
   <div class='ocr_carea' id='block_1_90' title="bbox 993 1497 1784 1535">
    <p class='ocr_par' dir='ltr' id='par_1_90' title="bbox 993 1497 1784 1535">
     <span class='ocr_line' id='line_1_90' title="bbox 993 1497 1784 1535; baseline -0.01 -4"><span class='ocrx_word' id='word_1_614' title='bbox 993 1508 1079 1532; x_wconf 87' lang='lat' dir='ltr'><strong>torem</strong></span> <span class='ocrx_word' id='word_1_615' title='bbox 1107 1507 1135 1530; x_wconf 91' lang='lat' dir='ltr'><strong>et</strong></span> <span class='ocrx_word' id='word_1_616' title='bbox 1160 1507 1270 1531; x_wconf 84' lang='lat' dir='ltr'><strong>sanctas</strong></span> <span class='ocrx_word' id='word_1_617' title='bbox 1300 1500 1438 1535; x_wconf 73' lang='lat' dir='ltr'><strong>imagines</strong></span> <span class='ocrx_word' id='word_1_618' title='bbox 1459 1499 1549 1526; x_wconf 78' lang='lat' dir='ltr'><strong>illatas</strong></span> <span class='ocrx_word' id='word_1_619' title='bbox 1572 1497 1784 1527; x_wconf 74' lang='lat' dir='ltr'><strong>contumelias?</strong></span> 
     </span>
    </p>
   </div>
   <div class='ocr_carea' id='block_1_91' title="bbox 953 1544 1782 1584">
    <p class='ocr_par' dir='ltr' id='par_1_91' title="bbox 953 1544 1782 1584">
     <span class='ocr_line' id='line_1_91' title="bbox 953 1544 1782 1584; baseline -0.011 -7"><span class='ocrx_word' id='word_1_620' title='bbox 953 1553 978 1582; x_wconf 69' lang='grc' dir='ltr'><strong>ο</strong></span> <span class='ocrx_word' id='word_1_621' title='bbox 996 1557 1075 1584; x_wconf 83' lang='lat' dir='ltr'><strong>parce</strong></span> <span class='ocrx_word' id='word_1_622' title='bbox 1087 1549 1164 1580; x_wconf 87' lang='lat' dir='ltr'><strong>mihi,</strong></span> <span class='ocrx_word' id='word_1_623' title='bbox 1180 1547 1302 1579; x_wconf 86' lang='lat' dir='ltr'><strong>Domine,</strong></span> <span class='ocrx_word' id='word_1_624' title='bbox 1327 1546 1350 1573; x_wconf 90' lang='lat' dir='ltr'><strong>si</strong></span> <span class='ocrx_word' id='word_1_625' title='bbox 1366 1551 1420 1572; x_wconf 86' lang='lat' dir='ltr'><strong>tam</strong></span> <span class='ocrx_word' id='word_1_626' title='bbox 1441 1544 1543 1572; x_wconf 66' lang='lat' dir='ltr'><strong>fuadum</strong></span> <span class='ocrx_word' id='word_1_627' title='bbox 1565 1544 1655 1570; x_wconf 83' lang='lat' dir='ltr'><strong>scelus</strong></span> <span class='ocrx_word' id='word_1_628' title='bbox 1670 1550 1782 1570; x_wconf 73' lang='lat' dir='ltr'><strong>enat-tn.</strong></span> 
     </span>
    </p>
   </div>
   <div class='ocr_carea' id='block_1_92' title="bbox 993 1589 1783 1624">
    <p class='ocr_par' dir='ltr' id='par_1_92' title="bbox 993 1589 1783 1624">
     <span class='ocr_line' id='line_1_92' title="bbox 993 1589 1783 1624; baseline -0.013 0"><span class='ocrx_word' id='word_1_629' title='bbox 993 1595 1015 1624; x_wconf 93' lang='grc'>0</span> <span class='ocrx_word' id='word_1_630' title='bbox 1030 1595 1220 1623; x_wconf 87' lang='lat' dir='ltr'><strong>confusionem</strong></span> <span class='ocrx_word' id='word_1_631' title='bbox 1237 1592 1468 1624; x_wconf 83' lang='lat' dir='ltr'><strong>Christianorum,</strong></span> <span class='ocrx_word' id='word_1_632' title='bbox 1484 1591 1507 1618; x_wconf 91' lang='lat' dir='ltr'><strong>si</strong></span> <span class='ocrx_word' id='word_1_633' title='bbox 1520 1590 1623 1617; x_wconf 75' lang='lat' dir='ltr'><strong>Christi</strong></span> <span class='ocrx_word' id='word_1_634' title='bbox 1645 1589 1692 1616; x_wconf 89' lang='lat' dir='ltr'><strong>Dei</strong></span> <span class='ocrx_word' id='word_1_635' title='bbox 1707 1589 1783 1622; x_wconf 88' lang='lat' dir='ltr'><strong>inju-</strong></span> 
     </span>
    </p>
   </div>
   <div class='ocr_carea' id='block_1_93' title="bbox 994 1636 1782 1670">
    <p class='ocr_par' dir='ltr' id='par_1_93' title="bbox 994 1636 1782 1670">
     <span class='ocr_line' id='line_1_93' title="bbox 994 1636 1782 1670; baseline -0.013 0"><span class='ocrx_word' id='word_1_636' title='bbox 994 1642 1048 1670; x_wconf 88' lang='lat' dir='ltr'><strong>rias</strong></span> <span class='ocrx_word' id='word_1_637' title='bbox 1063 1640 1202 1667; x_wconf 85' lang='lat' dir='ltr'><strong>vindicare</strong></span> <span class='ocrx_word' id='word_1_638' title='bbox 1214 1638 1353 1666; x_wconf 86' lang='lat' dir='ltr'><strong>retardent</strong></span> <span class='ocrx_word' id='word_1_639' title='bbox 1367 1638 1374 1664; x_wconf 77' lang='grc' dir='ltr'><strong>ι</strong></span> <span class='ocrx_word' id='word_1_640' title='bbox 1393 1637 1491 1664; x_wconf 85' lang='lat' dir='ltr'><strong>Sacras</strong></span> <span class='ocrx_word' id='word_1_641' title='bbox 1509 1636 1556 1663; x_wconf 91' lang='lat' dir='ltr'><strong>Dei</strong></span> <span class='ocrx_word' id='word_1_642' title='bbox 1571 1639 1598 1663; x_wconf 88' lang='lat' dir='ltr'><strong>et</strong></span> <span class='ocrx_word' id='word_1_643' title='bbox 1624 1639 1782 1662; x_wconf 84' lang='lat' dir='ltr'><strong>sanctorum</strong></span> 
     </span>
    </p>
   </div>
   <div class='ocr_carea' id='block_1_94' title="bbox 994 1682 1783 1722">
    <p class='ocr_par' dir='ltr' id='par_1_94' title="bbox 994 1682 1783 1722">
     <span class='ocr_line' id='line_1_94' title="bbox 994 1682 1783 1722; baseline -0.011 -8"><span class='ocrx_word' id='word_1_644' title='bbox 994 1687 1095 1722; x_wconf 69' lang='lat' dir='ltr'><strong>efﬁgies</strong></span> <span class='ocrx_word' id='word_1_645' title='bbox 1111 1686 1195 1712; x_wconf 84' lang='lat' dir='ltr'><strong>humo</strong></span> <span class='ocrx_word' id='word_1_646' title='bbox 1209 1687 1388 1718; x_wconf 85' lang='lat' dir='ltr'><strong>prosternunt</strong></span> <span class='ocrx_word' id='word_1_647' title='bbox 1403 1691 1411 1709; x_wconf 90' lang='lat'>:</span> <span class='ocrx_word' id='word_1_648' title='bbox 1427 1682 1528 1717; x_wconf 88' lang='lat' dir='ltr'><strong>quibus</strong></span> <span class='ocrx_word' id='word_1_649' title='bbox 1543 1689 1635 1716; x_wconf 83' lang='lat' dir='ltr'><strong>super,</strong></span> <span class='ocrx_word' id='word_1_650' title='bbox 1656 1687 1710 1708; x_wconf 90' lang='lat' dir='ltr'><strong>non</strong></span> <span class='ocrx_word' id='word_1_651' title='bbox 1726 1688 1783 1706; x_wconf 82' lang='lat' dir='ltr'><strong>ino-</strong></span> 
     </span>
    </p>
   </div>
   <div class='ocr_carea' id='block_1_95' title="bbox 994 1726 1782 1767">
    <p class='ocr_par' dir='ltr' id='par_1_95' title="bbox 994 1726 1782 1767">
     <span class='ocr_line' id='line_1_95' title="bbox 994 1726 1782 1767; baseline -0.011 -6"><span class='ocrx_word' id='word_1_652' title='bbox 994 1734 1029 1761; x_wconf 87' lang='lat' dir='ltr'><strong>do</strong></span> <span class='ocrx_word' id='word_1_653' title='bbox 1046 1732 1197 1767; x_wconf 80' lang='lat' dir='ltr'><strong>crapulam,</strong></span> <span class='ocrx_word' id='word_1_654' title='bbox 1216 1730 1262 1758; x_wconf 86' lang='lat' dir='ltr'><strong>sed</strong></span> <span class='ocrx_word' id='word_1_655' title='bbox 1284 1729 1420 1756; x_wconf 73' lang='lat' dir='ltr'><strong>luxuriam</strong></span> <span class='ocrx_word' id='word_1_656' title='bbox 1438 1727 1588 1762; x_wconf 79' lang='lat' dir='ltr'><strong>complent.</strong></span> <span class='ocrx_word' id='word_1_657' title='bbox 1613 1726 1782 1754; x_wconf 80' lang='lat' dir='ltr'><strong>Crucifixnm</strong></span> 
     </span>
    </p>
   </div>
   <div class='ocr_carea' id='block_1_96' title="bbox 995 1771 1783 1813">
    <p class='ocr_par' dir='ltr' id='par_1_96' title="bbox 995 1771 1783 1813">
     <span class='ocr_line' id='line_1_96' title="bbox 995 1771 1783 1813; baseline -0.008 -9"><span class='ocrx_word' id='word_1_658' title='bbox 995 1776 1111 1813; x_wconf 87' lang='lat' dir='ltr'><strong>posthac</strong></span> <span class='ocrx_word' id='word_1_659' title='bbox 1129 1783 1177 1810; x_wconf 86' lang='lat' dir='ltr'><strong>per</strong></span> <span class='ocrx_word' id='word_1_660' title='bbox 1186 1778 1275 1802; x_wconf 81' lang='lat' dir='ltr'><strong>castra</strong></span> <span class='ocrx_word' id='word_1_661' title='bbox 1288 1773 1395 1809; x_wconf 66' lang='lat' dir='ltr'><strong>praeviis</strong></span> <span class='ocrx_word' id='word_1_662' title='bbox 1411 1772 1548 1808; x_wconf 86' lang='lat' dir='ltr'><strong>tympanis</strong></span> <span class='ocrx_word' id='word_1_663' title='bbox 1568 1771 1722 1799; x_wconf 88' lang='lat' dir='ltr'><strong>dctudeudo</strong></span> <span class='ocrx_word' id='word_1_664' title='bbox 1735 1771 1783 1798; x_wconf 88' lang='lat' dir='ltr'><strong>de-</strong></span> 
     </span>
    </p>
   </div>
   <div class='ocr_carea' id='block_1_97' title="bbox 995 1817 1783 1860">
    <p class='ocr_par' dir='ltr' id='par_1_97' title="bbox 995 1817 1783 1860">
     <span class='ocr_line' id='line_1_97' title="bbox 995 1817 1783 1860; baseline -0.01 -9"><span class='ocrx_word' id='word_1_665' title='bbox 995 1829 1116 1860; x_wconf 74' lang='lat' dir='ltr'><strong>portant:</strong></span> <span class='ocrx_word' id='word_1_666' title='bbox 1132 1821 1230 1857; x_wconf 85' lang='lat' dir='ltr'><strong>sputis,</strong></span> <span class='ocrx_word' id='word_1_667' title='bbox 1243 1819 1430 1855; x_wconf 69' lang='lat' dir='ltr'><strong>blaspbetuiis,</strong></span> <span class='ocrx_word' id='word_1_668' title='bbox 1447 1817 1708 1854; x_wconf 85' lang='lat' dir='ltr'><strong>opprobriisiterum</strong></span> <span class='ocrx_word' id='word_1_669' title='bbox 1720 1824 1783 1850; x_wconf 61' lang='lat' dir='ltr'><strong>prn-</strong></span> 
     </span>
    </p>
   </div>
   <div class='ocr_carea' id='block_1_98' title="bbox 995 1863 1782 1902">
    <p class='ocr_par' dir='ltr' id='par_1_98' title="bbox 995 1863 1782 1902">
     <span class='ocr_line' id='line_1_98' title="bbox 995 1863 1782 1902; baseline -0.01 -5"><span class='ocrx_word' id='word_1_670' title='bbox 995 1869 1186 1898; x_wconf 79' lang='lat' dir='ltr'><strong>ccssior.aliter</strong></span> <span class='ocrx_word' id='word_1_671' title='bbox 1205 1866 1389 1902; x_wconf 84' lang='lat' dir='ltr'><strong>crucifigunt:</strong></span> <span class='ocrx_word' id='word_1_672' title='bbox 1412 1865 1512 1900; x_wconf 85' lang='lat' dir='ltr'><strong>pileum</strong></span> <span class='ocrx_word' id='word_1_673' title='bbox 1538 1863 1678 1897; x_wconf 89' lang='lat' dir='ltr'><strong>Tcucrale,</strong></span> <span class='ocrx_word' id='word_1_674' title='bbox 1710 1863 1782 1897; x_wconf 85' lang='lat' dir='ltr'><strong>quod</strong></span> 
     </span>
    </p>
   </div>
   <div class='ocr_carea' id='block_1_99' title="bbox 996 1909 1782 1947">
    <p class='ocr_par' dir='ltr' id='par_1_99' title="bbox 996 1909 1782 1947">
     <span class='ocr_line' id='line_1_99' title="bbox 996 1909 1782 1947; baseline -0.008 -5"><span class='ocrx_word' id='word_1_675' title='bbox 996 1915 1128 1943; x_wconf 78' lang='lat' dir='ltr'><strong>Zarcltnla</strong></span> <span class='ocrx_word' id='word_1_676' title='bbox 1145 1917 1253 1945; x_wconf 83' lang='lat' dir='ltr'><strong>vocant,</strong></span> <span class='ocrx_word' id='word_1_677' title='bbox 1271 1912 1354 1947; x_wconf 89' lang='lat' dir='ltr'><strong>capiti</strong></span> <span class='ocrx_word' id='word_1_678' title='bbox 1369 1914 1596 1946; x_wconf 78' lang='lat' dir='ltr'><strong>superponentes,</strong></span> <span class='ocrx_word' id='word_1_679' title='bbox 1610 1909 1760 1937; x_wconf 77' lang='lat' dir='ltr'><strong>deridenda</strong></span> <span class='ocrx_word' id='word_1_680' title='bbox 1776 1930 1782 1936; x_wconf 94' lang='lat'><strong>.</strong></span> 
     </span>
    </p>
   </div>
   <div class='ocr_carea' id='block_1_100' title="bbox 997 1956 1783 1992">
    <p class='ocr_par' dir='ltr' id='par_1_100' title="bbox 997 1956 1783 1992">
     <span class='ocr_line' id='line_1_100' title="bbox 997 1956 1783 1992; baseline -0.009 -2"><span class='ocrx_word' id='word_1_681' title='bbox 997 1964 1048 1990; x_wconf 85' lang='lat' dir='ltr'><strong>llic</strong></span> <span class='ocrx_word' id='word_1_682' title='bbox 1064 1966 1106 1989; x_wconf 88' lang='lat' dir='ltr'><strong>est</strong></span> <span class='ocrx_word' id='word_1_683' title='bbox 1123 1962 1192 1988; x_wconf 88' lang='lat' dir='ltr'><strong>Deus</strong></span> <span class='ocrx_word' id='word_1_684' title='bbox 1204 1957 1469 1988; x_wconf 85' lang='lat' dir='ltr'><strong>Christianorum.0</strong></span> <span class='ocrx_word' id='word_1_685' title='bbox 1485 1957 1529 1984; x_wconf 83' lang='lat' dir='ltr'><strong>Dei</strong></span> <span class='ocrx_word' id='word_1_686' title='bbox 1543 1957 1701 1992; x_wconf 85' lang='lat' dir='ltr'><strong>patientiam</strong></span> <span class='ocrx_word' id='word_1_687' title='bbox 1713 1957 1719 1984; x_wconf 87' lang='lat' dir='ltr'><strong>i</strong></span> <span class='ocrx_word' id='word_1_688' title='bbox 1732 1956 1783 1983; x_wconf 32' lang='lat' dir='ltr'><strong>Bc.</strong></span> 
     </span>
    </p>
   </div>
   <div class='ocr_carea' id='block_1_101' title="bbox 998 2003 1784 2038">
    <p class='ocr_par' dir='ltr' id='par_1_101' title="bbox 998 2003 1784 2038">
     <span class='ocr_line' id='line_1_101' title="bbox 998 2003 1784 2038; baseline -0.008 -3"><span class='ocrx_word' id='word_1_689' title='bbox 998 2017 1032 2036; x_wconf 89' lang='lat' dir='ltr'><strong>ne</strong></span> <span class='ocrx_word' id='word_1_690' title='bbox 1044 2007 1146 2035; x_wconf 87' lang='lat' dir='ltr'><strong>videris</strong></span> <span class='ocrx_word' id='word_1_691' title='bbox 1165 2008 1263 2037; x_wconf 83' lang='lat' dir='ltr'><strong>iratus,</strong></span> <span class='ocrx_word' id='word_1_692' title='bbox 1279 2006 1348 2032; x_wconf 87' lang='lat' dir='ltr'><strong>bone</strong></span> <span class='ocrx_word' id='word_1_693' title='bbox 1356 2004 1430 2037; x_wconf 84' lang='lat' dir='ltr'><strong>Jesu,</strong></span> <span class='ocrx_word' id='word_1_694' title='bbox 1444 2007 1472 2030; x_wconf 91' lang='lat' dir='ltr'><strong>ut</strong></span> <span class='ocrx_word' id='word_1_695' title='bbox 1489 2011 1538 2038; x_wconf 90' lang='lat' dir='ltr'><strong>pro</strong></span> <span class='ocrx_word' id='word_1_696' title='bbox 1553 2003 1671 2038; x_wconf 86' lang='lat' dir='ltr'><strong>peccatis</strong></span> <span class='ocrx_word' id='word_1_697' title='bbox 1683 2005 1784 2030; x_wconf 82' lang='lat' dir='ltr'><strong>nostris</strong></span> 
     </span>
    </p>
   </div>
   <div class='ocr_carea' id='block_1_102' title="bbox 998 2049 1625 2087">
    <p class='ocr_par' dir='ltr' id='par_1_102' title="bbox 998 2049 1625 2087">
     <span class='ocr_line' id='line_1_102' title="bbox 998 2049 1625 2087; baseline -0.011 -6"><span class='ocrx_word' id='word_1_698' title='bbox 998 2057 1088 2081; x_wconf 72' lang='lat' dir='ltr'><strong>tantas</strong></span> <span class='ocrx_word' id='word_1_699' title='bbox 1101 2051 1215 2087; x_wconf 88' lang='lat' dir='ltr'><strong>injurias</strong></span> <span class='ocrx_word' id='word_1_700' title='bbox 1228 2051 1325 2078; x_wconf 89' lang='lat' dir='ltr'><strong>iterum</strong></span> <span class='ocrx_word' id='word_1_701' title='bbox 1343 2050 1443 2078; x_wconf 88' lang='lat' dir='ltr'><strong>toleres</strong></span> <span class='ocrx_word' id='word_1_702' title='bbox 1460 2049 1625 2083; x_wconf 83' lang='lat' dir='ltr'><strong>indignatus.</strong></span> 
     </span>
    </p>
   </div>
   <div class='ocr_carea' id='block_1_103' title="bbox 1036 2094 1783 2130">
    <p class='ocr_par' dir='ltr' id='par_1_103' title="bbox 1036 2094 1783 2130">
     <span class='ocr_line' id='line_1_103' title="bbox 1036 2094 1783 2130; baseline -0.007 -3"><span class='ocrx_word' id='word_1_703' title='bbox 1036 2100 1114 2127; x_wconf 84' lang='lat' dir='ltr'><strong>Parta</strong></span> <span class='ocrx_word' id='word_1_704' title='bbox 1136 2103 1226 2126; x_wconf 90' lang='lat' dir='ltr'><strong>antem</strong></span> <span class='ocrx_word' id='word_1_705' title='bbox 1242 2097 1368 2130; x_wconf 84' lang='lat' dir='ltr'><strong>victoria,</strong></span> <span class='ocrx_word' id='word_1_706' title='bbox 1384 2095 1466 2123; x_wconf 85' lang='lat' dir='ltr'><strong>Turci</strong></span> <span class='ocrx_word' id='word_1_707' title='bbox 1488 2095 1668 2123; x_wconf 81' lang='lat' dir='ltr'><strong>Bacchanalia</strong></span> <span class='ocrx_word' id='word_1_708' title='bbox 1686 2094 1783 2122; x_wconf 88' lang='lat' dir='ltr'><strong>festos-</strong></span> 
     </span>
    </p>
   </div>
   <div class='ocr_carea' id='block_1_104' title="bbox 1001 2141 1784 2181">
    <p class='ocr_par' dir='ltr' id='par_1_104' title="bbox 1001 2141 1784 2181">
     <span class='ocr_line' id='line_1_104' title="bbox 1001 2141 1784 2181; baseline -0.005 -9"><span class='ocrx_word' id='word_1_709' title='bbox 1001 2155 1054 2181; x_wconf 83' lang='lat' dir='ltr'><strong>que</strong></span> <span class='ocrx_word' id='word_1_710' title='bbox 1081 2145 1138 2173; x_wconf 87' lang='lat' dir='ltr'><strong>dies</strong></span> <span class='ocrx_word' id='word_1_711' title='bbox 1154 2145 1290 2172; x_wconf 79' lang='lat' dir='ltr'><strong>celebrant</strong></span> <span class='ocrx_word' id='word_1_712' title='bbox 1307 2152 1314 2170; x_wconf 85' lang='lat'><strong>:</strong></span> <span class='ocrx_word' id='word_1_713' title='bbox 1330 2143 1429 2178; x_wconf 88' lang='lat' dir='ltr'><strong>quibus</strong></span> <span class='ocrx_word' id='word_1_714' title='bbox 1449 2150 1495 2169; x_wconf 82' lang='lat' dir='ltr'><strong>rex</strong></span> <span class='ocrx_word' id='word_1_715' title='bbox 1519 2141 1589 2169; x_wconf 87' lang='lat' dir='ltr'><strong>forte</strong></span> <span class='ocrx_word' id='word_1_716' title='bbox 1609 2141 1784 2169; x_wconf 88' lang='lat' dir='ltr'><strong>temulentior</strong></span> 
     </span>
    </p>
   </div>
   <div class='ocr_carea' id='block_1_105' title="bbox 1003 2189 1780 2226">
    <p class='ocr_par' dir='ltr' id='par_1_105' title="bbox 1003 2189 1780 2226">
     <span class='ocr_line' id='line_1_105' title="bbox 1003 2189 1780 2226; baseline -0.008 -6"><span class='ocrx_word' id='word_1_717' title='bbox 1003 2193 1092 2221; x_wconf 82' lang='lat' dir='ltr'><strong>factus</strong></span> <span class='ocrx_word' id='word_1_718' title='bbox 1106 2192 1266 2226; x_wconf 83' lang='lat' dir='ltr'><strong>sanguinem</strong></span> <span class='ocrx_word' id='word_1_719' title='bbox 1282 2190 1389 2218; x_wconf 88' lang='lat' dir='ltr'><strong>Baccho</strong></span> <span class='ocrx_word' id='word_1_720' title='bbox 1403 2189 1511 2217; x_wconf 87' lang='lat' dir='ltr'><strong>misceri</strong></span> <span class='ocrx_word' id='word_1_721' title='bbox 1525 2189 1609 2216; x_wconf 90' lang='lat' dir='ltr'><strong>voluit</strong></span> <span class='ocrx_word' id='word_1_722' title='bbox 1623 2189 1780 2216; x_wconf 81' lang='lat' dir='ltr'><strong>humanum.</strong></span> 
     </span>
    </p>
   </div>
   <div class='ocr_carea' id='block_1_106' title="bbox 965 2227 1782 2273">
    <p class='ocr_par' dir='ltr' id='par_1_106' title="bbox 965 2227 1782 2273">
     <span class='ocr_line' id='line_1_106' title="bbox 965 2227 1782 2273; baseline -0.009 -5"><span class='ocrx_word' id='word_1_723' title='bbox 965 2227 987 2254; x_wconf 71' lang='grc' dir='ltr'>ι)</span> <span class='ocrx_word' id='word_1_724' title='bbox 1005 2240 1111 2267; x_wconf 82' lang='lat' dir='ltr'><strong>Vocatis</strong></span> <span class='ocrx_word' id='word_1_725' title='bbox 1126 2239 1208 2273; x_wconf 80' lang='lat' dir='ltr'><strong>igitur</strong></span> <span class='ocrx_word' id='word_1_726' title='bbox 1223 2237 1256 2264; x_wconf 89' lang='lat' dir='ltr'><strong>ad</strong></span> <span class='ocrx_word' id='word_1_727' title='bbox 1274 2244 1302 2264; x_wconf 90' lang='lat' dir='ltr'><strong>se</strong></span> <span class='ocrx_word' id='word_1_728' title='bbox 1317 2236 1443 2264; x_wconf 81' lang='lat' dir='ltr'><strong>Chirlnca</strong></span> <span class='ocrx_word' id='word_1_729' title='bbox 1461 2235 1621 2271; x_wconf 62' lang='lat' dir='ltr'><strong>exterisque</strong></span> <span class='ocrx_word' id='word_1_730' title='bbox 1632 2234 1782 2262; x_wconf 76' lang='lat' dir='ltr'><strong>baronibus</strong></span> 
     </span>
    </p>
   </div>
   <div class='ocr_carea' id='block_1_107' title="bbox 1001 2281 1768 2317">
    <p class='ocr_par' dir='ltr' id='par_1_107' title="bbox 1001 2281 1768 2317">
     <span class='ocr_line' id='line_1_107' title="bbox 1001 2281 1768 2317; baseline -0.007 -5"><span class='ocrx_word' id='word_1_731' title='bbox 1001 2284 1193 2312; x_wconf 85' lang='lat' dir='ltr'><strong>consularibus</strong></span> <span class='ocrx_word' id='word_1_732' title='bbox 1207 2283 1390 2317; x_wconf 87' lang='lat' dir='ltr'><strong>reprehensis,</strong></span> <span class='ocrx_word' id='word_1_733' title='bbox 1411 2282 1482 2316; x_wconf 87' lang='lat' dir='ltr'><strong>quod</strong></span> <span class='ocrx_word' id='word_1_734' title='bbox 1497 2289 1550 2309; x_wconf 90' lang='lat' dir='ltr'><strong>non</strong></span> <span class='ocrx_word' id='word_1_735' title='bbox 1565 2282 1717 2309; x_wconf 87' lang='lat' dir='ltr'><strong>suasissent</strong></span> <span class='ocrx_word' id='word_1_736' title='bbox 1732 2281 1768 2308; x_wconf 91' lang='lat' dir='ltr'><strong>im</strong></span> 
     </span>
    </p>
   </div>
   <div class='ocr_carea' id='block_1_108' title="bbox 1002 2327 1784 2365">
    <p class='ocr_par' dir='ltr' id='par_1_108' title="bbox 1002 2327 1784 2365">
     <span class='ocr_line' id='line_1_108' title="bbox 1002 2327 1784 2365; baseline -0.006 -8"><span class='ocrx_word' id='word_1_737' title='bbox 1002 2330 1130 2365; x_wconf 87' lang='lat' dir='ltr'><strong>peratori,</strong></span> <span class='ocrx_word' id='word_1_738' title='bbox 1148 2328 1190 2355; x_wconf 86' lang='lat' dir='ltr'><strong>vel</strong></span> <span class='ocrx_word' id='word_1_739' title='bbox 1207 2335 1301 2363; x_wconf 86' lang='lat' dir='ltr'><strong>pacem</strong></span> <span class='ocrx_word' id='word_1_740' title='bbox 1319 2328 1471 2362; x_wconf 88' lang='lat' dir='ltr'><strong>petendam,</strong></span> <span class='ocrx_word' id='word_1_741' title='bbox 1486 2327 1527 2354; x_wconf 88' lang='lat' dir='ltr'><strong>vel</strong></span> <span class='ocrx_word' id='word_1_742' title='bbox 1540 2327 1655 2354; x_wconf 80' lang='lat' dir='ltr'><strong>dandam</strong></span> <span class='ocrx_word' id='word_1_743' title='bbox 1671 2333 1726 2354; x_wconf 73' lang='lat' dir='ltr'><strong>Suae</strong></span> <span class='ocrx_word' id='word_1_744' title='bbox 1740 2327 1784 2353; x_wconf 82' lang='lat' dir='ltr'><strong>di-</strong></span> 
     </span>
    </p>
   </div>
   <div class='ocr_carea' id='block_1_109' title="bbox 1000 2371 1782 2408">
    <p class='ocr_par' dir='ltr' id='par_1_109' title="bbox 1000 2371 1782 2408">
     <span class='ocr_line' id='line_1_109' title="bbox 1000 2371 1782 2408; baseline -0.009 -5"><span class='ocrx_word' id='word_1_745' title='bbox 1000 2376 1067 2403; x_wconf 87' lang='lat' dir='ltr'><strong>tioni</strong></span> <span class='ocrx_word' id='word_1_746' title='bbox 1082 2375 1174 2402; x_wconf 90' lang='lat' dir='ltr'><strong>urbem</strong></span> <span class='ocrx_word' id='word_1_747' title='bbox 1187 2383 1194 2404; x_wconf 77' lang='grc' dir='ltr'>ς</span> <span class='ocrx_word' id='word_1_748' title='bbox 1208 2373 1345 2406; x_wconf 88' lang='lat' dir='ltr'><strong>Chirluca,</strong></span> <span class='ocrx_word' id='word_1_749' title='bbox 1360 2373 1405 2408; x_wconf 88' lang='lat' dir='ltr'><strong>qui</strong></span> <span class='ocrx_word' id='word_1_750' title='bbox 1419 2373 1583 2407; x_wconf 77' lang='lat' dir='ltr'><strong>cogitaverat</strong></span> <span class='ocrx_word' id='word_1_751' title='bbox 1596 2371 1655 2405; x_wconf 87' lang='lat' dir='ltr'><strong>ejus</strong></span> <span class='ocrx_word' id='word_1_752' title='bbox 1668 2372 1782 2406; x_wconf 79' lang='lat' dir='ltr'><strong>gratiam</strong></span> 
     </span>
    </p>
   </div>
   <div class='ocr_carea' id='block_1_110' title="bbox 1001 2417 1780 2456">
    <p class='ocr_par' dir='ltr' id='par_1_110' title="bbox 1001 2417 1780 2456">
     <span class='ocr_line' id='line_1_110' title="bbox 1001 2417 1780 2456; baseline -0.006 -8"><span class='ocrx_word' id='word_1_753' title='bbox 1001 2425 1121 2456; x_wconf 85' lang='lat' dir='ltr'><strong>captare,</strong></span> <span class='ocrx_word' id='word_1_754' title='bbox 1145 2419 1277 2446; x_wconf 84' lang='lat' dir='ltr'><strong>adversus</strong></span> <span class='ocrx_word' id='word_1_755' title='bbox 1292 2417 1424 2445; x_wconf 86' lang='lat' dir='ltr'><strong>Perenscs</strong></span> <span class='ocrx_word' id='word_1_756' title='bbox 1439 2417 1611 2451; x_wconf 85' lang='lat' dir='ltr'><strong>Venetosqnc</strong></span> <span class='ocrx_word' id='word_1_757' title='bbox 1628 2417 1675 2452; x_wconf 91' lang='lat' dir='ltr'><strong>qui</strong></span> <span class='ocrx_word' id='word_1_758' title='bbox 1695 2424 1780 2450; x_wconf 84' lang='lat' dir='ltr'><strong>arma,</strong></span> 
     </span>
    </p>
   </div>
   <div class='ocr_carea' id='block_1_111' title="bbox 1003 2460 1783 2500">
    <p class='ocr_par' dir='ltr' id='par_1_111' title="bbox 1003 2460 1783 2500">
     <span class='ocr_line' id='line_1_111' title="bbox 1003 2460 1783 2500; baseline -0.006 -6"><span class='ocrx_word' id='word_1_759' title='bbox 1003 2467 1101 2494; x_wconf 89' lang='lat' dir='ltr'><strong>milites</strong></span> <span class='ocrx_word' id='word_1_760' title='bbox 1117 2460 1317 2500; x_wconf 71' lang='lat' dir='ltr'><strong>cortsiliumque</strong></span> <span class='ocrx_word' id='word_1_761' title='bbox 1335 2465 1483 2497; x_wconf 86' lang='lat' dir='ltr'><strong>dedissent,</strong></span> <span class='ocrx_word' id='word_1_762' title='bbox 1502 2463 1608 2498; x_wconf 78' lang='lat' dir='ltr'><strong>culpam</strong></span> <span class='ocrx_word' id='word_1_763' title='bbox 1624 2468 1783 2498; x_wconf 85' lang='lat' dir='ltr'><strong>retorquere</strong></span> 
     </span>
    </p>
   </div>
   <div class='ocr_carea' id='block_1_112' title="bbox 1002 2509 1785 2546">
    <p class='ocr_par' dir='ltr' id='par_1_112' title="bbox 1002 2509 1785 2546">
     <span class='ocr_line' id='line_1_112' title="bbox 1002 2509 1785 2546; baseline -0.005 -6"><span class='ocrx_word' id='word_1_764' title='bbox 1002 2513 1118 2546; x_wconf 85' lang='lat' dir='ltr'><strong>curavit,</strong></span> <span class='ocrx_word' id='word_1_765' title='bbox 1143 2518 1258 2546; x_wconf 83' lang='lat' dir='ltr'><strong>quorum</strong></span> <span class='ocrx_word' id='word_1_766' title='bbox 1277 2510 1363 2545; x_wconf 84' lang='lat' dir='ltr'><strong>gratia</strong></span> <span class='ocrx_word' id='word_1_767' title='bbox 1379 2509 1526 2544; x_wconf 87' lang='lat' dir='ltr'><strong>imperator</strong></span> <span class='ocrx_word' id='word_1_768' title='bbox 1545 2509 1727 2536; x_wconf 72' lang='lat' dir='ltr'><strong>resistentium</strong></span> <span class='ocrx_word' id='word_1_769' title='bbox 1745 2509 1785 2536; x_wconf 87' lang='lat' dir='ltr'><strong>fe-</strong></span> 
     </span>
    </p>
   </div>
   <div class='ocr_carea' id='block_1_113' title="bbox 1002 2554 1783 2590">
    <p class='ocr_par' dir='ltr' id='par_1_113' title="bbox 1002 2554 1783 2590">
     <span class='ocr_line' id='line_1_113' title="bbox 1002 2554 1783 2590; baseline -0.005 -6"><span class='ocrx_word' id='word_1_770' title='bbox 1002 2557 1085 2584; x_wconf 89' lang='lat' dir='ltr'><strong>cisset</strong></span> <span class='ocrx_word' id='word_1_771' title='bbox 1101 2565 1108 2583; x_wconf 89' lang='lat'><strong>:</strong></span> <span class='ocrx_word' id='word_1_772' title='bbox 1131 2556 1277 2589; x_wconf 72' lang='lat' dir='ltr'><strong>volensque</strong></span> <span class='ocrx_word' id='word_1_773' title='bbox 1293 2555 1337 2581; x_wconf 92' lang='lat' dir='ltr'><strong>ille</strong></span> <span class='ocrx_word' id='word_1_774' title='bbox 1360 2555 1459 2587; x_wconf 85' lang='lat' dir='ltr'><strong>miser,</strong></span> <span class='ocrx_word' id='word_1_775' title='bbox 1476 2555 1521 2589; x_wconf 91' lang='lat' dir='ltr'><strong>qui</strong></span> <span class='ocrx_word' id='word_1_776' title='bbox 1546 2562 1652 2590; x_wconf 81' lang='lat' dir='ltr'><strong>semper</strong></span> <span class='ocrx_word' id='word_1_777' title='bbox 1669 2554 1783 2589; x_wconf 73' lang='lat' dir='ltr'><strong>gloriam</strong></span> 
     </span>
    </p>
   </div>
   <div class='ocr_carea' id='block_1_114' title="bbox 1003 2600 1783 2635">
    <p class='ocr_par' dir='ltr' id='par_1_114' title="bbox 1003 2600 1783 2635">
     <span class='ocr_line' id='line_1_114' title="bbox 1003 2600 1783 2635; baseline -0.005 -5"><span class='ocrx_word' id='word_1_778' title='bbox 1003 2603 1151 2630; x_wconf 85' lang='lat' dir='ltr'><strong>mendaciis</strong></span> <span class='ocrx_word' id='word_1_779' title='bbox 1166 2606 1192 2629; x_wconf 88' lang='lat' dir='ltr'><strong>et</strong></span> <span class='ocrx_word' id='word_1_780' title='bbox 1207 2601 1354 2628; x_wconf 85' lang='lat' dir='ltr'><strong>schismate</strong></span> <span class='ocrx_word' id='word_1_781' title='bbox 1373 2604 1483 2634; x_wconf 82' lang='lat' dir='ltr'><strong>captare</strong></span> <span class='ocrx_word' id='word_1_782' title='bbox 1502 2600 1668 2635; x_wconf 87' lang='lat' dir='ltr'><strong>concttpivit,</strong></span> <span class='ocrx_word' id='word_1_783' title='bbox 1688 2600 1783 2627; x_wconf 85' lang='lat' dir='ltr'><strong>iisdem</strong></span> 
     </span>
    </p>
   </div>
   <div class='ocr_carea' id='block_1_115' title="bbox 1005 2646 1786 2681">
    <p class='ocr_par' dir='ltr' id='par_1_115' title="bbox 1005 2646 1786 2681">
     <span class='ocr_line' id='line_1_115' title="bbox 1005 2646 1786 2681; baseline -0.004 -5"><span class='ocrx_word' id='word_1_784' title='bbox 1005 2649 1109 2678; x_wconf 80' lang='lat' dir='ltr'><strong>actibus</strong></span> <span class='ocrx_word' id='word_1_785' title='bbox 1122 2648 1246 2681; x_wconf 86' lang='lat' dir='ltr'><strong>evadere,</strong></span> <span class='ocrx_word' id='word_1_786' title='bbox 1270 2646 1450 2674; x_wconf 83' lang='lat' dir='ltr'><strong>Calihascinm</strong></span> <span class='ocrx_word' id='word_1_787' title='bbox 1472 2647 1659 2679; x_wconf 91' lang='lat' dir='ltr'><strong>velustiorem,</strong></span> <span class='ocrx_word' id='word_1_788' title='bbox 1685 2646 1743 2673; x_wconf 90' lang='lat' dir='ltr'><strong>loco</strong></span> <span class='ocrx_word' id='word_1_789' title='bbox 1759 2652 1786 2674; x_wconf 82' lang='lat' dir='ltr'><strong>et</strong></span> 
     </span>
    </p>
   </div>
   <div class='ocr_carea' id='block_1_116' title="bbox 1003 2692 1785 2729">
    <p class='ocr_par' dir='ltr' id='par_1_116' title="bbox 1003 2692 1785 2729">
     <span class='ocr_line' id='line_1_116' title="bbox 1003 2692 1785 2729; baseline -0.006 -8"><span class='ocrx_word' id='word_1_790' title='bbox 1003 2694 1145 2729; x_wconf 84' lang='lat' dir='ltr'><strong>prudentia</strong></span> <span class='ocrx_word' id='word_1_791' title='bbox 1159 2693 1275 2727; x_wconf 91' lang='lat' dir='ltr'><strong>primum</strong></span> <span class='ocrx_word' id='word_1_792' title='bbox 1291 2692 1388 2720; x_wconf 87' lang='lat' dir='ltr'><strong>Teucri</strong></span> <span class='ocrx_word' id='word_1_793' title='bbox 1404 2692 1544 2724; x_wconf 81' lang='lat' dir='ltr'><strong>baroncm,</strong></span> <span class='ocrx_word' id='word_1_794' title='bbox 1558 2692 1675 2719; x_wconf 87' lang='lat' dir='ltr'><strong>amicum</strong></span> <span class='ocrx_word' id='word_1_795' title='bbox 1694 2692 1785 2719; x_wconf 80' lang='lat' dir='ltr'><strong>admu-</strong></span> 
     </span>
    </p>
   </div>
   <div class='ocr_carea' id='block_1_117' title="bbox 1003 2738 1784 2773">
    <p class='ocr_par' dir='ltr' id='par_1_117' title="bbox 1003 2738 1784 2773">
     <span class='ocr_line' id='line_1_117' title="bbox 1003 2738 1784 2773; baseline -0.005 -6"><span class='ocrx_word' id='word_1_796' title='bbox 1003 2741 1067 2767; x_wconf 91' lang='lat' dir='ltr'><strong>dum</strong></span> <span class='ocrx_word' id='word_1_797' title='bbox 1083 2739 1195 2772; x_wconf 68' lang='lat' dir='ltr'><strong>Gratcis,</strong></span> <span class='ocrx_word' id='word_1_798' title='bbox 1213 2739 1285 2773; x_wconf 86' lang='lat' dir='ltr'><strong>quod</strong></span> <span class='ocrx_word' id='word_1_799' title='bbox 1303 2738 1407 2766; x_wconf 87' lang='lat' dir='ltr'><strong>crebris</strong></span> <span class='ocrx_word' id='word_1_800' title='bbox 1429 2738 1524 2765; x_wconf 84' lang='lat' dir='ltr'><strong>litteris</strong></span> <span class='ocrx_word' id='word_1_801' title='bbox 1544 2738 1575 2764; x_wconf 88' lang='lat' dir='ltr'><strong>ad</strong></span> <span class='ocrx_word' id='word_1_802' title='bbox 1593 2739 1784 2772; x_wconf 83' lang='lat' dir='ltr'><strong>imperatorem</strong></span> 
     </span>
    </p>
   </div>
   <div class='ocr_carea' id='block_1_118' title="bbox 1004 2783 1783 2820">
    <p class='ocr_par' dir='ltr' id='par_1_118' title="bbox 1004 2783 1783 2820">
     <span class='ocr_line' id='line_1_118' title="bbox 1004 2783 1783 2820; baseline -0.006 -7"><span class='ocrx_word' id='word_1_803' title='bbox 1004 2786 1093 2813; x_wconf 79' lang='lat' dir='ltr'><strong>missis</strong></span> <span class='ocrx_word' id='word_1_804' title='bbox 1115 2786 1174 2820; x_wconf 85' lang='lat' dir='ltr'><strong>ejus</strong></span> <span class='ocrx_word' id='word_1_805' title='bbox 1193 2785 1313 2812; x_wconf 85' lang='lat' dir='ltr'><strong>animum</strong></span> <span class='ocrx_word' id='word_1_806' title='bbox 1330 2792 1344 2811; x_wconf 87' lang='lat' dir='ltr'><strong>a</strong></span> <span class='ocrx_word' id='word_1_807' title='bbox 1367 2783 1442 2818; x_wconf 85' lang='lat' dir='ltr'><strong>pacis</strong></span> <span class='ocrx_word' id='word_1_808' title='bbox 1466 2783 1589 2811; x_wconf 86' lang='lat' dir='ltr'><strong>consiliis</strong></span> <span class='ocrx_word' id='word_1_809' title='bbox 1609 2783 1783 2814; x_wconf 83' lang='lat' dir='ltr'><strong>detraxisset,</strong></span> 
     </span>
    </p>
   </div>
   <div class='ocr_carea' id='block_1_119' title="bbox 1005 2830 1786 2865">
    <p class='ocr_par' dir='ltr' id='par_1_119' title="bbox 1005 2830 1786 2865">
     <span class='ocr_line' id='line_1_119' title="bbox 1005 2830 1786 2865; baseline -0.001 -7"><span class='ocrx_word' id='word_1_810' title='bbox 1005 2839 1087 2865; x_wconf 86' lang='lat' dir='ltr'><strong>utque</strong></span> <span class='ocrx_word' id='word_1_811' title='bbox 1103 2832 1181 2858; x_wconf 83' lang='lat' dir='ltr'><strong>fortis</strong></span> <span class='ocrx_word' id='word_1_812' title='bbox 1203 2835 1286 2858; x_wconf 72' lang='lat' dir='ltr'><strong>staret</strong></span> <span class='ocrx_word' id='word_1_813' title='bbox 1302 2831 1491 2864; x_wconf 76' lang='lat' dir='ltr'><strong>persuasisset.</strong></span> <span class='ocrx_word' id='word_1_814' title='bbox 1510 2831 1666 2862; x_wconf 70' lang='lat' dir='ltr'><strong>arcusavit;</strong></span> <span class='ocrx_word' id='word_1_815' title='bbox 1683 2830 1786 2865; x_wconf 73' lang='lat' dir='ltr'><strong>episto-</strong></span> 
     </span>
    </p>
   </div>
  </div>
