1961 3070
164 150 217 180 tua

901 152 1066 183 NOTlTlA.

1743 145 1796 177 ore

204 201 346 230 Dclsidori
378 209 443 230 vero
470 202 619 231 cardittalis
639 203 700 232 vitae
721 203 854 239 periculo,
878 204 954 232 aliis-
969 213 993 242 Α
1043 205 1151 233 Etliuxit
1163 205 1262 233 deinde
1274 213 1326 233 non
1354 213 1465 241 parvum
1487 209 1604 240 tempus,
1637 203 1663 230 in
1676 211 1731 238 quo
1746 211 1796 231 nec

166 257 220 284 que
236 248 367 277 :erumnis
382 249 456 284 apud
469 249 611 278 Rutbeuos
636 251 775 285 perpessis
797 250 955 278 distinctius

168 303 252 330 agens
265 294 428 328 Michovius,
443 295 481 322 ait
508 303 569 322 eum
600 302 675 322 anno
696 295 799 323 “Win
827 295 955 323 Russiam

169 342 283 368 missum
310 349 364 367 una
390 348 452 368 cum
475 341 670 376 diplomatibus
691 341 849 376 apostolicis
869 341 958 376 plum-

168 387 237 417 beis.
253 386 465 420 etimperatoris
480 386 773 422 Conatantinopolitani
797 387 888 414 aureis
916 387 958 414 in-.

169 437 258 459 trasse
273 432 300 458 in
317 430 438 459 Sandech
453 431 581 467 oppidum
598 432 716 460 l’oloniaz
732 432 798 460 feria
825 431 859 459 Vl
877 432 959 459 Para-

169 486 273 510 sceves,
288 478 378 512 ibique
394 486 441 513 per
453 478 598 513 Sbigneum
614 479 771 515 episcopum
798 479 958 507 Cracovien-

171 532 227 551 sem
241 523 360 558 hospitio
377 525 580 560 perhumaniter
614 525 698 554 fuisse
709 531 865 560 receptum,
884 530 910 552 et
925 525 957 552 ad

171 568 363 596 celebrandum
378 570 479 603 divina,
505 577 579 597 more
608 577 658 598 suo
690 570 796 602 Graeco,
818 574 949 604 tanquaar

171 616 300 643 Ecclesia:
313 614 443 643 Romanae
455 616 604 647 reunitum.
632 616 780 644 admissum
822 615 956 643 Unionem

172 667 261 689 tmueo
277 662 350 689 illam
363 661 491 690 Ecclesiae
507 662 612 689 Latina:
627 668 689 689 cum
716 660 810 688 Graeca
835 660 958 688 brevius-

172 707 234 733 cule
246 707 372 738 durasse.
391 706 504 738 Graecis.
530 710 558 734 et
575 706 708 734 Rutbenis
729 707 802 734 illam
821 705 959 733 irridenti-

174 753 236 783 bus.
253 756 280 779 ct
293 752 459 787 contemptui
474 752 648 786 habentibus,
681 756 761 787 atque
795 751 869 784 inde,
893 751 958 778 dum

174 797 456 826 lsidoruscardinalis
470 797 505 826 ad
524 806 590 826 suos
623 798 808 833 suil‘raganeos
840 798 867 824 in
889 796 958 824 Rus-

168 843 256 875 .siam,
269 850 301 870 ac
317 843 456 871 Mosellam
477 844 607 875 venisset,
621 849 648 872 et
677 844 750 871 illam
775 843 900 871 unionem
920 842 959 871 eis

177 888 346 922 pradicarel,
361 897 410 924 per
421 889 557 924 principes
566 889 680 917 Mosellae
691 895 811 924 captum.
822 893 848 916 et
861 889 886 915 in
901 895 961 916 car-
977 882 998 909 Β

177 942 240 963 cere
259 935 407 967 reclusum,
421 935 503 962 rebus
533 935 660 963 omnibus
681 936 826 970 spoliatum
858 934 958 961 fuisse:

175 980 240 1008 inde
255 985 345 1008 tamen
364 981 444 1015 paulo
458 986 530 1016 post,
549 981 656 1009 favente
676 981 743 1015 Deo,
754 980 814 1017 fuga
827 980 959 1015 elapsum,

176 1024 289 1053 Romam
302 1026 425 1054 rediisse.
440 1027 502 1055 limo
517 1027 678 1055 Michovius.

212 1072 371 1100 Transactis
385 1073 526 1101 nonnullis
547 1073 642 1101 Roma:
656 1073 806 1105 mensibus,
840 1072 961 1100 Isidorus

180 1119 214 1147 ab
230 1119 351 1155 Eugenio
364 1119 627 1154 Constantinopolim
642 1119 742 1147 missus
758 1123 799 1146 est
812 1119 916 1153 legatus
927 1117 959 1145 ad

180 1165 383 1200 imperatorem.
400 1169 429 1191 ut
449 1165 635 1197 concordiam,
666 1169 692 1192 ct
717 1164 879 1192 Christianae
900 1164 959 1190 fidei

179 1210 280 1242 fmdus.
295 1218 377 1245 quam
389 1207 476 1237 Graeci
492 1218 554 1237 cutn
565 1210 661 1237 Latina
681 1210 802 1237 Ecclesia
819 1209 962 1236 Florentiae

179 1256 262 1284 semel
275 1255 390 1291 professi
408 1256 527 1290 fuerant,
544 1264 593 1283 sua
619 1256 820 1288 adhertatione.
844 1263 963 1289 prasen-

179 1301 272 1336 tiaque
297 1305 399 1329 sartam
419 1305 518 1328 tectam
543 1305 678 1328 servaret.
705 1300 811 1328 Mortuo
831 1299 962 1335 Eugenio.

179 1346 232 1374 sub
245 1353 405 1373 successore
419 1346 531 1373 Nicolao
541 1345 571 1378 V,
590 1346 686 1373 eodem
705 1353 818 1372 munere
836 1345 961 1377 fungens,

180 1392 216 1420 ibi
231 1393 389 1427 permansit,
405 1392 503 1419 unitati
521 1391 560 1418 illi
575 1392 716 1419 servanda:
730 1398 837 1418 otunem
852 1398 962 1425 operam

180 1437 324 1465 adhibens.
336 1437 370 1464 At
386 1445 447 1464 cum
465 1436 552 1464 Graeci
577 1436 755 1464 nihilominus
782 1437 808 1463 in
825 1437 963 1471 perfidiam

181 1487 261 1518 atque
273 1483 394 1510 hazresim
426 1483 498 1511 foede
527 1482 623 1518 relapsi
658 1482 780 1516 fttissent,
811 1482 962 1510 certissima

182 1530 347 1557 vindicantis
358 1529 483 1557 Numinis
498 1529 639 1564 punitione
653 1529 752 1555 factum
779 1534 832 1560 est,
849 1533 878 1555 ut
909 1537 962 1555 non

185 1575 270 1602 multo
286 1575 409 1610 post,die
423 1575 528 1603 scilicet
540 1575 652 1609 Spiritui
665 1578 761 1602 sancto
776 1582 855 1602 sacra
874 1575 963 1609 (cujus

184 1629 231 1655 per
245 1629 380 1649 summam
398 1621 563 1656 impietatem
594 1620 797 1654 processiouem
823 1627 855 1647 ex
882 1619 963 1647 Patre

183 1673 208 1694 et
223 1668 290 1695 Filio
302 1668 535 1704 impugnaveraut,
546 1666 715 1695 validissimo
726 1666 821 1693 Turca
831 1666 964 1693 succincti

183 1714 316 1746 exercitu,
331 1713 610 1748 Constantinopolim,
627 1712 776 1740 Orientalis
788 1712 896 1746 imperii
921 1719 966 1739 ca—

184 1765 243 1795 put,
258 1763 285 1787 ct
300 1759 392 1790 sedent~
401 1763 604 1794 expugnarent,
618 1763 646 1786 et
658 1762 765 1792 captam
785 1764 870 1791 usque
883 1757 916 1784 ad
927 1757 967 1783 in-

186 1806 367 1833 ternecionem
379 1806 492 1832 barbara
503 1805 672 1832 immanitate
689 1806 839 1830 vastarent.
865 1802 903 1830 De
917 1810 967 1830 cu-

184 1853 229 1889 jus
250 1851 419 1879 memorabili
436 1850 555 1882 excidio.
581 1852 711 1886 quoniam
723 1850 766 1877 hic
783 1849 858 1877 locus
869 1856 969 1884 oppor-

188 1905 268 1927 tunus
279 1898 396 1931 videtur,
414 1897 502 1925 fusius
519 1898 665 1929 disserere.
696 1896 766 1924 haud
793 1896 912 1923 alienum
935 1895 971 1923 ab

187 1945 312 1974 instituto
326 1945 464 1972 existimo.
474 1943 575 1971 Verum
591 1943 714 1970 historia:
732 1943 829 1974 series,
842 1946 872 1969 ut
887 1942 970 1977 probe

187 1992 364 2027 intelligatur,
377 1989 458 2025 paulo
474 1989 558 2016 altius
572 1988 720 2023 repetenda
743 1989 829 2015 venit.

222 2036 288 2065 Post
298 2039 440 2063 cruentam
471 2035 545 2062 illam
561 2041 689 2068 pugnant,
706 2040 786 2068 quam
797 2034 831 2061 ad
852 2032 971 2061 Varuam

188 2083 289 2110 editam
307 2089 390 2116 supra
416 2081 442 2108 in
466 2080 526 2107 Vita
540 2079 641 2106 Juliani
672 2079 821 2106 cardinalis
838 2085 972 2105 memora-

190 2128 297 2160 vimus,
324 2127 490 2154 Amuratlres
517 2125 668 2153 Turcarum
702 2125 848 2159 imperator
877 2123 974 2150 Adria-

189 2173 309 2209 nopolim
323 2179 459 2204 reversus.
477 2171 531 2199 Deo
549 2179 599 2199 suo
614 2178 675 2205 quas
692 2170 778 2197 victor
794 2169 904 2202 fecerat,
923 2176 973 2196 vo-

1008 251 1247 286 llungariTurcas,
1265 261 1314 279 rrec
1331 252 1426 279 Turca'.
1440 252 1583 287 Httngaros
1606 251 1690 278 armis
1707 251 1792 277 laces-

1008 305 1069 325 sere
1081 303 1313 333 prazsumpserunt
1329 306 1335 324 :
1352 306 1401 326 sua
1417 304 1552 333 quemque
1562 296 1704 323 calamitas
1722 295 1792 322 domi

1008 343 1154 371 attonitum
1170 344 1276 371 tenuit:
1305 343 1495 371 cruentissima
1523 342 1623 377 quippe
1642 340 1791 368 Varuensis

1008 397 1097 424 pugna
1113 389 1187 417 vires
1199 390 1340 424 utriusque
1350 389 1434 424 partis
1449 389 1574 416 eliserat.
1604 388 1661 415 Nec
1683 387 1791 418 Turcis,

1008 442 1098 469 neque
1111 434 1249 470 [iungaris
1267 443 1301 462 cx
1318 435 1389 462 bello
1404 435 1520 462 idoneus
1546 437 1606 461 erat
1626 442 1634 466 ;
1669 433 1720 460 hos
1736 433 1791 459 llu-

1010 480 1116 512 niades,
1148 480 1210 508 illos
1239 480 1381 507 Calibassa
1408 479 1496 506 alieno
1524 477 1632 504 nomine
1658 477 1792 511 guberna-

1009 527 1048 554 vit
1064 536 1071 554 :
1087 526 1202 554 ferocior
1216 525 1364 557 lluniades.
1393 526 1488 560 reique
1516 524 1643 551 militaris
1672 522 1794 557 peritior,

1011 573 1187 607 ignominiam
1204 572 1301 599 Varum
1316 575 1453 606 acceptam
1470 569 1593 597 oblivisci
1624 576 1677 596 non
1693 572 1794 603 potuit.

1010 618 1089 646 Unde
1104 618 1162 645 dies
1180 622 1332 652 noctesque
1347 617 1539 649 meditabatur,
1569 621 1687 649 quonam
1720 617 1795 649 pacln

1010 664 1118 691 abolere
1129 663 1316 694 infamiam,et
1329 662 1467 690 resarcire
1483 661 1580 689 damna
1602 661 1718 687 maxime
1736 667 1795 695 pns’

1011 714 1061 738 set.
1079 710 1159 743 Spem
1174 709 1243 736 bene
1258 708 1383 744 gerenda:
1398 708 1437 735 rei
1452 707 1602 735 Turcarum
1636 706 1713 741 quies
1730 713 1798 740 pra»

1011 755 1080 787 buit,
1101 755 1147 789 qui
1160 754 1216 789 jam
1230 754 1335 789 pridem
1352 753 1456 780 nullum
1483 753 1544 780 belli
1576 757 1735 789 apparatum
1753 759 1797 778 os-

1012 801 1166 833 tenderant,
1182 801 1254 828 vires
1270 800 1324 827 illis
1359 805 1441 833 atque
1467 799 1575 826 animos
1607 797 1728 825 defuisse
1757 804 1798 823 ra-

1011 852 1066 879 tus,
1078 852 1182 882 tempus
1194 847 1321 873 idoneum
1337 846 1506 874 existimavit
1533 845 1560 872 in
1591 852 1645 879 quo
1659 844 1800 879 pristinam

1015 899 1177 927 recuperare
1190 892 1303 926 gloriam
1331 896 1434 927 posset,
1462 890 1624 926 Turcasque
1637 893 1798 925 pessumda-

1014 945 1054 970 re.
1071 938 1170 972 quibus
1185 938 1207 966 si
1227 938 1318 966 adsint
1334 938 1483 969 exercitus,
1496 937 1690 971 imperatorem
1709 940 1799 963 tamen

1014 991 1125 1018 prorsus
1141 983 1298 1012 defuturum
1311 977 1506 1016 arbitrabatur,
1524 990 1574 1010 ncc
1589 982 1676 1016 magis
1707 981 1802 1009 existi-

1015 1030 1144 1057 mandum
1155 1031 1303 1058 exercitum
1320 1029 1380 1057 sine
1393 1029 1471 1062 ducc,
1503 1036 1585 1063 qttam
1611 1029 1706 1055 ducent
1722 1034 1802 1054 eser-

1014 1077 1069 1103 citu
1085 1081 1233 1104 carentem.
1251 1075 1360 1103 Coactis
1388 1075 1479 1109 itaque
1502 1079 1612 1108 repente
1645 1073 1733 1107 copiis
1766 1081 1799 1099 ex

1016 1123 1162 1158 llungaria,
1191 1122 1333 1150 accersitis
1354 1121 1436 1149 etiam
1455 1120 1645 1148 Bobcmornm
1678 1118 1802 1149 auxiliis,

1015 1161 1245 1197 mercenariorum
1268 1174 1377 1203 quoque
1393 1167 1508 1193 militum
1526 1173 1579 1192 non
1607 1164 1704 1198 exigua
1721 1172 1802 1190 matru

1016 1215 1159 1248 conducta,
1175 1215 1275 1245 ducere
1292 1214 1444 1242 exercitum
1458 1213 1484 1239 in
1498 1212 1601 1239 Turcas
1612 1211 1719 1243 statuit,
1734 1218 1802 1244 quos

1015 1261 1091 1296 prius
1131 1267 1335 1296 aggressurum,
1361 1263 1444 1293 atque
1467 1257 1655 1285 confecturum
1672 1255 1802 1287 credidit.

1017 1314 1098 1342 quam
1111 1306 1260 1334 novissime
1285 1314 1318 1333 ex
1354 1304 1491 1339 Hungaria
1518 1304 1693 1330 nuntiaretur
1711 1310 1718 1329 :
1736 1309 1796 1327 earn

1017 1354 1098 1382 rebus
1110 1352 1236 1388 gerendis
1246 1351 1383 1379 solertiam
1395 1358 1427 1377 ac
1463 1349 1631 1378 celeritatem
1669 1347 1802 1374 adhibuit.

1018 1399 1168 1427 Consilium
1187 1399 1247 1433 ejus
1273 1396 1420 1432 Gregorius
1448 1395 1549 1422 Serviat
1576 1395 1688 1428 despota
1705 1397 1802 1428 praeter

1018 1446 1097 1473 fidem
1125 1445 1215 1472 datam
1239 1443 1391 1470 Turcarum
1420 1441 1538 1468 ducibus
1566 1440 1705 1474 patefecit.
1742 1446 1803 1465 tua.

1020 1498 1158 1526 gnnmque
1170 1488 1399 1525 gentipcriculum
1410 1487 1568 1521 imminens,
1580 1486 1667 1519 majus
1675 1484 1804 1512 ostendit.

1055 1536 1174 1564 Perculsi
1187 1543 1218 1563 eo
1232 1535 1329 1562 nuntio
1341 1534 1437 1561 Turcaa
1450 1533 1514 1568 quid
1533 1536 1645 1567 agerent
1659 1540 1712 1559 non
1738 1531 1804 1559 satis

1016 1581 1215 1616 intelligebant.
1231 1579 1394 1606 Amuratlres
1408 1579 1462 1613 jam
1476 1577 1569 1605 senior
1584 1576 1708 1611 religioni
1722 1580 1805 1610 atque

1015 1628 1082 1658 otio,
1100 1630 1130 1654 ut
1145 1630 1207 1654 ante
1220 1625 1347 1656 diximus,
1365 1623 1502 1656 addictus,
1519 1623 1594 1657 regni
1619 1629 1699 1650 curas
1729 1622 1805 1654 abic-

1016 1675 1100 1700 cerat.
1118 1671 1285 1698 Malnnnetes
1302 1673 1381 1696 :rtate
1394 1668 1493 1701 minor,
1513 1672 1616 1695 tantam
1627 1667 1690 1695 belli
1706 1667 1805 1694 molcur

1017 1717 1090 1746 ferre
1102 1723 1183 1752 posse
1195 1723 1250 1743 non
1277 1714 1443 1743 crcdebtuur
1459 1721 1466 1741 :
1480 1714 1629 1742 Calibassa:
1651 1713 1806 1740 defuturam

1017 1764 1201 1793 obedientiam
1217 1761 1358 1796 putabant,
1375 1768 1428 1795 qua
1445 1760 1566 1787 nilrilest
1583 1760 1610 1786 in
1627 1758 1699 1786 bello
1719 1759 1806 1792 magis

1019 1810 1219 1839 necessarium.
1234 1807 1384 1842 Trepidare
1400 1806 1493 1841 igitur,
1509 1809 1636 1838 a'stuare,
1650 1804 1731 1831 modo
1741 1804 1806 1835 huc.

1022 1857 1102 1885 modo
1116 1856 1180 1883 illnc
1192 1855 1368 1882 ﬂuctuantem
1383 1853 1502 1880 anitnum
1516 1856 1686 1883 convertere,
1700 1849 1806 1877 nullum

1020 1903 1163 1931 consilium
1180 1901 1246 1929 Satis
1261 1900 1368 1934 placere
1389 1899 1556 1926 haerentibus
1572 1897 1597 1923 in
1609 1896 1808 1923 deliberatione

1021 1950 1148 1984 satrapis,
1166 1948 1231 1975 nihil
1248 1946 1358 1973 tandem
1379 1944 1520 1972 salubrius
1533 1943 1622 1970 visum
1633 1949 1713 1976 quam
1730 1949 1807 1969 revo-

1022 2003 1085 2023 care
1099 1995 1133 2021 ab
1148 1993 1206 2020 otio
1220 1991 1395 2020 Amurathem
1415 1999 1422 2023 ;
1437 1997 1524 2023 neque
1535 1988 1658 2016 veterani
1677 1987 1728 2015 sub
1755 1987 1808 2014 alio

1023 2038 1167 2066 militaturi
1181 2036 1373 2068 credebantur,
1385 2042 1433 2061 nec
1448 2034 1584 2061 fortunam
1600 2033 1662 2060 belli
1676 2037 1809 2059 cunctan-

1023 2083 1085 2112 dam
1098 2082 1311 2114 arbitrabantur,
1326 2087 1408 2116 quam
1428 2077 1478 2107 sub
1494 2086 1528 2106 co
1543 2078 1589 2113 qui
1605 2079 1712 2105 vincere
1742 2085 1809 2105 con-

1024 2133 1141 2157 suesset.
1155 2128 1240 2162 llujus
1251 2126 1393 2154 sententia:
1413 2125 1553 2152 Calibassa
1576 2129 1671 2151 auctor
1695 2123 1755 2150 fuit.
1781 2123 1809 2150 lu

1025 2183 1078 2211 qua
1090 2183 1119 2202 rc
1130 2174 1292 2201 Mahumetis
1303 2173 1423 2199 animum
1437 2171 1614 2199 vehementer
1625 2169 1748 2202 olIendit,
1761 2177 1809 2196 cu-

191 2225 216 2248 ta
229 2219 371 2256 persolvit.
389 2218 456 2245 Exin
479 2217 592 2245 volvens
605 2217 707 2248 animo,
723 2216 796 2250 regni
809 2222 890 2242 curas
903 2223 965 2242 vera

1024 2221 1162 2257 pientisitt
1181 2228 1211 2247 ea
1227 2219 1400 2253 expeditione
1432 2225 1493 2244 sese
1517 2217 1604 2243 virum
1633 2215 1780 2244 ostendere
1799 2223 1807 2246 ;

191 2265 332 2293 felicitatis
348 2269 475 2300 expertes
485 2270 556 2295 esse,
570 2261 780 2290 inconstantiam
795 2267 902 2300 quoque
917 2260 973 2287 for-

191 2317 262 2340 tunae
274 2297 423 2346 prudenter
439 2310 553 2343 veritus,
572 2315 633 2342 quae
651 2297 879 2341 nulli‘perpetuo
903 2306 974 2333 bona

191 2362 246 2392 est,
275 2357 418 2384 ac‘tersitis
436 2355 638 2391 provinciarqu
660 2353 821 2387 majoribus,
836 2352 974 2380 Mahume-

190 2410 244 2431 tem
256 2411 289 2430 ex
302 2403 395 2430 liberis
406 2403 464 2430 suis
478 2406 542 2429 natu
555 2401 685 2436 majorem
704 2407 752 2435 pro
765 2407 794 2427 se
808 2406 896 2434 regem
910 2406 976 2426 con-

191 2450 288 2477 stituit.
300 2449 360 2485 !pse
373 2448 506 2484 privatam
526 2447 649 2482 dilegens
666 2446 747 2473 vitam
761 2446 788 2472 in
803 2445 895 2472 Asiam
914 2451 977 2479 pro-

191 2497 289 2528 fectus.
310 2504 372 2524 cum
401 2496 496 2531 paucis
519 2493 667 2529 voluptarii
688 2492 732 2520 sui
753 2492 800 2519 otii
828 2491 976 2519 comitibus

191 2543 315 2577 religioni
335 2542 443 2569 cuidam
459 2541 587 2569 solitariae
602 2547 663 2567 sese
686 2538 802 2566 addixit.
825 2538 976 2571 Calibassa.

192 2591 264 2617 inter
275 2593 401 2623 satrapas
416 2588 568 2625 Turcarum
589 2586 685 2621 opibus
699 2589 725 2611 et
741 2585 902 2612 auctoritate
918 2591 977 2610 ma-

189 2637 244 2671 jor,
257 2634 403 2663 Mabumeti
419 2634 474 2669 regi
485 2633 623 2661 declarato
637 2631 708 2667 quod
718 2631 837 2658 nondum
848 2638 896 2665 per
911 2634 978 2657 acta-

192 2689 244 2710 tern
275 2687 356 2716 aptus
380 2684 453 2707 esset
468 2680 593 2713 imperio,
613 2678 778 2713 gubernator
794 2677 885 2709 datus,
903 2676 978 2702 elon-

193 2732 256 2763 gato
269 2728 401 2754 Atnurate
412 2725 503 2752 omnia
526 2723 747 2751 administrabat.
771 2722 878 2757 Reliqui
895 2723 979 2748 Amu-

193 2774 261 2800 ralis
280 2773 326 2800 filii
347 2779 460 2798 numero
474 2770 621 2801 sexdecim,
639 2777 673 2796 ne
690 2776 760 2804 quas
788 2767 933 2796 Mabumeti
944 2767 977 2794 ad

193 2819 338 2854 imperium
351 2817 423 2845 elato
438 2816 532 2844 turbas
548 2816 574 2842 in
610 2822 692 2849 regno
721 2814 881 2846 excitarent,
905 2820 979 2844 more

193 2865 281 2905 gentis
296 2863 383 2892 necati
400 2867 474 2890 sunt.

1026 2266 1202 2301 Verentisque
1216 2273 1249 2292 ne
1264 2264 1407 2299 imperium
1418 2263 1567 2295 amitteret,
1581 2263 1603 2289 si
1622 2266 1699 2296 pater
1713 2260 1811 2287 iterum

1026 2320 1142 2347 regnum
1164 2314 1338 2338 assunwrt-t:
1359 2313 1389 2335 ut
1412 2314 1476 2335 sunt
1500 2308 1639 2334 hominum
1666 2305 1811 2333 mutabiles

1026 2359 1191 2385 voluntates.
1204 2355 1279 2382 Missi
1295 2361 1360 2388 ergo
1390 2352 1470 2388 legati
1498 2351 1676 2378 Amuratbem
1701 2357 1812 2377 revoca-

1027 2411 1100 2436 vere,
1118 2402 1165 2437 qui
1177 2403 1335 2435 comparato
1354 2397 1466 2425 terribili
1482 2404 1542 2423 mox
1557 2395 1679 2424 exercitu
1697 2395 1721 2422 in
1752 2395 1810 2421 bos-

1028 2457 1081 2479 tem
1094 2449 1242 2486 profectus,
1256 2455 1310 2474 non
1323 2447 1400 2473 aliter
1416 2452 1497 2480 quam
1515 2445 1538 2472 si
1553 2444 1586 2475 ad
1605 2443 1723 2478 praedam
1745 2451 1808 2477 pcr—

1027 2499 1132 2531 gcrent,
1150 2494 1255 2520 alacres
1269 2491 1369 2518 milites
1381 2490 1468 2518 duxit.

1062 2538 1285 2568 Jamdluniades
1302 2544 1364 2564 cum
1393 2533 1629 2570 copiisSoplriam
1653 2534 1811 2566 transierat,

1030 2586 1228 2622 prostratisque
1251 2583 1298 2618 qui
1315 2585 1494 2610 occurrerant
1521 2581 1641 2608 locorum
1665 2580 1811 2614 praefectis,

1030 2630 1143 2657 hostiles
1159 2635 1240 2663 agros
1254 2627 1307 2658 late
1335 2626 1491 2660 populatus,
1517 2625 1574 2652 loco
1589 2625 1634 2659 qui
1652 2625 1749 2652 Basilia
1764 2632 1811 2651 vo-

1029 2678 1107 2701 catur
1132 2678 1221 2700 casnra
1245 2675 1382 2705 posuerat,
1401 2678 1462 2698 cum
1485 2671 1631 2696 adventare
1656 2669 1812 2696 Amuratbis

1029 2719 1168 2746 exercitus
1184 2717 1334 2744 nuntiatur.
1348 2716 1405 2744 Non
1416 2715 1584 2750 exspectavit
1599 2714 1737 2741 Huniudes
1751 2723 1813 2749 ριύς

1031 2765 1134 2796 vocari,
1160 2764 1234 2798 prior
1249 2763 1306 2797 ipse
1329 2763 1435 2790 sublato
1453 2762 1572 2789 clamore
1597 2768 1713 2795 pugnam
1741 2761 1812 2789 iniit.

1031 2811 1185 2837 (Zornnrisso
1203 2809 1295 2843 prmlio
1310 2799 1409 2842 anceps
1426 2807 1472 2834 diu
1489 2811 1624 2833 ccrtamt-n
1648 2806 1736 2832 laesit.
1755 2806 1812 2839 Qua

1034 2861 1109 2894 parte
1125 2855 1252 2893 pugnavit
1265 2855 1413 2886 llttuiades,
1435 2853 1486 2879 fusi
1506 2852 1598 2884 hostes
1616 2857 1687 2889 terga
1703 2851 1812 2885 dedere,
