1961 3070
159 162 210 196 96⁵3

661 166 844 197 iS’iDOl’tUS
878 167 908 199 S.
930 168 969 198 Β.
990 168 1024 200 Ε.
1045 169 1281 200 CABDINALIS

1737 168 1788 200 9i8

159 229 211 250 nec
237 229 319 258 parva
332 226 437 257 strages
458 222 530 248 edita
547 230 554 248 :
572 222 628 256 pari
651 223 731 250 modo
743 228 769 251 et
782 224 946 252 Amurathes
962 225 984 254 A
996 226 1144 260 jurnndum
1162 227 1290 262 perjurus
1323 227 1404 254 etiam
1431 227 1534 258 intulit,
1553 225 1641 254 simur
1650 231 1676 254 et
1694 234 1789 260 cerere

160 270 187 296 itt
204 276 288 296 cornu
308 276 359 296 suo
373 269 458 296 Vit'lOf‘
474 268 618 303 Huugaros
635 268 715 296 fttdit.
729 269 870 298 Postremo
884 275 946 298 cum

159 313 249 340 vietor
266 313 394 340 victorem
411 312 577 346 incurreret,
594 321 648 341 non
658 315 781 342 tulerunt
794 315 946 344 Christiani

161 358 312 386 Turcarum
324 359 468 394 impetum,
485 359 530 394 qui
551 367 709 395 quanquam
724 361 824 389 virtute
838 367 950 396 praesta-

161 409 232 436 rent,
245 411 360 432 numero
386 410 475 432 tamen
491 407 623 439 superati,
638 414 692 433 non
708 411 763 434 tam
789 407 852 435 victi
867 416 948 442 quam

159 449 334 478 multitudine
351 451 474 485 oppressi
492 459 525 479 ac
537 451 602 479 lassi
619 453 751 487 compulsi
766 454 947 487 sunt,"‘t:edere.

159 495 298 522 Huniades
319 500 462 531 postquam
484 505 549 525 suos
574 505 664 533 neque
688 499 769 526 minis
786 506 873 534 neque
889 502 950 533 pri--

158 541 235 568 cibus
251 541 350 569 sistere
366 547 470 576 posset,
493 549 555 573 eum
579 544 674 579 paucis
699 549 811 572 sdorum
824 553 856 572 ex
877 545 948 573 bello

159 586 289 622 profugit.
321 587 397 614 Multi
429 588 575 624 [iungaris
601 597 741 624 proceres.
769 595 796 617 et
824 590 948 618 nonnulli

160 633 345 660 Ecclesiarum
374 634 512 662 antistites
536 635 562 663 in
583 643 617 663 eo
642 636 735 671 praelio
755 636 887 665 cecidere.
903 637 949 664 Fi-

158 678 260 711 dejium
278 679 373 714 viginti
396 680 479 708 millia
509 681 662 709 desiderata
678 687 755 716 sunt,
776 688 826 710 nec
863 683 950 711 minor

159 725 279 752 hostium
302 726 456 754 occisorum
475 733 608 755 numerus
637 720 706 756 erai.
720 727 844 763 Emptam
864 729 951 756 multo

159 771 293 806 sanguine
317 772 463 800 victoriam
499 773 665 802 Amurathes
696 774 807 802 domum
837 775 949 802 retulit:

159 825 248 852 neque
257 817 390 852 fugientes
399 818 571 847 Christianos
583 819 784 852 insecutusest,
797 828 885 855 neque
894 821 952 856 glo-

159 864 310 891 riabttndus
322 865 393 893 inter
404 872 468 893 suos
478 865 621 901 magniﬁca
636 866 716 894 verba
725 867 848 901 jactavit,
857 875 947 902 neque.

160 915 263 938 utaute
275 915 443 944 assueverat,
461 912 574 940 hilarem
602 913 710 940 vultum
724 913 852 941 ostendit.
867 914 953 942 iuter-
967 906 989 936 ⁸

160 961 286 992 rogatus,
311 958 441 992 quidnam
460 959 565 987 tristior
585 965 668 992 esset,
686 963 713 987 ct
732 968 781 987 cur
803 967 859 987 non
872 960 951 987 victis

161 1003 288 1031 hostibus
312 1005 488 1033 exsultareti
519 1005 637 1038 Nollem.
666 1007 767 1041 inquit,
783 1008 880 1041 stt'pittt
904 1007 952 1034 hoc

161 1049 239 1078 modo
255 1051 358 1079 vincere
374 1059 383 1079 :
401 1052 556 1088 iubensque
573 1060 636 1080 vasa
653 1052 756 1088 colligi,
779 1053 873 1088 copias
891 1061 952 1088 qua:

161 1095 488 1133 strperl'uerant,;domttm
499 1098 616 1126 remisit.
627 1099 682 1126 Nec
695 1098 741 1126 diu
751 1103 844 1134 postea
856 1099 951 1127 relicto

162 1140 310 1171 Mallumeti
327 1143 443 1179 imperio
458 1145 492 1172 ad
510 1144 596 1172 otium
610 1152 749 1177 reversus,
765 1145 903 1185 enervatis
918 1152 949 1172 ex

161 1195 263 1216 venere
280 1189 384 1217 viribus
399 1189 476 1223 obiit,
496 1197 570 1217 anno
588 1191 685 1219 salutis
700 1191 779 1224 “Si,
804 1190 892 1218 ietatls
905 1191 950 1225 65,

162 1234 269 1269 imperii
294 1234 339 1263 52.
356 1234 463 1269 Corpus
485 1236 546 1271 ejus
563 1243 638 1264 more
654 1236 788 1272 majorum
815 1237 842 1263 in
866 1236 951 1264 Bursa

163 1280 311 1316 sepultum.
327 1281 365 1309 Ea
380 1286 426 1310 est.
438 1282 571 1317 Bithyniae
585 1283 692 1315 civitas,
704 1288 731 1310 et
746 1283 860 1311 Asiatici
876 1283 952 1318 regni

164 1332 258 1363 caput.
288 1327 375 1355 Paulo
405 1332 550 1364 antequam
581 1330 756 1362 excessisset.
786 1330 951 1357 Amurathes

164 1380 277 1402 uxorem
293 1374 418 1408 duxerat,
433 1374 513 1401 filiam
529 1375 698 1409 Sponderbei
716 1375 815 1403 nobilis
833 1375 858 1402 iu
883 1375 951 1402 Pen-

164 1420 273 1448 tleracia
301 1424 429 1455 satrapa,
457 1428 490 1448 ex
516 1428 570 1456 qua
601 1426 695 1448 natum
726 1422 810 1448 tiliutn
843 1421 953 1448 nomine

165 1465 330 1499 Cbilapium.
341 1470 447 1493 sextum
458 1469 514 1493 tum
527 1470 651 1500 agentem
661 1474 796 1499 mensem,
805 1466 952 1494 Calibassat

166 1510 286 1538 moriens
317 1510 529 1538 commendavit.
566 1511 614 1539 ille
647 1511 811 1539 Mallumetis
836 1512 951 1547 gratiam

166 1556 281 1591 perﬁdia
296 1556 427 1589 initurus,
443 1559 471 1584 et.
485 1562 598 1584 matrem
617 1562 644 1585 et
657 1564 769 1592 puerum
782 1558 806 1586 ei
820 1558 950 1593 prodidit.
967 1576 989 1607 ς

165 1601 335 1631 Mahumctes
354 1603 496 1631 accersitis
514 1603 637 1638 triginta,
659 1609 685 1631 ut
703 1605 790 1637 aiunt,
809 1605 952 1638 matronis,

153 1641 228 1683 ~quae
238 1655 354 1684 puerum
366 1655 574 1684 cognoscerent,
589 1655 734 1685 postquam
751 1655 853 1678 certam
868 1652 953 1679 Autu-

167 1696 254 1725 rathis
276 1695 396 1724 sobolem
422 1703 482 1723 esse
503 1697 638 1727 constitit.
658 1697 855 1730 strangulatum
874 1698 953 1725 matri

169 1743 254 1770 tilium
279 1742 408 1774 reddidit,
428 1742 565 1777 funusque
596 1743 673 1778 regio
697 1751 774 1771 more
801 1744 952 1771 fraternum

168 1788 257 1822 duxit,
270 1785 398 1824 auspicia
412 1789 487 1823 regni
506 1788 658 1816 t'ratricidio
682 1794 856 1817 consecratis.
874 1787 952 1817 Heul

169 1843 250 1869 quam
266 1833 376 1864 felicius
391 1836 461 1870 apud
481 1835 586 1863 Turcas
610 1835 724 1870 privatis
745 1843 826 1870 quam
844 1835 954 1870 regibus

168 1881 248 1909 liberi
262 1885 414 1910 nascuntur
425 1882 432 1908 l

206 1927 376 1956 Malmmetes
403 1929 488 1963 igitur
518 1928 649 1956 defuncto
677 1928 826 1955 Atnuratbe
858 1928 956 1963 guber-

170 1973 268 2000 nacula
281 1974 388 2009 imperii
407 1981 437 2001 ex
455 1979 519 2002 voto
536 1974 663 2009 adeptus,
682 1974 807 2002 instituta
822 1975 954 2008 majorum

170 2027 220 2054 pro
233 2020 344 2054 ingenio
355 2020 485 2048 correxit.
498 2019 584 2055 Leges
597 2021 656 2054 ipse
668 2026 733 2047 suas
746 2020 819 2047 domi
833 2019 955 2054 forisque

171 2065 243 2096 tultt,
259 2065 387 2092 aerarium
417 2065 602 2104 locupletavit,
621 2072 690 2092 nova
706 2065 849 2099 vectigalia
876 2066 956 2092 exco-

171 2110 278 2144 gitavit.
292 2111 385 2145 copias
402 2111 487 2144 auxit,
508 2111 592 2145 inqtte
618 2117 747 2145 proceres
769 2115 910 2145 suspectos
929 2115 956 2137 et

172 2157 276 2184 aulicos
290 2157 387 2185 saevire
395 2165 427 2184 ac
438 2157 636 2185 contumeliose
654 2164 733 2192 agere
744 2157 837 2192 cmpit.
852 2156 901 2184 llic
916 2161 957 2184 est

173 2203 218 2230 ille
236 2202 407 2230 Mahumetes
421 2202 503 2237 hujus
521 2203 639 2230 nominis
651 2203 686 2235 li,
701 2203 749 2238 qui
764 2202 956 2230 Constantino-

1000 273 1094 307 (ὤρη.
1115 273 1266 300 Settserant
1279 272 1340 307 ejus
1366 273 1486 300 animum
1504 272 1602 302 Graeci.
1625 272 1790 300 difﬁdentes-

1000 326 1055 354 que
1073 319 1130 346 suis
1142 319 1258 353 viribus,
1277 319 1386 347 hortatu
1403 319 1521 347 maxime
1546 316 1641 347 lsidori
1662 318 1789 347 cardina-

1001 366 1045 397 iis.
1063 366 1096 393 ad
1112 364 1272 393 Latinorum
1290 371 1354 401 opes
1370 365 1560 401 cenfttgerant,
1579 366 1689 401 jugibus
1701 366 1790 400 lacry-

1001 411 1053 438 mis
1067 415 1161 438 eorum
1182 410 1283 438 auxilia
1308 414 1336 439 et
1351 410 1528 446 implorantes
1544 416 1571 438 et
1585 417 1788 446 exspectantes.

1001 457 1034 483 At
1060 456 1159 490 surde,
1183 457 1248 492 proh
1263 458 1372 493 pudor!
1386 463 1536 484 nostrorum
1548 458 1695 490 principum
1712 466 1789 484 aures

1001 504 1072 538 fuere
1086 502 1187 538 (inquit
1201 503 1385 538 ingemiscens
1397 501 1449 531 hoc
1461 500 1520 530 ἰοί-ο
1537 502 1639 530 Ᾱῐηειθε
1656 503 1789 538 Sylvius).

1001 550 1087 576 clausi
1094 549 1191 581 loculi;
1199 550 1261 577 ctzci
1269 547 1349 582 oculi,
1358 549 1403 584 qui
1417 549 1526 576 cadente
1535 549 1648 582 Gracia,
1658 550 1790 576 ruituram

1001 595 1159 623 Christiana:
1174 594 1309 629 religionis
1327 595 1456 629 reliquam
1473 599 1579 629 partem
1592 599 1643 622 non
1660 595 1791 627 riderunt,

1000 641 1235 675 quamuisprivutis
1243 648 1369 676 quemque
1383 645 1428 668 aut
1446 641 1526 671 odiis.
1537 646 1584 668 aut
1593 641 1791 668 commoditati—

1003 686 1313 718 busintentuin,snlutem
1322 684 1454 720 publicant
1468 684 1613 721 neglexisse
1623 686 1789 713 crediderim.

1037 732 1206 760 Mahumetes
1229 730 1332 759 interea
1358 731 1462 759 coactis
1480 732 1601 766 uudiq‘ue
1624 732 1721 767 t‘opiis,
1741 733 1792 758 mi-

1003 777 1082 806 rabili
1120 783 1262 812 apparatu,
1298 777 1472 805 formidanda
1501 778 1592 805 animo
1621 781 1647 805 et
1676 778 1790 812 impetu.

1004 830 1075 852 terra
1092 824 1217 859 marique
1234 823 1336 859 regiam
1361 824 1457 852 urbem
1482 828 1637 859 aggressus,
1656 824 1792 851 cuuit-ulis

1005 876 1037 898 ac
1048 870 1287 903 latentibusjlossis
1299 869 1430 898 altissime
1442 871 1522 903 actis,
1535 875 1631 904 aggere
1642 870 1666 897 la
1673 875 1696 897 te
1707 871 1790 903 edito,

1004 920 1098 952 poute,
1115 923 1168 951 qua
1193 913 1287 944 Peram
1314 915 1445 951 oppidum
1470 922 1566 943 versus
1597 919 1673 943 mare
1699 923 1792 942 muros

1003 962 1081 990 alluit
1110 962 1197 996 urbis,
1218 962 1398 997 longitudinis
1414 962 1447 988 ad
1473 958 1527 988 duo
1554 959 1637 988 millia
1665 968 1793 995 passuum

1003 1010 1101 1044 raptim
1114 1012 1266 1040 exstructo,
1279 1005 1403 1035 turribus
1420 1008 1519 1043 ligneis
1533 1015 1565 1035 eo
1581 1015 1667 1042 usque
1682 1007 1792 1036 erectis.

1003 1060 1033 1083 ut
1048 1062 1144 1082 muros
1162 1054 1288 1090 quamvis
1303 1054 1453 1080 altissimos
1463 1054 1637 1084 excederent,
1653 1053 1793 1080 machina-

1004 1105 1169 1133 mentorum,
1207 1098 1463 1135 tortnentort'nuque
1498 1099 1640 1134 multiplici
1672 1097 1793 1126 adhibito

1003 1155 1102 1182 genere
1124 1151 1281 1182 oppugnata
1307 1152 1349 1174 est
1380 1147 1454 1179 urbs.
1480 1147 1643 1182 defensaque
1676 1146 1790 1174 summis

1004 1193 1133 1228 utrinqtte
1149 1193 1262 1221 viribus.
1279 1191 1338 1220 Non
1357 1192 1452 1228 paucis
1467 1197 1528 1227 post
1543 1192 1641 1220 diebus
1653 1192 1685 1219 ad
1702 1198 1792 1219 extre-

1004 1248 1077 1268 mum
1098 1247 1165 1268 voce
1178 1239 1310 1275 praeconis
1327 1239 1392 1267 totis
1408 1239 1507 1267 castris
1532 1239 1708 1266 inrlamutum
1725 1243 1765 1265 Pst
1781 1247 1790 1265 :

1004 1287 1102 1319 Quinto
1116 1286 1250 1314 Kalendas
1275 1284 1343 1313 Maii
1363 1285 1458 1313 mitiles
1474 1294 1562 1313 onmes
1578 1285 1711 1320 jejunium
1729 1293 1792 1311 san-

1004 1332 1131 1367 cti/irent.
1147 1336 1268 1367 sequente
1289 1331 1332 1359 die
1348 1332 1374 1358 in
1389 1332 1470 1359 armis
1486 1331 1584 1364 adsint,
1604 1332 1691 1359 urbem
1705 1337 1792 1358 extre-

1004 1378 1055 1405 mis
1077 1379 1175 1405 viribus
1202 1379 1391 1414 oppugnaturi,
1411 1378 1499 1404 triduo
1517 1378 1649 1404 civitate»:
1679 1377 1792 1403 militum

1003 1424 1144 1457 direptioni
1155 1424 1284 1459 futuram.
1309 1424 1462 1452 Constituto
1482 1424 1526 1451 die
1539 1424 1671 1458 jejunium
1687 1423 1718 1449 uti
1735 1431 1787 1449 no-

1004 1474 1074 1498 ctein
1095 1477 1183 1504 usque
1194 1474 1332 1497 servatum
1350 1479 1356 1497 :
1370 1470 1433 1496 exin
1450 1469 1606 1496 lucentibus
1618 1469 1705 1496 stellis
1721 1467 1790 1495 invi-

1006 1517 1124 1543 tationes
1148 1522 1180 1541 ae
1204 1515 1329 1542 convivia
1355 1510 1458 1549 passim
1486 1513 1589 1545 habita,
1614 1518 1642 1540 et
1666 1512 1794 1548 quisquis

1005 1558 1135 1592 amicum,
1150 1558 1345 1593 propinquum,
1369 1563 1521 1592 notumque
1545 1558 1649 1590 habuit,
1675 1565 1735 1585 eum
1760 1567 1794 1585 (ιο

1006 1604 1100 1631 hilaris
1129 1604 1256 1638 epulatus
1283 1608 1345 1638 est;
1362 1608 1445 1639 atque
1475 1603 1520 1631 ubi
1536 1604 1603 1631 satis
1630 1604 1792 1636 ltelluatum,

1006 1653 1135 1684 tanquam
1151 1656 1180 1676 se
1198 1648 1329 1684 deinceps
1349 1656 1489 1684 nunquam
1510 1649 1597 1676 visuri
1613 1653 1716 1682 essent,
1733 1657 1794 1675 :uu-

1005 1693 1105 1729 plcxati
1117 1692 1324 1728 cxosculathuc
1340 1693 1421 1721 simul
1434 1693 1559 1721 ultimttm
1577 1693 1635 1720 vale
1652 1693 1789 1720 dixerunt.

1005 1739 1034 1767 iu
1050 1738 1117 1767 urbe
1128 1744 1219 1767 autem
1231 1739 1390 1767 sacerdotes
1413 1740 1447 1767 ad
1461 1734 1623 1767 instantiam
1641 1738 1737 1767 lsidori
1749 1747 1793 1767 sa-

1005 1780 1067 1813 cras
1095 1785 1232 1821 imagines
1259 1785 1390 1818 ferentes,
1414 1790 1545 1820 sequente
1565 1786 1676 1821 populo,
1696 1787 1793 1813 urbem

1006 1832 1134 1863 lustrare;
1144 1832 1275 1858 auxilium
1286 1832 1317 1859 de
1327 1832 1397 1859 etnlo
1407 1835 1508 1866 petere,
1516 1831 1794 1866 corporajejuniisaf-

1006 1876 1095 1911 iligere
1102 1883 1182 1911 atque
1189 1875 1358 1903 orationibus
1367 1876 1485 1904 universi
1496 1876 1567 1904 cives
1576 1877 1726 1909 intendere,
1734 1877 1795 1904 sub-

1005 1928 1099 1950 secuta
1118 1928 1199 1949 noute
1207 1921 1239 1949 ad
1248 1929 1297 1950 sua
1306 1922 1421 1957 quisque
1440 1922 1498 1949 loca
1513 1921 1681 1950 defendenda
1693 1922 1792 1949 redire.

1042 1967 1127 1995 Erant
1147 1968 1217 1994 muri
1236 1968 1312 1995 urbis
1328 1971 1356 1995 et
1380 1967 1525 1995 altitudine
1550 1972 1577 1995 et
1612 1969 1794 1997 crassitudine

1007 2018 1064 2042 toto
1079 2015 1147 2042 orbe
1161 2013 1295 2043 celebres.
1309 2014 1356 2041 sed
1371 2014 1406 2040 ob
1422 2017 1583 2042 vetustatem
1597 2018 1625 2041 et
1635 2015 1792 2042 Graecorum

1007 2060 1141 2088 ineuriam
1151 2059 1242 2095 pinnis
1251 2066 1282 2087 ac
1293 2061 1502 2095 prepuguaculis
1518 2061 1596 2094 uu.li,
1612 2062 1792 2089 antemuralia

1008 2113 1073 2134 vero
1101 2111 1255 2142 opportune
1287 2107 1469 2134 communita.
1503 2104 1532 2134 In
1552 2106 1593 2134 his
1609 2106 1696 2134 Graeci
1719 2108 1794 2135 salu-

1009 2156 1061 2180 tem
1084 2159 1210 2188 pesuerc.
1237 2152 1340 2179 Armati
1364 2152 1464 2179 milites
1478 2153 1549 2179 inter
1569 2160 1662 2180 muros
1677 2156 1704 2180 et
1719 2159 1794 2179 ante-

984 2214 986 2217 ι
1010 2198 1123 2239 muralia
1145 2205 1259 2234 pugnam
1276 2197 1416 2225 sustinere
1441 2197 1632 2225 decreverunt.
1657 2197 1794 2234 'i‘riangu-

173 2249 304 2284 politanis
323 2248 424 2275 bellum
446 2247 549 2280 intulit,
565 2248 599 2276 de
609 2255 664 2283 quo
681 2255 754 2275 nunc
773 2248 874 2275 referre
890 2254 958 2282 prm-
971 2243 997 2273 Ii
1012 2243 1094 2271 larem
1113 2251 1183 2278 pene
1213 2243 1292 2271 urbis
1316 2243 1429 2270 formam
1455 2242 1540 2270 fuisse
1572 2243 1684 2270 tradunt
1701 2251 1708 2270 :
1725 2243 1794 2271 duas

173 2299 256 2323 eunte
274 2294 362 2322 [Euea
384 2293 476 2328 Sylvio
495 2293 567 2321 haud
587 2294 704 2321 alienant
723 2293 814 2321 fuerit.
830 2293 958 2321 Volverat

172 2342 229 2376 jatn
264 2340 367 2376 pridem
401 2340 493 2367 animo
524 2339 704 2373 Mabumetes,
728 2346 846 2374 quonam
879 2340 959 2366 modo

174 2385 442 2421 Constantinopolim
471 2384 586 2412 alteram
603 2385 629 2411 in
645 2383 757 2412 Oriente
771 2383 884 2411 Romam
905 2383 958 2412 sibi

175 2433 303 2467 subigere
329 2435 442 2467 posset;
467 2438 554 2466 neque
577 2431 649 2458 enim
676 2430 709 2458 ad
739 2437 816 2458 suam
845 2430 958 2465 gloriam

177 2480 315 2514 pertinere
328 2479 524 2510 arbitrabatur,
540 2477 635 2505 urbem
652 2476 679 2504 in
695 2476 784 2504 medio
808 2475 958 2504 Turcarum

177 2526 258 2553 sitam
270 2532 342 2556 esse,
358 2533 419 2559 quae
431 2531 481 2552 suo
498 2523 612 2559 imperio
626 2530 679 2550 non
696 2527 814 2558 pareret,
831 2528 961 2557 tantoque

179 2571 266 2606 majus
280 2571 343 2598 inde
361 2571 463 2598 nomini
485 2578 534 2598 suo
556 2570 639 2597 decus
653 2570 792 2602 accedere,
804 2570 827 2597 si
841 2577 901 2597 eatn
915 2576 961 2596 ur-

179 2619 238 2644 bem
261 2619 439 2651 expugnaret,
468 2620 570 2652 quanto
600 2615 786 2650 progenitores
815 2616 857 2642 sui
890 2615 960 2642 idem

179 2662 280 2694 conati,
293 2661 401 2695 turpius
423 2668 437 2686 a
463 2660 560 2694 emptis
575 2660 756 2688 destitissent.
783 2659 851 2687 Cum
867 2660 961 2695 paucis

179 2709 262 2743 igitur
279 2708 367 2742 iisque
392 2705 532 2733 fidissimis
558 2707 759 2734 communicato
779 2706 902 2738 consilio,
916 2714 961 2733 ca-

179 2757 289 2784 stellum
313 2755 390 2789 juxta
413 2753 489 2780 littus
513 2752 546 2779 ad
567 2753 666 2779 ostium
691 2752 805 2788 Bospori
831 2753 911 2787 paulo
929 2754 961 2779 ab

180 2802 245 2829 urbe
258 2801 397 2830 remotius.
413 2799 485 2826 aliud
496 2798 682 2831 dissimulans,
699 2798 850 2826 incredibili
866 2799 962 2825 (cieri-

180 2852 234 2874 tatc
245 2846 467 2880 exstruxitatque
477 2844 590 2872 munivit
601 2852 606 2870 :
619 2843 717 2871 bellum
728 2843 827 2871 deinde
837 2843 896 2870 urbi
909 2852 961 2870 non

183 2893 262 2923 modo
274 2893 381 2926 indixit,
394 2892 441 2920 scd
457 2896 550 2919 contra
569 2899 582 2917 ξε
597 2890 652 2918 ulta
663 2890 776 2923 ﬁndere,
795 2893 891 2917 contra
908 2891 963 2922 ius.

1010 2296 1103 2326 partes
1120 2290 1198 2317 alluit
1224 2297 1300 2318 mare
1319 2297 1325 2317 :
1346 2296 1396 2317 nec
1417 2290 1487 2316 muri
1505 2290 1602 2317 desnut
1625 2290 1658 2317 ad
1686 2290 1794 2325 prepul-

1010 2337 1112 2365 sandos
1128 2333 1240 2364 navales
1253 2337 1370 2371 impetus
1385 2335 1487 2364 idonei.
1504 2335 1581 2369 Quod
1594 2336 1729 2371 reliquum
1741 2341 1794 2367 est,

1011 2382 1044 2410 ad
1061 2387 1161 2410 terram
1178 2390 1293 2417 vergens
1308 2386 1369 2416 post
1385 2382 1439 2410 alta
1457 2383 1557 2410 moenia
1573 2387 1601 2410 et
1614 2383 1794 2410 autetuuralia

1011 2429 1112 2464 ingenti
1125 2428 1260 2456 clauditur
1273 2428 1358 2456 fossa.
1370 2428 1494 2463 Coeptum
1510 2432 1550 2456 est
1567 2429 1688 2463 przclium
1701 2428 1798 2463 paulu-

1012 2476 1068 2504 lutn
1086 2479 1149 2503 ante
1163 2475 1263 2509 lucem,
1279 2482 1341 2502 cum
1365 2475 1444 2503 miles
1465 2475 1553 2502 Turca
1575 2472 1689 2510 periculi
1713 2483 1796 2511 quam

1012 2528 1095 2549 mora:
1123 2521 1270 2557 patientior
1286 2526 1369 2552 esset,
1394 2526 1426 2547 ac
1451 2521 1563 2548 vulnera
1587 2525 1616 2548 et
1634 2522 1796 2556 sanguinem

1012 2569 1165 2602 praedarum
1181 2567 1326 2595 dulcedine
1349 2570 1488 2602 pensaret.
1527 2567 1681 2603 Pugnatum
1708 2572 1747 2595 est
1767 2567 1796 2595 in

1013 2614 1134 2641 tenebris
1173 2612 1276 2647 majore
1314 2612 1466 2638 Turcarum
1499 2613 1631 2646 pernicie,
1662 2613 1689 2639 lu
1727 2620 1797 2647 quos

1013 2661 1066 2687 tela
1097 2665 1213 2693 superne
1240 2657 1424 2685 vibrabautur.
1457 2657 1492 2683 At
1520 2662 1663 2692 postquam
1695 2658 1796 2690 illuxit.

1013 2707 1077 2734 dato
1103 2705 1181 2739 signo
1200 2705 1320 2739 murique
1341 2711 1395 2731 non
1423 2704 1511 2731 solum
1532 2703 1796 2742 Constantinopolis,

1015 2753 1062 2779 sed
1088 2752 1184 2786 etipstt
1216 2752 1297 2778 etiam
1323 2750 1399 2782 Pera,
1429 2750 1540 2783 nequid
1572 2749 1664 2777 auxilii
1694 2750 1797 2777 Grtccis

1016 2803 1170 2833 praestaret,
1186 2796 1339 2831 oppugnari
1356 2801 1445 2830 empta
1465 2801 1516 2823 est.
1533 2795 1587 2822 Sua
1602 2796 1702 2830 cuique
1714 2796 1798 2831 legiu—

1016 2847 1040 2871 ni
1055 2851 1194 2870 murorum
1214 2850 1277 2877 pars
1291 2850 1322 2868 ac
1339 2846 1478 2876 portartttu
1493 2841 1635 2870 attributa.
1652 2845 1681 2867 ut
1694 2841 1798 2868 discre-

1016 2895 1058 2917 tus
1075 2890 1149 2916 labor
1167 2890 1251 2916 fortes
1265 2894 1346 2918 atque
1359 2889 1470 2918 ianaros
1491 2888 1681 2919 tlistiucttcrct,
1698 2892 1723 2915 ιιι
1738 2895 1796 2921 ψεςι
