1961 3070
184 131 234 163 940

922 139 1083 169 NOTJTIA.

1763 138 1814 169 9ἰο

184 190 360 219 contentione
378 191 486 220 decoris
503 194 620 222 militum
634 195 723 224 virtus
741 196 828 231 magis
843 204 875 224 ac
889 197 976 231 magis
991 201 1012 228 Α
1029 206 1115 232 coque
1129 196 1248 229 amplius
1262 196 1363 223 milites
1377 203 1410 222 ex
1427 195 1532 222 Latinis
1545 194 1705 228 Graecisque
1724 196 1812 228 perie-

185 237 393 265 aceeudcretnr.
405 237 467 266 Pari
481 241 563 268 modo
578 246 605 269 et
618 242 730 269 navales
744 243 812 270 socii
825 242 975 270 attributas

186 288 278 321 partes
294 283 422 311 invadere
432 284 526 318 jussit.
537 286 725 315 Admoventur
738 288 797 315 urbi
812 288 907 323 ligneae
919 293 975 315 tur-

187 336 242 356 res.
253 327 422 356 Convectant
440 331 541 358 milites
564 332 703 365 dolabras,
720 333 805 360 falces
820 333 975 368 scalasque.

189 374 220 402 lit
233 375 288 410 jam
309 376 391 404 elatis
416 385 502 412 super
518 379 608 414 capita
624 380 722 412 scutis.
736 380 824 408 densa
841 381 977 408 testudine

186 421 349 450 succedunt.
376 422 464 451 Graeci
491 432 619 452 saxorum
646 426 767 460 pondera
794 427 975 460 provolvunt,

189 468 330 502 disjectam
361 473 444 504 atque
483 470 639 499 ﬂuitantem
675 471 841 500 testudinem
874 473 977 500 lanceis

189 515 335 549 t‘ttlllisque
366 521 586 551 perscrutantur,
612 518 701 546 donec
728 519 818 546 soluta
848 526 978 553 compage

190 565 345 595 scutorum,
377 570 531 599 exsangues
566 564 726 599 lacerosque
756 568 977 599 prostraverunt.

191 606 234 634 Fit
260 613 365 644 strages
390 617 488 645 magna
507 618 515 636 :
534 614 561 638 et
587 611 644 646 jam
667 610 764 638 Turcae
789 611 978 639 deﬁcientibus

191 654 290 681 animis
312 654 469 690 languidius
494 662 627 691 pugnant.
643 657 695 685 Sed
710 658 787 685 adest
811 657 978 685 Maltumetes

191 700 375 729 fortissimum
390 710 529 737 quemque
543 703 710 732 nominatim
737 704 871 735 vocitans,
895 709 979 738 utque

190 747 215 772 in
234 747 355 780 praelium
373 748 498 780 redeant,
515 749 681 778 adhortatur
698 759 705 777 :
721 751 771 778 hos
785 750 905 785 praemiis
920 750 980 777 alli-

188 795 237 823 cit,
265 793 326 821 illos
353 794 438 822 minis
462 795 594 824 deterret.
614 797 787 824 tustauratur
814 803 846 824 ex
873 796 979 831 integro

190 841 330 866 certamen
343 847 351 866 ι
366 839 462 867 Turcte
480 848 577 868 rursus
597 841 731 869 subruere
748 849 868 873 murum,
884 845 979 876 portas

191 889 316 918 quatere,
332 885 420 912 innixi
432 885 566 919 humeris,
584 891 612 914 et
628 895 711 923 super
723 887 847 915 iteratam
863 886 979 914 testudi-
996 878 1015 905 Β

193 938 253 957 nent
266 931 432 960 scandentes
447 940 579 968 prensare
593 934 714 962 hostium
731 934 784 962 tela
810 933 979 968 brachiaque

193 978 321 1005 iituntur
337 987 344 1005 :
362 979 460 1006 iterum
488 980 588 1015 integri
613 988 676 1008 eum
702 981 817 1013 sauciis.
846 980 980 1008 setuiani-

193 1032 250 1053 mes
266 1033 328 1052 eum
343 1026 547 1060 exspirantibus
565 1027 742 1055 evolvuntur.
761 1026 890 1054 Cernitur
906 1027 980 1053 varia

191 1071 366 1105 pereuntium
382 1071 481 1105 forma,
498 1077 526 1100 et
541 1073 661 1107 plurima
682 1074 780 1101 mortis
792 1073 894 1107 imago.

226 1115 298 1144 Inter
312 1118 368 1144 haec
379 1117 500 1146 Joannes
512 1118 698 1152 Justinianus,
714 1119 783 1153 apud
797 1118 921 1146 Genuam
938 1117 981 1144 Li-

191 1170 289 1196 gurum
302 1157 477 1198 metropolitn
489 1163 574 1190 nobili
597 1163 657 1191 loco
673 1168 766 1195 nutus,
791 1163 838 1198 qui
854 1165 981 1197 superio-

192 1209 269 1236 rbus
288 1209 386 1237 diebus
409 1210 484 1238 solus
511 1210 608 1237 urbem
639 1209 798 1237 defendisse
824 1209 980 1241 videbatur,

193 1254 311 1287 graviter
328 1256 497 1288 vulneratus,
512 1255 557 1283 ubi
579 1255 688 1282 ﬂuitare
711 1254 875 1289 sanguinem
900 1262 980 1281 suum

193 1300 399 1330 animadvertit.
430 1308 464 1329 ne
491 1305 606 1329 caeteros
636 1301 798 1331 deterreret.
829 1299 981 1327 remedium

193 1353 328 1380 quaerens,
343 1346 412 1374 clam
422 1354 483 1374 sese
498 1354 594 1382 pugnae
608 1347 750 1375 subduxit.
772 1346 824 1373 Sed
850 1346 985 1373 Constau.

194 1396 269 1421 tinus
289 1393 449 1429 imperator,
466 1398 495 1421 ut
509 1393 606 1422 abesse
629 1392 818 1420 Justiuiannm
843 1391 982 1427 cognovit,

195 1447 249 1474 quo
266 1440 328 1468 ierit
339 1441 540 1476 percontatur?
559 1439 713 1472 Proditum,
729 1447 760 1466 ac
775 1439 929 1471 inventum,
950 1446 985 1465 uc

196 1494 311 1521 pugnam
323 1486 443 1519 deserat,
452 1486 532 1514 enixe
540 1490 627 1521 rogat.
639 1485 687 1513 ille
696 1486 780 1512 nihilo
791 1485 876 1519 magis
888 1484 985 1516 ﬂexus,

195 1532 293 1566 aperiri
317 1537 422 1567 portam
452 1531 542 1566 jubet,
572 1539 626 1566 qua
656 1529 803 1558 curaturus
830 1530 927 1557 vulnus
953 1530 980 1556 itt

196 1577 289 1604 urbem
302 1577 404 1605 redeat.
426 1577 511 1605 Erant
538 1578 612 1605 enim
639 1578 773 1605 obserata:
790 1577 864 1604 urb’s
876 1576 978 1610 janute,

195 1624 295 1658 quibus
306 1624 340 1651 ad
354 1625 537 1652 antemuralia
554 1625 667 1659 patebat
684 1623 748 1656 iter,
762 1631 795 1650 uc
810 1630 863 1657 qua
879 1621 984 1656 fugien-

195 1671 221 1697 di
237 1671 353 1698 facultas
370 1671 449 1698 mili=i
464 1675 550 1700 esset.
571 1678 604 1698 ac
620 1673 766 1706 propterea
790 1669 890 1696 fortius
913 1667 984 1695 hosti

197 1727 208 1743 r
227 1719 361 1745 sisteret:
382 1718 411 1744 fit
434 1719 539 1745 interea
569 1717 712 1745 remissior
741 1715 877 1746 defensio,
911 1713 983 1748 qttod

198 1764 293 1792 "furca:
312 1765 499 1795 advertentes,
525 1764 644 1791 instante
671 1763 790 1789 maxime
821 1761 984 1793 Mahumete,

197 1810 287 1838 acrius
304 1810 477 1838 incumbunt.
496 1810 528 1837 Et
542 1810 671 1844 quoniam
684 1816 748 1843 pars
769 1810 839 1835 muri
857 1808 913 1842 jam
931 1812 987 1834 tor-

199 1858 297 1884 utentis
331 1857 417 1885 tcneis
445 1857 573 1890 disiecta,
601 1855 701 1887 fossam
732 1861 830 1889 magna
852 1858 986 1888 eLparte

197 1904 364 1937 oppleverat.
375 1910 424 1937 per
439 1902 533 1930 ruinas
544 1902 618 1936 ipsas
630 1901 806 1932 scandentes.
817 1899 988 1927 antemurale

198 1949 398 1981 conscendunt,
426 1948 592 1983 Graii-osque
618 1948 779 1983 perterritos
800 1947 860 1974 loco
889 1946 986 1973 detur-

198 1997 274 2024 bant.
285 1997 376 2026 Porta,
386 2003 446 2030 qua:
454 1995 608 2022 Justiniano
618 1995 851 2028 sauciopatuerat,
861 1991 988 2018 omnibus

199 2046 291 2074 aperta
310 2040 399 2076 fugam
426 2040 608 2074 profusiorem
634 2038 733 2066 reddit.
752 2038 829 2065 Tunc
852 2037 988 2064 Constan-

199 2088 284 2119 tinus,
301 2094 355 2114 non
373 2090 403 2113 ut
418 2087 613 2120 imperatorem
642 2085 746 2116 decuit.
761 2083 917 2118 pugnando,
939 2083 988 2111 sed

201 2133 307 2167 fugiens
337 2133 363 2160 iu
387 2132 455 2167 ipsis
478 2135 564 2166 portae
580 2131 727 2166 angustiis.
748 2138 812 2158 cum
830 2129 986 2161 cecidisset,

200 2179 401 2213 rrumpentium
424 2178 598 2205 multitudine
626 2184 783 2211 oppressus,
811 2176 987 2210 raleatusque

1029 252 1066 276 re,
1081 245 1178 278 partim
1192 242 1351 270 vulneribus
1368 249 1383 268 a
1400 246 1476 275 tergo
1493 241 1625 274 confossi,
1636 241 1733 275 partim
1744 249 1812 268 eon-

1028 290 1153 316 versione
1165 289 1299 323 oppressi.
1317 288 1416 322 Etjam
1434 288 1523 315 hostis
1555 287 1726 322 superiorem
1751 295 1812 314 nnt-

1029 343 1088 362 rtun
1106 334 1226 368 tenebat,
1242 342 1364 369 saxaque
1384 334 1412 361 in
1432 335 1508 361 cives
1530 333 1688 366 devolvens,
1722 334 1814 368 iu‘re<

1027 382 1165 410 tlientibns
1177 382 1235 409 suis
1247 382 1349 409 auxilio
1360 386 1428 408 erat.

1064 428 1120 456 Hoc
1138 429 1221 456 modo
1237 432 1316 462 capta
1332 429 1410 459 urbe.
1426 428 1506 454 cassis
1530 427 1660 454 omnibus
1674 427 1720 461 qui
1747 428 1815 453 resi-

1028 480 1100 502 stere
1117 474 1175 500 ausi
1192 478 1264 505 sunt,
1286 474 1312 500 in
1328 474 1439 507 rapinas
1461 473 1623 500 catervatim
1657 477 1699 500 est
1731 473 1813 499 itum.

1030 521 1092 547 Erat
1109 519 1241 547 victorum
1253 519 1376 545 infinitus
1387 525 1471 552 prope
1480 525 1622 550 numerus,
1634 518 1660 544 in
1671 517 1812 544 libidinem

1028 570 1055 592 et
1073 565 1204 593 saevitiam
1223 564 1377 598 corruptior
1394 573 1401 591 :
1432 572 1486 591 non
1500 564 1630 600 dignitas.
1649 571 1702 590 non
1735 567 1812 594 aetas,

1030 621 1083 640 non
1095 620 1177 640 sexus
1191 619 1357 646 quemquam
1374 611 1545 645 protegebat.
1567 610 1668 643 Stupra
1683 610 1814 639 caedibus.

1029 658 1115 685 caedes
1131 658 1236 692 stupris
1254 658 1450 684 miscebantur.
1486 656 1571 684 Senes
1599 660 1694 683 exacta
1725 660 1815 686 trtatr,

1030 705 1144 732 feminas
1159 704 1227 730 viles
1241 703 1274 730 ad
1291 704 1409 738 praedam
1428 703 1453 730 in
1474 703 1623 730 ludibrium
1649 703 1793 729 trahebant
1809 711 1815 730 :

1030 750 1075 776 ubi
1088 749 1182 777 adulta
1201 749 1288 782 virgo,
1311 752 1358 776 aut
1375 749 1436 783 quis
1456 748 1543 775 forma
1557 748 1723 781 conspicuus
1748 748 1817 775 iui-i-

1029 796 1113 823 disset
1124 796 1151 822 in
1164 802 1261 822 manus
1279 794 1452 829 rapientium,
1472 794 1594 822 divulsus
1620 795 1693 828 ipsos
1710 798 1816 826 postre-

1031 850 1075 869 mo
1090 842 1247 877 direptores
1263 841 1290 868 iu
1302 845 1425 868 mutuam
1443 840 1593 876 perniciem
1611 840 1719 874 agebat.
1748 840 1817 866 Dum

1033 889 1186 923 pecuniam,
1201 888 1242 916 vel
1258 888 1352 923 ‘gravia
1367 887 1529 922 templorum
1548 886 1617 913 dona
1632 885 1684 913 sibi
1701 886 1818 920 quisque

1031 935 1161 968 traheret,
1179 935 1285 969 majore
1296 935 1413 962 aliorum
1431 935 1457 961 vi
1485 933 1674 961 trnneabatur.
1694 932 1818 967 Ctnuqnc

1031 980 1057 1007 iu
1071 981 1193 1008 exercitu
1207 981 1327 1008 maximo
1345 982 1517 1015 uenissem.
1543 989 1577 1008 ex
1606 981 1712 1008 civibus
1737 980 1818 1008 seriis

1031 1032 1113 1062 atque
1123 1027 1244 1055 externis
1255 1026 1380 1061 conﬂato,
1396 1028 1512 1055 diverse
1525 1028 1634 1061 linguztu
1649 1028 1716 1054 varii
1729 1034 1818 1053 mores

1031 1078 1112 1107 atque
1130 1072 1272 1108 cupidines
1290 1078 1392 1106 essent,
1412 1073 1486 1101 aliud
1500 1075 1599 1108 cuique
1612 1075 1654 1101 fas
1671 1073 1816 1106 nefasque,

1032 1119 1100 1146 uiuil
1122 1118 1246 1146 illicitum
1273 1124 1331 1145 toto
1361 1119 1453 1146 triduo
1482 1119 1726 1153 Constantinopoli
1755 1118 1817 1146 fuit.

1033 1165 1174 1200 Templum
1194 1165 1314 1198 Sophim,
1331 1164 1481 1192 Iustiniani
1510 1165 1628 1193 Caesaris
1658 1172 1739 1200 opus,
1761 1169 1818 1191 toto

1032 1212 1099 1238 orbe
1124 1211 1314 1244 decantatum,
1337 1215 1364 1238 et
1388 1211 1431 1238 cui
1462 1210 1618 1245 comparari
1644 1210 1761 1237 alterum
1786 1217 1819 1236 eo

1033 1264 1154 1293 tempore
1172 1266 1226 1285 non
1249 1258 1348 1292 potuit,
1372 1259 1504 1285 nodatum
1537 1264 1614 1284 sacra
1645 1255 1820 1291 supellectili,

1033 1307 1066 1332 ad
1081 1312 1178 1333 omnes
1194 1305 1343 1339 spurcitias
1358 1305 1446 1340 patuit
1462 1313 1469 1332 ε
1488 1311 1606 1339 namque
1628 1303 1691 1330 illnc
1702 1303 1726 1330 vi
1759 1311 1821 1338 per-

1034 1357 1127 1379 tractre
1146 1352 1262 1386 captiva:
1278 1352 1397 1386 virgines
1409 1358 1495 1378 sacrae
1511 1355 1593 1385 atque
1621 1349 1753 1386 profante.
1781 1349 1821 1376 vi—

1034 1399 1094 1425 dtue
1105 1402 1187 1432 atque
1204 1402 1346 1430 matrume,
1365 1398 1502 1425 decennes
1519 1397 1601 1423 etiam
1633 1396 1709 1430 pueri
1737 1400 1819 1430 atque

1035 1444 1308 1479 puellm,iucxplehili
1323 1443 1569 1475 spnrcissimoruut
1587 1449 1687 1469 canum
1716 1441 1823 1468 libidini

1035 1494 1062 1516 et
1076 1490 1198 1521 luxurias,
1212 1491 1300 1515 donec
1312 1488 1435 1515 efflarent
1458 1488 1574 1519 animas.
1593 1487 1728 1514 inservire
1756 1491 1822 1513 sunt

1036 1541 1146 1562 coactae.
1160 1535 1228 1562 Ossa
1247 1538 1407 1569 martyrum,
1423 1542 1484 1569 qna‘
1511 1533 1621 1560 fuerant
1638 1534 1664 1560 in
1686 1533 1729 1560 illa
1756 1534 1824 1559 urbe

1035 1582 1241 1616 pretiosissima,
1259 1582 1375 1608 canibus
1383 1581 1488 1615 objecta
1499 1586 1525 1607 et
1541 1580 1646 1607 suibus.
1659 1579 1821 1607 Sattcloru‘u

1036 1626 1166 1660 imagines
1180 1631 1227 1653 aut
1240 1626 1296 1653 luto
1312 1626 1421 1653 fmdatze
1437 1630 1484 1652 aut
1502 1625 1576 1653 ferro
1596 1625 1703 1658 deletae,
1721 1626 1818 1652 altaria

1035 1673 1126 1699 diruta
1140 1677 1222 1707 atque
1233 1680 1340 1699 eversa.
1361 1672 1387 1698 In
1405 1672 1639 1706 reliquistemplis
1667 1678 1713 1699 aut
1744 1673 1824 1706 lupa-

1036 1718 1113 1745 naria
1127 1717 1304 1745 tueretricum
1335 1716 1418 1750 facta,
1442 1723 1489 1744 aut
1503 1726 1637 1752 equorum
1655 1718 1774 1745 stabula.
1795 1718 1822 1744 lu

1036 1768 1158 1791 sacratos
1179 1763 1234 1790 Deo
1252 1763 1328 1790 viros
1341 1782 1348 1795 .
1377 1763 1523 1797 religiosos
1544 1771 1576 1790 ac
1601 1764 1760 1791 sacerdotes
1790 1765 1824 1791 ita

1038 1810 1109 1838 finde
1120 1810 1241 1837 smvitunt
1257 1814 1310 1841 est,
1324 1815 1353 1835 ut
1376 1808 1473 1837 modus
1505 1809 1683 1841 detestabilis,
1708 1818 1763 1844 qtto
1782 1818 1827 1837 vev

1037 1858 1091 1883 rati
1110 1861 1193 1890 atque
1207 1856 1293 1883 enecti
1316 1860 1391 1888 sunt,
1410 1856 1566 1890 llt‘llliqllam
1582 1856 1696 1883 hom-ste
1725 1855 1822 1882 referri

1038 1906 1130 1937 queat.
1157 1901 1199 1928 Ad
1225 1902 1282 1929 haec
1313 1901 1402 1929 adacti
1429 1906 1493 1928 sunt
1525 1903 1595 1929 sci-vi
1610 1902 1771 1930 Verberibus
1784 1907 1826 1928 at-

1038 1955 1091 1981 que
1101 1947 1255 1979 tormentis,
1265 1947 1436 1973 dominormn
1448 1947 1537 1973 abdita
1546 1947 1663 1974 serutari
1675 1955 1706 1974 ac
1718 1955 1824 1979 eruere;

1039 1993 1142 2020 inventi
1158 1993 1208 2020 hac
1224 1997 1283 2020 arte
1293 1993 1402 2019 maximi
1418 1993 1553 2025 thesauri,
1564 2001 1633 2027 quos
1645 1994 1672 2020 in
1687 1994 1747 2028 ipso
1761 1993 1824 2020 belli

1039 2039 1175 2073 principio
1194 2039 1321 2066 infelices
1336 2039 1512 2066 suil'odernnt
1539 2040 1624 2067 cives.
1658 2040 1774 2073 Quibus,
1803 2040 1826 2066 si

1039 2092 1088 2119 pro
1102 2083 1259 2112 defensione
1277 2085 1354 2112 urbis
1366 2085 1407 2112 usi
1424 2084 1550 2116 fuissent,
1564 2093 1641 2113 suam
1662 2086 1733 2113 haud
1744 2086 1826 2112 dubie

1039 2131 1133 2163 vitam,
1151 2130 1247 2165 patria:
1260 2131 1412 2158 libertatem
1437 2136 1604 2159 servassent.
1628 2131 1680 2158 Sed
1703 2139 1786 2158 avaro
1801 2133 1826 2158 iu

1040 2183 1137 2204 aurum
1151 2176 1224 2203 nulla
1237 2181 1368 2211 potestas.
1380 2177 1433 2211 Ipsi
1450 2177 1554 2204 interea
1569 2185 1638 2205 auro
1651 2178 1781 2210 emuncti,
1796 2186 1828 2205 ac

202 2225 316 2253 interiit.
333 2225 361 2252 In
373 2229 448 2251 tanta
467 2224 644 2251 multitudine
659 2227 838 2258 pugnatorum
862 2222 916 2248 duo
931 2227 989 2248 tan—
1002 2226 1028 2257 υ
1043 2230 1119 2250 more
1136 2230 1263 2257 pecorum
1280 2223 1306 2249 in
1323 2228 1413 2250 castra
1427 2224 1570 2258 protracti.
1588 2230 1651 2258 post
1667 2224 1783 2251 ludibria
1794 2225 1827 2251 ad

201 2279 258 2299 ltlm
280 2271 382 2307 reperti
399 2275 474 2303 sunt.
497 2271 546 2306 qui
570 2277 601 2297 se.
621 2271 695 2305 viros
717 2268 903 2301 ostenderint,
921 2268 990 2295 alter

201 2319 323 2349 timens,
341 2318 410 2344 alter
424 2316 557 2350 Dalmata,
578 2314 747 2350 Theophilus
768 2313 948 2348 Palasologus,
963 2316 990 2340 et

202 2364 321 2392 Joannes
342 2363 470 2394 Sclavus.
493 2363 539 2398 qui
557 2362 651 2397 fugere
672 2367 750 2396 turpe
766 2359 903 2392 arbitrati,
927 2366 989 2386 cum

202 2411 250 2438 diu
271 2409 424 2438 incredibili
451 2409 546 2443 vigore
567 2409 721 2436 Turcarnm
749 2407 882 2442 impetum
907 2404 990 2433 susti-

204 2457 339 2488 nuissent,
367 2455 525 2489 multosque
550 2454 775 2484 obtrttneasscnt,
791 2452 910 2485 denique
935 2458 988 2478 non

203 2509 258 2530 tam
274 2502 339 2530 victi
353 2509 433 2537 quam
460 2501 594 2528 vincendo
622 2499 726 2533 fatigati
753 2498 826 2524 inter
852 2497 988 2524 cadavera

205 2548 326 2576 hostium
359 2547 524 2576 occubuere.
554 2544 725 2573 Justiniauus
750 2544 777 2571 iu
803 2543 899 2571 Peram
919 2550 991 2577 aegre

203 2595 348 2627 eluctatus,
364 2601 428 2621 cum
443 2591 605 2620 tumultibus
623 2590 780 2624 perturbata
803 2589 909 2620 omnia,
927 2596 989 2621 nec,

203 2648 285 2676 quem
298 2640 416 2667 maxime
427 2638 573 2674 quaerebat,
587 2637 722 2664 medicum
735 2635 912 2664 iuvenisssct.
927 2634 990 2662 inde

203 2687 301 2714 Citium
317 2686 465 2720 navigavit,
491 2685 585 2719 ibique
607 2691 654 2711 seu
681 2690 714 2709 ex
739 2681 860 2708 vulneris
884 2681 990 2708 acerbi-

205 2737 270 2765 tate,
289 2739 336 2759 scu
355 2739 386 2758 ex
415 2731 500 2757 animi
518 2729 648 2757 maestitia
666 2729 692 2755 in
713 2729 835 2754 morbum
856 2727 990 2758 incidens,

206 2777 337 2812 inglorius
355 2777 437 2804 vitam
458 2776 541 2803 finivit
561 2785 568 2802 ;
586 2776 649 2802 frlix
670 2774 793 2810 profecto
821 2775 991 2807 multumque

207 2823 368 2855 laudandus,
388 2824 410 2850 si
430 2823 456 2848 in
473 2823 539 2856 ipsis
553 2826 717 2856 oppugnata:
747 2820 823 2847 urbis
849 2820 987 2847 nitentibus

208 2869 327 2898 animant
344 2869 508 2897 exhalasset.
527 2867 556 2896 ιιι
579 2868 703 2902 ingressu
741 2873 827 2901 portae
844 2866 990 2902 octingenti

1042 2277 1126 2296 unum
1143 2276 1241 2296 omnes
1253 2269 1328 2295 vario
1345 2269 1440 2296 mortis
1457 2277 1556 2304 genere
1580 2270 1718 2297 interfecti
1752 2277 1826 2297 sum.

1042 2314 1379 2346 SimulacrumCrucitixi,
1411 2323 1492 2348 quem
1524 2315 1651 2348 colimus,
1682 2321 1710 2343 et
1734 2324 1827 2343 verum

1041 2359 1125 2387 Deum
1137 2367 1196 2387 esse
1213 2359 1342 2392 fatemur,
1359 2359 1537 2394 (horrendum
1555 2361 1642 2393 dictu,
1662 2365 1744 2395 atque
1778 2370 1826 2388 au-

1041 2407 1110 2441 ditu)
1126 2406 1201 2434 tubis
1211 2414 1243 2433 ac
1271 2407 1409 2440 tympanis
1433 2406 1631 2440 prmeuntibus,
1666 2413 1772 2441 raptum
1794 2416 1827 2433 et

1042 2453 1110 2479 urbe
1121 2453 1217 2479 hostes
1233 2451 1265 2478 ad
1296 2452 1413 2478 tentoria
1439 2451 1575 2482 deferunt,
1608 2456 1689 2487 sputo
1718 2453 1828 2488 lutoque

1043 2498 1158 2529 ftcdaut,
1175 2501 1202 2524 et
1217 2497 1250 2524 ad
1272 2502 1372 2524 nonne
1382 2497 1525 2531 religionis
1539 2497 1696 2525 irrisionem
1726 2499 1826 2526 iterum

1041 2542 1117 2570 cruci
1136 2542 1268 2577 abigunt:
1284 2541 1347 2568 exin
1362 2541 1443 2576 pileo,
1460 2549 1541 2576 quem
1555 2543 1693 2571 sartulum
1719 2552 1826 2577 vocant,

1042 2589 1125 2622 capiti
1141 2588 1202 2622 ejus
1215 2587 1355 2622 imposito,
1371 2595 1472 2615 corona
1490 2588 1611 2623 undique
1626 2588 1695 2616 facta
1721 2590 1829 2618 succla-

1043 2639 1118 2660 maut
1132 2642 1140 2662 :
1158 2633 1206 2670 llic
1218 2639 1255 2660 est
1271 2633 1485 2660 Christianorum
1512 2633 1603 2666 Deus;
1629 2639 1684 2661 tum
1712 2635 1828 2670 lapides.

1045 2681 1185 2714 lutumque
1203 2679 1338 2713 jactantes
1368 2679 1445 2706 miris
1461 2679 1643 2707 dehonestaut
1662 2681 1760 2708 modis.
1777 2681 1829 2708 Sed

1044 2726 1113 2752 nihil
1129 2727 1184 2752 lia-,c
1201 2725 1301 2751 obsunt
1318 2724 1373 2752 Deo
1392 2731 1486 2753 nostro
1505 2727 1601 2754 coelum
1617 2727 1729 2760 tenenti,
1742 2727 1830 2762 inquit

1043 2773 1095 2798 hoc
1111 2772 1169 2798 loco
1186 2770 1289 2797 [Encas
1302 2771 1423 2806 Sylvius,
1441 2772 1669 2806 nccmajestatetu
1686 2773 1744 2807 ejus
1762 2781 1829 2808 quo-

1043 2826 1096 2852 quo
1109 2818 1189 2844 modo
1210 2817 1371 2844 imminuere
1403 2823 1528 2851 possunt,
1554 2818 1632 2852 cujus
1664 2827 1696 2846 ea
1718 2820 1828 2854 cstglo-

1045 2865 1092 2899 tia,
1112 2873 1142 2892 ea
1159 2863 1322 2897 sublimitas,
1338 2872 1370 2892 ea
1387 2863 1564 2892 beatitudinis
1577 2865 1719 2900 perfectio,
1737 2871 1764 2894 ut
1779 2874 1828 2895 ucc
