1961 3070
153 165 204 197 951

649 167 833 199 lSIDORUS
851 169 872 199 S
905 170 941 199 ll.
966 169 997 201 E.
1021 170 1254 203 CARDINALIS

1731 172 1785 204 932

155 229 285 259 laudibus
298 231 424 260 humanis
436 233 541 266 extolli,
569 241 619 261 nec
638 233 776 262 humiliari
804 235 945 270 vitaperiis

1004 227 1154 255 .leratorum
1168 235 1310 256 numerum
1326 227 1484 260 inibant,ac
1495 234 1610 263 corpora
1628 228 1729 262 passim
1739 229 1782 263 ja-

159 284 305 311 pravorum
317 279 413 313 possit.
421 277 475 306 Nos
486 279 538 307 ista
546 279 658 312 laedunt,
670 285 753 315 atque
761 281 944 313 confundunt.

162 323 208 358 qui
227 331 275 357 per
289 322 423 358 ignatiam
441 329 523 359 atque
552 325 697 359 desidiam,
719 326 785 354 dum
807 328 862 355 veri
899 328 944 356 Dei

159 369 260 396 cnltmn
280 371 366 404 perire
379 370 509 403 sinimus,
527 376 552 399 el
565 371 593 399 in
605 372 656 399 hoc
672 373 774 400 saeculo
787 373 946 401 bonumno-

159 424 230 448 lltt‘n,
242 417 307 442 etin
321 416 406 442 altero
414 423 489 450 spem
499 417 597 445 salutis
609 418 773 447 amittimus.
783 419 853 451 Quin
864 419 946 453 igitur

157 469 174 494 ι)
193 461 254 489 sitis
269 461 348 490 bellis
363 467 494 490 coeuntes
512 463 659 491 Christiani
670 464 740 492 hanc
756 469 858 492 tantam
876 466 945 501 inju-

157 508 225 535 riam
244 508 436 536 vindicamus?

191 552 257 580 Post
272 553 330 581 luec
344 553 506 582 convivatus
519 553 700 588 Mabumetes,
712 563 773 583 cum
790 556 871 583 solito
886 557 946 591 plus

156 599 212 626 vini
223 599 405 633 adhibuisset,
420 605 449 628 ut
458 602 616 636 sanguinem
625 602 883 637 truculentusmero
896 603 945 629 ad-

158 645 245 679 deret,
254 645 392 680 principes
399 647 600 682 optimatesque
611 648 733 675 civitatis
743 653 847 683 captos,
865 648 946 683 inque

157 695 334 725 conspectum
355 692 492 720 admissos
508 699 651 729 postquam
663 695 747 729 probe
768 695 822 722 illis
843 695 947 724 illusis‘

157 740 208 769 set,
220 737 340 765 crudelis
354 743 380 766 et
401 739 597 774 sanguinarius
613 740 735 768 carnifex
750 740 821 768 fcede
833 741 946 770 misere-

157 782 341 819 quejugulari
355 784 449 818 jussit.
468 785 608 814 Sirelucas
629 786 756 821 princeps
770 787 817 815 alti
834 788 946 823 sangui-

158 829 212 862 nis,
223 829 269 864 qui
283 830 353 865 apud
368 830 576 859 Constantinum
589 832 736 867 plurimum
746 836 863 868 poterat,
877 840 947 860 caeso

160 876 224 901 ante
236 874 332 903 oculos
346 875 443 910 majori
459 876 526 909 tilio,
541 877 639 910 altero,
657 878 730 912 quod
744 878 886 912 speciosus
901 885 948 905 es-

159 923 212 952 sel,
226 919 260 946 ad
274 919 386 948 illicitos
397 929 464 949 usus
476 927 626 956 reservato,
640 922 730 951 secuii
740 931 886 958 percussus
895 929 947 951 est.

161 965 219 993 [tuo
236 966 298 1001 ejus
317 966 362 995 alii
377 967 423 995 ﬁlii
448 968 643 996 occiderantin
663 969 744 997 bello.
759 969 878 998 Uxorem
892 969 948 997 int-

160 1011 297 1044 peratoris
311 1011 497 1046 Constantini,
508 1014 591 1047 tilias,
601 1015 759 1050 primasque
779 1015 849 1044 aula:
867 1015 949 1050 virgi-

161 1065 220 1091 nes,
240 1065 272 1086 ac
288 1064 428 1087 matronas
444 1060 581 1096 principes
593 1060 676 1095 illSsit
687 1067 820 1096 tyrannus
846 1061 872 1088 in
885 1069 950 1089 con-

159 1103 261 1130 virium
276 1105 386 1132 adduci.
396 1105 434 1133 lbi
448 1107 565 1140 primum
584 1107 618 1134 ab
630 1108 687 1142 ipso
698 1107 867 1140 Mahutncte,
877 1107 950 1134 aliis-

159 1157 211 1180 uuc
226 1150 349 1184 ejusdem
367 1153 488 1187 satrapis
519 1158 715 1188 constupratae,
733 1154 846 1188 posthac
879 1153 948 1180 nihil

160 1194 315 1222 valentibus
339 1196 465 1230 precibus
482 1198 509 1223 in
526 1196 613 1224 frusta
632 1197 757 1224 di5settae
771 1203 848 1224 sunt.
862 1197 950 1231 Caput

164 1239 336 1268 Constantini
346 1241 380 1268 ab
389 1242 501 1269 invento
509 1242 641 1270 cadavere
652 1242 802 1277 desectum,
811 1243 950 1278 hastaeque

165 1287 288 1320 affixutn,
296 1293 326 1315 ut
333 1288 463 1316 omnibus
473 1288 591 1316 ludibrio
599 1294 682 1322 esset,
691 1297 739 1324 per
747 1290 823 1317 urbis
831 1291 949 1324 compita

162 1339 187 1360 et
201 1339 291 1361 castra
307 1334 425 1362 titaximo
437 1343 498 1362 rum
512 1336 613 1370 probro
629 1336 820 1363 circumlatum
836 1341 888 1363 est.
900 1335 951 1362 Fc-

164 1383 238 1412 ruut,
249 1380 293 1413 qui
308 1381 401 1414 copias
409 1380 574 1408 Mahumetis
585 1385 739 1416 compertas
751 1382 883 1413 habuere,
897 1385 951 1407 tre-

164 1430 242 1452 centa
260 1424 345 1453 fuisse
368 1426 453 1452 tnillia
474 1431 666 1461 pugnatorum,
681 1427 728 1461 qui
745 1427 839 1454 urbem
870 1427 948 1454 nobi-

164 1471 296 1498 l.ssintam
325 1479 340 1498 a
367 1477 441 1498 terra
464 1473 662 1507 oppugnarint;
690 1480 704 1500 a
738 1473 805 1500 mari
837 1473 948 1508 triginta

165 1517 262 1550 millia,
287 1518 416 1544 trecentis
443 1517 509 1546 velis
531 1518 676 1546 adnotatis.
702 1518 790 1553 Atque
807 1518 843 1546 ita
861 1526 949 1554 expu-

164 1566 243 1597 gnata
257 1562 484 1598 quinquagesimo
499 1568 577 1590 sexto
597 1563 632 1590 ab
651 1563 795 1591 obsidione
813 1564 858 1591 die
879 1564 952 1591 Con-

165 1609 355 1644 stantinopoli,
365 1609 509 1644 imperium
519 1610 737 1638 Christianorum
754 1610 950 1644 imperatorum

166 1657 192 1684 in
204 1656 314 1684 Oriente
329 1664 402 1684 anno
420 1658 516 1685 salutis
534 1657 603 1684 “55
618 1658 737 1690 finitum,
754 1659 845 1686 nobile
862 1663 889 1686 ct
902 1667 950 1686 au-

167 1703 349 1739 t‘quissimum
368 1713 375 1731 :
395 1705 466 1739 quod
489 1705 541 1732 sub
565 1709 700 1740 potestate
723 1705 842 1733 ﬁdelium
872 1705 952 1733 annis

167 1750 313 1776 «lt-raverat
329 1749 475 1784 nonaginta
490 1753 517 1777 et
529 1757 583 1776 uno
598 1757 681 1784 supra
697 1755 807 1777 centum
824 1754 851 1777 et
866 1750 952 1778 mille.

168 1796 197 1822 lit
209 1796 281 1830 quod
297 1800 393 1823 uolatu
407 1790 612 1831 dignissimum,
625 1795 823 1823 Constantinus
838 1795 953 1829 Magnus

170 1842 275 1870 Helenae
285 1842 365 1874 filius,
377 1842 481 1876 primus
493 1842 556 1869 illud
571 1841 708 1874 fundavit,
724 1847 751 1869 et
763 1842 850 1870 erexit
865 1841 953 1869 :alter

171 1896 233 1915 ιρι-ο
257 1888 455 1916 Constantinus
482 1887 528 1915 XV
542 1888 700 1923 imperator,
725 1888 818 1915 itidem
846 1887 954 1915 Helenae

170 1935 254 1967 tilius,
274 1935 339 1962 illud
355 1935 447 1962 atnisit
461 1943 467 1961 :
484 1939 514 1962 ut
527 1934 635 1962 initium
649 1934 695 1961 fini
708 1934 899 1961 concordaret.

206 1982 234 2008 lu
246 1981 297 2008 hac
307 1981 473 2012 calamitate,
484 1985 510 2007 et
519 1980 629 2015 publico
640 1980 816 2007 nobilissima!
825 1979 900 2007 urbis
909 1987 954 2007 ex-

171 2028 244 2055 cidio
257 2027 375 2055 lsidorus
386 2027 542 2060 cardinalis,
567 2027 728 2061 pontificius
742 2034 774 2053 ca
789 2030 952 2061 tempestate

171 2075 202 2101 ad
216 2074 428 2102 Constantinum
442 2073 556 2106 legatus,
570 2081 585 2099 a
601 2072 728 2099 Barltaris
738 2072 771 2099 ad
780 2079 871 2099 necent
883 2079 956 2106 qure-

170 2122 311 2156 situs,quo
324 2128 353 2148 se
368 2119 588 2154 praisentissima:
605 2117 676 2146 cladi
693 2118 823 2152 eriperet,
834 2117 957 2145 fervente

170 2167 288 2194 tumultu
298 2166 410 2192 mutatis
426 2172 541 2200 propere.
562 2172 624 2191 eum
634 2164 752 2198 jacentis
768 2163 900 2190 cadavere
913 2171 957 2191 ve-

170 2215 269 2247 stibus,
283 2221 314 2240 ac
326 2212 486 2247 fugientium
505 2211 589 2244 turbae
606 2210 742 2237 imntistus
755 2209 822 2237 urbe
835 2209 956 2237 excessit

171 2259 326 2288 incolumis.
347 2259 456 2289 Verum,
473 2257 520 2291 qui
534 2256 665 2283 ementita
691 2256 766 2282 cultu
784 2259 898 2282 mortem
917 2255 957 2283 ef-
972 2243 996 2273 D

172 2309 288 2341 tngerat,
300 2304 369 2331 haud
384 2303 441 2338 pari
453 2303 562 2330 fortuna
579 2302 737 2329 servitutem
748 2301 856 2329 evasit:
871 2301 956 2336 siqui-

172 2353 232 2380 dem
251 2351 285 2378 ab
304 2349 513 2385 insequentibus
543 2347 693 2375 victoribus
718 2352 825 2382 captus,
850 2352 877 2374 ct
892 2347 955 2381 quis

172 2402 244 2426 u~set
259 2399 293 2425 ob
305 2404 396 2425 rasttm
409 2399 530 2423 mentum
544 2399 704 2429 vestemque
717 2394 887 2429 pcregrinam
904 2402 957 2420 non

175 2445 295 2477 agnitus.
321 2442 501 2471 nihilominus
518 2442 543 2468 itt
561 2441 720 2468 servitutetn
748 2439 881 2467 abductus
905 2444 957 2467 est.

176 2492 277 2518 Interea
291 2491 418 2522 cadaver,
431 2489 503 2524 quod
513 2491 690 2522 purpuratum
707 2486 836 2513 Ecclesia:
846 2490 958 2513 senato-

177 2543 232 2570 rem
252 2543 283 2562 ex
298 2534 396 2573 injecta
412 2535 507 2562 lsidori
525 2538 599 2560 veste
615 2531 808 2564 mentiebatur,
825 2532 872 2566 qui
888 2531 959 2558 desi-

996 274 1085 302 ccntia
1098 274 1287 310 explorabant,
1300 274 1404 309 ingenti
1420 274 1483 302 elati
1499 275 1598 310 gaudio
1610 280 1782 309 repererunt,

996 325 1023 347 ct
1035 321 1158 355 ejusdem
1171 320 1316 355 praecisum
1326 325 1408 356 caput
1436 327 1518 348 roseo
1532 324 1690 348 contectum
1708 321 1780 354 pileo

997 367 1080 394 hastae
1096 366 1220 402 infigunt;
1235 374 1266 394 ac
1279 367 1415 394 clamante
1429 375 1564 402 praecone,
1575 367 1648 394 Illud
1664 377 1721 395 esse
1736 361 1792 394 εαέ

996 416 1043 446 put
1062 412 1211 440 cardinalis
1223 412 1346 446 Rutheni,
1359 420 1407 447 per
1425 418 1512 448 capta:
1528 413 1646 441 civitatis
1661 414 1780 449 compita

997 458 1109 493 viasque
1125 459 1210 486 multa
1230 465 1292 486 cum
1310 458 1438 486 irrisione
1457 459 1666 487 circumferunt.
1680 459 1782 487 llleiu-

997 504 1076 531 terim
1090 504 1167 531 vivus
1179 503 1251 539 apud
1267 504 1418 532 Turcarum
1434 504 1585 540 principem
1602 505 1718 533 sordidis
1730 506 1782 534 de-

997 552 1114 580 stinatus
1125 551 1285 580 ministeriis
1296 552 1407 580 latebat.
1421 553 1480 586 Qua
1489 553 1622 580 servitute
1634 561 1687 581 non
1699 554 1785 581 multo

997 601 1058 630 post
1084 596 1167 631 (quod
1186 597 1249 624 vilis
1262 597 1411 624 homuncio
1431 598 1610 632 crederetur)
1641 599 1786 634 persolutis

998 643 1130 670 trecentis
1155 642 1262 677 asperis
1287 647 1440 677 exemptus,
1457 648 1614 671 transverso
1631 651 1713 672 cursu
1730 645 1785 672 Ro-

999 694 1071 713 mam
1087 687 1221 721 pervenit.
1239 687 1290 715 Ubi
1303 695 1317 715 a
1334 687 1448 715 Nlcolao
1460 689 1482 717 γ
1501 688 1578 717 Ροιιι.
1596 688 1669 716 Max.
1694 690 1787 717 multis

999 732 1158 760 muneribus
1185 733 1211 760 in
1229 733 1316 760 vicem
1331 733 1456 761 laborum
1472 734 1602 768 donatus,
1631 736 1702 762 trino
1724 743 1787 764 sen-

999 776 1049 804 sim
1063 776 1232 812 episcopatu,
1246 778 1374 806 nimirum
1390 779 1548 813 Sabinensi,
1565 780 1739 815 Corphiensi,
1755 789 1788 808 ac

1000 822 1162 857 Nicasiensi,
1173 829 1271 852 auctus
1286 829 1328 852 est
1342 834 1349 851 :
1368 825 1469 859 quibus
1489 834 1550 854 cum
1569 834 1664 854 novem
1679 827 1788 855 circiter

1000 870 1079 897 annis
1101 878 1207 898 summa
1223 871 1285 899 vitae
1302 871 1457 906 integritate
1467 877 1550 907 atque
1563 872 1706 907 prudentia
1718 881 1788 908 prae-

1001 915 1108 949 fttisset,
1126 917 1235 944 tandem
1254 918 1421 950 annoMG},
1438 919 1480 946 die
1491 918 1526 946 27
1553 919 1656 954 Aprilis
1679 924 1784 947 natura;

1002 961 1122 989 debitum
1135 963 1228 990 Bome
1240 964 1367 996 exsolvit,
1382 971 1481 999 magno
1499 965 1620 993 ontnium
1636 965 1708 992 luctu
1723 970 1786 1000 post

1001 1009 1104 1035 ohittnu
1124 1009 1252 1037 conditus
1268 1009 1302 1037 ad
1322 1010 1453 1038 Sanctum
1472 1010 1582 1038 Petrum
1597 1011 1623 1038 in
1641 1011 1786 1039 Vaticano.

1037 1054 1075 1083 De
1093 1055 1201 1083 Isidoro
1215 1050 1355 1084 cardinale
1366 1064 1450 1091 agens
1461 1056 1598 1085 Laonicus
1613 1057 1788 1094 Chalcondy-

1002 1098 1042 1129 his
1053 1102 1109 1129 “£130
1124 1103 1204 1130 habet
1218 1111 1226 1132 :
1246 1102 1280 1130 In
1298 1103 1348 1130 hac
1362 1112 1449 1130 rerum
1476 1103 1554 1131 turba
1565 1104 1711 1131 miserabili
1726 1105 1800 1142 (Ιοχ

1002 1149 1095 1182 quitur
1123 1148 1157 1176 de
1181 1149 1260 1177 urbis
1284 1150 1602 1185 Constantinopolitanae
1619 1151 1787 1186 direptione)

1002 1200 1092 1228 raptus
1108 1199 1145 1222 est
1163 1195 1309 1222 cardinalis
1325 1194 1447 1223 Isidorus
1467 1195 1654 1223 Sarmatarum
1667 1196 1787 1228 antistes,

1001 1240 1150 1275 quiductus
1161 1242 1187 1268 in
1200 1241 1337 1268 Galatiam
1356 1242 1444 1268 urbem
1462 1243 1583 1269 venditus
1599 1247 1649 1274 est,
1667 1244 1711 1269 sed
1725 1250 1790 1269 cou-

1002 1293 1096 1313 sccnsa
1112 1287 1172 1313 navi
1187 1287 1304 1322 profugit
1318 1288 1346 1314 in
1361 1286 1580 1322 Peloponnesum.
1590 1288 1620 1315 Si
1632 1295 1677 1314 rea:
1691 1287 1789 1314 Turca-

1002 1340 1061 1358 rum
1077 1333 1243 1360 uirum/tunc
1260 1333 1383 1364 novisset,
1406 1333 1528 1360 videlicet
1550 1334 1620 1369 quod
1644 1333 1789 1360 cardiualis

1001 1383 1077 1411 esset,
1094 1384 1162 1406 certe
1176 1387 1234 1406 eum
1247 1379 1437 1413 interfecisset;
1451 1387 1509 1405 cum
1525 1388 1583 1406 eum
1597 1380 1667 1406 inter
1681 1384 1789 1406 ca'teros

1002 1425 1117 1451 occisum
1129 1430 1234 1458 putaret
1248 1445 1254 1456 .
1270 1425 1371 1452 nullam
1389 1425 1446 1460 ejus
1465 1426 1593 1452 rationem
1622 1425 1741 1452 habebat.
1759 1424 1789 1452 In

1003 1471 1122 1498 concilio
1137 1469 1296 1500 Florentino
1311 1471 1362 1499 sub
1386 1471 1508 1504 Eugenio
1523 1471 1555 1499 IV
1566 1471 1712 1503 celebrato,
1727 1478 1791 1505 pro-

1003 1517 1123 1545 cessioni
1139 1516 1258 1552 Spiritus
1272 1517 1360 1545 sancti
1387 1524 1420 1544 ex
1433 1517 1513 1544 Patre
1532 1521 1560 1543 et
1578 1516 1659 1548 Filio,
1691 1516 1790 1543 tertius

966 1567 986 1594 (ι
1004 1567 1065 1598 post
1082 1562 1277 1598 imperatorem
1293 1562 1450 1590 Grzecorum
1462 1570 1511 1597 pro
1525 1562 1663 1589 Dorotltco
1675 1563 1792 1596 patriar-

1005 1609 1057 1636 cha
1082 1608 1308 1637 Antiochenobis
1338 1608 1432 1636 verbis
1454 1607 1618 1642 subscripsit
1640 1615 1647 1635 :
1668 1606 1791 1634 lsidorus

1006 1654 1174 1689 metropolita
1191 1654 1348 1681 'Kiouiensis
1381 1653 1512 1688 totiusque
1529 1652 1646 1686 Russiaz,
1666 1659 1690 1681 ct
1705 1653 1792 1681 locum

1008 1708 1096 1728 tenens
1107 1700 1260 1735 apostolica:
1276 1700 1345 1727 sedis
1355 1699 1516 1726 sanctissimi
1529 1699 1692 1733 patriarchw
1705 1699 1791 1727 dami-

1007 1747 1034 1773 ni
1050 1746 1177 1773 Dorotltei
1188 1746 1254 1773 satis
1271 1745 1368 1772 habent
1386 1745 1538 1779 subscripsi.
1552 1745 1581 1772 lu
1599 1746 1694 1773 eadem
1708 1752 1794 1780 syno-

1007 1793 1043 1819 do
1059 1793 1164 1827 pluries
1185 1792 1282 1819 lsidori
1301 1792 1406 1818 mentio
1436 1791 1590 1827 ingeritur;
1610 1791 1732 1819 sessione
1747 1792 1795 1823 25,

1007 1846 1069 1866 cum
1087 1838 1122 1865 de
1135 1838 1310 1874 processione
1320 1837 1439 1873 Spiritus
1452 1838 1540 1865 saneti
1555 1843 1692 1871 ageretur,
1709 1837 1795 1865 lsido-

1009 1892 1055 1912 rus
1069 1888 1133 1912 ante
1149 1884 1340 1912 Bcssarioneut
1356 1884 1425 1913 dixit
1442 1893 1450 1912 :
1468 1884 1589 1911 Dicimus
1605 1883 1720 1916 Spiritus
1732 1893 1795 1911 δαη-

1009 1930 1044 1957 cti
1058 1930 1247 1964 pracesu'onem
1264 1929 1337 1956 Filio
1350 1937 1449 1964 quoque
1460 1930 1540 1956 tribui
1555 1938 1606 1956 non
1616 1931 1702 1956 solum
1714 1938 1730 1956 α
1744 1929 1797 1956 Pa-

1010 1976 1093 2003 tribus
1106 1975 1332 2007 Occidentalibus,
1347 1975 1391 2002 sed
1403 1976 1483 2001 etiam
1502 1974 1695 2002 Orientalibus.
1719 1974 1795 2006 Qua-

1008 2027 1116 2058 propter
1134 2031 1239 2058 a’quum
1250 2027 1300 2056 εει,
1315 2026 1344 2048 ut
1357 2027 1461 2049 σαηειοδ
1474 2025 1575 2048 ηοεινοι
1590 2026 1725 2056 sequentes
1737 2029 1798 2047 cum

1009 2070 1129 2097 Romana
1144 2069 1263 2098 Ecclesia
1278 2069 1480 2104 conjuttganmr.

1045 2118 1111 2144 Erat
1126 2120 1217 2143 autem
1241 2115 1361 2143 lsidorus
1383 2113 1534 2142 cardinalis
1548 2114 1592 2142 vir
1613 2114 1798 2147 undecunque

1010 2163 1196 2195 doctissimus,
1207 2162 1350 2195 theologus
1361 2161 1515 2189 Graecorum
1525 2161 1650 2196 insignis,
1662 2161 1688 2187 in
1697 2159 1799 2187 divinis

1011 2208 1160 2243 Scripturis
1170 2207 1292 2242 apprime
1303 2210 1440 2237 versatus.
1449 2206 1559 2241 ingenio
1571 2205 1678 2234 subtilis
1687 2210 1713 2232 et
1724 2213 1799 2238 acer,

1011 2254 1038 2281 in
1054 2253 1171 2281 dicendo
1182 2259 1317 2280 nervosus
1328 2257 1354 2279 et
1371 2252 1481 2286 gravis:
1501 2251 1560 2286 ejus
1572 2251 1727 2278 facundiam
1738 2255 1800 2277 tan-

1011 2308 1092 2335 quam
1107 2307 1140 2326 ex
1155 2305 1246 2334 ungue
1259 2298 1366 2325 leonem
1383 2317 1391 2329 ,
1405 2305 1438 2325 ex
1455 2297 1584 2332 epistola.
1594 2304 1648 2331 qua
1665 2297 1692 2323 in
1707 2296 1798 2323 Thra-

1011 2347 1052 2374 cia
1068 2345 1190 2381 Byzantii
1205 2344 1387 2378 direptionem
1407 2347 1434 2370 et
1456 2343 1585 2370 acerbttm
1617 2342 1700 2369 funus
1717 2341 1799 2372 luxit,

1012 2391 1113 2418 Paulus
1128 2390 1271 2417 Cortesius
1281 2389 1314 2416 de
1324 2388 1494 2416 cardinalatu
1508 2391 1678 2422 perspectam
1694 2386 1799 2412 habuit.

1013 2438 1106 2466 Dictus
1128 2437 1232 2464 alicubi
1257 2436 1389 2472 facundus
1408 2434 1562 2462 Gt‘wtorum
1577 2436 1682 2466 doctor,
1699 2438 1724 2460 ct
1740 2440 1802 2467 gen-

1015 2488 1046 2513 tis
1061 2486 1150 2512 decus.
