1961 3070
171 123 226 170 955

173 239 303 272 conﬂata,
325 240 358 267 ad
375 240 505 275 profanos
522 249 589 268 usus
604 241 815 270 transferentes.

210 285 364 313 Posuerunt
385 286 502 321 denique
524 294 622 314 carnes
649 292 810 315 sanctorum
836 294 956 321 tuorum,

174 332 320 360 morticina
344 339 484 360 servorum
516 338 636 365 tuorum,
662 335 795 370 reliquias
815 336 956 363 beatorum

174 384 333 412 corporum,
367 384 445 405 escas
472 378 630 406 volatilibus
652 380 738 407 coeli:
765 381 958 415 dispergeutes

174 422 238 449 hinc
252 422 315 449 inde
344 430 443 450 carnes
473 429 632 451 sanctorum
658 429 779 458 tuorutn,
799 434 869 460 quos
887 428 960 454 occi-

175 468 287 501 debant,
308 469 403 497 bestiis
419 474 499 497 terra!
514 479 522 497 :
538 478 591 497 non
608 475 678 505 erat,
695 472 742 506 qui
759 473 897 507 sepeliret.
914 472 959 500 Al-

175 514 244 541 taria
268 513 450 546 suil'oderunt,
466 515 627 544 invocantes
642 524 739 544 nomen
752 516 887 545 maledicti
904 518 958 545 Ma-

174 560 286 592 hometi,
314 560 456 589 laudantes
473 569 535 589 eum
554 563 586 589 de
601 563 726 590 victoria.

208 605 312 634 Omitto
326 615 382 642 pra:
396 607 510 642 pudore,
529 608 599 642 quod
613 608 782 644 mingebant,
793 610 959 638 stercoriza-

174 652 250 684 bant,
274 652 366 679 omnia
396 653 586 687 vitnperabilia
609 655 775 682 exercebant
792 656 818 682 in
836 656 957 691 templis,

174 697 340 732 imaginibus
369 701 396 725 et
423 699 548 734 reliquiis
569 700 700 734 sanctis;
725 707 820 729 sancta
844 702 958 730 canibus

174 742 294 773 dabant;
318 743 481 778 margaritas
505 750 743 772 sacramentorum
767 751 830 774 ante
855 755 954 782 porcos

175 785 369 820 proﬁciebam.
401 786 469 815 Dum
491 787 549 816 haec
571 790 674 821 recolo,
696 795 770 818 totus
791 799 824 819 ex
844 793 958 821 horrore

172 834 375 861 contremisco:
399 838 451 862 nec
467 833 579 863 ulterius
594 836 662 871 stylo
678 842 791 865 exarare
810 847 881 874 qtteo
898 840 959 867 illo-

700 138 849 169 ISIDORI
870 140 921 169 AD
940 139 1018 170 CIIR
1025 140 1140 170 ISTIFI
1146 141 1266 170 DELES

172 193 309 227 dedicata,
321 193 347 221 in
358 194 398 222 eis
412 194 584 222 comedentes
596 199 623 223 et
634 194 769 227 bibentes,
786 196 812 223 in
828 195 962 231 reliquum
976 202 1000 232 Δ

1745 139 1798 171 956

1056 196 1104 224 llis
1125 197 1308 225 atroci'ssmtit
1324 197 1406 225 rebus
1423 204 1477 224 non
1493 200 1640 224 contentus
1661 197 1801 225 callidesi-

1013 251 1074 270 mus
1093 247 1120 270 et
1136 243 1350 271 cruentissimus
1366 243 1550 276 Mahomelus,
1569 242 1798 270 Christicolarum

1011 297 1138 317 summus
1162 289 1313 320 inimicus,
1340 289 1372 316 ad
1398 289 1531 317 ulteriora
1554 296 1585 316 se
1608 289 1752 316 extendit:
1772 294 1801 316 et

1012 335 1138 362 triremes
1150 334 1223 361 inter
1232 342 1344 370 magnas
1354 339 1381 362 et
1393 342 1492 370 parvas
1501 334 1557 369 jam
1567 339 1677 362 contum
1690 339 1800 367 septua-

1010 380 1083 415 ginta
1097 381 1259 415 praeparavit
1272 401 1280 412 ,
1291 385 1318 407 et
1333 380 1365 407 ad
1384 388 1458 407 mare
1476 380 1600 415 litigatum
1618 380 1693 407 misit
1708 381 1740 407 ad
1755 382 1798 407 in“

1009 422 1084 452 aulas
1100 425 1234 460 Cycladas
1251 425 1303 452 sibi
1321 425 1516 460 subjiciendas.

1046 470 1153 498 Exinde
1181 479 1210 499 se
1245 476 1382 506 praeparat
1415 479 1477 499 cutn
1505 472 1612 498 inﬁnito
1627 471 1747 498 exercitu
1764 471 1797 498 ad

1009 520 1066 543 tres
1096 516 1178 543 urbes
1199 516 1336 544 notabiles
1353 521 1378 543 et
1395 521 1520 550 patentes
1535 524 1618 551 prope
1645 515 1798 542 Danubium

1010 561 1078 589 sitas
1110 561 1328 596 transmigrare,
1362 569 1467 596 easque
1504 569 1679 596 expugnare:
1715 569 1797 588 unam

1010 614 1092 642 quam
1118 606 1243 634 Periston
1274 615 1478 641 nuncupatuus,
1499 607 1613 634 alteram
1638 607 1798 638 Forabiutn,

1007 653 1116 680 tertiam
1139 653 1352 688 Bellogradum,
1381 653 1528 680 intendens
1551 658 1612 687 post
1635 657 1718 680 totam
1736 661 1799 687 per-

1008 706 1120 725 currere
1146 697 1292 734 Ungariam
1309 717 1318 730 ,
1345 705 1462 737 eamque
1482 698 1612 732 spoliare.
1640 697 1797 730 devastare,

1008 749 1150 772 conterere
1163 752 1170 772 :
1194 749 1224 772 ut
1239 745 1376 772 neminem
1395 748 1469 772 retro
1485 751 1515 771 se
1527 744 1648 771 dimittat
1663 744 1797 777 impedire

1010 790 1042 816 ad
1056 788 1109 816 alia
1126 790 1186 817 loca
1201 787 1342 825 proficisci
1358 790 1505 818 volentem.
1520 789 1591 823 Quin
1605 790 1686 816 etiam
1701 790 1733 817 ad
1746 788 1800 817 Ita-

1008 833 1072 862 iiam
1094 840 1176 870 quam
1192 836 1274 863 citius
1295 836 1491 871 transmigrnre
1506 835 1648 863 contendit
1663 856 1670 868 ,
1696 843 1799 870 praepa-

175 884 236 907 rum
250 880 368 914 piacula,
387 882 414 908 et
433 879 496 908 ttuet
512 878 678 910 Christiana!
692 883 832 919 religionis
847 885 940 912 irrisio
951 900 960 905 -
977 891 999 920 ιι
1013 886 1075 907 rare
1093 888 1203 915 quoque
1222 885 1339 908 conatur
1352 881 1442 915 galeas
1459 886 1573 915 magnas
1590 885 1616 908 et
1632 888 1729 914 parvas
1746 885 1800 909 tre-

174 931 224 954 nes
233 931 260 954 et
268 925 401 955 dedecora
413 924 522 962 injecta.
532 926 695 957 Monasteria
705 935 759 957 tam
768 931 962 958 monachorum

175 979 258 1008 quam
277 971 434 1001 mouialium
448 975 610 1003 invadentes
621 975 898 1012 omnladiripiehant,
914 979 963 1012 eji-

174 1019 277 1047 elentcs
288 1017 348 1047 illos
359 1020 391 1047 de
400 1018 613 1049 habitationibus
623 1018 691 1055 suis,
706 1022 875 1050 xenodocltia
887 1024 962 1051 inlir<

178 1070 283 1092 utnrum
292 1064 480 1093 ili-struebant.
492 1063 548 1093 Etsi
558 1066 592 1095 de
601 1067 692 1096 multis
700 1073 727 1095 et
736 1069 839 1103 magnis
848 1069 963 1097 excidiis

181 1117 213 1137 :tc
244 1112 414 1139 exterminiis
455 1110 597 1140 civitatum
633 1113 849 1149 historiograplti
878 1117 960 1143 etiant

176 1156 318 1189 gentilium
348 1155 478 1191 refcrant,
504 1160 561 1188 lere
585 1159 659 1187 nulla
683 1167 778 1195 posset
793 1162 958 1190 desolatioui

175 1202 257 1238 hujus
276 1204 426 1239 cumquari.
453 1204 565 1233 Nullum
583 1205 698 1233 incolant
713 1208 785 1235 intra
803 1208 898 1236 urbem
913 1217 959 1236 rc-

174 1249 333 1284 liqtteruut:
353 1255 409 1278 non
436 1249 573 1285 (ira-cum,
595 1261 650 1280 non
670 1250 809 1287 Latinuttt,
832 1263 886 1282 non
909 1256 959 1282 Ar-

175 1296 306 1328 menium,
324 1303 377 1324 non
392 1296 516 1325 Judmutu
531 1307 539 1332 ;
561 1299 656 1327 urbem
669 1298 764 1335 ipsam
778 1299 835 1328 suis
853 1301 960 1329 civibus

172 1342 317 1376 nudatam,
337 1343 416 1378 quasi
441 1345 580 1372 desertam
596 1343 771 1379 eii'ecerunt;
789 1346 848 1381 ipse
863 1355 959 1375 eorum

173 1393 249 1415 actus
263 1393 289 1416 et
304 1393 386 1423 opera
405 1390 523 1424 propriis
537 1390 624 1418 oculis
643 1392 707 1425 vidi,
737 1399 761 1420 et
779 1401 841 1420 cttm
862 1394 960 1428 aliqui-

171 1432 224 1460 bus
242 1435 476 1462 coustantissimis
491 1435 558 1463 viris
573 1444 625 1463 una
644 1437 720 1472 plura
736 1446 882 1473 perpessus
898 1447 957 1466 sum

174 1478 243 1505 mala
259 1483 284 1506 et
299 1479 422 1514 pericula
436 1488 443 1508 :
461 1479 524 1508 licet
538 1483 571 1510 de
594 1483 721 1511 manibus
736 1492 830 1513 eorum
851 1494 893 1513 me
905 1486 960 1514 eri-

172 1524 264 1558 puerit
285 1524 366 1558 Deus.
381 1531 410 1554 ut
422 1522 518 1554 Ionam
532 1529 565 1555 de
582 1536 676 1557 ventre
691 1530 743 1557 reti
757 1551 765 1558 .

210 1570 370 1605 Etpugnata
398 1572 636 1608 Constantinopoli
662 1574 757 1603 Perant
775 1585 827 1604 non
843 1579 957 1606 multum

175 1616 238 1643 inde
254 1617 401 1645 distantem
417 1626 588 1654 occuparunt
604 1630 612 1648 :
628 1623 728 1650 mantia
745 1624 805 1658 ejus
822 1625 856 1652 ad
869 1626 957 1654 solum

173 1669 260 1696 usque
277 1662 454 1692 deducentes.
481 1665 518 1692 Ex
532 1669 674 1701 campanis
684 1670 865 1698 ecclesiarum
881 1672 959 1700 bom-

174 1710 274 1737 bardas
300 1710 512 1739 conﬂaverunt:
537 1720 658 1746 crucem,
676 1724 736 1749 quae
755 1721 814 1743 erat
828 1717 854 1743 in
874 1726 957 1745 cacu-

176 1754 249 1782 mine
260 1757 345 1784 turris
355 1757 426 1792 ejus,
439 1766 500 1785 cum
514 1760 569 1793 ipsa
584 1761 651 1788 turri
664 1762 870 1791 contriverunt:
884 1773 957 1792 rem-

179 1801 315 1836 publicam
331 1800 364 1830 ad
380 1801 494 1831 niltiltnn
510 1806 695 1840 reduxerunt;
706 1809 828 1844 judicent
843 1816 870 1838 et
886 1812 961 1846 prin-

179 1848 266 1882 cipem
302 1849 369 1883 ejus
401 1847 521 1879 Turcum
560 1858 792 1888 constituentes;
824 1858 960 1893 pedagia,

179 1893 318 1928 quidagin,
344 1893 534 1930 impositiones
555 1902 588 1925 'ct
612 1902 769 1934 gravamina
794 1902 850 1930 illic
875 1905 961 1939 appliv

179 1939 305 1966 cautibus
332 1941 372 1968 vel
396 1944 619 1976 permanentibus
640 1950 739 1981 suapte
758 1947 895 1977 voluntate
909 1955 965 1978 sta-

178 1987 301 2013 ttterttnt.

1013 928 1120 958 cantas,
1132 931 1215 952 naves
1231 932 1342 959 magnas
1359 924 1466 959 viginti,
1481 924 1647 959 pedestrium
1661 929 1687 951 et
1703 931 1800 959 eques-

1014 972 1096 998 trlutn
1123 971 1292 998 etercituum
1321 971 1392 997 ultra
1414 976 1524 998 centum
1548 969 1631 997 millia
1649 978 1656 996 :
1680 973 1708 998 el
1723 970 1763 998 sic
1784 978 1799 997 a

1014 1015 1183 1052 Dyrrhachio
1208 1016 1394 1044 Brundusium
1425 1016 1540 1045 transire
1564 1015 1717 1049 contendit,
1738 1025 1800 1052 qua:

1012 1060 1112 1089 civitas
1128 1062 1181 1089 sita
1196 1066 1238 1089 est
1255 1062 1281 1088 in
1299 1069 1384 1096 regno
1398 1059 1511 1095 Apuliae.

1047 1106 1220 1142 Quapropter
1243 1108 1385 1143 deprecor,
1402 1114 1487 1135 exoro
1503 1114 1584 1143 atque
1600 1107 1731 1135 exhortor
1750 1117 1799 1136 vos

1011 1161 1108 1182 omnes
1121 1151 1313 1185 Christicolas,
1330 1157 1360 1181 ut
1375 1154 1433 1181 zelo
1453 1152 1515 1181 ﬁdei
1531 1157 1557 1181 et
1573 1152 1738 1183 Christiante
1754 1164 1799 1183 re-

1012 1199 1123 1235 ligionis
1149 1206 1200 1235 pro
1230 1205 1321 1227 Vestra
1356 1198 1483 1228 libertate
1512 1200 1602 1235 gladio
1618 1201 1798 1236 accingamini

1010 1243 1104 1272 conira
1133 1250 1187 1272 tam
1215 1244 1291 1273 diros
1316 1244 1409 1273 hostes
1429 1245 1516 1273 divini
1539 1246 1629 1274 cultus
1644 1266 1651 1278 ,
1667 1250 1694 1274 et
1709 1248 1798 1276 omnis

1010 1291 1208 1324 sanctimoniae,
1230 1293 1257 1319 et
1280 1291 1342 1319 vitae
1367 1291 1504 1319 moralis:
1530 1296 1558 1319 et
1584 1293 1673 1328 primo
1688 1293 1797 1328 quidem

1009 1337 1173 1373 abjicientes
1191 1345 1301 1365 omnem
1328 1337 1529 1366 dissensionem
1549 1342 1632 1373 atque
1649 1339 1800 1367 atmulatio-

1009 1392 1083 1416 nem.
1105 1385 1277 1412 remittentes
1297 1384 1412 1413 invicem
1429 1383 1566 1418 oll'ensas,
1589 1386 1660 1414 sicut
1676 1390 1702 1413 et
1716 1386 1798 1414 Chri-

1009 1432 1068 1457 stus
1084 1430 1199 1457 donavit
1217 1429 1356 1463 omnibus,
1372 1438 1467 1466 pacem
1482 1436 1509 1458 et
1521 1432 1651 1460 unionem
1670 1439 1797 1460 summo-

1009 1481 1074 1510 pere
1096 1476 1169 1503 inter
1180 1483 1228 1504 Vos
1242 1477 1447 1511 amplectamini
1462 1486 1469 1505 :
1491 1483 1520 1505 ut
1537 1478 1605 1506 uniti
1623 1484 1650 1506 et
1667 1479 1798 1508 fortiores

1012 1519 1076 1548 inde
1115 1520 1215 1555 eti‘ecti,
1245 1522 1417 1551 conﬁdentes
1442 1523 1468 1550 in
1495 1523 1634 1559 adjutorio
1660 1525 1798 1553 Altissimi

973 1564 995 1594 ϐ
1012 1567 1102 1601 (cujus
1127 1571 1169 1595 est
1187 1567 1303 1595 victoria
1329 1574 1356 1596 et
1390 1568 1492 1597 bellum
1504 1590 1511 1602 ,
1529 1577 1583 1597 non
1599 1571 1797 1608 multitudinis)

1012 1611 1100 1648 ipsum
1123 1613 1253 1641 Satanam
1280 1622 1342 1641 cum
1361 1615 1527 1643 satellitibus
1539 1617 1598 1644 suis
1614 1617 1667 1646 sub
1681 1619 1798 1653 pedibus

1011 1659 1108 1686 vestris
1128 1664 1269 1687 conterere
1287 1661 1400 1689 valeatis
1412 1681 1419 1688 .
1441 1661 1516 1690 Licet
1530 1663 1602 1690 enim
1619 1663 1646 1690 in
1666 1665 1796 1692 multitu-

1012 1704 1076 1731 dine
1095 1705 1224 1736 coniidat.
1248 1711 1274 1733 et
1299 1705 1406 1734 feritate
1431 1715 1566 1740 suorum,
1591 1710 1684 1744 plures
1707 1716 1798 1738 tamen

1013 1756 1088 1783 sunt,
1106 1751 1152 1785 qui
1174 1748 1318 1779 noluiscur’n
1340 1759 1402 1780 sunt
1422 1763 1428 1781 :
1445 1754 1498 1781 imo
1521 1754 1654 1784 Dominus
1670 1758 1727 1792 ipse
1745 1758 1799 1784 mi-

1013 1793 1131 1822 litiarum
1145 1815 1153 1828 ,
1178 1804 1225 1838 pro
1243 1797 1322 1831 cujus
1339 1797 1392 1825 tlde
1412 1803 1437 1826 et
1455 1800 1589 1838 religione
1604 1802 1745 1836 pugnatis,
1759 1803 1796 1829 ita

1014 1845 1044 1868 ut
1059 1845 1168 1868 rentum
1190 1835 1223 1869 ex
1250 1841 1328 1871 vobis
1355 1835 1481 1879 persequi
1500 1850 1526 1872 et
1544 1835 1676 1882 superare
1689 1848 1800 1876 valeant

1015 1886 1090 1914 mille
1104 1895 1135 1914 ex
1152 1885 1254 1919 illis,et
1267 1889 1342 1916 mille
1357 1897 1390 1917 ex
1409 1890 1487 1918 vobis
1497 1892 1590 1919 decem
1608 1893 1704 1921 millia.
1721 1894 1800 1930 lgna-

1014 1932 1056 1959 vla
1074 1933 1146 1960 enim
1162 1936 1189 1960 et
1207 1933 1342 1969 imperitia
1359 1936 1422 1963 belli
1439 1936 1478 1966 eis
1496 1938 1604 1966 innata.

1049 1978 1139 2012 Perte;
1157 1986 1228 2007 anno
1244 1979 1347 2009 Christi
1365 1981 1443 2010 “5‘2.
