1961 3070
171 144 234 176 -959

656 143 816 174 JOSEPHI
834 142 1112 174 METHONENSIS
1125 141 1299 172 EPISCOPI

1756 134 1808 162 060

182 200 274 226 Itmnze
295 198 375 231 1577,
395 202 422 225 ct
432 197 523 233 lingua
534 197 583 225 Gr.
597 197 700 232 vulgari
710 197 908 225 cumversione
920 197 979 225 Lat.
1010 197 1103 225 l'tomre
1135 197 1214 230 1628,
1231 197 1257 229 ι,
1292 201 1386 224 censet
1412 195 1501 224 Oudin
1518 193 1557 230 (l)
1578 192 1615 219 De
1631 193 1807 228 Apologettco

179 244 253 271 edito
280 244 463 272 roni‘erendus
483 243 599 271 Allatins
609 243 706 272 Exerc.
733 244 776 271 IX.
799 251 895 272 con'ra
916 245 1128 281 Creyghtonum.
1155 245 1363 272 Antirrhelicum
1388 245 1531 272 secundum
1564 249 1659 272 contra
1685 244 1807 270 Marcum

181 291 337 325 Ephesinum
352 291 491 320 citatNic.
507 290 675 326 Comnenus,
691 300 718 326 p.
730 291 794 324 292,
812 292 864 320 506
875 298 901 320 et
913 292 976 326 597,
991 293 1110 320 Prmnot.
1124 298 1277 328 tnystagog.

217 351 255 388 (l)
270 351 304 379 Et
319 352 429 381 merito.
446 351 515 380 Vide
530 351 665 380 Monitum
682 357 808 382 nostrum
822 354 963 388 Apologia:
980 355 1133 389 praefixum,
1154 353 1235 381 infra.
1252 353 1332 380 Ευιτ.

477 511 856 580 ΙΩΑΝΝΟΥ
908 515 1504 582 ΠΡΩΤΟΙΕΡΕΩΣ

816 631 886 659 ΤΟΥ
898 631 1172 660 ΠΛΟΥΣΙΔΔΗΝΟΥ

354 711 476 744 Διάλεξις
490 710 626 746 γενομένη
642 710 746 747 μεταξὺ
762 709 904 742 Εὐλασοῦς
914 718 1000 743 τινος,
1016 710 1066 738 καὶ
1082 709 1221 743 Τελώνου,
1239 709 1420 739 Ῥακενδὺτου
1439 714 1482 744 τι,
1500 710 1549 738 καὶ
1570 711 1630 742 ἑνὸς

213 768 268 795 τῶν
289 766 393 794 δώδεκα
407 765 546 793 ὲνωτικῶν
575 765 681 801 ιερέων,
699 766 841 802 παρόντων
861 766 909 793 καὶ
930 765 1035 801 ἑτέρων
1048 766 1134 802 τριῶν
1149 767 1261 800 λὲκεῖσε,
1276 765 1429 801 ’Δκροατοῦ
1452 766 1586 802 δηλονότι,
1613 768 1771 802 Μάρτυρος,

861 826 909 854 καὶ
918 828 1029 854 Δικαιοκ
1033 826 1107 862 ρίτου
1112 847 1120 855 .

424 903 517 930 ΠΕΡΙ
537 904 607 930 ΤΗΣ
618 898 796 931 ΔῘᾹΦΟΡΑΣ
815 904 885 931 ΤΗΣ
897 904 1012 931 οΥΣΗΣ
1025 904 1154 932 ΜΕΣΟΝ
1164 903 1317 932 ΓΡΛΙΚΩΝ
1331 905 1393 932 KAI
1402 905 1567 932 ΛΔΤῘΝΩΝ

267 981 323 1009 ETl
338 983 381 1009 TE
397 983 457 1011 ΚΑΙ
471 983 549 1011 ΠΕΡΙ
565 983 632 1009 ΤΗΣ
655 982 755 1010 ΙΕΡΑΣ
769 983 827 1010 ΚΑΙ
842 982 943 1009 ΔΓΙΔΣ
957 981 1118 1010 ΣΥΝΟΔΟΥ
1134 982 1204 1009 ΤΗΣ
1219 982 1265 1009 ΕΝ
1277 981 1478 1019 ΦΛΩΡΕΝΤΙᾼ
1495 983 1720 1011 ΓΕΝΟΜΕΝΙΙΣ.

312 1152 721 1264 JOANNIS
765 1152 1671 1233 ARCHIPRESBYTERI

876 1289 1117 1321 PLUSIADENI

418 1365 610 1405 Disceptatio
637 1365 721 1396 inter
736 1366 826 1396 Pium
852 1374 1036 1405 quemuam,
1060 1366 1283 1403 Publicnnum,
1310 1364 1566 1406 Rhacendytam,

239 1418 269 1457 et
293 1434 392 1457 unum
413 1435 451 1457 ex
481 1427 649 1458 duodecim
671 1428 893 1460 sacerdotibus
915 1428 971 1469 qui
994 1429 1150 1461 unionem
1179 1429 1320 1470 amplexi
1352 1429 1494 1467 fuerant,
1530 1426 1743 1466 praesentibus

509 1491 539 1518 et
553 1487 625 1518 aliis
645 1488 758 1524 tribus,
773 1488 930 1520 AuditOre
946 1489 1109 1527 videlicet,
1125 1491 1219 1521 Teste
1236 1494 1267 1521 et
1285 1489 1472 1522 Dicaeocrita

457 1571 515 1602 DE
540 1570 846 1602 DIFFERENTIIS
870 1571 968 1604 INTE

1028 1571 1202 1603 θιιΑῑσοε
1227 1572 1288 1603 ΕΤ
1322 1572 1523 1611 LATINOS,

536 1654 587 1684 ET
605 1655 657 1685 DE
679 1654 958 1701 SACROSANCTA
978 1655 1142 1688 SYNODO
1164 1656 1437 1689 FLORENTINA.

668 1738 707 1769 (L.
719 1737 809 1763 Allatio
822 1740 961 1770 interprete
973 1739 999 1764 in
1013 1740 1090 1765 Grzec.
1108 1740 1205 1766 orthod.
1220 1742 1239 1765 t.
1250 1740 1285 1772 1.),

431 1879 714 1911 PREMEDITATIO.

216 1929 261 1957 Dei
276 1929 360 1956 timor
379 1928 406 1956 in
424 1928 523 1955 animis
538 1928 659 1955 omnium
685 1926 826 1955 hominum
852 1926 964 1960 insidet,

180 1976 315 2009 ﬁdemque
334 1974 515 2001 orthodoxam
533 1978 628 2008 aperto
654 1973 753 2008 capite,
770 1977 797 2000 et
817 1972 916 2006 libere,
933 1972 966 2000 ii-

182 2026 333 2056 crnlerque
366 2020 535 2056 pronuntiat.
567 2019 740 2054 Quapropter
774 2027 827 2046 non
859 2022 965 2046 tantum

179 2067 341 2103 eloquentiae
375 2067 490 2099 alumni,
523 2072 550 2093 et
594 2066 641 2101 qui
664 2065 817 2100 disciplinis
856 2071 966 2099 operam

180 2118 291 2146 navant,
309 2114 356 2141 sed
379 2113 497 2148 imperiti
512 2113 606 2143 etiam.
625 2115 653 2139 et
673 2119 765 2139 rerum
781 2111 904 2138 omnium
918 2117 966 2137 ru-

179 2162 240 2192 dus,
256 2164 283 2187 et
295 2159 378 2187 verbo
392 2163 419 2186 et
430 2165 513 2194 opere
525 2158 686 2193 praedicare,
703 2161 787 2191 atque
800 2163 860 2183 eam
875 2155 967 2183 delen-

179 2206 244 2235 dure
272 2205 381 2237 debent.
412 2210 440 2232 et
457 2212 507 2239 pro
539 2211 571 2231 ea
598 2204 630 2231 ad
659 2202 848 2238 profusionem
880 2209 967 2236 usque

179 2250 321 2281 sanguinis
339 2249 367 2276 in
383 2252 520 2276 certamen
538 2252 623 2283 atque
649 2243 798 2275 discrimen
820 2246 967 2279 devenire;

180 2294 203 2322 si
222 2295 303 2322 modo
323 2295 436 2325 cteleste
452 2302 564 2329 regnum
588 2293 704 2322 terrenis
723 2294 807 2326 hisce,
821 2298 849 2320 ct
866 2296 969 2326 tempo-

179 2341 282 2369 ralibus
310 2345 424 2374 eterna,
448 2344 476 2368 et
499 2339 725 2374 corruptibilibus
752 2337 969 2373 incorruptibilia

182 2392 353 2424 praeponam.
376 2386 611 2421 Quemadmodum
636 2386 687 2414 hoc
718 2389 839 2420 tempore
872 2384 971 2412 accidit

182 2427 292 2462 indocto
317 2433 437 2466 cuidam,
455 2433 509 2468 'pio
534 2436 636 2465 tamen,
661 2439 722 2459 cum
739 2431 899 2463 Publicano,
927 2430 970 2457 cui

181 2488 233 2508 non
250 2488 333 2507 unum
354 2480 425 2508 idem
437 2482 464 2507 et
481 2478 588 2514 synodo
609 2477 800 2510 conveniebat,
822 2477 849 2504 in
868 2482 973 2504 sermo-

179 2533 240 2552 Item
267 2525 372 2553 venire.
396 2525 519 2560 Namque
542 2532 603 2552 cum
630 2523 711 2552 ambo
735 2523 801 2551 satis
828 2522 972 2550 commode

177 2571 382 2604 disseruissent,
407 2574 435 2598 et
449 2569 579 2605 paulatim
602 2569 636 2597 ad
664 2569 837 2597 sublimiores
862 2574 972 2597 senten-

178 2618 229 2644 tiis
260 2617 498 2651 proveherentur,
535 2616 704 2645 Pnblicanus
719 2615 858 2648 dubitans,
889 2616 970 2643 hazsi—

177 2668 293 2696 tansque
315 2661 518 2697 ltbacendytatn
538 2663 657 2695 accivit,
686 2662 732 2698 qui
761 2662 837 2689 daret
860 2668 968 2695 upcram

176 2708 363 2744 adiutabilem.
393 2708 582 2737 Verumtamen
609 2708 674 2737 Pius
705 2708 820 2736 audiens
854 2715 969 2743 respon-

177 2759 311 2791 densque,
342 2758 369 2781 ct
396 2754 671 2782 sermocinationibus
704 2754 778 2781 illitts
804 2753 968 2788 pedetentim

177 2802 319 2836 ambigens
335 2809 379 2841 _ex
405 2800 550 2828 duodecim
575 2800 668 2827 unioni
692 2799 807 2836 addictis
837 2799 968 2826 sacerdo-

1302 1882 1504 1911 ΠΡΟΘΕΩΡΙΛ.

1057 1929 1089 1954 '0
1116 1927 1163 1955 τοῦ
1189 1929 1257 1955 Θεοῦ
1283 1930 1367 1962 φόϐος
1398 1929 1525 1964 ἔγκειται
1543 1930 1616 1967 πάσῃ
1645 1931 1807 1968 ἀνθρωπίνῃ

1016 1973 1101 2010 ψυχῇ,
1117 1975 1164 2001 καὶ
1182 1975 1231 2010 τὴν
1255 1975 1396 2012 όρϐὁδοξον
1410 1976 1502 2003 πίστιν
1523 1978 1614 2013 γυμνῇ
1640 1979 1673 2013 τῇ
1693 1979 1806 2014 ’κεφαλῇ

1018 2021 1064 2048 καὶ
1079 2020 1221 2056 παρῤησίᾳ
1239 2020 1380 2056 κηρύττει.
1405 2021 1452 2048 Διὸ
1463 2022 1492 2048 οὐ
1514 2023 1593 2057 μόνον
1614 2023 1638 2049 οΙ
1660 2023 1707 2049 τοῦ
1727 2022 1807 2057 λόγου

1017 2068 1160 2102 τρόφιμοι,
1173 2067 1220 2094 καὶ
1229 2067 1254 2093 οἱ
1270 2068 1334 2102 περὶ
1348 2068 1442 2094 τοῦτον
1456 2068 1664 2101 σπουδάζοντες,
1682 2069 1750 2096 ἀλλὰ
1761 2070 1808 2095 καὶ

1019 2114 1133 2145 ίδιῶται,
1160 2114 1207 2140 καὶ
1233 2113 1333 2146 πάντες
1369 2113 1441 2149 λόγῳ
1490 2112 1538 2141 καῖ
1560 2115 1633 2149 ἔργῳ
1663 2115 1809 2150 κηρύττειν

1018 2158 1183 2193 ὀφείλουσιν,
1199 2159 1399 2194 ὑπερασπίζὲιν
1426 2168 1456 2186 τε
1496 2161 1545 2187 καὶ
1567 2161 1665 2196 μέχρις
1689 2161 1808 2196 αἵματος

1019 2203 1089 2238 ὑπὲρ
1105 2204 1156 2238 τῆς
1171 2204 1290 2236 πίστεως
1305 2204 1499 2238 ἀγωνίζεσθαι,
1512 2206 1546 2233 ἂν
1564 2206 1645 2241 μόνον
1656 2207 1704 2241 τὴν
1726 2206 1810 2241 οὑρὰ-

1019 2258 1075 2276 νιον
1083 2249 1222 2285 βασιλείαν
1231 2250 1284 2276 τῶν
1291 2251 1418 2285 ἐπιγείων
1431 2253 1704 2287 προκρίνωσινκαὶτὰ
1712 2253 1809 2279 αἰώνια

1020 2295 1075 2321 τῶν
1098 2295 1284 2330 προσκαίρων,
1308 2296 1354 2322 καὶ
1379 2296 1413 2322 τὰ
1441 2296 1548 2332 φθαρτὰ
1576 2297 1629 2323 τῶν
1648 2298 1807 2330 ἀφθάρτων.

1021 2338 1128 2374 Ὥσπερ
1143 2338 1190 2366 καὶ
1205 2339 1252 2366 νῦν
1270 2339 1370 2373 ξυνὲὄη
1386 2339 1521 2375 ἀνθρώπῳ
1536 2340 1589 2367 τινὶ
1621 2340 1723 2376 ἰδιώτῃ,
1738 2341 1810 2376 πλὴν

1022 2385 1141 2417 εὖλαὸετ,
1155 2385 1331 2421 διαλεχθῆναι
1347 2387 1417 2418 μετά
1431 2394 1504 2418 τινος
1519 2386 1648 2419 τελώνου,
1676 2387 1810 2414 τάναντία

1022 2430 1071 2465 τῆς
1087 2429 1196 2458 συνόδου
1226 2430 1400 2465 φρονοῦντος,
1428 2430 1559 2463 Εἰπόντες
1576 2431 1633 2467 γὰρ
1658 2433 1810 2468 ἀμφότεροι

1025 2476 1134 2509 ἱκανῶς,
1148 2476 1196 2503 καὶ
1214 2476 1277 2503 κατ’
1294 2477 1385 2511 ὀλίγον
1398 2477 1578 2513 ὑψηλοτέροις
1591 2479 1725 2514 νοήμασιν
1741 2480 1810 2507 ἀνα-

1024 2523 1146 2557 γόμενοι,
1175 2523 1190 2549 ό
1214 2522 1307 2558 μέντοι
1334 2523 1452 2559 τελώνης
1481 2523 1629 2560 ὲπαπορῶν
1644 2525 1810 2561 ρακενδύτην

1026 2568 1086 2595 τινὰ
1115 2568 1337 2604 προσεκαλέσατο
1364 2569 1545 2605 συμμαχῆσαι
1570 2570 1655 2606 αὐτῷ.
1677 2571 1705 2597 ’0
1733 2571 1761 2598 δέ
1777 2581 1809 2606 γε

1024 2613 1149 2649 Εὑλαὸὴς
1168 2614 1276 2641 ἁκούων
1295 2623 1325 2640 τε
1346 2615 1394 2641 καὶ
1421 2615 1651 2651 ἀπολογούμενος,
1675 2618 1723 2643 καὶ
1748 2618 1810 2644 κατ’

1023 2661 1113 2695 ὀλίγον
1126 2661 1236 2696 ἀπορῶν
1247 2662 1304 2693 τοῖς
1329 2661 1421 2694 λόγοις
1439 2661 1535 2694 αὑτοῦ,
1564 2662 1614 2689 ἕνα
1636 2663 1668 2689 ὲκ
1691 2663 1746 2689 τῶν
1761 2663 1811 2689 δὼ-

1023 2706 1088 2732 δεκα
1107 2706 1245 2733 ἑνωτικῶν
1274 2706 1496 2741 προσεκαλέσατο
1528 2706 1626 2742 Ίερέα,
1655 2708 1701 2733 καὶ
1724 2707 1811 2738 οὕτως

1022 2752 1046 2778 ot
1084 2752 1132 2779 δύο
1181 2753 1323 2787 παρόντων
1357 2754 1403 2781 καὶ
1445 2753 1547 2788 ἑτέρων
1587 2754 1670 2788 τριῶν
1701 2755 1810 2788 προσώ-

1023 2807 1083 2824 πων
1132 2798 1329 2833 διαλεχθέντες,
1367 2799 1553 2834 συνεπέραναν
1588 2799 1633 2826 τὸν
1671 2800 1808 2834 διάλογον,

178 2853 231 2873 tvm
258 2847 392 2881 advocat,
415 2852 442 2875 et
474 2847 524 2875 ltoc
551 2847 630 2875 modo
658 2846 738 2874 ambo
759 2845 939 2882 pra-sentibus
966 2844 1025 2873 aliis
1052 2846 1141 2873 tribtts
1160 2845 1369 2880 disputationem
1400 2846 1558 2881 prosecuti,
1591 2846 1698 2881 dialogo
1725 2846 1808 2876 ﬁnem

178 2896 312 2924 iecerunt.
