1961 3070
183 211 251 246 1927

513 263 635 292 EPHES.

217 315 295 342 Nulla
323 312 422 345 morbi,
448 318 503 346 quo
525 310 695 343 laborabam,
718 309 826 337 ratione
858 307 969 339 habita,

182 369 235 390 nec
251 361 331 388 etiam
351 359 390 386 rei
407 358 442 386 de
459 366 512 393 qua
536 357 678 392 agebatur,
690 364 752 383 cum
775 356 811 383 sit
838 349 969 381 momenti

183 409 263 442 longe
278 405 387 433 maximi
400 403 541 431 dillicultat
553 404 604 430 bus
616 402 780 434 deterritus;
795 401 842 429 sed
855 407 969 435 sperans

183 453 238 480 Deo
258 452 412 484 lavente,et
435 449 576 478 conﬁdens
607 456 690 484 opera
713 446 900 476 communium
918 446 970 474 1ιο-

183 506 243 525 rutn
257 502 435 532 patronorum
454 496 521 529 l‘ore,
543 501 572 524 ιιι
588 495 679 523 omnia
695 493 775 521 nobis
786 500 818 520 ex
833 491 969 520 sententia

183 544 372 577 succederent,
404 548 431 571 et
463 551 589 579 magnum
604 541 711 577 aliquod
735 548 803 575 opus
828 539 971 574 perﬁcere-

183 597 255 622 tnus,
276 595 303 617 et
320 589 460 617 laboribus
477 588 580 616 nostris
592 595 640 622 spe
653 594 706 614 non
720 586 872 620 indignum.

529 635 628 662 RESP.

221 684 342 712 llebebas
359 690 387 711 ιιι
408 684 450 711 vir
470 684 567 710 doctus
578 690 609 709 ac
627 681 748 716 prudens
761 678 911 714 corporalis
932 678 972 706 tui

184 731 273 758 morbi
302 731 434 757 rationem
465 729 580 760 habere,
613 727 660 763 qni
690 726 824 754 maximus
855 729 926 756 erat,
947 729 975 752 et

187 778 280 804 multis
293 783 318 803 te
334 776 474 804 doloribus
501 776 628 810 angebat.
655 774 803 801 Testantur
824 772 874 799 ltoc
900 773 974 799 cives

191 824 241 856 ttti,
264 829 426 858 tuarumque
442 821 600 849 defensores
623 820 794 855 opinionum.
808 818 973 852 Ubicunque

186 871 260 898 enim
278 875 303 897 te
319 869 432 896 morbus
445 867 594 896 comitialis
609 867 790 901 exagitasset,
804 864 975 892 volntabaris

187 924 300 955 spumas
319 916 345 943 in
358 924 406 942 ore
431 923 523 949 agens.
540 919 567 942 et
593 914 706 941 moleste
722 913 851 948 agitatus.
880 911 977 939 Consi-

188 964 283 991 derare
296 966 378 990 etiam
395 962 514 989 debebas
535 962 572 988 rei
590 961 735 996 propositae
748 958 974 994 magnitudinem,

188 1009 221 1036 ad
234 1017 315 1043 quant
329 1016 426 1044 magno
442 1015 513 1042 opus
534 1012 607 1035 esset
629 1006 721 1034 studio
741 1010 768 1032 ct
785 1006 896 1038 pietate,
925 1012 976 1032 nec

190 1064 244 1082 non
262 1055 385 1087 scientia,
397 1054 576 1090 intelligentia
592 1058 619 1081 et
648 1061 709 1080 vera
731 1053 847 1080 notitia:
877 1057 904 1079 et
918 1059 976 1079 om-

190 1102 255 1129 nino
264 1109 341 1130 mens
351 1101 399 1128 tibi
414 1100 557 1133 dirigenda
573 1104 632 1127 erat
647 1104 701 1126 tota
714 1098 748 1126 ad
763 1099 850 1133 ipsum
875 1099 976 1125 bonum

189 1152 218 1174 et
232 1153 356 1174 sanctum
374 1146 519 1181 Spiritum,
548 1153 597 1180 pro
612 1152 667 1180 quo
695 1146 776 1172 etiam
796 1151 861 1172 tunc
886 1143 977 1172 Eccle-

189 1194 230 1222 sia
243 1193 400 1220 laborabat:
414 1193 484 1220 etab
498 1192 545 1219 illo
563 1200 617 1220 uno
628 1191 783 1219 conciliatio
811 1196 837 1218 et
865 1198 915 1225 pax
932 1197 978 1224 pe-

192 1241 284 1272 temla,
296 1247 350 1266 non
367 1239 398 1266 ad
413 1245 535 1266 terrenas
549 1246 612 1271 spes
629 1243 655 1265 et
668 1237 762 1273 gloria:
785 1237 874 1265 studia
888 1241 915 1264 et
941 1236 979 1264 si-

191 1286 266 1313 milia
277 1285 471 1314 eonvertenda.
493 1284 598 1312 Etenim
614 1283 739 1311 Salvator
760 1284 817 1318 ipse
832 1283 977 1318 praecepit:

193 1332 310 1365 Qumrile
330 1332 446 1364 primunt
463 1339 570 1365 regnum
590 1330 645 1361 Dei,
662 1335 685 1356 el
696 1329 832 1364 justitiam
856 1329 926 1363 ejus,
954 1335 978 1356 et

192 1379 248 1404 Ιιαιε
260 1378 349 1404 οηιηία
362 1376 522 1411 adjiciantur
538 1375 620 1402 vobis.
638 1375 692 1402 Scit
707 1376 777 1402 enim
797 1374 881 1401 Pater
898 1380 981 1401 vester

193 1424 257 1459 quid
265 1432 329 1457 opus
345 1424 379 1449 sit
392 1423 475 1456 vobis,
492 1427 632 1457 antequam
645 1421 741 1455 petatis
754 1429 814 1447 eum
825 1421 846 1447 '.
861 1419 900 1446 Tu
917 1428 981 1447 vero

195 1473 318 1495 terrenas
332 1468 511 1502 cogitationes
534 1467 639 1493 intento
663 1466 755 1493 animo
770 1466 891 1498 volvens,
917 1473 978 1501 spe-

194 1521 313 1548 ransque
341 1514 463 1540 l'nturutu
493 1517 522 1540 ut
541 1512 631 1539 Latini
658 1511 707 1538 viri
730 1511 802 1539 docti
829 1515 855 1538 et
883 1512 982 1539 virtnte

191 1565 356 1595 ,prmstanles
370 1563 416 1586 ltla
430 1567 513 1594 opera
531 1558 697 1586 sententiam
715 1563 862 1591 mutarent,
875 1558 983 1593 tuisque

653 201 814 234 IOSEPHI
833 196 1108 232 METHONENSlS
1125 193 1299 225 EPISlIOPI

1740 187 1810 220 1028

1361 250 1455 278 ΕΦΕΣ.

1055 301 1132 337 Μήτε
1161 300 1212 335 τὴν
1247 296 1369 334 ἐμαυτοῦ
1398 296 1545 324 ἀσθένειαν
1564 293 1812 329 ὑπολογισάμενος,

1023 349 1093 384 μήτε
1109 348 1139 374 τὸ
1162 346 1209 373 τοῦ
1227 345 1413 381 προκειμένου
1437 344 1602 378 πράγματος
1635 340 1754 376 ἐργῶδές
1782 348 1813 367 τε

1022 396 1070 422 καὶ
1097 394 1263 429 ὑπέρογκον,
1294 391 1352 419 ἀλλ’
1382 390 1498 421 ἐλπίσας
1527 388 1574 414 ἐπὶ
1591 387 1661 422 Θεῷ,
1683 386 1731 413 καὶ
1756 387 1814 418 τοῖς

1022 443 1123 474 κοινοῖς
1153 441 1261 472 τούτοις
1289 437 1460 474 προστάταις
1490 433 1710 468 πιστεύσας,ὡς
1726 432 1816 460 ἁπαν-

1022 499 1056 517 τα
1082 489 1147 524 ἡμῖν
1173 487 1231 520 ἕξει
1256 486 1358 518 καλῶς,
1383 484 1430 511 καί
1447 493 1473 511 τι
1505 481 1723 517 κατορθώσομεν
1742 479 1816 515 μέγα

1024 537 1071 565 καὶ
1083 535 1139 563 τῶν
1154 534 1300 570 ἡμετέρων
1320 532 1410 561 πόνων
1425 531 1472 559 καὶ
1491 530 1546 558 τῶν
1561 524 1677 556 ἑλπίθων
1692 526 1778 560 ἄξιον.

1372 626 1477 653 ΛΠΟΛ.

1063 675 1192 710 Ὢιρειλες
1208 674 1246 705 ὥς
1268 672 1350 707 σοφός
1384 680 1414 698 τε
1434 670 1482 698 καὶ
1503 668 1614 700 συνετὸς
1631 667 1700 703 ἀνὴρ
1717 665 1818 694 ὑπολο-

1025 721 1157 756 γίσασοαι
1168 720 1219 755 τὴν
1232 719 1281 746 τοῦ
1297 718 1427 753 σώματός
1444 725 1492 744 σου
1510 716 1667 746 ἀσθένειαν,
1681 714 1818 749 μεγίστην

1026 768 1107 795 οὖσαν
1123 767 1229 801 σφόδρα
1253 774 1283 792 τε
1316 764 1364 791 καὶ
1389 762 1538 799 ὸδυνηράψ
1568 760 1739 796 μαρτυροῦσι
1763 759 1819 793 γὰρ

1026 814 1106 842 τοῦτο
1123 815 1147 840 οί
1161 812 1273 840 πολῖται
1290 820 1337 838 σου
1359 810 1407 838 καὶ
1433 809 1607 844 ὁμόφρονες’
1621 806 1686 833 ἔνθα
1712 806 1767 840 γὰρ
1785 805 1820 832 ἂν

1027 859 1061 895 ἦν
1080 858 1238 886 καταλαὸὁν
1264 865 1295 883 σε
1318 856 1349 882 τὸ
1376 855 1522 890 σεληναῖον
1550 853 1649 885 πάθος,
1677 850 1820 878 ἐκαλινδοῦ

1028 906 1152 941 ἀφρίζων
1164 905 1211 931 καὶ
1226 903 1434 938 ταραττόμενος
1447 909 1454 916 ·
1479 898 1703 934 ,ύτιολογίσασοαι
1719 898 1746 924 δὲ
1772 897 1821 923 καὶ

1028 953 1075 979 τοῦ
1092 950 1278 987 προκειμένου
1307 948 1472 984 πράγματος
1499 947 1600 982 ἔργον⁹
1624 945 1663 976 ὡς
1683 945 1757 979 μέγα
1772 943 1822 969 καὶ

1030 999 1156 1033 μεγάλης
1179 996 1299 1030 σπουδῆς
1314 995 1354 1022 ἔτι
1376 995 1423 1021 καὶ
1438 993 1583 1024 εὐλαϐείας
1599 992 1739 1025 δεόμενον,
1774 998 1821 1016 σο-

1029 1046 1092 1079 φίας
1106 1053 1136 1071 τε
1154 1044 1199 1070 καὶ
1229 1043 1366 1074 συνέσεως
1386 1041 1434 1068 καὶ
1456 1039 1575 1074 ἀληθοῦς
1591 1038 1719 1072 γνώσεως
1737 1044 1743 1051 ·
1774 1036 1822 1062 καὶ

1029 1093 1099 1123 ὅλως
1115 1091 1176 1118 ὅλον
1191 1090 1238 1117 τὸν
1253 1089 1316 1115 νοῦν
1335 1087 1405 1123 πρὸς
1436 1086 1506 1114 αὐτὸ
1526 1085 1646 1119 τάγαθὸν
1670 1083 1719 1110 καὶ
1741 1083 1822 1116 ἆγιον
1859 1099 1865 1114 χ

1030 1138 1145 1172 Πνεῦμα
1159 1137 1231 1172 ὑπὲρ
1245 1136 1275 1163 οὗ
1294 1135 1342 1162 καὶ
1358 1136 1371 1161 ὀ
1387 1134 1463 1168 ἀγὼν
1492 1131 1526 1169 ἧν
1546 1132 1609 1159 τότε
1630 1132 1679 1166 τῆς
1705 1130 1823 1164 Ἐκκλη-

1031 1186 1103 1217 σίας,
1120 1184 1265 1216 ἐκτείνειν,
1284 1183 1333 1209 καὶ
1349 1180 1415 1215 παρ’
1425 1181 1531 1207 ἐκείνου
1553 1179 1636 1214 μόνου
1652 1178 1702 1213 τὴν
1723 1177 1824 1204 ἕνωσιν

1030 1233 1078 1259 καὶ
1090 1231 1140 1266 τὴν
1167 1231 1284 1264 εἰρήνην
1299 1228 1388 1255 αἰτεῖν
1400 1236 1408 1242 ·
1427 1227 1474 1254 καὶΙ
1487 1227 1520 1257 οὺ
1538 1225 1608 1261 πρὸς
1631 1224 1744 1256 ἐλπίδας
1761 1224 1825 1250 ἑπι-

1031 1280 1122 1313 γείους
1151 1278 1199 1304 καὶ
1229 1275 1309 1308 δόξας
1340 1275 1388 1301 κα1¹
1406 1273 1474 1300 ἄλλα
1489 1273 1572 1307 ὃμοια
1590 1272 1638 1298 τὸν
1658 1270 1720 1297 νοῦν
1739 1278 1825 1305 μετα-

1032 1324 1171 1359 στρέφειν.
1199 1322 1286 1354 Αὐτὸς
1301 1321 1357 1356 γὰρ
1373 1322 1387 1347 ὁ
1401 1319 1497 1355 Σωτὴρ
1520 1318 1687 1345 ἑνετείλατο¹
1704 1317 1825 1351 Ζητεῖινε

1032 1370 1149 1405 πρῶτον
1160 1370 1218 1403 τήν
1230 1369 1400 1401 βασιλείαν
1421 1366 1475 1393 τοῦ
1486 1365 1561 1393 Θεοῦ
1581 1365 1630 1392 καί
1647 1364 1704 1397 τὴν
1711 1364 1826 1390 δικαιο-

1032 1416 1133 1448 σύνην
1149 1414 1253 1447 αὑτοῦ,
1272 1413 1321 1440 καί
1340 1411 1436 1439 ταῦτα
1456 1411 1556 1438 πάντα
1582 1409 1826 1444 προστεθήσεται

1033 1461 1127 1495 ὐμῖν··
1141 1458 1205 1487 οἵδε
1223 1460 1279 1494 γὰρ
1305 1460 1321 1485 ὁ
1335 1458 1438 1491 Πατὴρ
1452 1455 1537 1491 ὑμῶν
1559 1452 1604 1482 ὧν
1621 1455 1727 1490 χρείαν
1740 1455 1827 1489 ἔχετε

1034 1506 1091 1541 πρὸ
1107 1505 1161 1533 τοῦ
1175 1505 1254 1539 ὑμᾶς
1271 1503 1434 1532 αἰτεῖσθαι.
1455 1503 1491 1529 Σὺ
1512 1502 1541 1529 δὲ
1567 1502 1638 1537 πρὸς
1653 1501 1689 1527 τὰ
1712 1500 1826 1535 ὲπίγεια

1035 1554 1172 1589 ἐπιμελῶς
1185 1553 1232 1580 τὸν
1247 1551 1310 1579 νοῦν
1325 1551 1408 1587 ἔχων,
1425 1551 1472 1577 καὶ
1484 1549 1548 1581 τοὺς
1574 1549 1707 1580 Λατίνους
1726 1548 1828 1582 σοφούς

191 1606 348 1640 rationibus
364 1606 494 1633 cederent
506 1614 513 1638 ;
525 1610 606 1639 atque
619 1613 633 1632 a
647 1605 774 1640 Symbolo
787 1613 880 1632 vocem
895 1605 981 1638 illam,

1037 1609 1064 1626 τε
1079 1600 1126 1626 καὶ
1139 1599 1282 1633 γενναίους
1296 1598 1378 1628 ὄντας
1390 1596 1490 1632 ἄνδρας
1507 1595 1690 1631 μεταπείσειν
1705 1593 1827 1626 ἐλπίζων

196 1653 330 1687 Filioque.
357 1657 386 1679 ut
412 1652 508 1679 falsam
536 1656 739 1686 expungerent;
766 1656 793 1678 et
828 1651 984 1679 Occidentis

197 1700 333 1735 principes
352 1706 414 1726 cum
429 1699 484 1726 suis
501 1698 676 1726 terrestribus
692 1699 777 1733 copiis
795 1703 822 1726 te
836 1702 984 1733 sequentes

197 1746 296 1774 bellum
313 1753 376 1773 cum
391 1745 483 1781 impiis
499 1745 597 1773 Turcis
624 1745 796 1780 susciperent
819 1745 888 1780 (hate
911 1745 984 1772 enim

197 1800 261 1827 spes
277 1796 334 1820 erat
362 1800 491 1819 cttrarutn
521 1792 702 1827 laborumque
727 1797 850 1825 tuorum,
873 1801 926 1819 non
957 1795 986 1819 ut

199 1841 339 1866 veritatem
353 1837 490 1872 dogmatis
502 1838 658 1873 indagares,
678 1843 704 1865 et
717 1838 845 1865 ecclesias
873 1837 987 1872 conjun-

199 1892 277 1919 gere:
293 1888 369 1912 tanto
394 1884 449 1919 jam
480 1888 603 1918 tempore
631 1883 804 1919 disjunctas),
835 1883 933 1911 venisti
958 1883 985 1910 in

198 1932 311 1959 Italiam.
330 1930 359 1958 Si
376 1931 448 1958 enim
469 1930 517 1958 tibi
530 1931 638 1965 tuisque
660 1937 760 1965 scopus
773 1930 817 1957 hic
825 1929 985 1961 exstitisset.

199 1978 346 2006 subsecuta
367 1985 475 2012 quoque
508 1982 602 2004 essent
629 1976 844 2011 consequentia;
864 1981 891 2003 at
923 1984 987 2004 vero

198 2031 259 2052 cum
275 2029 303 2051 tu
327 2024 384 2057 ipse
402 2024 495 2058 tuique
520 2031 648 2058 perversa
671 2028 762 2050 mente
787 2022 907 2055 fueritis,
924 2031 988 2057 pre-

199 2071 271 2099 leeto
282 2071 373 2098 omnia
394 2078 520 2105 perverse
539 2071 689 2098 subsecuta
713 2074 787 2097 sunt.
803 2069 837 2097 Et
852 2069 910 2098 hmc
925 2070 987 2105 qni-

198 2117 260 2144 dem
275 2116 379 2148 adilla;
397 2115 538 2144 videamus
549 2119 576 2143 et
586 2112 714 2150 deinceps
730 2115 829 2151 posita.

530 2205 652 2233 EPllES.

235 2254 271 2282 Ut
287 2261 350 2282 vero
365 2253 430 2280 illuc
447 2252 562 2288 profecti
581 2253 673 2280 statim
697 2252 803 2286 experti
821 2260 919 2280 sumus
936 2252 988 2279 La.

1038 1646 1177 1681 ύποκύψαι
1193 1647 1249 1676 τοῖς
1262 1645 1365 1679 λόγοις,
1379 1643 1428 1670 καὶ
1438 1643 1489 1678 τὴν
1504 1642 1570 1668 Υίοῡ
1588 1642 1681 1677 φωνὴν
1694 1640 1827 1675 ὡςψευδή

1036 1694 1147 1728 ἀφελεῖν
1162 1692 1216 1720 ἀπὸ
1232 1691 1279 1718 τοῦ
1306 1690 1455 1726 συμϐόλου,
1475 1688 1523 1715 καὶ
1551 1689 1615 1720 τοὺς
1640 1688 1691 1722 τῆς
1719 1687 1828 1718 Δύσεως

1036 1740 1169 1771 αὐθέντας
1189 1736 1412 1772 ἐπακολουθῆσαί
1424 1744 1466 1762 σοι
1485 1735 1529 1762 διὰ
1544 1735 1631 1770 ξηρᾶς
1655 1734 1745 1762 ἐλθεῖν
1756 1733 1830 1761 κατὰ

1036 1787 1091 1814 τῶν
1105 1786 1194 1813 ἀθέων
1211 1784 1343 1819 Τούρκων
1356 1785 1362 1792 '
1378 1781 1466 1809 ταῦτα
1481 1781 1535 1817 γὰρ
1551 1781 1630 1813 ἐλπὶς
1653 1779 1708 1807 τῶν
1733 1779 1829 1807 κόπων

1036 1842 1086 1860 σου
1103 1833 1151 1860 καὶ
1170 1832 1225 1859 τῶν
1237 1831 1327 1858 πόνων
1349 1828 1396 1865 ἦν,
1421 1829 1470 1856 καὶ
1482 1828 1513 1856 οὐ
1533 1829 1585 1862 τὴν
1603 1827 1736 1862 ἀλήθειαν
1751 1827 1831 1862 ἐρευ-

1036 1881 1120 1916 νῆσαι
1131 1879 1179 1906 τοῦ
1198 1879 1338 1913 δόγματος
1348 1877 1396 1903 καὶ
1411 1877 1511 1905 ὲνῶααι
1527 1876 1578 1907 τὰς
1598 1874 1767 1909 Ἐκκλησίας
1781 1881 1830 1900 το-

1039 1927 1135 1955 σοῦτον
1146 1926 1197 1961 ἠδη
1213 1925 1312 1960 χρόνον
1331 1923 1525 1958 διεσχισμένας
1539 1921 1675 1957 ἀλλήλων,
1692 1919 1776 1956 ἦλθες
1787 1922 1830 1953 είς

1045 1973 1170 2000 Ἰταλίαν.
1190 1972 1222 2000 Εἰ
1239 1971 1293 2006 γὰρ
1307 1970 1376 2005 πρὸς
1391 1969 1472 1996 τοῦτὸ
1488 1977 1530 1996 σοι
1553 1969 1567 1995 6
1584 1968 1688 1999 σκοπὸς
1704 1967 1751 1994 καὶ
1773 1967 1832 1994 τῶν

1036 2020 1137 2051 ἄλλων,
1154 2009 1376 2052 ἐπηκολούθησεν
1403 2017 1437 2042 ἂν
1458 2015 1493 2042 τὰ
1517 2014 1642 2048 ἑπόμενα
1655 2021 1662 2030 ·
1679 2012 1726 2039 σοῦ
1737 2013 1765 2039 iii
1784 2013 1832 2039 καὶ

1038 2066 1092 2092 τῶν
1119 2065 1190 2100 μετὰ
1227 2063 1276 2090 σοῦ
1305 2061 1531 2097 διεστραμμένων
1563 2060 1654 2087 ὄντων
1676 2059 1722 2086 τὸν
1746 2057 1831 2091 νοῦν,

1038 2111 1262 2146 διεστραμμένως
1285 2109 1372 2140 ὅντως
1387 2107 1612 2144 ἐπηκολούθησεν
1638 2107 1759 2133 ᾶπαντα.
1776 2104 1832 2131 Καὶ

1039 2157 1126 2185 ’ταῦτα
1144 2157 1212 2192 πρὸς
1229 2156 1322 2182 ἐκεῖνα
1339 2155 1439 2189 ἴδωμεν
1457 2153 1486 2181 δὲ
1504 2153 1554 2180 καὶ
1563 2152 1598 2180 τὰ
1613 2151 1723 2186 ἑφεξῆς.

1379 2200 1475 2228 ΕΦΕΣ.

1082 2251 1162 2278 Ἐπεὶ.
1175 2251 1203 2277 δὲ
1225 2249 1345 2277 ἐνταῦθα
1366 2238 1580 2283 γενόμενοιλτῶν
1596 2246 1720 2273 Λατίνων
1752 2244 1835 2277 εὐθὺς

202 2301 274 2328 tinos
290 2299 370 2327 aliter
400 2299 544 2326 nobiscum
576 2306 657 2334 agere
685 2307 767 2334 quam
797 2299 981 2334 sperabamus,

1042 2298 1232 2334 ἐπειράθημεν
1255 2297 1344 2327 ἄλλως
1366 2295 1434 2330 ἡμῖν
1450 2292 1690 2329 προσενεχθέντων
1711 2292 1727 2325 ἦ
1738 2292 1776 2323 ὡς
1787 2291 1836 2326 ὴλ-

200 2347 344 2376 eonlestim
362 2346 471 2381 quidem
493 2345 573 2373 nobis
596 2345 754 2380 desperatio
775 2345 837 2374 linis
851 2346 988 2373 obvenit:

201 2399 228 2421 et
240 2401 328 2428 prope
345 2393 408 2428 quis
424 2396 540 2419 stantem
558 2391 599 2419 sie
614 2396 654 2419 est
671 2392 780 2419 all‘arier
796 2399 877 2420 orsus
891 2400 899 2421 :
913 2390 990 2419 Haud

202 2447 269 2468 satio
289 2439 415 2468 homines
432 2438 477 2465 isti
494 2445 585 2466 mores
601 2446 667 2465 suos
685 2443 712 2465 et
726 2439 852 2473 dogmata
877 2438 931 2465 ulla
957 2445 990 2466 ex

202 2490 281 2521 parte
295 2485 434 2520 patientur
449 2484 603 2517 immutari,
620 2484 666 2520 qui
683 2488 786 2512 tantutn
799 2483 881 2511 nobis
896 2490 993 2518 super-

202 2532 296 2560 eiliutn
313 2531 504 2560 ostenderunt.

541 2577 640 2605 RESP.

178 2638 186 2644 -
239 2624 376 2658 Expertus
387 2630 419 2650 es
439 2631 470 2650 re
484 2624 553 2658 ipsa,
573 2623 645 2658 quod
665 2627 696 2650 ut
711 2622 847 2657 incipiens
864 2628 919 2649 non
936 2629 992 2656 pu—

204 2670 299 2702 tabas;
315 2669 493 2697 existimabat:
505 2670 578 2696 enim
595 2676 622 2696 ιιι
635 2669 747 2697 Latinos
758 2675 819 2696 esse
831 2667 993 2701 ineruditos,

205 2723 286 2752 atque
305 2717 342 2743 ita
359 2717 481 2744 laturum
498 2721 527 2744 ut
546 2717 586 2744 eis
602 2719 781 2752 persuaderes
796 2715 892 2743 audire
906 2719 933 2742 te
950 2723 995 2743 ve-

205 2764 244 2791 lut
261 2764 386 2791 indoctos
402 2771 411 2790 ι
428 2767 456 2790 at
473 2763 519 2790 ιὼί
544 2768 637 2790 contra
656 2770 737 2798 quam
766 2763 895 2797 sperabas
916 2769 993 2788 com—

205 2810 309 2845 peristi,
327 2810 457 2844 aufugere
471 2809 534 2837 inde
551 2809 670 2843 voluisti,
688 2809 884 2844 pertimescens
900 2809 994 2841 tllsptl-

205 2858 316 2885 tationis
331 2862 480 2885 certamen.
496 2855 639 2897 Clamabat
660 2856 733 2885 enim
760 2856 850 2891 palam
875 2854 996 2883 Joannes

242 2949 252 2964 ²
267 2947 366 2976 Matth.
383 2956 421 2983 vn,
441 2948 487 2983 52,
504 2948 551 2976 55.

1042 2344 1169 2379 πίζομεν,
1186 2343 1269 2374 εὐθὺς
1280 2343 1330 2377 μὲν
1341 2342 1408 2377 ἡμῖν
1418 2339 1577 2374 ἀπογνῶναι
1595 2338 1642 2365 τοῦ
1659 2338 1756 2369 τέλους
1767 2346 1830 2365 συν-

1043 2393 1126 2418 έπεσε
1137 2399 1144 2406 ⁸
1167 2391 1214 2418 καί
1229 2398 1271 2421 τις
1283 2390 1363 2424 ήμῶν
1375 2388 1509 2414 εἴπεσκεν
1522 2385 1585 2412 ἰδὼν
1602 2385 1644 2416 είς
1660 2385 1775 2420 πλησίον
1790 2385 1836 2412 ἰλ-

1043 2438 1089 2464 λον
1100 2446 1106 2452 ·
1121 2437 1207 2473 Σχολῇ
1223 2436 1249 2470 γ’
1266 2436 1299 2462 ἂν
1316 2436 1341 2461 oi
1357 2434 1453 2469 ἄνδρες
1465 2432 1540 2459 οὗτοι
1560 2431 1614 2458 τῶν
1634 2432 1745 2458 οἰκείων
1763 2429 1836 2457 ἐθῶν

1043 2493 1071 2510 τι
1086 2484 1135 2510 καὶ
1153 2482 1297 2517 δογμάτων
1316 2479 1550 2516 παρακινήσαιεν,
1562 2479 1587 2504 ol
1598 2476 1736 2511 τοσαύτην
1751 2476 1837 2512 ὐκιρ-

1044 2530 1110 2565 οχὴν
1123 2530 1188 2564 ἡμῖν
1203 2527 1326 2554 ὲνδεικνύ
1330 2535 1417 2562 μενοι.

1387 2574 1493 2600 ΔΠΟΛ.

1088 2621 1255 2658 Ἐπειρὰθης
1269 2620 1355 2656 ἔργῳ,
1371 2619 1386 2646 ὃ
1409 2619 1459 2654 οὐχ
1475 2616 1670 2652 ὑπελάμὸανις
1687 2616 1726 2647 ὡς
1740 2615 1840 2643 ἀσύνε-

1047 2678 1104 2701 τος,
1121 2669 1157 2695 Σὺ
1172 2669 1222 2703 μὲν
1237 2668 1292 2703 γὰρ
1309 2666 1364 2702 ᾣου
1378 2665 1441 2697 τοὺς
1462 2665 1594 2696 Λατίνους
1622 2663 1755 2698 ἀπείρους
1769 2659 1840 2689 εἶναι

1049 2716 1157 2750 σοφίας,
1175 2716 1223 2742 καὶ
1242 2713 1314 2740 οὕτω
1328 2712 1436 2738 πείσειν
1459 2711 1559 2742 αὐτοὺς
1574 2709 1611 2741 ὡς
1625 2709 1746 2745 ἀμαθεῖς
1767 2708 1841 2734 ὕπα-

1049 2762 1148 2788 κοῦσαι
1164 2760 1218 2788 σοί.
1241 2760 1319 2787 Ἐπεὶ
1337 2759 1366 2785 δὲ
1375 2758 1464 2790 ἄλλως
1482 2756 1563 2792 εὗρες
1576 2756 1593 2790 ἣ
1607 2754 1647 2787 ὡς
1661 2756 1694 2782 σὺ
1712 2754 1840 2790 illud“,

1049 2808 1198 2843 ἐϐουλήθης
1225 2806 1330 2833 ἐκεῖθεν
1352 2806 1462 2840 φυγεῖν,
1493 2803 1539 2830 τὸν
1561 2802 1656 2836 ἀγῶνα
1673 2802 1724 2836 τῆς
1750 2800 1844 2829 διαλε-

1051 2855 1119 2888 ξεως
1135 2854 1288 2885 δειλιάσας.
1322 2852 1404 2879 Ἐὃόα
1431 2851 1486 2888 γὰρ
1509 2847 1683 2886 παρρητίᾳὸ
1712 2846 1844 2881 Ἰωάννης
