1961 3070
126 125 190 155 1033

634 120 853 152 REFUTATIO
875 119 994 150 MAHCI
1014 119 1208 150 EPllESlNl.

1675 118 1743 149 1οη

122 183 164 210 νῦν
179 182 229 209 οὐκ
247 181 413 208 ἐπαύσαντο
440 179 531 206 πάντα
562 179 637 206 λίθον
665 180 804 211 κινοῦντες
832 178 904 205 κατὰ

961 184 1064 204 munem
1082 184 1189 203 movere
1208 175 1335 210 lapidem,
1355 179 1381 202 et
1403 175 1515 203 dicenda
1534 175 1702 210 tacendaque
1716 177 1741 202 in

121 229 252 260 Λατίνων,
270 229 317 255 καὶ
332 229 403 264 ῥητὰ
420 228 467 255 καὶ
483 228 592 263 ἄρρητα
608 227 669 254 κατ’
697 227 787 253 αὐτῶν
803 227 880 260 ὲμεῖν
896 233 904 240 ⁸

121 276 164 303 καὶ
180 275 242 302 οὔτε
271 275 351 309 φέὸνς
379 275 458 306 Θεοῦ,
476 274 539 301 οὕτε
563 273 739 309 πολυχρόνιος
759 273 905 304 ἔνστασις,

120 322 178 349 οὔτε
193 322 302 353 σύνοδος
317 321 506 356 οἱκουμενικὴ,
524 319 581 347 οὒτ’
595 320 664 353 αὑτὴ
684 320 701 354 ὴ
717 320 833 354 ἀλήθεια.
842 320 906 354 ἠδυ-

122 370 186 403 νήθη
204 369 298 394 πεῖσαι
316 367 428 398 αὐτούς.
449 366 647 400 Ἀπελογοῦντο
671 366 699 392 δέ
719 374 760 392 σοι
783 366 830 392 διὰ
857 365 905 392 τοῦ

121 415 337 452 ἀρχιεπισκόπου
364 413 468 446 Ῥόδου,
482 413 639 444 δεικνύντες
653 412 739 447 ψευδῆ
755 409 906 446 είναιὸιπερ

120 464 220 495 ἔλεγες·
231 462 268 493 ὡς
277 462 354 496 οὗχὴ
372 461 520 495 Ἐκκλησία
528 461 577 495 τῆς
592 460 713 495 Ῥώμης,
726 459 780 486 οὐδ’
822 467 906 493 προσ-

122 509 191 543 θήκη
207 507 282 534 αἰτία
303 508 351 541 τῆς
365 505 523 541 διαιρέσεως
535 515 564 532 τε
577 505 624 533 κα)⁸
636 506 725 540 μάχης
737 503 781 540 ἦν’
799 505 865 532 διότι
875 504 905 530 οὐ

122 555 200 590 μόνον
213 555 265 588 πρὸ
277 554 425 589 σχίσματος
445 552 501 578 τῶν
522 551 675 586 ἐκκλησιῶν
687 553 715 578 ἐν
727 551 765 586 τῷ
776 551 906 586 Συμϐόλῳ

122 602 135 636 ὴ
147 599 290 634 προσθήκη
304 599 396 632 ἐτέθη,
414 598 481 625 ἀλλὰ
498 598 544 624 καὶ
565 598 617 632 πρὸ
634 597 689 626 τῶν
706 597 905 631 οίκουμενικῶν

122 646 247 678 συνόδων,
266 646 316 679 τῆς
328 645 447 680 ἑϐδόμης
462 644 535 679 φημὶ
553 645 598 671 καὶ
617 645 665 679 τῆς
681 644 775 679 ἕκτης,
791 645 828 675 ὡς
837 652 906 680 μαρ-

121 692 195 726 τυρεῖ
208 692 221 717 ὁ
237 690 408 725 ὁμολογητὴς
434 689 562 724 Μάξιμος
587 689 616 716 ἐν
631 691 663 724 τῇ
693 689 762 724 πρὸς
783 690 906 723 Μαρῖνον

119 738 161 764 τὴν
194 737 381 772 πρεσδύτερον
411 737 526 771 Κύπρου
551 735 701 770 ἐπιστολῇ·
730 735 778 762 καὶ
795 736 825 762 οὐ
851 735 906 770 πρὸ

121 784 222 810 τούτων
253 782 346 818 μόνον,
368 782 406 813 ὡς
435 783 555 817 εἴρηται,
579 781 731 813 ἀλλἐὺθὺς
757 781 827 817 μετὰ
854 782 904 817 τὴν

120 830 248 864 δευτέραν
277 828 385 856 σύνοδον
409 828 438 854 ὲν
464 827 503 862 τῷ
534 826 622 862 καιρῷ
643 826 772 862 Δαμάσου
792 827 904 860 πάππα,

120 876 154 907 ὡς
169 875 305 910 μαρτυρεῖ
317 873 456 909 Γεώργιος
471 873 622 908 ’Δριστινὺς
635 875 649 900 ὁ
664 873 809 908 ἱστορικός.
824 873 906 900 Ὥστε

121 922 243 950 ἐντεῦθεν
263 921 441 956 ἐλεγχόμενος
456 920 540 955 φαίνῃ
563 919 646 955 μηδὲν
666 919 768 953 ἀληθὲς
785 919 876 953 λέγων
893 927 900 934 ·

124 968 244 995 atrata
270 967 443 1002 ἡπροσϐήκη
470 966 582 1000 γέγονεν
603 965 677 993 αἰτία
692 965 740 992 τοῦ
770 965 908 1000 διαιρεθῆ-

123 1023 164 1041 ναι
194 1014 242 1045 τὰς
269 1012 428 1048 ἐκκλησίας.
446 1012 478 1038 Εἰ
507 1012 555 1046 μὲν
586 1011 642 1046 γὰρ
665 1011 695 1038 τὸ
718 1011 820 1046 σχίσμα
849 1011 907 1036 ἐστὶ

123 1061 191 1095 μετὰ
205 1060 254 1094 τὴν
279 1059 397 1094 ἑϐδόμην
411 1058 531 1088 σύνοδον,
555 1057 604 1084 καὶ
620 1057 710 1092 πολλῷ
729 1057 815 1084 πλείω
831 1057 908 1083 ὓστε-

124 1117 167 1142 ρον
184 1107 297 1140 ταύτης,
315 1107 331 1141 ἡ
345 1106 373 1132 δὲ
391 1105 537 1140 προσθήκη
554 1104 608 1130 ἀπὸ
623 1105 672 1138 τῆς
686 1103 815 1138 δευτέρας
828 1103 907 1136 γέγο-

122 1162 176 1185 νεν,
192 1153 219 1179 αἱ
233 1153 254 1178 δ’
269 1151 412 1186 ὲκιλησίαι
430 1151 568 1186 ἡνωμέναι
594 1147 663 1184 ἦσαν
681 1150 762 1184 μέχρι
794 1149 840 1175 καὶ
859 1149 907 1183 τῆς

122 1199 247 1234 ἑϐδόμης,
273 1199 319 1225 καὶ
343 1198 394 1224 οὐκ
411 1195 556 1226 ἐνεκάλουν
575 1195 706 1230 ἀλλήλαις
724 1195 818 1221 ἕνεκεν
846 1194 908 1220 τού-

121 1255 168 1273 του
180 1254 187 1261 ·
205 1246 261 1277 πῶς
277 1247 293 1279 ὴ
313 1244 460 1280 προσθήκη
474 1243 548 1270 αἰτία
563 1243 660 1276 γέγονε
675 1242 725 1277 τῆς
736 1241 907 1276 διαιρέσεωςς

122 1293 228 1319 Μᾶλλον
255 1292 284 1318 δὲ
308 1291 449 1318 δείκνυται
480 1289 534 1316 ἀπὸ
564 1289 680 1319 τούτου,
713 1289 756 1314 ὅτι
786 1287 908 1322 ἐδέχοντο

121 1339 145 1364 οι
163 1338 317 1365 ἀνατολικοὶ
342 1338 391 1371 τὴν
411 1336 563 1371 σαφήνειαν
577 1334 690 1370 ταύτην,
719 1333 813 1368 ἐπειδὴ
835 1332 910 1367 ὡμο-

122 1386 197 1412 νόουν
223 1381 455 1417 προστεθειμένου
467 1382 495 1408 ὲν
506 1381 546 1416 τῷ
573 1380 704 1414 Συμόνᾶλῳ
721 1379 768 1406 καὶ
788 1379 847 1411 τοῦ,
873 1379 908 1405 ἐκ

123 1431 175 1458 τοῦ
194 1430 272 1458 Υίοῦ.

466 1476 559 1502 ΕΦΕΣ.

159 1524 275 1550 Ἔπειτα
302 1530 372 1549 κατα
390 1522 440 1553 τὰς
469 1522 570 1556 ἐφεξῆς
595 1521 767 1552 συνελεύσεις
796 1528 907 1555 προχει-
923 1537 945 1567 c

126 1570 273 1604 ρισάμενος
289 1568 337 1599 τὰς
358 1567 475 1602 Πράξεις
491 1567 545 1593 τῶν
566 1567 647 1601 ἱερῶν
662 1567 780 1593 συνόδων
789 1567 909 1600 ἀνέγνων

123 1615 254 1648 ἐξαύτῶν
268 1614 332 1645 τοὺς
349 1615 441 1648 ὅρους,
458 1614 486 1639 ὲν
505 1611 545 1644 οἷς
565 1613 783 1647 ἀπαγορεύουσιν
803 1612 828 1638 οι
842 1612 908 1638 θεῖοι

126 1661 247 1695 Πατέρες
265 1660 364 1686 ἐκεῖνοι
382 1658 430 1693 τὴν
456 1658 608 1693 ἐναλλαγὴν
622 1658 669 1684 τοῦ
698 1657 842 1692 Συμϐόλου
860 1657 910 1691 μέ-

125 1716 171 1742 χρι
198 1704 294 1738 λέξεώς
319 1713 348 1730 τε
371 1705 418 1731 καὶ
438 1703 585 1737 συλλαὸἧς,
605 1703 652 1730 καὶ
677 1702 824 1738 φρικώδεις
841 1703 910 1738 ἀρὰς

123 1749 277 1783 ἐπιφωνοῦσι
294 1748 364 1775 κατὰ
390 1748 445 1774 τῶν
473 1748 578 1783 ταύτην
608 1748 674 1775 ποτὲ
699 1748 907 1782 τολμησὸντων·

124 1796 195 1822 ὥστε
211 1795 274 1827 τοὺς
286 1796 453 1827 ἐπισκόπους
474 1795 524 1830 μὲν
536 1795 583 1822 καὶ
597 1795 662 1826 τοὺς
675 1795 824 1830 κληρικοὺς
839 1795 911 1822 ὰνιὲκ

125 1851 189 1878 ρους
206 1840 277 1868 εἴναι
294 1842 324 1868 τὸ
343 1843 396 1868 ἁπὸ
412 1842 501 1874 τοῦδε,
520 1842 565 1868 καὶ
581 1842 630 1875 τῆς
651 1841 799 1876 δεδομένης
819 1842 910 1872 αὐτοῖς

123 1889 234 1923 χάριτος
248 1888 416 1923 ἀλλοτρίους,
433 1888 496 1920 τοὺς
511 1889 539 1914 δὲ
564 1887 676 1919 λαῖκοὺς
695 1888 858 1914 ὑποκεῖσθαι
873 1888 910 1922 τῷ

124 1934 280 1968 ἀναθέματι
290 1941 296 1948 ’
314 1934 392 1959 τοῦτο
401 1933 429 1959 δέ
439 1934 511 1960 ἐστιν
526 1935 539 1960 ὀ
553 1934 606 1960 ἀπὸ
616 1933 662 1960 τοῦ
671 1934 739 1960 Θεοῦ
754 1934 906 1969 χωρισμός.

462 1980 572 2007 'AIIOA.

163 2025 225 2051 Ὅτι
242 2025 291 2059 μὲν
312 2026 432 2060 ἀνέγνως
447 2027 477 2052 εκ
494 2025 548 2051 τῶν
568 2027 767 2061 οἱκουμενικῶν
792 2027 910 2053 συνόδων

123 2070 192 2102 ἐκεῖ,
213 2069 401 2104 μαρτυροῦσιν
422 2070 451 2095 αι
480 2070 599 2104 Πράξεις
613 2078 620 2084 ·
641 2071 698 2097 ἐκεῖ
714 2071 768 2106 γάρ
790 2072 845 2098 εισι
865 2080 911 2106 γε-

123 2116 275 2151 γραμμένα
287 2116 358 2150 Ζιπερ
373 2117 494 2150 ἀνέγνως
504 2125 510 2132 ·
527 2117 567 2143 ὅτι
580 2117 608 2143 δὲ
622 2118 699 2144 οὐδὲν
711 2118 814 2153 εφησας
827 2119 911 2153 ἀναγ-

124 2163 214 2193 καῖον,
228 2161 288 2186 οὐδὲ
303 2162 372 2188 κατὰ
387 2161 508 2188 Λατίνων
521 2159 591 2196 ἦσαν
602 2163 706 2196 ἐκεῖνα,
721 2164 734 2188 ὁ
748 2162 911 2198 βουλόμενος

958 223 1018 250 illos
1034 230 1159 250 evomere
1175 232 1182 250 ε
1199 227 1224 250 et
1249 229 1298 249 nec
1322 221 1367 248 Dei
1399 221 1489 254 timor,
1508 229 1596 256 neque
1616 221 1742 248 diuturna

957 267 1108 301 contentio,
1134 275 1184 295 nec
1210 267 1330 303 synodus
1350 266 1530 297 mcuinenica,
1562 273 1611 293 nec
1641 266 1742 294 veritas

957 315 1015 350 ipsa
1031 314 1194 349 persuadere
1213 313 1266 341 illis
1283 313 1381 347 potuit.
1401 311 1455 339 Pro
1473 320 1521 339 sua
1542 319 1623 346 porro
1647 312 1741 339 defen-

957 361 1034 389 sione
1052 359 1250 394 respondebant
1265 358 1311 385 tibi
1326 365 1373 393 per
1386 358 1620 392 archiepiscopum
1641 357 1741 392 Rhodi,

958 407 1024 434 ialsa
1038 414 1099 434 esse
1128 406 1302 433 Ostendentcs
1319 412 1379 439 qua
1394 404 1501 431 dicebas
1518 413 1524 431 :
1542 404 1614 439 quod
1639 412 1742 439 nequa-

956 460 1038 487 quam
1063 451 1182 479 Ecclesia
1199 451 1332 482 Romana,
1350 457 1399 477 nec
1427 450 1641 477 additamentum
1667 451 1743 484 origo

958 499 1040 526 fuerit
1056 498 1198 526 divisionis
1213 502 1238 524 et
1252 504 1365 532 pugnae;
1386 503 1474 531 neque
1491 496 1563 523 enim
1580 497 1666 524 solum
1679 501 1742 523 ante

957 545 1075 572 schisma
1108 544 1285 572 ecclesiarum
1317 543 1469 578 appositum
1494 550 1552 571 erat
1587 544 1741 579 Symbolo.

958 592 1006 618 sed
1017 595 1080 618 ante
1092 590 1166 625 ipsas
1180 589 1299 625 synodos
1314 590 1507 621 oscumcnicas.
1526 590 1667 624 septimam
1680 590 1741 617 dico

956 642 983 664 et
1008 640 1125 668 sextam,
1148 639 1177 662 ut
1203 639 1320 662 testatur
1336 634 1477 662 confessor
1495 635 1627 662 Maximus
1641 635 1667 662 in
1686 636 1743 670 epi-

957 683 1027 711 stola
1048 683 1080 712 ad
1095 682 1227 709 Marinum
1244 681 1432 716 presbyterum
1448 682 1576 717 Cyprium
1594 691 1601 710 :
1618 690 1668 709 nec
1682 687 1743 709 ante

958 730 1017 757 illas
1036 732 1151 761 tantum,
1172 731 1202 755 ut
1224 727 1326 755 dictum
1351 733 1403 760 est,
1428 728 1475 755 sed
1498 735 1560 756 mox
1584 736 1599 756 a
1622 728 1742 756 secunda

958 775 1060 811 synodo
1078 780 1200 809 tempore
1216 781 1292 809 papae
1309 774 1427 808 Damasi,
1445 779 1473 802 ut
1489 775 1590 803 asserit
1612 775 1743 811 Georgius

957 824 1097 852 Aristinus
1115 821 1272 849 historicus.
1287 821 1376 849 Ouare
1398 822 1461 849 hinc
1479 823 1649 858 red-argueris
1669 830 1744 850 com-

958 872 1080 899 mentitia
1092 873 1183 900 dicere
1196 881 1203 899 :
1220 879 1309 907 neque
1326 871 1398 900 enim
1409 871 1622 899 additamentum
1635 877 1744 898 causam

957 918 1033 946 dedit
1047 919 1230 953 scjunctionis
1249 919 1438 946 ecclesiarum.
1454 918 1522 946 Nam
1548 918 1570 945 si
1597 923 1657 953 post
1684 925 1744 952 sep-

960 965 1053 991 timam
1070 964 1201 999 synodum
1227 970 1350 992 exortum
1372 969 1412 992 est
1447 964 1578 998 schisma,
1607 969 1634 991 et
1660 964 1745 991 multo

958 1011 1039 1038 etiam
1053 1016 1093 1038 est
1110 1011 1152 1038 illa
1172 1012 1320 1046 posterius,
1341 1011 1462 1038 additum
1479 1018 1543 1038 vero
1566 1010 1656 1038 fuerat
1667 1010 1745 1046 Sym-

958 1057 1019 1084 bolo
1040 1061 1100 1091 post
1113 1058 1258 1084 secundam
1280 1057 1425 1092 synodum,
1446 1061 1472 1084 et
1485 1056 1608 1084 ecclesia:
1629 1064 1744 1084 concor-

958 1103 1059 1131 dabant
1074 1111 1159 1138 usque
1176 1103 1208 1130 ad
1232 1103 1387 1138 septimam,
1403 1109 1429 1130 et
1441 1103 1524 1130 altera
1538 1103 1650 1129 alteram
1665 1102 1745 1137 hujus

958 1149 997 1176 rei
1019 1155 1102 1176 causa
1133 1156 1184 1176 non
1212 1149 1365 1183 accusabat,
1389 1150 1436 1183 qui
1458 1149 1503 1176 [lat
1525 1154 1554 1176 ut
1580 1157 1613 1176 ex
1640 1149 1744 1176 addita-

959 1199 1050 1221 mento
1074 1195 1110 1223 sit
1132 1199 1221 1222 ortum
1246 1195 1417 1222 dissidiumi-
1438 1196 1495 1222 imo
1521 1195 1611 1230 potius
1638 1202 1672 1223 ex
1693 1196 1744 1222 hoc

959 1241 1303 1274 ostenditur,orientalibus
1318 1241 1537 1276 explanationem
1563 1242 1633 1269 hanc
1658 1242 1744 1269 fuisse

960 1291 1109 1322 acceptam,
1135 1287 1357 1322 quandoquidem
1385 1287 1476 1316 addita
1505 1289 1586 1315 etiam
1615 1288 1743 1324 Symbolo

959 1340 1024 1361 voce
1042 1333 1098 1364 illa,
1113 1331 1242 1368 Filioque,
1260 1340 1313 1359 non
1331 1332 1512 1362 dissidebant.

1287 1471 1407 1500 EPHES.

997 1518 1099 1545 Deinde
1118 1526 1167 1553 per
1184 1523 1383 1552 consequentes
1406 1520 1556 1552 sessiones,
1575 1520 1688 1555 prolatis
1703 1528 1747 1548 sa—

962 1571 1072 1591 crorum
1084 1564 1264 1591 conciliorum
1275 1564 1362 1596 Actis.
1373 1565 1483 1592 recitavi
1493 1566 1664 1594 deﬁnitiones
1675 1567 1748 1602 ipso-

962 1618 1031 1643 rum,
1053 1611 1079 1637 in
1097 1610 1198 1644 quibus
1211 1612 1297 1638 sancti
1317 1611 1355 1638 illi
1368 1611 1462 1639 Patres
1484 1613 1649 1641 interdicunt
1665 1613 1749 1649 Synt-

960 1657 1015 1684 boli
1033 1658 1210 1684 mutationem
1227 1664 1316 1693 usque
1331 1657 1364 1684 ad
1382 1658 1532 1685 dictionem
1548 1663 1574 1686 et
1600 1659 1744 1695 syllabam.

961 1708 989 1730 ct
1007 1703 1159 1730 horrendas
1183 1703 1388 1731 exsecrationes
1419 1704 1547 1732 sanciunt
1571 1705 1597 1731 in
1624 1713 1671 1732 eos
1698 1708 1746 1740 qui

962 1749 1020 1775 ausi
1048 1756 1167 1783 unquam
1192 1748 1293 1775 fuerint
1309 1749 1457 1784 quidquam
1484 1750 1630 1777 immutare
1645 1750 1699 1777 :ita
1717 1756 1747 1777 ut

963 1794 1083 1828 episcopi
1092 1794 1204 1829 quidem
1215 1799 1241 1821 et
1250 1794 1342 1821 clerici
1354 1795 1508 1822 sacerdotio
1518 1795 1545 1822 in
1556 1802 1692 1830 posterum
1704 1804 1749 1823 ea-

964 1845 1052 1872 rcant,
1073 1841 1183 1874 sintque
1199 1848 1213 1866 a
1231 1841 1318 1875 gratia
1337 1841 1389 1868 sibi
1407 1843 1466 1868 data
1477 1841 1577 1870 alieni;
1606 1841 1667 1868 laici
1683 1849 1748 1868 vero

963 1886 1079 1922 subjecti
1097 1888 1148 1913 sint
1163 1887 1341 1921 anathemati,
1357 1888 1428 1922 quod
1442 1891 1484 1915 est
1501 1888 1636 1922 separatio
1648 1895 1661 1914 a
1681 1887 1747 1915 Deo.

1312 1979 1333 2006 ii
1339 1979 1411 2007 ESP.

999 2024 1076 2057 Quod
1095 2029 1122 2052 tu
1139 2024 1249 2059 quidem
1267 2025 1357 2059 aliqua
1377 2026 1411 2052 ibi
1425 2026 1574 2060 protuleris
1587 2034 1618 2053 ex
1631 2027 1748 2055 decretis

963 2070 1130 2104 generalium
1148 2071 1341 2103 conciliorum,
1360 2073 1427 2098 Acta
1461 2075 1617 2105 testantur;
1646 2073 1746 2108 scripta

964 2116 1036 2143 enim
1052 2122 1117 2144 sunt
1135 2117 1188 2145 illis
1207 2125 1268 2152 quae
1284 2118 1417 2145 recitasti.
1434 2117 1507 2144 Nihil
1535 2125 1599 2145 vero
1611 2126 1672 2146 esse
1690 2127 1705 2146 a
1719 2124 1746 2147 te

968 2161 1084 2195 dictum,
1107 2163 1180 2197 quod
1198 2167 1322 2197 urgeret.
1335 2168 1361 2190 et
1376 2163 1444 2190 nihil
1464 2163 1508 2190 ilia
1523 2168 1620 2191 contra
1636 2163 1748 2192 Latinos

124 2206 276 2239 ἀναγνώτω
289 2207 336 2237 τὰς
355 2207 481 2242 [1ράξεις,
496 2208 543 2235 καὶ
557 2207 671 2243 εὑρήσει
688 2217 721 2242 με
736 2208 850 2242 λέγοντα
863 2208 908 2243 τὴν

967 2207 1068 2240 facere,
1079 2208 1124 2242 qui
1136 2208 1209 2235 scire
1220 2209 1346 2239 voluerit.
1355 2210 1419 2236 Acta
1436 2210 1516 2245 legat,
1533 2213 1560 2237 ct
1572 2217 1664 2237 verum
1680 2218 1694 2236 a
1706 2217 1749 2237 me

126 2253 271 2287 ἀλήθειαν.
283 2253 346 2279 Ὅτι
365 2253 419 2287 γὰρ
434 2253 654 2287 ἀπαγορεύουσιν
666 2253 691 2279 oi
705 2254 770 2280 θεῖοι
788 2253 910 2288 Πατέρες

123 2297 174 2333 τὴν
196 2297 349 2333 ἐναλλαγὴν
373 2298 420 2324 τοῦ
444 2298 595 2333 Συμϐόλου,
612 2299 658 2325 καὶ
685 2299 710 2325 οί
730 2300 840 2326 Λατῖνοι
863 2300 911 2326 καὶ

121 2344 206 2377 ἡμεῖς
229 2342 416 2377 ὁμολογοῦμεν
429 2351 435 2357 ·
455 2343 503 2369 καὶ
528 2343 576 2374 τὰς
594 2343 743 2378 φρικώδεις
760 2344 841 2379 ἀρὰς,
863 2346 910 2370 καὶ

125 2390 161 2416 τὰ
172 2389 347 2424 ἁναθέματα,
370 2389 417 2416 καὶ
438 2389 500 2421 τοὺς
519 2389 600 2424 ἱερεῖς
617 2390 752 2424 ἀνιέρους,
771 2391 817 2416 καὶ
846 2391 909 2421 τοὺς

119 2436 233 2466 λαῐκοὺς
244 2436 298 2462 ἀπὸ
314 2434 360 2462 τοῦ
375 2434 444 2461 Θεοῦ
462 2435 695 2470 κεχωρισμένους,
715 2435 763 2461 καὶ
780 2437 814 2461 τὰ
826 2435 910 2461 λοιπὰ

119 2482 138 2507 ἃ
155 2482 244 2515 λέγεις
256 2481 324 2516 πρὸς
338 2482 368 2507 τὺ
381 2481 495 2516 συγχέαι
512 2481 575 2512 τοὺς
587 2481 800 2515 ἁπλουστέρους,
818 2482 909 2508 πάντα

121 2536 165 2554 σοι
181 2526 395 2562 συνομολογοῦσι
410 2527 522 2553 Λατῖνοι
535 2535 543 2542 ·
559 2527 730 2561 ἀντιλέγουσι
744 2527 772 2553 δέ
786 2535 827 2553 σοι
841 2527 859 2554 ἃ
875 2529 908 2554 σὺ

120 2574 240 2608 σιωπᾷς,
265 2573 306 2599 ὅτι
335 2573 446 2607 γέγονεν
474 2574 504 2599 ὲν
530 2574 563 2608 τῇ
580 2573 715 2608 ὀσφρήσει
739 2582 787 2600 σου
802 2575 906 2610 σίνηπι.

118 2621 257 2646 Δύνανται
285 2619 340 2654 γὰρ
367 2620 476 2645 Λατῖνοι
506 2620 553 2646 καὶ
582 2620 663 2655 ἡμεῖς
683 2620 709 2646 οἱ
728 2620 777 2654 τὴς
798 2621 907 2648 συνόδου

121 2665 269 2699 συνήγοροι
286 2666 354 2700 πρὶς
383 2665 413 2691 σὲ
437 2665 586 2698 ἀντειπεῖν,
615 2666 656 2691 ὃτι
681 2666 778 2697 Καλῶς
804 2666 905 2701 λέγεις,

117 2710 246 2744 σλδέσιμε
261 2709 389 2744 Ἐρέσου,
418 2710 467 2736 καὶ
481 2711 561 2743 ἡμεῖς
585 2709 673 2736 ταῦτα
696 2710 884 2746 ὁμολογοῦμεν
898 2719 905 2726 ·

120 2755 180 2780 ἀλλ’
198 2756 248 2781 οὐκ
273 2755 459 2790 ἑνηλλάξαμεν
486 2756 561 2790 ὅμως
579 2756 661 2791 ἡμεῖς
690 2756 721 2782 τὸ
757 2756 907 2792 ἱερώτατον

121 2799 341 2833 Σύμϐολον,οὖτε
351 2800 405 2835 μὴν
412 2800 611 2835 ὲνηλλαγμένον
621 2800 686 2827 αὐτὸ
695 2801 888 2836 πρεσὸεύομεν
897 2811 904 2818 ·

125 2847 186 2874 τοὺς
200 2845 252 2879 γὰρ
266 2845 478 2877 ἐναλλάξαντες,
494 2846 549 2871 εἴτε
572 2846 624 2880 μὴν
640 2845 794 2877 ἐναλλάξειν
808 2848 908 2883 τολμή-

285 2891 420 2920 i‘nuoL.
436 2889 492 2920 Gn.
518 2887 618 2922 CLIX;

964 2252 1017 2280 dici
1038 2254 1199 2289 comperiet.
1216 2254 1393 2282 lnterdictum
1426 2256 1527 2290 quippe
1537 2263 1599 2284 esse
1614 2263 1629 2283 a
1644 2256 1746 2284 sanctis

964 2299 1100 2332 Pan-ibus,
1113 2308 1146 2326 ne
1159 2299 1211 2326 ulla
1226 2300 1273 2327 ﬁat
1289 2302 1314 2327 in
1325 2300 1457 2336 Symbolo
1473 2303 1638 2336 immutatio,
1650 2308 1676 2330 et
1692 2302 1745 2330 La-

963 2345 1012 2371 tini
1030 2349 1057 2371 et
1075 2353 1124 2372 nos
1140 2345 1266 2377 fatemur.
1283 2351 1309 2374 et
1323 2348 1414 2374 omnia
1428 2356 1489 2382 quae
1500 2350 1626 2384 congeris
1639 2350 1672 2377 ad
1687 2354 1743 2376 t-ur-

963 2390 1067 2417 bandos
1082 2391 1276 2425 simpliciores,
1289 2394 1494 2421 exsecrationes
1507 2394 1669 2427 horrendas,
1681 2402 1746 2422 ana-

964 2437 1066 2469 thema,
1079 2436 1260 2471 privationem
1280 2438 1437 2472 sacerdotii,
1460 2439 1592 2467 laicorum
1610 2449 1625 2467 a
1641 2440 1747 2468 Deosc-

962 2483 1148 2516 paralionem,
1171 2482 1261 2510 Latini
1277 2484 1324 2511 tibi
1338 2484 1504 2518 concedunt,
1520 2486 1566 2513 sed
1585 2487 1610 2513 in
1626 2494 1659 2514 eo
1682 2494 1748 2514 con—

963 2529 1104 2556 tradicunt
1122 2530 1194 2564 quod
1207 2534 1291 2562 taces,
1308 2531 1373 2564 quia
1388 2531 1500 2558 naribus
1527 2532 1581 2559 tuis
1592 2532 1678 2568 sinapi
1693 2538 1746 2561 est.

965 2573 1083 2601 Possunt
1098 2575 1171 2603 enim
1185 2574 1277 2601 Latini
1290 2581 1317 2602 et
1340 2583 1389 2603 nos
1414 2576 1510 2611 synodi
1534 2577 1691 2606 defensores
1712 2579 1748 2606 ita

965 2619 1014 2646 tibi
1044 2627 1217 2647 occurrere:
1254 2621 1325 2648 Bene
1356 2621 1436 2655 dicis,
1470 2624 1624 2651 venerande
1651 2626 1748 2659 praesul

960 2665 1091 2699 Ephesio,
1106 2670 1133 2693 et
1146 2673 1197 2693 nos
1213 2666 1270 2694 haec
1283 2667 1376 2695 eadem
1392 2667 1520 2702 fatemur,
1535 2669 1583 2696 sed
1599 2670 1699 2697 nullam
1711 2676 1752 2697 Ia-

960 2718 1020 2738 men
1042 2719 1091 2739 nos
1106 2712 1324 2741 immutationem
1352 2714 1378 2741 in
1395 2715 1586 2743 sacratissimo
1614 2716 1747 2751 Synubolo

960 2758 1045 2785 moliti
1058 2766 1166 2791 sumus.
1183 2767 1271 2795 neque
1287 2760 1463 2790 immutatum
1481 2763 1548 2790 illud
1576 2763 1694 2790 colimus
1723 2768 1752 2790 et

960 2811 1122 2830 veneramur
1151 2813 1215 2831 nam
1236 2813 1282 2834 ens
1293 2807 1338 2841 qui
1355 2807 1536 2835 immutarunt
1553 2808 1594 2835 vel
1606 2808 1752 2846 immutare

961 2850 1114 2882 audebunt,
1135 2858 1184 2878 nos
1203 2851 1283 2879 etiam
1302 2854 1469 2881 anathemati
1487 2854 1631 2881 tradimus.
1642 2853 1749 2882 Etenim
