1961 3070
195 105 263 136 1039

189 166 310 199 dogma;
333 163 433 190 veritas
463 167 554 190 autent
585 168 638 188 non
666 161 895 193 additamentum,
930 160 978 193 sed
996 163 1015 190 Α

188 210 346 245 explicatio,
363 215 388 236 ιιι
409 217 480 244 saepe
496 209 599 235 dictum
615 211 667 235 est.
683 206 761 239 Quod
773 214 838 234 vero
859 206 979 233 hortaris

189 262 216 284 ιιι
233 257 367 288 dicamus,
383 255 610 291 quemadmodum
630 253 707 280 initio
716 253 883 286 dicebamus,
895 260 981 287 quan-

189 303 224 330 do
243 311 297 330 non
308 307 366 331 erat
381 302 502 329 schisma
521 301 592 328 inter
605 307 667 332 nos,
700 298 726 326 id
741 306 807 326 sane
821 306 837 327 e
863 298 980 333 vestigio

189 350 317 377 falsitatis
335 349 459 384 v'guitur
479 357 486 375 :
503 348 639 382 siquidem
659 346 780 375 schisma
796 351 906 373 centum
918 350 979 380 post

188 395 332 428 septimam
349 394 482 429 synodum
508 393 588 420 anuis
620 398 709 419 orttun
748 397 789 418 est
815 391 979 418 auctoribus

189 440 320 467 llliehaele
337 440 501 474 imperatore
527 444 554 466 ct
567 438 664 465 Photio
677 437 841 473 patriarcha,
862 435 979 472 Symbo-

189 488 243 512 lum
262 493 326 515 vero
343 489 404 520 post
426 485 574 513 secundam
589 484 726 520 synodum
743 483 868 510 Romana
898 490 980 510 cane—

189 532 233 558 bat
248 531 380 564 Ecclesia,
399 531 471 559 sicut
488 531 569 558 hodie
586 530 670 563 canit,
689 535 757 558 teste
786 529 905 565 Georgio
918 528 979 556 Ari-

187 579 272 611 stino,
288 582 318 605 ut
333 579 464 606 diximus.
484 577 551 604 Nam
567 582 594 604 et
611 577 758 609 Maximus,
779 576 825 610 qui
839 575 889 602 fuit
917 580 980 602 ante

186 629 292 651 sextam
310 624 456 659 synodum,
473 627 589 650 testatur
602 623 653 649 hoc
673 621 700 648 iu
717 620 832 656 epistola
861 620 893 646 ad
924 619 979 646 Ma-

188 671 278 698 riuum
296 671 486 706 presbyterum
520 669 663 705 Cyprium,
691 668 841 695 Romanam
871 666 978 694 scilicet

188 718 336 746 Eeclesiam
358 718 393 743 ita
423 716 534 748 sentire,
550 716 590 743 sic
615 715 759 742 scribens:
779 712 977 749 Synodicarum

189 764 360 793 sanctissimi
379 771 455 799 papa;
467 763 586 795 Martini,
610 762 655 797 qui
674 769 746 788 nunc
757 759 892 794 praesidet,
906 758 978 785 litte-

189 819 293 844 rarum,
310 818 363 838 non
379 814 444 845 quot
463 809 512 844 ipsi
525 809 684 843 scripsistis,
702 807 802 842 capita,
817 804 977 833 Constanti-

189 856 339 892 nopolitani
352 858 490 888 noﬁaruut,
508 853 556 881 sed
570 853 624 880 duo
634 858 749 885 tantum,
761 858 878 887 quorum
895 857 978 876 unum
997 845 1016 873 Β

188 905 223 931 ad
237 903 328 930 diviua
345 906 460 935 spectat,
476 900 547 932 quod
576 899 686 932 dixerit,
724 899 861 934 inquiunt,
895 896 980 932 Spiri-

189 955 247 977 tum
261 953 387 977 sanetum
406 955 419 974 a
445 947 513 973 Filio
544 953 652 981 quoque
673 945 834 980 procedere,
865 949 892 971 et
922 951 981 978 qttze

189 1001 351 1030 sequuntur,
366 1002 400 1022 ne
415 994 522 1028 singula
542 992 690 1028 proferant.
727 991 817 1024 Quare
842 997 895 1017 non
931 989 982 1017 fuit

189 1043 266 1079 origo
277 1041 442 1073 schismatis,
458 1039 531 1074 quod
545 1045 571 1066 ιιι
582 1045 663 1066 vocas
679 1037 909 1069 additamentum,
934 1035 982 1063 sed

190 1092 313 1119 Romana
329 1089 448 1118 Ecclesia
485 1086 642 1124 Symbolum
671 1085 814 1118 recitabat,
845 1089 874 1111 ut
903 1083 982 1110 hodie

191 1138 290 1165 recitat
321 1145 329 1168 ;
360 1139 387 1163 ct
424 1142 485 1167 nos,
519 1133 626 1160 scilicet
658 1130 756 1164 Graeci,
787 1129 979 1160 reritahantus,

190 1191 218 1212 nt
246 1191 317 1210 nuuc
348 1182 474 1213 facimus,
506 1185 533 1208 et
559 1179 747 1206 schismanon
779 1180 838 1204 erat
872 1175 899 1202 in
934 1182 982 1201 no-

187 1231 242 1259 bis.
259 1230 377 1257 Possunt
400 1235 464 1262 ergo
492 1226 573 1254 etiam
595 1224 684 1252 Latini
706 1223 801 1250 iisdem
830 1221 862 1248 ad
892 1228 917 1248 te
943 1219 981 1247 uti

191 1277 322 1304 vocibus:
343 1274 497 1302 Redeamus
508 1272 541 1299 ad
557 1271 602 1297 illa
620 1275 751 1303 tempora,
769 1268 869 1302 quibus
893 1265 981 1300 juueti

189 1332 320 1354 eramus.
355 1325 383 1349 et
409 1329 457 1347 nos
501 1317 660 1354 Symbolum
691 1323 723 1343 eo
751 1314 830 1341 modo
863 1312 983 1348 profere-

191 1372 299 1403 bamus,
321 1375 375 1403 quo
406 1374 477 1392 mmc
492 1363 669 1399 proferimus,
695 1365 723 1388 ct
749 1367 796 1387 vos
812 1358 937 1386 similiter
952 1364 983 1384 eo

194 1417 275 1444 modo
310 1413 453 1445 dicebatis,
472 1419 527 1446 quo
556 1417 629 1436 nunc
665 1407 766 1439 dicitis,
786 1410 813 1432 et
840 1403 983 1431 unanimes

191 1471 304 1492 eramus
322 1471 330 1494 ;
348 1467 376 1489 et
403 1468 492 1494 neque
508 1466 557 1485 vos
570 1458 602 1485 de
619 1457 700 1484 nobis
725 1451 980 1489 conquerebamini,

192 1518 281 1545 neque
297 1516 346 1535 nos
363 1507 464 1542 pariter
476 1505 509 1532 de
525 1503 614 1532 vobis.
629 1502 712 1529 Miror
735 1505 825 1528 autem
844 1498 983 1535 quomodo

194 1531 281 1545 ..μνη
297 1531 345 1535 ..-_
363 1531 458 1542 rw“.
500 1531 505 1532 ,
852 1531 861 1535 _

194 1556 292 1593 synodi
322 1551 500 1581 atcumeuicae
528 1558 581 1577 non
611 1547 848 1583 reprehenderint,
881 1545 904 1572 si
933 1531 1019 1571 nosC

194 1603 383 1637 blasphemare
403 1599 537 1630 sciebant,
552 1601 581 1623 ut
597 1604 644 1623 vos
663 1602 735 1622 nunc
752 1594 843 1621 dicitis
859 1598 885 1619 et
900 1599 983 1637 acc‘u-

189 1649 261 1676 -s..tis
276 1656 283 1674 :
301 1646 389 1678 tertia,
407 1645 528 1678 inquam,
542 1644 648 1677 quarta,
662 1639 771 1675 quinta,
791 1641 915 1670 sexta,et
939 1644 984 1663 se-

197 1695 281 1728 ptima
298 1701 306 1726 ;
325 1699 414 1726 neque
444 1689 517 1717 enim
542 1685 680 1715 criminari
696 1685 819 1720 cmpistis
846 1683 897 1710 nisi
924 1686 984 1717 post

188 1741 331 1768 Plautium.
350 1737 443 1771 Itaque
455 1734 663 1765 conveniamus,
695 1732 878 1765 dicamusque
908 1728 983 1765 quod

194 1793 258 1815 ante
269 1787 389 1814 schisma
406 1782 576 1813 dicebamus,
609 1780 708 1814 ﬁetque
724 1783 754 1805 ut
778 1778 847 1804 idetn
876 1775 985 1810 utrique

194 1835 316 1861 dicamus
330 1841 337 1865 ;
356 1836 382 1859 et
392 1830 500 1858 tolletur
516 1828 647 1860 schisma,
666 1833 717 1860 pax
730 1829 820 1852 autem
833 1823 984 1857 subseque-

192 1889 236 1909 tur
250 1886 276 1907 et
298 1878 444 1908 concordia
464 1880 572 1910 ;alque
602 1874 639 1901 ita
664 1872 767 1900 erimus
799 1870 853 1897 Deo
877 1868 984 1895 favente

191 1927 340 1962 conjuncti.

529 2056 651 2084 El‘llES.

232 2109 293 2136 llaec
312 2108 434 2135 dicentes
449 2105 611 2132 videbamur
627 2101 719 2130 surdis
738 2099 850 2126 auribus
872 2103 982 2128 canere,

194 2155 368 2191 autlapidem
384 2159 514 2186 coquere,
531 2155 578 2178 aut
608 2149 714 2176 semina
739 2147 814 2174 saxis
843 2144 982 2175 mandare,

683 103 841 133 JOSEPlll
860 103 1135 134 ME'I‘IlONENSlS
1158 101 1330 133 ETISCOPI

1762 100 1830 131 1013

1033 169 1082 195 μεν
1095 168 1101 175 ·
1116 160 1260 195 προσθήκη
1279 159 1335 193 γὰρ
1350 159 1380 185 τό
1397 158 1537 193 ἀλλότριον
1552 158 1650 192 λέγοιτ’
1666 157 1699 184 ἃν
1718 157 1808 194 δόγμα
1819 166 1827 173 ·

1033 208 1048 242 ή
1065 207 1086 233 δ’
1102 207 1216 242 ἀλήθεια
1237 207 1266 233 οὐ
1284 206 1440 241 προσθήκη,
1453 206 1510 232 ἀλλ’
1525 205 1687 238 ἁνάπτυξις,
1702 205 1740 238 ὡς
1763 206 1828 232 πολ-

1032 254 1109 285 λάκις
1138 254 1260 288 είρηται.
1292 254 1353 279 Ὀτι
1385 253 1413 280 δὲ
1443 254 1600 288 παραινεῖς,
1627 252 1671 279 ἵνα
1700 252 1828 286 λέγωμεν

1032 300 1126 336 ὥσπερ
1154 300 1283 335 ἐλέγομεν
1311 301 1372 327 κατ’
1395 299 1495 335 ἀρχὰς,
1510 300 1554 326 ὅτε
1581 290 1631 326 οὑκ
1647 297 1681 334 ἧν
1707 299 1737 324 ἐν
1760 299 1828 333 ἡμῖν

1032 347 1145 381 σχίσμα,
1171 346 1267 374 τούτου
1300 346 1371 373 κατὰ
1401 346 1485 378 πόδας
1513 347 1527 373 ὁ
1554 345 1689 380 ἐλεγχος·
1714 345 1746 371 τὸ
1776 344 1827 378 μὲν

1032 392 1134 426 σχίσμα
1151 392 1219 427 μετὰ
1245 392 1293 426 τὴν
1309 392 1428 427 testsan
1454 392 1563 419 σύνοδον
1589 391 1687 418 ἑκατὸν
1701 391 1748 426 ἔτη
1765 391 1827 424 ὲγέ-

1031 446 1092 464 νετο
1115 439 1190 474 αἰτίᾳ
1214 438 1327 474 Μιχαὴλ
1351 440 1484 474 βασιλέως
1511 439 1559 465 καὶ
1572 438 1676 466 Φωτίου
1690 438 1828 473 πατριάρ-

1030 492 1090 518 χου,
1104 484 1133 510 τὸ
1155 484 1182 510 δὲ
1208 485 1347 519 Σύμὸολον
1370 485 1424 511 ἀπὸ
1450 485 1500 520 τῆς
1525 485 1656 520 δευτέρας
1681 485 1791 511 συνόδου
1808 485 1825 519 ἡ

1035 530 1179 565 Ῥωμαῖκή
1204 530 1291 562 οὕτως
1316 531 1431 564 ἔψαλλεν
1453 532 1614 564 Ἐκκλησία,
1631 531 1669 563 ὡς
1695 531 1753 566 ᾄδει
1776 533 1825 558 καὶ

1031 577 1162 612 σήμερον,
1179 577 1273 608 καθὼς
1294 579 1430 613 μαρτυρεῖ
1453 578 1591 613 Γεώργιος
1618 578 1633 604 6
1660 579 1824 614 ’Δριστινδς,

1030 623 1066 654 ὡς
1079 623 1187 658 ἔφημεν
1199 631 1205 638 ’
1223 625 1271 651 καὶ
1286 624 1415 658 Μάξιμος
1430 625 1458 650 δὲ
1475 626 1489 651 ὁ
1502 626 1556 659 πρὸ
1567 625 1617 660 τῆς
1633 625 1716 658 ἕκτης
1737 625 1826 660 ὑπάρ-

1030 677 1086 704 χων
1102 670 1212 695 συνόδου
1227 671 1362 705 μαρτυρεί
1376 670 1458 697 τοῦτο
1473 671 1502 697 ὲν
1515 672 1547 706 τῇ
1561 670 1690 705 ἐπιστολῇ
1706 671 1738 706 τῇ
1752 670 1823 706 πρὸς

1030 715 1154 750 Μαρῖνον
1179 716 1367 752 πρεσϐύτερον
1399 717 1532 752 Κύπρου,
1557 717 1595 749 ὡς
1629 718 1644 752 ή
1677 718 1823 752 Ῥωμαῖκὴ

1036 761 1186 796 Ἐκκλησία
1202 762 1306 797 ταύτην
1323 763 1379 798 ἔχει
1395 763 1445 798 τὴν
1458 763 1547 796 δόξαν,
1566 764 1656 798 λέγων
1671 765 1738 791 ὡδί·
1758 764 1822 790 Τῶν

1029 806 1076 834 τοῦ
1106 807 1154 834 νῦν
1193 809 1346 841 ἁγιωτάτου
1375 809 1476 836 πάππα
1503 811 1643 845 Μαρτίνου
1670 811 1820 838 συναδικῶν

1031 853 1080 879 οὐκ
1109 854 1137 878 ὲν
1161 853 1300 885 τοσούτοις
1330 855 1403 886 ὅσοις
1428 856 1588 890 γεγράφατε
1612 857 1772 891 κεφαλαίοις
1798 858 1823 884 οἱ

1031 899 1080 933 τῆς
1111 899 1249 934 βασιλίδος
1273 899 1328 927 τῶν
1359 901 1465 928 πόλεων
1496 902 1677 936 ἐπελάϐοντο,
1705 903 1767 930 δυσὶ
1795 903 1824 930 δὲ

1033 946 1140 980 μόνοις·
1171 944 1207 973 ὧν
1233 947 1264 973 τὸ
1290 948 1340 982 μὲν
1369 948 1488 983 ὑπάρχει
1513 951 1579 985 περὶ
1603 950 1763 985 θεολογίας.
1780 951 1823 977 ὅτι

1031 1001 1073 1024 τε,
1091 995 1184 1028 φησὶν,
1202 991 1280 1020 εἷπεν
1295 995 1498 1029 ἐκπορεύεσθαι
1523 997 1572 1023 καὶ
1594 997 1626 1024 ἐκ
1638 997 1684 1024 τοῦ
1704 997 1770 1024 Υἱοῦ
1791 999 1823 1023 τὸ

1034 1038 1144 1073 Πνεῦμκ
1159 1039 1189 1066 τὸ
1208 1040 1295 1074 ἅγιον,
1311 1041 1359 1068 καὶ
1385 1041 1418 1068 τὰ
1434 1041 1527 1075 λοιπὰ,
1545 1043 1589 1070 ἵνα
1606 1043 1644 1078 μὴ
1662 1043 1821 1070 καθέκαστα

1032 1085 1113 1118 λέγω.
1134 1085 1215 1112 Ὥστε
1242 1087 1276 1122 ἣν
1301 1087 1582 1124 λέγεις-προσθήκην,
1606 1090 1656 1116 οὐκ
1684 1088 1719 1126 ἦν
1747 1090 1823 1117 αἰτία

1032 1131 1079 1158 τοῦ
1107 1132 1267 1167 σχίσματος,
1284 1133 1342 1160 ἀλλ’
1370 1134 1386 1169 ἡ
1405 1133 1547 1170 Ῥωμαῖκὴ
1569 1135 1716 1170 Ἐκκλησία
1743 1135 1821 1169 ἔλεγε

1032 1179 1062 1204 τὸ
1082 1179 1230 1213 Σύμϐολον,
1247 1180 1341 1215 ὥσπερ
1365 1181 1439 1215 λέγει
1467 1183 1512 1208 καὶ
1530 1182 1661 1217 σήμερον,
1677 1182 1724 1208 καὶ
1741 1183 1823 1217 ἡμεῖς

1033 1225 1170 1260 ἐλέγομεν,
1187 1226 1211 1252 οἱ
1228 1226 1340 1260 Γραικοὶ
1359 1227 1494 1262 δηλονότι,
1512 1227 1607 1262 ὥσπερ
1626 1229 1673 1255 καὶ
1690 1229 1822 1263 σήμερον,

1033 1271 1081 1297 καὶ
1108 1271 1211 1306 σχίσμα
1233 1273 1283 1298 οὐκ
1307 1270 1342 1308 ἦν
1362 1273 1393 1299 ὲν
1416 1274 1492 1308 ἡμῖν.
1514 1273 1620 1301 Οὐκοῦν
1641 1274 1769 1301 δύνανται
1792 1274 1825 1301 τὸ

1033 1317 1100 1344 αὑτδ
1112 1317 1159 1344 καὶ
1172 1318 1195 1344 ol
1209 1317 1317 1345 Λατῖνοι
1335 1319 1402 1354 πρός
1429 1328 1459 1346 σε
1480 1321 1568 1346 εἰπεῖν
1584 1328 1592 1335 ·
1613 1320 1823 1356 Ἐπανὲλθωμεν

1033 1363 1074 1395 εἰς
1100 1364 1203 1390 ἐκεῖνον
1230 1364 1276 1391 τὸν
1309 1365 1415 1400 καιρὸν,
1435 1366 1496 1392 καθ’
1520 1366 1550 1393 ὃν
1576 1367 1713 1402 ἡνωμέναι
1740 1365 1823 1402 ἦμεν,

1035 1410 1081 1435 καὶ
1097 1410 1178 1444 ἡμεῖς
1198 1410 1330 1446 ἐλέγομεν
1346 1413 1376 1438 τὸ
1394 1412 1534 1446 Σύμὸολον
1558 1413 1654 1448 ὥσπερ
1674 1414 1722 1440 καὶ
1739 1415 1824 1449 σήμε-

1036 1464 1093 1491 ρον,
1111 1457 1158 1482 καὶ.
1180 1457 1258 1492 ὑμεῖς
1283 1458 1384 1492 ὁμοίως
1398 1458 1492 1494 ὥσπερ
1518 1461 1565 1486 καὶ
1584 1461 1704 1495 σήμερον
1719 1461 1824 1495 λέγετε,

1036 1503 1083 1529 καί
1108 1500 1178 1538 ἦμεν
1205 1505 1232 1530 ὲν
1257 1505 1379 1540 ὁμονοίᾳ,
1398 1506 1446 1532 καὶ
1472 1505 1533 1533 οὔτε
1564 1507 1644 1542 ὑμεῖς
1669 1508 1824 1536 ἑνεκα),εῑτε

1035 1550 1114 1584 ἡμῖν,
1129 1549 1190 1576 οὔτε
1203 1551 1284 1585 ἡμεῖς
1311 1552 1387 1586 ὑμῖν.
1403 1553 1542 1588 Θαυμάζω
1556 1554 1595 1586 δὲ,
1615 1554 1674 1586 πῶς
1695 1556 1722 1581 αἱ
1737 1555 1826 1582 obmu-

1038 1597 1149 1631 μενικαὶ
1170 1598 1274 1624 σύνοδοι
1305 1598 1355 1624 οὐκ
1383 1599 1556 1633 ἐνεκάλεσαν,
1571 1601 1595 1627 εί
1623 1601 1724 1636 ᾔδεσαν
1750 1603 1825 1637 ἡμᾶς

1037 1642 1276 1677 β).ασφημοῦιτας,
1291 1643 1387 1680 ὥσπερ
1410 1645 1489 1679 ὑμεῖς
1505 1646 1597 1680 λέγετε
1613 1647 1662 1674 νῦν
1678 1648 1725 1674 καὶ
1740 1649 1825 1682 ἐγκα-

1035 1687 1106 1715 λεῖτε
1123 1690 1208 1723 ἡμῖν·
1224 1690 1295 1723 λέγω
1308 1691 1335 1717 δὲ
1352 1692 1368 1726 ἡ
1386 1693 1502 1727 τρίτη,ή
1519 1694 1650 1729 τετάρτη,
1664 1695 1680 1728 ή
1697 1695 1823 1730 πέμπτη,

1036 1736 1052 1771 ή
1067 1736 1144 1770 ἕκτη,
1160 1737 1207 1763 καὶ
1223 1737 1239 1771 ἡ
1256 1737 1358 1773 ἑϐδόμη
1369 1747 1376 1754 ·
1393 1739 1448 1765 οὐδ’
1468 1740 1548 1775 ὑμεῖς
1571 1741 1737 1772 ὲνεκαλεῖτε,
1754 1743 1825 1768 ἀλλὰ

1037 1780 1108 1815 μετὰ
1138 1781 1184 1807 τὸν
1211 1781 1314 1809 Φώτιον
1342 1783 1388 1810 καὶ
1419 1784 1470 1811 ἔτι.
1500 1785 1678 1821 Συνέλθωμεν
1702 1787 1760 1821 οὖν,
1777 1789 1826 1815 καὶ

1036 1825 1157 1860 εἴπωμεν
1180 1828 1250 1862 ὅπερ
1281 1829 1410 1863 ἐλέγομεν
1437 1830 1489 1865 πρὸ
1515 1830 1562 1858 τοῦ
1585 1831 1745 1868 σχίσματος,
1777 1836 1825 1861 καὶ

1036 1873 1243 1907 εὑρεθησόμεθα
1270 1874 1304 1900 τὰ
1336 1875 1407 1901 αὐτὰ
1431 1875 1555 1910 λέγοντες
1583 1878 1745 1913 ἀμφότεροι,
1775 1882 1825 1907 καὶ

1037 1917 1173 1945 παύσεται
1199 1918 1230 1944 τὸ
1262 1919 1376 1954 σχίσμα,
1397 1921 1614 1958 ἐπακολουθήσει
1639 1924 1668 1950 δὲ
1689 1925 1705 1960 ή
1727 1927 1827 1963 εἰρήνη

1037 1972 1066 1989 τε
1083 1964 1130 1990 καὶ
1145 1963 1258 1999 ὁμόνοια
1269 1972 1277 1980 ⁸
1293 1966 1340 1992 καὶ
1363 1965 1451 1998 οὕτως
1474 1967 1592 2002 ἐσόμεθα
1615 1970 1665 1996 σὺν
1679 1971 1738 2006 Θεῷ
1757 1973 1828 2006 ήυω-

1038 2009 1123 2044 μένοι.

1383 2058 1475 2086 ΕΦΕΣ.

1072 2101 1165 2128 Ταῦτα
1184 2101 1311 2136 λέγοντες
1327 2105 1410 2140 κενὴν
1425 2105 1560 2141 ἐῴκειμεν
1576 2108 1700 2143 ψάλλειν,
1719 2112 1734 2146 ἢ
1751 2113 1827 2140 λίθον

1037 2149 1123 2183 έψείν,
1139 2149 1156 2184 ἢ
1173 2150 1243 2176 κατὰ
1259 2151 1366 2186 πετρῶν
1381 2152 1515 2187 σπείρειν,
1536 2153 1551 2188 ἦ
1574 2154 1635 2181 καθ’
1650 2156 1742 2191 ὑγρῶν
1756 2161 1827 2193 γρά-

194 2208 242 2230 aut.
259 2190 285 2229 in
298 2208 368 2235 aqua
382 2199 513 2231 scribere,
543 2200 591 2222 aut
618 2193 750 2229 quidquid
777 2191 850 2219 aliud
878 2190 982 2224 adugiis

1038 2204 1109 2229 φειν,
1125 2196 1141 2230 ἢ
1157 2196 1208 2223 ὅσα
1232 2197 1300 2223 ἄλλα
1321 2197 1368 2224 ἐπὶ
1388 2199 1445 2230 τοῖς
1465 2198 1606 2231 ἀδυνάτοις
1625 2201 1653 2227 αἱ
1678 2190 1827 2238 παροιμίαι

194 2247 382 2283 significamus
395 2245 428 2272 ad
443 2241 621 2278 CXprimeuda
631 2238 822 2274 impossibilia.

541 2286 639 2314 BESP.

233 2337 440 2367 Possuntetiam
455 2334 545 2361 Latini
567 2331 732 2368 respondere
747 2330 797 2358 tibi
814 2337 860 2365 per
870 2330 966 2364 adagia
979 2339 985 2356 :

195 2386 323 2420 JEthiops
349 2391 402 2410 non
422 2381 566 2409 dealbatur
591 2388 598 2412 ;
615 2378 698 2406 littori
721 2377 858 2412 loquimur
875 2385 882 2404 :
901 2385 988 2412 neque

195 2431 268 2459 enim
285 2435 314 2457 tu
330 2428 492 2459 auscultas;
506 2425 596 2453 fabula
622 2426 682 2452 sine
700 2424 790 2459 capite
806 2432 812 2450 :
829 2423 986 2458 imperfecta

194 2476 270 2504 enim
299 2475 431 2507 dicis;et
455 2472 507 2500 alia
534 2477 706 2505 quascunque
740 2469 767 2496 in
807 2474 987 2496 contemnet-5

188 2525 366 2556 «usurpentur
379 2525 406 2547 et
420 2521 589 2554 arrogantes.
605 2517 820 2551 lnobsequentes
828 2516 900 2542 enim
916 2524 986 2542 ltlllt-

187 2575 279 2602 quam
297 2566 493 2600 obsequentur.
508 2564 545 2591 Ita
560 2564 639 2599 plane
652 2566 679 2590 et
692 2566 721 2588 tu
735 2569 743 2589 :
771 2561 860 2589 visum
875 2562 922 2588 tibi
947 2567 987 2590 es:

190 2619 311 2640 manere
338 2612 365 2638 in
386 2611 533 2638 schismate
557 2614 584 2636 et
616 2608 801 2643 seiunctione,
828 2607 988 2635 seductione

197 2665 224 2687 et
238 2658 389 2694 pravitate;
405 2662 431 2685 et
443 2656 578 2687 mansisti,
592 2655 820 2691 permanebisque
828 2654 910 2681 etiam
927 2659 987 2688 post

194 2710 314 2733 mortem
329 2705 354 2731 in
371 2704 441 2738 ipso.
456 2704 491 2730 At
510 2710 574 2730 vero
592 2702 636 2736 qui
660 2709 737 2729 suam
758 2705 889 2736 expetunt
912 2701 987 2729 salu-

191 2757 262 2784 tem,
286 2759 340 2778 nou
357 2751 405 2783 ita,
439 2756 529 2784 neque
555 2755 638 2775 aures
660 2753 706 2774 aut
723 2749 819 2775 oculos
842 2748 985 2782 claudunt,

196 2800 243 2825 sed
263 2798 377 2824 audiunt
398 2802 426 2824 et
446 2797 547 2829 vident,
567 2799 594 2822 et
618 2795 769 2830 intelligere
786 2795 882 2822 volunt
912 2797 986 2830 quod

194 2845 292 2871 melius
307 2849 333 2871 et
347 2843 439 2871 utilius
461 2847 502 2870 est
519 2841 552 2869 ad
568 2847 645 2869 suam
663 2840 785 2874 ipsorum
801 2841 926 2867 salutent.
945 2841 983 2868 Tu

1039 2242 1130 2276 φασίν.

1382 2291 1484 2318 ΑΠΟΛ.

1077 2336 1131 2362 Καὶ
1146 2337 1256 2363 Λατῖνοι
1277 2336 1406 2363 δύνανται
1421 2338 1453 2364 ὲκ
1466 2337 1521 2363 τῶν
1535 2340 1693 2374 παροιμιῶν
1711 2341 1779 2375 πρὸς
1795 2343 1824 2368 σὲ

1038 2381 1183 2416 ἀντερεῖν·
1202 2383 1299 2418 Αἰθίοψ
1319 2383 1350 2409 οὗ
1377 2382 1549 2411 λευκαίνεται
1563 2392 1570 2406 τ
1594 2386 1711 2421 αἰγιαλῷ
1733 2388 1829 2414 λαλοῦ-

1040 2436 1090 2462 μεν
1105 2436 1112 2443 ”
1136 2429 1251 2463 ἀνήκοος
1289 2430 1344 2465 γὰρ
1381 2431 1533 2465 ὑπάρχεις⁸
1557 2431 1694 2466 ἀκέφαλος
1720 2434 1805 2469 μῦθος
1821 2443 1827 2449 ·

1039 2473 1123 2508 ἀτελῆ
1144 2474 1197 2510 γὰρ
1223 2475 1313 2510 λέγεις
1326 2483 1333 2490 ·
1351 2477 1397 2502 καὶ
1413 2477 1465 2503 ὅσα
1483 2476 1551 2504 ἄλλα
1567 2479 1612 2505 ἐπὶ
1629 2479 1683 2505 τῶν
1701 2480 1826 2515 ἀνηκόων

1040 2520 1087 2546 καὶ
1103 2520 1241 2552 ἀλαζόνων
1265 2522 1292 2548 αι
1307 2523 1455 2557 παροιμίαι
1468 2523 1596 2558 λέγουσιν
1609 2533 1615 2539 ·
1632 2525 1758 2558 ἀπειθεῖς
1772 2527 1827 2560 γὰρ

1040 2565 1168 2593 οὐδέποτε
1185 2567 1336 2596 πείσονται.
1354 2568 1432 2595 Οὕτω
1449 2570 1495 2597 καὶ
1509 2570 1542 2597 σύ
1555 2579 1563 2587 ·
1589 2571 1662 2604 ἔδοξέ
1675 2580 1717 2599 σοι
1736 2573 1828 2608 μένειν

1039 2612 1068 2638 ὲν
1082 2613 1121 2647 τῷ
1138 2612 1269 2648 σχίσματι
1285 2616 1333 2642 καὶ
1355 2616 1394 2651 τῷ
1416 2617 1562 2653 χωρισμῷ,
1581 2619 1614 2653 τῇ
1630 2619 1719 2655 πλάνῃ
1735 2628 1765 2651 τε
1781 2621 1828 2646 καὶ

1039 2658 1135 2694 κακίᾳ,
1163 2660 1210 2686 καὶ
1241 2660 1328 2692 οὕτως
1353 2661 1474 2696 ἔμεινας,
1501 2664 1530 2690 ἐν
1556 2662 1578 2699 ᾧ
1603 2666 1650 2692 καὶ
1683 2666 1752 2700 μετὰ
1784 2667 1831 2693 τὸν

1041 2703 1155 2732 θάνατον
1168 2706 1307 2741 διαμενεϊς
1322 2709 1368 2734 καὶ
1384 2709 1433 2745 ἑσῃ
1449 2709 1502 2737 ἀεί.
1527 2711 1597 2737 Ἀλλ’
1615 2712 1639 2738 οἱ
1653 2712 1702 2747 τῆς
1723 2712 1829 2739 ἑαυτῶν

1040 2750 1201 2786 ὀρεγόμενοι
1226 2754 1368 2788 σωτηρίας
1387 2755 1435 2789 οὐχ
1451 2755 1547 2789 οὕτως,
1563 2757 1624 2783 οὐδὲ
1643 2757 1765 2785 κλείουσι
1781 2759 1830 2789 τὰς

1040 2798 1142 2829 ἀκοὰς,
1175 2799 1234 2825 οὐδὲ
1269 2801 1331 2831 tot);
1362 2801 1518 2836 ὀφθαλμοὺς
1554 2804 1746 2839 καμμύουσιν,
1773 2805 1831 2831 ὢν

1041 2844 1170 2872 ἀκούουσι
1201 2845 1247 2872 καὶ
1272 2846 1401 2881 βλέπουσι
1433 2850 1477 2875 καὶ
1511 2851 1633 2876 συνιέναι
1667 2851 1774 2878 θελουσι
1802 2853 1832 2879 τὸ
