1961 3070
130 184 189 216 lilii

633 191 853 223 HEF‘UTATIO
875 194 994 225 ΜᾹΒΕΙ
1016 197 1212 229 ΕΡΠΕΒΞἪ.

1682 203 1761 235 Η)ἱῖ

128 241 249 276 κρεῖττόν
275 251 304 268 τε
327 244 375 270 καὶ
400 245 539 280 συμφέρον
567 247 616 282 τῆς
639 249 777 284 σωτηρίας
805 250 908 279 αὐτῶν.

967 261 1026 280 vero
1043 254 1151 281 noluisti
1168 277 1174 285 .
1197 256 1243 282 sed
1262 255 1376 290 superba
1392 257 1425 283 de
1438 261 1463 284 te
1479 257 1536 291 ipso
1550 259 1678 293 opinione
1703 262 1750 288 de-

127 288 159 314 Σὺ
182 288 210 314 δὲ
231 288 281 315 οὐκ
303 289 451 326 ἠθέλησας,
478 292 545 319 ἀλλὰ
569 294 601 328 τῇ
631 295 719 330 οίήσει
745 296 909 331 ἀπατηθεὶς,

126 334 325 371 φρονιμώτερος
356 337 404 364 καὶ
435 338 590 374 σοφώτερος
622 340 677 375 ᾤου
707 341 757 376 τῆς
793 343 908 369 συνόδου

126 378 193 407 εἷναί
214 390 245 407 σε
268 382 370 417 πάσης,
396 383 465 418 ὅπερ
489 385 539 419 τῆς
563 386 652 421 ἄκρας
679 387 784 422 μωρίας
810 389 911 424 δεῖγμα

125 424 168 460 ἦν.
180 426 227 453 ἕνα
244 427 390 462 ἄνθρωπον
408 429 547 463 βέλτιστον
555 429 629 458 εἶναι
646 432 737 467 πάσης
755 433 805 467 τῆς
820 435 911 461 οἰκου-

126 471 208 505 μένης
220 479 227 486 ’
247 471 296 498 ἕνα
318 473 384 508 πρὸς
400 473 447 501 ἕνα
463 474 520 510 ἔχει
535 475 581 501 καὶ
600 476 688 510 λόγον,
712 477 803 512 πάσης
819 478 846 504 δὲ
861 478 910 512 τῆς

132 517 294 552 Ἑκκλησίας
309 519 408 551 κοινῶς
425 520 606 555 συνελθούσης
619 522 668 549 ἕνα
683 522 821 557 βέλτιστον
839 522 909 550 εἶναι

125 563 252 591 ἀδύνατον
278 565 419 597 παντελῶς
430 574 436 579 ·
455 567 479 593 εί
492 567 520 594 δὲ
549 569 586 603 μή
606 577 648 603 γε,
663 569 711 596 καὶ
726 569 847 605 Ἄρειος,
864 569 910 596 καὶ

127 610 267 645 Εὐνόμιος,
282 612 330 638 καὶ
353 612 378 638 oi
399 612 489 647 ἕτεροι
505 613 562 639 τῶν
573 614 774 648 οίκουμενικῶν
790 616 910 642 συνόδων

125 656 215 692 ἐχθροὶ
229 655 312 684 ταυτὸ
327 657 407 685 τοῦτο
426 659 559 693 φήσουσιν
570 668 577 675 ·
591 660 648 686 ἀλλ’
666 661 716 688 οὐκ
731 661 815 689 ἔστιν.
828 662 911 688 Ὅθεν

125 703 175 729 ἔδει
192 703 240 730 καὶ
258 703 288 730 σὲ
315 704 364 740 τὴν
383 704 515 740 ἀλήθειαν
540 707 652 740 γνόντα.
669 708 716 733 καὶ
732 708 787 734 τῶν
801 708 910 735 πολλῶν

125 749 287 783 ἀκούσαντα,
302 752 352 785 τὴν
365 751 497 786 διχόνοιαν
510 753 588 779 ἐᾶσαι
604 753 651 779 καὶ
663 753 693 780 τὸ
708 754 848 788 ἐπτμονον,
863 756 910 782 καὶ

125 796 171 832 τὴν
188 797 305 831 ματαίαν
320 797 454 832 πρόληψιν
471 798 517 824 κοιλ¹
533 799 644 832 κακίαν,
659 801 706 828 καὶ
721 801 857 836 ἑνωθῆναι
873 803 907 837 τῇ

124 844 177 871 τῶν
200 846 304 873 πολλῶν
328 845 476 878 ἀποφάσει.
491 846 591 880 μᾶλλον
606 847 634 874 δὲ
654 848 688 882 τῇ
710 846 847 880 ἀποφάσει
861 847 911 883 τῆς

129 893 302 928 Ἐκκλησίας.

468 943 563 970 ΕΦΕΣ.

165 991 280 1017 Ἐκεῖνοι
296 991 351 1026 γὰρ
369 991 426 1022 τοῖς
443 992 493 1026 μὲν
509 991 633 1027 ἐλέγχοις
649 993 909 1027 στενοχωρούμενοι,

125 1037 267 1072 διόρθωσιν
298 1037 326 1064 δὲ
355 1037 483 1072 οὐδαμῶς
517 1038 647 1072 οὐδεμίαν
677 1039 909 1074 παραδεχόμενοι,

124 1083 168 1109 διὰ
191 1084 220 1110 τὸ
242 1084 359 1115 ἀνιάτως
376 1084 457 1119 ἔχειν,
472 1085 509 1114 ὡς
527 1085 611 1116 ἔοικε,
630 1086 806 1120 παρεκάλουν
835 1086 910 1121 ἡμᾶς

125 1131 171 1158 ἐπὶ
182 1131 232 1165 τὴν
247 1131 371 1163 ἐξέτασιν
396 1131 547 1166 μεταϐῆναι
570 1131 617 1158 τοῦ
631 1128 776 1166 δόγματος,
793 1133 830 1163 ὡς
853 1133 912 1159 ἔκαι-

125 1177 178 1203 νῶν
193 1178 242 1212 ἥδη
272 1178 410 1212 ῥηθέντων
426 1178 480 1205 τῶν
505 1178 550 1204 ἐπὶ
576 1181 609 1213 τῇ
635 1178 780 1214 προσθήκῃ
805 1178 911 1212 λόγων·

125 1225 242 1260 οἰόμενοι
272 1225 307 1251 δι’
329 1225 442 1252 ἐκείνων
474 1225 528 1251 τῶν
558 1225 647 1258 λόγων
678 1227 850 1253 ὲπισκιὰσειν
882 1226 912 1253 τό

125 1271 171 1298 τοῦ
193 1271 330 1307 Συμϐόλου
355 1272 493 1307 τόλμημα,
509 1273 557 1308 τῆς
583 1272 661 1307 δόξης
685 1272 779 1306 ὑγιοῦς
805 1273 912 1300 δεικνυο

128 1319 223 1354 μένης-

466 1366 569 1393 ΑΠΟΔ.

161 1413 193 1440 υἱ
218 1414 273 1443 τοὶς
298 1413 420 1447 ἐλέγχοις
443 1412 694 1448 στενοχωρηοέντες
719 1412 860 1447 φαίνονται
884 1413 913 1439 ἒν

125 1461 181 1490 τοῖς
205 1459 371 1492 Πρακτικοῖς
395 1460 444 1494 τῆς
472 1459 602 1486 συνόδου·
631 1459 740 1493 ἐλέγετε
766 1459 839 1495 γὰρ,
866 1459 913 1486 καὶ

129 1505 234 1539 πρῶτος
252 1505 380 1531 ἁπάντων
397 1505 429 1531 σὺ
441 1525 448 1536 ,
466 1505 508 1532 ὃτι
526 1505 754 1541 Διαζευχθῶμεν,
772 1506 914 1540 διαιρεθῶ-

130 1559 193 1584 μεν;
210 1551 375 1585 ἀπέλθωμεν
388 1558 395 1566 ·
411 1551 435 1578 οἱ
452 1551 561 1577 Λατῖνοι
578 1551 654 1585 σοφοὶ
669 1552 715 1578 καὶ
730 1553 848 1585 γενναῖοι
866 1552 912 1579 ἇν-

962 304 1069 333 ceptus,
1093 301 1192 335 putasti
1213 301 1339 328 universa
1366 307 1391 329 te
1410 303 1515 338 synodo
1544 304 1749 337 prudentiorem

961 354 1023 374 esse
1037 352 1063 374 et
1082 347 1252 381 doctiorem;
1279 349 1350 383 quod
1379 354 1508 376 extremae
1523 350 1645 378 stultitia:
1668 359 1751 386 argu-

962 397 1084 427 mentum
1101 398 1153 426 est,
1184 402 1268 421 unum
1300 395 1405 422 scilicet
1431 395 1570 422 hominem
1589 397 1752 424 antecellere

962 438 1111 467 universis.
1141 438 1263 475 Esto,_si
1288 449 1373 468 unutn
1400 449 1460 469 cum
1488 449 1543 469 uno
1561 441 1695 475 conferas,
1725 443 1750 470 id

961 486 1034 512 enim
1048 486 1177 514 credibile
1189 492 1231 514 est
1243 496 1250 520 ;
1268 492 1294 513 at
1309 487 1435 514 universa
1450 488 1573 516 Ecclesia
1587 494 1751 524 congregata

963 539 1046 558 unum
1059 531 1193 559 hominem
1205 540 1265 560 esse
1281 535 1494 567 prtestantiorcm
1506 534 1616 561 omnino
1641 540 1682 562 est
1699 535 1751 561 im-

961 577 1093 611 possibile
1108 587 1115 605 :
1134 577 1256 613 alioquin
1278 583 1304 606 et
1317 579 1409 613 Arius,
1425 583 1452 607 et
1466 579 1628 613 Eunomius,
1646 586 1673 608 et
1690 581 1751 607 reli-

962 623 1009 656 qui
1039 624 1208 657 generalium
1239 624 1418 652 conciliorum
1456 625 1548 652 hostes
1584 626 1635 653 hoc
1663 626 1750 659 ipsum

962 669 1073 701 dicent;
1094 677 1185 696 verum
1202 669 1226 696 id
1250 670 1307 697 lieri
1329 678 1382 697 non
1405 675 1502 705 potest.
1522 671 1609 703 Quare
1629 676 1653 698 te
1668 671 1748 698 etiam

961 716 1105 748 oportebat
1118 716 1209 750 agnita
1228 716 1343 744 veritate
1363 717 1462 745 multos
1481 718 1585 750 audire,
1600 718 1750 745 disscnsio-

962 769 1078 796 nemque
1112 766 1139 789 et
1171 763 1350 796 pervicaciam
1383 768 1410 790 et
1437 771 1533 790 vanam
1564 764 1636 790 illam
1668 772 1748 798 quam

962 806 1080 834 habebas
1097 807 1189 835 animo
1209 813 1378 843 anteceptam
1403 809 1559 844 opinionem
1585 817 1617 836 ac
1639 817 1750 844 perver-

962 854 1068 881 sitatem
1081 854 1234 888 deponere;
1251 859 1278 883 et
1297 856 1458 888 multorum,
1478 856 1533 883 imo
1546 863 1609 883 vero
1624 855 1752 884 Ecclesiae

963 898 1124 925 sententiain
1139 900 1229 934 sequi.

1291 945 1413 974 EPHES.

998 988 1037 1016 lili
1061 990 1132 1016 enim
1158 991 1326 1025 argumentis
1353 991 1483 1024 convicti,
1503 997 1530 1020 et
1557 993 1583 1019 in
1609 994 1751 1027 angusdas

962 1035 1074 1069 redacti,
1095 1035 1195 1063 nullam
1207 1043 1271 1063 vero
1286 1044 1401 1071 prorsus
1419 1038 1636 1065 emendationem
1650 1040 1752 1066 admit-

964 1085 1060 1113 tentes,
1076 1081 1160 1114 quod,
1175 1085 1204 1108 ut
1216 1087 1338 1116 apparet,
1352 1082 1446 1109 morbo
1458 1083 1581 1110 laborent
1592 1083 1750 1116 insanabili,

963 1126 1141 1153 hortabantur
1166 1135 1227 1160 nos,
1255 1132 1284 1154 ut
1314 1128 1347 1155 ad
1378 1128 1584 1163 inquisitionem
1616 1130 1751 1164 dogmatis

964 1173 1153 1207 transiretnus,
1173 1174 1245 1208 quod
1264 1178 1337 1202 esset
1351 1175 1384 1202 de
1402 1175 1586 1202 additameuto
1609 1177 1675 1203 satis
1694 1176 1749 1210 jam

963 1214 1066 1246 dictum
1084 1227 1091 1245 :
1109 1219 1151 1246 his
1180 1219 1271 1247 verbis
1287 1220 1476 1247 existimantes
1495 1221 1595 1255 obtegi,
1624 1221 1696 1255 quod
1722 1223 1749 1248 in

964 1264 1091 1300 Symbolo
1105 1270 1170 1292 sunt
1195 1266 1267 1299 ausi,
1292 1265 1315 1293 si
1333 1266 1425 1300 opinio
1449 1274 1515 1294 sana
1533 1274 1594 1294 esse
1622 1267 1751 1302 probare-

964 1315 1016 1338 tur.

1311 1361 1407 1388 RESP.

999 1405 1050 1438 Qui
1079 1405 1180 1433 fuerint
1205 1414 1253 1441 per
1273 1411 1433 1439 argumenta
1456 1407 1641 1440 coaugustati,
1662 1405 1753 1432 deela-

965 1457 1027 1478 rant
1046 1452 1112 1479 Acta
1133 1452 1241 1487 synodi.
1258 1451 1394 1480 Dicebatis
1420 1453 1504 1485 enim,
1526 1458 1551 1479 et
1568 1452 1672 1487 primus
1691 1459 1751 1477 om<

966 1498 1042 1525 nium
1058 1503 1086 1526 tu
1103 1507 1110 1525 :
1129 1499 1335 1537 Disjungamur,
1364 1499 1530 1529 dividantur,
1554 1499 1751 1530 abscedamus;

966 1545 1056 1572 Latini
1077 1545 1127 1572 viri
1144 1545 1215 1572 dooti
1228 1551 1254 1572 et
1266 1549 1427 1580 praestantes
1446 1546 1548 1572 virtute
1563 1551 1637 1573 sunt.
1651 1551 1677 1572 ct
1693 1545 1752 1571 dia-

127 1598 188 1631 δρες
210 1597 280 1629 εἰσὶ,
299 1598 347 1623 καὶ
364 1596 533 1623 διαλεκτικοὶ.
550 1597 754 1632 ἐμπειρότατοι.
774 1597 805 1625 Εἰ
823 1598 869 1624 οὖν
887 1599 914 1625 ἐν

968 1591 1070 1619 lectica:
1091 1591 1261 1626 peritissimi.
1282 1591 1360 1625 Quod
1379 1593 1401 1620 si
1419 1593 1446 1619 in
1461 1592 1646 1627 disputatione
1658 1592 1690 1618 de
1705 1591 1753 1618 ad-

127 1643 184 1673 1oi;
201 1641 265 1675 περὶ
279 1642 327 1676 τὴν
342 1640 505 1676 προσθήκην
519 1641 609 1674 λόγοις
624 1641 763 1676 ἐφάνησαν
777 1640 848 1667 οὕτω
863 1642 915 1668 δει-

129 1688 186 1718 ννὶ,
205 1687 275 1714 ὥστε
295 1689 431 1724 μηδεμίαν
447 1689 596 1722 ἀπολογίαν
612 1688 808 1723 ὑπολειφθῆναι
829 1690 895 1723 ἡμῖν
907 1711 913 1721 ,

128 1735 201 1767 τίνες
217 1736 249 1762 ἂν
265 1735 416 1770 γένωνται,
433 1737 497 1762 ὅταν
514 1736 578 1770 περὶ
593 1737 642 1769 τῆς
660 1735 739 1771 δόξης
754 1735 803 1771 τὴν
819 1736 915 1768 ἐξέτα-

129 1793 172 1809 cw
186 1783 377 1817 ποιησώμεθα,
391 1783 458 1809 ὅπου
475 1782 522 1809 καὶ
536 1782 713 1813 διδασκάλους
728 1782 778 1816 τῆς
797 1782 912 1816 Ἐκκλη-

129 1830 190 1862 eia;
202 1829 298 1865 ’ἔχουσι
314 1830 415 1863 δεῖξαι,
431 1829 481 1865 τὴν
495 1829 658 1864 ἐκπόρευσιν
671 1829 718 1856 τοῦ
736 1828 814 1864 ἁγίου
831 1829 916 1856 [Iw-:6-

131 1885 215 1910 ματος
231 1877 277 1902 καὶ
293 1875 332 1911 τῷ
348 1876 405 1911 Υἱῷ
421 1876 560 1909 διδόντας
578 1875 679 1903 Λοιπὸν
697 1875 831 1911 συμφέρει
850 1877 916 1910 ἡμῖν

129 1923 267 1954 ἀπελθεῖν,
292 1923 308 1957 ἢ
334 1922 486 1957 ἡττηθῆναι
512 1923 560 1949 καὶ
586 1922 645 1957 μετ’
660 1921 791 1957 αἰσχύνης
816 1923 917 1949 ἐπανα-

129 1970 256 2005 στρέψαι.
276 1969 370 1996 Ταῦτα
387 1970 437 2003 μὲν
454 1969 576 2003 ἐλέγετε,
596 1968 704 2003 ἀληθῶς
721 1970 777 1999 τοῖς
795 1969 918 2003 ἐλέγχοις

130 2017 209 2049 ὑμεῖς
227 2015 491 2050 στενοχωρούμενοι.
506 2014 655 2050 Διόρθωσιν
669 2015 698 2042 δὲ
714 2015 790 2050 παρὰ
806 2016 852 2042 σοῠ
867 2015 917 2049 τὴν

137 2061 295 2096 Ῥωμαϊκὴν
319 2061 447 2094 δέξασθαι
468 2061 632 2096 Ἐκκλησίαν
658 2062 707 2088 οὐκ
730 2062 799 2088 ἔδει·
824 2062 917 2096 ἐκείνη

130 2110 186 2143 γὰρ
210 2109 305 2135 πασῶν
327 2109 490 2144 κυϐερνῆτίς
516 2109 592 2140 ἐστι,
619 2110 667 2136 καὶ
691 2111 752 2141 ταῖς
776 2109 918 2141 νοσούσαις

129 2156 186 2181 τῶν
200 2155 353 2189 ἐκκλησιῶν
369 2156 461 2191 ἰατρὸς
474 2155 684 2190 ἐμπειρότατος,
702 2155 776 2191 παρὰ
789 2155 834 2182 τοῦ
851 2157 918 2191 Χρι-

131 2200 194 2226 στοῦ
215 2200 336 2227 λαὸοὖσα
354 2200 404 2235 τὴν
426 2199 550 2233 ἐξουσίαν
571 2200 620 2232 τὰς
642 2200 726 2232 ἄλλας
751 2199 850 2227 ἰθύνειν
870 2201 918 2227 καὶ

130 2246 268 2281 κυδερνᾷν
278 2267 285 2279 ,
301 2246 489 2281 ὲπιστηρίζειν
504 2246 553 2272 καὶ
566 2246 689 2281 διορθοῦν
699 2267 706 2278 ,
721 2246 770 2272 οὑκ
787 2246 874 2280 αὐτὴν
888 2247 916 2273 δὲ

129 2293 302 2328 διορθοῦσθαι
326 2293 404 2327 παρὰ
424 2293 478 2319 τῶν
499 2292 598 2320 ἄλλων.
623 2292 676 2331 Κᾳὶ
700 2293 740 2319 σύ
763 2301 836 2319 ποτε
857 2293 918 2319 ἑπι-

129 2338 290 2373 στραφεῐς,
307 2340 389 2373 φηςιν
402 2339 416 2364 ὁ
429 2337 524 2373 Σωτὴρ
540 2339 607 2373 πρὸς
622 2338 667 2365 τὸν
684 2338 802 2373 Πέτρον,
817 2337 917 2372 στήρι-

130 2385 188 2417 for
200 2384 272 2417 τοὺς
286 2383 438 2419 ἀδελφούς
453 2392 512 2411 σου
525 2392 532 2399 ·
549 2386 579 2411 οὺ
594 2384 647 2419 γὰρ
665 2382 736 2418 εἷπε,
752 2384 918 2419 Στηρίχθητι

131 2431 184 2458 ὗπὸ
198 2431 251 2457 τῶν
266 2429 389 2464 ἀδελφῶν
405 2439 464 2464 σου,
479 2431 557 2464 ἀλλὰ,
575 2430 733 2463 Στήριξον.
743 2430 854 2458 ,Οὐκοῦν
867 2431 917 2457 καὶ

131 2477 163 2503 se
177 2476 230 2503 ἔδει
245 2477 424 2512 στηριχθῆναι
438 2477 504 2510 παρ’
517 2477 601 2511 αὐτῆς
613 2476 651 2508 ὡς
666 2477 713 2503 καὶ
727 2477 752 2502 οἱ
767 2477 918 2512 σοφώτεροι

131 2531 179 2550 σου
195 2522 244 2549 καὶ
259 2523 420 2558 λογιώτεροι
436 2523 650 2558 ὲστηρίχθησαν.
671 2523 734 2549 Ἐπὶ
750 2523 778 2548 δὲ
795 2522 844 2557 τὴν
860 2523 919 2555 ὲξὲη

129 2576 210 2595 τοισιν
224 2568 375 2602 μεταϐῆναι
389 2568 436 2594 τοῦ
452 2568 586 2602 δόγματος
601 2568 631 2594 οὺ
648 2568 822 2602 παρεκάλουν
836 2568 918 2594 Λατῖ-

129 2623 172 2640 νοι
182 2622 189 2629 ’
205 2614 264 2642 ἀλλ’
275 2615 323 2640 ὅτι.
334 2614 421 2648 μῆνας
437 2613 525 2648 εἴχετε
542 2605 743 2648 δεκατέσσαρας
759 2613 918 2646 διαλεγόμε-

131 2669 174 2686 νοι
191 2659 326 2695 περὶτοῦ,
342 2660 379 2686 Οὐ
395 2659 435 2686 δεῖ
451 2659 620 2693 προσθεῖναι,
639 2659 711 2685 δυοῖν
728 2659 819 2694 μόνοιν
833 2658 920 2685 δντοιν

131 2707 192 2733 τοῖν
208 2705 395 2740 ζητημάτοιν,
412 2708 440 2732 ἔν
455 2702 496 2737 οἷς
511 2706 606 2737 ἱκανὰς
620 2705 768 2739 ἀπολογίας
783 2706 921 2741 παρέσχον

132 2752 201 2786 ὑμῖν
213 2751 290 2778 αὐτοι
304 2759 312 2766 ·
326 2751 370 2778 διὰ
383 2751 461 2778 τοῦτο
475 2751 528 2778 ἔδει
543 2754 590 2778 καὶ
602 2752 671 2786 πρὶς
683 2752 714 2778 τὸ
728 2752 822 2787 ἓτερον
839 2761 923 2786 μετα-

133 2799 221 2824 θεῖναι
234 2797 279 2824 τὸν
293 2797 389 2832 λόγον·
406 2798 459 2830 ἵνα,
474 2797 625 2833 δειχθέντος
641 2798 687 2824 τοῦ
703 2798 839 2832 δόγματος
854 2799 922 2833 ἁληα

135 2845 150 2870 θ
160 2844 210 2877 ὥς,
225 2844 326 2876 ἀδίκως
341 2845 439 2876 αὐτοὺς
453 2844 607 2876 ὲπιδείξωςι
623 2844 687 2879 παρ’
699 2844 775 2879 ὑμῶν
791 2853 922 2879 συκοφαν-

171 2935 181 2948 ⁸
194 2931 261 2961 Luc.
276 2941 343 2967 uti,
365 2933 410 2963 52.

967 1637 1118 1664 ditantento
1135 1638 1186 1664 visi
1209 1643 1271 1665 sunt
1288 1638 1356 1665 adeo
1378 1645 1455 1665 acres
1476 1639 1596 1673 ingenio,
1611 1643 1640 1665 ut
1661 1638 1752 1665 nullus

967 1683 1098 1718 apologis:
1120 1683 1196 1711 locus
1223 1684 1258 1710 sit
1283 1684 1362 1710 nobis
1381 1685 1502 1716 relictus,
1520 1685 1566 1719 qui
1585 1690 1666 1712 erunt
1689 1692 1751 1711 cum

968 1732 1052 1763 ipsam
1065 1729 1223 1765 opinionem
1241 1730 1471 1763 examinabimus,
1484 1738 1533 1765 pro
1549 1738 1600 1765 qua
1617 1735 1642 1758 et
1658 1732 1753 1757 docto-

969 1782 1011 1802 res
1028 1774 1157 1803 Ecclesia:
1181 1774 1305 1810 proferre
1323 1775 1434 1807 habent,
1449 1775 1570 1810 Spiritus
1590 1776 1676 1803 sancti
1690 1783 1754 1810 pro-

967 1820 1124 1848 ductionem
1151 1820 1220 1847 Filio
1244 1828 1355 1856 quoque
1382 1821 1659 1849 tribucntes?Satius
1672 1821 1754 1855 igitur

967 1871 1009 1894 est
1037 1866 1124 1899 abire,
1140 1875 1221 1902 quam
1248 1867 1317 1894 vinci
1334 1872 1361 1895 et
1375 1875 1437 1895 cum
1465 1867 1614 1901 ignominia
1641 1867 1753 1895 reverti.

969 1913 1030 1940 llage
1045 1913 1176 1941 dicebatis
1194 1913 1244 1948 ipsi
1267 1913 1391 1949 profecto
1410 1914 1538 1948 convicti,
1560 1918 1587 1941 et
1614 1914 1641 1941 in
1666 1922 1752 1949 angu-

968 1960 1034 1987 stias
1054 1967 1102 1994 per
1119 1965 1279 1994 argumenta
1302 1960 1416 1987 redacti.
1439 1960 1460 1987 A
1474 1964 1499 1987 te
1516 1967 1597 1994 porro
1613 1959 1755 1987 emendari

969 2007 1121 2034 Romanam
1139 2006 1290 2034 Ecclesium
1312 2006 1348 2033 nil
1367 2014 1436 2040 opus
1451 2010 1508 2033 erat
1521 2014 1527 2039 ;
1542 2014 1602 2033 nam
1622 2006 1668 2033 illa
1688 2014 1755 2034 cun-

969 2059 1077 2081 ctarum
1108 2057 1149 2081 est
1168 2053 1346 2088 gubernatrix
1370 2052 1561 2084 ecclesiarum,
1579 2057 1607 2079 et
1621 2057 1756 2087 aegrotan-

970 2100 1042 2127 tibus
1061 2099 1184 2127 ecclesiis
1197 2099 1363 2135 peritissime
1376 2098 1510 2131 medetur,
1520 2106 1581 2125 cum
1592 2103 1754 2133 potestatem

969 2154 983 2173 a
1007 2146 1117 2174 Christo
1140 2146 1276 2180 acceperit
1300 2145 1413 2180 regendi
1439 2145 1506 2173 alias
1523 2149 1550 2172 et
1571 2145 1754 2180 gubernandi,

969 2193 1148 2220 continuandi
1178 2198 1204 2220 et
1218 2193 1389 2227 corrigendi,
1414 2199 1469 2219 non
1485 2197 1512 2219 ut
1537 2193 1594 2227 ipsa
1612 2192 1757 2219 conﬁrme-

970 2244 1014 2266 tur
1032 2239 1066 2266 ab
1086 2239 1167 2267 aliis:
1186 2238 1221 2265 Et
1247 2243 1286 2271 tu,
1312 2238 1401 2273 inquit
1430 2238 1558 2266 Salvator
1573 2238 1608 2266 ad
1632 2237 1754 2270 Petrum,

969 2286 1113 2320 aliquando
1137 2293 1274 2313 conversus
1300 2286 1431 2320 conﬁrma
1455 2285 1556 2319 fratres
1574 2289 1632 2312 tuos
1649 2284 1659 2300 ⁵
1674 2293 1684 2317 ;
1701 2291 1755 2311 non

968 2332 1057 2360 dixit:
1074 2332 1244 2360 Conﬁrmare
1270 2339 1285 2359 a
1307 2331 1437 2359 fratribus
1451 2331 1515 2365 tuis,
1535 2331 1593 2364 sed,
1608 2331 1754 2365 Conﬁrmat

969 2379 1117 2411 Oportebat
1134 2379 1216 2414 igitur
1231 2383 1256 2405 te
1279 2378 1361 2406 etiam
1375 2378 1409 2405 ab
1420 2378 1465 2405 illa
1477 2377 1643 2408 conﬁrmari.
1656 2384 1754 2412 quem-

967 2426 1115 2455 admodum
1141 2425 1323 2460 sapientiores
1352 2429 1379 2452 et.
1391 2425 1529 2452 doctiores
1552 2429 1579 2452 te
1598 2424 1757 2452 conﬁrmati

969 2478 1044 2502 sunt.
1055 2472 1090 2500 Ilt
1106 2472 1261 2499 transiretis
1274 2477 1362 2499 autem
1379 2472 1411 2498 ad
1426 2471 1634 2506 inquisitionem
1645 2471 1758 2506 dogma-

970 2520 1005 2548 tis
1025 2527 1079 2546 non
1104 2518 1285 2554 hortabantur
1304 2517 1412 2550 Latini;
1434 2525 1529 2544 verum
1557 2517 1623 2552 quia
1649 2525 1758 2545 menses

968 2567 1023 2603 jam
1054 2569 1133 2593 erant
1168 2563 1389 2598 quatuordecim,
1414 2570 1477 2591 cum
1501 2564 1565 2591 illud
1594 2565 1759 2599 agitabatur,

970 2612 1039 2640 nihil
1055 2619 1114 2639 esse
1128 2609 1256 2646 Symbolo
1276 2608 1472 2644 adjiciendum,
1487 2613 1514 2636 et
1532 2609 1563 2635 ad
1578 2610 1758 2643 quzesitornm

975 2659 1089 2686 alterum
1106 2657 1180 2692 (nam
1198 2657 1253 2683 duo
1277 2659 1381 2682 tantum
1403 2648 1492 2688 cra‘nt)
1505 2655 1561 2688 jam
1578 2655 1644 2683 satis
1661 2655 1697 2681 illi
1713 2663 1761 2681 vo-

972 2705 1013 2732 bis
1027 2702 1233 2738 responderant,
1244 2705 1385 2736 propterea
1395 2707 1462 2735 opus
1481 2704 1538 2728 erat
1550 2704 1579 2727 ut
1595 2700 1627 2727 ad
1644 2700 1759 2726 alterum

973 2751 1055 2779 etiam
1071 2748 1291 2785 pertractandum
1308 2747 1481 2778 transiretur,
1494 2754 1549 2780 quo
1568 2745 1702 2779 dogmatis
1714 2753 1759 2772 vc-

974 2798 1052 2825 ritate
1062 2795 1196 2832 patefacta
1209 2793 1353 2829 probarent
1368 2800 1397 2820 se
1416 2801 1434 2820 a
1448 2792 1525 2820 vobis
1541 2792 1640 2827 injuria
1654 2792 1761 2819 column

980 2845 1031 2872 niis
1046 2842 1112 2877 peti,
1128 2841 1205 2877 quasi
1222 2840 1293 2869 sacri
1310 2839 1429 2874 Symboli
1444 2839 1649 2873 depravutores;
1662 2837 1759 2866 Osten~
