1961 3070
230 176 299 210 iw

707 181 865 211 JOSEPlll
885 183 910 212 Μ
917 183 1164 215 ETIIONENSIS
1185 185 1359 216 EPISCOPI

1792 189 1856 221 it)“

230 238 329 265 derunt
348 246 414 272 ergo
443 238 521 265 nobis
550 238 743 273 liquidissime,
766 245 927 275 potestatem
955 249 1016 269 esse

1076 244 1219 278 ιουμόνους
1242 245 1281 276 ὡς
1305 245 1521 280 παραχαράκτας
1542 246 1589 272 τοῦ
1613 246 1686 282 ἱεροῦ
1711 247 1855 282 Συμϐόλου.

230 287 332 310 sancte
348 283 385 309 illi
407 283 463 310 sedi
478 283 652 311 examinandi
667 288 694 311 et
709 285 866 320 corrigendi
880 294 942 320 quas
956 294 1018 321 spe-

229 332 305 355 ctant
321 328 353 354 ad
371 328 462 356 fidem.
487 329 578 362 Quare
600 337 667 360 non,
685 335 715 357 ut
732 331 811 362 dicis,
835 331 867 358 ad
886 331 1018 367 obtegen-

230 375 293 401 dum
319 374 436 408 facinus,
461 376 533 410 quod
561 377 622 403 ausi
650 377 755 404 suntin
771 377 1018 413 Symbolo,cupie-

229 420 294 447 bant
315 421 443 449 devenire
469 422 501 450 ad
528 423 663 457 dogmatis
679 414 973 459 disquisitionerrﬁsed
989 430 1019 452 ut

229 467 306 494 vobis
312 468 530 496 demonstrarent
540 470 610 504 piam
620 477 681 497 esse
691 478 782 498 vocem
794 471 1018 503 illam,Filioque,

230 513 256 540 in
273 512 401 548 Symbolo
415 515 543 550 positam.
559 524 676 551 esseque
694 518 835 545 doctorum
851 523 878 544 et
889 517 1019 546 Ecclesia:

230 561 404 594 sententiam,
417 565 444 589 et
458 561 558 589 frustra
573 570 603 590 se
621 570 634 588 ο
652 562 730 591 vobis
747 564 871 591 accusari
887 568 914 591 et
929 572 1017 599 oppu-

232 606 326 640 gnari:
345 612 488 642 propterea
504 609 537 636 ad
554 611 798 642 pcrscrutalionem
809 610 944 645 dogmatis
957 618 1019 645 per-

235 652 327 680 venire
343 654 499 681 studebant.
594 655 596 657 ’

565 747 686 775 EPllES.

267 793 367 820 Verum
391 794 477 821 nostri
509 794 535 822 id
560 803 613 822 non
637 794 771 827 ferebant,
790 800 816 823 et
845 796 921 824 nullo
938 797 1020 824 modo

233 839 404 873 patiebantur
416 839 448 866 de
460 840 588 875 dogmate
595 843 775 875 quaestionem
787 842 893 875 haberi,
903 843 929 870 ni
945 843 1020 878 prius

233 885 417 920 corrigeretur
429 886 658 914 additamentum.
961 886 967 891 ”

579 933 678 961 RESP.

269 977 327 1004 Non
354 978 478 1006 ferebant
500 987 565 1007 sane
590 981 678 1008 nostri
706 981 819 1008 alterius
843 982 1020 1016 problematis

232 1024 412 1058 quaestionem
438 1025 546 1060 agitari,
571 1031 710 1054 Certamen
729 1033 871 1062 paventes.
898 1027 1020 1062 illudque

234 1069 453 1103 reformidantes,
471 1079 504 1098 ne
521 1071 548 1098 in
566 1072 687 1100 secundo
704 1074 787 1100 etiam
804 1073 874 1100 idem
889 1073 943 1101 illis
958 1081 1020 1101 eve-

234 1117 316 1144 niret.
336 1117 443 1145 Etenim
458 1126 508 1146 vos
523 1119 609 1146 divisa
623 1120 649 1146 in
667 1120 734 1147 duas
749 1124 839 1155 partes
855 1120 1018 1156 quaestione,

232 1170 346 1196 quarum
361 1164 446 1191 altera
463 1168 532 1196 erat,
547 1165 614 1192 nihil
631 1172 693 1193 esse
710 1165 840 1200 Symbolo
853 1166 1020 1199 addendum,

233 1217 267 1236 ne
295 1209 441 1237 dictionem
467 1211 576 1245 quidem
600 1219 650 1239 nec
679 1212 825 1247 syllabam,
845 1213 929 1239 altera
946 1220 1021 1245 vero.

235 1262 284 1282 nec
300 1255 374 1289 pium
394 1263 442 1282 nec
462 1263 556 1283 verum
570 1263 631 1284 esse
654 1257 727 1290 quod
746 1262 787 1285 est
802 1257 923 1285 additum
940 1258 1021 1293 Sym-

235 1301 307 1333 Ιιοιο,
325 1302 446 1330 rationes
462 1307 567 1330 vestras
589 1304 751 1337 protulistis.
766 1303 833 1332 Cum
850 1311 914 1332 vero
930 1303 1020 1332 Latini

235 1347 267 1374 ad
284 1348 401 1383 primum
415 1353 544 1376 strenuos
561 1357 590 1376 se
606 1350 808 1384 pra-stitissent,
823 1351 1022 1385 veritatemque

235 1395 479 1429 demonstrassent,
509 1403 541 1422 ac
573 1396 759 1424 ostendissent
786 1396 960 1424 deﬁnitiones
995 1401 1022 1424 et

235 1440 344 1467 decreta
360 1440 532 1475 prohibentia
547 1440 613 1467 nihil
631 1441 682 1469 sibi
700 1442 826 1474 obstare;
844 1441 965 1476 alioquin
979 1440 1021 1468 fu-

235 1490 326 1511 turmu
345 1491 372 1513 ut
398 1485 494 1513 Patres
514 1486 598 1514 etiam
631 1488 757 1515 secundae
782 1487 878 1522 synodi
907 1487 1021 1522 subjecti

236 1532 348 1559 omnino
363 1537 455 1561 essent
476 1534 653 1567 anathemati,
675 1535 747 1569 quod
770 1534 843 1561 aliud
860 1534 1020 1570 Symbolqu

235 1578 368 1606 ediderint
384 1579 418 1606 ab
445 1580 491 1607 illo
513 1580 664 1611 diversum.
680 1580 751 1614 quod
767 1585 846 1607 antea
862 1581 950 1614 prima
967 1585 1023 1607 tra-

236 1625 361 1657 diderat;
384 1626 471 1653 nostri
490 1626 517 1653 in
537 1626 588 1654 hoc
603 1626 700 1654 devicti
725 1627 875 1654 secundum
895 1627 1022 1662 pertimc-
1036 1610 1058 1640 θ

238 1670 350 1698 scebaut
375 1677 525 1699 certamen.
544 1672 572 1699 Si
599 1673 684 1705 enim,
707 1672 826 1703 aiebant.
847 1673 874 1700 in
898 1681 930 1700 eo
949 1673 1022 1708 quod

236 1716 336 1744 fortius
352 1717 506 1750 videbatur,
525 1723 578 1745 tam
598 1718 703 1746 validas
724 1723 752 1746 et
774 1725 904 1746 nervosas
925 1718 1024 1746 dedere

236 1763 325 1790 latini
339 1763 522 1795 defensiones.
540 1765 605 1799 quid
629 1765 762 1798 dicemus,
776 1765 822 1793 ubi
840 1770 950 1792 sanctos
975 1764 1024 1791 Pa-

236 1816 293 1837 tres
310 1810 449 1844 prolerent
461 1818 581 1838 consona
597 1811 662 1838 huic
675 1811 794 1846 dogmati
818 1811 945 1838 locutos?
960 1810 1024 1836 Pro-

237 1861 330 1890 pterea
348 1856 424 1883 nullo
448 1857 530 1884 modo
547 1857 674 1884 volebant.
694 1861 723 1884 ut
748 1857 780 1884 ad
802 1857 1023 1892 disquisitionem

237 1903 387 1934 veniretur,
403 1907 430 1930 et
447 1902 538 1938 fugam
558 1902 622 1930 inde
637 1904 781 1938 parabant.
799 1905 925 1930 Attamen
943 1910 1023 1930 suum

235 1955 265 1976 te
287 1949 459 1977 defensorem
479 1950 699 1983 constituerunt;
723 1955 750 1977 tu
776 1957 852 1982 vero,
876 1957 974 1984 nempe
995 1954 1025 1976 ut

236 1996 374 2024 devitares
399 1996 599 2024 diseussionem
624 1996 771 2031 dogmatis,
799 2001 826 2023 at
852 2000 927 2023 certe
953 1996 1022 2023 clam

236 2042 412 2070 assentiendo
429 2042 589 2070 Latinorum
608 2043 738 2078 dogmati,
751 2042 863 2070 dixisti:
880 2043 916 2070 Ut
928 2050 1022 2070 verum

236 2089 318 2116 etiam
334 2089 517 2116 examinanda
536 2091 687 2123 reperiatur
702 2091 871 2124 dogma,nos
887 2094 961 2117 certe
975 2097 1023 2116 vo-

237 2143 296 2163 cem
322 2136 393 2163 ltane
409 2136 435 2162 iu
466 2136 596 2171 Syuibolo
623 2136 769 2163 admittere
795 2144 848 2163 non
867 2143 1022 2171 possumus,

236 2182 366 2216 quoniam
395 2181 489 2209 Patres
511 2186 620 2209 nostros
638 2189 774 2211 veremur.
799 2181 944 2218 Pugnabas
958 2189 1024 2218 ergo

237 2234 263 2257 et
279 2233 307 2256 tu
321 2234 417 2257 contra
440 2221 592 2261 veritatem,
605 2232 636 2256 ut
651 2228 695 2256 ille
718 2229 765 2263 qui
788 2229 821 2256 de
839 2229 935 2256 umbra
954 2229 1022 2256 asini

1072 290 1197 323 Ἐδειεαν
1213 289 1260 318 οὖν
1276 292 1342 326 ἡμῖν
1358 291 1570 326 ἐμφανέστατα,
1587 292 1711 324 ἐξουσίαν
1727 293 1798 328 ἔχειν
1814 295 1857 321 τὸν

1070 335 1142 361 eam
1158 335 1254 371 θρόνον
1270 337 1374 363 ἐκεῖνον
1388 336 1528 369 ἐξετάζειν
1542 338 1589 364 καὶ
1606 337 1730 374 διορθοῦν
1744 338 1779 365 τὰ
1795 340 1857 374 περὶ

1068 381 1117 415 τὴν
1134 381 1235 408 πίστιν.
1253 381 1298 408 Διδ
1313 382 1363 408 οὐκ
1378 382 1424 409 ἐπὶ
1440 383 1470 409 ab
1487 383 1650 410 ὲπισκιάσαι
1667 384 1696 410 τὺ
1712 383 1856 418 τόλμημα,

1069 426 1108 457 ὡς
1125 427 1158 453 σὺ
1176 427 1229 463 φῂς
1240 447 1246 458 ,
1264 427 1312 454 τοῦ
1333 428 1475 460 Συμϐθλου
1493 429 1538 455 ἐπὶ
1555 429 1604 463 τὴν
1622 429 1746 462 ἐξέτασιν
1763 430 1858 456 ἐπεθύ-

1071 481 1139 505 μουν
1166 473 1319 508 μεταϐῆναι
1343 474 1389 501 τοῦ
1415 474 1567 510 δόγματος,
1594 476 1654 502 ἀλλ’
1669 476 1712 503 ἵνα
1738 477 1858 509 δείξωσιν

1070 519 1146 553 ὑμῖν,
1163 519 1199 551 ὥς
1216 520 1333 555 εὐσεϐής
1350 521 1425 548 ἐστιν
1439 522 1468 557 ἡ,
1488 522 1540 549 Ἐκ
1556 522 1609 549 τοῦ
1630 523 1710 555 Υίοῦ,
1728 523 1804 558 φωνὴ
1818 532 1859 549 τε»

1070 565 1147 593 θεῖσα
1161 567 1189 592 ὲν
1204 567 1243 601 τῷ
1261 567 1404 602 Συμϐόλῳ,
1419 569 1468 595 καὶ
1483 569 1546 602 δόξα
1562 569 1616 595 τῶν
1632 569 1800 596 διδασκάλων
1815 569 1860 594 καὶ

1070 611 1120 645 τῆς
1138 612 1314 647 Ἐκκλησίας,
1330 615 1378 640 καὶ
1394 614 1435 640 ὅτι
1452 615 1541 649 μάτην
1554 614 1645 646 αὐτοῖς
1659 615 1801 649 ἐγκαλεῖτε
1815 615 1860 641 καὶ

1073 658 1191 693 μάχεσθε
1202 666 1209 674 ·
1226 659 1270 685 διὰ
1282 659 1360 686 τοῦτο
1375 660 1444 695 πρὸς
1456 659 1641 695 τῆν’ὲξέτασιν
1655 661 1750 687 τούτου
1764 661 1861 687 ἔσπευ-

1070 705 1114 730 δον
1131 705 1294 740 μεταϐῆναι.

1417 753 1514 780 aues.
1657 782 1665 788 _

1113 797 1185 825 Ἀλλ’
1197 798 1220 824 oi
1237 798 1370 833 ἡμέτεροι
1386 799 1436 826 οὐκ
1449 799 1605 834 ὴνείχοντο,
1623 799 1671 825 καὶ
1685 797 1864 833 ἀμεταθέτως

1073 841 1146 878 εἶχον
1160 844 1228 878 πρὸς
1241 844 1290 879 τὴν
1303 845 1352 879 τῆς
1367 845 1447 880 δόξης
1462 845 1598 878 ἐξέτασιν,
1613 846 1637 872 εί
1652 845 1689 880 μὴ
1702 845 1863 880 διορθωθείη

1073 891 1206 926 πρότερον
1222 891 1238 926 ή
1255 891 1409 927 προσθήκη.

1415 937 1519 965 ΑΠΟΛ.

1114 982 1237 1016 Ἀληθῶς
1250 982 1301 1009 οὐκ
1314 984 1455 1017 ἠνείχοντο
1470 984 1519 1018 μὲν
1532 984 1556 1010 οἱ
1571 984 1701 1020 ἡμέτεροι
1717 983 1808 1011 ἐλθεῖν
1822 983 1866 1010 ἐπὶ

1071 1027 1120 1061 τὴν
1135 1026 1259 1060 ἐξέτασιν
1274 1027 1320 1053 τοῦ
1337 1027 1468 1063 δευτέρον
1483 1029 1692 1064 προϐλήματος,
1708 1029 1754 1056 τὸν
1768 1030 1865 1064 ἀγῶνα

1071 1072 1226 1104 δειλιῶντες
1241 1073 1288 1100 καὶ
1303 1075 1453 1108 τρέμοντες
1463 1093 1470 1105 ,
1488 1075 1526 1109 μή
1543 1083 1602 1107 πως
1615 1076 1650 1102 τὰ
1665 1075 1735 1102 αὐτὰ
1749 1074 1789 1110 τῷ
1807 1075 1866 1102 δευ-

1071 1120 1145 1152 τέρῳ
1159 1118 1292 1147 πάθωσιν.
1307 1120 1354 1151 Εἰς
1370 1119 1416 1147 δύο
1431 1118 1479 1148 οὖν
1494 1121 1573 1153 ὑμεῖς
1586 1120 1616 1147 τὸ
1630 1120 1740 1155 ζήτημα
1753 1121 1867 1156 διαιρή-

1074 1174 1182 1198 σαντες,
1197 1167 1237 1197 είς
1251 1166 1291 1198 τδ,
1308 1167 1345 1193 Οὐ
1363 1167 1404 1194 δεῖ
1419 1168 1580 1203 προσθεῖναι
1592 1167 1630 1201 τῷ
1645 1167 1777 1202 Συμδόλῳ
1797 1169 1866 1204 μήτε

1072 1210 1144 1242 λέξιν
1163 1211 1230 1245 μήτε
1252 1211 1387 1247 συλλαϐήν
1399 1221 1406 1229 ·
1425 1213 1454 1240 τὸ
1475 1214 1513 1246 δὲ,
1526 1214 1563 1246 ὡς
1581 1213 1615 1241 Ἢ
1635 1214 1820 1247 προστεθεῑσα
1839 1215 1868 1240 ἐν

1073 1254 1112 1289 τῷ
1127 1255 1258 1290 Συμϐόλῳ
1274 1257 1418 1292 προσθήκη
1434 1257 1484 1284 οὐκ
1500 1257 1576 1285 ἐστιν
1591 1259 1707 1294 εὐσεϐὴς
1719 1258 1779 1286 οῦδὲ
1799 1260 1868 1294 ἀλη-

1074 1301 1139 1335 θὴς,
1157 1302 1332 1337 προετείνατε
1348 1304 1411 1334 τοὺς
1428 1303 1537 1337 λόγους.
1556 1304 1617 1331 Τῶν
1632 1304 1660 1331 δὲ
1679 1305 1805 1332 Λατίνων
1821 1305 1868 1331 ἐπὶ

1075 1347 1125 1382 μὲν
1136 1347 1166 1373 τὸ
1180 1348 1287 1382 πρῶτον
1299 1349 1433 1382 γενναίων
1446 1350 1596 1384 φανέντων,
1610 1352 1657 1377 καὶ
1669 1350 1719 1386 τὴν
1732 1350 1868 1385 ἀλήθειαν

1073 1393 1277 1426 ἐπιδειξάντων,
1293 1394 1340 1421 καὶ
1352 1395 1390 1425 ὡς
1401 1394 1432 1422 οὗ
1448 1395 1646 1428 προσίστανται
1660 1397 1750 1428 αὐτοῖς
1764 1397 1790 1423 οἱ
1807 1397 1866 1431 ὅροι

1074 1439 1122 1465 καὶ
1133 1440 1167 1465 τὰ
1179 1439 1342 1474 κωλύματα,
1355 1441 1379 1466 εί
1392 1441 1421 1467 δὲ
1437 1441 1485 1476 μή,
1498 1443 1546 1468 καὶ
1558 1442 1583 1468 oi
1595 1443 1644 1476 τῆς
1656 1442 1786 1478 δευτέρας
1801 1452 1869 1470 συν-

1074 1485 1134 1512 όδου
1156 1486 1277 1520 Πατέρες
1299 1487 1407 1519 πάντως
1425 1488 1548 1523 ὑπῆρχον
1565 1488 1617 1515 ὑπὸ
1634 1488 1672 1524 τῷ
1692 1489 1865 1524 ἀναθέματι,

1074 1531 1138 1558 ἄλλο
1159 1532 1337 1564 ὲκόεδωκὸτες
1357 1533 1495 1568 Σύμϐολον
1514 1534 1531 1569 ἢ
1551 1535 1619 1569 ὅπερ
1638 1536 1655 1570 ἡ
1678 1535 1776 1570 πρώτη
1798 1537 1870 1570 φθά-

1077 1585 1147 1604 σασα
1166 1578 1374 1612 παραδέδωκεν·
1391 1581 1414 1606 oi
1431 1580 1561 1615 ὑμέτεροι
1577 1581 1739 1616 ἡττηθέντες
1756 1583 1785 1608 ὲν
1802 1583 1868 1609 τού-

1075 1631 1123 1657 τῳ,
1144 1623 1264 1650 ὲδειλίων
1285 1624 1331 1650 τὸν
1353 1624 1479 1660 δεύτερον
1499 1626 1631 1653 εἰσελθεῖν
1650 1627 1744 1662 ἀγῶνα
1757 1635 1764 1642 ⁸
1785 1629 1811 1654 εί
1838 1630 1868 1655 ἑν

1077 1669 1150 1703 αὐτῷ
1161 1690 1167 1702 ,
1185 1669 1254 1703 ὅπερ
1269 1669 1362 1701 αὐτοῖς
1378 1670 1554 1705 ἰσχυρότερον
1569 1668 1639 1698 εἶναι
1654 1671 1756 1704 ἐδόκει,
1774 1672 1868 1704 οὕτως

1078 1715 1192 1750 ἰσχυρὰς
1209 1716 1256 1742 καὶ
1270 1716 1396 1749 γενναίας
1409 1717 1433 1743 ot
1446 1717 1557 1743 Λατῖνοι
1569 1717 1619 1749 τὰς
1632 1718 1780 1752 ἀπολογίας
1795 1720 1868 1746 ἀπέ-

1075 1762 1177 1795 δωκαν,
1202 1763 1229 1788 τί
1253 1762 1287 1789 ἂν
1310 1763 1442 1798 εῑπωμεν,
1467 1763 1570 1797 ἔλεγον,
1594 1764 1659 1791 ὅταν
1682 1765 1745 1796 τοὺς
1768 1766 1868 1799 ἁγίους

1076 1809 1142 1843 ἡμῖν
1167 1808 1322 1840 ὲπιδείξωσι
1348 1809 1563 1844 συμφωνοῦντας
1587 1812 1627 1846 τῷ
1653 1811 1785 1845 δόγματι;
1813 1813 1868 1839 Διὰ

1075 1855 1154 1882 τοῦτο
1168 1856 1344 1889 ἀμεταθέτως
1360 1854 1434 1892 εἶχον
1450 1857 1518 1892 πρὸς
1530 1857 1579 1892 τὴν
1595 1857 1728 1891 ἐξέτασιν,
1744 1859 1793 1885 καὶ
1807 1858 1867 1893 ὧρ-

1077 1912 1168 1938 μησαν
1186 1903 1294 1930 ἐκεῖθεν
1312 1905 1408 1938 φυγεῖν
1420 1911 1427 1918 ·
1447 1904 1521 1937 ὅμως
1541 1905 1725 1939 προύϐάλοντο
1743 1914 1773 1932 σε
1792 1906 1867 1940 ὑπὲρ

1076 1950 1166 1976 αὐτῶν
1191 1950 1433 1985 ἀπολογήσασθαι·
1461 1952 1508 1978 καὶ
1534 1949 1622 1983 εἶπες,
1648 1952 1759 1987 φεύγων
1782 1952 1867 1987 δῆθεν

1076 1995 1122 2022 τοῦ
1138 1995 1273 2030 δόγματος
1289 1996 1338 2031 τὴν
1353 1996 1478 2028 ἐξέτασιν
1489 2019 1496 2030 ,
1513 1998 1742 2030 συγκαταϐαίνων
1755 1998 1777 2025 δ’
1790 1999 1867 2033 ὅμως

1076 2042 1325 2077 ἐγκεκαλυμμένους
1344 2043 1382 2078 τῷ
1402 2043 1456 2069 τῶν
1476 2044 1599 2072 Λατίνων
1618 2044 1750 2079 δόγματι,
1770 2045 1812 2072 ὅτι
1834 2046 1869 2072 Εἰ

1076 2091 1124 2116 καὶ
1145 2089 1244 2124 ἀληθὲς
1267 2089 1393 2124 εὑρεθείη
1414 2090 1444 2116 τδ
1464 2090 1554 2125 δόγμα
1577 2090 1783 2126 ἐξεταζόμενον,
1805 2092 1868 2118 ἀλλ’

1077 2136 1158 2171 ἡμεῖς
1180 2135 1209 2162 οὐ
1230 2135 1367 2169 δυνάμεθα
1388 2136 1597 2171 παραδέξασθαι
1616 2145 1682 2163 ποτε
1703 2137 1752 2172 τὴν
1772 2138 1869 2171 φωνὴν

1076 2181 1177 2218 ταύτην
1194 2183 1222 2208 ὲν
1237 2182 1274 2216 τῷ
1290 2182 1436 2218 Συμϐὀλῳ,
1454 2182 1549 2218 ἐπειδὴ
1563 2183 1628 2214 τοὺς
1643 2183 1771 2218 Πατέρας
1787 2185 1870 2218 ἡμῶν

1077 2227 1278 2262 εὐλαϐούμεθα.
1299 2228 1418 2262 Ἐμάχου
1440 2227 1487 2254 οὖν
1508 2230 1539 2263 τῇ
1560 2229 1674 2264 ἀληθείᾳ
1693 2229 1743 2255 καὶ
1765 2230 1808 2259 σὺ.
1831 2231 1874 2262 ὡς

237 2275 438 2307 altercabatur;
450 2280 477 2302 et
487 2274 705 2302 emendationem
718 2275 869 2302 faciendam
882 2275 932 2302 hoe
944 2275 1022 2302 modo

1079 2274 1181 2305 ἐκεῖνος
1201 2274 1214 2300 ὁ
1237 2273 1308 2309 ὑπὲρ
1325 2274 1374 2307 τῆς
1393 2274 1455 2300 ὄνου
1476 2276 1556 2306 σκιᾶς
1569 2285 1575 2290 ·
1594 2276 1643 2303 καὶ
1657 2276 1706 2310 τὴν
1722 2276 1874 2309 διόρθωσιν

238 2322 348 2350 dicebas
362 2329 368 2349 :
380 2321 504 2348 Tollatur
519 2329 533 2348 e
549 2320 680 2355 Symbolo
697 2329 747 2348 vox
767 2321 811 2348 illa
827 2321 929 2354 addita,
944 2325 971 2348 et
984 2328 1027 2349 re-

187 2400 195 2408 ,
236 2373 357 2404 ponatur
371 2376 495 2396 seorsum
512 2368 539 2395 in
555 2367 685 2402 peculiari
699 2368 826 2401 decreto;
845 2368 956 2403 quando
970 2368 1027 2395 haec

237 2423 264 2443 te
281 2416 389 2443 dicente
407 2414 554 2442 ridiculum
585 2414 649 2449 quid
677 2421 757 2449 passa
772 2418 814 2441 est
828 2417 923 2441 nostra
940 2415 1026 2441 natio.

243 2462 270 2490 Si
299 2462 372 2489 enim
389 2470 440 2489 vox
464 2461 587 2497 Filioque
601 2461 758 2496 blasphema
779 2465 830 2490 est,
843 2469 892 2489 cur
908 2461 986 2495 petis.
999 2465 1028 2488 ut

241 2510 268 2536 in
284 2509 394 2536 decreto
407 2509 538 2544 peculiari
552 2513 701 2543 reponatur
711 2527 719 2540 ,
731 2507 961 2542 quemadmodum
979 2508 1027 2535 do-

241 2553 380 2582 ctissimus
391 2555 538 2582 cardinalis
550 2553 674 2581 Julianus
687 2554 734 2581 tihi
747 2553 846 2589 objecit
855 2553 866 2580 7
875 2554 942 2581 (lum
954 2553 1025 2580 enim

241 2599 358 2627 dixisses
373 2609 379 2626 :
393 2599 452 2627 Non
470 2607 614 2634 possumus
631 2599 702 2626 hanc
715 2606 807 2626 vocem
824 2599 850 2625 in
869 2599 931 2626 ﬁdei
948 2599 1026 2634 Sym-

243 2646 304 2673 bolo
317 2646 449 2681 recipere,
464 2647 536 2680 quod
553 2646 589 2673 sit
608 2645 778 2680 blaspbeuta,
791 2645 838 2672 sed
857 2653 915 2672 eam
933 2646 959 2672 in
974 2645 1028 2672 alio

243 2693 390 2728 separatim
409 2700 573 2725 reponamus
584 2693 702 2725 decreto,
719 2697 747 2718 ut
759 2692 859 2719 factum
876 2697 917 2719 est
932 2692 966 2719 ab
977 2700 1025 2719 an-

242 2739 323 2775 tiquis
344 2739 377 2766 do
405 2746 470 2765 voce
493 2737 548 2769 illa,
563 2737 669 2771 Semper
686 2739 770 2772 virgo.
787 2737 814 2765 in
833 2737 933 2773 hymno
950 2738 1027 2770 cujus

232 2786 370 2813 initium:
390 2784 546 2819 Uuigenitus
571 2783 668 2816 Filius.
694 2784 841 2812 cardinalis
866 2785 1024 2819 respondit:

242 2833 387 2866 Quae-ratur
403 2833 489 2867 prius,
504 2832 658 2858 venerande
683 2831 773 2863 Pater,
800 2839 864 2858 num
891 2838 954 2858 vero
981 2831 1026 2863 sit,

242 2887 275 2905 an
291 2879 357 2906 falsa
375 2884 401 2906 et
421 2879 579 2913 blasphema
594 2886 655 2904 vox.
672 2878 704 2904 Et
714 2877 854 2912 siquidem
870 2877 1026 2912 hlasphema

242 2925 484 2958 demoustrahitur,
496 2932 585 2959 neque
597 2925 624 2952 in
638 2924 767 2959 Symbolo
780 2923 923 2958 habeatur,
939 2932 1026 2960 urqrte

1079 2321 1174 2357 τρόπῳ
1198 2321 1312 2356 τοιούτῳ
1337 2321 1464 2354 γενέσθαι
1490 2321 1604 2355 ἔλεγες·
1630 2322 1671 2349 ὅτι
1691 2322 1875 2358 Ἐκϐληοὴτω

1079 2367 1133 2394 ἀπὸ
1147 2366 1194 2393 τοῦ
1209 2366 1349 2401 Συμϐόλου
1367 2367 1380 2401 ἡ
1398 2367 1544 2402 προσθήκη
1560 2367 1642 2403 αὕτη,
1659 2369 1703 2394 καὶ
1719 2369 1828 2403 τεθήτω
1845 2371 1876 2396 ὲν

1081 2415 1138 2449 ἰδίῳ
1153 2415 1209 2449 ὅρῳ
1222 2422 1229 2430 ·
1247 2414 1290 2440 ὅτε
1307 2414 1356 2441 καὶ
1370 2414 1477 2448 γελοῖόν
1491 2423 1519 2441 τι
1537 2416 1705 2450 προσετρίϐη
1722 2415 1760 2450 τῷ
1776 2416 1876 2449 γένει,

1081 2460 1127 2487 eoi";
1143 2460 1231 2486 ταῦτα
1245 2460 1380 2494 λέγοντος.
1396 2461 1427 2486 El
1441 2461 1495 2494 γὰρ
1511 2461 1672 2496 βλάσφημός
1686 2463 1761 2488 ἐστιν
1775 2463 1803 2498 ἡ,
1821 2464 1878 2491 Ἑλ,

1079 2507 1132 2534 τοῦ
1154 2506 1240 2539 Ποῦ,
1260 2505 1336 2541 φωνὴ
1347 2531 1354 2542 ι
1373 2506 1418 2532 διὰ
1433 2507 1460 2532 τί
1477 2507 1570 2540 ζητεῖς
1587 2507 1673 2542 αὐτὴν
1689 2508 1719 2533 ὲν
1739 2507 1799 2542 ἰδίῳ
1817 2509 1878 2544 ὅρῳ

1079 2553 1209 2588 τεθῆναις
1224 2551 1315 2583 καθὼς
1333 2552 1477 2583 Ἰουλιανὸς
1497 2553 1512 2578 ὁ
1532 2552 1689 2587 σοφώτατος
1712 2553 1878 2588 καρδινάλις

1081 2599 1148 2634 πρός
1163 2607 1192 2625 σε
1205 2599 1267 2633 ἔφη.
1290 2599 1420 2629 Εἰπόντος
1434 2597 1488 2633 γὰρ
1502 2598 1559 2632 σοῦ,
1571 2599 1658 2625 ὃτιῡύ
1672 2599 1810 2633 δυνάμεθα
1823 2601 1879 2634 τὴν

1080 2646 1173 2681 φωνὴν
1187 2644 1395 2680 παραδέξασθαι
1406 2646 1509 2680 ταύτην
1523 2645 1552 2671 ὲν
1565 2645 1603 2679 τῷ
1617 2645 1749 2680 Συμσόλφ
1762 2646 1812 2680 τῆς
1831 2648 1879 2674 πί-

1081 2701 1166 2721 στεως
1181 2692 1217 2723 ὡς
1234 2691 1395 2727 βλάσφημον
1411 2692 1496 2726 αὐτὴν
1511 2690 1602 2725 οὖσαν,
1619 2691 1686 2717 ἀλλὰ
1704 2693 1827 2726 υήοομεν
1847 2695 1878 2719 ἐν

1082 2739 1139 2773 ἰδίῳ
1161 2738 1228 2774 ὅρῳ,
1250 2738 1344 2773 ὥσπερ
1365 2738 1389 2764 οἱ
1413 2737 1496 2764 πάλαι
1519 2737 1568 2772 τὴν
1591 2739 1640 2772 τῆς
1658 2738 1877 2772 Ἀειπορθένου

1081 2784 1174 2819 φωνὴν
1197 2786 1226 2810 ὲν
1249 2784 1298 2820 τῷ,
1321 2784 1348 2810 ’0
1368 2783 1539 2819 μονογενὴς
1568 2783 1654 2816 Υἱός-ι
1676 2785 1690 2810 ὁ
1712 2784 1876 2819 καρδινω.ις

1080 2831 1182 2865 ἀντέφη
1197 2840 1204 2846 υ
1225 2831 1411 2866 Ἑξετασθήτω
1428 2831 1573 2866 πρότερον,
1589 2830 1682 2866 Πάτερ
1697 2830 1837 2864 αἱδέσιμε,
1857 2832 1874 2866 ἡ

1081 2877 1156 2911 φωνὴ
1173 2876 1252 2910 αὕτη,
1270 2878 1294 2903 εἰ
1311 2877 1413 2911 ἀληθής
1429 2877 1513 2909 ὲστιν,
1530 2876 1546 2912 ἦ
1562 2876 1661 2911 ψευδής
1676 2885 1704 2902 τε
1722 2877 1770 2902 καὶ
1785 2876 1873 2910 βλάσ-

1082 2933 1171 2960 φημος
1186 2932 1192 2938 ·
1214 2925 1260 2951 καὶ
1281 2925 1304 2950 εἰ
1327 2924 1376 2960 μὲν
1397 2924 1556 2960 βλάσφημος
1578 2923 1736 2959 ἀποδειχθῇ,
1759 2923 1820 2950 οὗτε
1844 2925 1874 2950 ἐν
