1961 3070
115 161 182 194 iii/£5

623 161 848 192 REFUTATIO
864 161 983 192 MARCI
1005 159 1203 192 EPHESINI.

1676 158 1743 190 toto

113 217 152 250 τῷ
167 215 298 250 Συμϐόλῳ
314 218 399 250 μενεῖ,
415 215 477 243 οὔτε
493 217 609 252 ἀλλαχοῦ
624 218 789 252 τεθήσεται·
804 218 837 244 τὰ
851 217 904 251 γὰρ

970 217 1023 244 ιΙίδί
1041 221 1190 251 reponatur
1203 224 1211 248 ;
1223 214 1380 250 hlasphema
1393 215 1466 242 enim
1483 222 1618 249 nusquam
1630 213 1745 241 dicenda

116 263 264 297 βλάσφημα
281 263 400 297 οὐδαμοῦ
416 264 467 298 χρὴ
484 263 611 297 λέγεσθαι
625 271 632 278 ·
650 265 680 290 ει.
691 264 714 290 δ’
727 263 860 298 εὐσεϐὴς,
877 263 904 289 τί

114 310 143 336 ἐν
157 309 196 343 τῷ
210 308 344 344 Συμϐόλῳ
355 330 362 342 ,
379 309 405 335 τί
421 309 557 344 ἁλλαχοῦ;
572 310 681 337 Μᾶλλον
698 310 747 345 μὲν
762 308 808 337 οὖν
824 311 853 337 ὲν
867 309 906 344 τῷ

115 355 246 390 Συμὸὁλῳ
265 355 306 381 δεῖ
324 355 467 389 ὁμολογεῖν
484 355 534 390 τὴν
553 355 693 390 ἀλήθειαν.
711 356 732 382 Τ
735 356 806 383 αὕτα
823 355 907 382 ἀκού·

116 410 202 428 σαντα
219 401 321 436 τρόμος
340 401 488 428 ἐπελάϐετό
507 410 537 428 σε
557 403 604 428 καὶ
621 402 685 432 τοὺς
705 403 774 436 μετὰ
793 403 841 429 σοῦ
861 402 907 428 ἐπὶ

115 448 165 482 τὴν
184 447 308 478 ἐξέτασιν
330 448 481 482 μεταὸἦναι
499 447 546 474 τοῦ
569 448 716 483 δόγματος,
740 450 788 475 καὶ
808 449 906 484 ὡρμή-

119 503 182 521 σατε
199 495 306 528 φυγεῖν,
324 494 481 529 γλιχόμενοι
498 494 548 528 τῆς
565 495 671 522 ἐκεῖθεν
687 495 863 528 ἐξελεύσεως.

466 542 561 568 ΕΦΕΣ.

153 587 212 613 Κᾶν
227 587 369 621 ἐνέμειναν
384 587 427 613 διὰ
443 587 538 617 τέλους
552 589 584 622 τῇ
601 589 724 615 inmisit
741 589 839 624 ταύτῃ,
857 589 909 615 κᾶν

119 632 280 666 διελύθησαν
292 633 398 659 ἐκεῖθεν
411 633 501 664 καλῶς
517 634 668 666 ποιοῦντες,
682 635 758 669 εἰμὴ
773 640 910 669 παραπει-

119 678 228 709 σθέντες
243 679 295 705 ὑπό
310 687 390 706 τινων
404 679 491 712 αὖθις,
507 680 546 712 ὡς
561 681 685 715 ἀπρεπές
701 681 758 707 ἐστι
775 681 859 715 μηδὲν
872 681 911 708 ει-

122 724 221 755 πόντας
243 727 307 759 περὶ
329 725 376 751 τοῦ
397 725 532 760 δόγματος
551 727 690 759 ἀπελθεῖν,
712 727 838 759 ἐδέξαντο
861 727 910 762 τὴν

122 769 289 804 μετάϐασιν,
308 770 387 797 τοῦτο
410 771 460 804 μὲν
477 771 527 806 τὴν
544 771 596 798 ἀπὸ
612 771 663 806 τῆς
683 773 845 808 προσθήκης
864 772 910 799 ἐπὶ

119 817 169 852 τὴν
189 816 277 849 δόξαν,
301 817 380 844 τοῦτο
402 817 430 844 δὲ
453 818 503 854 τὴν
524 819 579 845 ἀπὸ
598 819 755 855 Φερῤαρὲας
775 820 815 850 εἰς
837 819 911 846 Φλω-

122 863 240 897 ρεντίαν.

465 997 570 1024 ΔΠΟΛ.

159 1041 272 1069 Ἦθελον
287 1041 340 1078 μέν
350 1052 424 1075 τινες
437 1043 563 1071 ἀσύνετοι
575 1044 712 1078 διαμεῖναι
724 1045 758 1080 τῇ
772 1045 909 1077 ὲνστάσει,

121 1089 168 1114 27).
181 1089 363 1123 διαιρεθῆναι,
379 1089 425 1116 καὶ
437 1089 597 1124 διαλυθῆναι
611 1090 727 1123 ἐκεῖθεν,
739 1088 776 1118 ὧν
790 1091 822 1118 σὺ
837 1091 910 1126 ττρῶ-

118 1144 166 1166 τος
185 1135 308 1171 ὑπῆρχες
321 1143 330 1151 ο
351 1135 377 1162 οἱ
395 1136 424 1163 δὲ
442 1137 492 1170 τῆς
512 1138 649 1172 σωτηρίας
668 1138 757 1165 αὐτῶν
775 1138 913 1173 ἐπιθυμη-

117 1182 184 1214 ταὶ,
201 1181 247 1207 καὶ
263 1181 308 1207 τὸν
324 1181 446 1208 κίνδυνον
462 1182 510 1217 τῆς
528 1183 660 1217 αἱρέσεως
675 1183 738 1214 ὅσος
752 1183 810 1209 ἐστὶ
826 1184 912 1218 φοὸη-

120 1227 215 1260 οέντες
231 1228 301 1254 κατὰ
316 1228 370 1254 τῶν
385 1227 583 1264 διαιρουμένων
600 1229 655 1255 ἀπὸ
670 1228 719 1264 τῆς
737 1229 911 1265 Ἐκκλησίας,

119 1275 173 1301 οὐκ
193 1274 330 1309 ἠθέλησαν
345 1275 395 1310 τὴν
413 1275 565 1310 μοχθηρίαν
581 1275 683 1308 ταύτην
700 1276 814 1310 νοσῆσαι
827 1285 834 1292 ·
855 1277 913 1310 ἑξε-

120 1321 256 1356 τασθῆναι
272 1321 300 1348 δὲ
315 1322 345 1348 τὸ
361 1322 448 1357 δόγμα
471 1322 519 1349 καὶ
549 1322 599 1356 τὴν
614 1322 746 1357 ἀλήθειαν
761 1322 913 1357 διατρανω-

121 1368 221 1402 θῆναι,
240 1369 287 1394 καὶ
303 1368 408 1403 ταύτην
425 1368 603 1395 ἀσπάσασθαι
623 1368 692 1402 μετὰ
708 1369 797 1404 χαρᾶς
814 1369 913 1396 ὑπεδέ-

123 1414 213 1446 ξαντο.
229 1414 312 1441 Ὅθεν
329 1413 368 1449 τῷ
386 1414 433 1441 τοῦ
454 1414 559 1441 δικαίου
579 1415 653 1449 λόγῳ
671 1415 718 1442 καὶ
736 1415 800 1447 τοὺς
818 1415 914 1447 ἄλλους

121 1453 281 1495 πείσαντες,
297 1462 424 1494 ἐδέξαντο
441 1462 592 1496 μεταϐῆναι
606 1462 653 1488 ἐπὶ
667 1462 717 1497 τὴν
730 1461 854 1495 ἐξέτασιν
867 1462 913 1490 τοῦ

121 1509 254 1542 δευτέρου
277 1509 492 1544 προϐλήματος·
517 1508 644 1542 ἐδέξαντο
664 1508 692 1535 δὲ
718 1508 766 1535 καὶ
788 1508 838 1544 τὴν
861 1509 915 1536 ἀπὸ

121 1555 278 1590 Φερραρίας
294 1556 335 1586 εις
351 1555 521 1588 Φλωρεντίαν
541 1554 709 1589 μετάϐασιν,
725 1555 818 1590 ιπειδὴ
833 1555 847 1582 ό
863 1555 912 1591 τῆς
929 1564 952 1595 α

121 1601 201 1631 ὁσίας
220 1601 327 1635 μνήμης
345 1599 473 1632 Εὑγὲνιος
491 1600 505 1626 ό
521 1600 630 1635 Ῥώμης
647 1601 795 1636 ἀρχιερεὺς
813 1602 827 1628 6
845 1601 914 1628 θειό-

121 1654 206 1678 τατος
222 1647 271 1674 οὐκ
289 1644 362 1682 εἶχεν
377 1647 417 1673 ἔτι
434 1648 462 1673 ὲν
476 1646 636 1682 Φιῤῥαρίᾳ,
652 1646 715 1672 οὔτε
736 1647 789 1682 μὴν
805 1647 914 1682 εὕρισκε

122 1691 226 1718 διδόναι
241 1691 304 1725 ὑμῖν
317 1691 427 1726 ἑκάστῳ
440 1691 470 1718 τδ
485 1691 651 1726 σιτηρέσιον,
666 1691 712 1718 καὶ
724 1693 780 1724 τοῖς
794 1693 916 1728 Φλωρεν-

123 1738 211 1768 τίνοις
229 1737 352 1773 μηνύσας
370 1737 493 1764 δανεῖσαι
510 1738 585 1772 αὐτῷ
601 1739 811 1774 τεσσαράκοντα
829 1740 915 1774 χιλιά-

123 1784 176 1814 δας
190 1784 343 1818 χρυσίνων,
360 1783 522 1811 ἀπέστειλεν
538 1784 632 1815 αὐτοῖς
646 1784 696 1818 τὴν
714 1784 814 1820 μίτραν
832 1784 915 1812 αὑτοῦ

124 1829 256 1864 ἐνέχυρον
266 1837 273 1845 ·
292 1830 317 1856 οἳ
333 1830 362 1856 τὸ
378 1830 507 1864 ἐνέχυρον
520 1829 663 1861 λαϐόντες,
679 1830 710 1857 τὺ
726 1831 838 1865 αἰτηθὲν
853 1832 915 1858 ἀνε-

127 1876 278 1910 πλήρωσαν
290 1884 297 1891 ·
313 1876 362 1902 σὺν
377 1875 490 1907 ἐκείνοις
505 1875 535 1902 δὲ
550 1877 598 1902 καὶ
613 1876 695 1907 ἄλλας
710 1878 916 1912 τεσσαράκοντα

126 1921 277 1955 ὑπέσχοντο
291 1921 383 1955 χάριτι
396 1920 498 1952 δοῦναι,
513 1923 537 1948 ει
552 1922 592 1953 εἰς
606 1922 655 1957 τὴν
671 1921 749 1948 πόλιν
763 1922 854 1948 αὐτῶν
870 1932 918 1957 με-

125 1967 242 2002 ταθήσοι
258 1967 309 2001 τὴν
330 1966 455 2000 σύνοδον,
478 1967 521 1994 ἵνα
541 1967 623 2000 δῆθεν
644 1967 660 2003 ἡ
682 1967 806 1994 πολιτεία
828 1968 917 1994 αὐτῶν

126 2014 178 2048 τὴν
189 2013 238 2040 τοῦ
252 2014 314 2048 ὅρου
328 2014 411 2048 τιμὴν
424 2014 568 2041 ἀπολάϐοι.
584 2014 633 2040 Διὰ
646 2014 725 2041 τοῦτο
740 2014 786 2041 οὖν
801 2016 817 2050 ἡ
836 2014 918 2050 μετά-

127 2059 208 2091 ϐασις
224 2059 278 2085 ἀπὸ
292 2060 446 2095 Φερῤαρίας
461 2061 500 2091 είς
517 2061 690 2095 Φλωρεντίαν
706 2060 829 2096 γέγονεν.

479 2107 573 2134 ΕΦΕΣ.

168 2151 254 2179 Ἔνθα
275 2152 493 2187 γενόμενοικτῶν
518 2153 582 2186 περὶ
604 2151 654 2188 τὴς
674 2150 753 2186 δόξης
774 2151 918 2185 διαλέξεων

128 2198 323 2234 ὰπημξάμεθα,
339 2199 394 2226 τῶν
409 2199 532 2226 Λατίνιον
548 2199 771 2233 προενεγκόντων
788 2199 868 2234 ῥητὰ,
883 2199 918 2224 τὰ

960 269 1037 291 sunt.
1057 264 1085 291 Si
1113 271 1176 291 vero
1202 263 1256 298 pia,
1281 271 1330 290 cur
1344 262 1435 289 minus
1453 262 1480 289 in
1506 261 1635 297 Symbolo
1662 268 1744 294 quant

959 310 1044 338 alibi?
1058 310 1115 337 lmo
1130 310 1223 344 potius
1235 309 1365 345 Symbolo
1379 309 1519 336 veritatem
1534 308 1610 336 fateri
1624 313 1742 343 oportet.

959 357 1007 384 llis
1024 361 1053 384 tu
1069 360 1152 391 atque
1165 356 1202 383 lui
1219 356 1319 383 auditis
1334 356 1546 390 disputationetn
1567 355 1601 382 de
1617 355 1745 389 dogmate

959 401 1150 434 exhorruistis,
1166 405 1193 429 et
1214 401 1303 436 fugam
1322 401 1449 436 parastis,
1463 400 1540 428 abire
1565 399 1641 427 illinc
1663 407 1746 434 exop-

959 455 1057 478 tantes.

1292 538 1414 566 EPHES.

995 587 1083 622 Atque
1096 586 1113 613 ii
1125 586 1236 621 quidem
1252 589 1282 612 ttt
1292 585 1394 613 instare
1403 589 1554 619 coeperunt,
1564 583 1749 619 perstitissent

960 631 1041 658 etiam
1059 632 1085 658 in
1100 631 1151 658 hac
1163 630 1303 658 voluntate
1316 637 1403 664 usque
1422 629 1454 656 ad
1473 629 1563 660 finem,
1577 633 1602 655 et
1619 629 1750 655 recessis-

962 681 1022 705 sent
1041 676 1115 704 illinc
1131 677 1202 704 bono
1221 683 1288 704 sane
1312 676 1438 708 consilio,
1453 676 1478 702 ni
1505 675 1660 702 dissuasum
1678 678 1750 701 esset

961 722 1002 750 eis
1013 730 1027 750 a
1038 722 1215 757 quibusdam,
1228 723 1362 750 rationem
1377 722 1449 749 illam
1462 721 1650 751 atferentibus,
1674 720 1748 755 quod

962 767 1120 795 indecorum
1139 773 1213 796 esset
1225 768 1373 796 abscedere
1390 767 1463 794 nulla
1476 767 1566 794 habita
1582 766 1615 793 de
1623 766 1751 800 dogmate

962 812 1112 847 quaestione
1128 820 1136 846 ;
1155 813 1193 840 ita
1213 820 1291 841 suum
1310 812 1455 847 praebuere
1478 818 1633 842 assensum.
1650 815 1706 838 tum
1723 815 1752 838 ut

964 866 978 886 a
992 858 1178 894 disputatione
1193 859 1226 886 de
1243 859 1430 887 additamento
1447 857 1609 886 transiretur
1627 857 1659 884 ad
1674 865 1753 891 qure-

929 893 950 921 B
965 893 1079 932 stionem
1107 905 1253 938 dogmatis,
1279 910 1335 948 tum
1354 908 1384 932 ut
1409 904 1442 932 ab
1463 904 1530 931 urbe
1547 902 1673 931 Ferraria
1690 902 1753 930 Flo-

962 953 1077 978 rentlam
1093 950 1189 978 iretur.

1273 1017 1275 1019 ι
1308 997 1409 1025 RESP.

999 1042 1130 1071 Volebant
1152 1051 1217 1071 sane
1234 1042 1421 1079 imprudentes
1438 1043 1549 1078 quidam
1567 1043 1594 1070 in
1610 1050 1641 1071 ea
1659 1043 1756 1070 volun-

964 1093 1018 1116 tate
1042 1089 1199 1124 persistere.
1212 1097 1265 1124 qua
1283 1093 1425 1124 cmpcrant
1441 1088 1554 1122 instare,
1567 1093 1595 1116 et
1620 1089 1753 1124 disjungi,

963 1139 1045 1169 atque
1070 1134 1133 1162 inde
1151 1135 1309 1168 abscedere,
1325 1135 1455 1169 [quorum
1471 1139 1499 1162 tu
1518 1138 1600 1169 caput
1615 1142 1687 1163 eras.
1706 1135 1755 1161 Ve-

964 1188 1023 1207 rum
1038 1180 1084 1215 qui
1099 1186 1155 1208 sua:
1169 1180 1268 1208 salutis
1281 1185 1360 1207 erant
1374 1180 1458 1213 avidi,
1473 1184 1654 1215 agnoscentes
1668 1187 1755 1214 quan-

966 1232 1022 1254 tum
1037 1228 1072 1255 sit
1087 1228 1223 1256 haereseos
1239 1228 1390 1262 periculum
1408 1228 1436 1254 in
1453 1228 1487 1255 iis
1503 1227 1549 1261 qui
1564 1235 1593 1255 se
1609 1228 1643 1254 ab
1663 1227 1757 1255 Eccle-

966 1274 1006 1302 sia
1021 1280 1178 1306 secernunt,
1195 1275 1342 1302 uoluerunt
1357 1275 1455 1302 timore
1472 1273 1590 1308 perculsi
1610 1273 1690 1308 hujus
1708 1281 1758 1300 tte-

965 1321 1059 1356 quitiae
1080 1321 1177 1349 morbo
1197 1322 1292 1354 affici;
1315 1321 1362 1349 sed
1390 1329 1489 1357 magna
1504 1321 1645 1348 voluntate
1656 1319 1758 1354 permi-

966 1370 1062 1394 serunt
1092 1371 1119 1395 et
1147 1368 1232 1402 quaeri
1253 1368 1286 1395 de
1304 1368 1442 1401 dogmate,
1462 1371 1489 1393 et
1521 1367 1662 1394 veritatem
1691 1373 1758 1392 cuu-

966 1412 1060 1444 cleari.
1092 1418 1122 1439 ut
1150 1421 1210 1441 eam
1240 1413 1483 1448 amplecterentur.
1506 1412 1598 1446 Quare
1617 1411 1757 1446 persuasis

966 1459 1049 1486 etiam
1074 1459 1136 1486 aliis
1164 1462 1194 1486 ut
1219 1459 1341 1493 aequitati
1357 1457 1760 1492 acquiescerent,admiserunt

968 1505 1082 1533 secundi
1113 1505 1292 1539 problematis
1324 1504 1564 1540 disquisitionem;
1591 1504 1760 1531 admiserunt

967 1553 1049 1580 etiam
1076 1556 1106 1579 ut
1131 1551 1301 1579 Florentiam
1328 1549 1484 1578 eFerraria
1508 1551 1605 1582 iretur,
1627 1550 1756 1585 queniam

968 1597 1107 1632 Eugenius
1136 1599 1222 1624 beatae
1246 1597 1384 1624 memoriae
1414 1597 1606 1625 sanctissimus
1636 1595 1758 1630 pontifex

970 1644 1110 1672 Romanus
1138 1643 1273 1670 Ferrariaa
1298 1651 1351 1670 non
1372 1643 1500 1674 habebat,
1523 1650 1573 1670 nec
1593 1642 1702 1669 aliunde
1720 1642 1760 1669 fa-

970 1691 1057 1718 cultas
1069 1690 1092 1717 ei
1106 1688 1280 1724 suppetebat,
1296 1689 1367 1716 unde
1381 1689 1458 1716 vobis
1474 1689 1602 1716 alimenta
1625 1688 1760 1716 submini-

970 1739 1080 1764 straret.
1098 1735 1203 1763 Idcirco
1219 1739 1316 1762 mutuo
1331 1734 1408 1769 petiit
1424 1742 1439 1762 a
1456 1734 1621 1762 Florentinis
1642 1735 1761 1768 quadra-

970 1782 1044 1817 ginta
1061 1789 1203 1809 nummum
1220 1788 1367 1808 aureorum
1383 1779 1466 1808 millia
1483 1781 1659 1816 oppignerata
1680 1782 1759 1809 mitra

971 1836 1032 1856 sua.
1053 1828 1092 1855 Illi
1119 1831 1230 1863 accepto
1248 1827 1362 1862 pignore
1387 1827 1530 1862 pecuniam
1555 1834 1759 1859 numerarunt;

972 1874 1140 1901 tantumdem
1166 1880 1231 1901 vero
1247 1881 1277 1901 se
1293 1873 1367 1900 dono
1393 1873 1474 1900 etiam
1496 1873 1608 1901 daturos
1628 1873 1761 1908 promise-

971 1925 1047 1952 runt,
1063 1921 1086 1948 si
1106 1921 1132 1947 in
1150 1928 1245 1948 eorum
1267 1915 1363 1947 urbem
1382 1918 1545 1946 transferret
1558 1919 1705 1954 synodum,
1732 1925 1762 1946 ut.

971 1966 1075 1993 Scilicet
1102 1965 1210 1993 illorum
1239 1965 1391 2000 respublica
1415 1966 1517 1992 houOre
1535 1965 1587 1992 hoc
1603 1956 1760 1999 augei-etur,

972 2013 994 2039 si
1011 2012 1076 2039 inibi
1090 2013 1213 2040 definitio
1231 2012 1317 2039 fieret.
1332 2012 1359 2038 id
1377 2011 1427 2038 fuit
1439 2019 1506 2047 ergo
1520 2019 1610 2039 eausa:
1635 2020 1684 2039 cur
1697 2012 1762 2040 Fer-

973 2059 1043 2085 raria
1062 2057 1227 2086 Florentiam
1245 2066 1273 2085 se
1292 2058 1461 2085 conferrent.

1315 2104 1434 2131 EPHES.

1009 2151 1068 2185 Quo
1095 2151 1140 2179 ubi
1157 2151 1345 2186 pervenimus,
1361 2151 1574 2185 disputationem
1590 2151 1622 2177 de
1635 2151 1762 2184 dogmate

973 2207 1067 2227 sumus
1082 2197 1200 2234 aggressi
1212 2206 1219 2228 ;
1230 2196 1333 2225 Latinis
1345 2197 1416 2225 dicta
1432 2197 1632 2233 proferentibus
1645 2205 1674 2224 c\'
1687 2197 1762 2224 libris

129 2246 182 2279 μὲν
198 2245 226 2278 ἐξ
241 2245 410 2280 ἀποκρύφων
423 2244 504 2271 τινῶν
520 2246 570 2271 καὶ
585 2245 732 2278 ἀγνώστων
750 2242 871 2278 βιϐλίων,
886 2246 912 2270 τέ

973 2245 1071 2280 partim
1089 2245 1254 2280 apocryphis
1270 2249 1296 2272 et
1310 2244 1422 2280 ignotis,
1440 2244 1540 2278 partim
1569 2243 1725 2278 depraiatis
1737 2247 1764 2270 et

126 2292 157 2318 δὲ
182 2293 213 2318 ὲκ
237 2291 438 2326 νενοθευμένων
461 2300 491 2317 τε
515 2292 564 2318 καὶ
589 2291 805 2326 διεφθαρμένων,
828 2291 857 2316 ὲν
881 2287 921 2322 οἷς

128 2338 304 2373 ἰσχυρίζοντο
325 2338 375 2372 τὴν
396 2337 501 2364 ἑαυτῶν
525 2336 603 2369 δόξαν
627 2337 815 2364 συνίστασθαι.
836 2337 922 2363 Πάλιν

125 2385 177 2412 οὖν
198 2385 291 2415 αὐτοῖς
313 2383 369 2418 ἐγὼ
393 2383 629 2419 συμπλεκόμενος,
653 2384 701 2409 καὶ
722 2383 752 2410 τδ
773 2382 921 2416 ﬁci/3E1};

127 2432 231 2459 ἄτοπον
250 2431 409 2466 διελέγχων,
430 2432 477 2458 καὶ
498 2429 698 2465 νενοθευμένας
720 2427 790 2456 εἶναι
809 2429 858 2460 τὰς
881 2428 921 2463 βί-

127 2476 211 2509 6λους
230 2477 378 2512 προφανῶς
397 2477 540 2512 παριστῶν
550 2495 558 2508 ,
572 2476 647 2503 οὐδὲν
662 2476 743 2511 ἤνυον
759 2476 799 2507 εἰς
818 2475 903 2502 πειθὼ
913 2493 920 2506 ,

127 2524 202 2558 πλὴν
218 2523 280 2550 ὅσον
295 2524 340 2551 τὸν
356 2524 451 2559 καιρὸν
466 2523 624 2551 ἀναλίσκειν
639 2524 699 2558 εἰκῇ
715 2523 761 2549 καὶ
779 2521 878 2557 μάτην.

475 2569 579 2596 ΔΠΟΛ.

165 2617 235 2651 Περὶ
256 2616 305 2650 τῆς
329 2616 409 2650 δόξης
435 2616 544 2651 πρῶτος
569 2616 582 2642 ὀ
606 2615 636 2642 ὲν
659 2614 784 2650 θεολογίᾳ
811 2615 921 2649 ὑψίνους

132 2661 274 2696 Ἰωάννης,
287 2662 300 2687 ό
311 2661 359 2687 τοῦ
371 2661 511 2696 σχήματος
522 2660 571 2687 τοῦ
585 2661 664 2694 ἁγίου
677 2660 822 2694 Δομινίκου
835 2660 921 2693 ἐπαρ-

125 2716 188 2743 χος,
203 2708 253 2742 τὴν
267 2707 378 2743 ἐναρξιν
393 2708 540 2742 ἐποιήσατο
552 2714 559 2722 '
578 2706 653 2734 Μετὰ
668 2707 717 2741 τῆς
731 2706 859 2740 εὐλογίας
873 2706 921 2733 τοῦ

127 2745 349 2789 μακαριωτάτοιί
362 2753 468 2789 Πατρὺς
482 2754 532 2789 τὴν
547 2753 682 2786 ἐξέτασιν,
696 2752 794 2788 φήσας,
811 2753 921 2788 ποιήσο-

126 2808 181 2835 μαι
197 2801 265 2835 πρδς
279 2800 351 2835 ὑμᾶς
366 2800 431 2835 περὶ
443 2800 493 2836 τῆς
507 2800 554 2827 τοῦ
570 2790 653 2835 ἁγίουΔ
664 2799 825 2833 Πνεύματος
839 2800 920 2825 ἐκπο-

126 2845 249 2881 ρεύσεως
260 2853 267 2861 ⁸
282 2846 327 2873 ὅτε
347 2847 396 2873 οὐκ
415 2845 444 2879 ἐξ
463 2845 634 2881 ἀποκρύψω-δ
650 2846 731 2873 τινῶν
748 2845 858 2880 βιϐλίων
874 2845 921 2871 καὶ

125 2889 279 2926 ἀγνώστων
297 2892 366 2927 ῥητὰ
385 2893 565 2927 προήνεγκεν,
585 2891 645 2918 οὐδὲ
665 2891 696 2917 ὲκ
715 2889 916 2925 νενοθενμένων

973 2290 1120 2324 corruptis,
1135 2289 1237 2324 quibus
1251 2289 1413 2317 sententiam
1429 2296 1506 2315 suam
1522 2288 1603 2315 inniti
1621 2296 1764 2315 assevera-

972 2335 1046 2363 bant.
1062 2335 1154 2370 itaque
1167 2337 1277 2363 rtirsum
1306 2343 1357 2370 ego
1373 2342 1436 2362 cum
1452 2335 1505 2361 illis
1529 2342 1706 2369 congressus,
1735 2340 1763 2361 et

973 2382 1138 2409 sententiam
1154 2381 1304 2408 absurdam
1321 2388 1383 2408 esse
1401 2385 1494 2415 aperte
1513 2379 1712 2411 demonstravi,
1737 2385 1764 2406 et

973 2428 1057 2455 libros
1071 2428 1234 2463 depravalos
1254 2427 1397 2462 perspicue
1420 2425 1545 2461 probavi.
1568 2424 1642 2453 Nihil
1673 2430 1763 2453 tanton

972 2472 1151 2507 profeci.nec
1163 2473 1330 2507 persuadere
1357 2471 1508 2506 quidquam
1531 2471 1625 2506 potui;
1657 2475 1762 2498 tantum

974 2519 1039 2546 mihi
1051 2518 1150 2546 frustra
1167 2523 1274 2553 tempus
1297 2517 1473 2545 conterebatu
1479 2525 1500 2544 r.

1309 2562 1407 2589 RESI’.

1009 2610 1115 2637 Primus
1128 2610 1160 2636 de
1175 2609 1301 2642 dogmate
1321 2607 1439 2635 Joannes
1451 2607 1494 2635 ille
1524 2609 1550 2635 in
1565 2617 1593 2636 re
1610 2609 1764 2644 theologica

973 2655 1072 2683 summi
1083 2655 1123 2682 vir
1139 2653 1253 2689 ingenii.
1271 2659 1351 2688 atque
1368 2653 1394 2680 in
1411 2653 1537 2681 instituto
1561 2655 1649 2682 sancti
1667 2654 1760 2682 Domi-

974 2703 1028 2731 nici
1049 2701 1168 2738 pmiecli
1186 2701 1318 2736 dignitate
1335 2704 1460 2733 ornatus,
1480 2700 1693 2736 disputationem
1721 2701 1763 2727 ina

974 2750 1062 2778 stituit
1077 2750 1225 2783 :Accepta.
1240 2745 1378 2782 inquiens,
1392 2747 1579 2774 benedictione
1597 2746 1685 2775 Patris
1698 2746 1761 2774 δεξι-

976 2795 1086 2828 tissimi,
1104 2794 1285 2830 quatstionem
1301 2793 1335 2820 de
1349 2793 1468 2828 Spiritus
1478 2793 1564 2819 sancti
1585 2793 1764 2827 proccssionc

975 2843 1114 2870 vobiscum
1132 2840 1237 2867 habebo
1254 2848 1260 2866 :
1277 2839 1386 2875 quando
1400 2846 1452 2866 non
1466 2847 1497 2865 ex
1515 2838 1766 2874 apocryphisignu—

976 2890 1065 2924 lisque
1077 2888 1153 2917 libris
1170 2886 1284 2922 protulit
1304 2890 1405 2919 textus,
1417 2891 1463 2912 aut
1481 2886 1614 2921 corruptis
1632 2890 1656 2913 et
1672 2886 1766 2920 depra-
