1961 3070
201 143 269 175 1m

697 149 852 180 JOSEPIII
873 151 1143 184 METHONENSIS
1158 156 1329 188 EPISCOPI

1757 159 1823 189 1043

202 204 284 233 vatis,
300 208 329 230 ut
345 203 402 237 ipse
418 203 478 237 ais;
497 205 546 234 nisi
565 207 720 241 apocrypha
735 208 871 241 intelligas
889 209 982 236 Basilii

1036 221 1064 239 τε
1081 214 1128 240 καὶ
1147 214 1373 249 διεφθαρμένων,
1390 215 1428 247 ὡς
1447 215 1479 242 σὺ
1498 216 1550 251 φῄς
1562 224 1568 230 ·
1588 216 1612 242 εί
1631 215 1668 250 μή
1686 225 1737 243 που
1755 217 1824 242 ἁπό-

204 249 293 284 Magni
311 254 335 276 ct
350 250 490 277 Athanasii
507 258 599 284 opcra,
627 260 675 279 nec
704 261 757 279 non
787 253 933 288 Epiphanii
959 259 985 282 ct

203 295 292 321 sancti
321 295 424 330 Cyrilli,
443 303 557 329 quorum
574 296 646 323 dicta
685 297 804 325 Joannes
830 298 985 332 proferebat

203 340 361 368 Latinorum
375 341 494 372 nomine,
513 349 560 375 per
579 350 639 376 qua)
651 343 840 371 demonstrare
863 344 983 372 conaba-

203 391 246 412 tur
261 386 394 419 dogmatis
412 387 563 414 veritatem.
581 386 733 415 Noluerunt
747 389 819 415 enim
846 390 917 416 sacri
947 389 983 416 illi

202 432 251 458 viri
266 431 477 459 Occidentalium
490 433 651 460 auctoritate
665 433 817 466 doctorum,
833 434 878 461 sed
889 435 984 462 Oricu-

204 477 297 504 talium
315 479 430 513 probare
443 481 493 506 hoc
505 480 603 514 dogma
621 489 628 511 ;
642 488 686 513 ne,
699 482 771 516 quod
786 481 867 508 ctiam
881 481 982 512 evenit,

203 522 319 555 possetis
331 523 527 551 contradicere.
546 524 586 551 Tu
599 533 663 552 vero
678 533 740 552 cum
759 525 830 552 ferre
852 533 906 552 non
919 533 983 559 pos-

202 576 246 598 Scs
263 569 417 602 veritatem,
429 575 571 605 corruptos
588 575 616 598 et
628 571 790 605 depravatos
807 572 924 598 vocabas
936 571 985 597 do-

202 619 307 642 ctorum
332 615 415 642 libros
435 624 441 642 :
459 617 568 650 quando
579 617 659 644 etiam
677 624 774 651 magno
789 621 836 644 tuo
852 617 985 644 dedecore

202 659 330 688 universa
343 664 368 687 te
378 661 499 695 synodus
513 662 668 697 suggillavit
680 663 716 689 ita
726 662 871 694 dicentem,
880 667 905 689 et
917 670 986 697 pra:-

201 706 295 732 sertim
315 707 453 735 ulterioris
470 707 593 735 Franciae
609 709 752 743 prresules.
783 713 813 735 ut
836 708 984 735 audierunt

199 750 380 779 Orientalium
397 753 538 781 doctorum
554 754 638 781 libros
649 754 739 781 vocari
756 762 770 781 a
784 759 809 781 te
825 759 982 789 corruptos,

202 806 297 832 magna
314 806 379 826 voce
400 799 590 828 cxclamarunt
606 809 613 828 :
631 799 780 828 [hereticus
791 805 833 828 cst
852 801 904 828 iste
928 809 984 827 ma-

201 844 444 878 lcdictns,zetcrna
470 846 582 874 feriatur
613 847 910 879 excommunicatione,
935 847 983 874 do-

1036 268 1129 294 κρυφσ.
1145 261 1176 288 σὺ
1191 263 1261 293 νοεῖς
1274 263 1308 288 τὰ
1321 262 1368 290 τοῦ
1387 263 1507 297 μεγάλου
1524 263 1664 290 Βασιλείου
1679 264 1726 290 καὶ
1745 263 1823 290 Ἀθα-

1037 305 1129 333 νασίου
1143 307 1243 341 βιϐλία,
1261 309 1420 341 Ἑπιφανίου
1431 317 1461 335 τε
1471 310 1519 336 καὶ
1532 309 1665 344 Κυρίλλου
1677 309 1723 336 τοῦ
1736 309 1822 343 ἱεροῦ,

1037 352 1066 384 ἐξ
1082 348 1119 378 ὦν
1134 353 1286 387 προέφερεν
1302 354 1316 381 ὁ
1334 355 1461 389 Ἰωάννης
1475 355 1512 385 ὡς
1528 357 1560 382 ὲκ
1578 355 1726 391 προσώπου
1740 357 1824 383 Λατί-

1037 407 1089 425 νων
1105 400 1183 434 ῥητὰ,
1193 400 1228 426 δι’
1242 398 1278 427 ῶν
1293 401 1446 436 ἰσχυρίζετο
1458 402 1508 436 τὴν
1520 402 1649 437 ἀλήθειαν
1662 402 1709 430 τοῦ
1723 403 1823 437 δόγμα-

1036 451 1082 474 τος
1095 445 1280 479 παραστῆσαι.
1294 445 1333 473 Οὐ
1348 447 1401 480 γὰρ
1415 447 1510 482 ἤθελον
1523 448 1547 473 οί
1563 448 1630 482 ἱεροὶ
1644 448 1738 482 ἄνδρες
1752 449 1822 474 ἐκεῖ-

1037 497 1076 515 νοι
1087 489 1130 516 διὰ
1141 490 1256 517 δυτικῶν
1265 491 1433 518 διδασκάλοιν
1443 493 1473 518 τὸ
1484 493 1571 528 δόγμα
1583 493 1663 520 τοῦτο
1675 495 1820 529 συστῆσαι,

1037 534 1094 560 ἀλλ’
1107 536 1135 568 ἐξ
1150 536 1317 563 ἀνατολικῶν
1333 537 1463 572 Πατέρων
1474 558 1481 570 ,
1498 539 1541 565 ἵνα
1559 539 1596 574 μὴ
1612 539 1692 574 ἔχητε
1708 541 1822 567 τούναν-

1036 581 1092 607 τίον
1106 582 1203 615 εἰπεῖν,
1217 583 1286 618 ὅπερ
1299 584 1346 610 καὶ
1360 585 1466 618 γέγονε.
1480 586 1516 612 Σὺ
1533 586 1562 612 δὲ
1575 586 1624 622 τὴν
1638 587 1768 622 ἀλήθειαν
1782 587 1820 622 μὴ

1036 626 1184 660 δυνάμενος
1201 628 1294 663 φέρειν
1305 649 1313 661 ,
1330 630 1518 665 διεφθαρμένα
1531 641 1560 658 τε
1576 633 1624 659 καὶ
1639 633 1820 667 νενοθευμένα

1036 673 1071 700 τὰ
1088 674 1142 700 τῶν
1158 673 1326 702 διδασκάλων
1343 677 1452 708 ἐκάλεις
1470 677 1561 711 βιϐλία
1574 686 1580 694 ·
1597 678 1642 704 ὅτε
1660 679 1708 706 καὶ
1726 679 1822 714 μῶμος

1038 719 1203 754 πφσετρίὸη
1221 729 1262 746 σοι
1277 721 1365 755 μέγας
1379 721 1455 756 παρὰ
1467 723 1515 757 τῆς
1531 723 1641 750 συνόδου
1657 724 1764 757 ἁπάσης
1778 724 1823 750 λέ-

1037 772 1111 797 γοντι
1123 764 1223 797 οὕτως·
1237 767 1285 792 καὶ
1300 767 1419 799 μάλιστα
1431 769 1457 795 οἱ
1468 769 1517 802 τῆς
1531 769 1671 805 ὲνδοτέρας
1683 771 1822 806 Φρατκίας

1037 809 1182 843 ἡγούμενοι
1199 810 1378 845 ἀκούσαντες,
1395 813 1437 839 ὅτι
1453 814 1486 840 τὰ
1503 813 1556 839 τῶν
1571 813 1739 840 ἀνατολικῶν
1753 814 1824 841 διδαο

1036 855 1143 882 σκᾶλων
1156 855 1245 890 βιϐλία
1258 857 1444 893 διεφθαρμένα
1458 859 1615 892 ἀποκαλεῖς,
1629 859 1734 894 μεγάλῃ
1746 862 1821 895 φωνῇ

200 895 292 918 ctores
304 891 375 918 enim
390 892 481 926 reiicit.
495 900 501 919 :
524 896 550 919 et
566 892 588 919 si
605 892 664 920 suis
677 892 796 921 Orientis
823 893 983 920 doctoribus

1037 900 1184 935 ἐξεϐόησαν
1195 909 1201 916 ·
1216 891 1361 936 Ᾱίρετικδς
1371 903 1449 934 οὗτός
1463 904 1536 930 ἐστιν
1548 905 1561 930 δ
1574 891 1822 939 κατάρατος-ἀἱωῖ

201 934 280 962 ﬁdem
293 944 346 962 non
358 936 464 969 tribuit,
484 937 548 972 quid
573 937 606 964 de
634 938 737 965 nostris
763 938 985 966 Occidentalibus

200 981 405 1010 dixerittﬂinc
428 985 612 1011 commotione
648 985 766 1011 excitata
791 989 986 1020 consurgentes

201 1027 269 1057 nihil
284 1028 358 1059 aliud
369 1029 474 1064 egistis.
494 1029 621 1058 Proxima
636 1038 698 1057 vero
712 1031 834 1058 sessione
857 1038 919 1058 cum
946 1029 985 1057 illi

201 1082 235 1102 ex
248 1076 338 1110 magni
355 1076 450 1111 Cyrilli
467 1076 557 1104 verbis
584 1081 743 1112 argumenta
773 1077 926 1109 duxissent,
957 1081 984 1103 tu

199 1121 314 1147 omnino
327 1125 452 1149 sanetum
465 1122 599 1158 Cyrillum
616 1123 722 1158 negasti
738 1122 775 1150 ita
791 1123 891 1150 dicere.
915 1122 984 1150 Cum

201 1173 263 1192 vero
279 1165 398 1194 Joannes
411 1167 592 1201 Epiplranium
607 1170 701 1195 eadem
716 1175 776 1203 qua:
800 1167 917 1203 Cyrillus
945 1167 984 1194 di-

201 1217 305 1239 centem
320 1214 492 1246 protulisset.
505 1218 532 1240 tu
549 1214 607 1242 tunc
629 1214 689 1248 ipsa
715 1214 796 1241 etiam
831 1214 986 1241 adulterata

202 1258 317 1285 vocasti.
336 1259 399 1286 lndc
412 1265 525 1287 coactus
549 1254 692 1295 profundae
722 1260 774 1287 illae
804 1267 836 1288 ac
862 1260 985 1287 sublimis

199 1304 342 1338 theologia:
369 1307 410 1331 vir
433 1305 562 1332 Basilium
577 1305 703 1340 Magnum
737 1306 827 1333 attulit
856 1307 882 1332 in
916 1305 984 1332 libro

200 1357 294 1378 contra
307 1352 469 1379 Eunomium
483 1353 635 1380 consimilia
645 1353 782 1388 prioribus
793 1353 981 1380 disserentem:

200 1403 228 1424 tu
247 1405 311 1424 vero
327 1398 371 1425 illa
398 1406 507 1433 quoque
531 1399 677 1434 depravata
697 1399 798 1426 dixisti.
828 1399 865 1426 ita
900 1398 983 1425 libros

200 1451 307 1476 omnes,
320 1445 366 1479 qui
383 1445 509 1478 producti
522 1450 595 1477 sunt,
613 1447 757 1480 corruptos
768 1445 901 1474 vocando.
916 1445 983 1471 stul-

200 1489 324 1518 tissimus
337 1489 370 1516 ab
383 1490 511 1517 omnibus
524 1491 635 1518 habitus
655 1499 696 1518 es.
723 1491 840 1523 Quando
867 1490 983 1518 misistis

199 1534 280 1560 etiam
295 1534 513 1563 Nicomediensis
528 1537 653 1570 prrcsulis
669 1537 836 1569 ministrum,
863 1542 890 1564 ut
905 1536 984 1563 affer-

200 1584 241 1606 ret
258 1581 381 1608 codicem
411 1586 498 1609 sancti
515 1582 618 1616 Basilii,
650 1583 677 1610 in
703 1592 757 1618 quo
783 1584 886 1610 dictum
915 1569 1017 1610 illudG

201 1625 316 1652 liabctur
332 1635 338 1652 :
354 1626 410 1653 Cur
424 1628 495 1654 cnim
511 1636 622 1656 necesse
636 1634 689 1663 est,
706 1634 759 1658 etc.
776 1631 822 1657 Ille
831 1638 895 1657 vero
926 1631 984 1658 sive
1020 1630 1026 1639 ‘

201 1672 302 1699 malitia
313 1681 360 1700 sua
372 1679 524 1708 permotus,
539 1676 596 1702 sive
613 1677 692 1703 etiam
703 1684 717 1704 a
730 1678 807 1705 vobis
817 1678 982 1710 admonitus,

200 1718 284 1745 voluit
311 1720 437 1746 occulere
466 1720 603 1748 \eritalem
632 1728 712 1757 atque
746 1728 860 1758 accepto
889 1725 984 1751 codice

199 1764 273 1791 venit.
304 1765 336 1794 ad
362 1764 507 1792 fenestram
540 1767 662 1802 cogitans
688 1768 791 1795 dictum
807 1769 871 1796 illud
902 1770 983 1797 abra-

198 1809 273 1843 dere,
294 1810 455 1846 signatoque
485 1812 560 1843 folio.
593 1814 619 1840 in
646 1821 701 1847 quo
741 1816 874 1842 sententia
903 1816 984 1843 babe-

198 1857 289 1901 b'atur,
322 1858 461 1885 cultellum
486 1860 635 1894 quaerebat,
658 1868 712 1896 quo
749 1861 822 1889 illaut
849 1864 983 1894 eraderet.

197 1903 231 1930 At
257 1911 322 1931 vero
350 1904 467 1939 Spiritus
497 1907 619 1934 veritatis
646 1915 699 1935 non
721 1909 843 1943 permisit
867 1909 892 1936 id
914 1910 982 1940 ficri.

198 1957 231 1978 ne
264 1951 365 1978 veritas
392 1953 640 1987 exstingueretnr;
669 1955 771 1981 excitat
811 1963 877 1990 ergo
915 1956 983 1982 flan-

144 1997 151 2003 '
198 1999 251 2022 lem
268 2003 373 2029 auram,
393 2004 440 2030 per
454 2004 535 2031 quam
546 1997 645 2024 factum
664 2002 704 2025 est
717 2002 747 2025 ut
772 1998 848 2031 folio,
867 1999 893 2025 in
925 2006 979 2034 quo

197 2041 299 2068 dictum
313 2042 412 2074 inerat,
426 2047 541 2074 mutato,
558 2043 631 2070 aliud
662 2051 692 2071 se
711 2043 840 2071 offerret:
871 2043 915 2071 ille
942 2045 981 2071 fe-

198 2087 306 2115 stinans
317 2088 391 2114 aliud
405 2089 540 2123 expunxit
555 2096 605 2124 pro
617 2090 681 2116 alio.
702 2089 805 2117 Deinde
816 2090 897 2117 celeri
910 2098 984 2125 εποδ-

198 2141 228 2160 su
248 2140 373 2161 reversus
386 2134 419 2160 ad
431 2134 564 2169 synodum
591 2134 722 2162 audacter
739 2136 793 2162 ibat
820 2136 852 2164 ad
870 2137 984 2163 convin-

198 2179 298 2207 tendos
313 2178 435 2207 Latinos.
452 2180 486 2208 Ut
499 2188 562 2207 vero
579 2184 653 2215 pater
669 2181 728 2216 ejus
748 2181 846 2208 librum
865 2182 982 2216 aperuit,

1038 946 1100 979 νίως
1112 947 1288 984 ἀφορισθήτω
1299 957 1306 965 ’
1318 950 1380 981 τοὺς
1391 950 1567 983 διδασκάλους
1578 950 1632 986 γὰρ
1643 951 1802 978 ἀποσείεται
1815 959 1820 964 ·

1037 994 1085 1020 καὶ
1105 994 1130 1020 εί
1151 995 1206 1025 τοῖς
1228 995 1311 1022 αὐτοῦ
1333 996 1502 1028 διδασκάλοις
1521 999 1578 1029 τοῖς
1598 996 1768 1030 ἀνατολικοῖς
1789 998 1821 1025 οὺ

1037 1040 1176 1070 πιστεύει.
1192 1041 1216 1067 τί
1230 1041 1263 1068 ἂν
1278 1042 1347 1069 εῑποι
1364 1042 1496 1076 περὶτῶν
1511 1043 1627 1071 δυτικῶν
1641 1052 1670 1071 τε
1687 1044 1735 1070 καὶ
1750 1046 1821 1078 ἠμε-

1036 1085 1125 1119 τέρων
1136 1095 1143 1117 ς
1156 1086 1238 1114 Ὅθεν
1253 1088 1409 1122 συγχύσεως
1425 1091 1574 1125 γενομένης
1590 1091 1720 1126 ἀνέστητε
1737 1090 1820 1125 μηδὲν

1036 1131 1100 1158 ἄλλο
1113 1132 1276 1166 πράξαντες.
1291 1134 1329 1169 Τῇ
1342 1133 1370 1160 δὲ
1382 1135 1482 1170 ἑφεξῆς
1495 1136 1652 1162 συνελεύσει
1664 1137 1693 1163 ὲν
1705 1136 1761 1166 τοῖς
1773 1135 1821 1162 τοῦ

1037 1177 1155 1210 μεγάλου
1180 1179 1314 1213 Κυρίλλου
1339 1181 1431 1216 ῥητοῖς
1456 1181 1502 1208 τὸν
1526 1181 1604 1215 λόγον
1627 1182 1821 1217 ποιησαμένων

1037 1223 1149 1249 ἐκείνων
1158 1244 1165 1255 ,
1181 1225 1321 1258 παντελῶς
1337 1226 1447 1262 ἠρνήσω
1461 1227 1507 1253 τὺν
1522 1228 1599 1261 ἅγιον
1612 1227 1683 1254 οἵ)τῶ
1695 1228 1820 1261 λέγοντα.

1042 1266 1070 1293 '0
1087 1267 1116 1294 δὲ
1134 1269 1260 1302 Ἰωάννης
1276 1270 1321 1297 τδν
1337 1271 1500 1305 Ἐπιφάνιον
1517 1272 1598 1308 ἔφερε
1618 1273 1822 1308 συνηγοροῦντα

1037 1314 1162 1349 Κυρίλλῳ
1179 1323 1186 1330 '
1213 1317 1260 1342 καὶ
1286 1317 1355 1344 αὐτὰ
1380 1318 1561 1353 νενοθευμένα
1587 1319 1728 1351 ἐκάλεσας.
1753 1318 1822 1346 Εἶτα

1038 1361 1221 1393 ἀναγκασθεὶς
1238 1363 1251 1388 ὁ
1269 1362 1354 1397 βαθὺς
1369 1365 1473 1395 ἐκεῖνος
1492 1365 1539 1392 καὶ
1556 1365 1658 1399 ὑψηλὸς
1676 1365 1802 1400 θεολόγος
1813 1386 1820 1397 .

1036 1405 1084 1431 τοῦ
1099 1407 1218 1440 μεγάλου
1234 1407 1374 1434 Βασιλείου
1390 1409 1472 1444 ῥητὸν
1485 1410 1538 1436 ἀπὸ
1549 1410 1602 1436 τῶν
1615 1411 1675 1437 κατ’
1687 1411 1820 1446 Εὺνομίου

1035 1450 1204 1485 προσέφερε,
1221 1454 1389 1488 συνηγοροῦν
1404 1455 1460 1485 τοῖς
1475 1456 1608 1491 πρότερον
1622 1455 1753 1491 ὲνεχθεῖσι
1763 1465 1769 1472 ·
1787 1457 1822 1483 σὺ

1035 1497 1062 1523 δὲ
1078 1498 1124 1524 καὶ
1137 1497 1217 1525 τοῦτο
1231 1500 1423 1535 νενοθευμένον
1438 1501 1570 1534 ἐκάλεσας
1581 1510 1588 1518 ·
1605 1503 1651 1529 καὶ
1668 1503 1756 1535 πάσας
1769 1504 1822 1535 τὰς

1037 1546 1247 1581 προενεχθείσας
1262 1547 1370 1581 βίὸλους
1382 1548 1582 1584 διεφθαρμένας
1594 1550 1750 1583 ἀποκαλῶν,
1765 1560 1822 1585 μω-

1036 1590 1082 1625 ρία
1098 1592 1244 1626 ἐνομίσθης
1259 1594 1316 1625 τοῖς
1334 1595 1417 1620 πᾶσιν
1430 1603 1437 1609 ·
1453 1596 1497 1621 ὅτε
1514 1597 1561 1622 καὶ
1576 1597 1621 1623 τὸν
1637 1597 1821 1623 ὑποτακτικὸν

1036 1637 1081 1663 τοῦ
1096 1637 1278 1672 Νικομηδείας
1291 1639 1470 1667 ἀπεστείλατε
1483 1640 1513 1667 τὸ
1526 1641 1629 1676 βιϐλίον
1643 1642 1755 1677 κομίσαι
1770 1643 1819 1669 τοῦ

1036 1683 1110 1718 ἱεροῦ
1127 1684 1279 1719 βασιλείου,
1294 1685 1324 1711 τὸ
1337 1686 1386 1721 τὴν
1401 1687 1478 1722 ῥῆσιν
1491 1687 1552 1722 ἔχον
1566 1689 1688 1715 τοιάνδε·
1704 1689 1750 1720 Τίς
1764 1690 1821 1724 γὰρ

1035 1729 1152 1765 ἀνάγκη,
1163 1734 1210 1757 καὶ
1223 1731 1257 1757 τὰ
1273 1731 1347 1766 ἑξῆς.
1364 1733 1495 1765 Κάκεῖνος
1513 1731 1560 1761 οὖν
1574 1735 1607 1769 τῇ
1625 1734 1711 1770 κακίᾳ
1727 1735 1821 1762 κινού-

1036 1785 1125 1810 μενος,
1139 1777 1155 1811 ἢ
1171 1777 1216 1803 καὶ
1233 1777 1298 1812 παρ’
1313 1777 1389 1812 ὑμῶν
1405 1778 1525 1813 κινηθεὶς
1540 1779 1678 1813 ὴὸουλήθη
1691 1779 1740 1814 τὴν
1753 1780 1821 1814 ἀλή-

1035 1822 1108 1848 θειαν
1124 1822 1227 1857 κρὺψαι
1238 1830 1244 1837 ·
1260 1823 1307 1850 καὶ
1320 1823 1411 1850 λαὸὼν
1423 1825 1475 1851 ἀνὰ
1487 1826 1579 1860 χεῖρας
1594 1825 1642 1860 τὴν
1657 1825 1758 1860 βίϐλον,
1772 1825 1820 1852 καὶ

1036 1866 1120 1893 ἐλθὼν
1138 1868 1184 1894 ἐπὶ
1200 1868 1229 1894 τὸ
1247 1868 1365 1903 θυρίδιον
1376 1889 1383 1901 ,
1400 1868 1560 1905 ᾡκονόμησε
1577 1870 1606 1897 τὸ
1625 1871 1704 1905 ῥητὸν
1721 1870 1818 1902 ἀποξέη

1036 1921 1092 1940 σαι.
1110 1914 1163 1940 Καὶ
1180 1914 1283 1949 στήσας
1295 1915 1325 1940 τὺ
1338 1914 1437 1948 φύλλον
1450 1915 1464 1941 ὂ
1478 1915 1506 1942 τὺ
1521 1916 1602 1950 ῥητὸν
1615 1914 1699 1950 εἶχεν,
1715 1916 1819 1950 ἀπῆλθε

1035 1957 1127 1984 λαϐεῖν
1143 1957 1172 1984 τὸ
1196 1958 1316 1993 σιδήριον
1334 1959 1379 1986 τοῦ
1401 1959 1551 1994 ἀπαλεῖψαι
1573 1960 1648 1987 αὑτό.
1667 1961 1704 1986 Τὸ
1724 1961 1752 1987 δὲ
1770 1962 1821 1996 τῆς

1035 2002 1165 2036 ἀληθείας
1183 2003 1295 2038 Πνεῦμα
1314 2004 1363 2030 οὐκ
1380 2004 1497 2039 ἠθέλησε
1515 2005 1594 2032 τοῦτο
1611 2006 1754 2040 γενέσθαι,
1775 2006 1820 2033 ἵνα

1036 2048 1074 2083 μὴ
1095 2048 1194 2085 σὸεσθῇ
1214 2050 1230 2084 ὴ
1250 2050 1378 2085 ἀλήθεια,
1398 2051 1466 2078 ἀλλὰ
1489 2052 1564 2078 πνέει
1584 2053 1670 2087 ἀέρα,
1687 2054 1701 2079 δ
1719 2053 1747 2079 δὲ
1766 2053 1819 2088 ἀὴρ

1034 2095 1129 2130 τρέπει
1144 2095 1174 2122 τὸ
1189 2095 1286 2130 φύλλον
1301 2096 1330 2122 ιδ
1345 2097 1425 2131 ῥητὸν
1439 2096 1510 2132 ἔχον,
1526 2099 1572 2124 καὶ
1588 2098 1680 2133 ἕτερον
1693 2099 1799 2134 ἵστησιν
1811 2108 1819 2115 ·

1035 2141 1139 2173 ἐκεῖνος
1153 2142 1187 2177 τῇ
1205 2142 1305 2177 σπουδῇ
1323 2143 1450 2169 ἐκκόπτει
1465 2144 1557 2179 ἕτερον
1572 2144 1631 2170 ἀνθ’
1643 2145 1747 2179 ἐτέρου.
1764 2146 1819 2172 Λα-

1035 2187 1089 2214 ϐὼν
1102 2185 1148 2213 οὖν
1163 2187 1192 2213 τὺ
1207 2187 1320 2222 βιὸλίον,
1338 2189 1384 2214 καὶ
1401 2189 1555 2221 σπουδαίοις
1570 2191 1601 2216 ὲν
1613 2191 1646 2225 τῇ
1661 2191 1762 2226 συνόδῳ
1777 2192 1819 2217 ἐλ-

196 2226 365 2261 ctimcgram
381 2226 544 2253 sententiam
563 2226 640 2260 \idit,
670 2232 745 2254 torve
771 2227 798 2254 in
828 2227 980 2254 ministrum

1036 2232 1106 2265 θὼν,
1124 2233 1223 2268 ήρχετο
1242 2233 1310 2268 μετὰ
1329 2233 1448 2267 θάρσους
1467 2235 1528 2265 τοὺς
1545 2236 1678 2268 Λατίνους
1696 2237 1818 2272 νικῆσαι.

198 2271 322 2304 intuens,
339 2279 395 2299 rem
412 2273 657 2304 commonstrabat,
674 2277 701 2299 at
716 2272 760 2300 ille
785 2273 982 2301 tremebundus

195 2318 323 2345 clamavit
339 2326 347 2346 ι
367 2317 404 2345 Ita
416 2318 492 2349 mihi,
506 2318 628 2352 Domine,
646 2324 691 2345 tua
706 2319 792 2353 prosit
807 2319 960 2347 benedictio
973 2328 981 2354 ;

197 2362 286 2389 derasi
303 2361 389 2395 illam,
405 2363 543 2397 quomodo
559 2368 650 2389 autem
677 2371 775 2392 rursus
802 2364 905 2399 integra
936 2366 980 2398 sit,

197 2411 305 2446 ignOro.
322 2413 360 2440 Ita
372 2420 435 2440 cunt
450 2413 560 2441 inventa
573 2418 646 2441 esset
655 2414 801 2446 sententia,
816 2414 922 2442 confusi
939 2422 983 2441 re-

196 2459 340 2492 cessistis;
357 2467 384 2487 et
398 2460 453 2494 jam
468 2468 523 2488 non
545 2465 571 2487 te
598 2460 682 2496 pudet
693 2461 795 2493 dicere.
823 2461 982 2488 Latinorum

197 2504 294 2539 dog-na
312 2506 359 2533 abs
376 2509 404 2533 te
420 2506 638 2534 demonSIratum
655 2514 716 2534 esse
729 2507 901 2535 absurdum?
917 2506 983 2533 Eru-

197 2549 362 2576 bescendum
375 2550 422 2577 tibi
435 2556 494 2578 erat
508 2551 565 2579 haec
576 2552 709 2587 proloqui.
723 2551 816 2586 Neque
826 2552 899 2578 enim
916 2553 984 2579 scri-

197 2596 283 2625 bebas
297 2597 329 2621 ad
348 2596 441 2627 rudes,
458 2598 498 2624 Vol
517 2606 542 2624 In
560 2600 686 2632 regiones
701 2604 779 2626 ιρι-τω
792 2599 926 2631 desertas,
937 2599 983 2626 ubi

197 2650 252 2670 non
270 2646 377 2674 essent,
390 2643 436 2676 qui
453 2651 546 2671 rerum
563 2645 665 2673 conscii
680 2645 707 2672 in
725 2650 786 2672 tuas
808 2645 913 2673 litteras
942 2646 983 2672 in-

196 2687 329 2716 ciderent.
347 2687 488 2723 Slquidem
505 2690 571 2717 Acta
584 2695 720 2718 testantur
735 2690 890 2722 veritatem.
916 2691 982 2718 nibil

196 2735 270 2762 aliud
286 2742 301 2762 a
315 2738 340 2762 te
353 2734 532 2767 clamitatum.
549 2744 629 2770 quam
647 2747 654 2765 :
679 2738 805 2765 Prolatus
835 2738 904 2765 liber
916 2746 983 2772 apo-

196 2781 318 2817 cryphus
335 2785 386 2809 est.
400 2775 581 2810 Pi'ofercbant
599 2784 694 2819 Cyrilli
719 2785 834 2817 dictum,
865 2784 983 2813 vocabas

196 2832 375 2862 corruptum;
396 2827 515 2856 citabant
532 2829 623 2856 Basilii
645 2830 824 2861 sententiam,
847 2830 957 2857 dicebas
975 2838 981 2855 :

197 2871 347 2907 Depravata
365 2876 406 2898 est
419 2880 425 2905 ;
440 2876 465 2899 et
484 2872 509 2901 in
528 2873 578 2900 hoc
592 2873 643 2900 sita
659 2877 716 2901 erat
729 2872 915 2908 responsionis
931 2878 983 2900 tum

1041 2277 1163 2310 ’Λνοίξας
1178 2277 1206 2303 δὲ
1221 2278 1250 2304 τὸ
1267 2278 1369 2313 βιϐλίον
1384 2280 1397 2305 ὁ
1415 2281 1506 2313 πατὴρ
1522 2280 1623 2312 αὐτοῦ,
1640 2282 1685 2308 καὶ
1703 2281 1764 2309 ἰδὼν
1778 2284 1819 2309 ἔτι

1034 2324 1064 2351 τὸ
1086 2324 1168 2360 ῥητὸν
1185 2325 1260 2358 ὑγιὲς
1282 2324 1414 2361 ὑπάρχον,
1435 2326 1557 2361 στρεϐλῷ
1573 2327 1612 2361 τῷ
1631 2328 1764 2362 ὀφθαλμῷ
1783 2329 1820 2363 τῷ

1034 2370 1208 2405 ὑποτακτικῷ
1236 2369 1387 2404 ὲχϐλέψας,
1413 2371 1568 2398 ἐδείκνυεν
1593 2373 1622 2404 ὃς
1650 2374 1719 2407 μετὰ
1744 2374 1820 2406 δέους

1034 2416 1164 2451 ὲῦύησεν·
1186 2416 1233 2448 Εἰς
1255 2416 1304 2450 τὴν
1328 2417 1410 2451 εὐχήν
1433 2426 1493 2450 σου,
1517 2418 1612 2453 Κύριε.
1635 2418 1720 2453 ἔκοψα
1741 2419 1819 2452 αὐτὸ,

1034 2462 1092 2498 πῶς
1112 2462 1140 2488 δὲ
1161 2462 1209 2488 καὶ
1230 2462 1312 2488 πάλιν
1330 2462 1404 2496 ὑγιές
1426 2463 1519 2496 ἐστιν,
1537 2463 1643 2498 ἀπορῶ.
1660 2463 1754 2496 Οὖτως
1773 2465 1820 2491 οὖν

1034 2495 1080 2534 σέάῦ
1097 2507 1179 2543 ῥητοῦ
1195 2508 1287 2542 ὑγιοῦς
1304 2495 1463 2544 εὑρεθέντος
1479 2495 1670 2545 ἀνεχωρήσατε
1685 2519 1691 2526 ·
1709 2495 1755 2537 καλ
1772 2511 1820 2537 νῦν

1034 2552 1083 2578 οὐκ
1098 2553 1212 2588 αίσχύνῃ
1227 2553 1313 2587 λέγων
1324 2574 1331 2585 ,
1349 2554 1389 2580 ὅτι
1404 2553 1521 2588 ἦλεγξας
1537 2554 1566 2580 τὸ
1583 2555 1684 2582 ἄτοπον
1700 2556 1748 2590 τῆς
1765 2557 1820 2588 τῶν

1034 2599 1155 2625 Λατίνων
1171 2599 1266 2633 δόξης;
1283 2599 1356 2626 Ἔδει
1372 2598 1418 2626 οὖν
1435 2608 1464 2626 σε
1481 2600 1656 2634 αἰσχύνεσθαι
1672 2601 1757 2628 ταῦτα
1774 2602 1820 2628 λέ-

1034 2653 1117 2678 γοντα
1127 2651 1134 2658 ·
1150 2645 1180 2670 οὐ
1194 2644 1249 2679 γὰρ
1265 2645 1332 2680 πρὸς
1350 2645 1464 2679 ἀμαθεῖς
1478 2646 1494 2680 ἦ
1511 2648 1550 2677 είς
1563 2648 1611 2681 τὴν
1626 2648 1718 2674 ἄοικον
1731 2648 1820 2676 ταῦτα

1035 2689 1205 2721 ἐπέστελλες,
1220 2691 1292 2721 ὅπως
1309 2690 1347 2725 μὴ
1361 2690 1494 2725 ἐντύχωσι
1507 2692 1563 2722 τοῖς
1577 2692 1659 2718 εἰδόσι
1673 2700 1679 2707 ·
1694 2692 1729 2719 τὰ
1744 2694 1820 2728 Πρα-

1035 2735 1116 2761 κτικὶι
1132 2736 1186 2770 γὰρ
1203 2735 1355 2762 δεικνύουσι
1372 2736 1420 2768 τὴν
1436 2736 1585 2771 ἀλήθειαν,
1604 2738 1645 2764 ὅτι
1663 2738 1738 2764 οὐδὲν
1756 2739 1821 2766 ἄλλο

1035 2782 1129 2814 ἐϐόας,
1151 2782 1166 2816 ἢ
1188 2781 1360 2816 Ἀπόκρυφόν
1380 2783 1438 2809 ἐστι
1457 2782 1488 2808 τὸ
1503 2783 1687 2817 προκομισθὲν
1707 2784 1820 2819 βιϐλίον.

1037 2826 1154 2861 Ἔφερον
1168 2826 1214 2853 τοῦ
1231 2827 1363 2861 Κυρίλλου
1378 2826 1470 2863 ῥητὸν,
1482 2827 1680 2862 διεφθαρμένον
1693 2829 1800 2860 ἐκάλεις
1813 2839 1818 2845 ·

1036 2873 1161 2908 ἐκόμιζον
1177 2874 1222 2900 τοῦ
1242 2873 1392 2908 Ιςχςιλείου,
1408 2873 1600 2908 νενοθευμένον
1616 2875 1748 2910 (mdo/13w
1765 2875 1822 2902 ἕλε-
