1961 3070
138 163 207 196 1049

668 149 890 197 uarurA'Tio
909 168 1030 198 mm
1052 168 1246 200 EPllESlNI.

1692 166 1758 198 1050

134 233 199 259 γες·
222 225 269 252 καὶ
288 225 366 252 τοῦτο
388 225 469 261 μόνον
489 226 597 261 ὑπῆρχέ
620 235 660 253 σοι
681 227 712 253 τδ
733 227 858 261 γενναῖον
876 226 921 253 τοῦ

978 227 1145 262 praestantia.
1160 226 1267 254 Deinde
1280 227 1334 254 illis
1351 225 1517 259 dicentibus,
1536 229 1566 253 ut
1590 233 1683 252 verum
1704 234 1719 252 a
1738 231 1765 253 te

133 271 225 304 λόγου.
250 268 316 297 Εἶτα
340 271 472 298 εἰπόντων
495 272 621 304 ἐκείνων,
646 272 676 298 σὲ
704 272 870 306 προκομίσαι
894 271 925 298 τδ

135 315 251 350 ἀληθὲς,
269 315 441 350 προθεσμίαν
457 316 562 350 ἐζήτεις
577 317 704 343 ἀπελθεῖν
720 318 758 348 εἰς
775 317 923 344 Κωναταν-

134 361 287 388 τινούπολιν
303 361 350 387 καὶ
365 361 467 395 εὑρεῖν.
485 361 604 388 Τοιαῦτά
620 370 667 388 σου
683 363 718 388 τὰ
735 363 849 396 γενναῖα
869 363 919 397 ῥή-

135 416 206 441 ματα
224 408 270 433 καὶ
285 408 302 442 ἡ
319 407 366 434 τοῦ
397 407 478 441 λόγου
510 408 595 442 ἰσχὺς,
630 407 702 443 ἅπερ
731 407 774 434 ἐπ’
791 408 923 443 ἀληθείας

978 272 1162 308 proferretur,
1181 272 1326 307 qua'rebas
1341 272 1460 306 spatium
1473 271 1554 298 eundi
1568 270 1766 298 Constantino-

977 319 1060 353 polim
1078 318 1111 344 ad
1129 317 1335 345 inveniendum.
1353 317 1415 344 ilmc
1428 320 1508 344 erant
1520 317 1628 351 egregia
1645 321 1690 342 tua
1706 323 1767 342 ver-

977 365 1021 397 ba,
1034 370 1061 391 et
1072 364 1156 392 robur
1172 365 1210 392 tui
1223 364 1370 396 sermonis,
1387 371 1447 398 qua:
1475 363 1596 397 proiecto
1623 371 1765 391 recensere

978 410 1089 445 pudeat.
1103 410 1194 444 Quare
1207 410 1240 438 de
1254 410 1306 438 hoc
1320 409 1398 438 satis.

133 453 246 488 αἰσχύνη
257 453 330 480 ἐστὶν
344 453 527 487 ἀπαγγέλλειν
561 453 641 480 αὐτά.
661 452 711 480 Διὰ
760 453 841 480 τοῦτο
865 453 925 485 ἃλις
947 454 976 480 ἐν
995 455 1113 487 τούτοις.

480 500 576 528 ΕΦΕΣ.

170 546 274 573 ’Δλλων
289 551 343 582 γαρ
359 546 427 573 ἄλλα
444 547 534 582 ῥητῶν
551 547 621 582 ῥητὰ
636 547 836 582 διαδεχομένων
847 568 855 580 ,
872 546 919 573 καὶ

132 593 212 626 λόγου
227 593 305 626 λόγον
320 592 479 626 γεννῶντος,
494 592 531 624 ὥς
548 593 577 618 ἐν
591 592 725 624 τοιούτοις
742 593 826 624 είκδς,
842 592 919 619 οὐδέν

132 647 157 665 τι
175 638 275 673 μᾶλλον
289 638 307 673 ἡ
323 637 437 672 ἀλήθεια
451 637 501 672 τὴν
516 638 616 672 ἐαντῆς
632 638 710 672 ἰσχὺν
725 637 900 664 ἐπεδείκνυτο
911 658 918 670 ,

131 684 199 711 πολὺ
216 684 246 710 τὸ
269 684 354 718 μέλαν
371 683 509 718 ἐμούντων
526 683 639 710 ἐκείνων
657 684 709 718 πρὸ
730 683 854 717 ἑαυτῶν,
872 683 920 710 καὶ

131 731 191 763 ταῖς
206 730 400 766 μακρολογῐαις
416 730 501 765 αὐτὴν
518 729 744 763 ἐπισκιαζόντων.

474 776 578 803 ΑΠΟΛ.

167 823 278 857 Ἐπειδὴ
291 823 324 849 τὰ
337 822 384 849 τοῦ
401 822 519 857 μεγάλου
533 821 693 849 Ἀθανασίου
709 823 778 858 ῥητὰ
793 817 922 858 διεφθαρ-

135 870 204 904 μένα
218 869 311 903 ἐλεγες
322 889 330 902 ,
345 869 452 903 ἀνάγκη
467 866 500 904 ἦν
517 865 587 904 ῥητὰ
603 869 704 903 ἐτέρων
719 869 806 902 ἁγίων
822 877 920 903 προκο-

1306 502 1429 530 EPHES.

1006 547 1076 575 Aliis
1092 547 1165 575 enim
1184 548 1237 576 alia
1247 548 1330 576 dictis
1345 549 1418 576 dicta
1434 547 1648 583 excipientibus,
1663 551 1690 575 et
1705 556 1763 575 scr-

972 601 1052 621 mone
1068 602 1223 622 sermonem
1234 595 1367 629 pariente,
1386 598 1416 622 ut
1432 595 1459 621 in
1471 595 1549 622 hisce
1567 594 1686 626 assolet,
1709 602 1763 621 nou

975 640 1116 667 sinebatur
1137 641 1237 668 veritas
1248 648 1312 668 suas
1329 641 1401 668 vires
1411 641 1567 673 ostendere,
1585 640 1699 667 multum
1711 639 1765 667 illis

972 690 1154 713 atramentum
1182 694 1237 721 pm
1270 695 1299 716 se
1325 686 1541 720 oil‘undentibus,
1586 691 1615 713 et
1653 686 1764 720 prolixis

969 731 1144 759 sermonibus
1171 739 1232 758 eam
1266 732 1477 760 oﬂ’uscantibus.

1301 777 1400 806 RESP.

1005 815 1230 859 Quandoquidem
1245 825 1388 852 Athanasii
1406 823 1493 860 Magni
1519 824 1603 850 verba
1631 827 1763 858 corrupta

972 869 1096 902 dicebas,
1114 869 1252 898 aﬂerenda
1278 870 1325 897 tibi
1350 874 1431 897 erant
1457 870 1615 897 necessario
1647 869 1762 895 aliorum

134 903 227 950 μίσαι,
241 915 288 942 καὶ
307 916 460 950 προέφερον
534 915 695 949 Ἐπιφανίου
709 924 737 942 τε
753 916 801 942 καὶ
818 915 919 950 Κορίλ-

978 922 1129 943 tanctorum
1146 916 1228 949 dicta,
1243 920 1271 943 et
1286 917 1368 944 allata
1379 920 1444 943 sunt
1459 924 1491 943 ex
1507 915 1657 950 Epiphanio
1673 919 1700 942 et
1712 914 1764 949 Cy-

133 960 178 986 λου
186 968 193 975 ·
205 960 253 987 καὶ
261 960 330 987 αὐτὰ
339 960 496 995 ἀπόκρυφα,
503 960 631 994 ἄγνωστά
640 969 668 986 τε
679 961 726 987 καὶ
735 959 920 994 διεφθαρμένα

134 1006 252 1038 ἐκάλεις.
266 1006 348 1034 Ὀθιν
361 1008 376 1033 ὁ
390 1007 469 1041 λόγος
482 1007 529 1033 τὸν
542 1006 622 1041 λόγον
637 1006 739 1040 γεννῶν
749 1025 756 1037 ,
772 1006 809 1036 ὡς
824 1005 920 1031 εἴωθεν

133 1053 181 1080 ἐπὶ
195 1052 299 1085 τούτοις
315 1053 360 1079 ἀεὶ
376 1053 518 1088 γίγνεσθαι
530 1073 537 1084 ,
553 1052 652 1088 ἐχώρει
668 1053 708 1084 είς
724 1052 848 1085 ἄπειρον.
866 1051 921 1078 Καὶ

135 1097 181 1124 σοῦ
206 1098 254 1132 μέν
271 1098 300 1125 ἐν
317 1099 364 1124 καὶ
386 1098 511 1132 γινναῖον
529 1095 563 1133 ἦν
579 1098 623 1124 ἀεὶ
644 1098 786 1132 λέγοντος,
804 1098 844 1124 ὅτι
865 1097 919 1123 διε-

134 1143 290 1178 φθαρμένον
312 1143 403 1176 τοῦτο,
429 1143 621 1179 νενοθευμένυν
647 1145 756 1170 ἐκεῖνο·
782 1143 921 1177 ἄγνωστον

133 1189 224 1222 τοῦτο,
249 1189 409 1225 ἀπόκρυφον
435 1190 525 1217 τᾶλλο.
552 1191 583 1217 Οί
607 1190 635 1217 δὲ
660 1190 919 1225 προσδιαλεγόμενοι

134 1235 189 1262 τῶν
202 1235 324 1262 Λατίνων
339 1235 524 1270 ἠγανάκτουν,
539 1236 586 1263 καὶ
603 1237 790 1271 Θαυμάζοντες
807 1236 899 1270 ἔλεγον
912 1243 919 1251 ⁸

134 1280 262 1315 Αιδέσιμε
278 1281 367 1316 πάτερ
383 1281 508 1314 Ἐφέσου,
524 1282 606 1316 ἡμεῖς
622 1282 670 1316 μὲν
688 1282 738 1308 ὅσα
754 1282 806 1307 τῶν
822 1281 921 1315 ὑμετέ-

136 1335 191 1360 ρων
204 1326 289 1360 ἁγίων
305 1326 396 1361 βιῦλὶα
411 1326 546 1361 δείξομεν,
562 1327 611 1353 ὅλα
625 1327 815 1362 διεφθαρμένα
831 1327 921 1360 λέγεις

133 1373 152 1399 ὃ.
167 1373 309 1408 Ἑλληνικά
323 1374 404 1399 εἰσιν.
418 1373 450 1400 E!
465 1373 515 1407 μὲν
528 1371 574 1399 οὖν
589 1373 622 1399 τὰ
636 1372 779 1409 Ἑλληνικὰ
793 1373 921 1408 διεφθαρ-

136 1421 205 1456 μένα
223 1421 272 1447 καὶ
289 1421 352 1447 νόθα
373 1421 436 1453 είσὶ,
454 1420 587 1447 Λατινικὰ
606 1420 634 1447 δὲ
654 1421 734 1456 ἡμεῖς
753 1421 783 1446 οὺ
806 1420 921 1454 θέλομεν

136 1467 268 1499 ἐπιδεῖξαι
285 1467 330 1493 διὰ
344 1466 375 1493 τδ
391 1465 564 1500 ἀνύποπτον,
582 1467 664 1494 πόθεν
682 1467 855 1502 ἐπιδείξομεν
872 1467 921 1502 τὴν

136 1512 276 1546 ἀλήθειαν,
293 1513 337 1539 ἵνα
353 1512 385 1538 σὺ
402 1513 586 1547 πιστωθείης;
604 1513 694 1545 Δεῖξον
711 1513 755 1546 σὺ,
773 1513 863 1548 Πάτερ
879 1515 922 1540 αί-

973 963 1044 989 rillo.
1066 962 1106 988 Τιι
1125 963 1250 990 veroilla
1266 963 1347 989 etiam
1367 962 1534 998 apocrypha.
1558 961 1651 996 ignota
1678 965 1705 988 et
1725 961 1764 986 vi-

971 1009 1040 1036 tiata
1049 1008 1175 1035 vocabas.
1185 1008 1359 1042 Quapropter
1369 1015 1460 1035 sermo
1471 1014 1627 1034 sermonem
1640 1007 1762 1042 pariens.

971 1060 1001 1082 ut
1020 1062 1129 1089 semper
1147 1054 1173 1082 in
1191 1053 1380 1088 hujuscemodi
1401 1053 1484 1080 rebus
1496 1053 1610 1085 assolet,
1643 1052 1670 1079 iu
1701 1051 1763 1078 inii-

971 1101 1057 1128 nitum
1075 1099 1299 1134 protrahebatur.
1315 1099 1346 1125 lat
1362 1103 1389 1125 tu
1404 1099 1514 1133 quidem
1539 1105 1623 1124 unum
1653 1104 1762 1131 semper

973 1153 1000 1175 et
1019 1146 1180 1181 praeclarum
1194 1145 1305 1172 assidue
1317 1145 1466 1180 repetebas
1483 1153 1490 1172 :
1522 1144 1578 1171 Hoc
1595 1149 1637 1171 est
1666 1150 1764 1169 corru-

972 1197 1058 1227 ptum,
1075 1191 1342 1226 illudtdepravatum,
1357 1191 1478 1225 ignotum
1498 1191 1558 1220 hoc.
1577 1189 1763 1225 apocryphum

972 1238 1049 1266 illud.
1062 1237 1102 1264 Ex
1120 1237 1223 1265 Latinis
1236 1245 1301 1264 vero
1314 1237 1360 1271 qui
1374 1242 1465 1264 tecum
1491 1235 1680 1270 disputabant,
1706 1238 1763 1260 sto-

972 1284 1179 1317 maehahantur,
1191 1288 1217 1310 et
1230 1282 1394 1315 mirabundi,
1411 1280 1569 1308 Revereude
1579 1279 1657 1306 Pater
1672 1278 1762 1313 Ephe-

972 1330 1042 1363 sine,
1058 1329 1176 1362 aiebant,
1197 1335 1375 1364 quoscunque
1405 1335 1456 1354 nos
1485 1329 1642 1353 sanctorum
1657 1329 1764 1351 vestro-

974 1383 1034 1402 rum
1051 1375 1136 1402 libros
1149 1375 1261 1402 Grzecos
1278 1373 1493 1405 ostenderimus,
1523 1377 1550 1399 tu
1566 1377 1648 1398 vocas
1661 1377 1760 1397 corru-

973 1425 1056 1456 ptos;
1074 1420 1097 1448 si
1111 1427 1176 1456 ergo
1191 1419 1279 1447 ϐιαισὶ
1302 1419 1411 1446 codices
1430 1417 1552 1452 corrupti
1569 1421 1595 1444 et
1617 1414 1765 1442 adulterini

975 1472 1050 1497 sunt.
1076 1466 1187 1494 Latinos
1214 1474 1278 1493 vero
1291 1472 1341 1492 nos
1362 1464 1485 1499 proferre
1502 1463 1685 1494 nolumus,ut
1706 1469 1763 1488 out-

972 1515 1016 1541 nis
1028 1513 1098 1541 absit
1113 1511 1328 1547 suspicio,—unde
1345 1510 1486 1537 veritatem
1498 1508 1760 1539 demonstrabimus.

134 1557 240 1591 δέσιμε,
256 1556 303 1592 τὴν
318 1557 462 1592 ἀλήθειαν.
478 1557 529 1584 Σοῦ
545 1557 573 1584 δὲ
587 1557 650 1585 ἄλλο
664 1567 688 1584 τι
705 1558 742 1593 μὴ
758 1558 865 1594 ἔχοντος
880 1559 921 1586 λέ-

978 1565 1005 1586 ιιι
1023 1559 1104 1586 ﬁdem
1116 1559 1165 1585 tibi
1177 1558 1313 1584 faciamus
1328 1557 1339 1583 ’ἶ
1353 1556 1474 1584 Ostende
1489 1560 1529 1587 tu,
1544 1554 1693 1582 reverende
1712 1553 1763 1580 Pa-

135 1613 196 1638 γειν
207 1624 214 1636 ,
229 1603 246 1638 ἦ
262 1605 302 1630 ὃτι
317 1604 506 1639 διεφθαρμένα
521 1604 569 1632 καὶ
584 1605 649 1631 νόθα
665 1605 735 1632 εἰσὶν
745 1625 752 1637 ,
767 1606 874 1640 ἀνάγκη
890 1604 922 1641 ἦν

135 1650 255 1681 ἐκείνους
276 1650 320 1682 διᾲ
341 1651 395 1677 τῶν
415 1651 558 1685 ἑπομένων
579 1651 625 1677 τοῦ
648 1651 809 1677 διδασκάλου
833 1651 923 1686 ῥητῶν

136 1697 306 1732 συμὸιόάσαι
320 1697 367 1723 τὸν
381 1696 454 1729 νοῦν,
472 1697 518 1723 καὶ
535 1697 658 1731 μακροὺς
672 1697 812 1724 ἀποτεῖναι
827 1698 924 1731 λόγους

135 1743 176 1774 εἰς
190 1742 329 1774 ἀπόδειξιν
344 1742 390 1768 καὶ
405 1742 536 1777 ἐξήγησιν
551 1740 598 1768 τοῦ
616 1741 710 1776 ῥητοῦ.
725 1742 817 1769 Μέλαν
831 1742 859 1768 δὲ
873 1743 924 1769 οὒκ

136 1789 269 1824 ἐξέμεσαν
282 1790 311 1816 ἐν
325 1791 385 1821 ταῖς
401 1790 507 1816 ἑαυτῶν
522 1789 700 1824 ἀποκρίσεσιν
713 1791 736 1816 οἱ
751 1791 861 1817 Λατῖνοι
874 1791 924 1826 τὴν

136 1835 266 1870 ἀλήθειαν
277 1835 453 1870 ἐρευνῶντες,
466 1835 525 1861 ἀλλ’
536 1835 552 1870 ἢ
569 1836 600 1862 σὺ
617 1836 733 1863 πάντοτε
747 1836 807 1871 μεθ’
819 1836 925 1872 ὕϐρεως

136 1880 223 1914 λέγων
235 1881 281 1906 καὶ
294 1880 420 1915 γράφων,
434 1880 482 1907 καὶ
493 1881 538 1907 τδν
553 1881 590 1907 ίδν
603 1881 631 1907 ἐν
644 1882 699 1913 τοῖς
712 1881 830 1917 χείλεσιν
842 1882 923 1917 ἔχων,

135 1925 198 1953 ὅθεν
211 1926 257 1952 καὶ
272 1925 463 1961 κατεγνώσθης
478 1926 515 1958 ὡς
529 1926 714 1962 δεισιδαίμων.

977 1611 1027 1638 ter,
1040 1605 1193 1633 veritatem.
1208 1604 1247 1632 Te
1276 1609 1366 1631 autem
1379 1604 1446 1630 nihil
1473 1602 1547 1630 aliud
1570 1600 1762 1636 respondente,

979 1660 1060 1688 quam
1077 1653 1137 1679 loca
1156 1657 1285 1686 corrupta
1310 1656 1336 1678 et.
1362 1649 1518 1677 adulterina
1546 1655 1621 1680 esse,
1651 1652 1765 1674 necesse

976 1703 1036 1726 erat
1052 1698 1166 1725 Latinos
1178 1705 1224 1732 per
1238 1696 1382 1731 sequentia
1396 1695 1479 1722 verba
1509 1694 1631 1721 doctoris
1654 1699 1764 1719 sensum

977 1746 1161 1773 cohaerentem
1174 1743 1328 1774 ostendere,
1343 1747 1370 1770 et
1381 1743 1477 1776 longos
1494 1747 1588 1768 texere
1621 1745 1765 1767 sermones

973 1791 1005 1817 ad
1014 1790 1257 1817 demonstrandum
1269 1792 1296 1816 et
1306 1786 1506 1822 explanandum
1517 1785 1637 1812 auctoris
1648 1785 1762 1811 dictum.

972 1836 1082 1863 Nullum
1096 1843 1178 1870 porro
1208 1840 1391 1862 atramentum
1405 1839 1552 1859 evomucrc
1563 1830 1654 1858 Latini
1667 1831 1694 1856 in
1706 1829 1765 1856 suis

973 1883 1219 1919 responsionibus,-
1235 1889 1298 1909 cum
1322 1880 1466 1908 veritatem
1494 1878 1676 1912 indagarent;
1706 1876 1761 1903 imo

973 1938 1039 1958 vero
1055 1935 1094 1963 tu,
1106 1930 1154 1965 qui
1166 1936 1275 1963 semper
1286 1933 1313 1955 et
1328 1926 1467 1962 loquendo
1477 1929 1504 1953 et
1520 1923 1666 1952 scribendo
1693 1930 1765 1952 cou-_

136 1972 264 1999 tumelias
277 1972 357 2006 jacis,
374 1976 400 1999 et
413 1972 489 1999 labra
505 1979 609 2000 veneno
631 1973 741 2008 perfusa
760 1973 844 2002 habes
857 1993 864 2006 ,
884 1982 916 2002 ex
938 1983 993 2010 quo
1006 1977 1092 2003 etiam
1106 1975 1308 2004 condemnatus
1330 1982 1361 2003 es
1390 1978 1420 2002 ut
1447 1971 1692 2008 superstitionibus
1714 1970 1764 1998 im-

138 2020 232 2046 butus.

484 2067 580 2095 ΕΦΕΣ.

175 2115 271 2149 ’Λχρις
287 2114 317 2140 οὗ
335 2112 416 2140 πάλιν
431 2113 642 2148 ἀπαγορεύσας,
662 2115 714 2142 υπό
731 2123 758 2142 τε
775 2115 824 2150 τῆς
842 2115 925 2150 συνή-

137 2160 201 2192 θους
228 2159 422 2195 ἐνοχλούμενος
449 2159 604 2194 ἀσθενείας,
629 2161 677 2187 καὶ
703 2161 734 2188 τὸ
758 2161 813 2188 τῶν
837 2161 924 2196 λόγων

136 2202 261 2241 ἄκαρπον
274 2204 416 2240 καθορῶν,
431 2205 563 2232 ἀπέτεινα
578 2205 658 2240 λόγον
672 2206 715 2233 διὰ
733 2197 839 2242 μακροῦ
856 2207 925 2241 πρὸς

137 2249 236 2279 αὐτοὺς
260 2248 322 2275 ὅσον
348 2248 461 2283 ἴσχυον·
487 2249 516 2274 ἐν
541 2247 564 2283 ᾧ
592 2251 758 2285 μαρτυρίαις
786 2251 926 2283 πλείσταις

138 2295 346 2330 ἁναντιρρήτοις
367 2295 528 2330 παρέστησα
545 2295 594 2331 τὴν
611 2296 741 2331 ἀλήθειαν
758 2297 805 2325 τοῦ
827 2299 926 2333 ἡμετέ-

138 2349 186 2374 ρου
201 2340 355 2374 δόγματος,
370 2341 466 2376 ὅτιπερ
481 2343 511 2368 ἐκ
527 2342 609 2377 μόνου
623 2342 669 2369 τοῦ
688 2344 808 2378 Πατρὸς,
823 2345 883 2379 οὐχὶ
897 2345 925 2371 δέ

137 2386 184 2413 καὶ
196 2387 227 2412 ἐκ
242 2386 289 2413 τοῦ
305 2386 382 2420 Υίοῦ,
399 2388 429 2414 τὸ
439 2387 551 2422 Πνεῦμα
561 2389 591 2415 τὸ
606 2389 684 2423 ἅγιον
699 2390 890 2426 ἐκπορεύεται.

479 2436 582 2462 ΑΠΟΛ.
763 2454 767 2457 -

177 2481 384 2516 ’Ᾱπηγόρευσας
409 2482 458 2517 μὲν
481 2482 599 2518 ἀληθῶς,
617 2483 696 2517 ἔφης,
714 2483 751 2518 μὴ
776 2483 926 2519 δυνάμενος

136 2527 194 2558 τοῖς
225 2527 360 2560 γενναίοις
396 2528 444 2554 τοῦ
482 2529 540 2564 φρὶι
579 2528 704 2555 Ἰωάννου
733 2529 926 2563 συλλογισμοῖς

137 2573 301 2608 ἀντιλέγειν,
323 2574 367 2601 ὅτε
381 2583 423 2601 σοι
436 2574 466 2601 τὸ
482 2574 528 2601 τοῦ
543 2575 665 2610 μεγάλου
682 2576 825 2603 Βασιλειου
843 2576 925 2612 ῥητὸν

138 2620 208 2651 μετὰ
235 2620 427 2656 συλλογισμῶν
449 2620 607 2656 ἀντηρὼτα,
627 2621 659 2647 τὸ
683 2622 783 2656 λέγονο
809 2622 846 2650 οὐ
871 2622 924 2657 γάρ

136 2674 198 2692 τινα
211 2666 387 2702 λαμὸέινομεν
401 2667 477 2701 παρὰ
492 2667 539 2694 τοῦ
556 2668 725 2703 Πνεύματος,
736 2667 831 2704 ὥσπερ
849 2669 925 2704 παρὰ

136 2711 183 2738 τοῦ
206 2712 270 2739 Υίοῦ
291 2715 323 2739 τὸ
348 2713 471 2748 Πνεῦμα.
492 2714 537 2740 Ἐν
559 2714 648 2749 τούτῳ
665 2715 717 2750 γὰρ
741 2715 780 2750 τῷ
805 2716 880 2751 ῥητῷ
895 2724 925 2742 σε

136 2757 238 2791 ἔδειξεν
257 2759 370 2791 ἄπειρον
394 2759 536 2794 θεολογίας
550 2762 600 2795 τῆς
623 2761 713 2796 ίερᾶςι
739 2762 783 2788 ὅτε
816 2763 862 2789 καὶ
887 2762 925 2793 ὠς

136 2805 275 2841 ἀκροατήν
293 2815 323 2832 σε
339 2807 474 2839 ἐδίδασκε,
490 2807 549 2838 πῶς
568 2808 609 2834 δεῖ
631 2809 702 2834 νοεῖν
718 2809 768 2844 τὴν
791 2808 926 2844 ὲκττόρευ-

139 2858 181 2876 σιν
198 2851 245 2877 τοῦ
261 2852 395 2886 παναιτίου
409 2851 568 2887 Πνεύματος
580 2861 588 2868 ο
605 2853 761 2889 κατόπτρου
777 2855 830 2889 γὰρ
846 2855 925 2890 δίκην

139 2895 172 2921 τὰ
190 2896 332 2931 ligant-cxi
350 2897 402 2923 είσι
418 2897 610 2933 μαρτυροῦντα
631 2898 660 2925 τὸ
681 2899 780 2935 ἀληθές
794 2908 800 2915 ·
820 2900 848 2927 οὐ
869 2900 921 2936 γὰρ

1306 2064 1428 2093 EPHES.

1010 2113 1100 2141 Donec
1116 2113 1212 2140 iterum
1224 2119 1273 2147 spe
1284 2116 1310 2139 et
1327 2111 1430 2138 viribus
1446 2109 1607 2142 destitutus,
1633 2111 1688 2135 lum
1701 2107 1764 2142 quia

975 2164 1111 2188 consueto
1131 2158 1272 2193 amigebar
1287 2157 1394 2188 morbo,
1413 2161 1469 2183 tum
1486 2156 1551 2191 quia
1566 2154 1659 2182 inania
1686 2153 1765 2181 fundi

977 2207 1059 2235 verba
1075 2205 1214 2238 videbam,
1235 2210 1390 2232 sermonem
1409 2202 1442 2230 ad
1459 2210 1507 2230 eos
1524 2201 1606 2229 habui
1621 2207 1702 2235 quam
1719 2208 1766 2234 po-

978 2254 1015 2280 tui
1028 2252 1219 2288 longissimum
1234 2259 1242 2285 ;
1258 2258 1313 2286 quo
1329 2250 1455 2285 plurimis
1469 2248 1704 2284 irrel‘ragabilibus
1727 2251 1767 2274 tc-

977 2299 1114 2328 stimoniis
1126 2298 1222 2333 aperui
1236 2297 1321 2324 nostri
1333 2295 1468 2331 dogmatis
1479 2295 1633 2327 veritatem,
1647 2301 1701 2328 quo
1712 2293 1766 2319 sri-

979 2346 1042 2373 liret
1056 2352 1090 2373 ex
1105 2344 1163 2372 solo
1176 2343 1268 2375 Patre,
1284 2350 1338 2369 non
1351 2342 1434 2369 etiam
1451 2350 1484 2369 ex
1503 2341 1581 2373 Filio,
1603 2339 1767 2375 procedebat

980 2392 1096 2428 Spiritus
1112 2395 1235 2419 sanctus.

1328 2435 1428 2463 RESP.

1017 2483 1116 2512 Verum
1136 2487 1178 2510 est
1201 2483 1274 2517 quod
1300 2482 1351 2513 ais,
1376 2480 1461 2508 fuisse
1482 2485 1506 2507 te
1521 2487 1568 2514 spe
1583 2478 1764 2507 destitutum:

978 2532 1044 2567 quia
1068 2535 1164 2558 contra
1182 2529 1288 2557 validos
1304 2529 1398 2556 fratris
1412 2527 1527 2555 Joannis
1542 2527 1715 2563 syllogismos
1726 2526 1767 2553 di-

981 2585 1041 2605 cere
1065 2585 1118 2605 non
1141 2576 1250 2603 valebas
1271 2574 1406 2610 ;quando
1423 2578 1448 2601 te
1463 2581 1510 2609 per
1527 2574 1702 2609 syllogismos
1725 2573 1780 2600 vi--

977 2623 1072 2650 cissim
1097 2621 1288 2656 interrogabat
1312 2620 1346 2647 de
1367 2619 1414 2647 illo
1438 2619 1530 2654 magni
1552 2618 1644 2646 Basilii
1668 2618 1763 2646 dicto:

977 2668 1072 2704 Neque
1096 2669 1168 2696 enim
1195 2667 1346 2702 accipimus
1364 2674 1378 2693 a
1402 2666 1506 2702 Spiritu
1533 2666 1635 2700 aliqua,
1662 2666 1733 2692 sicut
1748 2672 1763 2692 a

978 2715 1048 2743 Filio
1070 2715 1201 2750 Spiritus.
1221 2713 1250 2741 in
1272 2721 1325 2748 qua
1342 2718 1367 2741 te
1382 2713 1517 2741 sententia
1542 2712 1661 2740 ostendit
1679 2719 1766 2739 sacra:

980 2762 1124 2798 theologia:
1140 2761 1283 2797 ignarum;
1300 2769 1361 2788 cum
1382 2766 1407 2788 te
1423 2761 1505 2788 etiam
1521 2760 1595 2787 velut
1609 2759 1763 2786 auditorem

979 2808 1131 2839 erudiebat,
1153 2806 1290 2842 quomodo
1314 2804 1488 2839 intelligenda
1503 2804 1539 2831 sit
1556 2803 1677 2838 Spiritus
1702 2811 1762 2830 san-

980 2854 1016 2880 cti
1043 2852 1201 2888 processio;
1223 2851 1289 2878 Acta
1307 2851 1378 2878 enim
1402 2850 1490 2878 instar
1511 2850 1614 2884 speculi
1641 2854 1722 2877 sunt.
1739 2853 1766 2876 ιι

979 2907 1072 2927 verum
1097 2903 1241 2927 testantur.
1256 2896 1348 2932 Neque
1365 2904 1428 2924 vero
1445 2901 1471 2924 tu
1491 2896 1565 2923 illius
1582 2895 1661 2924 verba
1687 2895 1764 2922 vide-
