  <div class='ocr_page' id='page_1' title='image "/cluster/home/n/w/nwhite01/storage/ocr_20150623/159/njp.32101077773248/537.png"; bbox 0 0 1961 3070; ppageno 0'>
   <div class='ocr_carea' id='block_1_1' title="bbox 191 160 262 192">
    <p class='ocr_par' dir='ltr' id='par_1_1' title="bbox 191 160 262 192">
     <span class='ocr_line' id='line_1_1' title="bbox 191 160 262 192; baseline 0.028 -2"><span class='ocrx_word' id='word_1_1' title='bbox 191 160 262 192; x_wconf 73' lang='grc'><strong>1051</strong></span> 
     </span>
    </p>
   </div>
   <div class='ocr_carea' id='block_1_2' title="bbox 684 165 1316 198">
    <p class='ocr_par' dir='ltr' id='par_1_2' title="bbox 684 165 1316 198">
     <span class='ocr_line' id='line_1_2' title="bbox 684 165 1316 198; baseline 0.002 -2"><span class='ocrx_word' id='word_1_2' title='bbox 684 166 841 196; x_wconf 83' lang='lat' dir='ltr'><strong>JOSEPlll</strong></span> <span class='ocrx_word' id='word_1_3' title='bbox 854 165 1126 198; x_wconf 82' lang='lat' dir='ltr'><strong>METHONENSIS</strong></span> <span class='ocrx_word' id='word_1_4' title='bbox 1145 167 1316 197; x_wconf 80' lang='lat' dir='ltr'><strong>EPISCOPI</strong></span> 
     </span>
    </p>
   </div>
   <div class='ocr_carea' id='block_1_3' title="bbox 1745 170 1816 202">
    <p class='ocr_par' dir='ltr' id='par_1_3' title="bbox 1745 170 1816 202">
     <span class='ocr_line' id='line_1_3' title="bbox 1745 170 1816 202; baseline -0.028 0"><span class='ocrx_word' id='word_1_5' title='bbox 1745 170 1816 202; x_wconf 61' lang='lat' dir='ltr'><strong>H352</strong></span> 
     </span>
    </p>
   </div>
   <div class='ocr_carea' id='block_1_4' title="bbox 191 220 988 261">
    <p class='ocr_par' dir='ltr' id='par_1_4' title="bbox 191 220 973 258">
     <span class='ocr_line' id='line_1_4' title="bbox 191 220 973 258; baseline 0.006 -11"><span class='ocrx_word' id='word_1_6' title='bbox 191 221 239 247; x_wconf 82' lang='lat' dir='ltr'><strong>has</strong></span> <span class='ocrx_word' id='word_1_7' title='bbox 254 220 358 254; x_wconf 82' lang='lat' dir='ltr'><strong>inanla,</strong></span> <span class='ocrx_word' id='word_1_8' title='bbox 371 220 417 248; x_wconf 90' lang='lat' dir='ltr'><strong>sed</strong></span> <span class='ocrx_word' id='word_1_9' title='bbox 434 221 518 249; x_wconf 86' lang='lat' dir='ltr'><strong>solida</strong></span> <span class='ocrx_word' id='word_1_10' title='bbox 537 225 563 248; x_wconf 89' lang='lat' dir='ltr'><strong>et</strong></span> <span class='ocrx_word' id='word_1_11' title='bbox 580 223 776 256; x_wconf 86' lang='lat' dir='ltr'><strong>nervosa.Quo</strong></span> <span class='ocrx_word' id='word_1_12' title='bbox 790 231 872 258; x_wconf 87' lang='lat' dir='ltr'><strong>porro</strong></span> <span class='ocrx_word' id='word_1_13' title='bbox 889 232 973 252; x_wconf 85' lang='lat' dir='ltr'><strong>vexa-</strong></span> 
     </span>
    </p>
   </div>
   <div class='ocr_carea' id='block_1_5' title="bbox 1040 220 1814 261">
    <p class='ocr_par' dir='ltr' id='par_1_5' title="bbox 1043 223 1814 261">
     <span class='ocr_line' id='line_1_5' title="bbox 1043 223 1814 261; baseline 0.004 -12"><span class='ocrx_word' id='word_1_14' title='bbox 1043 223 1164 258; x_wconf 76' lang='grc' dir='ltr'>καρπίαν</span> <span class='ocrx_word' id='word_1_15' title='bbox 1181 224 1269 258; x_wconf 73' lang='grc' dir='ltr'>ἐώρας</span> <span class='ocrx_word' id='word_1_16' title='bbox 1285 224 1313 250; x_wconf 80' lang='grc' dir='ltr'>ὲν</span> <span class='ocrx_word' id='word_1_17' title='bbox 1336 225 1393 257; x_wconf 68' lang='grc' dir='ltr'>τοῖς</span> <span class='ocrx_word' id='word_1_18' title='bbox 1409 225 1515 252; x_wconf 77' lang='grc' dir='ltr'>ἐκείνου</span> <span class='ocrx_word' id='word_1_19' title='bbox 1542 224 1643 259; x_wconf 79' lang='grc' dir='ltr'>λόγοις,</span> <span class='ocrx_word' id='word_1_20' title='bbox 1660 226 1718 252; x_wconf 77' lang='grc' dir='ltr'>ἀλλ’</span> <span class='ocrx_word' id='word_1_21' title='bbox 1736 227 1814 261; x_wconf 70' lang='grc' dir='ltr'>ἰσχύν</span> 
     </span>
    </p>
   </div>
   <div class='ocr_carea' id='block_1_6' title="bbox 193 263 973 303">
    <p class='ocr_par' dir='ltr' id='par_1_6' title="bbox 193 263 973 303">
     <span class='ocr_line' id='line_1_6' title="bbox 193 263 973 303; baseline 0.008 -13"><span class='ocrx_word' id='word_1_22' title='bbox 193 264 216 290; x_wconf 87' lang='lat' dir='ltr'><strong>ri</strong></span> <span class='ocrx_word' id='word_1_23' title='bbox 238 263 333 291; x_wconf 91' lang='lat' dir='ltr'><strong>morbo</strong></span> <span class='ocrx_word' id='word_1_24' title='bbox 363 264 477 296; x_wconf 79' lang='lat' dir='ltr'><strong>soleres,</strong></span> <span class='ocrx_word' id='word_1_25' title='bbox 500 272 582 299; x_wconf 80' lang='lat' dir='ltr'><strong>supra</strong></span> <span class='ocrx_word' id='word_1_26' title='bbox 604 266 714 300; x_wconf 86' lang='lat' dir='ltr'><strong>quidem</strong></span> <span class='ocrx_word' id='word_1_27' title='bbox 738 268 877 303; x_wconf 78' lang='lat' dir='ltr'><strong>diximus,</strong></span> <span class='ocrx_word' id='word_1_28' title='bbox 891 269 937 296; x_wconf 90' lang='lat' dir='ltr'><strong>sed</strong></span> <span class='ocrx_word' id='word_1_29' title='bbox 949 274 973 296; x_wconf 81' lang='lat' dir='ltr'><strong>et</strong></span> 
     </span>
    </p>
   </div>
   <div class='ocr_carea' id='block_1_7' title="bbox 194 309 973 350">
    <p class='ocr_par' dir='ltr' id='par_1_7' title="bbox 194 309 973 350">
     <span class='ocr_line' id='line_1_7' title="bbox 194 309 973 350; baseline 0.009 -15"><span class='ocrx_word' id='word_1_30' title='bbox 194 309 275 343; x_wconf 84' lang='lat' dir='ltr'><strong>paulo</strong></span> <span class='ocrx_word' id='word_1_31' title='bbox 288 314 349 342; x_wconf 88' lang='lat' dir='ltr'><strong>post</strong></span> <span class='ocrx_word' id='word_1_32' title='bbox 364 310 500 343; x_wconf 85' lang='lat' dir='ltr'><strong>dicemus,</strong></span> <span class='ocrx_word' id='word_1_33' title='bbox 515 316 542 338; x_wconf 90' lang='lat' dir='ltr'><strong>ut</strong></span> <span class='ocrx_word' id='word_1_34' title='bbox 557 312 604 346; x_wconf 87' lang='lat' dir='ltr'><strong>qui</strong></span> <span class='ocrx_word' id='word_1_35' title='bbox 621 312 714 345; x_wconf 77' lang='lat' dir='ltr'><strong>fuerit,</strong></span> <span class='ocrx_word' id='word_1_36' title='bbox 730 314 973 350; x_wconf 82' lang='lat' dir='ltr'><strong>omnibus&#39;pateat.</strong></span> 
     </span>
    </p>
   </div>
   <div class='ocr_carea' id='block_1_8' title="bbox 193 356 974 395">
    <p class='ocr_par' dir='ltr' id='par_1_8' title="bbox 193 356 974 395">
     <span class='ocr_line' id='line_1_8' title="bbox 193 356 974 395; baseline 0.006 -12"><span class='ocrx_word' id='word_1_37' title='bbox 193 356 327 383; x_wconf 73' lang='lat' dir='ltr'><strong>Caeterum</strong></span> <span class='ocrx_word' id='word_1_38' title='bbox 354 358 485 386; x_wconf 84' lang='lat' dir='ltr'><strong>adversus</strong></span> <span class='ocrx_word' id='word_1_39' title='bbox 507 358 562 386; x_wconf 87' lang='lat' dir='ltr'><strong>vim</strong></span> <span class='ocrx_word' id='word_1_40' title='bbox 591 363 618 386; x_wconf 92' lang='lat' dir='ltr'><strong>et</strong></span> <span class='ocrx_word' id='word_1_41' title='bbox 646 360 730 389; x_wconf 86' lang='lat' dir='ltr'><strong>robur</strong></span> <span class='ocrx_word' id='word_1_42' title='bbox 752 366 974 395; x_wconf 76' lang='lat' dir='ltr'><strong>argumentorum</strong></span> 
     </span>
    </p>
   </div>
   <div class='ocr_carea' id='block_1_9' title="bbox 193 401 975 442">
    <p class='ocr_par' dir='ltr' id='par_1_9' title="bbox 193 401 975 442">
     <span class='ocr_line' id='line_1_9' title="bbox 193 401 975 442; baseline 0.008 -13"><span class='ocrx_word' id='word_1_43' title='bbox 193 401 307 430; x_wconf 80' lang='lat' dir='ltr'><strong>Joannis</strong></span> <span class='ocrx_word' id='word_1_44' title='bbox 330 410 391 429; x_wconf 92' lang='lat' dir='ltr'><strong>cum</strong></span> <span class='ocrx_word' id='word_1_45' title='bbox 409 409 482 431; x_wconf 85' lang='lat' dir='ltr'><strong>stare</strong></span> <span class='ocrx_word' id='word_1_46' title='bbox 499 412 551 431; x_wconf 89' lang='lat' dir='ltr'><strong>non</strong></span> <span class='ocrx_word' id='word_1_47' title='bbox 569 413 673 440; x_wconf 84' lang='lat' dir='ltr'><strong>posses.</strong></span> <span class='ocrx_word' id='word_1_48' title='bbox 691 406 781 441; x_wconf 81' lang='lat' dir='ltr'><strong>fugam</strong></span> <span class='ocrx_word' id='word_1_49' title='bbox 799 408 900 442; x_wconf 80' lang='lat' dir='ltr'><strong>parasti</strong></span> <span class='ocrx_word' id='word_1_50' title='bbox 917 408 975 435; x_wconf 89' lang='lat' dir='ltr'><strong>dis-</strong></span> 
     </span>
    </p>
   </div>
   <div class='ocr_carea' id='block_1_10' title="bbox 194 448 975 487">
    <p class='ocr_par' dir='ltr' id='par_1_10' title="bbox 194 448 975 487">
     <span class='ocr_line' id='line_1_10' title="bbox 194 448 975 487; baseline 0.01 -15"><span class='ocrx_word' id='word_1_51' title='bbox 194 448 344 481; x_wconf 85' lang='lat' dir='ltr'><strong>putationis</strong></span> <span class='ocrx_word' id='word_1_52' title='bbox 366 455 515 483; x_wconf 78' lang='lat' dir='ltr'><strong>congressu</strong></span> <span class='ocrx_word' id='word_1_53' title='bbox 539 451 722 484; x_wconf 80' lang='lat' dir='ltr'><strong>perterritus:</strong></span> <span class='ocrx_word' id='word_1_54' title='bbox 738 456 765 479; x_wconf 87' lang='lat' dir='ltr'><strong>et</strong></span> <span class='ocrx_word' id='word_1_55' title='bbox 785 452 894 487; x_wconf 77' lang='lat' dir='ltr'><strong>longum</strong></span> <span class='ocrx_word' id='word_1_56' title='bbox 913 453 975 487; x_wconf 88' lang='lat' dir='ltr'><strong>qui-</strong></span> 
     </span>
    </p>
   </div>
   <div class='ocr_carea' id='block_1_11' title="bbox 194 494 976 534">
    <p class='ocr_par' dir='ltr' id='par_1_11' title="bbox 194 494 976 534">
     <span class='ocr_line' id='line_1_11' title="bbox 194 494 976 534; baseline 0.009 -14"><span class='ocrx_word' id='word_1_57' title='bbox 194 494 254 520; x_wconf 86' lang='lat' dir='ltr'><strong>dem</strong></span> <span class='ocrx_word' id='word_1_58' title='bbox 273 494 389 522; x_wconf 75' lang='lat' dir='ltr'><strong>habuisti</strong></span> <span class='ocrx_word' id='word_1_59' title='bbox 408 503 580 529; x_wconf 82' lang='lat' dir='ltr'><strong>sermonem,</strong></span> <span class='ocrx_word' id='word_1_60' title='bbox 602 498 648 524; x_wconf 83' lang='lat' dir='ltr'><strong>sed</strong></span> <span class='ocrx_word' id='word_1_61' title='bbox 667 498 713 531; x_wconf 91' lang='lat' dir='ltr'><strong>qui</strong></span> <span class='ocrx_word' id='word_1_62' title='bbox 733 499 836 526; x_wconf 88' lang='lat' dir='ltr'><strong>nullum</strong></span> <span class='ocrx_word' id='word_1_63' title='bbox 853 499 976 534; x_wconf 86' lang='lat' dir='ltr'><strong>disputa—</strong></span> 
     </span>
    </p>
   </div>
   <div class='ocr_carea' id='block_1_12' title="bbox 195 540 977 578">
    <p class='ocr_par' dir='ltr' id='par_1_12' title="bbox 195 540 977 578">
     <span class='ocr_line' id='line_1_12' title="bbox 195 540 977 578; baseline 0.01 -12"><span class='ocrx_word' id='word_1_64' title='bbox 195 540 278 567; x_wconf 84' lang='lat' dir='ltr'><strong>tionis</strong></span> <span class='ocrx_word' id='word_1_65' title='bbox 301 541 420 568; x_wconf 87' lang='lat' dir='ltr'><strong>t&#39;ructum</strong></span> <span class='ocrx_word' id='word_1_66' title='bbox 451 542 573 570; x_wconf 75' lang='lat' dir='ltr'><strong>haberet.</strong></span> <span class='ocrx_word' id='word_1_67' title='bbox 601 543 741 578; x_wconf 84' lang='lat' dir='ltr'><strong>Siquidem</strong></span> <span class='ocrx_word' id='word_1_68' title='bbox 765 553 779 571; x_wconf 92' lang='lat' dir='ltr'><strong>a</strong></span> <span class='ocrx_word' id='word_1_69' title='bbox 797 545 935 578; x_wconf 85' lang='lat' dir='ltr'><strong>Cabasila,</strong></span> <span class='ocrx_word' id='word_1_70' title='bbox 951 551 977 574; x_wconf 86' lang='lat' dir='ltr'><strong>et</strong></span> 
     </span>
    </p>
   </div>
   <div class='ocr_carea' id='block_1_13' title="bbox 196 584 976 619">
    <p class='ocr_par' dir='ltr' id='par_1_13' title="bbox 196 584 976 619">
     <span class='ocr_line' id='line_1_13' title="bbox 196 584 976 619; baseline 0.01 -8"><span class='ocrx_word' id='word_1_71' title='bbox 196 584 317 616; x_wconf 78' lang='lat' dir='ltr'><strong>I‘alama.</strong></span> <span class='ocrx_word' id='word_1_72' title='bbox 340 592 366 614; x_wconf 88' lang='lat' dir='ltr'><strong>et</strong></span> <span class='ocrx_word' id='word_1_73' title='bbox 391 588 527 616; x_wconf 83' lang='lat' dir='ltr'><strong>similibus</strong></span> <span class='ocrx_word' id='word_1_74' title='bbox 548 596 643 616; x_wconf 88' lang='lat' dir='ltr'><strong>eorum</strong></span> <span class='ocrx_word' id='word_1_75' title='bbox 672 591 856 619; x_wconf 84' lang='lat' dir='ltr'><strong>schismaticis</strong></span> <span class='ocrx_word' id='word_1_76' title='bbox 883 592 976 619; x_wconf 81' lang='lat' dir='ltr'><strong>omnia</strong></span> 
     </span>
    </p>
   </div>
   <div class='ocr_carea' id='block_1_14' title="bbox 196 634 978 673">
    <p class='ocr_par' dir='ltr' id='par_1_14' title="bbox 196 634 978 673">
     <span class='ocr_line' id='line_1_14' title="bbox 196 634 978 673; baseline 0.009 -15"><span class='ocrx_word' id='word_1_77' title='bbox 196 636 354 666; x_wconf 84' lang='lat' dir='ltr'><strong>mutuatus,</strong></span> <span class='ocrx_word' id='word_1_78' title='bbox 378 634 449 661; x_wconf 85' lang='lat' dir='ltr'><strong>nuda</strong></span> <span class='ocrx_word' id='word_1_79' title='bbox 472 636 646 670; x_wconf 84' lang='lat' dir='ltr'><strong>proponehas</strong></span> <span class='ocrx_word' id='word_1_80' title='bbox 672 637 810 672; x_wconf 75' lang='lat' dir='ltr'><strong>Evangelii</strong></span> <span class='ocrx_word' id='word_1_81' title='bbox 828 638 911 670; x_wconf 81' lang='lat' dir='ltr'><strong>dicta,</strong></span> <span class='ocrx_word' id='word_1_82' title='bbox 928 647 978 673; x_wconf 86' lang='lat' dir='ltr'><strong>pu-</strong></span> 
     </span>
    </p>
   </div>
   <div class='ocr_carea' id='block_1_15' title="bbox 196 682 976 718">
    <p class='ocr_par' dir='ltr' id='par_1_15' title="bbox 196 682 976 718">
     <span class='ocr_line' id='line_1_15' title="bbox 196 682 976 718; baseline 0.009 -14"><span class='ocrx_word' id='word_1_83' title='bbox 196 682 257 705; x_wconf 84' lang='lat' dir='ltr'><strong>tans</strong></span> <span class='ocrx_word' id='word_1_84' title='bbox 283 683 307 705; x_wconf 86' lang='lat' dir='ltr'><strong>te</strong></span> <span class='ocrx_word' id='word_1_85' title='bbox 337 687 383 713; x_wconf 83' lang='lat' dir='ltr'><strong>per</strong></span> <span class='ocrx_word' id='word_1_86' title='bbox 409 687 439 707; x_wconf 86' lang='lat' dir='ltr'><strong>ea</strong></span> <span class='ocrx_word' id='word_1_87' title='bbox 468 682 646 714; x_wconf 82' lang='lat' dir='ltr'><strong>probaturum</strong></span> <span class='ocrx_word' id='word_1_88' title='bbox 665 684 786 718; x_wconf 78' lang='lat' dir='ltr'><strong>quodex</strong></span> <span class='ocrx_word' id='word_1_89' title='bbox 804 684 862 710; x_wconf 83' lang='lat' dir='ltr'><strong>solo</strong></span> <span class='ocrx_word' id='word_1_90' title='bbox 885 684 976 717; x_wconf 80' lang='lat' dir='ltr'><strong>Patre,</strong></span> 
     </span>
    </p>
   </div>
   <div class='ocr_carea' id='block_1_16' title="bbox 197 724 977 763">
    <p class='ocr_par' dir='ltr' id='par_1_16' title="bbox 197 724 977 763">
     <span class='ocr_line' id='line_1_16' title="bbox 197 724 977 763; baseline 0.012 -15"><span class='ocrx_word' id='word_1_91' title='bbox 197 731 250 749; x_wconf 87' lang='lat' dir='ltr'><strong>non</strong></span> <span class='ocrx_word' id='word_1_92' title='bbox 272 724 353 751; x_wconf 83' lang='lat' dir='ltr'><strong>etiam</strong></span> <span class='ocrx_word' id='word_1_93' title='bbox 381 733 413 753; x_wconf 86' lang='lat' dir='ltr'><strong>ex</strong></span> <span class='ocrx_word' id='word_1_94' title='bbox 438 726 516 759; x_wconf 85' lang='lat' dir='ltr'><strong>Filio,</strong></span> <span class='ocrx_word' id='word_1_95' title='bbox 540 729 669 762; x_wconf 78' lang='lat' dir='ltr'><strong>procedat</strong></span> <span class='ocrx_word' id='word_1_96' title='bbox 695 728 812 763; x_wconf 88' lang='lat' dir='ltr'><strong>Spiritus</strong></span> <span class='ocrx_word' id='word_1_97' title='bbox 845 736 977 763; x_wconf 72' lang='lat' dir='ltr'><strong>sanctus;</strong></span> 
     </span>
    </p>
   </div>
   <div class='ocr_carea' id='block_1_17' title="bbox 198 772 979 810">
    <p class='ocr_par' dir='ltr' id='par_1_17' title="bbox 198 772 979 810">
     <span class='ocr_line' id='line_1_17' title="bbox 198 772 979 810; baseline 0.01 -14"><span class='ocrx_word' id='word_1_98' title='bbox 198 772 269 804; x_wconf 87' lang='lat' dir='ltr'><strong>quod</strong></span> <span class='ocrx_word' id='word_1_99' title='bbox 287 777 313 798; x_wconf 88' lang='lat' dir='ltr'><strong>tu</strong></span> <span class='ocrx_word' id='word_1_100' title='bbox 331 773 439 806; x_wconf 77' lang='lat' dir='ltr'><strong>quidem</strong></span> <span class='ocrx_word' id='word_1_101' title='bbox 464 779 538 802; x_wconf 86' lang='lat' dir='ltr'><strong>certe</strong></span> <span class='ocrx_word' id='word_1_102' title='bbox 560 775 729 808; x_wconf 84' lang='lat' dir='ltr'><strong>probandum</strong></span> <span class='ocrx_word' id='word_1_103' title='bbox 746 777 932 810; x_wconf 83' lang='lat' dir='ltr'><strong>assumpsisti.</strong></span> <span class='ocrx_word' id='word_1_104' title='bbox 952 782 979 804; x_wconf 82' lang='lat' dir='ltr'><strong>at</strong></span> 
     </span>
    </p>
   </div>
   <div class='ocr_carea' id='block_1_18' title="bbox 199 818 980 857">
    <p class='ocr_par' dir='ltr' id='par_1_18' title="bbox 199 818 980 857">
     <span class='ocr_line' id='line_1_18' title="bbox 199 818 980 857; baseline 0.01 -15"><span class='ocrx_word' id='word_1_105' title='bbox 199 825 251 844; x_wconf 87' lang='lat' dir='ltr'><strong>non</strong></span> <span class='ocrx_word' id='word_1_106' title='bbox 272 818 395 852; x_wconf 82' lang='lat' dir='ltr'><strong>probasti</strong></span> <span class='ocrx_word' id='word_1_107' title='bbox 408 839 415 850; x_wconf 85' lang='lat'><strong>.</strong></span> <span class='ocrx_word' id='word_1_108' title='bbox 435 827 522 853; x_wconf 84' lang='lat' dir='ltr'><strong>neque</strong></span> <span class='ocrx_word' id='word_1_109' title='bbox 540 821 586 847; x_wconf 91' lang='lat' dir='ltr'><strong>lihi</strong></span> <span class='ocrx_word' id='word_1_110' title='bbox 601 825 690 849; x_wconf 84' lang='lat' dir='ltr'><strong>textus</strong></span> <span class='ocrx_word' id='word_1_111' title='bbox 704 822 742 849; x_wconf 84' lang='lat' dir='ltr'><strong>illi</strong></span> <span class='ocrx_word' id='word_1_112' title='bbox 756 822 980 857; x_wconf 78' lang='lat' dir='ltr'><strong>quidquam&#39;pro-</strong></span> 
     </span>
    </p>
   </div>
   <div class='ocr_carea' id='block_1_19' title="bbox 201 862 978 902">
    <p class='ocr_par' dir='ltr' id='par_1_19' title="bbox 201 862 978 902">
     <span class='ocr_line' id='line_1_19' title="bbox 201 862 978 902; baseline 0.009 -14"><span class='ocrx_word' id='word_1_113' title='bbox 201 862 323 890; x_wconf 83' lang='lat' dir='ltr'><strong>fuerunt.</strong></span> <span class='ocrx_word' id='word_1_114' title='bbox 338 863 432 891; x_wconf 83' lang='lat' dir='ltr'><strong>Dicere</strong></span> <span class='ocrx_word' id='word_1_115' title='bbox 451 866 539 894; x_wconf 86' lang='lat' dir='ltr'><strong>enim:</strong></span> <span class='ocrx_word' id='word_1_116' title='bbox 559 866 612 899; x_wconf 82' lang='lat' dir='ltr'><strong>Qui</strong></span> <span class='ocrx_word' id='word_1_117' title='bbox 631 875 646 894; x_wconf 86' lang='lat' dir='ltr'><strong>a</strong></span> <span class='ocrx_word' id='word_1_118' title='bbox 661 866 742 895; x_wconf 79' lang='lat' dir='ltr'><strong>Patre</strong></span> <span class='ocrx_word' id='word_1_119' title='bbox 759 868 875 902; x_wconf 70' lang='lat' dir='ltr'><strong>procedit</strong></span> <span class='ocrx_word' id='word_1_120' title='bbox 891 869 912 900; x_wconf 86' lang='lat'><strong>&#39;,</strong></span> <span class='ocrx_word' id='word_1_121' title='bbox 924 876 978 895; x_wconf 89' lang='lat' dir='ltr'><strong>non</strong></span> 
     </span>
    </p>
   </div>
   <div class='ocr_carea' id='block_1_20' title="bbox 1028 268 1812 305">
    <p class='ocr_par' dir='ltr' id='par_1_20' title="bbox 1028 268 1812 305">
     <span class='ocr_line' id='line_1_20' title="bbox 1028 268 1812 305; baseline 0.004 -11"><span class='ocrx_word' id='word_1_122' title='bbox 1028 276 1058 295; x_wconf 78' lang='grc' dir='ltr'>τε</span> <span class='ocrx_word' id='word_1_123' title='bbox 1078 269 1124 294; x_wconf 70' lang='grc' dir='ltr'>καὶ</span> <span class='ocrx_word' id='word_1_124' title='bbox 1142 268 1267 304; x_wconf 74' lang='grc' dir='ltr'>δύναμιν.</span> <span class='ocrx_word' id='word_1_125' title='bbox 1290 270 1341 296; x_wconf 85' lang='grc' dir='ltr'>Ἢν</span> <span class='ocrx_word' id='word_1_126' title='bbox 1365 270 1388 297; x_wconf 87' lang='grc' dir='ltr'><strong>δ’</strong></span> <span class='ocrx_word' id='word_1_127' title='bbox 1419 269 1490 305; x_wconf 75' lang='grc' dir='ltr'>εἶχες</span> <span class='ocrx_word' id='word_1_128' title='bbox 1508 271 1536 303; x_wconf 79' lang='grc' dir='ltr'>ἐξ</span> <span class='ocrx_word' id='word_1_129' title='bbox 1561 271 1639 302; x_wconf 70' lang='grc' dir='ltr'>ἔθους</span> <span class='ocrx_word' id='word_1_130' title='bbox 1657 271 1812 302; x_wconf 71' lang='grc' dir='ltr'>ἀσθένειαν,</span> 
     </span>
    </p>
   </div>
   <div class='ocr_carea' id='block_1_21' title="bbox 1030 312 1816 351">
    <p class='ocr_par' dir='ltr' id='par_1_21' title="bbox 1030 312 1816 351">
     <span class='ocr_line' id='line_1_21' title="bbox 1030 312 1816 351; baseline 0.006 -13"><span class='ocrx_word' id='word_1_131' title='bbox 1030 312 1143 348; x_wconf 77' lang='grc' dir='ltr'>εἴπομεν</span> <span class='ocrx_word' id='word_1_132' title='bbox 1166 315 1215 349; x_wconf 82' lang='grc' dir='ltr'>μὲν</span> <span class='ocrx_word' id='word_1_133' title='bbox 1237 315 1284 341; x_wconf 82' lang='grc' dir='ltr'><strong>καὶ</strong></span> <span class='ocrx_word' id='word_1_134' title='bbox 1300 315 1448 351; x_wconf 79' lang='grc' dir='ltr'>πρότερον,</span> <span class='ocrx_word' id='word_1_135' title='bbox 1463 316 1621 351; x_wconf 80' lang='grc' dir='ltr'><strong>δηλώσομεν</strong></span> <span class='ocrx_word' id='word_1_136' title='bbox 1633 317 1661 343; x_wconf 84' lang='grc' dir='ltr'><strong>δὲ</strong></span> <span class='ocrx_word' id='word_1_137' title='bbox 1679 317 1726 343; x_wconf 81' lang='grc' dir='ltr'>καὶ</span> <span class='ocrx_word' id='word_1_138' title='bbox 1744 317 1816 350; x_wconf 78' lang='grc' dir='ltr'>μετᾶ</span> 
     </span>
    </p>
   </div>
   <div class='ocr_carea' id='block_1_22' title="bbox 1031 359 1815 398">
    <p class='ocr_par' dir='ltr' id='par_1_22' title="bbox 1031 359 1815 398">
     <span class='ocr_line' id='line_1_22' title="bbox 1031 359 1815 398; baseline 0.008 -14"><span class='ocrx_word' id='word_1_139' title='bbox 1031 359 1140 394; x_wconf 59' lang='grc' dir='ltr'>μικρὸν,</span> <span class='ocrx_word' id='word_1_140' title='bbox 1172 359 1215 386; x_wconf 83' lang='grc' dir='ltr'>ῐνα</span> <span class='ocrx_word' id='word_1_141' title='bbox 1244 361 1329 394; x_wconf 84' lang='grc' dir='ltr'><strong>γνῶσι</strong></span> <span class='ocrx_word' id='word_1_142' title='bbox 1353 361 1453 394; x_wconf 80' lang='grc' dir='ltr'>πάντες</span> <span class='ocrx_word' id='word_1_143' title='bbox 1477 363 1518 394; x_wconf 78' lang='grc' dir='ltr'>τίς</span> <span class='ocrx_word' id='word_1_144' title='bbox 1545 360 1590 397; x_wconf 81' lang='grc' dir='ltr'><strong>ἦν.</strong></span> <span class='ocrx_word' id='word_1_145' title='bbox 1616 363 1687 397; x_wconf 64' lang='grc' dir='ltr'>Πρὸς</span> <span class='ocrx_word' id='word_1_146' title='bbox 1711 363 1739 390; x_wconf 79' lang='grc' dir='ltr'>δὲ</span> <span class='ocrx_word' id='word_1_147' title='bbox 1764 364 1815 398; x_wconf 80' lang='grc' dir='ltr'><strong>τὴν</strong></span> 
     </span>
    </p>
   </div>
   <div class='ocr_carea' id='block_1_23' title="bbox 1029 405 1814 444">
    <p class='ocr_par' dir='ltr' id='par_1_23' title="bbox 1029 405 1814 444">
     <span class='ocr_line' id='line_1_23' title="bbox 1029 405 1814 444; baseline 0.006 -13"><span class='ocrx_word' id='word_1_148' title='bbox 1029 405 1144 440; x_wconf 84' lang='grc' dir='ltr'>δύναμιν</span> <span class='ocrx_word' id='word_1_149' title='bbox 1168 407 1217 433; x_wconf 78' lang='grc' dir='ltr'><strong>καὶ</strong></span> <span class='ocrx_word' id='word_1_150' title='bbox 1246 407 1324 442; x_wconf 75' lang='grc' dir='ltr'><strong>ἰσχὺν</strong></span> <span class='ocrx_word' id='word_1_151' title='bbox 1347 408 1402 434; x_wconf 79' lang='grc' dir='ltr'>τῶν</span> <span class='ocrx_word' id='word_1_152' title='bbox 1431 408 1478 435; x_wconf 72' lang='grc' dir='ltr'><strong>τοῦ</strong></span> <span class='ocrx_word' id='word_1_153' title='bbox 1504 409 1627 436; x_wconf 70' lang='grc' dir='ltr'>Ἰωάννου</span> <span class='ocrx_word' id='word_1_154' title='bbox 1660 409 1747 443; x_wconf 80' lang='grc' dir='ltr'>λόγοιν</span> <span class='ocrx_word' id='word_1_155' title='bbox 1777 410 1814 444; x_wconf 82' lang='grc' dir='ltr'>μὴ</span> 
     </span>
    </p>
   </div>
   <div class='ocr_carea' id='block_1_24' title="bbox 1029 451 1814 490">
    <p class='ocr_par' dir='ltr' id='par_1_24' title="bbox 1029 451 1814 490">
     <span class='ocr_line' id='line_1_24' title="bbox 1029 451 1814 490; baseline 0.005 -13"><span class='ocrx_word' id='word_1_156' title='bbox 1029 451 1177 484; x_wconf 81' lang='grc' dir='ltr'>δυνάμενος</span> <span class='ocrx_word' id='word_1_157' title='bbox 1201 452 1359 487; x_wconf 74' lang='grc' dir='ltr'>ἀντιϐλέψαι</span> <span class='ocrx_word' id='word_1_158' title='bbox 1381 454 1537 489; x_wconf 68' lang='grc' dir='ltr'>ἠϐουλήθης</span> <span class='ocrx_word' id='word_1_159' title='bbox 1570 455 1735 490; x_wconf 69' lang='grc' dir='ltr'>ἀποδρᾶσαι,</span> <span class='ocrx_word' id='word_1_160' title='bbox 1767 456 1814 482; x_wconf 73' lang='grc' dir='ltr'><strong>τὸν</strong></span> 
     </span>
    </p>
   </div>
   <div class='ocr_carea' id='block_1_25' title="bbox 1029 497 1815 533">
    <p class='ocr_par' dir='ltr' id='par_1_25' title="bbox 1029 497 1815 533">
     <span class='ocr_line' id='line_1_25' title="bbox 1029 497 1815 533; baseline 0.004 -9"><span class='ocrx_word' id='word_1_161' title='bbox 1029 497 1124 531; x_wconf 78' lang='grc' dir='ltr'>ἀγῶνα</span> <span class='ocrx_word' id='word_1_162' title='bbox 1153 498 1290 530; x_wconf 83' lang='grc' dir='ltr'>δειλιάσας</span> <span class='ocrx_word' id='word_1_163' title='bbox 1322 499 1372 533; x_wconf 81' lang='grc' dir='ltr'><strong>τῆς</strong></span> <span class='ocrx_word' id='word_1_164' title='bbox 1404 499 1566 532; x_wconf 77' lang='grc' dir='ltr'>διαλέξεως·</span> <span class='ocrx_word' id='word_1_165' title='bbox 1597 500 1645 527; x_wconf 70' lang='grc' dir='ltr'>καὶ</span> <span class='ocrx_word' id='word_1_166' title='bbox 1677 501 1815 533; x_wconf 78' lang='grc' dir='ltr'>ἐξέτεινας</span> 
     </span>
    </p>
   </div>
   <div class='ocr_carea' id='block_1_26' title="bbox 1030 542 1816 580">
    <p class='ocr_par' dir='ltr' id='par_1_26' title="bbox 1030 542 1816 580">
     <span class='ocr_line' id='line_1_26' title="bbox 1030 542 1816 580; baseline 0.005 -12"><span class='ocrx_word' id='word_1_167' title='bbox 1030 542 1119 576; x_wconf 84' lang='grc' dir='ltr'>λόγον,</span> <span class='ocrx_word' id='word_1_168' title='bbox 1139 543 1244 578; x_wconf 74' lang='grc' dir='ltr'>μακρὸν</span> <span class='ocrx_word' id='word_1_169' title='bbox 1266 544 1325 578; x_wconf 75' lang='grc' dir='ltr'>μὲν,</span> <span class='ocrx_word' id='word_1_170' title='bbox 1345 545 1446 579; x_wconf 78' lang='grc' dir='ltr'><strong>μηδένα</strong></span> <span class='ocrx_word' id='word_1_171' title='bbox 1466 545 1494 571; x_wconf 74' lang='grc' dir='ltr'><strong>δὲ</strong></span> <span class='ocrx_word' id='word_1_172' title='bbox 1518 545 1624 579; x_wconf 74' lang='grc' dir='ltr'>καρπὸν</span> <span class='ocrx_word' id='word_1_173' title='bbox 1646 546 1741 580; x_wconf 69' lang='grc' dir='ltr'>ἔχοντα</span> <span class='ocrx_word' id='word_1_174' title='bbox 1757 546 1816 572; x_wconf 85' lang='grc' dir='ltr'>δια-</span> 
     </span>
    </p>
   </div>
   <div class='ocr_carea' id='block_1_27' title="bbox 1030 588 1814 621">
    <p class='ocr_par' dir='ltr' id='par_1_27' title="bbox 1030 588 1814 621">
     <span class='ocr_line' id='line_1_27' title="bbox 1030 588 1814 621; baseline 0.004 -7"><span class='ocrx_word' id='word_1_175' title='bbox 1030 588 1139 621; x_wconf 75' lang='grc' dir='ltr'>λέξεως,</span> <span class='ocrx_word' id='word_1_176' title='bbox 1154 589 1222 615; x_wconf 64' lang='grc' dir='ltr'>ἀλλὰ</span> <span class='ocrx_word' id='word_1_177' title='bbox 1244 589 1333 616; x_wconf 84' lang='grc' dir='ltr'>πάντα</span> <span class='ocrx_word' id='word_1_178' title='bbox 1349 590 1402 616; x_wconf 74' lang='grc' dir='ltr'><strong>ἀπὸ</strong></span> <span class='ocrx_word' id='word_1_179' title='bbox 1419 590 1465 616; x_wconf 83' lang='grc' dir='ltr'>τοῦ</span> <span class='ocrx_word' id='word_1_180' title='bbox 1492 591 1634 617; x_wconf 62' lang='lat' dir='ltr'><strong>meum</strong></span> <span class='ocrx_word' id='word_1_181' title='bbox 1650 599 1680 617; x_wconf 84' lang='grc' dir='ltr'>τε</span> <span class='ocrx_word' id='word_1_182' title='bbox 1696 592 1743 618; x_wconf 64' lang='grc' dir='ltr'><strong>καὶ</strong></span> <span class='ocrx_word' id='word_1_183' title='bbox 1759 592 1814 617; x_wconf 70' lang='grc' dir='ltr'>Πα-</span> 
     </span>
    </p>
   </div>
   <div class='ocr_carea' id='block_1_28' title="bbox 1031 634 1815 672">
    <p class='ocr_par' dir='ltr' id='par_1_28' title="bbox 1031 634 1815 672">
     <span class='ocr_line' id='line_1_28' title="bbox 1031 634 1815 672; baseline 0.001 -11"><span class='ocrx_word' id='word_1_184' title='bbox 1031 634 1115 668; x_wconf 80' lang='grc' dir='ltr'>λαμᾶ,</span> <span class='ocrx_word' id='word_1_185' title='bbox 1129 637 1174 662; x_wconf 67' lang='grc' dir='ltr'><strong>καὶ</strong></span> <span class='ocrx_word' id='word_1_186' title='bbox 1187 635 1241 662; x_wconf 82' lang='grc' dir='ltr'>τῶν</span> <span class='ocrx_word' id='word_1_187' title='bbox 1258 635 1319 662; x_wconf 74' lang='grc' dir='ltr'>κατ’</span> <span class='ocrx_word' id='word_1_188' title='bbox 1342 636 1442 668; x_wconf 76' lang='grc' dir='ltr'>αὐτοὺς</span> <span class='ocrx_word' id='word_1_189' title='bbox 1460 635 1649 672; x_wconf 76' lang='grc' dir='ltr'>σχισματικῶν</span> <span class='ocrx_word' id='word_1_190' title='bbox 1669 637 1815 664; x_wconf 74' lang='grc' dir='ltr'>ἀναλαϐὼν</span> 
     </span>
    </p>
   </div>
   <div class='ocr_carea' id='block_1_29' title="bbox 1031 680 1817 719">
    <p class='ocr_par' dir='ltr' id='par_1_29' title="bbox 1031 680 1817 719">
     <span class='ocr_line' id='line_1_29' title="bbox 1031 680 1817 719; baseline 0.005 -13"><span class='ocrx_word' id='word_1_191' title='bbox 1031 680 1123 714; x_wconf 80' lang='grc' dir='ltr'>ἔλεγες</span> <span class='ocrx_word' id='word_1_192' title='bbox 1150 682 1240 715; x_wconf 87' lang='grc' dir='ltr'>γυμνὰ</span> <span class='ocrx_word' id='word_1_193' title='bbox 1266 682 1334 717; x_wconf 73' lang='grc' dir='ltr'><strong>ῥητὰ</strong></span> <span class='ocrx_word' id='word_1_194' title='bbox 1355 682 1401 709; x_wconf 86' lang='grc' dir='ltr'><strong>τοῦ</strong></span> <span class='ocrx_word' id='word_1_195' title='bbox 1431 683 1608 717; x_wconf 74' lang='grc' dir='ltr'>Εὐαγγδλιου,</span> <span class='ocrx_word' id='word_1_196' title='bbox 1636 684 1759 719; x_wconf 73' lang='grc' dir='ltr'>οἰόμενος</span> <span class='ocrx_word' id='word_1_197' title='bbox 1786 684 1817 716; x_wconf 81' lang='grc' dir='ltr'><strong>ἐξ</strong></span> 
     </span>
    </p>
   </div>
   <div class='ocr_carea' id='block_1_30' title="bbox 1032 725 1816 764">
    <p class='ocr_par' dir='ltr' id='par_1_30' title="bbox 1032 725 1816 764">
     <span class='ocr_line' id='line_1_30' title="bbox 1032 725 1816 764; baseline 0.004 -13"><span class='ocrx_word' id='word_1_198' title='bbox 1032 725 1144 752; x_wconf 78' lang='grc' dir='ltr'><strong>ἐκείνων</strong></span> <span class='ocrx_word' id='word_1_199' title='bbox 1168 726 1252 759; x_wconf 79' lang='grc' dir='ltr'>δεῖξαι</span> <span class='ocrx_word' id='word_1_200' title='bbox 1274 728 1303 753; x_wconf 78' lang='grc' dir='ltr'><strong>τὸ</strong></span> <span class='ocrx_word' id='word_1_201' title='bbox 1328 727 1441 761; x_wconf 73' lang='grc' dir='ltr'>Πνεῦμα</span> <span class='ocrx_word' id='word_1_202' title='bbox 1463 728 1493 754; x_wconf 84' lang='grc' dir='ltr'><strong>τὺ</strong></span> <span class='ocrx_word' id='word_1_203' title='bbox 1516 727 1593 762; x_wconf 76' lang='grc' dir='ltr'>ἅγιον</span> <span class='ocrx_word' id='word_1_204' title='bbox 1614 729 1646 755; x_wconf 83' lang='grc' dir='ltr'><strong>ὲκ</strong></span> <span class='ocrx_word' id='word_1_205' title='bbox 1674 729 1754 764; x_wconf 78' lang='grc' dir='ltr'>μόνον</span> <span class='ocrx_word' id='word_1_206' title='bbox 1770 729 1816 756; x_wconf 79' lang='grc' dir='ltr'><strong>τοῦ</strong></span> 
     </span>
    </p>
   </div>
   <div class='ocr_carea' id='block_1_31' title="bbox 1032 772 1818 809">
    <p class='ocr_par' dir='ltr' id='par_1_31' title="bbox 1032 772 1818 809">
     <span class='ocr_line' id='line_1_31' title="bbox 1032 772 1818 809; baseline 0.005 -12"><span class='ocrx_word' id='word_1_207' title='bbox 1032 772 1148 806; x_wconf 75' lang='grc' dir='ltr'>Πατρὸς,</span> <span class='ocrx_word' id='word_1_208' title='bbox 1164 773 1223 806; x_wconf 77' lang='grc' dir='ltr'><strong>οὐχὶ</strong></span> <span class='ocrx_word' id='word_1_209' title='bbox 1239 773 1266 799; x_wconf 75' lang='grc' dir='ltr'><strong>δὲ</strong></span> <span class='ocrx_word' id='word_1_210' title='bbox 1293 775 1324 800; x_wconf 84' lang='grc' dir='ltr'><strong>ὲκ</strong></span> <span class='ocrx_word' id='word_1_211' title='bbox 1353 775 1400 800; x_wconf 75' lang='grc' dir='ltr'><strong>τοῦ</strong></span> <span class='ocrx_word' id='word_1_212' title='bbox 1419 774 1495 805; x_wconf 83' lang='grc' dir='ltr'>Υῑοῠ,</span> <span class='ocrx_word' id='word_1_213' title='bbox 1514 775 1726 809; x_wconf 77' lang='grc' dir='ltr'>ἐκπορεύεσθαι·</span> <span class='ocrx_word' id='word_1_214' title='bbox 1748 776 1818 807; x_wconf 78' lang='grc' dir='ltr'>ὅπερ</span> 
     </span>
    </p>
   </div>
   <div class='ocr_carea' id='block_1_32' title="bbox 1033 817 1818 854">
    <p class='ocr_par' dir='ltr' id='par_1_32' title="bbox 1033 817 1818 854">
     <span class='ocr_line' id='line_1_32' title="bbox 1033 817 1818 854; baseline 0.004 -11"><span class='ocrx_word' id='word_1_215' title='bbox 1033 817 1150 852; x_wconf 79' lang='grc' dir='ltr'>προέθου</span> <span class='ocrx_word' id='word_1_216' title='bbox 1180 818 1229 852; x_wconf 80' lang='grc' dir='ltr'>μὲν</span> <span class='ocrx_word' id='word_1_217' title='bbox 1252 818 1475 854; x_wconf 71' lang='grc' dir='ltr'><strong>ὁμολογουμένως</strong></span> <span class='ocrx_word' id='word_1_218' title='bbox 1503 820 1608 852; x_wconf 70' lang='grc' dir='ltr'>δεῖξαί,</span> <span class='ocrx_word' id='word_1_219' title='bbox 1637 820 1686 846; x_wconf 82' lang='grc' dir='ltr'>ούκ</span> <span class='ocrx_word' id='word_1_220' title='bbox 1712 819 1818 852; x_wconf 77' lang='grc' dir='ltr'><strong>ἔδειξας</strong></span> 
     </span>
    </p>
   </div>
   <div class='ocr_carea' id='block_1_33' title="bbox 1032 863 1820 901">
    <p class='ocr_par' dir='ltr' id='par_1_33' title="bbox 1032 863 1820 901">
     <span class='ocr_line' id='line_1_33' title="bbox 1032 863 1820 901; baseline 0.003 -11"><span class='ocrx_word' id='word_1_221' title='bbox 1032 864 1070 896; x_wconf 70' lang='grc' dir='ltr'>δὲ,</span> <span class='ocrx_word' id='word_1_222' title='bbox 1087 863 1147 890; x_wconf 70' lang='grc' dir='ltr'><strong>οὐδὲ</strong></span> <span class='ocrx_word' id='word_1_223' title='bbox 1170 863 1308 900; x_wconf 76' lang='grc' dir='ltr'>προύργου</span> <span class='ocrx_word' id='word_1_224' title='bbox 1331 865 1365 890; x_wconf 68' lang='grc' dir='ltr'>τὰ</span> <span class='ocrx_word' id='word_1_225' title='bbox 1392 866 1461 900; x_wconf 78' lang='grc' dir='ltr'><strong>ῥητὰ</strong></span> <span class='ocrx_word' id='word_1_226' title='bbox 1486 867 1578 893; x_wconf 75' lang='grc' dir='ltr'>ἐκεῖνά</span> <span class='ocrx_word' id='word_1_227' title='bbox 1597 875 1637 893; x_wconf 81' lang='grc' dir='ltr'>σοι</span> <span class='ocrx_word' id='word_1_228' title='bbox 1662 866 1820 901; x_wconf 77' lang='grc' dir='ltr'>ἀπηντήκε-</span> 
     </span>
    </p>
   </div>
   <div class='ocr_carea' id='block_1_34' title="bbox 200 903 988 948">
    <p class='ocr_par' dir='ltr' id='par_1_34' title="bbox 200 908 981 948">
     <span class='ocr_line' id='line_1_34' title="bbox 200 908 981 948; baseline 0.013 -16"><span class='ocrx_word' id='word_1_229' title='bbox 200 908 281 934; x_wconf 87' lang='lat' dir='ltr'><strong>modo</strong></span> <span class='ocrx_word' id='word_1_230' title='bbox 297 916 350 936; x_wconf 87' lang='lat' dir='ltr'><strong>non</strong></span> <span class='ocrx_word' id='word_1_231' title='bbox 371 909 435 937; x_wconf 76' lang='lat' dir='ltr'><strong>facit</strong></span> <span class='ocrx_word' id='word_1_232' title='bbox 459 911 492 937; x_wconf 89' lang='lat' dir='ltr'><strong>ad</strong></span> <span class='ocrx_word' id='word_1_233' title='bbox 523 915 598 939; x_wconf 89' lang='lat' dir='ltr'><strong>tuum</strong></span> <span class='ocrx_word' id='word_1_234' title='bbox 622 912 714 944; x_wconf 83' lang='lat' dir='ltr'><strong>ﬁnem.</strong></span> <span class='ocrx_word' id='word_1_235' title='bbox 728 913 776 941; x_wconf 84' lang='lat' dir='ltr'><strong>sed</strong></span> <span class='ocrx_word' id='word_1_236' title='bbox 794 915 874 941; x_wconf 77' lang='lat' dir='ltr'><strong>etiam</strong></span> <span class='ocrx_word' id='word_1_237' title='bbox 888 919 981 948; x_wconf 87' lang='lat' dir='ltr'><strong>aperte</strong></span> 
     </span>
    </p>
   </div>
   <div class='ocr_carea' id='block_1_35' title="bbox 1040 903 1820 948">
    <p class='ocr_par' dir='ltr' id='par_1_35' title="bbox 1040 908 1820 944">
     <span class='ocr_line' id='line_1_35' title="bbox 1040 908 1820 944; baseline 0.004 -10"><span class='ocrx_word' id='word_1_238' title='bbox 1040 917 1093 934; x_wconf 72' lang='lat' dir='ltr'><strong>raw.</strong></span> <span class='ocrx_word' id='word_1_239' title='bbox 1109 908 1146 934; x_wconf 80' lang='grc' dir='ltr'><strong>Τὸ</strong></span> <span class='ocrx_word' id='word_1_240' title='bbox 1167 909 1221 944; x_wconf 86' lang='grc' dir='ltr'>γὰρ</span> <span class='ocrx_word' id='word_1_241' title='bbox 1248 909 1346 941; x_wconf 79' lang='grc' dir='ltr'>εἰπεῖν,</span> <span class='ocrx_word' id='word_1_242' title='bbox 1365 910 1400 936; x_wconf 89' lang='grc' dir='ltr'>Ὃ</span> <span class='ocrx_word' id='word_1_243' title='bbox 1415 910 1495 944; x_wconf 78' lang='grc' dir='ltr'>παρὰ</span> <span class='ocrx_word' id='word_1_244' title='bbox 1520 910 1574 937; x_wconf 83' lang='grc' dir='ltr'><strong>τοῦ</strong></span> <span class='ocrx_word' id='word_1_245' title='bbox 1595 910 1711 944; x_wconf 80' lang='grc' dir='ltr'><strong>Πατρός</strong></span> <span class='ocrx_word' id='word_1_246' title='bbox 1729 910 1820 937; x_wconf 82' lang='grc' dir='ltr'><strong>ἐκπυ-</strong></span> 
     </span>
    </p>
   </div>
   <div class='ocr_carea' id='block_1_36' title="bbox 200 953 983 994">
    <p class='ocr_par' dir='ltr' id='par_1_36' title="bbox 200 953 983 994">
     <span class='ocr_line' id='line_1_36' title="bbox 200 953 983 994; baseline 0.011 -15"><span class='ocrx_word' id='word_1_247' title='bbox 200 953 372 983; x_wconf 75' lang='lat' dir='ltr'><strong>adversatur.</strong></span> <span class='ocrx_word' id='word_1_248' title='bbox 392 955 485 991; x_wconf 83' lang='lat' dir='ltr'><strong>Neque</strong></span> <span class='ocrx_word' id='word_1_249' title='bbox 499 958 570 984; x_wconf 89' lang='lat' dir='ltr'><strong>enim</strong></span> <span class='ocrx_word' id='word_1_250' title='bbox 588 958 676 986; x_wconf 88' lang='lat' dir='ltr'><strong>dicit:</strong></span> <span class='ocrx_word' id='word_1_251' title='bbox 692 959 742 992; x_wconf 85' lang='lat' dir='ltr'><strong>Qui</strong></span> <span class='ocrx_word' id='word_1_252' title='bbox 759 968 790 987; x_wconf 84' lang='lat' dir='ltr'><strong>ex</strong></span> <span class='ocrx_word' id='word_1_253' title='bbox 807 961 866 987; x_wconf 87' lang='lat' dir='ltr'><strong>solo</strong></span> <span class='ocrx_word' id='word_1_254' title='bbox 885 961 983 994; x_wconf 84' lang='lat' dir='ltr'><strong>Patre,</strong></span> 
     </span>
    </p>
   </div>
   <div class='ocr_carea' id='block_1_37' title="bbox 200 1000 982 1041">
    <p class='ocr_par' dir='ltr' id='par_1_37' title="bbox 200 1000 982 1041">
     <span class='ocr_line' id='line_1_37' title="bbox 200 1000 982 1041; baseline 0.012 -16"><span class='ocrx_word' id='word_1_255' title='bbox 200 1000 252 1031; x_wconf 86' lang='lat' dir='ltr'><strong>vel,</strong></span> <span class='ocrx_word' id='word_1_256' title='bbox 277 1001 322 1034; x_wconf 91' lang='lat' dir='ltr'><strong>qui</strong></span> <span class='ocrx_word' id='word_1_257' title='bbox 348 1009 379 1029; x_wconf 78' lang='lat' dir='ltr'><strong>ex</strong></span> <span class='ocrx_word' id='word_1_258' title='bbox 407 1001 497 1035; x_wconf 83' lang='lat' dir='ltr'><strong>Patre,</strong></span> <span class='ocrx_word' id='word_1_259' title='bbox 526 1012 578 1032; x_wconf 91' lang='lat' dir='ltr'><strong>non</strong></span> <span class='ocrx_word' id='word_1_260' title='bbox 604 1010 694 1032; x_wconf 78' lang='lat' dir='ltr'><strong>autent</strong></span> <span class='ocrx_word' id='word_1_261' title='bbox 708 1013 738 1032; x_wconf 83' lang='lat' dir='ltr'><strong>ex</strong></span> <span class='ocrx_word' id='word_1_262' title='bbox 757 1006 982 1041; x_wconf 60' lang='lat' dir='ltr'><strong>Filioiprocedit.</strong></span> 
     </span>
    </p>
   </div>
   <div class='ocr_carea' id='block_1_38' title="bbox 201 1045 985 1086">
    <p class='ocr_par' dir='ltr' id='par_1_38' title="bbox 201 1045 985 1086">
     <span class='ocr_line' id='line_1_38' title="bbox 201 1045 985 1086; baseline 0.009 -14"><span class='ocrx_word' id='word_1_263' title='bbox 201 1045 269 1072; x_wconf 87' lang='lat' dir='ltr'><strong>illud</strong></span> <span class='ocrx_word' id='word_1_264' title='bbox 287 1052 376 1074; x_wconf 79' lang='lat' dir='ltr'><strong>autem</strong></span> <span class='ocrx_word' id='word_1_265' title='bbox 393 1056 399 1074; x_wconf 87' lang='lat'><strong>:</strong></span> <span class='ocrx_word' id='word_1_266' title='bbox 425 1048 490 1076; x_wconf 86' lang='lat' dir='ltr'><strong>Cum</strong></span> <span class='ocrx_word' id='word_1_267' title='bbox 507 1050 606 1077; x_wconf 77' lang='lat' dir='ltr'><strong>venerit</strong></span> <span class='ocrx_word' id='word_1_268' title='bbox 622 1050 792 1084; x_wconf 79' lang='lat' dir='ltr'><strong>Paracletus,</strong></span> <span class='ocrx_word' id='word_1_269' title='bbox 807 1060 883 1086; x_wconf 83' lang='lat' dir='ltr'><strong>quem</strong></span> <span class='ocrx_word' id='word_1_270' title='bbox 900 1052 985 1079; x_wconf 83' lang='lat' dir='ltr'><strong>mittet</strong></span> 
     </span>
    </p>
   </div>
   <div class='ocr_carea' id='block_1_39' title="bbox 205 1092 984 1129">
    <p class='ocr_par' dir='ltr' id='par_1_39' title="bbox 205 1092 984 1129">
     <span class='ocr_line' id='line_1_39' title="bbox 205 1092 984 1129; baseline 0.009 -11"><span class='ocrx_word' id='word_1_271' title='bbox 205 1092 323 1126; x_wconf 76' lang='lat' dir='ltr'><strong>Pater&#39;,</strong></span> <span class='ocrx_word' id='word_1_272' title='bbox 353 1094 442 1121; x_wconf 82' lang='lat' dir='ltr'><strong>nullas</strong></span> <span class='ocrx_word' id='word_1_273' title='bbox 465 1095 511 1121; x_wconf 86' lang='lat' dir='ltr'><strong>tibi</strong></span> <span class='ocrx_word' id='word_1_274' title='bbox 530 1095 576 1122; x_wconf 87' lang='lat' dir='ltr'><strong>dat</strong></span> <span class='ocrx_word' id='word_1_275' title='bbox 596 1096 667 1123; x_wconf 83' lang='lat' dir='ltr'><strong>vires</strong></span> <span class='ocrx_word' id='word_1_276' title='bbox 682 1105 689 1129; x_wconf 89' lang='lat'>;</span> <span class='ocrx_word' id='word_1_277' title='bbox 707 1105 760 1124; x_wconf 91' lang='lat' dir='ltr'><strong>non</strong></span> <span class='ocrx_word' id='word_1_278' title='bbox 779 1097 851 1124; x_wconf 87' lang='lat' dir='ltr'><strong>enim</strong></span> <span class='ocrx_word' id='word_1_279' title='bbox 870 1098 908 1125; x_wconf 89' lang='lat' dir='ltr'><strong>sic</strong></span> <span class='ocrx_word' id='word_1_280' title='bbox 924 1098 984 1126; x_wconf 86' lang='lat' dir='ltr'><strong>ait:</strong></span> 
     </span>
    </p>
   </div>
   <div class='ocr_carea' id='block_1_40' title="bbox 201 1137 985 1174">
    <p class='ocr_par' dir='ltr' id='par_1_40' title="bbox 201 1137 985 1174">
     <span class='ocr_line' id='line_1_40' title="bbox 201 1137 985 1174; baseline 0.009 -10"><span class='ocrx_word' id='word_1_281' title='bbox 201 1137 286 1170; x_wconf 88' lang='lat' dir='ltr'><strong>Quem</strong></span> <span class='ocrx_word' id='word_1_282' title='bbox 309 1139 398 1166; x_wconf 81' lang='lat' dir='ltr'><strong>mittet</strong></span> <span class='ocrx_word' id='word_1_283' title='bbox 417 1140 492 1167; x_wconf 76' lang='lat' dir='ltr'><strong>solus</strong></span> <span class='ocrx_word' id='word_1_284' title='bbox 513 1140 611 1174; x_wconf 83' lang='lat' dir='ltr'><strong>Pater;</strong></span> <span class='ocrx_word' id='word_1_285' title='bbox 632 1147 676 1169; x_wconf 85' lang='lat' dir='ltr'><strong>aut</strong></span> <span class='ocrx_word' id='word_1_286' title='bbox 693 1151 700 1169; x_wconf 87' lang='lat'><strong>:</strong></span> <span class='ocrx_word' id='word_1_287' title='bbox 726 1142 811 1174; x_wconf 84' lang='lat' dir='ltr'><strong>Quem</strong></span> <span class='ocrx_word' id='word_1_288' title='bbox 826 1143 912 1171; x_wconf 85' lang='lat' dir='ltr'><strong>Filius</strong></span> <span class='ocrx_word' id='word_1_289' title='bbox 930 1152 985 1171; x_wconf 84' lang='lat' dir='ltr'><strong>non</strong></span> 
     </span>
    </p>
   </div>
   <div class='ocr_carea' id='block_1_41' title="bbox 204 1184 987 1223">
    <p class='ocr_par' dir='ltr' id='par_1_41' title="bbox 204 1184 987 1223">
     <span class='ocr_line' id='line_1_41' title="bbox 204 1184 987 1223; baseline 0.008 -13"><span class='ocrx_word' id='word_1_290' title='bbox 204 1184 296 1212; x_wconf 75' lang='lat' dir='ltr'><strong>mittit.</strong></span> <span class='ocrx_word' id='word_1_291' title='bbox 311 1184 442 1213; x_wconf 67' lang='lat' dir='ltr'><strong>Praeterea</strong></span> <span class='ocrx_word' id='word_1_292' title='bbox 460 1186 524 1214; x_wconf 89' lang='lat' dir='ltr'><strong>illud</strong></span> <span class='ocrx_word' id='word_1_293' title='bbox 538 1187 613 1215; x_wconf 83' lang='lat' dir='ltr'><strong>Pauli</strong></span> <span class='ocrx_word' id='word_1_294' title='bbox 628 1189 699 1216; x_wconf 76' lang='lat' dir='ltr'><strong>:Nos</strong></span> <span class='ocrx_word' id='word_1_295' title='bbox 719 1197 771 1215; x_wconf 83' lang='lat' dir='ltr'><strong>non</strong></span> <span class='ocrx_word' id='word_1_296' title='bbox 787 1188 915 1223; x_wconf 80' lang='lat' dir='ltr'><strong>Spiritum</strong></span> <span class='ocrx_word' id='word_1_297' title='bbox 936 1189 987 1216; x_wconf 86' lang='lat' dir='ltr'><strong>Itu-</strong></span> 
     </span>
    </p>
   </div>
   <div class='ocr_carea' id='block_1_42' title="bbox 199 1229 983 1270">
    <p class='ocr_par' dir='ltr' id='par_1_42' title="bbox 199 1229 983 1270">
     <span class='ocr_line' id='line_1_42' title="bbox 199 1229 983 1270; baseline 0.009 -14"><span class='ocrx_word' id='word_1_298' title='bbox 199 1229 244 1264; x_wconf 73' lang='lat' dir='ltr'><strong>jus</strong></span> <span class='ocrx_word' id='word_1_299' title='bbox 265 1232 357 1258; x_wconf 83' lang='lat' dir='ltr'><strong>mundi</strong></span> <span class='ocrx_word' id='word_1_300' title='bbox 368 1234 524 1266; x_wconf 75' lang='lat' dir='ltr'><strong>accepimus,</strong></span> <span class='ocrx_word' id='word_1_301' title='bbox 536 1235 581 1261; x_wconf 76' lang='lat' dir='ltr'><strong>arti</strong></span> <span class='ocrx_word' id='word_1_302' title='bbox 597 1234 726 1269; x_wconf 80' lang='lat' dir='ltr'><strong>Spiritum</strong></span> <span class='ocrx_word' id='word_1_303' title='bbox 737 1236 781 1270; x_wconf 84' lang='lat' dir='ltr'><strong>qui</strong></span> <span class='ocrx_word' id='word_1_304' title='bbox 792 1244 824 1263; x_wconf 72' lang='lat' dir='ltr'><strong>ea;</strong></span> <span class='ocrx_word' id='word_1_305' title='bbox 839 1235 891 1262; x_wconf 80' lang='lat' dir='ltr'><strong>Dea</strong></span> <span class='ocrx_word' id='word_1_306' title='bbox 901 1241 939 1263; x_wconf 72' lang='lat' dir='ltr'><strong>est</strong></span> <span class='ocrx_word' id='word_1_307' title='bbox 956 1237 983 1268; x_wconf 93' lang='lat'><strong>&quot;,</strong></span> 
     </span>
    </p>
   </div>
   <div class='ocr_carea' id='block_1_43' title="bbox 205 1277 985 1317">
    <p class='ocr_par' dir='ltr' id='par_1_43' title="bbox 205 1277 985 1317">
     <span class='ocr_line' id='line_1_43' title="bbox 205 1277 985 1317; baseline 0.01 -15"><span class='ocrx_word' id='word_1_308' title='bbox 205 1277 271 1304; x_wconf 85' lang='lat' dir='ltr'><strong>nihil</strong></span> <span class='ocrx_word' id='word_1_309' title='bbox 289 1282 334 1305; x_wconf 89' lang='lat' dir='ltr'><strong>tuo</strong></span> <span class='ocrx_word' id='word_1_310' title='bbox 349 1279 489 1313; x_wconf 88' lang='lat' dir='ltr'><strong>proposito</strong></span> <span class='ocrx_word' id='word_1_311' title='bbox 513 1280 685 1316; x_wconf 82' lang='lat' dir='ltr'><strong>sutTragatur.</strong></span> <span class='ocrx_word' id='word_1_312' title='bbox 701 1279 794 1317; x_wconf 80' lang='lat' dir='ltr'><strong>Neque</strong></span> <span class='ocrx_word' id='word_1_313' title='bbox 819 1282 891 1309; x_wconf 91' lang='lat' dir='ltr'><strong>enim</strong></span> <span class='ocrx_word' id='word_1_314' title='bbox 910 1283 985 1315; x_wconf 85' lang='lat' dir='ltr'><strong>dicit,</strong></span> 
     </span>
    </p>
   </div>
   <div class='ocr_carea' id='block_1_44' title="bbox 205 1322 986 1364">
    <p class='ocr_par' dir='ltr' id='par_1_44' title="bbox 205 1322 986 1364">
     <span class='ocr_line' id='line_1_44' title="bbox 205 1322 986 1364; baseline 0.009 -15"><span class='ocrx_word' id='word_1_315' title='bbox 205 1322 336 1357; x_wconf 90' lang='lat' dir='ltr'><strong>Spiritum</strong></span> <span class='ocrx_word' id='word_1_316' title='bbox 364 1326 449 1354; x_wconf 83' lang='lat' dir='ltr'><strong>solius</strong></span> <span class='ocrx_word' id='word_1_317' title='bbox 463 1326 563 1359; x_wconf 82' lang='lat' dir='ltr'><strong>Patris,</strong></span> <span class='ocrx_word' id='word_1_318' title='bbox 576 1333 602 1354; x_wconf 86' lang='lat' dir='ltr'><strong>et</strong></span> <span class='ocrx_word' id='word_1_319' title='bbox 622 1336 675 1355; x_wconf 93' lang='lat' dir='ltr'><strong>non</strong></span> <span class='ocrx_word' id='word_1_320' title='bbox 695 1328 766 1360; x_wconf 82' lang='lat' dir='ltr'><strong>Filii,</strong></span> <span class='ocrx_word' id='word_1_321' title='bbox 779 1328 824 1356; x_wconf 79' lang='lat' dir='ltr'><strong>sed</strong></span> <span class='ocrx_word' id='word_1_322' title='bbox 835 1350 842 1361; x_wconf 87' lang='lat'><strong>,</strong></span> <span class='ocrx_word' id='word_1_323' title='bbox 856 1328 986 1364; x_wconf 82' lang='lat' dir='ltr'><strong>Spiritum</strong></span> 
     </span>
    </p>
   </div>
   <div class='ocr_carea' id='block_1_45' title="bbox 205 1370 988 1408">
    <p class='ocr_par' dir='ltr' id='par_1_45' title="bbox 205 1370 988 1408">
     <span class='ocr_line' id='line_1_45' title="bbox 205 1370 988 1408; baseline 0.009 -12"><span class='ocrx_word' id='word_1_324' title='bbox 205 1371 248 1404; x_wconf 76' lang='lat' dir='ltr'><strong>qui</strong></span> <span class='ocrx_word' id='word_1_325' title='bbox 265 1379 297 1398; x_wconf 72' lang='lat' dir='ltr'><strong>es:</strong></span> <span class='ocrx_word' id='word_1_326' title='bbox 312 1370 368 1398; x_wconf 84' lang='lat' dir='ltr'><strong>Deo</strong></span> <span class='ocrx_word' id='word_1_327' title='bbox 389 1378 437 1404; x_wconf 78' lang='lat' dir='ltr'><strong>est.</strong></span> <span class='ocrx_word' id='word_1_328' title='bbox 452 1372 521 1400; x_wconf 73' lang='lat' dir='ltr'><strong>Deus</strong></span> <span class='ocrx_word' id='word_1_329' title='bbox 537 1378 626 1401; x_wconf 85' lang='lat' dir='ltr'><strong>autem</strong></span> <span class='ocrx_word' id='word_1_330' title='bbox 646 1373 725 1402; x_wconf 85' lang='lat' dir='ltr'><strong>Pater</strong></span> <span class='ocrx_word' id='word_1_331' title='bbox 753 1379 780 1402; x_wconf 93' lang='lat' dir='ltr'><strong>et</strong></span> <span class='ocrx_word' id='word_1_332' title='bbox 806 1375 904 1403; x_wconf 79' lang='lat' dir='ltr'><strong>Filius.</strong></span> <span class='ocrx_word' id='word_1_333' title='bbox 922 1375 988 1408; x_wconf 83' lang='lat' dir='ltr'><strong>Qui-</strong></span> 
     </span>
    </p>
   </div>
   <div class='ocr_carea' id='block_1_46' title="bbox 208 1416 988 1456">
    <p class='ocr_par' dir='ltr' id='par_1_46' title="bbox 208 1416 988 1456">
     <span class='ocr_line' id='line_1_46' title="bbox 208 1416 988 1456; baseline 0.009 -15"><span class='ocrx_word' id='word_1_334' title='bbox 208 1416 259 1443; x_wconf 88' lang='lat' dir='ltr'><strong>bus</strong></span> <span class='ocrx_word' id='word_1_335' title='bbox 273 1422 339 1450; x_wconf 73' lang='lat' dir='ltr'><strong>ergo</strong></span> <span class='ocrx_word' id='word_1_336' title='bbox 363 1425 397 1445; x_wconf 75' lang='lat' dir='ltr'><strong>ex</strong></span> <span class='ocrx_word' id='word_1_337' title='bbox 418 1418 486 1446; x_wconf 87' lang='lat' dir='ltr'><strong>locis</strong></span> <span class='ocrx_word' id='word_1_338' title='bbox 499 1419 623 1453; x_wconf 83' lang='lat' dir='ltr'><strong>probasti</strong></span> <span class='ocrx_word' id='word_1_339' title='bbox 639 1420 666 1447; x_wconf 92' lang='lat' dir='ltr'><strong>in</strong></span> <span class='ocrx_word' id='word_1_340' title='bbox 684 1420 788 1456; x_wconf 84' lang='lat' dir='ltr'><strong>synodo</strong></span> <span class='ocrx_word' id='word_1_341' title='bbox 806 1420 941 1456; x_wconf 88' lang='lat' dir='ltr'><strong>Spiritum</strong></span> <span class='ocrx_word' id='word_1_342' title='bbox 955 1428 988 1448; x_wconf 81' lang='lat' dir='ltr'><strong>ex</strong></span> 
     </span>
    </p>
   </div>
   <div class='ocr_carea' id='block_1_47' title="bbox 207 1462 989 1502">
    <p class='ocr_par' dir='ltr' id='par_1_47' title="bbox 207 1462 989 1502">
     <span class='ocr_line' id='line_1_47' title="bbox 207 1462 989 1502; baseline 0.006 -13"><span class='ocrx_word' id='word_1_343' title='bbox 207 1462 266 1489; x_wconf 86' lang='lat' dir='ltr'><strong>solo</strong></span> <span class='ocrx_word' id='word_1_344' title='bbox 282 1463 375 1494; x_wconf 82' lang='lat' dir='ltr'><strong>Patre,</strong></span> <span class='ocrx_word' id='word_1_345' title='bbox 393 1467 423 1490; x_wconf 94' lang='lat' dir='ltr'><strong>ut</strong></span> <span class='ocrx_word' id='word_1_346' title='bbox 441 1464 484 1491; x_wconf 84' lang='lat' dir='ltr'><strong>hic</strong></span> <span class='ocrx_word' id='word_1_347' title='bbox 502 1468 528 1491; x_wconf 80' lang='lat' dir='ltr'><strong>te</strong></span> <span class='ocrx_word' id='word_1_348' title='bbox 539 1464 627 1499; x_wconf 74' lang='lat' dir='ltr'><strong>iactas</strong></span> <span class='ocrx_word' id='word_1_349' title='bbox 639 1466 650 1492; x_wconf 80' lang='lat' dir='ltr'><strong>‘t</strong></span> <span class='ocrx_word' id='word_1_350' title='bbox 663 1465 733 1493; x_wconf 88' lang='lat' dir='ltr'><strong>Num</strong></span> <span class='ocrx_word' id='word_1_351' title='bbox 747 1474 779 1493; x_wconf 84' lang='lat' dir='ltr'><strong>ex</strong></span> <span class='ocrx_word' id='word_1_352' title='bbox 795 1466 838 1494; x_wconf 86' lang='lat' dir='ltr'><strong>his</strong></span> <span class='ocrx_word' id='word_1_353' title='bbox 852 1474 912 1502; x_wconf 80' lang='lat' dir='ltr'><strong>quae</strong></span> <span class='ocrx_word' id='word_1_354' title='bbox 929 1474 989 1494; x_wconf 91' lang='lat' dir='ltr'><strong>mo-</strong></span> 
     </span>
    </p>
   </div>
   <div class='ocr_carea' id='block_1_48' title="bbox 207 1507 988 1546">
    <p class='ocr_par' dir='ltr' id='par_1_48' title="bbox 207 1507 988 1546">
     <span class='ocr_line' id='line_1_48' title="bbox 207 1507 988 1546; baseline 0.009 -13"><span class='ocrx_word' id='word_1_355' title='bbox 207 1507 242 1534; x_wconf 90' lang='lat' dir='ltr'><strong>do</strong></span> <span class='ocrx_word' id='word_1_356' title='bbox 257 1508 337 1535; x_wconf 80' lang='lat' dir='ltr'><strong>allata</strong></span> <span class='ocrx_word' id='word_1_357' title='bbox 352 1511 440 1537; x_wconf 84' lang='lat' dir='ltr'><strong>sunt?</strong></span> <span class='ocrx_word' id='word_1_358' title='bbox 454 1511 488 1537; x_wconf 81' lang='lat' dir='ltr'><strong>At</strong></span> <span class='ocrx_word' id='word_1_359' title='bbox 508 1511 533 1538; x_wconf 90' lang='lat' dir='ltr'><strong>in</strong></span> <span class='ocrx_word' id='word_1_360' title='bbox 549 1511 583 1538; x_wconf 87' lang='lat' dir='ltr'><strong>iis</strong></span> <span class='ocrx_word' id='word_1_361' title='bbox 601 1519 655 1539; x_wconf 92' lang='lat' dir='ltr'><strong>non</strong></span> <span class='ocrx_word' id='word_1_362' title='bbox 670 1512 786 1540; x_wconf 85' lang='lat' dir='ltr'><strong>habetur</strong></span> <span class='ocrx_word' id='word_1_363' title='bbox 799 1512 838 1539; x_wconf 89' lang='lat' dir='ltr'><strong>Ex</strong></span> <span class='ocrx_word' id='word_1_364' title='bbox 856 1513 926 1546; x_wconf 84' lang='lat' dir='ltr'><strong>solo,</strong></span> <span class='ocrx_word' id='word_1_365' title='bbox 941 1513 988 1540; x_wconf 82' lang='lat' dir='ltr'><strong>sed</strong></span> 
     </span>
    </p>
   </div>
   <div class='ocr_carea' id='block_1_49' title="bbox 209 1554 988 1593">
    <p class='ocr_par' dir='ltr' id='par_1_49' title="bbox 209 1554 988 1593">
     <span class='ocr_line' id='line_1_49' title="bbox 209 1554 988 1593; baseline 0.008 -13"><span class='ocrx_word' id='word_1_366' title='bbox 209 1554 370 1588; x_wconf 77' lang='lat' dir='ltr'><strong>simpliciter</strong></span> <span class='ocrx_word' id='word_1_367' title='bbox 383 1556 420 1583; x_wconf 89' lang='lat' dir='ltr'><strong>Ex</strong></span> <span class='ocrx_word' id='word_1_368' title='bbox 434 1557 513 1584; x_wconf 85' lang='lat' dir='ltr'><strong>Patre</strong></span> <span class='ocrx_word' id='word_1_369' title='bbox 528 1558 731 1592; x_wconf 79' lang='lat' dir='ltr'><strong>procedentem,</strong></span> <span class='ocrx_word' id='word_1_370' title='bbox 753 1567 814 1593; x_wconf 61' lang='lat' dir='ltr'><strong>qua</strong></span> <span class='ocrx_word' id='word_1_371' title='bbox 831 1559 881 1586; x_wconf 88' lang='lat' dir='ltr'><strong>tibi</strong></span> <span class='ocrx_word' id='word_1_372' title='bbox 897 1561 988 1586; x_wconf 85' lang='lat' dir='ltr'><strong>omnia</strong></span> 
     </span>
    </p>
   </div>
   <div class='ocr_carea' id='block_1_50' title="bbox 209 1600 990 1639">
    <p class='ocr_par' dir='ltr' id='par_1_50' title="bbox 209 1600 990 1639">
     <span class='ocr_line' id='line_1_50' title="bbox 209 1600 990 1639; baseline 0.005 -13"><span class='ocrx_word' id='word_1_373' title='bbox 209 1600 298 1627; x_wconf 83' lang='lat' dir='ltr'><strong>Latini</strong></span> <span class='ocrx_word' id='word_1_374' title='bbox 312 1602 464 1628; x_wconf 89' lang='lat' dir='ltr'><strong>concedunt</strong></span> <span class='ocrx_word' id='word_1_375' title='bbox 480 1611 487 1629; x_wconf 90' lang='lat'><strong>:</strong></span> <span class='ocrx_word' id='word_1_376' title='bbox 510 1602 645 1637; x_wconf 87' lang='lat' dir='ltr'><strong>siquidem</strong></span> <span class='ocrx_word' id='word_1_377' title='bbox 661 1603 705 1631; x_wconf 87' lang='lat' dir='ltr'><strong>hic</strong></span> <span class='ocrx_word' id='word_1_378' title='bbox 726 1611 797 1631; x_wconf 88' lang='lat' dir='ltr'><strong>unus</strong></span> <span class='ocrx_word' id='word_1_379' title='bbox 813 1609 855 1632; x_wconf 88' lang='lat' dir='ltr'><strong>est</strong></span> <span class='ocrx_word' id='word_1_380' title='bbox 869 1604 941 1639; x_wconf 72' lang='lat' dir='ltr'><strong>longi</strong></span> <span class='ocrx_word' id='word_1_381' title='bbox 957 1603 990 1631; x_wconf 88' lang='lat' dir='ltr'><strong>il-</strong></span> 
     </span>
    </p>
   </div>
   <div class='ocr_carea' id='block_1_51' title="bbox 210 1647 991 1678">
    <p class='ocr_par' dir='ltr' id='par_1_51' title="bbox 210 1647 991 1678">
     <span class='ocr_line' id='line_1_51' title="bbox 210 1647 991 1678; baseline 0.005 -5"><span class='ocrx_word' id='word_1_382' title='bbox 210 1647 263 1674; x_wconf 85' lang='lat' dir='ltr'><strong>lius</strong></span> <span class='ocrx_word' id='word_1_383' title='bbox 284 1647 322 1674; x_wconf 90' lang='lat' dir='ltr'><strong>tui</strong></span> <span class='ocrx_word' id='word_1_384' title='bbox 348 1648 484 1676; x_wconf 80' lang='lat' dir='ltr'><strong>sermonis</strong></span> <span class='ocrx_word' id='word_1_385' title='bbox 505 1655 612 1676; x_wconf 84' lang='lat' dir='ltr'><strong>sensus.</strong></span> <span class='ocrx_word' id='word_1_386' title='bbox 636 1649 672 1676; x_wconf 77' lang='lat' dir='ltr'><strong>At</strong></span> <span class='ocrx_word' id='word_1_387' title='bbox 692 1650 816 1678; x_wconf 85' lang='lat' dir='ltr'><strong>veritatis</strong></span> <span class='ocrx_word' id='word_1_388' title='bbox 829 1650 991 1678; x_wconf 80' lang='lat' dir='ltr'><strong>defensores</strong></span> 
     </span>
    </p>
   </div>
   <div class='ocr_carea' id='block_1_52' title="bbox 211 1693 991 1730">
    <p class='ocr_par' dir='ltr' id='par_1_52' title="bbox 211 1693 991 1730">
     <span class='ocr_line' id='line_1_52' title="bbox 211 1693 991 1730; baseline 0.006 -10"><span class='ocrx_word' id='word_1_389' title='bbox 211 1694 258 1721; x_wconf 85' lang='lat' dir='ltr'><strong>tibi</strong></span> <span class='ocrx_word' id='word_1_390' title='bbox 283 1693 436 1728; x_wconf 82' lang='lat' dir='ltr'><strong>negabunt.</strong></span> <span class='ocrx_word' id='word_1_391' title='bbox 459 1695 532 1722; x_wconf 79' lang='lat' dir='ltr'><strong>dicta</strong></span> <span class='ocrx_word' id='word_1_392' title='bbox 559 1695 604 1722; x_wconf 79' lang='lat' dir='ltr'><strong>illa</strong></span> <span class='ocrx_word' id='word_1_393' title='bbox 632 1695 762 1730; x_wconf 69' lang='lat' dir='ltr'><strong>refragari</strong></span> <span class='ocrx_word' id='word_1_394' title='bbox 793 1696 991 1725; x_wconf 82' lang='lat' dir='ltr'><strong>allirmantibus</strong></span> 
     </span>
    </p>
   </div>
   <div class='ocr_carea' id='block_1_53' title="bbox 210 1739 991 1777">
    <p class='ocr_par' dir='ltr' id='par_1_53' title="bbox 210 1739 991 1777">
     <span class='ocr_line' id='line_1_53' title="bbox 210 1739 991 1777; baseline 0.005 -10"><span class='ocrx_word' id='word_1_395' title='bbox 210 1739 341 1775; x_wconf 87' lang='lat' dir='ltr'><strong>Spiritum</strong></span> <span class='ocrx_word' id='word_1_396' title='bbox 371 1746 493 1768; x_wconf 79' lang='lat' dir='ltr'><strong>salictum</strong></span> <span class='ocrx_word' id='word_1_397' title='bbox 511 1741 591 1768; x_wconf 80' lang='lat' dir='ltr'><strong>etiam</strong></span> <span class='ocrx_word' id='word_1_398' title='bbox 613 1749 646 1769; x_wconf 83' lang='lat' dir='ltr'><strong>ex</strong></span> <span class='ocrx_word' id='word_1_399' title='bbox 662 1741 732 1770; x_wconf 84' lang='lat' dir='ltr'><strong>Filio</strong></span> <span class='ocrx_word' id='word_1_400' title='bbox 752 1743 910 1777; x_wconf 83' lang='lat' dir='ltr'><strong>procedere.</strong></span> <span class='ocrx_word' id='word_1_401' title='bbox 922 1744 991 1772; x_wconf 80' lang='lat' dir='ltr'><strong>Nam</strong></span> 
     </span>
    </p>
   </div>
   <div class='ocr_carea' id='block_1_54' title="bbox 211 1785 993 1823">
    <p class='ocr_par' dir='ltr' id='par_1_54' title="bbox 211 1785 993 1823">
     <span class='ocr_line' id='line_1_54' title="bbox 211 1785 993 1823; baseline 0.006 -11"><span class='ocrx_word' id='word_1_402' title='bbox 211 1786 233 1812; x_wconf 89' lang='lat' dir='ltr'><strong>si</strong></span> <span class='ocrx_word' id='word_1_403' title='bbox 257 1785 390 1818; x_wconf 82' lang='lat' dir='ltr'><strong>dicerent,</strong></span> <span class='ocrx_word' id='word_1_404' title='bbox 412 1785 463 1819; x_wconf 86' lang='lat' dir='ltr'><strong>Qui</strong></span> <span class='ocrx_word' id='word_1_405' title='bbox 491 1794 525 1814; x_wconf 76' lang='lat' dir='ltr'><strong>ex</strong></span> <span class='ocrx_word' id='word_1_406' title='bbox 547 1787 627 1815; x_wconf 82' lang='lat' dir='ltr'><strong>Patre</strong></span> <span class='ocrx_word' id='word_1_407' title='bbox 641 1796 694 1815; x_wconf 93' lang='lat' dir='ltr'><strong>non</strong></span> <span class='ocrx_word' id='word_1_408' title='bbox 711 1796 743 1816; x_wconf 88' lang='lat' dir='ltr'><strong>ex</strong></span> <span class='ocrx_word' id='word_1_409' title='bbox 760 1788 830 1816; x_wconf 85' lang='lat' dir='ltr'><strong>Filio</strong></span> <span class='ocrx_word' id='word_1_410' title='bbox 844 1808 852 1821; x_wconf 87' lang='lat'><strong>.</strong></span> <span class='ocrx_word' id='word_1_411' title='bbox 867 1789 935 1823; x_wconf 87' lang='lat' dir='ltr'><strong>sive,</strong></span> <span class='ocrx_word' id='word_1_412' title='bbox 954 1789 993 1817; x_wconf 82' lang='lat' dir='ltr'><strong>Ex</strong></span> 
     </span>
    </p>
   </div>
   <div class='ocr_carea' id='block_1_55' title="bbox 210 1832 993 1867">
    <p class='ocr_par' dir='ltr' id='par_1_55' title="bbox 210 1832 993 1867">
     <span class='ocr_line' id='line_1_55' title="bbox 210 1832 993 1867; baseline 0.004 -7"><span class='ocrx_word' id='word_1_413' title='bbox 210 1833 269 1860; x_wconf 88' lang='lat' dir='ltr'><strong>solo</strong></span> <span class='ocrx_word' id='word_1_414' title='bbox 287 1832 366 1861; x_wconf 86' lang='lat' dir='ltr'><strong>Patre</strong></span> <span class='ocrx_word' id='word_1_415' title='bbox 378 1841 431 1861; x_wconf 91' lang='lat' dir='ltr'><strong>non</strong></span> <span class='ocrx_word' id='word_1_416' title='bbox 445 1834 526 1862; x_wconf 86' lang='lat' dir='ltr'><strong>etiam</strong></span> <span class='ocrx_word' id='word_1_417' title='bbox 538 1842 570 1862; x_wconf 84' lang='lat' dir='ltr'><strong>ex</strong></span> <span class='ocrx_word' id='word_1_418' title='bbox 583 1833 651 1862; x_wconf 87' lang='lat' dir='ltr'><strong>Filio</strong></span> <span class='ocrx_word' id='word_1_419' title='bbox 665 1843 672 1867; x_wconf 86' lang='lat'><strong>;</strong></span> <span class='ocrx_word' id='word_1_420' title='bbox 690 1835 731 1862; x_wconf 86' lang='lat' dir='ltr'><strong>vel</strong></span> <span class='ocrx_word' id='word_1_421' title='bbox 745 1835 780 1862; x_wconf 86' lang='lat' dir='ltr'><strong>ita</strong></span> <span class='ocrx_word' id='word_1_422' title='bbox 794 1843 801 1864; x_wconf 86' lang='lat'><strong>:</strong></span> <span class='ocrx_word' id='word_1_423' title='bbox 815 1834 897 1863; x_wconf 83' lang='lat' dir='ltr'><strong>Pater</strong></span> <span class='ocrx_word' id='word_1_424' title='bbox 915 1836 993 1864; x_wconf 82' lang='lat' dir='ltr'><strong>solus</strong></span> 
     </span>
    </p>
   </div>
   <div class='ocr_carea' id='block_1_56' title="bbox 212 1879 995 1915">
    <p class='ocr_par' dir='ltr' id='par_1_56' title="bbox 212 1879 995 1915">
     <span class='ocr_line' id='line_1_56' title="bbox 212 1879 995 1915; baseline 0.004 -9"><span class='ocrx_word' id='word_1_425' title='bbox 212 1879 338 1913; x_wconf 84' lang='lat' dir='ltr'><strong>producit</strong></span> <span class='ocrx_word' id='word_1_426' title='bbox 354 1879 484 1915; x_wconf 87' lang='lat' dir='ltr'><strong>Spiritum</strong></span> <span class='ocrx_word' id='word_1_427' title='bbox 501 1884 625 1907; x_wconf 82' lang='lat' dir='ltr'><strong>sanctum</strong></span> <span class='ocrx_word' id='word_1_428' title='bbox 638 1901 645 1913; x_wconf 91' lang='lat'><strong>,</strong></span> <span class='ocrx_word' id='word_1_429' title='bbox 663 1888 716 1907; x_wconf 92' lang='lat' dir='ltr'><strong>non</strong></span> <span class='ocrx_word' id='word_1_430' title='bbox 732 1882 815 1908; x_wconf 89' lang='lat' dir='ltr'><strong>etiam</strong></span> <span class='ocrx_word' id='word_1_431' title='bbox 834 1881 929 1915; x_wconf 89' lang='lat' dir='ltr'><strong>Filius,</strong></span> <span class='ocrx_word' id='word_1_432' title='bbox 947 1886 995 1910; x_wconf 79' lang='lat' dir='ltr'><strong>aut</strong></span> 
     </span>
    </p>
   </div>
   <div class='ocr_carea' id='block_1_57' title="bbox 212 1924 996 1957">
    <p class='ocr_par' dir='ltr' id='par_1_57' title="bbox 212 1924 996 1957">
     <span class='ocr_line' id='line_1_57' title="bbox 212 1924 996 1957; baseline 0.005 -6"><span class='ocrx_word' id='word_1_433' title='bbox 212 1924 323 1957; x_wconf 81' lang='lat' dir='ltr'><strong>similia,</strong></span> <span class='ocrx_word' id='word_1_434' title='bbox 343 1929 417 1952; x_wconf 83' lang='lat' dir='ltr'><strong>esset</strong></span> <span class='ocrx_word' id='word_1_435' title='bbox 437 1925 592 1953; x_wconf 84' lang='lat' dir='ltr'><strong>umbratilis</strong></span> <span class='ocrx_word' id='word_1_436' title='bbox 611 1926 668 1953; x_wconf 74' lang='lat' dir='ltr'><strong>luet:</strong></span> <span class='ocrx_word' id='word_1_437' title='bbox 683 1926 731 1953; x_wconf 90' lang='lat' dir='ltr'><strong>tibi</strong></span> <span class='ocrx_word' id='word_1_438' title='bbox 754 1927 818 1954; x_wconf 70' lang='lat' dir='ltr'><strong>rixa:</strong></span> <span class='ocrx_word' id='word_1_439' title='bbox 842 1932 869 1954; x_wconf 88' lang='lat' dir='ltr'><strong>et</strong></span> <span class='ocrx_word' id='word_1_440' title='bbox 881 1933 996 1955; x_wconf 80' lang='lat' dir='ltr'><strong>conten—</strong></span> 
     </span>
    </p>
   </div>
   <div class='ocr_carea' id='block_1_58' title="bbox 213 1965 994 2005">
    <p class='ocr_par' dir='ltr' id='par_1_58' title="bbox 213 1965 994 2005">
     <span class='ocr_line' id='line_1_58' title="bbox 213 1965 994 2005; baseline 0.005 -8"><span class='ocrx_word' id='word_1_441' title='bbox 213 1971 297 1998; x_wconf 83' lang='lat' dir='ltr'><strong>tinnis</strong></span> <span class='ocrx_word' id='word_1_442' title='bbox 318 1971 437 1999; x_wconf 81' lang='lat' dir='ltr'><strong>occasio.</strong></span> <span class='ocrx_word' id='word_1_443' title='bbox 454 1971 554 1999; x_wconf 88' lang='lat' dir='ltr'><strong>Verum</strong></span> <span class='ocrx_word' id='word_1_444' title='bbox 570 1992 577 2005; x_wconf 85' lang='lat'><strong>,</strong></span> <span class='ocrx_word' id='word_1_445' title='bbox 593 1977 622 1998; x_wconf 92' lang='lat' dir='ltr'><strong>ut</strong></span> <span class='ocrx_word' id='word_1_446' title='bbox 637 1973 719 1999; x_wconf 86' lang='lat' dir='ltr'><strong>etiam</strong></span> <span class='ocrx_word' id='word_1_447' title='bbox 735 1980 767 2000; x_wconf 83' lang='lat' dir='ltr'><strong>ex</strong></span> <span class='ocrx_word' id='word_1_448' title='bbox 781 1973 841 2000; x_wconf 87' lang='lat' dir='ltr'><strong>solo</strong></span> <span class='ocrx_word' id='word_1_449' title='bbox 853 1965 934 2000; x_wconf 80' lang='lat' dir='ltr'><strong>Patre</strong></span> <span class='ocrx_word' id='word_1_450' title='bbox 952 1974 994 2001; x_wconf 90' lang='lat' dir='ltr'><strong>di-</strong></span> 
     </span>
    </p>
   </div>
   <div class='ocr_carea' id='block_1_59' title="bbox 213 2016 994 2052">
    <p class='ocr_par' dir='ltr' id='par_1_59' title="bbox 213 2016 994 2052">
     <span class='ocr_line' id='line_1_59' title="bbox 213 2016 994 2052; baseline 0.004 -9"><span class='ocrx_word' id='word_1_451' title='bbox 213 2021 316 2050; x_wconf 88' lang='lat' dir='ltr'><strong>cerent,</strong></span> <span class='ocrx_word' id='word_1_452' title='bbox 342 2016 375 2043; x_wconf 93' lang='lat' dir='ltr'><strong>ad</strong></span> <span class='ocrx_word' id='word_1_453' title='bbox 403 2016 575 2052; x_wconf 84' lang='lat' dir='ltr'><strong>probandum</strong></span> <span class='ocrx_word' id='word_1_454' title='bbox 603 2018 676 2052; x_wconf 91' lang='lat' dir='ltr'><strong>quod</strong></span> <span class='ocrx_word' id='word_1_455' title='bbox 698 2017 748 2051; x_wconf 81' lang='lat' dir='ltr'><strong>vis,</strong></span> <span class='ocrx_word' id='word_1_456' title='bbox 779 2018 827 2045; x_wconf 87' lang='lat' dir='ltr'><strong>tibi</strong></span> <span class='ocrx_word' id='word_1_457' title='bbox 855 2019 922 2046; x_wconf 83' lang='lat' dir='ltr'><strong>satis</strong></span> <span class='ocrx_word' id='word_1_458' title='bbox 941 2026 994 2046; x_wconf 91' lang='lat' dir='ltr'><strong>non</strong></span> 
     </span>
    </p>
   </div>
   <div class='ocr_carea' id='block_1_60' title="bbox 214 2062 996 2100">
    <p class='ocr_par' dir='ltr' id='par_1_60' title="bbox 214 2062 996 2100">
     <span class='ocr_line' id='line_1_60' title="bbox 214 2062 996 2100; baseline 0.004 -11"><span class='ocrx_word' id='word_1_459' title='bbox 214 2066 296 2090; x_wconf 77' lang='lat' dir='ltr'><strong>esset.</strong></span> <span class='ocrx_word' id='word_1_460' title='bbox 311 2062 389 2095; x_wconf 89' lang='lat' dir='ltr'><strong>Quod</strong></span> <span class='ocrx_word' id='word_1_461' title='bbox 403 2069 476 2090; x_wconf 80' lang='lat' dir='ltr'><strong>certe</strong></span> <span class='ocrx_word' id='word_1_462' title='bbox 492 2063 647 2098; x_wconf 85' lang='lat' dir='ltr'><strong>perspicere</strong></span> <span class='ocrx_word' id='word_1_463' title='bbox 665 2063 728 2090; x_wconf 81' lang='lat' dir='ltr'><strong>licet</strong></span> <span class='ocrx_word' id='word_1_464' title='bbox 744 2071 776 2091; x_wconf 83' lang='lat' dir='ltr'><strong>ex</strong></span> <span class='ocrx_word' id='word_1_465' title='bbox 795 2064 856 2091; x_wconf 88' lang='lat' dir='ltr'><strong>aliis</strong></span> <span class='ocrx_word' id='word_1_466' title='bbox 871 2064 996 2100; x_wconf 78' lang='lat' dir='ltr'><strong>Evange-</strong></span> 
     </span>
    </p>
   </div>
   <div class='ocr_carea' id='block_1_61' title="bbox 215 2108 996 2144">
    <p class='ocr_par' dir='ltr' id='par_1_61' title="bbox 215 2108 996 2144">
     <span class='ocr_line' id='line_1_61' title="bbox 215 2108 996 2144; baseline 0.004 -9"><span class='ocrx_word' id='word_1_467' title='bbox 215 2109 243 2135; x_wconf 90' lang='lat' dir='ltr'><strong>lii</strong></span> <span class='ocrx_word' id='word_1_468' title='bbox 262 2108 353 2136; x_wconf 88' lang='lat' dir='ltr'><strong>diclis.</strong></span> <span class='ocrx_word' id='word_1_469' title='bbox 369 2109 493 2136; x_wconf 82' lang='lat' dir='ltr'><strong>Salvator</strong></span> <span class='ocrx_word' id='word_1_470' title='bbox 506 2110 612 2144; x_wconf 87' lang='lat' dir='ltr'><strong>inquit:</strong></span> <span class='ocrx_word' id='word_1_471' title='bbox 625 2109 662 2136; x_wconf 87' lang='lat' dir='ltr'><strong>De</strong></span> <span class='ocrx_word' id='word_1_472' title='bbox 677 2110 719 2136; x_wconf 82' lang='lat' dir='ltr'><strong>die</strong></span> <span class='ocrx_word' id='word_1_473' title='bbox 734 2110 781 2137; x_wconf 86' lang='lat' dir='ltr'><strong>illa</strong></span> <span class='ocrx_word' id='word_1_474' title='bbox 799 2115 823 2137; x_wconf 87' lang='lat' dir='ltr'><strong>et</strong></span> <span class='ocrx_word' id='word_1_475' title='bbox 840 2111 904 2138; x_wconf 84' lang='lat' dir='ltr'><strong>hora</strong></span> <span class='ocrx_word' id='word_1_476' title='bbox 921 2119 996 2138; x_wconf 80' lang='lat' dir='ltr'><strong>nemo</strong></span> 
     </span>
    </p>
   </div>
   <div class='ocr_carea' id='block_1_62' title="bbox 216 2155 997 2189">
    <p class='ocr_par' dir='ltr' id='par_1_62' title="bbox 216 2155 997 2189">
     <span class='ocr_line' id='line_1_62' title="bbox 216 2155 997 2189; baseline 0.004 -7"><span class='ocrx_word' id='word_1_477' title='bbox 216 2157 275 2187; x_wconf 79' lang='lat' dir='ltr'><strong>scit,</strong></span> <span class='ocrx_word' id='word_1_478' title='bbox 289 2163 371 2188; x_wconf 82' lang='lat' dir='ltr'><strong>neque</strong></span> <span class='ocrx_word' id='word_1_479' title='bbox 388 2156 473 2189; x_wconf 68' lang='lat' dir='ltr'><strong>angeli</strong></span> <span class='ocrx_word' id='word_1_480' title='bbox 486 2156 622 2187; x_wconf 60' lang='lat' dir='ltr'><strong>certorum,</strong></span> <span class='ocrx_word' id='word_1_481' title='bbox 636 2164 716 2189; x_wconf 79' lang='lat' dir='ltr'><strong>neque</strong></span> <span class='ocrx_word' id='word_1_482' title='bbox 738 2155 833 2188; x_wconf 77' lang='lat' dir='ltr'><strong>Filius,</strong></span> <span class='ocrx_word' id='word_1_483' title='bbox 849 2157 901 2184; x_wconf 77' lang='lat' dir='ltr'><strong>nisi</strong></span> <span class='ocrx_word' id='word_1_484' title='bbox 915 2157 997 2185; x_wconf 80' lang='lat' dir='ltr'><strong>Pater</strong></span> 
     </span>
    </p>
   </div>
   <div class='ocr_carea' id='block_1_63' title="bbox 216 2199 995 2236">
    <p class='ocr_par' dir='ltr' id='par_1_63' title="bbox 216 2199 995 2236">
     <span class='ocr_line' id='line_1_63' title="bbox 216 2199 995 2236; baseline 0.005 -11"><span class='ocrx_word' id='word_1_485' title='bbox 216 2208 287 2227; x_wconf 81' lang='lat' dir='ltr'><strong>meus</strong></span> <span class='ocrx_word' id='word_1_486' title='bbox 303 2199 376 2226; x_wconf 77' lang='lat' dir='ltr'><strong>solus</strong></span> <span class='ocrx_word' id='word_1_487' title='bbox 385 2200 406 2226; x_wconf 81' lang='grc'><strong>⁸.</strong></span> <span class='ocrx_word' id='word_1_488' title='bbox 418 2200 452 2227; x_wconf 84' lang='lat' dir='ltr'><strong>Et</strong></span> <span class='ocrx_word' id='word_1_489' title='bbox 463 2207 558 2227; x_wconf 86' lang='lat' dir='ltr'><strong>rursus</strong></span> <span class='ocrx_word' id='word_1_490' title='bbox 572 2209 579 2227; x_wconf 87' lang='lat'><strong><em>:</em></strong></span> <span class='ocrx_word' id='word_1_491' title='bbox 595 2199 656 2226; x_wconf 75' lang='lat' dir='ltr'><strong>Mea</strong></span> <span class='ocrx_word' id='word_1_492' title='bbox 671 2200 792 2227; x_wconf 80' lang='lat' dir='ltr'><strong>doctrina</strong></span> <span class='ocrx_word' id='word_1_493' title='bbox 805 2209 857 2228; x_wconf 78' lang='lat' dir='ltr'><strong>non</strong></span> <span class='ocrx_word' id='word_1_494' title='bbox 872 2207 911 2229; x_wconf 79' lang='lat' dir='ltr'><strong>est</strong></span> <span class='ocrx_word' id='word_1_495' title='bbox 927 2210 995 2236; x_wconf 79' lang='lat' dir='ltr'><strong>mea,</strong></span> 
     </span>
    </p>
   </div>
   <div class='ocr_carea' id='block_1_64' title="bbox 1033 955 1820 991">
    <p class='ocr_par' dir='ltr' id='par_1_64' title="bbox 1033 955 1820 991">
     <span class='ocr_line' id='line_1_64' title="bbox 1033 955 1820 991; baseline 0.001 -10"><span class='ocrx_word' id='word_1_496' title='bbox 1033 955 1164 989; x_wconf 80' lang='grc' dir='ltr'>ρεύεται.</span> <span class='ocrx_word' id='word_1_497' title='bbox 1179 956 1209 981; x_wconf 90' lang='grc' dir='ltr'>οὑ</span> <span class='ocrx_word' id='word_1_498' title='bbox 1229 955 1309 989; x_wconf 87' lang='grc' dir='ltr'>μόνον</span> <span class='ocrx_word' id='word_1_499' title='bbox 1324 956 1355 982; x_wconf 84' lang='grc' dir='ltr'>οὐ</span> <span class='ocrx_word' id='word_1_500' title='bbox 1381 957 1527 991; x_wconf 82' lang='grc' dir='ltr'>συνηγορεῖ</span> <span class='ocrx_word' id='word_1_501' title='bbox 1542 956 1580 991; x_wconf 81' lang='grc' dir='ltr'><strong>τῷ</strong></span> <span class='ocrx_word' id='word_1_502' title='bbox 1596 956 1634 991; x_wconf 85' lang='grc' dir='ltr'><strong>σῷ</strong></span> <span class='ocrx_word' id='word_1_503' title='bbox 1651 956 1732 991; x_wconf 83' lang='grc' dir='ltr'>λόγῳ,</span> <span class='ocrx_word' id='word_1_504' title='bbox 1752 956 1820 983; x_wconf 72' lang='grc' dir='ltr'>ἀλλὰ</span> 
     </span>
    </p>
   </div>
   <div class='ocr_carea' id='block_1_65' title="bbox 1036 1000 1820 1036">
    <p class='ocr_par' dir='ltr' id='par_1_65' title="bbox 1036 1000 1820 1036">
     <span class='ocr_line' id='line_1_65' title="bbox 1036 1000 1820 1036; baseline 0.001 -10"><span class='ocrx_word' id='word_1_505' title='bbox 1036 1000 1082 1027; x_wconf 81' lang='grc' dir='ltr'>καὶ</span> <span class='ocrx_word' id='word_1_506' title='bbox 1099 1001 1242 1036; x_wconf 80' lang='grc' dir='ltr'><strong>προδήλως</strong></span> <span class='ocrx_word' id='word_1_507' title='bbox 1255 1000 1424 1028; x_wconf 70' lang='grc' dir='ltr'>ἐναντιοῦται</span> <span class='ocrx_word' id='word_1_508' title='bbox 1436 1009 1444 1016; x_wconf 83' lang='lat'>&#39;</span> <span class='ocrx_word' id='word_1_509' title='bbox 1461 1001 1490 1028; x_wconf 78' lang='grc' dir='ltr'>οὐ</span> <span class='ocrx_word' id='word_1_510' title='bbox 1504 1001 1558 1036; x_wconf 74' lang='grc' dir='ltr'>γάρ</span> <span class='ocrx_word' id='word_1_511' title='bbox 1580 1009 1675 1036; x_wconf 80' lang='grc' dir='ltr'>φησιν,</span> <span class='ocrx_word' id='word_1_512' title='bbox 1693 1002 1726 1027; x_wconf 88' lang='lat'><strong>&#39;0</strong></span> <span class='ocrx_word' id='word_1_513' title='bbox 1747 1001 1820 1036; x_wconf 69' lang='grc' dir='ltr'>παρὰ</span> 
     </span>
    </p>
   </div>
   <div class='ocr_carea' id='block_1_66' title="bbox 1036 1047 1821 1083">
    <p class='ocr_par' dir='ltr' id='par_1_66' title="bbox 1036 1047 1821 1083">
     <span class='ocr_line' id='line_1_66' title="bbox 1036 1047 1821 1083; baseline 0.001 -10"><span class='ocrx_word' id='word_1_514' title='bbox 1036 1047 1083 1074; x_wconf 79' lang='grc' dir='ltr'><strong>τοῦ</strong></span> <span class='ocrx_word' id='word_1_515' title='bbox 1098 1047 1204 1082; x_wconf 74' lang='grc' dir='ltr'>Πατρὺς</span> <span class='ocrx_word' id='word_1_516' title='bbox 1222 1048 1314 1082; x_wconf 70' lang='grc' dir='ltr'>μόνου,</span> <span class='ocrx_word' id='word_1_517' title='bbox 1331 1048 1347 1082; x_wconf 85' lang='grc' dir='ltr'>ἦ</span> <span class='ocrx_word' id='word_1_518' title='bbox 1364 1049 1440 1083; x_wconf 72' lang='grc' dir='ltr'>παρὰ</span> <span class='ocrx_word' id='word_1_519' title='bbox 1464 1048 1512 1075; x_wconf 80' lang='grc' dir='ltr'><strong>τοῦ</strong></span> <span class='ocrx_word' id='word_1_520' title='bbox 1531 1049 1636 1082; x_wconf 76' lang='grc' dir='ltr'>Πατρός</span> <span class='ocrx_word' id='word_1_521' title='bbox 1657 1049 1706 1075; x_wconf 69' lang='grc' dir='ltr'><strong>καὶ</strong></span> <span class='ocrx_word' id='word_1_522' title='bbox 1721 1049 1771 1075; x_wconf 80' lang='grc' dir='ltr'><strong>οὐκ</strong></span> <span class='ocrx_word' id='word_1_523' title='bbox 1788 1049 1821 1074; x_wconf 70' lang='grc' dir='ltr'><strong>ἐκ</strong></span> 
     </span>
    </p>
   </div>
   <div class='ocr_carea' id='block_1_67' title="bbox 1036 1085 1821 1129">
    <p class='ocr_par' dir='ltr' id='par_1_67' title="bbox 1036 1085 1821 1129">
     <span class='ocr_line' id='line_1_67' title="bbox 1036 1085 1821 1129; baseline 0.003 -9"><span class='ocrx_word' id='word_1_524' title='bbox 1036 1093 1082 1120; x_wconf 76' lang='grc' dir='ltr'>τοῦ</span> <span class='ocrx_word' id='word_1_525' title='bbox 1099 1093 1164 1120; x_wconf 60' lang='lat' dir='ltr'><strong>Tia?)</strong></span> <span class='ocrx_word' id='word_1_526' title='bbox 1188 1085 1380 1129; x_wconf 73' lang='grc' dir='ltr'>ἐκπορεύεται.</span> <span class='ocrx_word' id='word_1_527' title='bbox 1398 1095 1452 1122; x_wconf 78' lang='grc' dir='ltr'><strong>Καὶ</strong></span> <span class='ocrx_word' id='word_1_528' title='bbox 1471 1096 1501 1121; x_wconf 78' lang='grc' dir='ltr'><strong>τὸ</strong></span> <span class='ocrx_word' id='word_1_529' title='bbox 1519 1095 1620 1129; x_wconf 81' lang='grc' dir='ltr'>λέγειν,</span> <span class='ocrx_word' id='word_1_530' title='bbox 1635 1095 1731 1121; x_wconf 82' lang='grc' dir='ltr'><strong>Ὅταν</strong></span> <span class='ocrx_word' id='word_1_531' title='bbox 1746 1095 1821 1128; x_wconf 71' lang='grc' dir='ltr'><strong>ἔλθῃ</strong></span> 
     </span>
    </p>
   </div>
   <div class='ocr_carea' id='block_1_68' title="bbox 1037 1139 1822 1175">
    <p class='ocr_par' dir='ltr' id='par_1_68' title="bbox 1037 1139 1822 1175">
     <span class='ocr_line' id='line_1_68' title="bbox 1037 1139 1822 1175; baseline 0 -8"><span class='ocrx_word' id='word_1_532' title='bbox 1037 1140 1054 1167; x_wconf 75' lang='grc' dir='ltr'><em>ὁ</em></span> <span class='ocrx_word' id='word_1_533' title='bbox 1073 1139 1277 1173; x_wconf 73' lang='grc' dir='ltr'>Παρὰκλητος,</span> <span class='ocrx_word' id='word_1_534' title='bbox 1289 1140 1325 1167; x_wconf 82' lang='grc' dir='ltr'>ὃν</span> <span class='ocrx_word' id='word_1_535' title='bbox 1339 1140 1451 1175; x_wconf 69' lang='grc' dir='ltr'>πέμψει</span> <span class='ocrx_word' id='word_1_536' title='bbox 1476 1143 1492 1168; x_wconf 81' lang='grc' dir='ltr'><strong>ό</strong></span> <span class='ocrx_word' id='word_1_537' title='bbox 1509 1141 1619 1174; x_wconf 82' lang='grc' dir='ltr'>Πατὴρ,</span> <span class='ocrx_word' id='word_1_538' title='bbox 1635 1141 1766 1175; x_wconf 80' lang='grc' dir='ltr'><strong>οὐδεμίαν</strong></span> <span class='ocrx_word' id='word_1_539' title='bbox 1780 1148 1822 1167; x_wconf 78' lang='grc' dir='ltr'>σοι</span> 
     </span>
    </p>
   </div>
   <div class='ocr_carea' id='block_1_69' title="bbox 1039 1185 1823 1222">
    <p class='ocr_par' dir='ltr' id='par_1_69' title="bbox 1039 1185 1823 1222">
     <span class='ocr_line' id='line_1_69' title="bbox 1039 1185 1823 1222; baseline 0 -10"><span class='ocrx_word' id='word_1_540' title='bbox 1039 1186 1115 1220; x_wconf 70' lang='grc' dir='ltr'>ἰσχὺν</span> <span class='ocrx_word' id='word_1_541' title='bbox 1134 1185 1241 1212; x_wconf 79' lang='grc' dir='ltr'>δῖδωσιν</span> <span class='ocrx_word' id='word_1_542' title='bbox 1252 1193 1259 1200; x_wconf 90' lang='grc'><strong>·</strong></span> <span class='ocrx_word' id='word_1_543' title='bbox 1276 1187 1305 1212; x_wconf 80' lang='grc' dir='ltr'>οὑ</span> <span class='ocrx_word' id='word_1_544' title='bbox 1321 1186 1374 1222; x_wconf 83' lang='grc' dir='ltr'><strong>γὰρ</strong></span> <span class='ocrx_word' id='word_1_545' title='bbox 1389 1186 1477 1221; x_wconf 79' lang='grc' dir='ltr'>λέγει,</span> <span class='ocrx_word' id='word_1_546' title='bbox 1509 1187 1559 1213; x_wconf 83' lang='lat' dir='ltr'><strong>&quot;Ov</strong></span> <span class='ocrx_word' id='word_1_547' title='bbox 1575 1187 1679 1221; x_wconf 76' lang='grc' dir='ltr'>πέμψει</span> <span class='ocrx_word' id='word_1_548' title='bbox 1694 1188 1709 1214; x_wconf 83' lang='grc' dir='ltr'>ὁ</span> <span class='ocrx_word' id='word_1_549' title='bbox 1726 1187 1823 1221; x_wconf 76' lang='grc' dir='ltr'>Πατὴρ</span> 
     </span>
    </p>
   </div>
   <div class='ocr_carea' id='block_1_70' title="bbox 1039 1230 1821 1265">
    <p class='ocr_par' dir='ltr' id='par_1_70' title="bbox 1039 1230 1821 1265">
     <span class='ocr_line' id='line_1_70' title="bbox 1039 1230 1821 1265; baseline 0 -9"><span class='ocrx_word' id='word_1_550' title='bbox 1039 1230 1129 1264; x_wconf 82' lang='grc' dir='ltr'>μόνος,</span> <span class='ocrx_word' id='word_1_551' title='bbox 1149 1230 1165 1264; x_wconf 85' lang='grc' dir='ltr'>ἢ</span> <span class='ocrx_word' id='word_1_552' title='bbox 1185 1230 1233 1256; x_wconf 88' lang='grc' dir='ltr'>Ὃν</span> <span class='ocrx_word' id='word_1_553' title='bbox 1255 1231 1268 1256; x_wconf 88' lang='grc' dir='ltr'><strong>ό</strong></span> <span class='ocrx_word' id='word_1_554' title='bbox 1287 1230 1351 1262; x_wconf 69' lang='lat' dir='ltr'><strong>Tib;</strong></span> <span class='ocrx_word' id='word_1_555' title='bbox 1374 1230 1405 1257; x_wconf 81' lang='grc' dir='ltr'>οὗ</span> <span class='ocrx_word' id='word_1_556' title='bbox 1432 1231 1547 1265; x_wconf 79' lang='grc' dir='ltr'>πέμπει.</span> <span class='ocrx_word' id='word_1_557' title='bbox 1564 1231 1620 1257; x_wconf 80' lang='grc' dir='ltr'>Καὶ</span> <span class='ocrx_word' id='word_1_558' title='bbox 1641 1231 1688 1257; x_wconf 76' lang='grc' dir='ltr'><strong>τοῦ</strong></span> <span class='ocrx_word' id='word_1_559' title='bbox 1715 1231 1821 1257; x_wconf 80' lang='grc' dir='ltr'><strong>Παύλου</strong></span> 
     </span>
    </p>
   </div>
   <div class='ocr_carea' id='block_1_71' title="bbox 1037 1276 1823 1311">
    <p class='ocr_par' dir='ltr' id='par_1_71' title="bbox 1037 1276 1823 1311">
     <span class='ocr_line' id='line_1_71' title="bbox 1037 1276 1823 1311; baseline 0.001 -8"><span class='ocrx_word' id='word_1_560' title='bbox 1037 1276 1075 1307; x_wconf 72' lang='grc' dir='ltr'>δὲ,</span> <span class='ocrx_word' id='word_1_561' title='bbox 1093 1276 1106 1303; x_wconf 86' lang='grc' dir='ltr'><strong>ὃ</strong></span> <span class='ocrx_word' id='word_1_562' title='bbox 1122 1276 1215 1309; x_wconf 76' lang='grc' dir='ltr'>λέγει·</span> <span class='ocrx_word' id='word_1_563' title='bbox 1240 1276 1339 1310; x_wconf 76' lang='grc' dir='ltr'>Ἡμεῖς</span> <span class='ocrx_word' id='word_1_564' title='bbox 1360 1278 1397 1304; x_wconf 86' lang='grc' dir='ltr'>οὺ</span> <span class='ocrx_word' id='word_1_565' title='bbox 1422 1277 1455 1303; x_wconf 80' lang='grc' dir='ltr'><strong>τὸ</strong></span> <span class='ocrx_word' id='word_1_566' title='bbox 1476 1277 1596 1311; x_wconf 79' lang='grc' dir='ltr'><strong>Πνεῦμα</strong></span> <span class='ocrx_word' id='word_1_567' title='bbox 1625 1277 1679 1304; x_wconf 77' lang='grc' dir='ltr'><strong>τοῦ</strong></span> <span class='ocrx_word' id='word_1_568' title='bbox 1706 1277 1823 1310; x_wconf 84' lang='grc' dir='ltr'><strong>κόσμου</strong></span> 
     </span>
    </p>
   </div>
   <div class='ocr_carea' id='block_1_72' title="bbox 1038 1322 1823 1358">
    <p class='ocr_par' dir='ltr' id='par_1_72' title="bbox 1038 1322 1823 1358">
     <span class='ocr_line' id='line_1_72' title="bbox 1038 1322 1823 1358; baseline 0 -8"><span class='ocrx_word' id='word_1_569' title='bbox 1038 1323 1196 1358; x_wconf 72' lang='grc' dir='ltr'>ἐλάϐομεν,</span> <span class='ocrx_word' id='word_1_570' title='bbox 1212 1323 1293 1351; x_wconf 68' lang='grc' dir='ltr'>ἀλλὰ</span> <span class='ocrx_word' id='word_1_571' title='bbox 1316 1323 1348 1350; x_wconf 76' lang='grc' dir='ltr'><strong>τὸ</strong></span> <span class='ocrx_word' id='word_1_572' title='bbox 1373 1323 1493 1358; x_wconf 79' lang='grc' dir='ltr'><strong>Πνεῦμα</strong></span> <span class='ocrx_word' id='word_1_573' title='bbox 1516 1325 1549 1350; x_wconf 86' lang='grc' dir='ltr'><strong>τὸ</strong></span> <span class='ocrx_word' id='word_1_574' title='bbox 1571 1325 1605 1351; x_wconf 80' lang='grc' dir='ltr'><em>ἐκ</em></span> <span class='ocrx_word' id='word_1_575' title='bbox 1628 1324 1681 1352; x_wconf 78' lang='grc' dir='ltr'><strong>τοῦ</strong></span> <span class='ocrx_word' id='word_1_576' title='bbox 1698 1322 1780 1356; x_wconf 81' lang='grc' dir='ltr'>Θεοῦ,</span> <span class='ocrx_word' id='word_1_577' title='bbox 1792 1324 1823 1350; x_wconf 77' lang='grc' dir='ltr'>οὗ</span> 
     </span>
    </p>
   </div>
   <div class='ocr_carea' id='block_1_73' title="bbox 1041 1369 1825 1405">
    <p class='ocr_par' dir='ltr' id='par_1_73' title="bbox 1041 1369 1825 1405">
     <span class='ocr_line' id='line_1_73' title="bbox 1041 1369 1825 1405; baseline 0 -9"><span class='ocrx_word' id='word_1_578' title='bbox 1041 1371 1188 1405; x_wconf 75' lang='grc' dir='ltr'>συνηγορεῖ</span> <span class='ocrx_word' id='word_1_579' title='bbox 1214 1370 1255 1403; x_wconf 80' lang='grc' dir='ltr'><strong>τῷ</strong></span> <span class='ocrx_word' id='word_1_580' title='bbox 1282 1370 1321 1404; x_wconf 83' lang='grc' dir='ltr'><strong>σῷ</strong></span> <span class='ocrx_word' id='word_1_581' title='bbox 1348 1369 1521 1405; x_wconf 82' lang='grc' dir='ltr'>βουλήματι·</span> <span class='ocrx_word' id='word_1_582' title='bbox 1552 1371 1583 1396; x_wconf 83' lang='grc' dir='ltr'><strong>οὐ</strong></span> <span class='ocrx_word' id='word_1_583' title='bbox 1605 1371 1660 1405; x_wconf 74' lang='grc' dir='ltr'><strong>γὰρ</strong></span> <span class='ocrx_word' id='word_1_584' title='bbox 1686 1369 1825 1404; x_wconf 73' lang='grc' dir='ltr'>λέγει,’Τδ</span> 
     </span>
    </p>
   </div>
   <div class='ocr_carea' id='block_1_74' title="bbox 1040 1415 1825 1452">
    <p class='ocr_par' dir='ltr' id='par_1_74' title="bbox 1040 1415 1825 1452">
     <span class='ocr_line' id='line_1_74' title="bbox 1040 1415 1825 1452; baseline 0 -9"><span class='ocrx_word' id='word_1_585' title='bbox 1040 1416 1153 1452; x_wconf 82' lang='grc' dir='ltr'>Πνεῦμα</span> <span class='ocrx_word' id='word_1_586' title='bbox 1171 1417 1251 1451; x_wconf 89' lang='grc' dir='ltr'>μόνου</span> <span class='ocrx_word' id='word_1_587' title='bbox 1267 1416 1314 1442; x_wconf 88' lang='grc' dir='ltr'><strong>τοῦ</strong></span> <span class='ocrx_word' id='word_1_588' title='bbox 1333 1416 1449 1451; x_wconf 76' lang='grc' dir='ltr'>Πατρός,</span> <span class='ocrx_word' id='word_1_589' title='bbox 1462 1417 1509 1443; x_wconf 78' lang='grc' dir='ltr'><strong>καὶ</strong></span> <span class='ocrx_word' id='word_1_590' title='bbox 1531 1415 1577 1443; x_wconf 76' lang='grc' dir='ltr'><strong>τοῦ</strong></span> <span class='ocrx_word' id='word_1_591' title='bbox 1593 1416 1668 1448; x_wconf 75' lang='grc' dir='ltr'><strong>Υιοῦ,</strong></span> <span class='ocrx_word' id='word_1_592' title='bbox 1688 1417 1766 1447; x_wconf 74' lang='grc' dir='ltr'>ἀλλὰ,</span> <span class='ocrx_word' id='word_1_593' title='bbox 1788 1416 1825 1443; x_wconf 87' lang='grc' dir='ltr'><strong>Τὸ</strong></span> 
     </span>
    </p>
   </div>
   <div class='ocr_carea' id='block_1_75' title="bbox 1040 1461 1825 1498">
    <p class='ocr_par' dir='ltr' id='par_1_75' title="bbox 1040 1461 1825 1498">
     <span class='ocr_line' id='line_1_75' title="bbox 1040 1461 1825 1498; baseline -0.003 -8"><span class='ocrx_word' id='word_1_594' title='bbox 1040 1462 1170 1497; x_wconf 81' lang='grc' dir='ltr'><strong>Πνεῦμα,</strong></span> <span class='ocrx_word' id='word_1_595' title='bbox 1186 1463 1262 1498; x_wconf 72' lang='grc' dir='ltr'>φησὶ,</span> <span class='ocrx_word' id='word_1_596' title='bbox 1279 1462 1312 1489; x_wconf 81' lang='grc' dir='ltr'><strong>τὸ</strong></span> <span class='ocrx_word' id='word_1_597' title='bbox 1330 1463 1364 1489; x_wconf 81' lang='grc' dir='ltr'><strong>ἐκ</strong></span> <span class='ocrx_word' id='word_1_598' title='bbox 1387 1461 1439 1489; x_wconf 80' lang='grc' dir='ltr'><strong>τοῦ</strong></span> <span class='ocrx_word' id='word_1_599' title='bbox 1465 1462 1549 1494; x_wconf 77' lang='grc' dir='ltr'>Θεοῦ,</span> <span class='ocrx_word' id='word_1_600' title='bbox 1563 1462 1630 1493; x_wconf 76' lang='grc' dir='ltr'>Θεὸς</span> <span class='ocrx_word' id='word_1_601' title='bbox 1646 1463 1674 1489; x_wconf 66' lang='grc' dir='ltr'>δὲ</span> <span class='ocrx_word' id='word_1_602' title='bbox 1694 1464 1708 1488; x_wconf 71' lang='grc' dir='ltr'>ὁ</span> <span class='ocrx_word' id='word_1_603' title='bbox 1732 1462 1825 1496; x_wconf 82' lang='grc' dir='ltr'>Πατὴρ</span> 
     </span>
    </p>
   </div>
   <div class='ocr_carea' id='block_1_76' title="bbox 1041 1499 1825 1543">
    <p class='ocr_par' dir='ltr' id='par_1_76' title="bbox 1041 1499 1825 1543">
     <span class='ocr_line' id='line_1_76' title="bbox 1041 1499 1825 1543; baseline -0.003 -7"><span class='ocrx_word' id='word_1_604' title='bbox 1041 1511 1087 1537; x_wconf 74' lang='grc' dir='ltr'><strong>καὶ</strong></span> <span class='ocrx_word' id='word_1_605' title='bbox 1104 1511 1118 1536; x_wconf 85' lang='grc' dir='ltr'>ὁ</span> <span class='ocrx_word' id='word_1_606' title='bbox 1133 1499 1206 1541; x_wconf 23' lang='grc' dir='ltr'>Υλὶός.</span> <span class='ocrx_word' id='word_1_607' title='bbox 1226 1509 1273 1536; x_wconf 80' lang='grc' dir='ltr'>Ἐκ</span> <span class='ocrx_word' id='word_1_608' title='bbox 1297 1510 1382 1536; x_wconf 75' lang='grc' dir='ltr'>πο’ων</span> <span class='ocrx_word' id='word_1_609' title='bbox 1402 1507 1449 1535; x_wconf 79' lang='grc' dir='ltr'>οὖν</span> <span class='ocrx_word' id='word_1_610' title='bbox 1466 1510 1557 1543; x_wconf 80' lang='grc' dir='ltr'>ῥητῶν</span> <span class='ocrx_word' id='word_1_611' title='bbox 1578 1509 1681 1541; x_wconf 64' lang='grc' dir='ltr'>ἔδειξας</span> <span class='ocrx_word' id='word_1_612' title='bbox 1697 1509 1728 1536; x_wconf 75' lang='grc' dir='ltr'><strong>ἐκ</strong></span> <span class='ocrx_word' id='word_1_613' title='bbox 1744 1509 1825 1542; x_wconf 71' lang='grc' dir='ltr'>μόνου</span> 
     </span>
    </p>
   </div>
   <div class='ocr_carea' id='block_1_77' title="bbox 1003 1556 1827 1602">
    <p class='ocr_par' dir='ltr' id='par_1_77' title="bbox 1003 1556 1827 1602">
     <span class='ocr_line' id='line_1_77' title="bbox 1003 1556 1827 1602; baseline 0 -20"><span class='ocrx_word' id='word_1_614' title='bbox 1003 1573 1024 1602; x_wconf 73' lang='lat' dir='ltr'><strong><em>c</em></strong></span> <span class='ocrx_word' id='word_1_615' title='bbox 1041 1556 1088 1583; x_wconf 77' lang='grc' dir='ltr'><strong>τοῦ</strong></span> <span class='ocrx_word' id='word_1_616' title='bbox 1104 1556 1208 1591; x_wconf 66' lang='grc' dir='ltr'>Πατρός</span> <span class='ocrx_word' id='word_1_617' title='bbox 1221 1556 1250 1582; x_wconf 74' lang='grc' dir='ltr'><strong>τὸ</strong></span> <span class='ocrx_word' id='word_1_618' title='bbox 1264 1556 1374 1590; x_wconf 77' lang='grc' dir='ltr'>Πνεῦμα</span> <span class='ocrx_word' id='word_1_619' title='bbox 1395 1557 1424 1582; x_wconf 84' lang='grc' dir='ltr'>ὲν</span> <span class='ocrx_word' id='word_1_620' title='bbox 1439 1557 1471 1590; x_wconf 76' lang='grc' dir='ltr'><strong>τῇ</strong></span> <span class='ocrx_word' id='word_1_621' title='bbox 1489 1556 1601 1591; x_wconf 73' lang='grc' dir='ltr'>συνόδῳ,</span> <span class='ocrx_word' id='word_1_622' title='bbox 1620 1556 1714 1590; x_wconf 70' lang='grc' dir='ltr'>ὥσπερ</span> <span class='ocrx_word' id='word_1_623' title='bbox 1735 1556 1827 1588; x_wconf 76' lang='grc' dir='ltr'>λέγεις</span> 
     </span>
    </p>
   </div>
   <div class='ocr_carea' id='block_1_78' title="bbox 1042 1601 1826 1638">
    <p class='ocr_par' dir='ltr' id='par_1_78' title="bbox 1042 1601 1826 1638">
     <span class='ocr_line' id='line_1_78' title="bbox 1042 1601 1826 1638; baseline -0.001 -10"><span class='ocrx_word' id='word_1_624' title='bbox 1042 1602 1157 1628; x_wconf 68' lang='grc' dir='ltr'>ἐνταῦθα</span> <span class='ocrx_word' id='word_1_625' title='bbox 1180 1601 1410 1636; x_wconf 76' lang='grc' dir='ltr'>ὲγκαυχώμενοςς</span> <span class='ocrx_word' id='word_1_626' title='bbox 1444 1602 1492 1628; x_wconf 84' lang='grc' dir='ltr'><strong>Ἐκ</strong></span> <span class='ocrx_word' id='word_1_627' title='bbox 1514 1602 1568 1629; x_wconf 85' lang='grc' dir='ltr'>τῶν</span> <span class='ocrx_word' id='word_1_628' title='bbox 1593 1602 1644 1638; x_wconf 81' lang='grc' dir='ltr'><strong>ήδη</strong></span> <span class='ocrx_word' id='word_1_629' title='bbox 1670 1601 1826 1637; x_wconf 73' lang='grc' dir='ltr'><strong>ρηθέντων;</strong></span> 
     </span>
    </p>
   </div>
   <div class='ocr_carea' id='block_1_79' title="bbox 1042 1647 1827 1682">
    <p class='ocr_par' dir='ltr' id='par_1_79' title="bbox 1042 1647 1827 1682">
     <span class='ocr_line' id='line_1_79' title="bbox 1042 1647 1827 1682; baseline -0.001 -7"><span class='ocrx_word' id='word_1_630' title='bbox 1042 1649 1096 1675; x_wconf 72' lang='grc' dir='ltr'>Καὶ</span> <span class='ocrx_word' id='word_1_631' title='bbox 1116 1648 1185 1675; x_wconf 70' lang='grc' dir='ltr'><strong>αὐτὰ</strong></span> <span class='ocrx_word' id='word_1_632' title='bbox 1206 1648 1257 1674; x_wconf 81' lang='grc' dir='ltr'><strong>οὐκ</strong></span> <span class='ocrx_word' id='word_1_633' title='bbox 1283 1649 1315 1674; x_wconf 78' lang='grc' dir='ltr'><strong>ὲκ</strong></span> <span class='ocrx_word' id='word_1_634' title='bbox 1333 1648 1414 1682; x_wconf 83' lang='grc' dir='ltr'>μόνου</span> <span class='ocrx_word' id='word_1_635' title='bbox 1438 1648 1529 1682; x_wconf 65' lang='grc' dir='ltr'>φασιν,</span> <span class='ocrx_word' id='word_1_636' title='bbox 1549 1648 1607 1674; x_wconf 83' lang='grc' dir='ltr'>ἀλλ’</span> <span class='ocrx_word' id='word_1_637' title='bbox 1624 1647 1718 1679; x_wconf 79' lang='grc' dir='ltr'>ἁπλῶς</span> <span class='ocrx_word' id='word_1_638' title='bbox 1732 1648 1764 1675; x_wconf 71' lang='lat' dir='ltr'><strong>lx</strong></span> <span class='ocrx_word' id='word_1_639' title='bbox 1778 1648 1827 1674; x_wconf 83' lang='grc' dir='ltr'><strong>τοῦ</strong></span> 
     </span>
    </p>
   </div>
   <div class='ocr_carea' id='block_1_80' title="bbox 1043 1694 1828 1729">
    <p class='ocr_par' dir='ltr' id='par_1_80' title="bbox 1043 1694 1828 1729">
     <span class='ocr_line' id='line_1_80' title="bbox 1043 1694 1828 1729; baseline -0.001 -8"><span class='ocrx_word' id='word_1_640' title='bbox 1043 1695 1149 1729; x_wconf 71' lang='grc' dir='ltr'>Πατρός</span> <span class='ocrx_word' id='word_1_641' title='bbox 1175 1695 1416 1729; x_wconf 65' lang='grc' dir='ltr'>ἐκπορευόμενον,</span> <span class='ocrx_word' id='word_1_642' title='bbox 1441 1694 1490 1721; x_wconf 80' lang='grc' dir='ltr'><strong>καὶ</strong></span> <span class='ocrx_word' id='word_1_643' title='bbox 1519 1694 1626 1723; x_wconf 79' lang='grc' dir='ltr'>τούτοις</span> <span class='ocrx_word' id='word_1_644' title='bbox 1651 1695 1707 1725; x_wconf 78' lang='grc' dir='ltr'>τοῖς</span> <span class='ocrx_word' id='word_1_645' title='bbox 1736 1695 1828 1727; x_wconf 81' lang='grc' dir='ltr'>λόγοις</span> 
     </span>
    </p>
   </div>
   <div class='ocr_carea' id='block_1_81' title="bbox 1043 1737 1830 1775">
    <p class='ocr_par' dir='ltr' id='par_1_81' title="bbox 1043 1737 1830 1775">
     <span class='ocr_line' id='line_1_81' title="bbox 1043 1737 1830 1775; baseline -0.003 -7"><span class='ocrx_word' id='word_1_646' title='bbox 1043 1742 1153 1769; x_wconf 77' lang='grc' dir='ltr'>Λατῖνοι</span> <span class='ocrx_word' id='word_1_647' title='bbox 1176 1741 1451 1775; x_wconf 82' lang='grc' dir='ltr'>συνομολογήσουσιν.</span> <span class='ocrx_word' id='word_1_648' title='bbox 1467 1737 1551 1769; x_wconf 76' lang='grc' dir='ltr'>οὗτος</span> <span class='ocrx_word' id='word_1_649' title='bbox 1567 1741 1622 1775; x_wconf 80' lang='grc' dir='ltr'>γάρ</span> <span class='ocrx_word' id='word_1_650' title='bbox 1641 1741 1716 1767; x_wconf 70' lang='grc' dir='ltr'>ἐστιν</span> <span class='ocrx_word' id='word_1_651' title='bbox 1736 1741 1750 1767; x_wconf 84' lang='grc' dir='ltr'><strong>ό</strong></span> <span class='ocrx_word' id='word_1_652' title='bbox 1767 1740 1830 1771; x_wconf 85' lang='grc' dir='ltr'>νοῦς</span> 
     </span>
    </p>
   </div>
   <div class='ocr_carea' id='block_1_82' title="bbox 1044 1787 1830 1822">
    <p class='ocr_par' dir='ltr' id='par_1_82' title="bbox 1044 1787 1830 1822">
     <span class='ocr_line' id='line_1_82' title="bbox 1044 1787 1830 1822; baseline -0.001 -7"><span class='ocrx_word' id='word_1_653' title='bbox 1044 1788 1116 1819; x_wconf 73' lang='grc' dir='ltr'>ἅπας</span> <span class='ocrx_word' id='word_1_654' title='bbox 1129 1788 1234 1814; x_wconf 76' lang='grc' dir='ltr'>ἐκείνου</span> <span class='ocrx_word' id='word_1_655' title='bbox 1250 1787 1298 1814; x_wconf 78' lang='grc' dir='ltr'><strong>τοῦ</strong></span> <span class='ocrx_word' id='word_1_656' title='bbox 1321 1787 1402 1821; x_wconf 84' lang='grc' dir='ltr'>λόγου</span> <span class='ocrx_word' id='word_1_657' title='bbox 1418 1787 1502 1822; x_wconf 83' lang='grc' dir='ltr'>ὅνπερ</span> <span class='ocrx_word' id='word_1_658' title='bbox 1519 1787 1666 1820; x_wconf 75' lang='grc' dir='ltr'>ἐξέτεινας.</span> <span class='ocrx_word' id='word_1_659' title='bbox 1687 1787 1759 1813; x_wconf 81' lang='grc' dir='ltr'>Ἀλλ’</span> <span class='ocrx_word' id='word_1_660' title='bbox 1778 1787 1830 1814; x_wconf 70' lang='grc' dir='ltr'><strong>οὐκ</strong></span> 
     </span>
    </p>
   </div>
   <div class='ocr_carea' id='block_1_83' title="bbox 1045 1833 1829 1869">
    <p class='ocr_par' dir='ltr' id='par_1_83' title="bbox 1045 1833 1829 1869">
     <span class='ocr_line' id='line_1_83' title="bbox 1045 1833 1829 1869; baseline -0.003 -8"><span class='ocrx_word' id='word_1_661' title='bbox 1045 1834 1220 1865; x_wconf 78' lang='grc' dir='ltr'>ἀντίκεινται,</span> <span class='ocrx_word' id='word_1_662' title='bbox 1235 1835 1369 1869; x_wconf 77' lang='grc' dir='ltr'>φήσουσιν</span> <span class='ocrx_word' id='word_1_663' title='bbox 1396 1833 1420 1860; x_wconf 76' lang='grc' dir='ltr'>οἱ</span> <span class='ocrx_word' id='word_1_664' title='bbox 1444 1834 1494 1869; x_wconf 81' lang='grc' dir='ltr'><strong>τῆς</strong></span> <span class='ocrx_word' id='word_1_665' title='bbox 1516 1833 1647 1868; x_wconf 74' lang='grc' dir='ltr'><strong>ἀληθείας</strong></span> <span class='ocrx_word' id='word_1_666' title='bbox 1672 1835 1829 1868; x_wconf 82' lang='grc' dir='ltr'>συνήγοροι,</span> 
     </span>
    </p>
   </div>
   <div class='ocr_carea' id='block_1_84' title="bbox 1045 1878 1830 1916">
    <p class='ocr_par' dir='ltr' id='par_1_84' title="bbox 1045 1878 1830 1916">
     <span class='ocr_line' id='line_1_84' title="bbox 1045 1878 1830 1916; baseline -0.001 -9"><span class='ocrx_word' id='word_1_667' title='bbox 1045 1881 1078 1907; x_wconf 72' lang='grc' dir='ltr'><strong>τὰ</strong></span> <span class='ocrx_word' id='word_1_668' title='bbox 1093 1880 1164 1916; x_wconf 81' lang='grc' dir='ltr'><strong>ῥητὰ</strong></span> <span class='ocrx_word' id='word_1_669' title='bbox 1179 1879 1266 1906; x_wconf 84' lang='grc' dir='ltr'>ταῦτα</span> <span class='ocrx_word' id='word_1_670' title='bbox 1288 1880 1345 1911; x_wconf 79' lang='grc' dir='ltr'>τοῖς</span> <span class='ocrx_word' id='word_1_671' title='bbox 1362 1879 1474 1914; x_wconf 75' lang='grc' dir='ltr'>λέγουσι</span> <span class='ocrx_word' id='word_1_672' title='bbox 1490 1879 1537 1905; x_wconf 78' lang='grc' dir='ltr'><strong>καὶ</strong></span> <span class='ocrx_word' id='word_1_673' title='bbox 1553 1880 1584 1905; x_wconf 73' lang='grc' dir='ltr'><strong>ἐκ</strong></span> <span class='ocrx_word' id='word_1_674' title='bbox 1597 1878 1643 1905; x_wconf 84' lang='grc' dir='ltr'><strong>τοῦ</strong></span> <span class='ocrx_word' id='word_1_675' title='bbox 1662 1879 1729 1905; x_wconf 80' lang='grc' dir='ltr'><strong>Υἱοῦ</strong></span> <span class='ocrx_word' id='word_1_676' title='bbox 1746 1880 1830 1906; x_wconf 62' lang='lat' dir='ltr'><strong>samo-</strong></span> 
     </span>
    </p>
   </div>
   <div class='ocr_carea' id='block_1_85' title="bbox 1047 1923 1832 1960">
    <p class='ocr_par' dir='ltr' id='par_1_85' title="bbox 1047 1923 1832 1960">
     <span class='ocr_line' id='line_1_85' title="bbox 1047 1923 1832 1960; baseline -0.003 -8"><span class='ocrx_word' id='word_1_677' title='bbox 1047 1925 1183 1960; x_wconf 80' lang='grc' dir='ltr'>ρεύεσθαι.</span> <span class='ocrx_word' id='word_1_678' title='bbox 1200 1925 1231 1951; x_wconf 80' lang='lat' dir='ltr'><strong>Et</strong></span> <span class='ocrx_word' id='word_1_679' title='bbox 1243 1925 1297 1960; x_wconf 69' lang='grc' dir='ltr'><strong>γὰρ</strong></span> <span class='ocrx_word' id='word_1_680' title='bbox 1315 1924 1428 1958; x_wconf 71' lang='grc' dir='ltr'>ἔφασαν,</span> <span class='ocrx_word' id='word_1_681' title='bbox 1449 1923 1482 1951; x_wconf 92' lang='lat'><strong>&quot;0</strong></span> <span class='ocrx_word' id='word_1_682' title='bbox 1499 1924 1574 1959; x_wconf 80' lang='grc' dir='ltr'>παρὰ</span> <span class='ocrx_word' id='word_1_683' title='bbox 1595 1924 1641 1956; x_wconf 76' lang='grc' dir='ltr'><strong>τοῦ</strong></span> <span class='ocrx_word' id='word_1_684' title='bbox 1656 1925 1764 1958; x_wconf 77' lang='grc' dir='ltr'>Πατρδς</span> <span class='ocrx_word' id='word_1_685' title='bbox 1780 1925 1832 1950; x_wconf 73' lang='grc' dir='ltr'><strong>οὐκ</strong></span> 
     </span>
    </p>
   </div>
   <div class='ocr_carea' id='block_1_86' title="bbox 1046 1969 1832 2006">
    <p class='ocr_par' dir='ltr' id='par_1_86' title="bbox 1046 1969 1832 2006">
     <span class='ocr_line' id='line_1_86' title="bbox 1046 1969 1832 2006; baseline -0.001 -9"><span class='ocrx_word' id='word_1_686' title='bbox 1046 1972 1078 1998; x_wconf 78' lang='grc' dir='ltr'><strong>ἐκ</strong></span> <span class='ocrx_word' id='word_1_687' title='bbox 1094 1971 1141 1997; x_wconf 85' lang='grc' dir='ltr'><strong>τοῦ</strong></span> <span class='ocrx_word' id='word_1_688' title='bbox 1158 1971 1221 1997; x_wconf 84' lang='grc' dir='ltr'><strong>Υἱοῦ</strong></span> <span class='ocrx_word' id='word_1_689' title='bbox 1233 1978 1239 1985; x_wconf 86' lang='grc'><strong>·</strong></span> <span class='ocrx_word' id='word_1_690' title='bbox 1250 1971 1279 2006; x_wconf 82' lang='grc' dir='ltr'>ἢ,</span> <span class='ocrx_word' id='word_1_691' title='bbox 1295 1971 1344 1997; x_wconf 76' lang='grc' dir='ltr'><strong>Ἐκ</strong></span> <span class='ocrx_word' id='word_1_692' title='bbox 1363 1971 1444 2004; x_wconf 85' lang='grc' dir='ltr'>μόνου</span> <span class='ocrx_word' id='word_1_693' title='bbox 1460 1970 1505 1997; x_wconf 79' lang='grc' dir='ltr'><strong>τοῦ</strong></span> <span class='ocrx_word' id='word_1_694' title='bbox 1527 1971 1632 2006; x_wconf 72' lang='grc' dir='ltr'>Πατρδς</span> <span class='ocrx_word' id='word_1_695' title='bbox 1650 1970 1680 1997; x_wconf 73' lang='grc' dir='ltr'><strong>τὸ</strong></span> <span class='ocrx_word' id='word_1_696' title='bbox 1706 1969 1832 2004; x_wconf 81' lang='grc' dir='ltr'>Πνεῦμα,</span> 
     </span>
    </p>
   </div>
   <div class='ocr_carea' id='block_1_87' title="bbox 1047 2015 1833 2052">
    <p class='ocr_par' dir='ltr' id='par_1_87' title="bbox 1047 2015 1833 2052">
     <span class='ocr_line' id='line_1_87' title="bbox 1047 2015 1833 2052; baseline -0.001 -9"><span class='ocrx_word' id='word_1_697' title='bbox 1047 2017 1105 2052; x_wconf 78' lang='grc' dir='ltr'>οὐχὶ</span> <span class='ocrx_word' id='word_1_698' title='bbox 1121 2017 1149 2043; x_wconf 79' lang='grc' dir='ltr'><strong>δὲ</strong></span> <span class='ocrx_word' id='word_1_699' title='bbox 1164 2017 1211 2044; x_wconf 71' lang='grc' dir='ltr'><strong>καὶ</strong></span> <span class='ocrx_word' id='word_1_700' title='bbox 1233 2018 1264 2043; x_wconf 80' lang='grc' dir='ltr'><strong>ὲκ</strong></span> <span class='ocrx_word' id='word_1_701' title='bbox 1281 2016 1326 2043; x_wconf 70' lang='grc' dir='ltr'>τοῦ</span> <span class='ocrx_word' id='word_1_702' title='bbox 1345 2015 1430 2042; x_wconf 73' lang='grc' dir='ltr'><strong>Υἱοῦ·</strong></span> <span class='ocrx_word' id='word_1_703' title='bbox 1449 2016 1476 2051; x_wconf 80' lang='grc' dir='ltr'>ἢ,</span> <span class='ocrx_word' id='word_1_704' title='bbox 1499 2016 1527 2042; x_wconf 91' lang='lat'><strong>&#39;0</strong></span> <span class='ocrx_word' id='word_1_705' title='bbox 1552 2016 1645 2051; x_wconf 82' lang='grc' dir='ltr'>Πατὴρ</span> <span class='ocrx_word' id='word_1_706' title='bbox 1672 2016 1751 2051; x_wconf 82' lang='grc' dir='ltr'>μόνος</span> <span class='ocrx_word' id='word_1_707' title='bbox 1767 2023 1833 2050; x_wconf 82' lang='grc' dir='ltr'>προ-</span> 
     </span>
    </p>
   </div>
   <div class='ocr_carea' id='block_1_88' title="bbox 1048 2062 1833 2096">
    <p class='ocr_par' dir='ltr' id='par_1_88' title="bbox 1048 2062 1833 2096">
     <span class='ocr_line' id='line_1_88' title="bbox 1048 2062 1833 2096; baseline -0.001 -7"><span class='ocrx_word' id='word_1_708' title='bbox 1048 2063 1138 2090; x_wconf 74' lang='grc' dir='ltr'>ϐάλλει</span> <span class='ocrx_word' id='word_1_709' title='bbox 1152 2062 1182 2089; x_wconf 75' lang='grc' dir='ltr'><strong>τδ</strong></span> <span class='ocrx_word' id='word_1_710' title='bbox 1205 2062 1328 2096; x_wconf 84' lang='grc' dir='ltr'>Πνεῦμα,</span> <span class='ocrx_word' id='word_1_711' title='bbox 1344 2062 1374 2088; x_wconf 89' lang='grc' dir='ltr'><strong>ού</strong></span> <span class='ocrx_word' id='word_1_712' title='bbox 1395 2062 1448 2096; x_wconf 76' lang='grc' dir='ltr'>μὴν</span> <span class='ocrx_word' id='word_1_713' title='bbox 1473 2062 1501 2088; x_wconf 75' lang='grc' dir='ltr'><strong>δὲ</strong></span> <span class='ocrx_word' id='word_1_714' title='bbox 1520 2062 1569 2088; x_wconf 75' lang='grc' dir='ltr'><strong>καὶ</strong></span> <span class='ocrx_word' id='word_1_715' title='bbox 1587 2063 1601 2088; x_wconf 83' lang='grc' dir='ltr'><strong>ό</strong></span> <span class='ocrx_word' id='word_1_716' title='bbox 1621 2062 1695 2093; x_wconf 50' lang='grc' dir='ltr'>Υἱός,</span> <span class='ocrx_word' id='word_1_717' title='bbox 1711 2063 1757 2088; x_wconf 69' lang='grc' dir='ltr'>καὶ</span> <span class='ocrx_word' id='word_1_718' title='bbox 1775 2062 1833 2088; x_wconf 75' lang='grc' dir='ltr'>ἄλλ’</span> 
     </span>
    </p>
   </div>
   <div class='ocr_carea' id='block_1_89' title="bbox 1047 2105 1832 2143">
    <p class='ocr_par' dir='ltr' id='par_1_89' title="bbox 1047 2105 1832 2143">
     <span class='ocr_line' id='line_1_89' title="bbox 1047 2105 1832 2143; baseline -0.004 -8"><span class='ocrx_word' id='word_1_719' title='bbox 1047 2109 1139 2143; x_wconf 77' lang='grc' dir='ltr'>ὃμοια,</span> <span class='ocrx_word' id='word_1_720' title='bbox 1160 2105 1233 2141; x_wconf 72' lang='grc' dir='ltr'>εἶχες</span> <span class='ocrx_word' id='word_1_721' title='bbox 1259 2106 1292 2133; x_wconf 80' lang='grc' dir='ltr'>ἂν</span> <span class='ocrx_word' id='word_1_722' title='bbox 1317 2106 1396 2132; x_wconf 79' lang='grc' dir='ltr'>σκιὰν</span> <span class='ocrx_word' id='word_1_723' title='bbox 1411 2105 1512 2140; x_wconf 76' lang='grc' dir='ltr'>ἐρίζειν</span> <span class='ocrx_word' id='word_1_724' title='bbox 1536 2114 1566 2132; x_wconf 84' lang='grc' dir='ltr'>τε</span> <span class='ocrx_word' id='word_1_725' title='bbox 1588 2106 1635 2132; x_wconf 76' lang='grc' dir='ltr'>καὶ</span> <span class='ocrx_word' id='word_1_726' title='bbox 1660 2107 1832 2139; x_wconf 72' lang='grc' dir='ltr'>φιλονεικεῖν.</span> 
     </span>
    </p>
   </div>
   <div class='ocr_carea' id='block_1_90' title="bbox 1054 2150 1835 2188">
    <p class='ocr_par' dir='ltr' id='par_1_90' title="bbox 1054 2150 1835 2188">
     <span class='ocr_line' id='line_1_90' title="bbox 1054 2150 1835 2188; baseline -0.004 -8"><span class='ocrx_word' id='word_1_727' title='bbox 1054 2154 1123 2181; x_wconf 69' lang='grc' dir='ltr'>Ἀλλ’</span> <span class='ocrx_word' id='word_1_728' title='bbox 1137 2154 1196 2180; x_wconf 76' lang='grc' dir='ltr'><strong>οὐδὲ</strong></span> <span class='ocrx_word' id='word_1_729' title='bbox 1213 2155 1236 2179; x_wconf 80' lang='grc' dir='ltr'>εἰ</span> <span class='ocrx_word' id='word_1_730' title='bbox 1254 2153 1287 2180; x_wconf 79' lang='grc' dir='ltr'><strong>ἐκ</strong></span> <span class='ocrx_word' id='word_1_731' title='bbox 1309 2153 1389 2188; x_wconf 87' lang='grc' dir='ltr'>μόνου</span> <span class='ocrx_word' id='word_1_732' title='bbox 1405 2151 1453 2178; x_wconf 82' lang='grc' dir='ltr'><strong>τοῦ</strong></span> <span class='ocrx_word' id='word_1_733' title='bbox 1469 2151 1574 2186; x_wconf 66' lang='grc' dir='ltr'>Πατρδς</span> <span class='ocrx_word' id='word_1_734' title='bbox 1590 2152 1694 2186; x_wconf 71' lang='grc' dir='ltr'>ελεγον,</span> <span class='ocrx_word' id='word_1_735' title='bbox 1705 2150 1738 2186; x_wconf 83' lang='grc' dir='ltr'>ἦν</span> <span class='ocrx_word' id='word_1_736' title='bbox 1753 2152 1835 2178; x_wconf 73' lang='grc' dir='ltr'>ἱκανὰ</span> 
     </span>
    </p>
   </div>
   <div class='ocr_carea' id='block_1_91' title="bbox 1049 2198 1837 2235">
    <p class='ocr_par' dir='ltr' id='par_1_91' title="bbox 1049 2198 1837 2235">
     <span class='ocr_line' id='line_1_91' title="bbox 1049 2198 1837 2235; baseline -0.005 -8"><span class='ocrx_word' id='word_1_737' title='bbox 1049 2201 1116 2234; x_wconf 69' lang='grc' dir='ltr'>πρὸς</span> <span class='ocrx_word' id='word_1_738' title='bbox 1130 2200 1144 2226; x_wconf 77' lang='grc' dir='ltr'>ὃ</span> <span class='ocrx_word' id='word_1_739' title='bbox 1163 2200 1194 2226; x_wconf 83' lang='grc' dir='ltr'><strong>σὺ</strong></span> <span class='ocrx_word' id='word_1_740' title='bbox 1211 2199 1302 2235; x_wconf 82' lang='grc' dir='ltr'>βούλει</span> <span class='ocrx_word' id='word_1_741' title='bbox 1315 2206 1321 2213; x_wconf 71' lang='grc'><strong><em>⁸</em></strong></span> <span class='ocrx_word' id='word_1_742' title='bbox 1342 2199 1460 2233; x_wconf 76' lang='grc' dir='ltr'>πάρεστι</span> <span class='ocrx_word' id='word_1_743' title='bbox 1475 2199 1528 2233; x_wconf 84' lang='grc' dir='ltr'>γὰρ</span> <span class='ocrx_word' id='word_1_744' title='bbox 1548 2198 1650 2225; x_wconf 81' lang='grc' dir='ltr'>εἰδέναι</span> <span class='ocrx_word' id='word_1_745' title='bbox 1672 2198 1731 2225; x_wconf 59' lang='lat' dir='ltr'><strong>xa‘t&#39;</strong></span> <span class='ocrx_word' id='word_1_746' title='bbox 1743 2199 1772 2231; x_wconf 75' lang='grc' dir='ltr'>ἐξ</span> <span class='ocrx_word' id='word_1_747' title='bbox 1789 2198 1837 2225; x_wconf 82' lang='grc' dir='ltr'><strong>ἄλ-</strong></span> 
     </span>
    </p>
   </div>
   <div class='ocr_carea' id='block_1_92' title="bbox 215 2243 988 2282">
    <p class='ocr_par' dir='ltr' id='par_1_92' title="bbox 215 2246 988 2282">
     <span class='ocr_line' id='line_1_92' title="bbox 215 2246 988 2282; baseline 0 -10"><span class='ocrx_word' id='word_1_748' title='bbox 215 2247 260 2272; x_wconf 75' lang='lat' dir='ltr'><strong>sed</strong></span> <span class='ocrx_word' id='word_1_749' title='bbox 286 2246 343 2280; x_wconf 69' lang='lat' dir='ltr'><strong>eius</strong></span> <span class='ocrx_word' id='word_1_750' title='bbox 365 2246 410 2280; x_wconf 82' lang='lat' dir='ltr'><strong>qui</strong></span> <span class='ocrx_word' id='word_1_751' title='bbox 433 2246 503 2272; x_wconf 77' lang='lat' dir='ltr'><strong>misit</strong></span> <span class='ocrx_word' id='word_1_752' title='bbox 526 2254 565 2272; x_wconf 89' lang='lat' dir='ltr'><strong>me</strong></span> <span class='ocrx_word' id='word_1_753' title='bbox 584 2246 605 2272; x_wconf 87' lang='lat'><strong>’.</strong></span> <span class='ocrx_word' id='word_1_754' title='bbox 627 2246 656 2272; x_wconf 92' lang='lat' dir='ltr'><strong>ln</strong></span> <span class='ocrx_word' id='word_1_755' title='bbox 673 2246 715 2273; x_wconf 88' lang='lat' dir='ltr'><strong>his</strong></span> <span class='ocrx_word' id='word_1_756' title='bbox 731 2247 874 2281; x_wconf 87' lang='lat' dir='ltr'><strong>perspicue</strong></span> <span class='ocrx_word' id='word_1_757' title='bbox 889 2248 988 2282; x_wconf 70' lang='lat' dir='ltr'><strong>negavit</strong></span> 
     </span>
    </p>
   </div>
   <div class='ocr_carea' id='block_1_93' title="bbox 1040 2243 1836 2282">
    <p class='ocr_par' dir='ltr' id='par_1_93' title="bbox 1047 2244 1836 2280">
     <span class='ocr_line' id='line_1_93' title="bbox 1047 2244 1836 2280; baseline -0.003 -7"><span class='ocrx_word' id='word_1_758' title='bbox 1047 2247 1101 2273; x_wconf 80' lang='grc' dir='ltr'><strong>λων</strong></span> <span class='ocrx_word' id='word_1_759' title='bbox 1128 2245 1315 2280; x_wconf 71' lang='grc' dir='ltr'>εὐαγγελικῶν</span> <span class='ocrx_word' id='word_1_760' title='bbox 1341 2245 1437 2279; x_wconf 80' lang='grc' dir='ltr'>φωνῶν</span> <span class='ocrx_word' id='word_1_761' title='bbox 1461 2244 1541 2271; x_wconf 81' lang='grc' dir='ltr'>τοῦτο</span> <span class='ocrx_word' id='word_1_762' title='bbox 1566 2245 1643 2272; x_wconf 80' lang='grc' dir='ltr'>αὑτό.</span> <span class='ocrx_word' id='word_1_763' title='bbox 1661 2245 1729 2278; x_wconf 76' lang='grc' dir='ltr'><strong>Φησὶ</strong></span> <span class='ocrx_word' id='word_1_764' title='bbox 1751 2245 1806 2279; x_wconf 75' lang='grc' dir='ltr'><strong>γὰρ</strong></span> <span class='ocrx_word' id='word_1_765' title='bbox 1822 2246 1836 2271; x_wconf 75' lang='grc' dir='ltr'><strong>ό</strong></span> 
     </span>
    </p>
   </div>
   <div class='ocr_carea' id='block_1_94' title="bbox 216 2291 999 2325">
    <p class='ocr_par' dir='ltr' id='par_1_94' title="bbox 216 2291 999 2325">
     <span class='ocr_line' id='line_1_94' title="bbox 216 2291 999 2325; baseline 0.003 -6"><span class='ocrx_word' id='word_1_766' title='bbox 216 2291 302 2319; x_wconf 83' lang='lat' dir='ltr'><strong>Filius</strong></span> <span class='ocrx_word' id='word_1_767' title='bbox 326 2299 356 2318; x_wconf 83' lang='lat' dir='ltr'><strong>se</strong></span> <span class='ocrx_word' id='word_1_768' title='bbox 383 2291 463 2323; x_wconf 80' lang='lat' dir='ltr'><strong>scire,</strong></span> <span class='ocrx_word' id='word_1_769' title='bbox 492 2292 539 2318; x_wconf 79' lang='lat' dir='ltr'><strong>sed</strong></span> <span class='ocrx_word' id='word_1_770' title='bbox 562 2300 645 2318; x_wconf 88' lang='lat' dir='ltr'><strong>unum</strong></span> <span class='ocrx_word' id='word_1_771' title='bbox 672 2292 742 2320; x_wconf 85' lang='lat' dir='ltr'><strong>scire</strong></span> <span class='ocrx_word' id='word_1_772' title='bbox 764 2294 802 2320; x_wconf 84' lang='lat' dir='ltr'><strong>ait</strong></span> <span class='ocrx_word' id='word_1_773' title='bbox 829 2293 936 2320; x_wconf 87' lang='lat' dir='ltr'><strong>Patrem</strong></span> <span class='ocrx_word' id='word_1_774' title='bbox 952 2298 999 2325; x_wconf 74' lang='lat' dir='ltr'><strong>:ct</strong></span> 
     </span>
    </p>
   </div>
   <div class='ocr_carea' id='block_1_95' title="bbox 217 2339 998 2373">
    <p class='ocr_par' dir='ltr' id='par_1_95' title="bbox 217 2339 998 2373">
     <span class='ocr_line' id='line_1_95' title="bbox 217 2339 998 2373; baseline 0 -6"><span class='ocrx_word' id='word_1_775' title='bbox 217 2340 382 2372; x_wconf 83' lang='lat' dir='ltr'><strong>doctrinam,</strong></span> <span class='ocrx_word' id='word_1_776' title='bbox 400 2339 500 2372; x_wconf 87' lang='lat' dir='ltr'><strong>inquit,</strong></span> <span class='ocrx_word' id='word_1_777' title='bbox 522 2346 598 2365; x_wconf 78' lang='lat' dir='ltr'><strong>suam</strong></span> <span class='ocrx_word' id='word_1_778' title='bbox 623 2347 677 2366; x_wconf 91' lang='lat' dir='ltr'><strong>non</strong></span> <span class='ocrx_word' id='word_1_779' title='bbox 694 2346 756 2367; x_wconf 87' lang='lat' dir='ltr'><strong>esse</strong></span> <span class='ocrx_word' id='word_1_780' title='bbox 775 2347 864 2373; x_wconf 84' lang='lat' dir='ltr'><strong>suam,</strong></span> <span class='ocrx_word' id='word_1_781' title='bbox 881 2341 927 2367; x_wconf 88' lang='lat' dir='ltr'><strong>sed</strong></span> <span class='ocrx_word' id='word_1_782' title='bbox 945 2339 998 2367; x_wconf 59' lang='lat' dir='ltr'><strong>Pan</strong></span> 
     </span>
    </p>
   </div>
   <div class='ocr_carea' id='block_1_96' title="bbox 218 2385 999 2413">
    <p class='ocr_par' dir='ltr' id='par_1_96' title="bbox 218 2385 999 2413">
     <span class='ocr_line' id='line_1_96' title="bbox 218 2385 999 2413; baseline 0 -1"><span class='ocrx_word' id='word_1_783' title='bbox 218 2386 288 2413; x_wconf 92' lang='lat' dir='ltr'><strong>tris:</strong></span> <span class='ocrx_word' id='word_1_784' title='bbox 311 2391 430 2413; x_wconf 81' lang='lat' dir='ltr'><strong>attamen</strong></span> <span class='ocrx_word' id='word_1_785' title='bbox 452 2393 505 2412; x_wconf 91' lang='lat' dir='ltr'><strong>non</strong></span> <span class='ocrx_word' id='word_1_786' title='bbox 529 2390 600 2412; x_wconf 77' lang='lat' dir='ltr'><strong>recte</strong></span> <span class='ocrx_word' id='word_1_787' title='bbox 613 2391 640 2412; x_wconf 87' lang='lat' dir='ltr'><strong>et</strong></span> <span class='ocrx_word' id='word_1_788' title='bbox 663 2385 837 2412; x_wconf 85' lang='lat' dir='ltr'><strong>laudabiliter</strong></span> <span class='ocrx_word' id='word_1_789' title='bbox 862 2385 999 2413; x_wconf 85' lang='lat' dir='ltr'><strong>credimus</strong></span> 
     </span>
    </p>
   </div>
   <div class='ocr_carea' id='block_1_97' title="bbox 216 2430 1000 2468">
    <p class='ocr_par' dir='ltr' id='par_1_97' title="bbox 216 2430 1000 2468">
     <span class='ocr_line' id='line_1_97' title="bbox 216 2430 1000 2468; baseline -0.001 -9"><span class='ocrx_word' id='word_1_790' title='bbox 216 2432 328 2459; x_wconf 87' lang='lat' dir='ltr'><strong>omnino</strong></span> <span class='ocrx_word' id='word_1_791' title='bbox 350 2432 522 2468; x_wconf 87' lang='lat' dir='ltr'><strong>oppositum,</strong></span> <span class='ocrx_word' id='word_1_792' title='bbox 549 2430 722 2466; x_wconf 73' lang='lat' dir='ltr'><strong>diuituusque</strong></span> <span class='ocrx_word' id='word_1_793' title='bbox 745 2436 836 2458; x_wconf 85' lang='lat' dir='ltr'><strong>notam</strong></span> <span class='ocrx_word' id='word_1_794' title='bbox 863 2431 914 2466; x_wconf 86' lang='lat' dir='ltr'><strong>ipsi</strong></span> <span class='ocrx_word' id='word_1_795' title='bbox 938 2439 1000 2458; x_wconf 87' lang='lat' dir='ltr'><strong>esse</strong></span> 
     </span>
    </p>
   </div>
   <div class='ocr_carea' id='block_1_98' title="bbox 217 2476 998 2512">
    <p class='ocr_par' dir='ltr' id='par_1_98' title="bbox 217 2476 998 2512">
     <span class='ocr_line' id='line_1_98' title="bbox 217 2476 998 2512; baseline -0.001 -8"><span class='ocrx_word' id='word_1_796' title='bbox 217 2479 287 2506; x_wconf 88' lang='lat' dir='ltr'><strong>diem</strong></span> <span class='ocrx_word' id='word_1_797' title='bbox 304 2478 377 2505; x_wconf 82' lang='lat' dir='ltr'><strong>illaut</strong></span> <span class='ocrx_word' id='word_1_798' title='bbox 397 2483 425 2505; x_wconf 78' lang='lat' dir='ltr'><strong>et.</strong></span> <span class='ocrx_word' id='word_1_799' title='bbox 444 2478 539 2505; x_wconf 83' lang='lat' dir='ltr'><strong>horam</strong></span> <span class='ocrx_word' id='word_1_800' title='bbox 561 2485 637 2512; x_wconf 65' lang='lat' dir='ltr'><strong>atque</strong></span> <span class='ocrx_word' id='word_1_801' title='bbox 651 2485 682 2504; x_wconf 85' lang='lat' dir='ltr'><strong>ac</strong></span> <span class='ocrx_word' id='word_1_802' title='bbox 698 2477 786 2510; x_wconf 79' lang='lat' dir='ltr'><strong>Patri;</strong></span> <span class='ocrx_word' id='word_1_803' title='bbox 801 2482 828 2504; x_wconf 89' lang='lat' dir='ltr'><strong>et</strong></span> <span class='ocrx_word' id='word_1_804' title='bbox 843 2476 998 2504; x_wconf 85' lang='lat' dir='ltr'><strong>doctrinam</strong></span> 
     </span>
    </p>
   </div>
   <div class='ocr_carea' id='block_1_99' title="bbox 213 2524 1001 2559">
    <p class='ocr_par' dir='ltr' id='par_1_99' title="bbox 213 2524 1001 2559">
     <span class='ocr_line' id='line_1_99' title="bbox 213 2524 1001 2559; baseline -0.003 -8"><span class='ocrx_word' id='word_1_805' title='bbox 213 2525 305 2559; x_wconf 86' lang='lat' dir='ltr'><strong>.ipsius</strong></span> <span class='ocrx_word' id='word_1_806' title='bbox 325 2533 386 2552; x_wconf 84' lang='lat' dir='ltr'><strong>esse</strong></span> <span class='ocrx_word' id='word_1_807' title='bbox 404 2532 607 2557; x_wconf 26' lang='lat' dir='ltr'><strong>asseveramus‘.</strong></span> <span class='ocrx_word' id='word_1_808' title='bbox 626 2524 654 2551; x_wconf 89' lang='lat' dir='ltr'><strong>Si</strong></span> <span class='ocrx_word' id='word_1_809' title='bbox 682 2532 748 2559; x_wconf 76' lang='lat' dir='ltr'><strong>ergo</strong></span> <span class='ocrx_word' id='word_1_810' title='bbox 766 2531 816 2550; x_wconf 90' lang='lat' dir='ltr'><strong>nos</strong></span> <span class='ocrx_word' id='word_1_811' title='bbox 828 2531 923 2550; x_wconf 79' lang='lat' dir='ltr'><strong>eorum</strong></span> <span class='ocrx_word' id='word_1_812' title='bbox 941 2530 1001 2558; x_wconf 71' lang='lat' dir='ltr'><strong>quae</strong></span> 
     </span>
    </p>
   </div>
   <div class='ocr_carea' id='block_1_100' title="bbox 219 2569 1002 2605">
    <p class='ocr_par' dir='ltr' id='par_1_100' title="bbox 219 2569 1002 2605">
     <span class='ocr_line' id='line_1_100' title="bbox 219 2569 1002 2605; baseline -0.001 -8"><span class='ocrx_word' id='word_1_813' title='bbox 219 2571 265 2598; x_wconf 86' lang='lat' dir='ltr'><strong>ille</strong></span> <span class='ocrx_word' id='word_1_814' title='bbox 293 2571 437 2598; x_wconf 75' lang='lat' dir='ltr'><strong>manifeste</strong></span> <span class='ocrx_word' id='word_1_815' title='bbox 455 2571 561 2605; x_wconf 72' lang='lat' dir='ltr'><strong>negavit</strong></span> <span class='ocrx_word' id='word_1_816' title='bbox 583 2571 722 2598; x_wconf 85' lang='lat' dir='ltr'><strong>contraria</strong></span> <span class='ocrx_word' id='word_1_817' title='bbox 741 2569 881 2597; x_wconf 78' lang='lat' dir='ltr'><strong>credimus</strong></span> <span class='ocrx_word' id='word_1_818' title='bbox 901 2569 937 2604; x_wconf 91' lang='lat' dir='ltr'><strong>(I)</strong></span> <span class='ocrx_word' id='word_1_819' title='bbox 950 2589 957 2602; x_wconf 89' lang='lat'><strong>,</strong></span> <span class='ocrx_word' id='word_1_820' title='bbox 974 2574 1002 2597; x_wconf 84' lang='lat' dir='ltr'><strong>et</strong></span> 
     </span>
    </p>
   </div>
   <div class='ocr_carea' id='block_1_101' title="bbox 219 2615 1000 2650">
    <p class='ocr_par' dir='ltr' id='par_1_101' title="bbox 219 2615 1000 2650">
     <span class='ocr_line' id='line_1_101' title="bbox 219 2615 1000 2650; baseline -0.003 -6"><span class='ocrx_word' id='word_1_821' title='bbox 219 2620 292 2644; x_wconf 77' lang='lat' dir='ltr'><strong>recta</strong></span> <span class='ocrx_word' id='word_1_822' title='bbox 307 2616 359 2644; x_wconf 82' lang='lat' dir='ltr'><strong>ﬁde</strong></span> <span class='ocrx_word' id='word_1_823' title='bbox 377 2621 510 2649; x_wconf 85' lang='lat' dir='ltr'><strong>tenemus,</strong></span> <span class='ocrx_word' id='word_1_824' title='bbox 529 2625 577 2644; x_wconf 87' lang='lat' dir='ltr'><strong>cur</strong></span> <span class='ocrx_word' id='word_1_825' title='bbox 590 2617 645 2650; x_wconf 82' lang='lat' dir='ltr'><strong>hic,</strong></span> <span class='ocrx_word' id='word_1_826' title='bbox 658 2617 702 2644; x_wconf 91' lang='lat' dir='ltr'><strong>ubi</strong></span> <span class='ocrx_word' id='word_1_827' title='bbox 714 2615 816 2643; x_wconf 80' lang='lat' dir='ltr'><strong>nullam</strong></span> <span class='ocrx_word' id='word_1_828' title='bbox 830 2615 1000 2650; x_wconf 77' lang='lat' dir='ltr'><strong>negationem</strong></span> 
     </span>
    </p>
   </div>
   <div class='ocr_carea' id='block_1_102' title="bbox 220 2661 1001 2697">
    <p class='ocr_par' dir='ltr' id='par_1_102' title="bbox 220 2661 1001 2697">
     <span class='ocr_line' id='line_1_102' title="bbox 220 2661 1001 2697; baseline 0 -9"><span class='ocrx_word' id='word_1_829' title='bbox 220 2662 356 2697; x_wconf 74' lang='grc' dir='ltr'>ιιρνοειιίῑ,</span> <span class='ocrx_word' id='word_1_830' title='bbox 383 2671 436 2689; x_wconf 91' lang='lat' dir='ltr'><strong>non</strong></span> <span class='ocrx_word' id='word_1_831' title='bbox 460 2664 603 2690; x_wconf 87' lang='lat' dir='ltr'><strong>credamus</strong></span> <span class='ocrx_word' id='word_1_832' title='bbox 628 2671 658 2690; x_wconf 79' lang='lat' dir='ltr'><strong>ex</strong></span> <span class='ocrx_word' id='word_1_833' title='bbox 686 2669 746 2696; x_wconf 83' lang='lat' dir='ltr'><strong>Ipso</strong></span> <span class='ocrx_word' id='word_1_834' title='bbox 764 2663 845 2688; x_wconf 86' lang='lat' dir='ltr'><strong>etiam</strong></span> <span class='ocrx_word' id='word_1_835' title='bbox 860 2669 920 2688; x_wconf 83' lang='lat' dir='ltr'><strong>esse</strong></span> <span class='ocrx_word' id='word_1_836' title='bbox 938 2661 1001 2696; x_wconf 71' lang='lat' dir='ltr'><strong>Spi~</strong></span> 
     </span>
    </p>
   </div>
   <div class='ocr_carea' id='block_1_103' title="bbox 221 2707 1004 2744">
    <p class='ocr_par' dir='ltr' id='par_1_103' title="bbox 221 2707 1004 2744">
     <span class='ocr_line' id='line_1_103' title="bbox 221 2707 1004 2744; baseline -0.003 -8"><span class='ocrx_word' id='word_1_837' title='bbox 221 2710 302 2736; x_wconf 80' lang='lat' dir='ltr'><strong>ritum</strong></span> <span class='ocrx_word' id='word_1_838' title='bbox 324 2713 450 2736; x_wconf 82' lang='lat' dir='ltr'><strong>sanctum</strong></span> <span class='ocrx_word' id='word_1_839' title='bbox 464 2727 472 2741; x_wconf 83' lang='lat'><strong>,</strong></span> <span class='ocrx_word' id='word_1_840' title='bbox 490 2709 602 2744; x_wconf 85' lang='lat' dir='ltr'><strong>quando</strong></span> <span class='ocrx_word' id='word_1_841' title='bbox 619 2709 671 2735; x_wconf 75' lang='lat' dir='ltr'><strong>huc</strong></span> <span class='ocrx_word' id='word_1_842' title='bbox 689 2710 777 2743; x_wconf 79' lang='lat' dir='ltr'><strong>ipsum</strong></span> <span class='ocrx_word' id='word_1_843' title='bbox 794 2715 843 2742; x_wconf 86' lang='lat' dir='ltr'><strong>per</strong></span> <span class='ocrx_word' id='word_1_844' title='bbox 860 2707 912 2734; x_wconf 83' lang='lat' dir='ltr'><strong>alia</strong></span> <span class='ocrx_word' id='word_1_845' title='bbox 931 2707 1004 2734; x_wconf 76' lang='lat' dir='ltr'><strong>satri</strong></span> 
     </span>
    </p>
   </div>
   <div class='ocr_carea' id='block_1_104' title="bbox 1048 2291 1837 2328">
    <p class='ocr_par' dir='ltr' id='par_1_104' title="bbox 1048 2291 1837 2328">
     <span class='ocr_line' id='line_1_104' title="bbox 1048 2291 1837 2328; baseline 0 -10"><span class='ocrx_word' id='word_1_846' title='bbox 1048 2294 1144 2328; x_wconf 83' lang='grc' dir='ltr'>Σωτήρ</span> <span class='ocrx_word' id='word_1_847' title='bbox 1156 2301 1162 2308; x_wconf 86' lang='grc'><strong>·</strong></span> <span class='ocrx_word' id='word_1_848' title='bbox 1183 2293 1252 2327; x_wconf 77' lang='grc' dir='ltr'>Περὶ</span> <span class='ocrx_word' id='word_1_849' title='bbox 1276 2292 1331 2326; x_wconf 81' lang='grc' dir='ltr'><strong>τῆς</strong></span> <span class='ocrx_word' id='word_1_850' title='bbox 1359 2291 1471 2326; x_wconf 72' lang='grc' dir='ltr'>ἡμέρας</span> <span class='ocrx_word' id='word_1_851' title='bbox 1485 2291 1606 2324; x_wconf 76' lang='grc' dir='ltr'>ἐκείνης</span> <span class='ocrx_word' id='word_1_852' title='bbox 1626 2291 1674 2318; x_wconf 76' lang='grc' dir='ltr'><strong>καὶ</strong></span> <span class='ocrx_word' id='word_1_853' title='bbox 1693 2291 1770 2325; x_wconf 74' lang='grc' dir='ltr'>ὥρας</span> <span class='ocrx_word' id='word_1_854' title='bbox 1786 2293 1837 2318; x_wconf 57' lang='lat' dir='ltr'><strong>air</strong></span> 
     </span>
    </p>
   </div>
   <div class='ocr_carea' id='block_1_105' title="bbox 1048 2337 1838 2373">
    <p class='ocr_par' dir='ltr' id='par_1_105' title="bbox 1048 2337 1838 2373">
     <span class='ocr_line' id='line_1_105' title="bbox 1048 2337 1838 2373; baseline -0.003 -7"><span class='ocrx_word' id='word_1_855' title='bbox 1048 2339 1111 2373; x_wconf 81' lang='grc' dir='ltr'>δεὶς</span> <span class='ocrx_word' id='word_1_856' title='bbox 1127 2337 1218 2372; x_wconf 74' lang='grc' dir='ltr'>οἶδεν,</span> <span class='ocrx_word' id='word_1_857' title='bbox 1234 2338 1306 2366; x_wconf 79' lang='grc' dir='ltr'><strong>οὐδὲ</strong></span> <span class='ocrx_word' id='word_1_858' title='bbox 1329 2340 1355 2365; x_wconf 81' lang='grc' dir='ltr'><strong>οι</strong></span> <span class='ocrx_word' id='word_1_859' title='bbox 1374 2338 1497 2372; x_wconf 71' lang='grc' dir='ltr'>ἄγγελοι</span> <span class='ocrx_word' id='word_1_860' title='bbox 1515 2340 1543 2365; x_wconf 76' lang='grc' dir='ltr'>οἱ</span> <span class='ocrx_word' id='word_1_861' title='bbox 1565 2339 1601 2364; x_wconf 80' lang='grc' dir='ltr'>ἐν</span> <span class='ocrx_word' id='word_1_862' title='bbox 1616 2339 1745 2371; x_wconf 73' lang='grc' dir='ltr'>οὐρανῷ,</span> <span class='ocrx_word' id='word_1_863' title='bbox 1763 2338 1838 2365; x_wconf 82' lang='grc' dir='ltr'><strong>οὐδὲ</strong></span> 
     </span>
    </p>
   </div>
   <div class='ocr_carea' id='block_1_106' title="bbox 1049 2383 1839 2420">
    <p class='ocr_par' dir='ltr' id='par_1_106' title="bbox 1049 2383 1839 2420">
     <span class='ocr_line' id='line_1_106' title="bbox 1049 2383 1839 2420; baseline -0.003 -7"><span class='ocrx_word' id='word_1_864' title='bbox 1049 2388 1065 2414; x_wconf 86' lang='grc' dir='ltr'><strong>ό</strong></span> <span class='ocrx_word' id='word_1_865' title='bbox 1080 2386 1156 2418; x_wconf 78' lang='grc' dir='ltr'><em>Υἱὸς,</em></span> <span class='ocrx_word' id='word_1_866' title='bbox 1174 2386 1200 2413; x_wconf 81' lang='grc' dir='ltr'>εὶ</span> <span class='ocrx_word' id='word_1_867' title='bbox 1215 2385 1258 2420; x_wconf 80' lang='grc' dir='ltr'>μὴ</span> <span class='ocrx_word' id='word_1_868' title='bbox 1274 2387 1288 2412; x_wconf 77' lang='grc' dir='ltr'><em>ὁ</em></span> <span class='ocrx_word' id='word_1_869' title='bbox 1305 2385 1405 2419; x_wconf 75' lang='grc' dir='ltr'>Πατήρ</span> <span class='ocrx_word' id='word_1_870' title='bbox 1419 2394 1479 2419; x_wconf 81' lang='grc' dir='ltr'><strong>μου</strong></span> <span class='ocrx_word' id='word_1_871' title='bbox 1493 2385 1598 2419; x_wconf 77' lang='grc' dir='ltr'>μόνος,</span> <span class='ocrx_word' id='word_1_872' title='bbox 1622 2384 1675 2411; x_wconf 76' lang='grc' dir='ltr'><strong>Καὶ</strong></span> <span class='ocrx_word' id='word_1_873' title='bbox 1691 2383 1783 2415; x_wconf 80' lang='grc' dir='ltr'>αὖθις·</span> <span class='ocrx_word' id='word_1_874' title='bbox 1805 2385 1839 2411; x_wconf 87' lang='grc'><strong>’11</strong></span> 
     </span>
    </p>
   </div>
   <div class='ocr_carea' id='block_1_107' title="bbox 1048 2431 1840 2466">
    <p class='ocr_par' dir='ltr' id='par_1_107' title="bbox 1048 2431 1840 2466">
     <span class='ocr_line' id='line_1_107' title="bbox 1048 2431 1840 2466; baseline -0.004 -7"><span class='ocrx_word' id='word_1_875' title='bbox 1048 2432 1104 2466; x_wconf 80' lang='grc' dir='ltr'><strong>ἐμὴ</strong></span> <span class='ocrx_word' id='word_1_876' title='bbox 1122 2431 1231 2465; x_wconf 82' lang='grc' dir='ltr'><strong>διδαχὴ</strong></span> <span class='ocrx_word' id='word_1_877' title='bbox 1249 2432 1305 2458; x_wconf 78' lang='grc' dir='ltr'><strong>οὐκ</strong></span> <span class='ocrx_word' id='word_1_878' title='bbox 1316 2431 1402 2457; x_wconf 77' lang='grc' dir='ltr'>ἐστιν</span> <span class='ocrx_word' id='word_1_879' title='bbox 1415 2431 1484 2465; x_wconf 78' lang='grc' dir='ltr'>ἐμὴ,</span> <span class='ocrx_word' id='word_1_880' title='bbox 1497 2431 1578 2457; x_wconf 72' lang='grc' dir='ltr'>ἀλλὰ</span> <span class='ocrx_word' id='word_1_881' title='bbox 1594 2431 1646 2457; x_wconf 82' lang='grc' dir='ltr'><strong>τοῦ</strong></span> <span class='ocrx_word' id='word_1_882' title='bbox 1661 2431 1840 2464; x_wconf 72' lang='grc' dir='ltr'>πέμψαντός</span> 
     </span>
    </p>
   </div>
   <div class='ocr_carea' id='block_1_108' title="bbox 1051 2476 1840 2513">
    <p class='ocr_par' dir='ltr' id='par_1_108' title="bbox 1051 2476 1840 2513">
     <span class='ocr_line' id='line_1_108' title="bbox 1051 2476 1840 2513; baseline -0.003 -9"><span class='ocrx_word' id='word_1_883' title='bbox 1051 2487 1100 2513; x_wconf 79' lang='grc' dir='ltr'><strong>με.</strong></span> <span class='ocrx_word' id='word_1_884' title='bbox 1119 2478 1164 2504; x_wconf 81' lang='grc' dir='ltr'>Ἐν</span> <span class='ocrx_word' id='word_1_885' title='bbox 1184 2477 1291 2508; x_wconf 77' lang='grc' dir='ltr'>τούτοις</span> <span class='ocrx_word' id='word_1_886' title='bbox 1315 2476 1362 2503; x_wconf 83' lang='grc' dir='ltr'>οὖν</span> <span class='ocrx_word' id='word_1_887' title='bbox 1387 2476 1482 2510; x_wconf 72' lang='grc' dir='ltr'>σαφῶς</span> <span class='ocrx_word' id='word_1_888' title='bbox 1512 2477 1561 2511; x_wconf 72' lang='grc' dir='ltr'>μὲν</span> <span class='ocrx_word' id='word_1_889' title='bbox 1586 2477 1776 2511; x_wconf 81' lang='grc' dir='ltr'>ἀπηρνήσσιτο,</span> <span class='ocrx_word' id='word_1_890' title='bbox 1797 2477 1840 2503; x_wconf 73' lang='grc' dir='ltr'>ὅτι</span> 
     </span>
    </p>
   </div>
   <div class='ocr_carea' id='block_1_109' title="bbox 1053 2521 1841 2557">
    <p class='ocr_par' dir='ltr' id='par_1_109' title="bbox 1053 2521 1841 2557">
     <span class='ocr_line' id='line_1_109' title="bbox 1053 2521 1841 2557; baseline -0.003 -7"><span class='ocrx_word' id='word_1_891' title='bbox 1053 2524 1104 2550; x_wconf 78' lang='grc' dir='ltr'><strong>οὐκ</strong></span> <span class='ocrx_word' id='word_1_892' title='bbox 1116 2521 1186 2549; x_wconf 77' lang='grc' dir='ltr'>οἶδεν</span> <span class='ocrx_word' id='word_1_893' title='bbox 1201 2522 1281 2553; x_wconf 74' lang='grc' dir='ltr'>αὐτὸς</span> <span class='ocrx_word' id='word_1_894' title='bbox 1295 2523 1309 2549; x_wconf 83' lang='grc' dir='ltr'>ὁ</span> <span class='ocrx_word' id='word_1_895' title='bbox 1326 2522 1401 2553; x_wconf 80' lang='grc' dir='ltr'>Υἱὸς,</span> <span class='ocrx_word' id='word_1_896' title='bbox 1418 2522 1442 2547; x_wconf 75' lang='grc' dir='ltr'>εἰ</span> <span class='ocrx_word' id='word_1_897' title='bbox 1463 2521 1501 2557; x_wconf 81' lang='grc' dir='ltr'>μὴ</span> <span class='ocrx_word' id='word_1_898' title='bbox 1523 2522 1602 2556; x_wconf 83' lang='grc' dir='ltr'>μόνος</span> <span class='ocrx_word' id='word_1_899' title='bbox 1625 2523 1640 2548; x_wconf 84' lang='grc' dir='ltr'><strong>ὁ</strong></span> <span class='ocrx_word' id='word_1_900' title='bbox 1658 2522 1754 2556; x_wconf 80' lang='grc' dir='ltr'>ΙΙατήρ</span> <span class='ocrx_word' id='word_1_901' title='bbox 1768 2530 1774 2538; x_wconf 92' lang='grc'>·</span> <span class='ocrx_word' id='word_1_902' title='bbox 1793 2523 1841 2548; x_wconf 74' lang='grc' dir='ltr'>καὶ</span> 
     </span>
    </p>
   </div>
   <div class='ocr_carea' id='block_1_110' title="bbox 1054 2567 1841 2603">
    <p class='ocr_par' dir='ltr' id='par_1_110' title="bbox 1054 2567 1841 2603">
     <span class='ocr_line' id='line_1_110' title="bbox 1054 2567 1841 2603; baseline 0.001 -9"><span class='ocrx_word' id='word_1_903' title='bbox 1054 2570 1070 2603; x_wconf 81' lang='grc' dir='ltr'>ἡ</span> <span class='ocrx_word' id='word_1_904' title='bbox 1087 2568 1180 2603; x_wconf 81' lang='grc' dir='ltr'>διδαχὴ</span> <span class='ocrx_word' id='word_1_905' title='bbox 1195 2567 1277 2595; x_wconf 68' lang='grc' dir='ltr'><strong>αὖτοῦ</strong></span> <span class='ocrx_word' id='word_1_906' title='bbox 1293 2568 1344 2594; x_wconf 73' lang='grc' dir='ltr'><strong>οὐκ</strong></span> <span class='ocrx_word' id='word_1_907' title='bbox 1357 2567 1433 2594; x_wconf 73' lang='grc' dir='ltr'>ἔστιν</span> <span class='ocrx_word' id='word_1_908' title='bbox 1452 2567 1549 2599; x_wconf 83' lang='grc' dir='ltr'>αὐτοῦ,</span> <span class='ocrx_word' id='word_1_909' title='bbox 1566 2568 1634 2594; x_wconf 69' lang='grc' dir='ltr'>ἀλλὰ</span> <span class='ocrx_word' id='word_1_910' title='bbox 1657 2567 1704 2594; x_wconf 81' lang='grc' dir='ltr'><strong>τοῦ</strong></span> <span class='ocrx_word' id='word_1_911' title='bbox 1722 2569 1841 2603; x_wconf 80' lang='grc' dir='ltr'>Πατρός.</span> 
     </span>
    </p>
   </div>
   <div class='ocr_carea' id='block_1_111' title="bbox 1060 2613 1843 2649">
    <p class='ocr_par' dir='ltr' id='par_1_111' title="bbox 1060 2613 1843 2649">
     <span class='ocr_line' id='line_1_111' title="bbox 1060 2613 1843 2649; baseline 0.001 -9"><span class='ocrx_word' id='word_1_912' title='bbox 1060 2615 1157 2649; x_wconf 78' lang='grc' dir='ltr'>Ἡμεῖς</span> <span class='ocrx_word' id='word_1_913' title='bbox 1181 2615 1209 2641; x_wconf 81' lang='grc' dir='ltr'><strong>δὲ</strong></span> <span class='ocrx_word' id='word_1_914' title='bbox 1234 2613 1324 2645; x_wconf 80' lang='grc' dir='ltr'>καλῶς</span> <span class='ocrx_word' id='word_1_915' title='bbox 1349 2614 1397 2640; x_wconf 80' lang='grc' dir='ltr'><strong>καὶ</strong></span> <span class='ocrx_word' id='word_1_916' title='bbox 1421 2614 1574 2645; x_wconf 75' lang='grc' dir='ltr'>ὲπαινετῶς</span> <span class='ocrx_word' id='word_1_917' title='bbox 1594 2614 1759 2649; x_wconf 79' lang='grc' dir='ltr'>πιστεύομεν</span> <span class='ocrx_word' id='word_1_918' title='bbox 1786 2617 1843 2641; x_wconf 80' lang='grc' dir='ltr'><strong>πᾶν</strong></span> 
     </span>
    </p>
   </div>
   <div class='ocr_carea' id='block_1_112' title="bbox 1055 2659 1842 2696">
    <p class='ocr_par' dir='ltr' id='par_1_112' title="bbox 1055 2659 1842 2696">
     <span class='ocr_line' id='line_1_112' title="bbox 1055 2659 1842 2696; baseline 0.001 -10"><span class='ocrx_word' id='word_1_919' title='bbox 1055 2659 1222 2691; x_wconf 77' lang='grc' dir='ltr'>τούναντίον,</span> <span class='ocrx_word' id='word_1_920' title='bbox 1239 2660 1287 2686; x_wconf 75' lang='grc' dir='ltr'>καὶ</span> <span class='ocrx_word' id='word_1_921' title='bbox 1298 2659 1347 2695; x_wconf 81' lang='grc' dir='ltr'><strong>τὴν</strong></span> <span class='ocrx_word' id='word_1_922' title='bbox 1361 2660 1471 2694; x_wconf 78' lang='grc' dir='ltr'>ἡμέραν</span> <span class='ocrx_word' id='word_1_923' title='bbox 1491 2660 1600 2694; x_wconf 74' lang='grc' dir='ltr'>ἐκείνην</span> <span class='ocrx_word' id='word_1_924' title='bbox 1616 2661 1662 2686; x_wconf 67' lang='grc' dir='ltr'>καὶ</span> <span class='ocrx_word' id='word_1_925' title='bbox 1676 2660 1751 2696; x_wconf 67' lang='grc' dir='ltr'>ὥραν</span> <span class='ocrx_word' id='word_1_926' title='bbox 1772 2661 1842 2687; x_wconf 75' lang='grc' dir='ltr'>ειδέ-</span> 
     </span>
    </p>
   </div>
   <div class='ocr_carea' id='block_1_113' title="bbox 1058 2705 1844 2742">
    <p class='ocr_par' dir='ltr' id='par_1_113' title="bbox 1058 2705 1844 2742">
     <span class='ocr_line' id='line_1_113' title="bbox 1058 2705 1844 2742; baseline 0.001 -10"><span class='ocrx_word' id='word_1_927' title='bbox 1058 2715 1102 2732; x_wconf 87' lang='grc' dir='ltr'><strong>ναι</strong></span> <span class='ocrx_word' id='word_1_928' title='bbox 1118 2706 1198 2732; x_wconf 73' lang='grc' dir='ltr'>αὑτὸν</span> <span class='ocrx_word' id='word_1_929' title='bbox 1215 2705 1310 2741; x_wconf 79' lang='grc' dir='ltr'>ὥσπερ</span> <span class='ocrx_word' id='word_1_930' title='bbox 1326 2707 1373 2733; x_wconf 77' lang='grc' dir='ltr'><strong>καὶ</strong></span> <span class='ocrx_word' id='word_1_931' title='bbox 1396 2706 1442 2733; x_wconf 74' lang='grc' dir='ltr'><strong>τὸν</strong></span> <span class='ocrx_word' id='word_1_932' title='bbox 1459 2706 1568 2742; x_wconf 67' lang='grc' dir='ltr'>Πατέρα</span> <span class='ocrx_word' id='word_1_933' title='bbox 1581 2706 1708 2741; x_wconf 75' lang='grc' dir='ltr'>λέγομεν,</span> <span class='ocrx_word' id='word_1_934' title='bbox 1724 2708 1771 2734; x_wconf 66' lang='grc' dir='ltr'><strong>καὶ</strong></span> <span class='ocrx_word' id='word_1_935' title='bbox 1792 2707 1844 2742; x_wconf 74' lang='grc' dir='ltr'><strong>τὴν</strong></span> 
     </span>
    </p>
   </div>
   <div class='ocr_carea' id='block_1_114' title="bbox 259 2797 988 2832">
    <p class='ocr_par' dir='ltr' id='par_1_114' title="bbox 259 2798 988 2832">
     <span class='ocr_line' id='line_1_114' title="bbox 259 2798 988 2832; baseline -0.003 -5"><span class='ocrx_word' id='word_1_936' title='bbox 259 2801 269 2816; x_wconf 83' lang='grc'><strong><em>⁵</em></strong></span> <span class='ocrx_word' id='word_1_937' title='bbox 282 2801 359 2829; x_wconf 78' lang='lat' dir='ltr'><strong>.lnau.</strong></span> <span class='ocrx_word' id='word_1_938' title='bbox 373 2809 417 2832; x_wconf 79' lang='lat' dir='ltr'><strong>xv.</strong></span> <span class='ocrx_word' id='word_1_939' title='bbox 429 2800 474 2828; x_wconf 71' lang='lat'><strong>9.6.</strong></span> <span class='ocrx_word' id='word_1_940' title='bbox 514 2799 523 2815; x_wconf 78' lang='grc'>⁸</span> <span class='ocrx_word' id='word_1_941' title='bbox 541 2799 605 2826; x_wconf 85' lang='lat' dir='ltr'><strong>ibid.</strong></span> <span class='ocrx_word' id='word_1_942' title='bbox 645 2800 655 2814; x_wconf 90' lang='grc'><strong>⁷</strong></span> <span class='ocrx_word' id='word_1_943' title='bbox 670 2799 679 2826; x_wconf 87' lang='lat' dir='ltr'><strong>l</strong></span> <span class='ocrx_word' id='word_1_944' title='bbox 692 2799 754 2827; x_wconf 88' lang='lat' dir='ltr'><strong>Cor.</strong></span> <span class='ocrx_word' id='word_1_945' title='bbox 770 2808 799 2831; x_wconf 89' lang='grc' dir='ltr'>ιι.</span> <span class='ocrx_word' id='word_1_946' title='bbox 815 2800 854 2826; x_wconf 69' lang='grc'><strong>12.</strong></span> <span class='ocrx_word' id='word_1_947' title='bbox 894 2799 904 2814; x_wconf 82' lang='grc'><em>⁸</em></span> <span class='ocrx_word' id='word_1_948' title='bbox 923 2798 988 2825; x_wconf 81' lang='lat' dir='ltr'><strong>Matt</strong></span> 
     </span>
    </p>
   </div>
   <div class='ocr_carea' id='block_1_115' title="bbox 1040 2797 1434 2832">
    <p class='ocr_par' dir='ltr' id='par_1_115' title="bbox 1040 2797 1434 2830">
     <span class='ocr_line' id='line_1_115' title="bbox 1040 2797 1434 2830; baseline 0.008 -6"><span class='ocrx_word' id='word_1_949' title='bbox 1040 2806 1105 2830; x_wconf 80' lang='lat' dir='ltr'><strong>:xn&#39;,</strong></span> <span class='ocrx_word' id='word_1_950' title='bbox 1126 2797 1170 2825; x_wconf 79' lang='grc'><strong>56.</strong></span> <span class='ocrx_word' id='word_1_951' title='bbox 1209 2799 1220 2816; x_wconf 84' lang='lat'><strong><em>°</em></strong></span> <span class='ocrx_word' id='word_1_952' title='bbox 1235 2798 1314 2827; x_wconf 85' lang='lat' dir='ltr'><strong>Joan.</strong></span> <span class='ocrx_word' id='word_1_953' title='bbox 1331 2806 1378 2830; x_wconf 87' lang='lat' dir='ltr'><strong>vn,</strong></span> <span class='ocrx_word' id='word_1_954' title='bbox 1393 2799 1434 2827; x_wconf 80' lang='lat' dir='ltr'><strong>l6.</strong></span> 
     </span>
    </p>
   </div>
   <div class='ocr_carea' id='block_1_116' title="bbox 261 2879 1078 2918">
    <p class='ocr_par' dir='ltr' id='par_1_116' title="bbox 261 2879 1078 2918">
     <span class='ocr_line' id='line_1_116' title="bbox 261 2879 1078 2918; baseline -0.006 -7"><span class='ocrx_word' id='word_1_955' title='bbox 261 2884 298 2918; x_wconf 91' lang='lat' dir='ltr'><strong>(I)</strong></span> <span class='ocrx_word' id='word_1_956' title='bbox 313 2883 405 2917; x_wconf 75' lang='lat' dir='ltr'><strong>Quoad</strong></span> <span class='ocrx_word' id='word_1_957' title='bbox 421 2883 500 2910; x_wconf 78' lang='lat' dir='ltr'><strong>verba</strong></span> <span class='ocrx_word' id='word_1_958' title='bbox 521 2882 633 2913; x_wconf 81' lang='lat' dir='ltr'><strong>scilicet,</strong></span> <span class='ocrx_word' id='word_1_959' title='bbox 647 2889 699 2908; x_wconf 86' lang='lat' dir='ltr'><strong>nun</strong></span> <span class='ocrx_word' id='word_1_960' title='bbox 712 2881 800 2916; x_wconf 76' lang='lat' dir='ltr'><strong>quoad</strong></span> <span class='ocrx_word' id='word_1_961' title='bbox 816 2889 926 2908; x_wconf 74' lang='lat' dir='ltr'><strong>sensum</strong></span> <span class='ocrx_word' id='word_1_962' title='bbox 943 2879 1078 2908; x_wconf 80' lang='lat' dir='ltr'><strong>contraria</strong></span> 
     </span>
    </p>
   </div>
  </div>
