1961 3070
117 98 135 126 ll
146 97 173 126 .57

635 101 853 131 REFUTATIO
874 102 992 131 MARCI
1013 103 1203 134 EPllESINI.

1652 104 1719 136 1018

115 153 179 188 παρὰ
199 153 245 180 τοῦ
267 155 373 190 Πατρδις
397 156 502 196 καὶτοῦ
522 157 587 184 Υἱοῦ
608 160 665 185 ἐστι
678 168 684 174 ν
713 169 722 186 ι
735 161 781 186 καὶ
799 160 964 194 κατωτέρω·
983 170 992 187 ι
1015 161 1051 188 Τὺ
1069 162 1178 197 Πνεῦμα
1203 162 1232 189 δὲ
1255 164 1286 189 ἐκ
1307 163 1352 189 τοῦ
1389 163 1493 197 Πατρδς
1517 163 1563 190 καὶ
1580 163 1627 189 τοῦ
1661 164 1726 190 Υἱοῦ

114 209 190 227 πνεει.
205 211 215 226 Ι

141 247 272 281 Ταράσιος
286 249 315 276 δὲ
338 251 351 276 ὁ
366 251 501 287 μακάριος
521 256 695 291 πατριάρχης
711 257 887 283 Κωνστανῖι-
901 256 928 286 Α

112 294 253 326 νουπό).εω;
271 297 300 322 ὲν
315 298 347 331 τῇ
362 299 489 334 ἐπιστολῇ
508 300 576 334 πρὸς
591 302 655 333 τοὺς
677 303 729 334 τῆς
753 303 889 337 ἀνατολῆς

112 340 250 374 ἀρχιερ;ῖς,
266 338 299 377 ἧς
325 343 341 376 ὴ
366 344 448 378 ἀρχὴ,
468 344 583 377 Πολλαῖς
599 348 648 373 καὶ
674 349 807 382 μεγάλαις
823 358 889 383 προ-

111 386 195 417 νοίαις,
209 386 278 413 οὕτω
295 389 362 422 φησι
375 397 381 405 ·
399 399 407 414 ι
425 391 476 417 Καὶ
490 393 529 423 εἰς
546 391 576 418 τὸ
589 392 699 428 Πνεῦμα
711 395 741 420 τὸ
757 394 844 428 ἅγιον,
860 396 890 422 τὸ

111 433 137 458 ἐκ
157 433 202 458 τοῦ
231 433 335 468 Πατρδς
357 435 392 461 δι’
410 436 475 463 Υἱοῦ
501 439 732 473 ἐκπορευόμενον,
748 442 793 467 καὶ
823 442 889 468 αὐτὸ

111 477 169 503 Θεὺν
184 475 255 504 εἶναι
268 481 479 514 γνωριζόμεναι.
492 493 500 508 ι

142 523 191 548 Καὶ
209 525 223 549 ό
246 523 325 558 ἅγιος
349 526 377 552 δὲ
409 526 526 563 Ὶλὰριος
553 531 581 555 ἐν
599 530 633 564 τῷ
655 531 727 566 λόγῳ
753 531 791 566 τῷ
819 532 889 565 μετὰ

110 568 152 602 τὴν
172 569 359 606 Πεντηκοστὴν
376 571 447 600 οὕτω
461 574 544 609 φησί·
562 585 571 600 ι
593 575 761 610 Πιστεύομεν
782 577 822 608 εἰς
840 577 888 612 τὴν

109 615 180 648 ἁγίαν
202 616 314 651 Τριάδα,
331 619 456 645 τὶυτέστι
482 621 539 646 τὸν”
555 622 664 656 Πατέρα
688 624 735 649 καὶ
755 624 799 649 τὸν
824 624 888 650 Υἱὸν

111 661 191 687 καὶτὸ
206 661 284 696 ἅγιον
302 663 426 698 Πνεῦμα,
444 664 493 692 ἕνα
508 666 574 692 Θεὸν
590 668 805 703 παντοδύναμον,
823 670 888 704 μιᾶς

109 708 205 741 οὐτίας,
224 709 292 744 μιᾶς
311 710 464 745 ὑπάρξεως,
481 714 546 747 μιᾶς
570 713 705 746 ἐξουσίας,
721 715 888 749 δημιουργὸν

109 754 211 781 πάντων
226 756 279 782 τῶν
296 757 454 791 κτισμάτων
464 766 471 773 ·
487 759 516 791 ἐξ
530 759 559 786 οὗ
576 760 674 792 πάντα,
686 760 720 787 δι’
739 759 768 788 οὗ
787 762 885 794 πάντα,

109 800 133 826 ὲν
158 797 297 834 ᾧπάντα·
328 802 438 837 Πατέρα
467 803 514 838 ἀφ’
544 805 655 837 ἑαυτοῦ,
673 805 732 832 ἀλλ’
759 805 809 832 οὐκ
840 806 884 840 ἀφ’

109 847 210 882 ἑτέρου·
228 848 290 874 Υεὸν
307 849 337 875 ἐκ
350 849 398 875 τοῦ
416 849 523 885 Πατρδς
546 852 687 886 γεννητδν,
704 852 770 878 Θεὸν
787 852 885 887 ἀληθι-

108 894 148 919 νὶν
176 894 208 920 ἐκ
234 894 301 921 Θεοῦ
331 895 469 929 ἀληθινοῦ,
503 896 560 930 φῶς
586 897 713 931 ἀληθινὸν
738 898 769 924 ἐκ
795 899 886 932 φωτὸς

107 938 240 972 ἀληθινοῦ,
253 939 282 965 οὺ
303 940 356 974 μὴν
372 940 418 966 δύο
440 941 529 974 φῶτα,
545 942 601 967 ἀλλ’
626 942 655 968 ἓν
678 943 752 976 φῶς·
771 944 884 980 Πνεῦμα

108 984 179 1018 ἅγιον
209 985 284 1020 παρὰ
312 985 417 1020 Πατρὸς
449 986 495 1012 καὶ
521 986 585 1013 Υἱοῦ
608 987 705 1023 ἐπίσης
733 990 884 1024 ἐκπορευό-

109 1038 192 1064 μενον.
213 1038 223 1055 ι

141 1077 191 1103 Καὶ
212 1077 386 1110 ’Λναστάσιος
398 1078 427 1105 δὲ
442 1080 454 1105 ὀ
469 1079 516 1106 τοῦ
532 1080 609 1114 ἁγίου
626 1080 705 1115 ὅρους
722 1083 788 1109 Σινᾶ
805 1083 832 1109 ἐν
848 1083 886 1117 τῷ

108 1122 175 1157 λόγῳ
201 1122 239 1158 τῷ
259 1123 329 1158 Περὶ
347 1124 413 1151 καθ’
437 1125 516 1159 ἡμᾶς
536 1126 631 1160 ὀρθῶν
653 1127 807 1162 δογμάτων
832 1129 887 1163 τῆς

107 1169 255 1202 ἀ.1η¹)είας,
267 1170 424 1206 ἐπιγραφὴν
438 1171 537 1206 ἔχοντι,
559 1172 591 1198 'll
606 1173 634 1199 δὲ
651 1174 723 1208 ἀρχὴ
741 1174 788 1200 τοῦ
803 1174 884 1208 λόγου

106 1214 156 1240 τῶν
176 1216 236 1249 περι¹
256 1215 306 1250 τῆς
333 1216 426 1250 ὑγιοῦς
451 1217 528 1252 ἡμῶν
553 1218 683 1252 πίστεως,
700 1219 771 1246 οὕτω
795 1221 862 1255 φησι
876 1229 883 1236 θ

109 1269 117 1284 ι
133 1259 183 1286 Τοῦ
194 1260 222 1286 δὲ
233 1260 356 1299 σώματος
366 1262 396 1288 τὸ
408 1262 506 1297 ἰδίωμα
515 1263 641 1296 λαϐόντες
652 1266 688 1296 ὡς
700 1266 886 1300 παράδειγμα,

105 1307 152 1340 τὴν
166 1306 344 1342 ἀλληλουχίαν
368 1308 421 1335 τῶν
437 1308 516 1335 θείων
543 1310 757 1346 παρεστήσαμεν
777 1312 821 1338 διὰ
837 1314 885 1347 τῆς

105 1352 156 1378 τῶν
170 1353 258 1387 μελῶν
271 1353 416 1388 ἀναλογίας
431 1363 461 1381 τε
477 1355 524 1381 καὶ
538 1356 665 1388 εἰκασίας
675 1365 682 1372 ·
695 1357 784 1393 ταύτῃ
797 1359 825 1384 δὲ
840 1360 887 1385 καὶ

105 1397 211 1432 πνεῦμα
242 1398 375 1433 στόματος
405 1399 499 1432 αὐτοῦ,
531 1400 653 1434 δηλονότι
679 1401 726 1428 τοῦ
756 1402 835 1434 Θεοῦ,
859 1406 889 1430 τὸ

903 923 923 950 Β

107 1443 216 1478 Πνεῦμα
244 1444 274 1470 τὸ
309 1445 386 1479 ἅγιον
412 1445 540 1479 λέγεται,
571 1447 703 1482 στόματος
741 1449 816 1481 ὄντος
841 1448 889 1476 τοῦ

105 1490 282 1524 Μονογενοῦς.
302 1492 358 1517 Καὶ
384 1492 507 1526 Πνεῦμα,
532 1493 614 1520 παλιν
641 1494 670 1526 ἐξ
694 1495 777 1522 αὑτοῦ
807 1496 890 1524 ὲκπο-

105 1537 251 1577 ρευόμενον
273 1539 319 1564 καὶ
339 1538 587 1574 ἀποστελλόμενον,
609 1541 639 1567 οὺ
656 1542 736 1576 μόνον
753 1543 828 1577 παρὰ
843 1543 888 1570 τοῦ

976 256 1107 292 Similiter
1116 256 1210 287 beatus
1219 254 1349 284 Tarasius
1363 256 1518 291 patriarcha
1532 256 1723 284 Constantino-

942 301 1087 336 politanus,
1106 303 1132 329 in
1151 302 1265 336 epistola
1281 302 1315 330 ad
1331 303 1461 336 praesules
1477 301 1606 335 Orientis,
1618 312 1679 337 qua!
1692 305 1726 332 ita

941 347 1036 382 incipit
1054 355 1061 373 :
1084 347 1173 375 Multis
1187 352 1215 374 et
1231 348 1335 383 magnis
1350 348 1529 376 Providentia
1551 349 1648 380 modis,
1666 350 1723 377 haec

942 393 1023 420 habet
1036 401 1043 420 :
1058 401 1068 418 σ
1090 392 1122 420 Et
1138 394 1164 420 in
1178 394 1309 428 Spiritum
1328 399 1465 426 sanctum,
1479 394 1524 429 qui
1538 402 1570 420 ex
1586 394 1665 422 Patre
1682 403 1726 429 per

941 439 1039 466 Filium
1055 440 1188 474 procedit,
1205 440 1252 474 qui
1267 444 1294 467 et
1311 441 1368 475 ipse
1382 440 1452 467 Deus
1463 442 1631 476 agnoscitur.
1653 451 1662 467 ι

977 529 1008 556 Et
1026 533 1138 557 sanctus
1154 529 1284 562 llilarius,
1312 530 1435 557 oratione
1449 535 1510 565 post
1536 531 1725 565 Pcntecostcn,

940 575 980 603 sic
996 576 1051 603 ait:
1069 586 1078 602 ι
1092 576 1235 603 Credimus
1248 577 1273 603 in
1286 581 1405 604 sanctam
1427 577 1597 611 Trinitatem,
1617 579 1668 605 hoc
1686 584 1726 605 est

940 620 1050 648 Patrem
1066 626 1092 648 et
1106 620 1203 648 Filium
1219 626 1246 649 et
1257 621 1387 656 Spiritum
1401 627 1539 655 sanctum,
1549 631 1632 650 unum
1642 623 1726 650 Deum

940 666 1161 700 omnipotentem,
1180 668 1262 694 unius
1276 667 1445 699 substantiae,
1477 667 1558 695 unius
1586 667 1724 700 essentiaa,

939 712 1179 747 uniuspotestatis,
1195 713 1362 740 conditorem
1379 713 1498 740 omnium
1516 717 1702 741 creaturarum
1718 722 1725 746 ς

939 767 972 786 ex
997 766 1053 794 quo
1068 759 1170 792 omnia,
1187 767 1234 794 per
1249 767 1329 794 quem
1357 761 1459 793 omnia,
1490 760 1517 787 in
1545 767 1599 794 quo
1611 759 1700 787 omnia
1717 769 1724 791 ;

939 805 1046 833 Patrem
1062 814 1096 833 ex
1112 813 1153 839 se,
1173 813 1227 833 non
1243 807 1277 833 ab
1300 806 1354 833 alio
1368 815 1375 839 ;
1391 805 1490 833 Filium
1522 814 1555 833 ex
1578 806 1657 833 Patre
1681 808 1727 840 ge;

939 853 1138 885 nitun:,Deum
1166 859 1258 878 verum
1288 852 1321 879 de
1341 852 1395 879 Deo
1411 859 1484 885 vero,
1511 851 1600 878 lumen
1633 858 1727 879 verum

938 899 1084 926 dclnmine
1107 906 1182 931 vero,
1200 906 1253 926 non
1271 903 1359 925 tamen
1372 900 1426 926 duo
1453 899 1556 926 lumina
1570 898 1617 925 sed
1642 905 1725 924 unum

938 946 1044 978 lumen;
1061 945 1192 980 Spiritum
1209 949 1332 973 sanctum
1343 953 1356 973 τι
1371 945 1450 973 Patre
1468 949 1494 974 et
1511 945 1578 972 Filio
1588 944 1728 980 :equalitcr

937 993 1137 1027 procedentem.
1154 1001 1163 1018 ι

973 1070 1011 1098 Ad
1033 1070 1089 1098 hinc
1104 1071 1265 1099 Anastasius
1277 1071 1363 1098 sancti
1392 1071 1490 1099 montis
1509 1071 1586 1102 Sina,
1611 1071 1638 1098 iu
1667 1077 1725 1097 srr-

938 1125 1029 1150 mone,
1041 1118 1083 1144 cui
1102 1117 1194 1145 titulus
1214 1125 1220 1144 ε
1235 1118 1270 1144 De
1282 1117 1358 1145 rectis
1370 1125 1429 1152 quw
1443 1126 1488 1144 nos
1504 1117 1634 1144 crrtlim'us
1659 1118 1725 1153 dog-

939 1164 1054 1190 matibua
1070 1165 1200 1198 raritatis,
1216 1164 1295 1199 cujus
1312 1164 1363 1191 tale
1371 1164 1534 1198 principium
1550 1169 1591 1191 est
1608 1164 1724 1191 :Eorum

938 1218 999 1245 quae
1014 1210 1048 1237 de
1063 1211 1164 1238 illibata
1177 1210 1228 1238 nde
1244 1214 1348 1241 nostra.
1364 1212 1400 1236 ita
1436 1210 1568 1244 scriptum
1594 1210 1703 1244 reliquit
1717 1218 1724 1236 :

943 1267 951 1283 ι
973 1257 1011 1284 Ex
1032 1264 1065 1284 eo
1083 1264 1166 1291 porro
1181 1256 1253 1290 quod
1270 1256 1410 1291 proprium
1435 1256 1559 1291 corporis
1574 1261 1616 1283 est
1642 1257 1726 1290 petito

939 1303 1073 1338 exemplo,
1088 1302 1299 1335 declaravimus,
1316 1302 1453 1336 quomodo
1468 1302 1493 1328 iu
1523 1301 1623 1328 divinis
1651 1301 1719 1328 alte-

938 1357 998 1376 rum
1011 1349 1047 1375 sit
1060 1348 1086 1375 in
1102 1348 1187 1375 altero
1202 1354 1234 1374 ex
1249 1347 1425 1381 proportione
1454 1351 1482 1373 et
1511 1346 1722 1373 adumbratione

939 1395 1136 1422 membrorum.
1151 1393 1208 1420 Hac
1223 1393 1295 1421 enim
1311 1393 1418 1420 ratione
1431 1397 1458 1420 et
1469 1392 1581 1427 spiritus
1590 1393 1646 1419 oris
1654 1392 1723 1427 ejus,

940 1441 986 1468 Dei
1008 1441 1124 1474 scilicet,
1141 1440 1259 1475 Spiritus
1275 1445 1387 1467 sanctus
1402 1439 1512 1471 dicitur,
1545 1446 1607 1466 cum
1633 1439 1668 1465 sit
1695 1445 1726 1465 os

943 1488 1109 1522 Unigenitus.
1122 1497 1131 1514 ι
1144 1488 1177 1515 Ει
1194 1495 1290 1515 rursus
1305 1495 1312 1514 :
1333 1496 1342 1512 ι
1362 1486 1478 1521 Spiritus
1489 1507 1496 1519 ,
1508 1485 1552 1521 qui
1568 1487 1601 1513 ab
1616 1493 1647 1512 eo
1662 1493 1725 1520 pro-

941 1535 1013 1562 cedit
1038 1540 1064 1562 et
1090 1535 1216 1567 mittitur,
1234 1541 1288 1560 non
1303 1541 1317 1560 a
1334 1533 1414 1560 Patre
1433 1533 1532 1565 solum,
1549 1532 1597 1559 sed
1613 1532 1694 1558 etiam
1711 1539 1726 1557 a

104 1574 220 1618 Πατρὸς,
237 1584 304 1611 ἀλλὰ
319 1586 366 1611 καὶ
383 1584 458 1619 παρὰ
475 1585 522 1611 τοῦ
536 1585 614 1612 Υ.οῦ.
635 1596 644 1612 ι
657 1574 718 1612 Καὶ
744 1574 813 1621 μετᾶ
828 1597 888 1614 τινα

944 1581 1038 1608 ΡΊΙὶο.»
1057 1583 1088 1608 Ει
1101 1586 1160 1615 post
1173 1587 1258 1615 pauca
1272 1589 1279 1607 :
1296 1588 1305 1605 ι
1326 1579 1420 1614 Itaque
1431 1578 1571 1610 Dominus,
1583 1583 1612 1604 ut
1624 1584 1686 1604 eum
1698 1584 1727 1604 se

105 1630 185 1656 πάλιν
203 1631 268 1665 φησί
282 1638 288 1645 ·
309 1639 318 1656 ι
337 1631 390 1657 Καὶ
407 1631 494 1664 γοῦνό
512 1631 612 1666 Κύριος
627 1633 655 1665 ἐξ
671 1633 768 1660 ἑαυτοῦ
783 1634 890 1665 δεικνὺς

102 1675 168 1701 αὐτὸ
181 1674 325 1710 ὑπάρχειν,
341 1676 472 1710 ἐμφυσῶν
488 1677 544 1708 τοῖς
563 1677 698 1712 μαθηταῖς
714 1678 792 1712 ἔλεγε
804 1688 810 1694 ·
832 1678 888 1705 Λά-

102 1723 167 1748 ὅετε
181 1721 301 1755 Πνεῦμα
315 1721 411 1756 ἅγιον.
421 1732 430 1748 ι

138 1768 192 1794 Καὶ
208 1767 389 1802 Δαμασκηνὸς
409 1768 437 1794 δὲ
462 1769 476 1795 ὁ
503 1768 581 1802 ἅγιος
597 1770 625 1796 ὲν
639 1769 678 1804 τῷ
700 1769 733 1804 ιγ’
747 1770 801 1797 τῶν
819 1772 887 1798 Oso-

101 1812 233 1848 λογικῶν
246 1813 318 1839 οὕτω
327 1813 401 1846 λέγει
413 1822 420 1829 ·
436 1823 444 1839 ι
465 1813 498 1840 Ἦ
513 1815 695 1851 ἐκφαντορικὴ
709 1815 756 1843 τοῦ
772 1817 888 1851 κρυφίου

100 1860 151 1894 τῆς
171 1859 296 1895 θεότητος
314 1860 430 1894 δύναμις
455 1860 502 1887 τοῦ
523 1862 629 1896 Πατρῦς
653 1863 685 1889 ἐκ
709 1862 816 1897 Πατρός
831 1864 889 1889 ἐστι

99 1906 135 1932 δι’
149 1905 215 1933 Υἰοῦ
229 1906 444 1941 ἐκπορευομένη,
460 1907 497 1937 ὡς
507 1906 586 1934 οἶδεν.
604 1917 613 1933 ι
633 1908 688 1934 Καὶ
704 1909 802 1943 μικρὸν
820 1909 890 1936 ἀνω-

99 1953 174 1986 τέρω
186 1960 193 1968 ⁸
212 1962 221 1978 ι
240 1951 325 1984 Αὐτὸς
351 1953 401 1987 μὲν
421 1950 468 1979 οῦν
483 1953 541 1980 ἐστι
555 1953 627 1986 νοῦς,
650 1954 736 1989 Λόγου
762 1955 889 1986 ἄσυσσος.

98 2000 190 2033 Λόγου
207 2001 357 2035 γεννήτωρ,
374 2000 422 2027 καὶ
435 1999 479 2026 διὰ
494 2000 581 2034 Λόγου
598 2000 747 2036 προΰολεὺς
760 2001 891 2035 ὲκφαντο-

100 2046 182 2081 ρικοῦ
201 2046 369 2080 Πνεὺματος.
388 2046 448 2072 ’Τὸ
460 2046 498 2078 δὲ,
517 2047 548 2072 ἐκ
567 2045 615 2073 τοῦ
637 2045 701 2073 Υἱοῦ
717 2047 747 2073 τὸ
765 2046 887 2081 Πνεῦμα,

96 2093 129 2119 οὐ
151 2093 280 2126 λέγομεν,
296 2092 365 2126 ὅπερ
387 2092 417 2118 ὲν
442 2092 483 2127 τῷ
494 2091 580 2127 ὀγδόῳ
604 2092 745 2127 κεφαλαίῳ
771 2094 785 2119 ό
806 2093 890 2125 αὐτὸς

96 2137 262 2170 διδάσκαλος
287 2137 373 2171 λέγει,
391 2137 434 2164 ἵνα
460 2139 496 2172 μή
519 2147 561 2169 τις
584 2138 721 2173 διστάσῃ·
753 2138 889 2173 ὲλύσαμεν

96 2186 169 2212 αὐτὸ
186 2187 214 2212 ὲν
229 2185 268 2220 τῷ
285 2185 387 2220 πρώτῳ
403 2185 544 2219 κεφαλαίῳ
561 2184 609 2211 τοῦ
625 2185 699 2220 ὅρου,
718 2185 890 2220 ὑπεραπολο-

96 2233 231 2267 γοὺμενοι
248 2232 301 2258 τῶν
319 2231 401 2258 πέντε
417 2231 589 2265 κεφαλαίων.

941 1627 1105 1658 ostenderet,
1122 1636 1134 1652 :l
1150 1634 1206 1660 quo
1218 1626 1336 1660 Spiritus
1349 1629 1459 1652 sanctus
1486 1624 1604 1657 exsistit,
1640 1623 1727 1651 insuf-

931 1673 1010 1700 ilaus
1027 1673 1054 1699 in
1069 1671 1218 1706 discipulos
1235 1671 1326 1699 aiebat
1344 1679 1352 1698 :
1367 1670 1484 1704 Accipite
1511 1670 1641 1705 Spiritum
1665 1679 1728 1697 san-
1744 1683 1747 1686 -

941 1724 1023 1746 ctum.
1038 1728 1048 1745 ι

977 1766 1060 1793 Sacer
1077 1772 1184 1800 quoque
1204 1764 1390 1792 Damascenus
1409 1765 1489 1791 tertio
1514 1763 1619 1791 decimo
1641 1763 1728 1797 capite

941 1813 1038 1840 Rerum
1054 1812 1203 1839 divinarum
1215 1811 1271 1838 haec
1284 1811 1386 1838 habet:
1405 1819 1414 1836 ε
1428 1809 1627 1838 Manifestativa
1640 1810 1727 1837 virtus

942 1858 1055 1886 occulta:
1068 1858 1156 1885 Patris
1170 1857 1322 1885 divinitatis
1338 1864 1371 1883 ex
1384 1856 1464 1884 Patre
1494 1861 1536 1883 est
1559 1863 1606 1890 per
1629 1854 1727 1882 Filium

941 1906 1102 1940 procedens,
1117 1908 1144 1930 ut
1158 1905 1217 1938 ipsa
1240 1903 1325 1930 norit.
1344 1912 1353 1928 ι
1373 1903 1406 1930 Ει
1429 1903 1509 1937 paulo
1533 1907 1596 1930 ante
1615 1911 1622 1930 :
1643 1912 1651 1928 ι
1668 1903 1729 1937 ipse

941 1951 1024 1986 igitur
1033 1955 1074 1978 est
1083 1958 1169 1983 mens,
1179 1949 1259 1977 Verbi
1272 1950 1397 1984 abyssus,
1407 1949 1486 1976 Verbi
1499 1949 1614 1984 genitor,
1627 1956 1729 1983 perque

944 1998 1060 2026 Verbum
1073 1998 1192 2032 Spiritus
1206 1996 1399 2024 manifestativi
1415 1995 1590 2031 productor.»
1603 1994 1668 2022 Illud
1679 2003 1728 2022 au-

943 2049 1007 2078 tem,
1027 2045 1063 2071 Ex
1080 2043 1159 2076 Filio,
1172 2051 1225 2070 nou
1239 2043 1358 2070 dicimus
1369 2042 1501 2077 Spiritum
1519 2042 1611 2076 ;quod
1631 2047 1728 2068 octavo

942 2091 1032 2125 capite
1043 2091 1140 2118 doctor
1155 2089 1226 2116 idem
1240 2089 1330 2122 habet,
1356 2097 1390 2116 ne
1411 2088 1473 2123 quis
1496 2087 1635 2115 addubitet
1653 2087 1727 2123 ;jam

941 2137 1075 2165 solvimus
1085 2137 1111 2163 in
1125 2136 1214 2171 primo
1227 2135 1395 2163 deﬁnitionis
1405 2135 1576 2169 capite,dum
1591 2142 1641 2170 pro
1650 2137 1729 2170 quin-

941 2191 994 2220 que
1009 2183 1143 2218 capitibus
1159 2182 1310 2218 apologiam
1329 2181 1510 2210 scriberemus
1522 2181 1571 2217 (t).

136 2265 196 2305 Καὶ
221 2278 355 2312 Κύριλλος
388 2277 470 2304 πάλιν
494 2278 507 2303 ὁ
532 2276 671 2312 μακάριος
695 2277 723 2303 ὲν
753 2279 792 2312 τῷ
822 2278 889 2313 πρὸς

979 2277 1099 2305 Rursum
1118 2277 1214 2305 beatus
1225 2276 1354 2313 Cyrillus,
1379 2276 1503 2304 secundo
1528 2276 1561 2303 ad
1592 2276 1729 2303 Hermian!

99 2323 240 2358 Ἑρμείαν
253 2323 372 2357 δευτέρῳ
388 2322 463 2356 λέγει
478 2321 564 2352 οὕτως
576 2331 583 2337 ·
601 2331 610 2347 ι
629 2322 724 2356 ’Ἃγιον
735 2323 763 2350 δὲ
777 2323 891 2358 Πνεῦμα

96 2371 251 2405 προσερεῖς
273 2370 303 2396 τὸ
327 2371 359 2396 ἐκ
375 2369 480 2402 Πατρδς
497 2368 531 2394 δι’
558 2367 623 2394 Υἱοῦ
641 2369 824 2403 προχεόμενον
844 2378 892 2402 φυ-

95 2415 199 2445 σικῶς.
210 2425 219 2441 ι
236 2415 297 2441 ’Ὁτι
308 2414 336 2441 δὲ
354 2415 382 2449 ἡ,
402 2414 462 2446 διὰ,
475 2415 519 2449 τῇ,
535 2414 581 2446 ἐκ,
595 2413 758 2449 ἰσοδυναμεῆ
780 2415 828 2440 καὶ
843 2415 893 2449 τὴν

93 2461 189 2494 αὐτὴν
205 2461 281 2496 ἰσχὺν
296 2461 363 2495 ἔχει,
386 2461 456 2495 μετὰ.
471 2460 569 2495 μικρὸν
585 2460 633 2486 καὶ
647 2459 727 2486 τοῦτό
745 2469 786 2487 σοι
803 2460 892 2493 δείξο-

94 2516 164 2542 μεν.
182 2506 241 2533 Νῦν
255 2507 283 2533 δὲ
305 2507 332 2533 τί
349 2507 422 2541 ἔχεις
439 2506 507 2541 πρὸς
528 2505 616 2533 ταῦτα
629 2506 734 2539 εἰπεῖνς
751 2505 808 2533 Οὐκ
823 2507 893 2533 εἰσιν

91 2546 177 2579 οὗτοι
197 2552 221 2578 oi
246 2551 442 2587 προλεχθέντες
466 2551 539 2586 ἆγιοι
569 2553 617 2578 καὶ
641 2551 690 2585 τῆς
726 2551 891 2586 Ἐκκλησῖας

91 2598 279 2631 διδάσκαλοις
295 2598 326 2624 Εἰ
348 2597 395 2624 οῦν
411 2595 484 2624 οὗτοι
511 2597 610 2629 πάντες
637 2599 665 2623 ἐν
682 2597 823 2632 διαφόροις
850 2598 892 2624 λέ-

92 2644 162 2677 ξεσι
185 2645 232 2671 καὶ
250 2643 396 2675 συλλαϐαῖς
411 2644 440 2669 ὲν
455 2645 511 2674 τοῖς
527 2644 617 2670 αὐτῶν
645 2643 848 2678 συγγράμμασι
862 2644 892 2670 τὸ

92 2689 219 2724 Πνεῦμα
233 2689 262 2716 τὸ
275 2688 353 2723 ἅγιον
365 2690 397 2714 ἐκ
412 2688 458 2715 τοῦ
474 2689 577 2723 Πατρδς
591 2690 638 2716 καὶ
652 2688 699 2715 τοῦ
717 2688 782 2716 Υίοῦ
798 2690 890 2724 ὁμολο-

91 2735 185 2769 γοῦσι
208 2736 257 2762 καὶ
274 2735 394 2769 λέγουσι,
409 2735 492 2761 πόθεν
513 2743 555 2761 σοι
571 2735 601 2761 τὸ
615 2735 646 2761 ἐκ
663 2735 744 2769 μόνου
768 2734 815 2762 τοῦ
838 2735 893 2762 Πα-

942 2324 1023 2355 libro,
1036 2327 1076 2351 sic
1089 2324 1127 2351 ait
1143 2333 1150 2350 :
1169 2324 1315 2350 «Sanctum
1328 2330 1393 2349 vero
1404 2323 1533 2357 Spiritum
1551 2322 1670 2354 vocabis,
1684 2321 1730 2356 qui

943 2378 976 2397 cx
989 2370 1070 2397 Patre
1084 2377 1131 2404 per
1150 2369 1249 2396 Filium
1265 2368 1413 2396 eﬂ'unditur
1435 2368 1605 2395 naturaliter.
1622 2376 1631 2393 ›
1651 2368 1736 2400 Quod'

943 2423 1007 2442 vero
1017 2415 1170 2449 praepositio
1177 2423 1224 2449 per
1239 2415 1309 2441 idem
1320 2415 1407 2441 valeat
1421 2415 1493 2448 quod
1505 2421 1548 2447 ex,
1565 2419 1590 2440 et
1603 2414 1727 2440 eamdem

944 2462 1043 2488 habeat
1059 2469 1091 2488 ac
1105 2462 1150 2488 illa
1166 2462 1231 2494 vim,
1251 2461 1331 2496 paulo
1346 2465 1407 2496 post
1421 2460 1446 2486 id
1463 2460 1544 2488 etiam
1558 2460 1607 2487 tibi
1637 2465 1731 2487 osten-

946 2507 1053 2534 demus.
1071 2506 1149 2533 Nunc
1163 2514 1227 2541 ergo
1241 2508 1305 2542 quid
1318 2507 1350 2532 ad
1369 2507 1425 2533 hec
1437 2511 1513 2540 potes
1526 2506 1638 2533 dicere?
1649 2506 1725 2534 Non-

947 2561 981 2580 ne
995 2554 1040 2588 qui
1053 2554 1128 2580 allati
1143 2557 1216 2585 sunt,
1231 2553 1317 2580 sancti
1331 2557 1359 2580 et
1375 2551 1503 2580 Ecclesia:
1513 2553 1638 2580 doctores
1648 2553 1731 2580 sunt?

947 2599 976 2626 Si
992 2607 1086 2626 omnes
1102 2599 1144 2626 isti
1159 2607 1207 2633 per
1220 2599 1343 2626 diversas
1357 2607 1440 2626 voces
1455 2603 1484 2631 et
1510 2599 1644 2627 dictiones
1673 2600 1731 2626 suis

946 2646 972 2672 iu
989 2645 1098 2680 scriptis
1117 2645 1236 2672 fatentur
1247 2653 1278 2672 ac
1292 2646 1398 2678 docent,
1413 2645 1544 2679 Spiritum
1557 2652 1682 2673 sanctum
1696 2653 1729 2671 rx

944 2691 1027 2718 Patre
1043 2695 1071 2718 et
1091 2690 1171 2723 Filio,
1199 2699 1231 2718 ex
1254 2699 1308 2724 quo
1335 2697 1362 2719 tu
1384 2699 1469 2719 sacrm
1496 2691 1642 2726 Scriptura:
1671 2691 1732 2718 lom

948 2738 1042 2771 babes,
1060 2737 1191 2773 Spiritqu
1207 2743 1331 2767 sanctum
1349 2746 1381 2766 ex
1397 2740 1456 2766 solo
1466 2738 1545 2766 Patre
1561 2738 1707 2774 procedere
1721 2738 1733 2763 τ

135 2827 180 2862 (Ii
196 2825 317 2853 Notanda
330 2825 387 2852 haec
407 2832 518 2860 prorsus
536 2824 654 2852 auctoris
669 2825 761 2853 verba.
780 2825 926 2854 Vixlciufra
942 2826 1073 2855 lilonitum
1090 2832 1214 2856 nostrum
1231 2828 1363 2863 Λμυίυφὶίε
1379 2827 1529 2864 praztixnm.
1552 2827 1633 2857 Enn.
