1961 3070
134 112 198 145 1051

644 92 870 146 REFUTATIO
890 113 1011 145 MARCl
1040 112 1236 144 EPHESINI.

1690 110 1758 142 10M.

131 172 235 203 ϐαίνεις
250 171 298 205 τὴν
313 172 398 205 τάξιν,
422 173 489 207 ἄλλη
504 173 558 207 γάρ
573 173 648 199 ἐστιν
662 174 678 208 ὴ
702 173 825 208 ἡμετέρα
850 181 917 208 συμ-

980 180 1019 199 tos
1033 172 1161 199 convenit
1184 176 1267 206 atque
1284 175 1310 198 tu
1328 171 1415 202 lacis;
1433 169 1553 198 nondum
1571 171 1651 197 linem
1666 170 1760 198 habuit

132 216 229 249 φωνὶα,
244 217 290 242 καὶ
308 216 397 247 ἄλλως
414 218 498 249 ποιεῖς
512 226 519 233 ν
534 217 573 244 ἔτι
590 218 619 244 τὺ
634 218 679 244 τοῦ
701 219 821 252 μεγάλου
835 218 918 245 Βασι-

131 259 204 286 λείου
218 261 300 295 ῤηὶν
315 261 365 287 οὐκ
383 261 461 288 ἔλαϐε
478 262 570 295 τέλος,
588 263 636 289 καὶ
656 263 688 289 σὺ
710 263 862 298 προέφερες
879 264 918 293 είς

134 308 214 340 μέσον
229 307 312 339 ἄλλας
329 309 471 340 ὑποθέσεις
497 310 544 336 καὶ
564 309 631 336 ἄλλα
646 310 783 344 κεφάλαια
804 309 857 343 ἔξω
871 309 918 336 τοῦ

132 355 325 388 προκειμένου,
343 355 487 388 δ.ὁάσκων,
508 356 552 388 ὼς
578 356 662 388 ἔοικε,
688 357 751 388 τοὺς
767 357 917 392 ἀκροατάς.

133 400 202 433 Λέγε
221 400 314 426 λοιπὸν
334 402 450 436 μακρὸν,
476 402 538 429 ὅσον
554 402 586 430 ἂν
613 403 693 434 αὐτὸς
712 403 807 438 βούλῃ⁶
826 403 919 437 ἐπειδὴ

134 445 188 478 ἐγὼ
204 447 253 472 οὐκ
273 446 327 481 ἔχω
347 447 451 474 τιθέναι
469 456 509 474 σοι
525 447 618 482 νόμον,
631 448 688 476 ἀλλ’
706 450 718 475 ὁ
735 449 919 483 γαληνότατος

136 491 272 525 βασιλεύς.
295 492 391 527 Ὅμως
418 493 473 527 ἐγὼ
490 494 605 530 τηρήσω
629 494 679 529 τὴν
695 497 846 530 σεμνότητα
874 495 919 521 καὶ

133 537 182 572 τὴν
199 537 275 570 τάξιν
288 539 343 565 τῶν
366 539 520 572 διαλέξεων,
550 541 596 566 καὶ
622 541 749 567 οὐδέποτε
765 542 917 576 ἀποκριθή-

135 591 217 616 σομαι
234 584 273 615 εἰς
288 583 338 610 ὅσα
355 584 454 618 λέγεις,
473 585 528 612 ἐστ’
547 585 580 612 ἂν
597 585 770 622 ἀπολογηθῇς
788 590 858 613 κατὰ
872 588 917 614 τά-

136 627 175 659 ξιν
191 628 247 654 τῶν
260 629 500 664 προκομιοθέντων
523 631 624 666 ῥητῶν,
643 631 701 658 καθ’
727 632 756 658 ὃν
769 633 917 669 ζὴρξάμεθα
929 657 939 663 ,

134 674 233 708 τρόπον
247 674 296 708 τῆς
308 675 462 708 διαλέξεως,
481 678 554 708 ὅπως
574 678 784 712 σαφηνισθέντος
797 679 843 705 τοῦ
860 679 918 711 ἑνὸς

134 720 281 754 ἀρξώμεθα
296 721 344 747 τοῦ
370 722 475 756 ἐτέρου.
511 724 645 756 ’Ᾱκούσας
661 725 707 751 οὖν
723 725 809 751 ταῦτα
824 727 920 760 ἐπιλη-

135 767 182 801 ψία
206 769 324 803 κατέσχε
353 778 393 802 σε,
420 771 468 796 καὶ
494 772 718 807 ἐστενοχωρήοης
741 773 827 799 ἐλθεῖν
850 773 923 799 κατὰ

137 815 233 841 πεῦσιν
249 816 294 841 καὶ
307 816 456 850 ἀπόκρισιν
469 817 523 843 τῶν
548 819 649 853 ῥητῶν·
665 819 711 844 καὶ
736 819 818 849 εὐθὺς
843 818 921 851 ὀλίγα

135 860 229 892 εἰπὼν,
245 861 363 888 Σέκουλα
387 862 582 898 σεκουλώρουμ
607 864 735 900 ἐϐόησας,
752 866 877 892 τουτέσιν
891 866 920 892 οὐ

136 907 265 942 βούλομαι
283 908 323 934 ἔτι
336 908 436 942 λέγειν,
450 909 525 940 τέλος
540 910 765 944 ἑποίησα,⁷”Οθεν
782 912 829 938 καὶ
842 912 856 938 ό
874 921 923 946 μα-

139 955 308 988 καριώτατος
343 955 458 986 πάππας
488 955 583 990 ἔφησε·
602 957 710 983 Δίκαιόν
738 957 834 989 ἐστιν,
862 958 924 984 ἐπ).

137 997 211 1031 εἶπες
225 1000 276 1027 ὅσα
294 1000 420 1036 ἔχρῃζες,
439 1001 472 1028 ἵν’
484 1002 657 1037 άπολογηθῇς
675 1003 721 1029 καὶ
733 1003 773 1034 εἰς
785 1004 819 1029 τὰ
829 1003 923 1029 τελευ-

136 1047 198 1073 ταῖα
216 1046 338 1073 Ἰωάννου
350 1048 395 1074 τοῦ
409 1048 637 1082 προὸιντζιαλίου.
648 1049 693 1084 Μὴ
703 1049 825 1080 θέλοντος
835 1049 863 1076 δέ
875 1058 922 1076 σου

136 1093 330 1129 ἀποκριθῆναι,
342 1094 400 1121 ἀλλ’
414 1094 652 1129 ὁλίγουςῑεὶτιόντος
660 1096 766 1130 λόγους,
776 1096 923 1131 στρεϐλοὺς

138 1140 185 1165 καὶ
200 1139 413 1174 διεφθαρμένους
436 1141 484 1167 καὶ
509 1141 562 1174 ἔξω
576 1142 622 1168 τοῦ
636 1143 829 1178 προκειμένου,
841 1143 923 1178 ἐλύθη

137 1185 153 1219 ἡ
169 1186 334 1219 συνέλευσις,
347 1188 392 1213 καὶ
402 1187 483 1213 πλέον
491 1188 540 1214 οὐκ
552 1188 686 1226 ἠθέλησας
699 1189 845 1216 συνελθεῖν.
856 1190 924 1217 Και-
946 1220 949 1223 ,

137 1231 181 1257 νδν
197 1231 225 1257 δὲ
240 1232 286 1258 καὶ
311 1233 537 1268 ἀπηγορευμένον
560 1235 591 1261 τὺ
606 1235 661 1261 τῶν
684 1236 809 1262 Λατίνων
835 1235 924 1270 δόγμα

136 1277 197 1304 ὠτε
215 1279 268 1313 μὴν
283 1278 387 1312 ἔδειξας
399 1279 460 1306 οὔτε
477 1281 576 1313 δείξεις
593 1282 670 1315 ποτὲ,
689 1281 750 1309 οὔτε
764 1283 796 1310 σὺ
809 1282 866 1310 οὔτ’
878 1283 925 1310 ἆλ-

137 1325 181 1355 }.o;
196 1333 237 1354 τις
256 1325 421 1360 ὑψηλότερός
436 1335 482 1353 σου
498 1327 546 1354 καὶ
568 1327 742 1364 λογιώτερος·
762 1329 802 1355 ὅτι
814 1330 845 1356 οὐ
863 1339 924 1356 και-

137 1371 182 1398 νὸν
194 1371 272 1397 τοῦτο
284 1372 314 1398 τὸ
329 1371 417 1407 δόγμα
430 1373 560 1409 ὑπάρχει,
578 1374 634 1401 ἀλλ’
650 1375 704 1401 ἀπὸ
731 1375 780 1410 τῆς
796 1376 924 1412 δευτέρας

139 1418 249 1445 συνόδου
262 1419 322 1445 ἐστι
338 1428 367 1445 τε
383 1419 430 1446 καὶ
448 1419 581 1454 ψάλλεται
596 1421 625 1447 ὲν
637 1422 670 1457 τῇ
701 1421 842 1458 Ῥωμαϊκῇ
866 1423 926 1449 Ἐκ-

139 1465 251 1500 κλησίᾳ·
266 1466 328 1492 οὐδὲ
341 1467 485 1493 Λατινικόν
498 1468 556 1493 ἐστι
570 1467 586 1502 ἢ
604 1467 762 1503 Γραικικὺν,
781 1468 812 1494 οὐ
830 1468 884 1503 γὰρ
897 1470 925 1496 ἐν

139 1512 219 1547 μέρει
234 1512 251 1547 ἡ
265 1513 368 1545 πίστις,
393 1512 463 1553 ἀλλὰ
491 1514 696 1548 Χριστιανικόψ
716 1515 817 1546 πάντες
831 1515 885 1550 γάρ
901 1516 925 1542 oi
939 1520 961 1548 α

137 1558 293 1585 διδάσκαλοι
306 1559 419 1594 Γραικοὶ
435 1560 479 1585 καὶ
496 1560 607 1586 Λατῖνοι
620 1560 650 1586 τὸ
672 1560 738 1586 αὐτὸ
760 1562 905 1596 φρονοῦσιν
920 1570 925 1576 ·

139 1605 165 1631 εί
191 1605 228 1639 μὴ
247 1603 376 1631 τοσοῦτον
399 1605 576 1636 ἀτοπώτατος
601 1605 690 1640 βούλει
709 1607 840 1640 φανῆναι,
859 1606 928 1633 ὥστε

142 1652 261 1682 καὶτοὺς
276 1651 451 1682 ἁνατολικοὺς
469 1652 564 1684 ἁγίους
583 1652 630 1678 καὶ
653 1652 833 1684 διδασκάλους
848 1653 929 1678 Λατί-

140 1707 202 1730 νους
218 1697 378 1725 ἀποκαλεῖν.

487 1745 582 1772 ΕΦΕΣ.

183 1791 245 1817 Ἐπὶ
262 1791 367 1822 τούτοις
385 1790 521 1818 κατέλυσα
532 1793 581 1824 τὰς
595 1793 663 1827 πρὸς
685 1793 786 1824 αὐτοὺς
808 1792 928 1828 ὁμιλίας,

139 1839 156 1874 ἣ
168 1839 268 1873 μηκέτι
282 1838 490 1865 συνελεύσεσθαι
516 1839 575 1873 μετ’
592 1840 683 1866 αὐτῶν
696 1859 703 1871 ,
722 1839 738 1874 ἢ
765 1840 832 1873 γοῦν
847 1840 929 1871 αὐτὸς

141 1886 293 1921 σιωπήσειν
317 1885 555 1920 βεϐαιωσάμενος.
581 1886 652 1912 Ἀλλ’
678 1888 776 1913 ἐκεῖνοι
791 1895 929 1922 προσεκα-

140 1934 234 1959 λοῦντο
249 1933 312 1964 τοὺς
326 1934 478 1968 ἡμετέρους
494 1934 606 1965 ἑκόντας
624 1934 742 1965 ἄκοντας
757 1934 797 1965 είς
810 1934 860 1968 τὴν
875 1934 930 1960 τῶν

139 1980 296 2014 εἰρημένων
313 1979 484 2014 ἀντίρρησιν·
501 1981 548 2006 καὶ
566 1979 645 2006 τοῦτο
659 1979 879 2015 διαπραξάμενοι
893 1979 930 2015 μὴ

140 2027 275 2061 παρόντος
287 2026 355 2060 ἐμοῦ
370 2026 414 2052 διὰ
434 2026 483 2060 τὴν
499 2026 654 2057 ἀσθένειαν,
670 2025 716 2052 δύο
732 2026 833 2062 ἑφεξῆς
851 2035 931 2053 συνε-

142 2073 250 2104 λεύσεις
268 2072 412 2108 ἀνήλωσαν
437 2072 514 2099 αὐτοι
542 2072 618 2107 μόνοι
647 2072 786 2106 λέγοντες,
816 2073 930 2108 μηδενὸς

140 2120 360 2154 ἀπολογουμένου
365 2137 372 2146 .
903 2110 909 2115 ’

486 2165 589 2192 AllOA.

970 218 1063 246 Basilii
1081 218 1169 254 Magni
1193 218 1308 250 dictum,
1334 223 1360 244 et
1389 222 1414 243 tu
1431 217 1482 244 alia
1500 217 1526 244 in
1544 216 1662 244 medium
1679 224 1760 250 argu-

970 268 1062 292 menta
1078 264 1228 298 protulisti,
1241 268 1268 291 et
1282 263 1334 290 alia
1350 267 1427 290 extra
1443 271 1498 290 rem
1511 263 1598 297 capita
1611 263 1644 290 ad
1660 264 1761 290 docen-

969 309 1028 342 dos,
1045 315 1074 337 ut
1091 310 1202 341 videris,
1218 309 1367 337 auditores.
1381 309 1539 336 Sermonem
1553 317 1618 343 ergo
1629 309 1759 343 protralie

969 360 1101 391 quantum
1116 355 1237 386 libuerit,
1259 363 1321 382 nam
1338 362 1387 388 ego
1415 355 1463 382 tibi
1482 354 1568 389 legem
1593 362 1693 389 ponere
1706 363 1760 382 non

969 410 1102 437 possunt,
1129 402 1178 430 sed
1207 402 1359 436 imperator
1397 401 1608 429 sorenissimus.
1641 401 1759 429 Servabo

973 454 1062 476 tamen
1090 448 1148 482 ipse
1178 448 1340 475 modestiam
1367 453 1393 475 et
1417 447 1613 482 disputationis
1628 448 1758 478 modum,

973 502 1063 528 neque
1075 495 1160 522 ullum
1181 495 1213 521 ad
1230 501 1401 528 quaecunque
1417 494 1485 521 dicis
1497 501 1658 528 responsum
1677 493 1758 523 dabo.

970 541 1056 568 donec
1071 540 1227 568 satisfacias
1243 548 1276 567 eo
1293 547 1347 574 quo
1362 540 1464 574 prolata
1488 544 1551 567 sunt
1565 539 1660 566 ordine
1675 539 1757 572 dicta,

970 592 997 614 et
1005 588 1151 614 observata
1161 587 1229 621 lege,
1239 595 1292 621 qua
1302 587 1514 621 disputationem
1524 594 1619 614 sumus
1629 586 1759 621 aggressi,

972 637 1000 659 ut
1015 632 1159 664 explanato
1175 639 1229 659 uno
1245 637 1417 659 transeamus
1430 633 1463 659 ad
1489 632 1572 658 aliud.
1600 631 1706 665 Quibus
1731 638 1758 658 tu

971 678 1072 706 auditis
1091 683 1203 713 stupore
1220 686 1370 713 oppressus
1387 686 1428 710 es,
1445 682 1472 705 et
1487 683 1600 705 coactus
1626 677 1762 704 devenisti

972 725 1005 752 ad
1021 725 1157 752 concisam
1174 725 1356 759 interrogandi
1372 731 1398 752 et
1411 725 1591 758 respondendi
1611 726 1755 752 rationein.

972 770 1090 798 Proinde
1108 771 1203 804 paucis
1220 771 1299 798 dictis
1316 770 1494 798 exclamasti:
1522 770 1626 797 Saecula
1647 771 1761 797 saeculo-

975 824 1034 843 rum
1046 837 1053 849 ,
1073 817 1124 843 hoc
1139 822 1191 849 est,
1205 816 1268 843 nolo
1279 817 1348 843 ultra
1360 817 1500 851 disputare
1513 825 1519 849 ;
1534 816 1589 851 jam
1600 816 1651 843 feci
1667 817 1761 843 linem.

976 863 1158 896 Quamobrem
1173 863 1349 890 beatissimus
1375 870 1443 897 papa
1470 862 1555 890 dixit:
1573 861 1692 897 Equum
1708 867 1762 895 est,

974 913 1004 936 ut
1019 910 1127 944 quando
1143 914 1170 936 tn
1190 916 1251 943 qum
1280 909 1307 936 in
1324 916 1380 936 rem
1403 914 1476 935 tuam
1496 912 1573 935 erant
1598 908 1705 939 dixisti,
1721 915 1765 934 rc-

974 955 1109 990 spondeas
1124 956 1205 982 etiam
1223 955 1257 982 ad
1272 963 1302 982 ea
1327 963 1388 988 quae
1405 951 1545 988 postremo
1563 954 1631 982 dixit
1644 954 1763 982 Joannes

974 1002 1161 1036 provincialis.
1178 1001 1219 1028 Tu
1234 1009 1299 1028 vero
1317 1001 1485 1035 respondere
1511 1001 1621 1035 quidem
1640 1001 1763 1033 noluisti,

974 1048 1022 1075 sed
1039 1055 1123 1082 pauca
1136 1048 1251 1076 distorta
1268 1052 1295 1074 et
1307 1055 1390 1080 prava
1406 1047 1531 1081 nihilque
1547 1047 1580 1074 ad
1598 1055 1652 1074 rem
1664 1047 1766 1074 facien-

976 1093 1012 1120 tia
1030 1094 1141 1126 dixisti;
1168 1100 1193 1121 et
1211 1093 1297 1120 sessio
1309 1093 1428 1120 dimissa
1447 1097 1507 1125 est;
1538 1101 1626 1127 neque
1649 1093 1765 1127 amplius

976 1140 1008 1167 ad
1021 1140 1169 1167 concilium
1184 1139 1277 1166 venire
1293 1139 1414 1166 voluisti.
1430 1139 1495 1166 Esse
1513 1146 1595 1173 porro
1623 1147 1723 1166 novum
1738 1143 1766 1166 et

976 1185 1135 1212 damnatum
1161 1184 1322 1211 Latinorum
1352 1183 1451 1219 dogma
1476 1191 1527 1211 nec
1556 1183 1689 1218 probasti,
1715 1191 1766 1210 nec

976 1231 1104 1266 probabis
1119 1238 1240 1266 unquam
1258 1231 1299 1257 rel
1318 1236 1356 1263 tu,
1371 1230 1412 1258 vel
1426 1230 1516 1265 quivis
1530 1230 1600 1257 alius
1616 1235 1640 1257 te
1658 1230 1766 1258 doctior

976 1283 1003 1306 et
1019 1277 1181 1310 sublimior;
1199 1284 1260 1303 nam
1272 1277 1369 1312 dogma
1385 1277 1437 1303 lioe
1451 1283 1505 1303 non
1523 1281 1564 1303 est
1577 1283 1689 1306 novum.
1703 1283 1765 1303 eum

977 1330 1064 1358 usque
1081 1330 1094 1349 a
1111 1322 1230 1350 secunda
1248 1322 1352 1357 synodo
1367 1322 1402 1349 sit
1416 1327 1442 1349 et
1459 1327 1582 1349 cantetur
1599 1322 1626 1348 in
1643 1322 1775 1349 Romana-

978 1369 1099 1397 Ecclesia
1113 1378 1119 1402 ;
1138 1377 1227 1404 neque
1240 1369 1338 1405 dogma
1355 1368 1515 1396 Latinorum
1531 1375 1571 1396 est
1587 1374 1634 1395 aut
1657 1369 1774 1396 Graeco--

979 1423 1055 1449 rum;
1075 1415 1142 1442 ildes
1157 1416 1230 1443 enim
1258 1423 1311 1442 non
1328 1419 1370 1442 est
1381 1415 1511 1450 partium,
1532 1416 1578 1442 sed
1598 1415 1769 1443 Christiano-

978 1469 1051 1493 rum,
1069 1461 1202 1496 siquidem
1219 1469 1315 1489 omnes
1331 1465 1384 1488 tam
1402 1461 1489 1489 (ἔτιεοί
1517 1468 1598 1495 quam
1616 1460 1703 1488 Latini
1717 1461 1768 1488 do-

979 1513 1071 1535 ctOres
1091 1508 1127 1535 ita
1143 1508 1284 1535 sentiunt:
1303 1507 1356 1535 nisi
1383 1507 1450 1535 velis
1469 1515 1554 1541 usque
1570 1507 1637 1534 adeo
1652 1507 1768 1534 stolidus

980 1554 1077 1586 videri,
1101 1557 1131 1580 ut
1146 1553 1258 1582 Latinos
1273 1561 1353 1582 voces
1369 1558 1482 1582 sanctos
1494 1554 1574 1581 etiam
1601 1558 1628 1580 et
1643 1553 1768 1581 doctores

979 1601 1142 1628 Orientales.

1315 1748 1433 1776 EPllES.

1015 1793 1084 1821 Cum
1101 1794 1137 1821 ita
1162 1802 1344 1829 perorassem,
1370 1803 1465 1822 eorum
1492 1797 1686 1831 congressibus
1710 1798 1769 1826 vale

980 1841 1047 1873 dixi,
1071 1845 1199 1868 statutum
1217 1841 1321 1868 habens
1337 1847 1383 1868 aut
1397 1841 1571 1869 devitandum
1587 1850 1648 1870 esse
1659 1851 1770 1872 conses-

981 1895 1040 1914 sum
1054 1894 1158 1918 eorum,
1176 1892 1221 1913 aut
1236 1891 1310 1914 certe
1329 1887 1394 1914 mihi
1419 1888 1576 1915 tacendum.
1608 1888 1706 1916 Verum
1731 1889 1769 1916 illi

981 1939 1090 1960 nostros
1106 1934 1227 1960 volentes
1245 1933 1367 1960 nolentes
1385 1933 1563 1966 advocabant,
1590 1942 1623 1961 eo
1639 1935 1711 1969 quod
1727 1944 1770 1963 re-

981 1980 1116 2013 spondere
1134 1979 1232 2006 vellent
1251 1979 1284 2006 ad
1301 1987 1332 2006 ea
1346 1987 1406 2014 quae
1422 1979 1493 2006 dicta
1508 1985 1596 2007 erant.
1613 1981 1690 2014 Quod
1707 1989 1770 2009 cum

981 2024 1121 2058 fecissent,
1137 2033 1178 2052 me
1192 2033 1244 2052 non
1268 2030 1402 2060 praesente
1420 2033 1502 2052 causa
1528 2026 1626 2058 morbi.
1642 2027 1711 2054 duas
1730 2027 1772 2054 in-

982 2078 1123 2105 sumpsere
1140 2071 1267 2105 deinceps
1281 2071 1418 2098 sessiones
1432 2070 1482 2105 ipsi
1505 2070 1555 2099 soli
1573 2071 1705 2106 dicentes,
1724 2081 1771 2100 ne-

983 2118 1056 2145 mine
1073 2117 1257 2145 del‘ensionem
1274 2117 1449 2152 suscipiente.

1329 2163 1425 2192 RESP.

184 2211 213 2238 '0
227 2211 330 2243 δίκαιος
351 2212 429 2246 λόγος
451 2212 561 2247 ἀπῄτει,
587 2211 681 2247 ἐπειδὴ
705 2212 737 2238 σὺ
753 2211 807 2238 ἀπὸ
832 2212 925 2246 μέρους

1020 2209 1108 2245 liqua
1134 2211 1203 2238 ratio
1231 2211 1396 2246 postulabat,
1416 2217 1445 2239 ut
1462 2217 1638 2248 posteaquam
1666 2217 1694 2240 tu
1722 2220 1777 2247 pro

141 2258 196 2284 τῶν
208 2258 333 2293 Γραικῶν
351 2256 439 2290 εἶπες,
455 2258 503 2284 καὶ
529 2257 599 2284 οὕτω
616 2250 746 2293 μακροὺς
769 2258 930 2288 κατέτεινας

141 2303 250 2336 λόγους,
266 2303 300 2329 ἶν’
317 2303 439 2339 ἀκούσῃς
452 2304 498 2330 καὶ
513 2305 562 2335 τὰς
577 2304 749 2339 ἀποκρίσεις.
766 2304 803 2330 Ob
823 2303 878 2339 γὰρ
890 2304 930 2330 δί-

142 2356 231 2380 καιον,
239 2347 285 2374 τὸν
293 2348 485 2383 διαλεγόμενον
496 2349 575 2383 μόνον
588 2349 678 2383 λέγειν
690 2348 749 2382 μὲν,
759 2349 809 2375 οὐκ
819 2348 932 2375 ἀκούειν

141 2394 170 2420 δὲ
184 2396 230 2421 καὶ
244 2394 291 2421 τοῦ
305 2395 519 2429 ἀποκρινομένου
531 2415 537 2422 .
558 2395 612 2421 Καὶ
632 2395 664 2421 σὺ
689 2396 738 2430 μὲν
752 2395 793 2428 τὺ,
810 2395 930 2422 Σέκουλα

143 2439 348 2474 σεκουλώρουμ,
362 2440 462 2472 εἰπὼν,
483 2441 639 2475 αἰσχυνθεὶς
665 2442 701 2475 τῇ
728 2442 929 2476 στενοχωρήσει

141 2485 190 2513 τοῦ
206 2486 262 2521 φρὰ
284 2486 407 2513 Ἰωάννου
427 2485 617 2522 ἀνεχώρησας,
642 2487 692 2512 καὶ
711 2486 804 2513 οὐκέτι
818 2486 931 2513 ἐδούλου

144 2533 293 2559 συνελθεῖν·
308 2534 332 2559 oi
356 2533 385 2559 δὲ
406 2534 517 2560 Λατῖνοι.
542 2533 591 2558 οὐκ
614 2532 756 2567 ἠνείχοντο
779 2532 931 2568 σιωπῆσαι,

143 2581 191 2606 καὶ
203 2581 259 2612 τοῖς
272 2580 328 2611 σοῖς
337 2579 428 2613 λόγοις
441 2579 478 2614 μὴ
486 2578 578 2606 δοῦναι
592 2579 752 2612 ἀπολογίαν.
769 2578 854 2605 Ὅθεν
865 2579 932 2606 ἐχά-

143 2626 208 2652 λουν
230 2625 378 2652 κανονικῶς
405 2625 478 2659 ὑμᾶς
507 2624 646 2651 συνελθεῖν
673 2625 721 2651 καὶ
742 2625 858 2652 ἀκοῦσαι
883 2626 932 2658 τὰς

143 2672 307 2706 ἀποκρίσεις
319 2670 374 2698 τῶν
390 2671 489 2705 λόγων.
506 2673 561 2699 Καί
574 2681 620 2698 σου
637 2671 686 2707 μὲν
704 2672 741 2707 μὴ
767 2671 932 2707 βουλομένου

143 2719 290 2750 συνελθεῖν,
307 2720 321 2744 ὁ
336 2718 465 2753 βασιλεύς
488 2727 518 2745 τε
533 2719 582 2745 καὶ
608 2719 623 2745 ὁ
643 2719 818 2754 πατριάρχης
843 2718 889 2745 καὶ
908 2719 933 2744 οι

143 2765 281 2791 ἐπίλοιποι
299 2764 348 2799 τῆς
362 2764 526 2799 ἀνατολικῆς
538 2764 703 2798 Ἑκκλησίας
716 2765 829 2798 λογάδες
842 2765 932 2800 ᾠήθη-

146 2819 195 2837 σαν
217 2811 324 2836 δίκαιον
348 2800 429 2837 εἶναι’
445 2809 594 2842 συνελθεῖν,
621 2811 669 2836 καὶ
692 2810 763 2836 οὕτω
787 2811 928 2846 συνῆλθον.

151 2857 346 2883 Ἀποστείλασα
363 2855 411 2884 οὖν
423 2857 440 2892 ή
468 2856 576 2888 silvosa;
606 2856 696 2883 ἐκάλει
713 2859 760 2884 καιί
778 2857 808 2883 σὲ
829 2856 926 2891 ἐλθεῖν,

984 2256 1087 2284 Grrccis
1102 2257 1222 2289 dixeras,
1239 2262 1265 2285 et
1283 2257 1352 2284 adeo
1368 2258 1487 2293 prolixos
1502 2266 1643 2286 sermones
1670 2259 1772 2286 habue-

985 2312 1039 2335 ras.
1057 2304 1168 2331 audires
1197 2304 1279 2331 etiam
1299 2304 1508 2338 responsiones;
1528 2312 1617 2339 neque
1644 2305 1716 2332 enim
1728 2304 1773 2339 ju-

984 2355 1055 2377 stum
1081 2354 1122 2376 est
1147 2349 1234 2376 solum
1265 2348 1448 2384 disputantem
1471 2348 1572 2382 dicere,
1599 2354 1623 2376 et
1644 2357 1775 2383 responsa

984 2403 1038 2423 non
1054 2395 1159 2422 audire.
1179 2395 1210 2422 Et
1226 2399 1253 2421 tu
1268 2395 1377 2429 quidem
1391 2402 1466 2426 cum,
1480 2394 1585 2422 Saecula
1597 2395 1776 2427 szecnlorum,

985 2441 1203 2476 pronuntiasscs,
1219 2448 1274 2476 pra:
1289 2441 1403 2476 pudore,
1421 2441 1493 2474 quod
1511 2445 1537 2467 te
1553 2441 1638 2467 frater
1652 2439 1777 2467 Joannes

984 2488 1012 2514 in
1025 2487 1164 2521 angustias
1191 2487 1353 2522 redegisset,
1366 2486 1514 2518 recessisti,
1545 2494 1595 2514 nec
1612 2487 1731 2522 amplius
1746 2487 1773 2513 in

984 2533 1119 2569 synodum
1136 2534 1178 2561 ire
1202 2533 1330 2565 voluisti;
1347 2532 1435 2560 Latini
1449 2541 1513 2560 vero
1537 2534 1618 2561 silere
1632 2534 1774 2570 haudqua—

985 2588 1066 2615 quam
1083 2580 1266 2612 sustinebant.
1293 2584 1320 2607 et
1336 2580 1390 2607 tuis
1407 2579 1581 2607 sermonibus
1605 2581 1707 2608 nullam
1725 2588 1777 2616 op-

989 2634 1090 2663 ponere
1105 2626 1302 2654 deiensionem.
1314 2625 1485 2662 Quapropter
1502 2628 1633 2655 canonice
1646 2636 1694 2655 vos
1708 2636 1777 2656 con-

986 2673 1132 2706 vocabant,
1146 2677 1176 2700 ut
1193 2673 1388 2705 conveniretis,
1404 2678 1430 2700 et
1444 2681 1575 2708 responsa
1587 2675 1620 2702 ad
1633 2682 1778 2702 sermones

987 2718 1095 2745 habitos
1110 2718 1241 2746 audiretis
1255 2727 1262 2746 :
1288 2724 1314 2745 te
1331 2726 1396 2746 vero
1413 2724 1546 2746 renuente
1561 2725 1588 2747 et
1612 2727 1666 2748 non
1681 2725 1777 2752 eunte,

986 2765 1147 2799 imperator.
1171 2769 1198 2792 et
1214 2765 1378 2800 patriarcha.
1394 2771 1420 2792 et
1437 2765 1533 2800 reliqui
1560 2764 1706 2794 Orientalis
1723 2766 1776 2793 Er-

985 2811 1074 2838 clesim
1099 2812 1244 2846 optimates
1273 2811 1492 2838 conreuirmlnm
1520 2819 1580 2839 esse
1603 2812 1776 2848 iudicarunt,

983 2862 1064 2893 atque
1075 2857 1111 2885 ita
1134 2862 1330 2886 convenerunt.
1359 2859 1555 2886 Aeecrsitustu
1569 2866 1679 2894 quoque.
1699 2858 1776 2886 fuisti
