1961 3070
145 158 212 191 Ζοῦθ

489 222 584 252 ΕΦΕΣ.

186 263 264 291 Ἐπεὶ
278 265 306 292 δέ
325 274 376 300 μου
393 268 609 303 σεσιωπηκότος,
625 270 713 302 οὐδεὶς
730 272 772 298 ἔτι
789 273 843 298 τῶν
860 274 927 307 ἡμε-

145 311 232 347 τέρων
246 313 315 347 πρὸς
330 313 431 344 αὖτοὺς
448 314 603 349 ἐθάρρησεν
619 318 826 350 ἀντιτάξασθαι,
848 319 928 345 τοῦτο

148 358 198 392 μὲν
209 357 262 383 τῶν
277 358 416 392 ἀρχόντων
428 359 499 386 οὕτω
511 360 572 388 δέον
586 360 657 388 εἶναι
674 365 833 397 κρινόντων,
850 366 928 392 τοῦτο

146 404 174 430 δὲ
191 404 239 429 καὶ
259 404 404 435 ὀκνοῦντες
427 405 547 438 ἅπαντες
571 407 616 433 ’τὸν
640 409 743 442 ἀγῶνα,
761 412 809 436 καὶ
834 412 870 445 μὴ
888 412 932 443 εἰς.

146 450 236 485 ἔριδας
248 452 294 477 καὶ
310 452 432 486 ταραχὰς
447 453 590 488 ἐμπέσωσι
607 455 724 487 δεδιότες
739 464 746 471 ·
765 458 863 484 ἐκεῖνοι
879 459 928 493 τὴν

146 497 286 531 ἡμετέραν
299 498 403 533 σιωπὴν
421 499 457 530 ὼς
471 500 588 534 ἓ-ρμαιον
602 501 786 536 λογισάμενοι,
801 504 928 539 καθάπερ

145 543 222 573 τινὰς
238 543 360 577 φυγάδας
391 546 594 579 προεκαλοῦντο
616 548 678 579 τοὺς
692 549 843 583 ἡμετέρους
860 551 928 585 πρὸς

149 588 239 622 μάχην
251 596 259 603 ·
277 589 323 615 καὶ
343 589 476 624 μηδαμῶς
494 591 687 619 ὑπακουόντων
703 595 791 628 ἡμῶν,
812 596 928 630 ἐπεκρό-

146 642 210 658 τιιυν
236 633 273 664 ὡς
300 637 420 668 war-cal,
441 637 487 662 καὶ
511 637 560 672 τὴν
591 638 720 672 ἀλήθειαν
739 640 799 674 μεθ’
823 642 928 668 ἑαυτῶν

145 679 262 713 ἔχοντες.

480 729 584 756 ΔΠΟΛ.

188 771 372 807 Ἔπεκρότουν
394 776 442 810 οὐχ
465 776 502 806 ὼς
518 779 637 811 νικηταὶ,
656 778 715 804 ἀλλ’
731 779 767 809 ὡς
780 780 863 808 ἀθῶοι
877 782 928 815 τῆς

147 817 194 850 σῆς
209 818 349 853 διαΰολῆςθ
366 820 398 847 σὺ
420 822 473 855 γὰρ
487 823 538 853 καὶ
552 824 575 850 oi
592 826 662 852 κατὰ
675 827 704 852 σὲ
722 826 784 857 τοὺς
796 827 928 857 Λατίνους

144 863 301 896 αἱρετικοὺς
330 865 417 900 εἴχετε
445 866 488 894 διὰ
514 869 543 894 τὺ
568 869 660 903 λέγειν
682 872 730 897 καὶ
749 872 780 897 ἐκ
797 872 844 898 τοῦ
859 873 925 899 Υἱοῦ

146 908 258 943 Πνεῦμα
275 911 502 945 ἐκπορευόμενον,
523 915 571 940 καὶ
589 917 743 943 ἐνεκαλεττε
760 917 861 950 αὐτοῖς,
879 916 942 945 και

144 953 283 988 τολμητὰς
302 955 348 981 τοῦ
377 958 514 991 συμϐόλου
546 960 595 987 καὶ
620 964 839 997 παραχαράκτας
862 965 925 990 ἐκα-

143 998 225 1024 λεῖτε-
235 1001 335 1026 ἐκεῖνοι
348 1001 374 1027 δὲ
385 1003 448 1035 τοὺς
459 1005 553 1037 ἁγίους
564 1007 626 1037 τοὺς
636 1006 826 1040 ’Λνατολικούς
837 1018 865 1035 τε
879 1010 926 1036 καὶ

143 1044 273 1076 Δυτικοὺς
302 1049 518 1082 προκομίσαντες
538 1053 749 1086 συμφρονοῦντας
763 1055 800 1089 τῷ
820 1055 925 1082 ἑαυτῶν

141 1089 268 1124 δόγματι,
294 1092 310 1126 ἢ
337 1093 441 1127 βέλτιον
455 1096 538 1129 φάναι
550 1099 580 1131 τῇ
600 1098 725 1133 ἀληθεία,
746 1101 923 1136 ἐπεκράτουν,

143 1136 180 1166 ὡς
205 1136 255 1163 οὔκ
272 1139 326 1165 εἱσι
341 1140 476 1174 τολμηταὶ
504 1143 550 1169 τοῦ
577 1146 711 1179 συμῦἡλου
736 1147 752 1180 ἢ
780 1149 924 1183 αἱρετικοὶ,

142 1182 200 1209 ἀλλ’
215 1183 253 1215 ὼς
278 1185 326 1219 τὴν
344 1185 473 1220 ἀλήθειαν
491 1189 631 1223 λέγοντες,
647 1192 698 1227 ἥδη
725 1193 774 1227 τῆς
797 1194 925 1228 ἀληθείας

143 1229 276 1264 φανείσης
288 1231 331 1257 διὰ
341 1232 394 1258 τῶν
404 1232 573 1261 διδασκάλων
588 1237 637 1271 τῆς
651 1237 824 1273 Ἑκκλησίας.
838 1240 924 1275 Προε-

143 1275 274 1303 καλιῦντο
302 1278 328 1303 δὲ
350 1279 415 1309 τοὺς
432 1280 594 1316 ἡμετέρους,
618 1284 642 1309 εί
668 1283 810 1318 βούλονται
836 1287 925 1313 ἀντει-

142 1324 204 1348 πεῖν
219 1325 275 1355 τοῖς
293 1325 348 1351 τῶν
365 1323 533 1354 διδασκάλων
550 1330 653 1363 ῥητοῖς.
671 1331 702 1356 Ol
725 1332 857 1367 ἡμέτεροι
877 1331 925 1360 οὖν

141 1369 293 1404 ἀντιλέγειν
309 1372 380 1399 οὕτω
397 1374 466 1408 πρὸς
487 1375 520 1401 τὰ
539 1377 676 1410 φανότατα
693 1378 742 1404 οὐκ
758 1379 923 1416 ἐθάρρησαν,

141 1415 200 1442 οὐδὲ
218 1416 311 1449 ἁπλῶς
324 1419 522 1457 animantia:
538 1422 644 1457 ἤθελον,
660 1424 709 1458 οὐχ
719 1425 756 1455 ὡς
771 1426 923 1461 ὀκνοῦντες,

140 1462 156 1497 ἢ
175 1462 301 1495 δεδιότες,
325 1465 362 1497 ὡς
383 1467 415 1492 σῖ)
431 1466 494 1502 φῂς,
518 1467 575 1495 ἀλλ’
592 1469 630 1501 ὡς
651 1471 758 1504 μωρίαν
775 1472 923 1506 ὴγούμενοι

139 1509 290 1544 ἀντιλέγειν
307 1513 340 1546 τῇ
366 1513 496 1548 ἀληθείᾳ,
515 1514 586 1542 οὕτω
612 1518 738 1552 φανερῶς
760 1519 924 1556 δεικνυμένῃ

675 167 890 197 REFUTA'I‘H)
907 164 1022 196 MAllCl
1047 166 1238 196 El‘llESlNl.

1312 224 1432 253 EPIIES.

1015 272 1146 303 Quoniam
1165 279 1239 303 vero,
1272 271 1316 298 ubi
1339 272 1482 298 tacui-sent
1513 279 1572 305 ego,
1603 279 1634 296 cx
1663 271 1763 296 nostris

979 324 1059 343 nemo
1081 324 1164 344 ausus
1176 323 1214 344 est
1230 318 1346 351 amplius
1373 325 1433 344 sese
1463 317 1515 343 illis
1541 324 1687 350 opponere,
1708 322 1763 342 ttttn

979 363 1042 395 qttia
1054 363 1198 396 optimates
1228 364 1263 389 ita
1281 364 1336 389 ﬁeri
1366 367 1493 397 oportere
1519 364 1674 393 censebam,
1707 368 1763 389 tum

979 409 1042 442 quia
1055 416 1148 435 omnes
1159 415 1296 436 certamen
1314 409 1513 438 detrectabant.
1533 410 1658 436 timentes
1687 416 1720 435 ne
1735 416 1763 435 se

981 453 1073 480 litibus
1097 461 1128 480 ac
1153 454 1240 480 turbis
1271 454 1458 488 intplicarent;
1488 454 1524 480 illi
1552 454 1761 481 taciturnitatem

979 505 1101 526 nostram
1115 500 1198 526 veluti
1215 500 1321 526 lucrttm
1340 501 1481 535 inopinato
1494 501 1544 527 sibi
1556 501 1676 528 oblatum
1699 502 1762 530 rati.

980 550 1088 572 nostros
1108 546 1188 572 veluti
1220 546 1247 572 in
1279 545 1369 580 fugam
1402 554 1495 573 versos
1520 547 1702 580 prorocabant
1730 547 1762 573 ad

979 598 1117 626 pugnam:
1140 591 1219 617 nobis
1232 595 1321 617 atttetn
1341 592 1530 623 renuentibus.
1562 593 1764 627 applattdcbztnt

979 637 1016 664 illi
1033 637 1111 671 quasi
1122 637 1252 670 victores,
1267 641 1296 664 et
1320 638 1462 664 veritatem
1491 646 1506 664 a
1521 646 1549 664 se
1577 643 1695 666 stantem
1714 640 1763 665 ba-

979 683 1084 710 ltcules.
1549 720 1553 733 '

1323 729 1420 756 RESP.

1013 776 1222 811 Applaudebant
1237 783 1288 802 non
1308 780 1337 802 ιιι
1354 776 1482 807 victores,
1508 776 1554 802 sed
1571 780 1600 802 ut
1619 777 1697 810 culpa
1715 784 1762 802 va-

979 827 1081 854 cantes,
1098 830 1178 857 quam
1197 823 1222 848 itt
1240 823 1300 849 illos
1324 830 1372 856 per
1394 823 1557 849 calumniam
1574 823 1759 857 conjiciebas;

980 874 1006 896 tu
1023 869 1091 896 enim
1108 870 1189 903 etqtti
1204 875 1291 895 tecntn
1321 869 1452 900 sentiunt,
1482 869 1593 896 Latinos
1621 871 1761 897 haereticos

979 915 1130 948 habebatis,
1147 915 1218 946 quod
1235 915 1338 947 dicant,
1364 915 1447 942 etiam
1473 923 1504 941 ex
1522 915 1591 942 Filio
1614 917 1762 950 proel-dere

978 961 1127 995 Spiritum;
1145 965 1171 988 et
1185 961 1353 987 ittrusabatis
1365 969 1422 993 eos,
1441 961 1616 996 Sytubolique
1646 966 1760 989 textu-ra-

977 1012 1050 1034 tores
1064 1015 1095 1033 ac
1108 1007 1302 1040 depravatores
1315 1007 1454 1040 appellnba
1463 1008 1508 1033 tis.
1524 1007 1561 1033 llli
1576 1016 1638 1034 vero
1648 1009 1761 1042 prolatis

977 1052 1133 1079 doctoribus
1146 1057 1174 1078 et
1203 1051 1387 1079 Otictttalibus
1401 1059 1424 1080 et
1455 1051 1685 1086 Occidentalibus,
1713 1055 1760 1088 qtti

975 1105 1069 1124 eorum
1087 1097 1206 1132 dogmati
1237 1104 1283 1124 seu
1314 1098 1401 1132 potius
1434 1098 1538 1125 veritati
1566 1099 1760 1135 sum-agantur,

976 1144 1186 1178 applaudebant,
1226 1145 1297 1178 quod
1335 1152 1506 1180 nequaquam
1545 1147 1760 1173 siuttenu-rarii

977 1190 1097 1225 Symboli
1130 1197 1315 1225 corruptores.
1349 1192 1392 1219 vel
1421 1192 1553 1223 haeretici,
1569 1193 1615 1219 sed
1639 1193 1760 1220 veritatis

976 1243 1138 1268 assertores,
1159 1245 1220 1264 cum
1230 1246 1279 1272 per
1290 1238 1416 1265 doctores
1434 1238 1562 1266 Ecclesia:
1578 1238 1677 1266 veritas
1703 1239 1758 1272 jam

975 1282 1115 1309 eluxisset.
1128 1281 1242 1310 Nostros
1255 1291 1337 1317 porro
1357 1285 1516 1316 evocabant,
1540 1284 1561 1310 si
1580 1284 1645 1316 quid
1662 1285 1761 1312 vellent

976 1328 1066 1356 dicere
1082 1334 1176 1356 contra
1187 1330 1336 1356 sententias
1351 1330 1513 1363 doctorum;
1529 1336 1556 1357 at
1576 1331 1614 1358 illi
1631 1339 1684 1358 tton
1696 1338 1761 1358 sunt

976 1375 1036 1402 ausi
1051 1376 1182 1404 adversus
1198 1377 1365 1404 lucidissima
1381 1378 1517 1413 proloqui,
1536 1387 1624 1414 neque
1645 1380 1759 1407 omnino

975 1429 1004 1449 se
1020 1430 1157 1456 opponere
1173 1423 1329 1456 voluerunt,
1345 1431 1410 1458 non,
1427 1429 1458 1452 ut
1477 1426 1529 1455 ais.
1551 1427 1622 1461 quod
1649 1427 1759 1461 refuge-

975 1473 1034 1495 rent
1051 1474 1096 1495 aut
1124 1469 1260 1502 timerent.
1292 1471 1338 1498 sed
1370 1471 1434 1506 quia
1456 1472 1568 1500 stultum
1586 1481 1648 1500 esse
1663 1474 1760 1507 opina-

975 1519 1070 1541 rentur
1085 1519 1181 1542 contra
1195 1516 1337 1544 veritatem
1355 1517 1496 1552 disputare
1521 1524 1575 1546 tam
1603 1524 1695 1554 aperte
1714 1520 1760 1548 de-

139 1554 182 1581 διὰ
200 1555 254 1582 τῶν
270 1557 451 1584 Ἀνατολικῶν
476 1569 504 1585 τε
527 1562 576 1586 καὶ
595 1562 717 1588 Δυτικῶν
741 1564 921 1594 διδασκάλων.

975 1565 1152 1588 monstratam
1166 1570 1196 1588 nx
1224 1562 1342 1590 Orientis
1366 1568 1392 1590 et
1410 1563 1564 1592 Occidentis
1586 1565 1757 1593 doctoribus.

140 1600 175 1626 Σὺ
201 1601 230 1627 δὲ
256 1602 413 1638 ὲσιώπησας
439 1606 679 1642 τεχνηέντω;.οὺχ
700 1608 737 1639 ὡς
761 1610 921 1645 βουλόμενος

140 1649 257 1683 σιωπᾷν,
274 1648 331 1675 ἀλλ’
348 1649 385 1681 ὡς
401 1649 440 1685 μὴ
457 1650 607 1687 δυνάμενος
620 1653 769 1688 ἀντιλέγειν
783 1664 789 1671 ·
808 1657 850 1687 τὲς
867 1658 922 1692 γὰρ

135 1695 332 1730 διαλεγόμενος
360 1698 389 1723 ὲν
407 1698 508 1733 σταδίῳ
537 1701 627 1735 σιωπᾷ
654 1702 805 1735 ἐκουςὶως;
830 1704 846 1737 ἡ
868 1704 922 1740 γὰρ

138 1740 228 1774 σιωπὴ
242 1740 320 1775 νίκην
345 1741 424 1774 εὐθὺς
441 1742 576 1770 δείκνυσι·
591 1745 633 1771 δεῖ
643 1745 689 1772 οὖν
704 1747 749 1772 τὸν
759 1746 921 1783 διαλεγόμε-

137 1793 182 1810 νον
198 1786 241 1812 ἀεὶ
264 1788 365 1820 λέγειν,
383 1787 438 1814 ἔστ’
457 1788 490 1815 ἂν
504 1790 617 1826 νικήσῃ,
633 1790 648 1825 ἢ
666 1792 776 1827 νικηθῇ.
792 1793 827 1819 Σὺ
839 1793 867 1820 δὲ
884 1794 921 1830 μὴ

136 1831 286 1867 δυνάμενος
312 1832 353 1859 ἔτι
380 1834 483 1868 λέγειν,
501 1836 607 1870 σιωπὴν
635 1837 762 1864 ἀκούσιον
785 1839 920 1874 ἦσκησας,

135 1876 186 1912 τὴν
197 1876 341 1904 ἀσθένειαν
356 1877 576 1914 ὑποκρινάμενος
591 1890 598 1897 ·
614 1881 660 1908 καὶ
676 1882 763 1918 τούτῳ
774 1884 812 1918 τῷ
827 1886 921 1921 τρόπῳ

135 1922 182 1948 τοῦ
205 1923 311 1956 ἀγῶνος
334 1923 482 1957 ἐξέκλινας,
508 1925 589 1959 δῆλον
611 1927 680 1961 μετά
702 1928 798 1963 τιμῆς,
813 1929 851 1961 ὡς
871 1930 921 1957 οὒκ

135 1967 263 2003 ὲνικήθης
289 1970 317 1994 ὲν
347 1971 380 2004 τῇ
408 1970 526 2006 συνόδῳ·
544 1971 594 2006 τὴν
625 1972 680 2008 γὰρ
705 1974 837 2010 αἰσχύνην
867 1976 920 2011 πρὸ

134 2011 281 2047 ὀφθαλμῶν
296 2012 366 2048 ἔχων
382 2014 432 2040 οὐκ
446 2015 602 2051 ἠϐουλήθης
617 2017 766 2045 συνελθεῖν.

476 2105 571 2134 ΕΦΕΣ.

169 2149 254 2176 Τοῦτο
275 2150 304 2177 δὲ
322 2150 370 2177 καὶ
396 2151 440 2178 ἀεὶ
456 2154 546 2178 ποιεῖν
562 2153 687 2188 ἔμελλον,
703 2154 775 2183 οὕτω
790 2157 919 2191 καθάπαξ

133 2197 391 2231 παρεσκευασμένοι
420 2198 488 2232 πρὸς
513 2200 567 2226 πᾶν
584 2200 613 2226 τὸ
637 2201 785 2236 λεγόμενον
811 2204 918 2231 ἀντιλέ-

133 2250 204 2276 γειν,
219 2243 266 2270 καὶ
281 2243 388 2275 ἑαυτοῖς
407 2243 455 2278 τὴν
473 2245 552 2280 νίκην
569 2246 760 2282 ἐπιφημίζειν.

474 2337 580 2366 ΑΠΟΛ.

167 2378 421 2416 Παρεσκευασμένοι
447 2381 500 2408 εἰσὶ
522 2382 638 2410 πάντοτε
663 2385 686 2410 οἱ
709 2385 761 2420 τὴν
789 2387 918 2422 ἀλήθειαν

132 2424 192 2458 μεθ’
214 2425 320 2451 ἑαυτῶν
347 2425 456 2460 ἔχοντες
482 2426 636 2461 ἀντιλέγειν
666 2429 705 2463 τῷ
728 2431 832 2464 ψεύδει.
859 2433 915 2459 Καὶ

130 2471 210 2505 ἡμεῖς
240 2471 287 2498 νῦν
318 2471 424 2506 ’ἐτοιμοι
460 2474 508 2499 καὶ
544 2477 801 2510 παρεσκευασμένοι
830 2478 913 2512 ἐσμὲν

127 2517 185 2546 τοῖς
213 2517 320 2552 ἐχθροῖς
340 2517 390 2552 τῆς
407 2518 530 2549 ὲνὼσεως
555 2520 777 2549 ἀντιτάσσεσθαι.
808 2524 862 2550 Καὶ
888 2525 912 2550 o!

128 2562 240 2588 Λατῖνοι
259 2561 305 2589 οὖν
329 2564 375 2590 καὶ
390 2565 450 2590 τότε
476 2565 524 2591 καὶ
542 2564 591 2592 νῦν
611 2567 658 2592 καὶ
675 2567 719 2593 ἀεὶ
739 2576 912 2603 παρεσκευα-

128 2607 223 2642 σμένοι
248 2609 301 2635 εἰσὶ
319 2610 367 2635 καὶ
383 2609 489 2637 ἔσονται
506 2611 536 2637 οὐ
557 2612 625 2646 πρὸς
643 2613 672 2639 τὸ
695 2613 783 2645 καλῶς
801 2614 913 2649 λεγόμε-

126 2662 172 2680 νον
188 2654 351 2688 ἀντιλέγειν,
371 2655 441 2682 ἀλλὰ
458 2658 526 2690 πρὸς
552 2657 583 2684 τὺ
612 2659 704 2691 κακῶς
728 2662 776 2687 καὶ
806 2662 912 2696 ψευδῶς

126 2699 279 2734 λεγόμενον
305 2701 438 2734 γενναίως
456 2703 638 2731 ἀνθίστασθαι
656 2706 704 2733 καὶ
728 2707 914 2742 ἀποσκορακί-

126 2743 197 2777 ζειν,
213 2746 262 2780 οὐχ
282 2746 319 2778 ῶς
335 2748 548 2789 ἐπιφημίζοντες
563 2752 668 2783 ἑαυτοῖς
688 2752 737 2787 τὴν
752 2754 840 2789 νίκην,
854 2755 913 2782 ἀλλ’

125 2789 163 2821 ὡς
178 2791 380 2827 ἐκπληροῦντες
398 2794 428 2820 τὸ
443 2795 532 2829 χρέος,
547 2798 688 2824 τουτέστιν
704 2799 865 2827 ἀποδιώκειν
881 2803 912 2828 τὸ

124 2835 222 2870 ψεῦδος
239 2837 293 2864 ἀπὸ
307 2838 358 2873 τῆς
369 2839 509 2874 ἀληθείας,
528 2842 572 2868 ἵνα
589 2843 626 2878 μὴ
639 2844 725 2879 αὐτὴν
741 2846 908 2883 ἁμαυρώσῃ.

124 2883 179 2910 Καὶ
200 2883 246 2910 σοῦ
266 2885 315 2920 μὲν
341 2887 373 2911 ὲκ
401 2885 482 2920 μόνου
499 2887 546 2914 τοῦ
561 2889 678 2924 -Πατρὸς
691 2893 720 2918 τὴ
739 2891 850 2926 Πνεῦμα
867 2893 910 2920 λέ-

973 1604 1104 1632 Caeterum
1117 1612 1143 1632 tu
1160 1608 1256 1635 callide
1272 1609 1372 1636 siluisti
1387 1618 1394 1641 ;
1414 1619 1502 1645 neque
1516 1612 1588 1639 enim
1616 1612 1696 1640 silere.
1710 1620 1760 1639 vo-

974 1650 1058 1681 lebas,
1075 1652 1121 1677 Sed
1139 1653 1328 1681 contradicere
1358 1662 1412 1682 non
1440 1656 1549 1684 valebas
1567 1665 1574 1684 :
1591 1659 1652 1692 quis
1685 1659 1758 1686 enim

974 1696 999 1722 in
1015 1696 1104 1723 stadio
1130 1698 1273 1732 disputans
1301 1707 1351 1727 sua
1367 1702 1471 1735 [sponte
1498 1704 1682 1732 conticescit?
1707 1706 1759 1734 Si-

972 1742 1056 1769 lentio
1069 1743 1169 1777 quippe
1196 1744 1310 1771 victoria
1345 1747 1437 1773 statim
1451 1749 1617 1776 ostenditur.
1641 1750 1759 1785 Oportet

972 1795 1037 1822 ergo
1056 1788 1240 1822 disputantem
1268 1795 1400 1826 perpetuo
1429 1793 1519 1821 dicere
1532 1795 1621 1829 quoad
1651 1797 1753 1828 vincat,

972 1837 1019 1860 aut
1037 1833 1173 1862 vincatur.
1202 1834 1262 1862 Tibi
1293 1843 1369 1869 vero,
1396 1845 1457 1865 cum
1489 1840 1561 1867 ultra
1590 1841 1681 1868 dicere
1702 1851 1755 1870 non

971 1888 1077 1916 posses.
1095 1881 1207 1908 minitne
1223 1887 1405 1917 spontaneum
1434 1885 1573 1913 silentium
1593 1886 1654 1920 fuit,
1685 1896 1759 1915 mor-

972 1926 1036 1954 bum
1068 1927 1220 1961 sitnulauti,
1250 1933 1331 1963 atque
1346 1930 1382 1957 ita
1411 1939 1589 1966 congressum
1616 1933 1755 1966 devitanti.

971 1976 1002 2000 ut
1033 1973 1137 2001 scilicet
1166 1974 1279 2002 honoris
1308 1976 1346 2002 ttti
1370 1984 1454 2004 causa
1482 1985 1537 2004 non
1565 1981 1757 2009 suecumberes

971 2025 1063 2045 coram
1096 2020 1222 2053 synodo;
1241 2028 1357 2055 namque
1385 2021 1561 2056 ignominiam
1585 2033 1640 2059 pra:
1669 2027 1756 2054 oculis

971 2063 1075 2091 habens
1092 2064 1125 2091 ad
1144 2065 1281 2100 synodum
1300 2068 1432 2095 accedere
1450 2069 1572 2097 uoluisti.

1311 2112 1430 2142 EPlll‘JS.

1003 2157 1081 2190 Quod
1107 2157 1158 2193 ipsi
1187 2166 1253 2186 sane
1276 2167 1414 2194 nunquam
1444 2170 1496 2189 non
1523 2168 1607 2191 erant
1631 2164 1753 2199 facturi;

971 2212 1032 2231 cum
1049 2212 1082 2232 eo
1096 2204 1151 2232 sint
1166 2212 1277 2239 prorsus
1293 2207 1414 2241 ingenio,
1434 2213 1464 2235 ut
1481 2211 1573 2244 .parati
1588 2211 1642 2238 sint
1657 2219 1754 2241 contra

971 2258 1050 2278 omne
1065 2251 1135 2285 quod
1163 2252 1305 2284 asseritur,
1322 2252 1426 2286 dicrre,
1455 2259 1482 2281 et
1508 2256 1629 2284 victoria
1653 2257 1753 2285 famam

969 2296 1020 2324 sibi
1037 2297 1169 2331 tribuere.

1309 2345 1407 2373 RESP.

1002 2390 1094 2417 Parati
1114 2399 1222 2425 semper
1247 2399 1312 2421 suttt
1328 2394 1377 2425 illi.
1394 2401 1415 2420 ιι
1437 2394 1539 2429 quibus
1569 2399 1611 2423 est
1641 2396 1753 2427 veritas,

967 2440 1062 2463 contra
1083 2437 1254 2466 mendacium
1283 2439 1386 2467 dicere.
1418 2440 1472 2467 Nos
1504 2448 1611 2476 quoque
1636 2443 1752 2476 prompti

966 2483 1106 2517 paratique
1123 2491 1195 2510 nuttc
1210 2492 1304 2513 sumus
1319 2487 1350 2512 ad
1367 2487 1569 2521 repugnandum
1585 2488 1660 2522 pacis
1679 2488 1754 2515 initzt:

967 2527 1098 2554 inimicis.
1131 2528 1202 2564 Ergo
1222 2530 1310 2558 Latini
1327 2532 1408 2558 etiam
1437 2537 1464 2559 et
1491 2533 1537 2560 illo
1566 2539 1697 2568 tempore,
1726 2540 1754 2561 et

967 2579 1049 2603 nunc,
1071 2578 1098 2599 et
1119 2573 1144 2599 itt
1172 2580 1332 2609 perpetuum
1360 2583 1424 2603 sunt
1439 2583 1572 2613 eruntque
1586 2579 1674 2613 parati
1699 2588 1752 2607 no-t

967 2621 1063 2644 contra
1089 2619 1116 2645 id
1137 2620 1209 2653 quod
1230 2621 1298 2648 bene
1324 2623 1455 2650 asseritur
1485 2624 1584 2658 dicere,
1614 2625 1661 2652 sed
1679 2627 1752 2660 quod

967 2671 1108 2698 perperam
1134 2670 1161 2692 et
1193 2665 1262 2693 falso
1285 2667 1396 2700 dicitur,
1434 2660 1594 2698 constanier
1619 2671 1750 2704 refellere,

963 2709 1045 2744 idque
1070 2711 1144 2737 Velut
1173 2713 1370 2739 exsecrandum
1400 2715 1564 2750 proﬂigare;
1588 2723 1642 2742 non
1673 2718 1750 2750 quasi

963 2755 1085 2782 victoriae
1107 2763 1206 2783 nomen
1235 2757 1286 2784 sibi
1305 2758 1472 2792 tribuentes,
1498 2769 1593 2788 verum
1627 2762 1653 2788 id
1678 2762 1749 2796 qttod

962 2801 1061 2828 debent
1074 2806 1244 2836 prmstantes,
1271 2803 1323 2831 hoc
1340 2809 1379 2831 est
1409 2807 1581 2834 mendacium
1600 2815 1614 2834 a
1639 2809 1751 2835 veritate

964 2847 1139 2886 depelletttes,
1159 2849 1278 2877 neillam
1297 2851 1436 2878 obscuret.
1458 2851 1495 2879 Te
1511 2853 1594 2888 igitur
1616 2853 1749 2888 Spiritum

963 2900 994 2920 ex
1012 2894 1070 2922 solo
1085 2894 1162 2922 Patre
1183 2895 1344 2930 allirntante,
1372 2898 1452 2930 idque
1481 2906 1514 2927 ei
1537 2900 1612 2926 nullo
1639 2900 1749 2928 doctum
