1961 3075
237 182 308 215 1135

764 191 770 200 ’
818 182 976 213 JOSEPlll
997 183 1021 212 Μ
1030 180 1276 212 ETllONENSlS

1796 180 1872 213 Ἡἵίἓῖ

220 240 303 275 _pite,
319 246 362 266 ex-
377 238 455 266 Patre
475 245 523 274 per
546 238 655 272 Filium,
671 243 765 274 aperte
779 240 878 267 clamat
900 249 906 266 :
928 244 956 267 et
976 247 1024 267 vos

1077 237 1114 272 τῷ
1130 237 1213 272 ὀγδίῳ
1226 239 1272 263 καὶ
1286 238 1322 273 τῷ
1335 238 1557 274 τρισκαιδεκάτῳ
1571 238 1627 265 τῶν
1642 237 1806 272 θεολογικῶν
1822 241 1875 266 αὺ-

238 294 333 322 mpgua
346 293 412 314 voce
428 285 545 313 canitis:
566 295 574 310 ι
593 285 712 320 Spiritus
731 285 880 313 bonitatem
898 293 1022 313 contmn-

239 333 344 364 nicans,
360 340 393 359 ex
411 332 488 359 Patre
503 339 551 366 per
569 337 595 359 te
612 331 773 366 procedens.
797 341 806 357 ι
830 331 860 358 Et
872 332 902 358 .in
918 339 1024 359 canone

238 378 339 406 domini
357 377 530 412 Theophanis
545 378 572 405 in
584 377 774 410 Pentecosten,
789 378 841 406 ode
855 383 931 406 sexta
945 387 952 405 :
968 377 1024 405 ιΤιι

237 425 336 452 ﬂumen
351 425 459 452 deitatis
471 432 504 452 ex
519 425 599 452 Patre
614 433 662 459 per
679 425 776 452 Filium
789 424 952 459 procedens.
968 434 977 450 ι
997 425 1024 451 ld

237 477 340 505 tamen,
356 479 511 507 quanquam
532 471 656 506 psallitis,
673 472 825 506 abnegatis.
843 472 878 499 At
899 479 949 499 nos
962 478 1024 498 cum

237 517 362 544 audimus
383 522 493 545 sanctos
510 525 542 544 ea
555 518 637 545 verba
653 525 726 553 saepe
737 518 871 549 dicentes,
887 518 1024 545 interdum

234 563 347 598 quidem
361 571 408 589 «ex
424 563 504 592 Patre
521 569 548 592 et
563 563 646 591 FlllO)
665 564 724 592 sine
740 563 867 593 articulo.
887 563 1024 591 interdum

238 617 303 636 vero
330 619 340 636 ι
360 610 492 637 exl‘atre
517 614 544 637 et
573 609 652 643 Filio,
669 619 678 636 ι
697 617 758 637 cum
773 610 899 643 articulo,
916 613 942 636 et
962 619 971 635 ι
993 617 1026 636 ex

239 657 318 684 l‘atre
333 664 381 691 per
397 655 521 688 Filium,»
537 661 563 683 et
580 664 628 682 «cx
643 655 722 683 Patre
733 660 760 682 ct
770 663 801 683 ex
819 655 896 688 Filio,
915 665 923 681 ι
941 660 968 682 et
982 662 1027 682 es-

239 703 390 730 sentialiter
405 711 437 730 ex
453 702 597 736 ambobus,
612 707 639 729 et
652 709 684 729 ex
705 707 820 736 utroque
835 701 966 736 procedit,
985 701 1026 728 in-

241 750 388 785 telligimus
399 749 543 777 dictionem
559 757 606 783 per
615 756 675 776 esse
685 756 794 776 causam
810 755 890 782 quam
902 748 1027 775 Theodo-

238 796 310 823 ritus
326 803 388 823 cum
402 800 479 823 metu
497 800 524 822 et
536 795 649 822 horrore
665 794 740 822 vitat.
752 794 926 828 Resipiscitc,
941 798 967 821 ct
979 801 1026 821 vos

208 869 211 874 ,
237 850 297 875 oro,
309 847 339 869 ut
354 842 478 869 videatis.
494 841 528 868 At
540 841 600 876 quia
613 841 797 868 Theodoritus
806 841 953 868 damnatus
963 840 1024 873 fuit,

239 896 301 915 cum
329 887 494 915 sanctissimi
518 887 638 922 Spiritus
661 887 863 922 processionem
890 887 971 914 etiam
993 893 1024 913 ex

226 933 308 961 .Filio
327 934 473 969 procedere
497 941 552 961 non
571 933 713 968 reciperet,
739 933 793 960 imo
808 933 868 960 libri
897 933 954 968 eius
979 940 1027 960 ex-

227 979 432 1007 communicati
449 984 524 1013 sunt,
542 987 610 1014 quos
623 979 756 1007 adversus
770 986 875 1006 sacrum
895 978 1026 1013 Cyrillum

240 1024 369 1060 scripsit,
395 1024 458 1052 audi
491 1024 600 1051 tertium
628 1024 764 1051 decimum
786 1028 872 1058 caput
898 1031 929 1050 ex
959 1024 1027 1050 actis

240 1070 416 1098 mcunienicte
435 1071 536 1105 quinta),
553 1070 653 1106 synodi
672 1078 680 1096 :
704 1070 749 1097 «Si
766 1070 828 1105 quis
843 1070 925 1105 impia
939 1069 1028 1096 Theo-

239 1118 320 1145 doriti
334 1110 434 1152 scripta
455 1117 603 1152 capesserit
617 1116 750 1144 adversus
770 1122 871 1144 rcctam
888 1117 980 1151 Cyrilli
994 1115 1027 1143 li-

240 1164 300 1191 dem
319 1163 378 1198 ejus
394 1163 538 1204 duodecim
555 1163 654 1198 capita,
677 1163 749 1190 idem
765 1170 828 1190 cum
847 1162 990 1190 Theodoro
1001 1166 1029 1190 et

239 1209 365 1237 Nestorio
379 1209 536 1241 sentientia,
557 1216 588 1236 ea
606 1213 634 1236 et
649 1216 742 1236 eorum
757 1208 924 1243 impietatem
936 1208 1029 1236 defen-

239 1256 340 1290 dendo,
355 1264 404 1284 nec
415 1256 688 1283 anathematizaverit
704 1260 768 1283 ante
781 1255 855 1283 dicta
872 1255 984 1291 scripta,
1000 1259 1028 1283 et

239 1310 286 1330 eos
299 1303 344 1337 qui
359 1301 456 1330 similia
474 1302 516 1330 his
534 1307 680 1330 senserunt
696 1301 738 1329 vel
750 1301 883 1334 sentiunt,
896 1307 922 1328 et
933 1309 1028 1328 omnes

241 1349 286 1384 qui
299 1348 430 1375 adversus
442 1352 543 1375 rectam
560 1347 648 1374 sancti
661 1346 753 1383 Cyrilli
768 1347 847 1374 ﬁdem
858 1347 1028 1382 conscripse-

242 1398 316 1426 runt,
331 1393 474 1421 duodecim
487 1393 545 1428 ejus
556 1393 655 1428 capita,
667 1397 694 1420 et
712 1393 739 1420 in
754 1401 784 1420 ea
802 1393 942 1428 impietate
954 1393 1027 1420 θυίο-

243 1444 303 1466 ι·υιιῐ
337 1439 482 1466 anathema
500 1438 546 1465 sit.
568 1447 576 1464 ι
591 1438 722 1465 Similiter
744 1443 838 1465 sancta
854 1443 929 1465 sexta
945 1445 1028 1473 syno-

240 1487 303 1518 dus,
319 1486 408 1520 capite
427 1492 499 1513 nono
519 1484 624 1518 inquit:
641 1492 650 1508 ι
667 1483 695 1511 Si
707 1484 769 1518 quis
783 1484 941 1512 'l'lteodoriti
956 1485 1028 1512 scri-

240 1537 282 1565 pta
301 1531 432 1558 adversus
452 1535 554 1558 rectam
569 1530 658 1557 sancti
675 1529 767 1565 Cyrilli
788 1530 869 1558 ﬁdem
888 1539 944 1558 non
961 1539 1027 1559 ana-

1078 282 1125 308 τοῦ
1145 283 1315 316 κεφαλαίων,
1336 284 1369 310 ἐκ
1383 284 1489 319 Πατρὶς
1507 283 1542 310 δι’
1554 284 1619 310 Υιοῦ
1632 284 1782 320 διαρρήδην
1800 285 1852 320 βοᾷ
1865 294 1873 300 '

1077 330 1124 355 καὶ
1139 329 1216 364 ὑμεῖς
1232 329 1260 356 δὲ
1273 330 1380 366 μεγάλῃ
1389 331 1421 365 τῇ
1440 332 1516 366 φωνῇ
1535 329 1639 366 ᾄδετε,‹
1656 331 1770 365 Πνεῦμα
1786 340 1872 364 μετα-

1075 374 1182 402 δοτικδν
1198 375 1378 411 ἀγαθότητος,
1398 377 1429 403 ἐκ
1448 377 1555 411 nmo;
1575 376 1619 404 διὰ
1638 377 1685 403 σοῦ
1703 379 1874 413 προερχόμε·

1076 430 1130 449 νον.
1148 432 1157 448 ι
1170 423 1213 449 Ἐν
1228 422 1257 449 δὲ
1270 422 1309 458 τῷ
1327 422 1420 449 κανόνι
1432 423 1470 458 τῷ
1486 423 1527 454 είς
1540 423 1590 458 τὴν
1607 423 1808 459 Πενττικοστὴν,
1823 426 1873 451 τοῦ

1077 468 1129 502 κῦρ
1155 467 1308 502 Θεοφάνους
1323 469 1351 496 ὲν
1374 470 1406 504 τῇ
1423 468 1491 504 ἕκτῃ
1579 477 1586 484 ⁸
1603 478 1611 494 ι
1629 469 1665 496 Σὺ
1679 469 1733 505 γὰρ
1749 470 1875 505 ποταμὸς

1077 513 1217 548 θεότητος,
1242 514 1274 540 ἐκ
1295 514 1401 548 Πατρὶς
1417 513 1450 540 δι’
1471 514 1536 540 Υίοῦ
1564 515 1768 549 προερχόμενον
1783 523 1807 540 Ἰ
1826 516 1874 541 καὶ

1077 560 1153 594 ὅμως
1167 561 1191 586 εἰ
1208 560 1254 587 καὶ
1268 560 1395 596 ψάλλετε,
1413 561 1541 596 ἁρνεῖσθε
1554 569 1561 576 ¹
1578 562 1660 596 ἡμεῖς
1672 561 1700 588 δὲ
1712 562 1777 588 ὅταν
1791 561 1875 588 ἁκού-

1079 615 1170 641 σωμεν
1190 608 1245 634 τῶν
1270 607 1356 641 ἁγίων
1384 607 1528 643 πολλαχῶς
1554 608 1688 641 λεγᾶντων
1714 609 1764 643 τὴν
1791 608 1874 642 ﬁn

1077 653 1188 689 ταύτην,
1203 654 1266 680 ποτὲ
1277 654 1328 689 μὲν
1340 664 1348 680 ι
1359 654 1391 681 ὲκ
1403 655 1508 690 nam;
1523 654 1571 681 καὶ
1582 655 1675 688 Tia-3,»
1687 655 1751 680 ποτὲ
1760 654 1800 686 δὲ,
1815 666 1825 679 ι
1838 655 1872 680 ἐκ

1077 699 1124 726 τοῦ
1133 701 1239 735 Πατρὺς
1249 701 1356 728 καὶτοῦ
1374 700 1465 733 Tini,»
1477 701 1552 733 καὶ,ι
1568 702 1601 727 ἐκ
1615 701 1720 736 [ἰατρὸς
1733 700 1767 726 δι’
1776 700 1852 730 Tia-3,
1861 710 1872 724 ι

1079 747 1186 779 καῖμὲκ
1197 747 1301 782 Πατρὺς
1312 748 1358 773 καὶ¹
1370 747 1398 779 ἐξ
1410 746 1485 778 Υἱοῦ,
1493 756 1502 772 ι
1518 748 1564 773 xxi.
1577 747 1605 780 ἐξ
1615 747 1716 781 ἀμφοῖν
1723 745 1875 778 οὐσιωδῶς,

1077 795 1124 820 καὶ
1151 793 1181 825 ἐξ
1200 793 1367 829 ἀμφοτέρων
1398 793 1593 828 ἐκπορεύεται,
1612 793 1726 828 νοοῦμεν
1741 792 1790 828 τὴν
1811 793 1873 823 διὰ,

1078 838 1168 866 αἰτίαν
1183 848 1190 855 ·
1205 839 1238 874 ἢν
1263 840 1277 865 ὸ
1302 839 1466 873 Θεοδὼριτος
1497 840 1566 872 μετὰ
1583 839 1665 874 φόϐου
1693 840 1739 866 καὶ
1764 839 1872 874 τρόμου

1079 885 1185 919 φεύγει.
1211 885 1364 921 Ἐκνήψατε
1375 885 1511 918 καὶύμεῖς
1528 886 1680 920 παρακαλῶ
1692 887 1764 916 ὅπως
1781 887 1870 920 ἴδητε.

1087 931 1155 959 Ἀλλ’
1171 932 1209 958 ὅτι
1224 931 1270 958 καὶ
1289 932 1476 968 ὀΘεοδώριτος
1494 932 1688 966 κατεδικάσθη,
1707 933 1744 967 μὴ
1759 933 1873 967 δεχόμε-

1080 987 1125 1010 νος
1141 977 1192 1012 τὴν
1217 978 1382 1013 ἔκπόρευσιν
1407 979 1454 1005 τοῦ
1483 979 1617 1013 παναγίου
1641 979 1799 1013 Πνεύματςς
1824 979 1873 1004 καὶ

1079 1024 1132 1051 ἀπὸ
1159 1024 1205 1050 τοῦ
1224 1024 1300 1056 Υίοῦ,
1320 1024 1422 1059 μᾶλλον
1446 1025 1473 1051 δέ
1489 1033 1521 1059 γε
1549 1033 1597 1052 κα.
1623 1024 1821 1060 ἀφωρίσοησαν
1837 1024 1872 1051 τὰ

1081 1071 1289 1105 συγγράμματα
1305 1069 1388 1097 αὑτοῦ
1411 1070 1429 1097 ἃ
1452 1070 1606 1106 συνέγραψε
1621 1071 1693 1098 κατὰ
1718 1070 1766 1097 τοῦ
1790 1071 1871 1105 ἁγίου

1081 1117 1231 1150 Κυριλλου,
1256 1116 1374 1144 ἄκουσον
1394 1117 1543 1151 κεφάλαιον
1563 1118 1790 1150 τρισκαιδέκατον
1815 1117 1872 1144 ἀπὸ

1079 1162 1133 1190 τῶν
1150 1163 1311 1198 πρακτικῶν
1340 1166 1389 1199 τῆς
1408 1164 1489 1198 ἁγίας
1519 1165 1567 1191 καὶ
1584 1164 1778 1199 οικουμενικῆς
1798 1164 1871 1199 πέμ-

1080 1217 1151 1243 πτης
1180 1209 1300 1236 συνόδοψ
1323 1219 1331 1236 ι
1357 1210 1389 1237 Εἴ
1409 1219 1451 1242 τις
1474 1210 1654 1238 ἀντιποιεῖται
1679 1211 1732 1237 τῶν
1761 1210 1872 1237 ἀσεϐῶν

1080 1255 1306 1289 συγγραμμάτων
1331 1256 1510 1290 Θεοδωρίτου,
1536 1257 1591 1284 τῶν
1615 1257 1687 1283 κατὰ
1709 1257 1759 1291 τῆς
1784 1257 1872 1291 ὀρθῆς

1080 1299 1196 1332 πίστεως
1213 1301 1260 1327 καὶ
1282 1301 1328 1328 τοῦ
1345 1302 1496 1338 Κυρίλλου,
1521 1303 1568 1329 καὶ
1587 1303 1641 1329 τῶν
1658 1303 1768 1330 δώδεκα
1786 1303 1871 1330 αὐτοῦ

1079 1346 1248 1380 κεφαλαίων,
1265 1347 1320 1374 τῶν
1346 1347 1380 1374 τὰ
1399 1349 1470 1376 αὐτὰ
1492 1350 1548 1381 τοῖς
1567 1351 1779 1384 προειρημὶνοις
1805 1350 1873 1376 Θεο-

1079 1392 1157 1428 δώρῳ
1172 1393 1220 1420 καὶ
1248 1391 1388 1429 Νεστορῖῳ
1408 1396 1612 1430 φρονησάντων,
1630 1397 1747 1422 ἐκδικῶν
1770 1396 1870 1428 αὖτοὺς

1079 1448 1108 1465 τε
1123 1439 1170 1466 καὶ
1189 1439 1240 1475 τὴν
1254 1441 1344 1467 αὐτῶν
1367 1441 1508 1476 ἀσέϐειαν,
1523 1442 1590 1469 ἀλλὰ
1613 1443 1651 1477 μὴ
1671 1443 1870 1478 άναθεματίζει

1079 1485 1112 1512 τὰ
1125 1487 1258 1521 εἰρημένα
1274 1487 1358 1522 ἀσεϐῆ
1377 1489 1594 1524 συγγράμματα,
1607 1490 1652 1516 καὶ
1664 1489 1726 1521 τοὺς
1739 1492 1773 1517 τὰ
1787 1490 1870 1526 ὃμοια

1079 1532 1173 1564 αὐτοῖς
1189 1535 1379 1569 φρονήσαντας
1395 1535 1412 1570 ἢ
1427 1536 1606 1571 φρονοῦντας,
1623 1537 1669 1564 καὶ
1684 1538 1790 1569 πάντας
1803 1538 1870 1570 τοῦς

239 1576 466 1609 thematizaverit,
494 1580 521 1603 et
549 1576 689 1611 epistolam
712 1584 771 1611 qua:
796 1576 849 1604 lbae
875 1577 977 1604 dicitur
999 1582 1024 1605 et

1078 1579 1237 1614 γράψαντας
1273 1581 1343 1607 κατὰ
1362 1581 1413 1615 τῆς
1441 1581 1527 1617 ὀρθῆς
1550 1583 1670 1615 πίστεως
1692 1584 1741 1610 καὶ
1765 1584 1815 1610 τοῦ
1839 1586 1869 1612 ἐν

238 1625 413 1652 Theodorum
430 1623 612 1658 Mopsueslite.
628 1627 657 1650 et
671 1623 770 1657 scripta
796 1624 855 1658 ejus
869 1631 876 1650 :
889 1629 915 1652 et
927 1624 948 1652 si
965 1625 1027 1660 quis

237 1669 326 1697 sancti
338 1668 429 1704 Cyr-illi
447 1668 548 1703 scripta
563 1676 616 1694 non
631 1668 775 1703 receperit,
792 1676 878 1704 eaque
890 1670 1027 1705 praecipue

228 1723 299 1752 quin
312 1715 442 1742 adversus
454 1714 640 1745 Theodorum.
658 1714 868 1748 'l'heodoritutn,
886 1715 1025 1753 Andream

236 1768 265 1789 et
279 1760 445 1793 Nestorium,
471 1765 498 1787 et
513 1768 560 1788 eos
583 1760 628 1794 qui
643 1761 740 1788 similia
765 1761 869 1789 eisdem
890 1762 929 1790 vel
944 1762 1024 1789 alit-ui

237 1816 333 1836 eorum
356 1814 511 1840 senserunt.
539 1809 580 1836 vel
605 1809 736 1840 sentiunt.
760 1809 912 1843 conscripta
941 1814 1024 1843 sunt,

237 1857 382 1883 anathema
400 1856 463 1883 sit.»
483 1855 588 1882 Similia
612 1859 709 1889 quarta
724 1855 892 1882 mcunienira
905 1859 932 1882 et
944 1855 1026 1890 septi-

236 1909 280 1927 ma
296 1902 417 1936 synodus
431 1901 584 1928 continent.
603 1900 680 1934 Quod
692 1905 784 1928 autem
797 1900 879 1927 dictio
894 1909 950 1934 per,
963 1909 1024 1927 eum

237 1947 272 1973 de
297 1946 366 1974 Filio
383 1946 491 1980 dicitur,
511 1946 628 1974 medium
652 1946 822 1973 demonstret
843 1946 1026 1980 prucessionis

237 1992 388 2020 sanctisimi
406 1992 523 2028 Spiritus
536 1999 568 2019 ex
581 1991 673 2024 Patre,
683 1991 745 2019 audi
758 1991 944 2019 admirabilem
957 1992 1024 2019 Gre-

236 2039 343 2074 gorium
358 2038 510 2073 Nyssennm
530 2039 557 2066 in
577 2045 704 2077 sermone
721 2039 753 2066 ad
775 2039 929 2071 Ablaliium,
947 2038 1024 2073 cujus

238 2086 346 2113 initium
364 2095 369 2112 :
386 2095 395 2111 ι
413 2084 465 2113 Vos
480 2086 525 2121 qui
545 2085 571 2112 iu
587 2085 638 2112 ﬁde
654 2087 740 2119 vegeti
758 2085 836 2116 estis,
862 2093 969 2119 aequum
983 2089 1024 2112 est

237 2132 310 2158 omni
320 2135 417 2158 conatu
435 2132 586 2161 decertare,
602 2139 663 2156 i—t
683 2130 852 2157 ldentitatcm
867 2135 970 2157 natura:
985 2130 1024 2157 fa-

238 2183 337 2209 tentes,
357 2176 559 2204 distinctionem
574 2183 633 2210 quin
645 2180 688 2203 est
703 2175 852 2203 secundum
867 2182 980 2202 causam
995 2180 1023 2203 et

237 2229 378 2251 eausatum
398 2230 452 2250 non
470 2229 612 2258 negamus,
628 2222 653 2248 in
665 2229 718 2256 quo
733 2226 838 2249 tantum
853 2221 968 2249 alterum
989 2221 1023 2249 ab

202 2273 209 2298 τ
236 2270 321 2297 altero
336 2269 464 2303 distingui
481 2268 658 2303 percipimus,
671 2268 735 2303 quia
752 2268 826 2295 hunc
838 2274 948 2294 causam
960 2275 1022 2295 esse

208 2304 215 2335 ί
235 2316 371 2344 credimus
387 2322 393 2345 :
411 2315 479 2342 alter
494 2323 556 2341 vero
566 2322 628 2342 cum
642 2322 675 2341 ex
688 2322 778 2346 causa,
797 2319 825 2343 et
846 2322 879 2341 eo
895 2315 968 2349 quod
981 2319 1023 2342 est

212 2350 216 2367 θ
236 2373 268 2390 ex
289 2370 370 2390 Causa
389 2362 423 2389 sit
439 2361 518 2388 aliam
540 2368 633 2388 rursus
659 2361 864 2395 intelligentiam
891 2360 1022 2396 intelligi-

214 2404 215 2411 “
235 2418 296 2437 ιιιυς
316 2418 322 2436 :
342 2410 384 2436 hic
413 2408 484 2434 enim
509 2407 675 2434 imtueditate
692 2415 724 2433 ex
743 2406 850 2441 primo,
869 2406 938 2433 alter
956 2413 1021 2434 vero

236 2463 284 2490 per
299 2462 360 2481 eum
378 2454 422 2488 qui
441 2453 597 2480 immediate
622 2460 653 2479 ex
668 2453 757 2487 primo
776 2457 826 2478 est.
843 2452 934 2486 itaque
951 2452 1020 2480 Uni-

234 2500 316 2535 gcniti
338 2500 406 2527 ratio
432 2499 543 2526 indubic
559 2498 585 2524 in
598 2495 667 2525 Filio
683 2502 783 2530 "iuuet,
800 2503 827 2524 ct
843 2498 914 2532 quod
936 2498 1021 2532 Spiri-

235 2552 279 2571 tus
294 2545 372 2571 sitex
388 2545 476 2575 Patre,
495 2551 548 2571 non
570 2543 683 2570 dubium
708 2547 750 2570 est
774 2543 799 2570 id
827 2551 877 2578 per
899 2543 1019 2570 mediutu

236 2591 296 2620 li'ilii
310 2599 381 2624 csse,
403 2592 475 2626 quod
491 2592 580 2618 eidem
602 2591 654 2626 ipsi
672 2595 699 2618 et
721 2590 859 2625 Unigeniti
888 2591 1020 2617 rationem

234 2641 357 2665 reservat
373 2645 380 2663 :
401 2642 428 2664 et
447 2637 577 2671 Spiritum
595 2637 628 2664 ab
640 2645 671 2664 ea
694 2645 754 2672 qum
779 2637 910 2664 naturalis
927 2641 970 2663 est
986 2637 1021 2664 ad

233 2685 341 2714 Patrem
362 2683 492 2710 relatione
508 2691 563 2710 non
577 2684 729 2718 prohibet.)
749 2682 804 2711 lloc
821 2683 892 2716 loco,
909 2688 1020 2711 sanctus

233 2731 278 2759 hic
291 2730 324 2758 de
340 2729 486 2764 conjuncta
511 2730 685 2764 discretaque
712 2730 844 2765 theologia
863 2736 1018 2756 sermonem

233 2778 348 2809 habens,
367 2776 399 2803 ad
427 2775 513 2810 ipsam
537 2775 740 2804 distinctionem
761 2777 917 2804 divinarum
944 2776 1020 2804 vertit

232 2816 411 2858 personarum
426 2843 433 2853 ,
455 2821 652 2856 dislinguitque
678 2830 724 2849 eas
744 2830 837 2854 causa,
854 2830 885 2849 ac
901 2823 990 2857 inquit
1009 2831 1016 2849 :

235 2875 244 2891 ι
265 2866 393 2892 lissentia:
423 2870 449 2891 ct
464 2870 568 2892 natura:
585 2865 754 2892 idenlitatem
773 2866 947 2898 conlitentes,
964 2876 973 2892 ›
990 2867 1015 2893 id

232 2916 283 2944 est,
298 2911 357 2946 ejus
372 2913 499 2939 unionem
518 2911 629 2946 (quippe
643 2917 703 2938 cum
719 2919 799 2939 unum
818 2912 871 2940 sint
887 2917 940 2940 tres
952 2921 1014 2948 p:r-

1078 1625 1165 1659 ἁγίοις
1184 1626 1332 1661 Κυρίλλου,
1354 1628 1468 1655 καὶτῶν
1481 1629 1584 1655 δώδεκα
1599 1630 1683 1657 αὐτοῦ
1699 1631 1868 1665 κεφαλαίων,

1078 1672 1125 1698 καὶ
1151 1673 1180 1698 ὲν
1209 1674 1240 1708 τῇ
1263 1674 1380 1710 τοιαύτῃ
1411 1674 1524 1709 ἀσεϐείᾳ
1544 1676 1773 1712 τελευτήσαντας,
1804 1680 1872 1706 ἀνά-

1078 1716 1158 1751 θεμα.
1180 1727 1189 1743 ι
1214 1717 1334 1752 ὀμοίως
1351 1719 1398 1746 καὶ
1413 1721 1430 1754 ἡ
1443 1720 1508 1754 ἁγία
1524 1721 1591 1756 ἕκτη
1609 1721 1728 1754 σύνοδος,
1742 1723 1770 1749 ἐν
1785 1732 1871 1758 κεφα-

1077 1762 1144 1797 λαίῳ
1167 1763 1254 1799 ἐνάτῳ
1270 1765 1372 1799 φησιν·
1392 1775 1401 1792 ι
1424 1766 1457 1792 Εἴ
1478 1775 1521 1798 τις
1539 1767 1588 1794 οὐκ
1613 1768 1811 1803 ἁναθεματίζει
1836 1771 1872 1799 τὰ

1078 1809 1283 1844 συγγράμματα
1309 1811 1475 1846 Θεοδωρίτου
1494 1813 1528 1840 τὰ
1554 1814 1625 1841 κατὰ
1648 1814 1698 1849 τῆς
1714 1816 1798 1850 ὀρθῆς
1821 1817 1870 1844 πί-

1078 1863 1162 1886 στεως
1178 1854 1226 1881 τοῦ
1245 1856 1323 1890 ἁγίου
1343 1857 1488 1892 Κυρίλλου,
1505 1859 1552 1885 καὶ
1567 1854 1616 1895 τήν
1635 1860 1786 1896 λεγομένην
1808 1863 1871 1890 Ἰεα

1075 1901 1231 1937 ἐπιστολὴν,
1249 1903 1296 1929 καὶ
1312 1902 1477 1939 Θεοδωριτον
1491 1905 1537 1932 τὸν
1550 1906 1750 1941 Μοψουεστίας,
1768 1910 1816 1935 καὶ
1835 1910 1870 1937 τὰ

1077 1948 1283 1983 συγγράμματα
1299 1949 1396 1983 αὑτοῦ,
1414 1951 1462 1978 καὶ
1476 1951 1503 1977 εἴ
1519 1960 1561 1984 τις
1574 1953 1604 1979 οὺ
1622 1953 1728 1989 δέχεται
1747 1956 1783 1982 τὰ
1800 1965 1870 1991 συγ-

1075 1993 1207 2028 γρὰματα
1221 1994 1268 2021 τοῦ
1283 1995 1363 2028 ἁγίου
1377 1995 1521 2031 Κορίλλου,
1546 1999 1593 2025 καὶ
1609 1999 1728 2034 μάλιστα
1747 2001 1780 2028 τὰ
1794 2004 1870 2030 κατὰ

1075 2039 1275 2075 Θεοδώρου,καὶ
1289 2042 1467 2078 Θεοδωρίτου,
1485 2045 1530 2071 καὶ
1554 2045 1689 2080 Ἀνδρέου,
1701 2048 1748 2074 καὶ
1766 2048 1872 2076 Νεστί-

1077 2086 1195 2121 ρίου,καὶ
1214 2087 1268 2114 τῶν
1284 2088 1318 2114 τὰ
1330 2089 1413 2124 ὃμοια
1425 2090 1519 2122 αὐτοῖς
1535 2093 1582 2119 καὶ
1600 2093 1642 2119 ἑνὶ
1655 2094 1747 2121 αὐτῶν
1763 2103 1869 2131 πεφρε-

1074 2131 1197 2166 νηκότων
1216 2132 1232 2167 ἢ
1251 2135 1433 2168 φρονούντων,
1445 2136 1570 2172 ἀνάθεμα
1579 2138 1658 2165 ἔστω.
1672 2148 1681 2164 ι
1695 2140 1735 2166 Τὰ
1745 2142 1825 2174 ὅμοια
1839 2143 1870 2169 δὲ

1075 2177 1123 2203 καὶ
1132 2177 1148 2211 ἠ
1156 2177 1275 2213 τετάρτη
1287 2179 1464 2216 οίκουμενικὴ
1475 2182 1594 2217 σύνοδος,
1608 2184 1654 2211 καὶ
1668 2185 1682 2220 ἡ
1696 2186 1796 2222 ἑϐδόμη
1806 2187 1869 2215 δια·

1075 2223 1270 2258 λαμϐάνουσιν.
1283 2225 1343 2253 ’Ὁτι
1357 2227 1384 2253 δὲ
1397 2227 1472 2262 ἠδιὰ
1479 2228 1612 2266 λεγομένη
1624 2232 1670 2257 ἐπὶ
1680 2232 1727 2259 τοῦ
1736 2233 1803 2260 Υἱοῦ
1816 2243 1868 2269 με-

1078 2269 1179 2296 σιτείαν
1195 2269 1269 2304 δηλοῖ
1282 2271 1333 2306 τῆς
1348 2274 1461 2308 προόδου
1482 2275 1530 2301 τοῦ
1547 2277 1681 2312 παναγῑου
1703 2279 1867 2314 Πνεὺματος

1077 2316 1108 2342 ἐκ
1123 2315 1170 2342 τοῦ
1192 2317 1309 2352 Πατρδς,
1326 2319 1443 2351 ἄκουσον
1462 2321 1510 2348 τοῦ
1530 2323 1689 2358 θαυμαστοῦ
1709 2324 1866 2361 Γρηγορίου

1076 2361 1123 2409 τοῦ
1141 2363 1264 2409 Ιβύσγσης,
1290 2364 1415 2399 λέγοντος
1432 2367 1462 2394 ὲν
1475 2368 1515 2403 τῷ
1544 2369 1614 2404 πρὸς
1636 2371 1780 2399 Ἀϐλάϐιον
1791 2373 1867 2409 λόγῳ

1076 2407 1168 2440 αὑτοῦ,
1180 2408 1210 2435 οὖ
1227 2410 1242 2444 ἡ
1259 2410 1343 2446 ἁρχὴ,
1359 2420 1368 2436 ι
1390 2411 1478 2448 ’Υμᾶς
1494 2413 1522 2439 δὲ
1533 2414 1636 2442 δίκαιον
1650 2417 1712 2447 τοὺς
1728 2407 1865 2452 ἀκμάζον-

1076 2461 1123 2499 τας
1131 2454 1159 2479 ἐν
1172 2455 1241 2490 πάσῃ
1248 2455 1360 2491 δυνάμει
1370 2457 1588 2492 διαγωνίζεσθαι,
1604 2470 1613 2487 ι
1625 2476 1657 2481 -—
1675 2471 1684 2488 ι
1695 2463 1732 2489 Τὸ
1739 2464 1867 2499 ἀπαράλ-

1076 2498 1176 2526 λακτον
1193 2502 1240 2535 τῆς
1258 2502 1366 2536 φύσεως
1389 2505 1596 2539 ὁμολογοῦντες,
1614 2508 1664 2543 τὴν
1679 2509 1751 2536 κατὰ
1776 2511 1806 2537 τὺ
1821 2511 1866 2537 αῖ-

1075 2554 1132 2572 τιον
1148 2549 1195 2572 καὶ
1222 2548 1343 2574 αἰτιατὸν
1363 2549 1496 2586 διαφορὰν
1513 2553 1567 2579 οὐκ
1590 2554 1759 2589 ἀρνούμεθα.
1780 2557 1825 2583 Ἕν
1843 2555 1865 2591 ᾧ

1078 2592 1152 2628 μόνῳ
1169 2593 1356 2628 διακρίνεσθαι
1374 2597 1404 2622 τὸ
1425 2597 1520 2633 ἕτερον
1539 2600 1586 2626 τοῦ
1609 2600 1702 2635 ἑτέρου
1720 2603 1865 2639 καταλαμ-

1077 2639 1213 2674 ϐάνομεν
1230 2640 1269 2676 τῷ
1290 2642 1320 2667 τὸ
1337 2642 1385 2677 μὲν
1401 2644 1487 2670 αἴτιον
1511 2647 1651 2673 πιστεύειν
1670 2645 1749 2680 εἶναι,
1772 2651 1803 2676 τὸ
1825 2651 1865 2683 δὲ,

1077 2687 1108 2712 ἐκ
1124 2687 1169 2713 τοῦ
1185 2688 1272 2715 αἰτίου
1287 2690 1333 2716 καὶ
1350 2689 1398 2716 τοῦ
1415 2691 1445 2722 ἑξ
1461 2693 1549 2724 αῗτίας
1567 2693 1652 2726 ὄντος.
1679 2696 1763 2732 ἀλλην
1781 2698 1866 2725 πάλιν

1075 2732 1206 2768 διαφορὰν
1222 2735 1366 2770 ἐννοοῦμεν
1379 2744 1385 2752 ·
1399 2737 1429 2763 τὸ
1448 2738 1497 2773 μὲν
1515 2739 1578 2775 γὰρ,
1605 2743 1749 2777 προσεχῶς
1765 2744 1797 2770 ἑκ
1814 2745 1863 2772 τοῦ

1074 2779 1197 2812 πρώτου,
1221 2780 1251 2806 τὸ
1267 2780 1294 2806 δὲ
1317 2781 1362 2808 διὰ
1387 2783 1431 2809 τοῦ
1464 2786 1604 2820 προσεχῶς
1625 2786 1656 2812 ὲκ
1681 2787 1729 2814 τοῦ
1752 2790 1862 2823 πρώτου

1073 2823 1145 2850 ὥστε
1164 2826 1209 2852 καὶ
1232 2827 1262 2852 τὸ
1288 2828 1430 2862 μονογενὲς
1449 2831 1634 2866 ἀναμφίϐολον
1653 2834 1699 2860 ἐπὶ
1723 2835 1771 2861 τοῦ
1799 2837 1863 2863 Fiat?

1072 2870 1174 2903 μένειν,
1211 2872 1258 2898 καὶ
1292 2873 1322 2899 τὸ
1345 2874 1377 2900 ἐκ
1412 2876 1517 2910 ﬂat-cpe;
1534 2874 1604 2904 εἶναι
1632 2877 1662 2904 τὸ
1687 2879 1799 2915 Πνεῦμα
1822 2882 1862 2916 μὴ

1072 2917 1254 2952 ἁμφιϐὰλίκειν
1274 2919 1325 2955 τῆς
1344 2921 1390 2947 τοῦ
1410 2921 1475 2948 1⁵ίοῦ
1490 2923 1640 2958 μεσιτείας,
1662 2925 1708 2950 καὶ
1723 2925 1814 2961 ἑαυτῴ
1833 2929 1862 2953 τὸ
