1961 3075
116 121 188 154 ΠΗ-

456 135 530 165 PRO
546 135 651 169 CONC.
671 137 855 171 FLORENT.
879 140 958 171 CAP.
978 142 1001 173 Ι.
1020 142 1069 172 DE
1091 145 1245 176 SPIRlTU
1265 147 1420 180 SANCTO.

1684 146 1754 178 1H2

117 181 236 234 lit-10:5;
250 183 279 209 τὺ
293 184 385 220 ῥητὸν.
400 186 440 220 τὸ,
461 197 469 214 ι
486 190 711 227 Κάγὼὲρωτήσω
727 193 772 220 τὸν
789 195 905 230 Πατέρα¹

962 204 1012 231 ego
1030 198 1130 233 rogabo
1151 198 1259 227 Patrem
1273 205 1300 234 et
1322 202 1403 229 alium
1420 201 1587 231 Paracletum
1609 204 1683 233 dabit
1703 215 1750 234 vo-

114 228 160 254 καὶ
175 228 254 255 ἄλλον
272 230 449 268 Παράκλητον
464 234 545 262 δώσει
561 237 636 272 ὑμῖν,
658 248 667 265 t
688 239 759 267 οὕτω
782 228 883 276 φάσκει
898 228 904 257 έ

117 284 126 299 ι
145 274 205 300 Τῶν
219 276 272 310 γὰρ
297 277 343 304 τοῦ
360 278 427 305 Θεοῦ
451 282 498 308 καὶ
518 282 624 319 Πατρός
650 287 773 319 φυσικῶν
789 274 905 321 ἀγαθῶν

113 321 250 353 οὖσιωδῶς
275 323 406 359 ὑπάρχων
427 326 441 352 ὁ
468 327 531 359 Υἱὸς
571 331 709 363 κοινωνὸς,
730 332 785 367 ἔχει
813 333 860 360 καὶ
876 333 906 360 τῆ

115 366 227 399 Πνεῦμα
257 370 327 396 κατὰ
351 369 447 399 τοῦτον
462 373 509 400 τὸν
540 374 652 409 τρόπον,
679 377 743 404 καθ’
763 378 846 413 ὅνπερ
874 379 907 406 ἂν

115 414 200 439 νοοῖτο
228 415 274 440 καὶ
301 416 314 441 6
340 416 446 452 Πατὴρ,
477 419 528 446 οὐκ
553 421 672 448 ἐπακτὸν
701 424 766 450 οὐδὲ
796 424 905 457 ἔξωθεν.

116 457 220 506 Εὖηθὲς
242 461 296 506 γὰρ
324 462 427 498 μᾶλλον
447 465 477 492 δὲ
493 467 608 501 μανικὸν
626 469 655 496 τδ
682 469 753 497 οὕτω
777 473 906 506 φρονεῖν’

115 505 176 553 ἀλλ’¹
191 504 284 543 ὥσπερ
308 509 355 536 καὶ
379 510 458 546 ἡμῶν
483 512 598 545 ἕκαστος
624 515 654 542 τὸ
679 515 744 543 ἴδιον
761 504 907 553 ἐνγέαυτῷ

116 550 228 586 Πνεῦμα
246 555 364 589 συνέχει,
387 558 432 583 καὶ
450 558 480 585 ἐκ
498 559 552 585 τῶν
570 560 720 588 ὲνδοτὰτων
743 562 907 598 σπλάγχνων

114 599 154 629 είς
169 599 198 625 τὸ
223 600 275 634 ἔξω
291 602 401 638 προχέει
413 612 419 619 ·
435 604 480 632 διὰ
497 605 552 640 γὰρ
577 607 657 634 τοῦτο
673 609 720 635 καὶ
741 610 908 645 σωματικῶς

117 645 182 671 αὐτὶ
197 646 364 682 ἐνεφύσησεν
379 650 393 677 6
406 650 536 685 Χριστὸς,
556 652 664 685 δεικνὺς
679 655 720 682 ὅτι
734 656 861 691 καθάπερ
876 657 908 683 ἐκ

114 692 247 726 στόματος
263 694 310 721 τοῦ
321 695 466 731 ἀνθρώπου
484 698 592 732 πρόεισι
606 700 636 726 τὸ
654 700 768 736 Πνεῦμα
786 711 909 737 σωματι-

113 739 179 771 κῶς,
194 739 266 767 οὕτω
276 742 323 768 καὶ
332 743 364 770 ἑκ
376 744 424 778 τῆς
437 744 512 776 θείας
521 747 616 779 οὐσίας
625 748 786 784 θεοπρεπῶς
799 750 908 783 προχεῖ-

112 793 159 812 ται
173 786 203 813 τι
219 786 249 819 ἐξ
264 788 376 824 αὐτῆς.›
393 790 526 819 Ἐνταῦθα
537 794 583 820 τδν
595 794 756 830 βουλόμενον
772 797 841 831 μετὰ
851 798 908 824 δια-

115 833 232 866 κρίσεως
250 834 314 861 ἰδεῖν
325 837 372 862 καὶ
385 838 515 873 συνιέναι,
527 839 602 867 ἐστιν
613 841 751 876 ἐννοῆσαι,
766 843 812 869 καὶ
825 844 906 876 εὐθὺς

114 879 168 905 ἀπὸ
183 880 231 906 τοῦ
248 881 334 909 κακοῦ
359 883 411 919 τῆς
432 884 594 920 διαιρέσεως
611 887 777 922 ἀποδρᾶσαι,
804 889 852 916 καὶ
868 891 901 925 τῇ

116 925 217 960 συνόδῳ
237 927 418 965 ὑποταγῆναι.
437 930 498 958 Τῶν
513 931 567 967 γὰρ
581 931 626 959 τοῦ
647 933 714 960 Θεοῦ
730 935 778 961 καὶ
795 935 903 970 Πατρὸς

115 972 240 1005 φυσικῶν
255 974 365 1007 ἀγαθῶν
386 977 515 1009 κοινωνὸς
531 977 674 1013 ὑπάρχων,
690 981 782 1015 φησὶν,
797 982 811 1008 ό
827 981 902 1014 Υἱὸς,

116 1017 166 1043 οὐκ
187 1018 325 1053 ἐπακτῶς,
343 1021 405 1049 οὐδὲ
433 1022 546 1056 ἔξωθεν,
576 1025 636 1052 οὐδὲ
665 1027 902 1062 καταχρηστικῶς,

113 1062 172 1089 ἀλλ’
198 1064 334 1098 οὺσιωδῶς
353 1066 409 1102 εχει
422 1068 468 1094 καὶ
487 1069 517 1095 τὺ
530 1069 653 1105 Πνεῦμα,
666 1071 737 1099 κατὰ
746 1072 792 1098 τὸν
802 1073 903 1108 τρόπον

112 1108 218 1143 τοῦτον,
225 1111 286 1138 καθ’
296 1113 380 1148 ὅνπερ
393 1114 426 1140 ἂν
435 1115 520 1142 νοοῖτο
530 1116 577 1142 καὶ
589 1115 603 1142 6
613 1117 720 1152 Πατήρ.
729 1118 759 1144 Ei
769 1116 816 1146 οὖν
825 1127 904 1152 φυσι-

116 1157 163 1182 κὸν
179 1158 281 1191 ἀγαθόν
293 1161 351 1187 ἐστι
365 1161 412 1187 τοῦ
426 1162 543 1196 Πατρὺς,
554 1163 585 1190 τὸ
603 1165 762 1200 ἑκπορεύειν
772 1166 802 1192 τὸ
820 1166 904 1193 Πνεῦ-

113 1210 152 1236 μα
164 1202 193 1229 τὸ
204 1203 293 1237 ἆγιον,
307 1207 432 1233 κοινωνεῖ
447 1207 475 1233 δὲ
490 1209 503 1234 6
515 1207 578 1240 Υἱὸς
592 1209 645 1235 τῶν
659 1210 782 1243 φυσικῶν
792 1210 903 1244 ἀγαθῶν

114 1247 162 1273 τοῦ
181 1247 297 1283 ΙΙατρὸς,
320 1249 350 1276 οὗ
368 1253 611 1286 καταχρηστικῶς,
625 1253 692 1280 ἀλλὰ
707 1255 842 1288 φυσικῶς.
856 1256 902 1282 καὶ

113 1292 261 1328 οὖσιωδῶς,
279 1296 350 1323 κατὰ
371 1296 421 1327 τδν,
435 1298 522 1333 μέγαν
546 1299 688 1334 Κύριλλον,
713 1301 760 1327 καὶ
775 1302 805 1328 οὺ
821 1302 902 1328 δύνα-

115 1339 162 1366 σθε
184 1341 364 1377 ἀρνήσασθαι,
381 1336 437 1378 ἔχει
450 1343 504 1380 ἄρα
522 1345 601 1373 τοῦτο
620 1347 667 1373 καὶ
680 1347 693 1372 ό
709 1347 790 1379 Υἱός·
807 1347 838 1374 τὺ
858 1348 903 1376 ὲκ-

116 1386 243 1420 πορεύειν
259 1388 359 1424 δηλαδὴ
373 1391 404 1417 τὸ
421 1390 534 1426 Πνεῦμα
554 1392 585 1418 τὺ
602 1392 690 1427 ἆγιον,
711 1396 742 1420 οὐ
760 1395 903 1429 μεταδοτι-

114 1433 180 1465 κῶς,
199 1433 257 1460 ἀλλ’
276 1435 424 1469 οὺσιωδῶς,
448 1438 509 1464 καθ’
526 1438 557 1464 ὂν
581 1439 682 1474 τρόπον
706 1440 753 1466 καὶ
767 1441 781 1467 6
807 1441 902 1477 Πατὴρ

114 1478 257 1512 ὲκπορεὺει
271 1479 337 1507 αὐτὸ
354 1482 504 1515 οὖσιωδῶς.
521 1483 619 1511 Σύνετε
630 1485 717 1520 τούτῳ
731 1485 772 1519 δὴ,
793 1486 900 1514 σύνετε.

117 1522 151 1550 Ὀ
171 1523 201 1550 δὲ
223 1525 335 1559 Συμεὼν
355 1527 368 1553 ὁ
382 1527 596 1565 Μεταφραστὴς,
613 1531 641 1557 ὲν
663 1530 702 1565 τῷ
717 1531 756 1562 εἰς
784 1532 830 1558 τὸν
845 1532 902 1567 βίον

113 1570 159 1597 τοῦ
174 1570 252 1605 ἁγίου
264 1573 404 1600 Διονυσίου
416 1575 462 1601 τοῦ
478 1576 673 1610 ’Δρεοπαγίτου
686 1577 767 1613 λόγῳ,
780 1580 814 1614 τῇ
824 1579 904 1614 τρίτῃ

113 1616 161 1644 τοῦ
185 1618 352 1654 ὀκτωὸρίου
366 1623 565 1657 γεγραμμένῳ.
578 1623 667 1650 τοιάδε
682 1624 782 1657 φάσκει
796 1633 802 1640 ·
821 1634 829 1650 ι
849 1626 905 1652 lis-

116 1672 165 1698 ρας
185 1664 219 1690 τὰ
234 1665 284 1697 τῆς
300 1667 461 1702 σωματικῆς
473 1667 606 1702 ὲνδημίας
619 1668 728 1703 δέχεται
740 1678 747 1686 ο
767 1670 801 1696 τὰ
815 1670 844 1697 δὲ
855 1670 902 1697 τοῦ

115 1708 274 1744 Πνεύματος
290 1711 421 1747 ἄρχεται·
437 1714 486 1740 καὶ
508 1714 547 1745 ei;
565 1714 697 1749 οὐρανοὺς
715 1716 730 1742 ό
752 1715 819 1750 ἐμὸς
834 1716 903 1751 Χρι-

962 242 1003 270 bis
1023 243 1056 275 ’°,
1076 254 1084 270 ι
1102 244 1141 272 sic
1157 244 1222 273 dicit
1238 254 1244 272 :
1264 256 1273 272 ι
1293 246 1360 274 Cum
1379 247 1465 276 Filius
1486 250 1648 278 nattnalium
1666 251 1750 280 bono-

961 296 1020 316 rum
1040 289 1085 317 Dei
1101 295 1128 317 et
1145 289 1234 319 Patris
1260 292 1445 319 essentialiter
1461 293 1497 320 sit
1511 302 1635 325 consors.
1651 297 1746 324 eodem

959 335 1042 362 modo
1059 335 1143 363 habet
1169 340 1196 363 et
1216 336 1360 372 Spiritum,
1385 346 1440 372 quo
1464 338 1545 367 Pater
1574 341 1748 376 intelligitur,

960 389 1013 409 non
1038 382 1233 416 adventitium,
1251 391 1340 418 neque
1356 389 1433 411 extra
1449 385 1583 419 (stultum
1594 387 1667 414 enim
1687 393 1727 415 est
1740 409 1747 418 .

959 427 1014 453 into
1040 424 1186 455 dementia:
1205 428 1314 463 plenum
1339 430 1376 456 ita
1396 430 1523 465 sentire),
1548 431 1595 459 sed
1619 434 1749 466 quemad-

959 472 1069 499 modum
1084 476 1211 500 noslrum
1230 474 1418 510 unusquisque
1437 475 1546 510 proprie
1558 476 1584 503 in
1599 478 1749 512 semetipso
1760 474 1778 479 ’”

959 519 1081 546 continet
1102 519 1239 554 spiritum,
1263 525 1290 547 ct
1316 529 1348 547 ex
1373 521 1524 550 visceribus
1547 522 1650 551 intimis
1671 528 1747 551 extra

959 563 1111 599 profundit.
1130 565 1236 593 Idcirco
1249 567 1322 594 enim
1339 567 1365 594 in
1380 575 1443 595 eum
1458 569 1637 604 corporaliter
1661 570 1748 597 insuf-

959 611 1034 638 ihvit
1046 611 1184 646 Christus,
1199 618 1359 647 ostendens,
1376 615 1449 649 quod
1468 615 1507 642 uti
1521 623 1554 642 ex
1568 615 1689 643 hominis
1700 625 1748 645 ore

960 658 1073 692 spiritus
1086 659 1267 694 corporaliter
1283 661 1418 695 procedit,
1432 661 1468 688 ita
1481 669 1514 689 ex
1525 662 1615 689 divina
1627 664 1747 690 eSsentia

960 704 1002 737 (ut
1024 704 1080 732 Deo
1102 706 1241 741 convenit)
1261 706 1373 742 proﬂuit
1388 708 1461 742 quod
1480 716 1513 736 ex
1528 715 1561 735 ea
1583 709 1717 744 procedit.
1735 721 1745 735 ι

960 748 1016 776 Hoc
1029 749 1089 777 loco
1098 750 1120 778 si
1133 751 1194 785 quis
1207 752 1264 779 vult
1276 759 1337 779 eum
1350 753 1479 788 :rquitate
1489 754 1579 782 videre
1591 760 1618 782 et
1629 755 1748 787 discere,

961 794 1114 831 intelligere
1142 797 1221 830 licet,
1237 799 1385 833 statimque
1401 807 1416 826 a
1433 800 1589 828 schismatis
1612 803 1748 835 pravitate

960 841 1088 878 defugere
1105 848 1131 871 et
1143 844 1247 879 synodo
1269 844 1377 879 subjici.
1396 845 1465 873 Cum
1482 847 1518 874 sit
1544 847 1630 878 enim,
1647 848 1746 882 inquit,

957 888 1122 916 naturalium
1147 889 1279 917 bonoruut
1296 890 1341 918 Dei
1365 896 1393 919 et
1409 891 1498 919 Patris
1514 899 1628 920 consors
1649 892 1746 926 Filius,
1776 910 1786 924 ,

955 940 1010 961 non
1028 934 1181 963 adventitie
1195 943 1283 971 neque
1296 941 1384 970 extra,
1401 945 1490 972 neque
1503 938 1649 972 improprie
1665 939 1746 966 habet

955 979 1037 1007 etiam
1056 980 1200 1015 Spiritum,
1220 982 1266 1009 sed
1280 983 1464 1011 essentiaiiter
1480 984 1578 1011 eodem
1596 985 1678 1012 modo
1690 993 1746 1019 quo

955 1026 1118 1062 intelligitur
1132 1033 1160 1055 et
1177 1028 1268 1056 Pater.
1286 1029 1314 1056 Si
1330 1029 1412 1065 igitur
1427 1032 1554 1058 naturale
1571 1032 1673 1059 bonum
1695 1032 1746 1058 Pa-

957 1073 1006 1101 tris
1021 1079 1073 1108 est,
1093 1074 1226 1109 Spiritum
1250 1073 1375 1103 sanctum
1398 1077 1524 1104 emittere
1540 1086 1546 1105 :
1562 1078 1746 1111 communicat

954 1128 1020 1148 vero
1036 1121 1120 1149 Filius
1133 1123 1306 1151 naturalibus
1318 1123 1407 1151 Patris
1418 1125 1498 1152 bonis
1513 1133 1567 1152 non
1584 1126 1745 1162 improprie,

955 1168 1003 1194 sed
1018 1167 1177 1195 naturaliter
1190 1173 1220 1196 et
1234 1170 1418 1197 esscntialiter
1428 1190 1434 1201 ,
1450 1171 1599 1198 secundum
1619 1179 1745 1206 magnum

954 1211 1082 1247 Cyrillum
1097 1213 1160 1247 (nec
1175 1214 1289 1248 potestis
1303 1215 1425 1249 negare),
1439 1223 1503 1251 ergo
1518 1216 1544 1243 id
1566 1216 1647 1243 habet
1662 1217 1744 1244 etiam

955 1258 1051 1290 Filius,
1087 1258 1213 1286 videlicet
1236 1259 1365 1294 Spiritum
1391 1266 1515 1288 sanctum
1541 1262 1676 1292 emittere,
1691 1269 1746 1289 non

956 1305 1176 1340 participatione,
1191 1306 1238 1332 scd
1255 1306 1446 1339 essentialiter,
1461 1314 1492 1334 eo
1505 1307 1583 1334 modo
1594 1315 1647 1342 quo
1664 1307 1744 1334 Pater

956 1350 1043 1384 ipsum
1060 1351 1241 1378 essentialiter
1254 1352 1364 1379 emittit.
1377 1351 1517 1380 Attendite
1530 1352 1604 1384 huic,
1620 1353 1746 1388 inquam,

955 1396 1098 1424 attendite.
1119 1396 1238 1432 Symeon
1258 1397 1457 1433 Metapbrastcs
1477 1398 1505 1425 in
1524 1399 1610 1426 sancti
1627 1398 1748 1434 Dionysii

956 1442 1126 1478 Areopagitte
1151 1442 1220 1471 Viue
1245 1451 1383 1477 sermone,
1414 1444 1494 1472 tertia
1524 1443 1661 1478 Octobris,
1690 1444 1748 1472 haec

955 1489 1072 1517 scribit:
1093 1499 1102 1514 ι
1121 1489 1187 1522 Qua:
1205 1489 1354 1524 corporalis
1367 1489 1476 1524 quidem
1495 1491 1644 1524 prtesentire
1664 1496 1745 1523 sunt,

958 1535 1040 1563 linem
1066 1535 1223 1570 accipiunt;
1239 1542 1300 1570 quae
1319 1543 1383 1563 vero
1399 1535 1527 1570 spiritus,
1545 1536 1703 1570 incipiunt;
1720 1541 1747 1564 ct

958 1582 984 1609 in
1011 1582 1109 1609 malum
1134 1582 1260 1610 Christus
1285 1589 1362 1610 meus
1382 1582 1504 1615 ctlertur,
1521 1590 1553 1610 ac
1579 1583 1604 1609 in
1629 1582 1744 1616 patriam

959 1626 1105 1654 revertitur
1121 1626 1214 1654 sedem
1231 1648 1239 1660 ,
1254 1631 1281 1654 ct
1296 1627 1489 1661 procedentem
1506 1627 1540 1654 ab
1560 1634 1594 1654 eo
1614 1626 1747 1662 Spiritum

955 1672 1096 1706 discipulis
1110 1672 1169 1700 suis
1183 1672 1267 1699 mittit
1276 1672 1309 1699 ad
1323 1673 1472 1700 inﬁdelium
1488 1673 1611 1708 gentium
1627 1680 1743 1700 conver-

954 1725 1074 1746 sronem.
1093 1726 1103 1743 Ι

114 1757 176 1789 στὸς
195 1759 380 1794 ἀναφέρεται·
396 1762 444 1788 καὶ
459 1761 528 1795 πρὸς
548 1762 595 1788 τὸν
621 1762 903 1798 πατρικδνεπάνεισι
923 1765 1037 1800 θρόνον·
1057 1765 1104 1791 καὶ
1125 1764 1157 1791 τὸ
1174 1765 1394 1800 ἐκπορευόμενον
1416 1765 1499 1793 αὑτοῦ
1537 1766 1658 1802 Πνεῦμα,
1700 1767 1749 1795 ἐπὶ

114 1806 164 1841 τὴν
180 1807 234 1834 τῶν
249 1807 372 1836 ἀπίστων
389 1809 475 1838 ἐθνῶν
489 1811 669 1846 καταπέμπει
693 1812 751 1843 τοῖς
769 1812 905 1847 μαθηταῖς
924 1813 1046 1849 ὁδηγίαν.
1064 1822 1074 1839 ι

493 1858 531 1885 Ε’.

127 1936 130 1937 ν
152 1901 307 1933 ’11κουσας,
330 1902 376 1929 καὶ
393 1902 424 1930 τὸ
449 1903 670 1940 ἐκπορευόμενον
691 1905 774 1933 αὑτοῦ
793 1907 906 1942 Πνεῦμά

115 1955 193 1980 φησι,
209 1946 289 1974 τοῦτο
310 1948 341 1975 δέ
370 1949 441 1983 ἐστι,
456 1950 487 1976 τὸ
507 1950 539 1983 ἐξ
563 1951 646 1978 αὑτοῦ
673 1952 904 1988 ἐκπορευόμενον.

121 1992 193 2020 Ἀλλ’
209 1993 241 2020 οὐ
258 1996 359 2027 κειται,
373 1995 452 2030 φασὶ,
468 1997 558 2032 ῥητῶς
572 1998 598 2024 οἱ
614 1999 664 2033 τῆς
678 1999 809 2035 ἀληθείας
824 2001 905 2028 πολέ-

116 2047 184 2074 μιοι,
201 2041 419 2076 ἐκπορευόμενον
434 2043 466 2070 ὲκ
480 2044 527 2070 τοῦ
543 2044 611 2072 Υίοῦ
623 2053 630 2061 ·
643 2047 668 2072 ει
682 2046 710 2073 δὲ
730 2048 777 2073 καὶ
792 2047 907 2083 εὕρηταί

1343 1861 1375 1889 ν.

992 1907 1087 1940 Audis,
1100 1912 1128 1935 et
1143 1907 1337 1942 procedentem
1351 1907 1411 1942 ejus
1424 1907 1556 1941 Spiritum
1572 1907 1650 1940 dicit,
1667 1906 1692 1934 id
1705 1912 1747 1935 est

956 1955 1003 1988 qui
1021 1962 1053 1982 ex
1064 1962 1097 1982 eo
1111 1954 1246 1990 procedit.
1258 1955 1294 1982 At
1309 1962 1362 1982 non
1379 1955 1490 1989 ponitur
1504 1955 1626 1989 praecise,
1652 1954 1749 1981 dicunt

957 2001 1051 2029 hostes
1068 2001 1202 2034 veritatis,
1228 2001 1421 2036 prooedeutem
1443 2009 1475 2028 ex
1493 2000 1581 2035 Filio»;
1597 2001 1645 2028 sed
1661 2001 1684 2028 si
1698 2000 1748 2027 ali.

959 2047 1021 2075 cubi
1037 2047 1185 2082 reperitur,
1200 2055 1233 2074 ex
1249 2047 1328 2076 Patre
1353 2046 1505 2081 procedere
1526 2045 1697 2080 intelligitur,
1713 2053 1747 2071 ex

114 2094 178 2118 που,
197 2088 296 2115 νοεῖται
315 2088 348 2115 lx
368 2088 415 2116 τοῦ
433 2090 540 2125 Πατρὸς
560 2092 790 2128 ἐκπορευόμενον,
807 2095 840 2121 ἐκ
858 2094 905 2121 τοῦ

961 2093 1030 2120 Filio
1047 2101 1111 2120 vero
1130 2100 1302 2128 nequaquam
1320 2100 1327 2119 :
1344 2092 1439 2121 datum
1457 2097 1548 2120 autem
1579 2096 1607 2119 et
1634 2092 1746 2119 missum

114 2132 180 2159 Υίοῦ
197 2133 226 2159 δὲ
254 2134 381 2169 οὐδαμῶς
398 2124 614 2172 ικπορέυόμενον
628 2124 638 2154 ἱ
653 2124 791 2174 διδόμενον
802 2140 831 2167 δὲ
861 2141 909 2167 και
924 2124 947 2154 ί)

117 2180 297 2214 πεμπόμενον
308 2181 350 2208 διὰ
364 2181 412 2208 τοῦ
428 2182 494 2209 Υἱοῦ
505 2191 512 2198 ·
530 2184 572 2210 ὅτι
587 2184 618 2210 τὴ
636 2184 806 2219 πέμπεσθαι,
822 2186 853 2213 οὐ
865 2187 906 2213 δί-

117 2225 183 2251 δωσι
198 2227 270 2252 νοεῖν
289 2227 364 2262 ἡμᾶς
382 2227 413 2254 τὸ
433 2229 644 2264 ἐκπορεύεσθαι.
664 2231 719 2258 Καὶ
737 2231 829 2258 λοιπὸν
843 2233 908 2260 ὅταν

115 2270 260 2304 ἀκούωμεν
275 2272 305 2298 τὸ
331 2271 443 2306 Πνεῦμα
467 2273 497 2300 τὸ
521 2274 600 2308 ἅγιον
624 2275 783 2310 πέμπεσθαι
806 2277 840 2304 ὲκ
856 2277 905 2304 τοῦ

117 2316 235 2352 Πατρδς,
249 2317 281 2344 οὐ
297 2318 442 2354 νοήσωμεν
455 2320 654 2355 ῑκπορεῠοσθαι
668 2323 703 2349 ἐκ
714 2321 761 2348 τοῦ
779 2323 886 2358 Πατρός
898 2330 906 2338 ”

116 2363 130 2388 ὁ
145 2362 173 2389 δὲ
204 2363 393 2398 Παράκ).ητος,
422 2365 506 2401 φησὶν
525 2367 539 2393 6
566 2367 696 2401 Χριστὸς,
711 2368 741 2395 ὃν
762 2369 866 2404 πέμψει
893 2370 908 2396 6

117 2408 213 2444 Πατὴρ
227 2410 257 2436 ἐν
271 2410 310 2445 τῷ
323 2411 437 2446 ὀνόματί
450 2420 514 2447 μου,
529 2413 559 2439 οὗ
572 2413 696 2449 δώσομεν
708 2415 911 2450 ἐκπορεύεσθαι

117 2454 150 2480 ἐκ
165 2454 212 2481 τοῦ
240 2455 369 2491 Πατρός;
394 2457 442 2483 καὶ
461 2457 546 2491 μάλα.
568 2457 638 2485 Ἀλλ’
665 2458 759 2494 ἐπειδὴ
783 2467 851 2492 φατε
866 2459 906 2485 ὅτι

118 2499 169 2534 οὺχ
184 2499 341 2534 εδρίσκεται
371 2502 591 2538 ἐκπορευόμενον
616 2504 662 2531 καὶ
678 2504 710 2530 lx
734 2504 781 2531 τοῦ
801 2504 863 2531 Υἱοῦ
879 2505 908 2531 ἑν

119 2545 153 2580 τῇ
182 2545 243 2580 θεία
272 2547 378 2583 Γραφῇ,
410 2548 564 2584 βουλόμεθα
591 2549 640 2576 νῦν
662 2549 800 2583 ἀποδεῖξαι
828 2550 909 2577 τοῦτο

120 2592 221 2627 ῥητῶς.
248 2593 278 2619 '0
299 2594 388 2629 μέγας
406 2596 583 2628 ’ἀναστάσιος
611 2597 784 2632 πατριάρχης
806 2595 909 2625 Ἀντιο-

119 2638 252 2673 χειαςρὸς
266 2639 422 2674 εὑρίσκεται
446 2642 494 2669 καὶ
509 2642 587 2676 ἀγίου
604 2643 684 2677 ὄρους
699 2642 766 2669 Σινᾶ
789 2643 908 2678 λεγόμεε

121 2691 176 2714 νος,
192 2680 270 2715 οὗτός
283 2685 342 2712 ἔστι
357 2686 421 2721 περὶ
438 2684 471 2714 οὗ
486 2688 503 2722 ὴ
519 2688 583 2722 ἁγία
607 2688 674 2723 ἕκτη
691 2688 799 2719 σύνοδος
821 2688 906 2723 λέγει·

127 2730 331 2765 ’Δτιοδιχόμεθα
346 2732 391 2758 τὸν
405 2732 482 2767 ἅγιον
499 2734 677 2762 Ἀναστάσιον
688 2743 696 2751 ·
711 2735 758 2762 καὶ
771 2734 909 2770 Θεόδωρος

122 2775 269 2810 Μελιτινῆς
286 2777 424 2814 ἀπεκρίθη
434 2786 442 2794 ο
455 2779 550 2814 ’Δγιον
563 2780 696 2808 ἀποκαλεί
709 2782 786 2809 πᾶσα
797 2782 814 2816 ἡ
829 2781 908 2810 Ἀνα-

163 2867 184 2881 ⁸¹
201 2867 279 2894 Joan.
294 2875 350 2902 xiv,
369 2867 412 2896 16.

961 2147 1010 2174 per
1025 2139 1133 2172 Filium,
1151 2140 1251 2174 quippe
1264 2146 1328 2167 cum
1358 2138 1427 2165 mitti
1454 2146 1509 2165 non
1526 2138 1636 2165 denotet
1653 2144 1748 2171 procc-

959 2186 1041 2218 dere;
1062 2193 1094 2213 ac
1108 2186 1142 2213 de
1155 2190 1255 2212 uetere
1287 2185 1396 2220 quando
1423 2183 1591 2211 audierimus
1613 2183 1746 2218 Spiritum

959 2236 1081 2259 sanctum
1097 2239 1132 2258 ex
1146 2231 1227 2258 Patre
1244 2230 1326 2264 mitti,
1343 2237 1396 2258 non
1420 2230 1605 2263 intelligamus
1617 2236 1649 2256 ex
1667 2228 1746 2255 Patre

959 2277 1118 2313 procedere.
1144 2286 1154 2303 ι
1182 2276 1349 2309 Paraeletos,
1379 2276 1472 2310 inquit
1490 2274 1635 2308 ,Cbristus,
1666 2281 1745 2308 quem

959 2323 1049 2350 mittet
1064 2323 1145 2351 Pater
1161 2323 1189 2350 in
1204 2322 1317 2349 nomine
1336 2329 1408 2355 meo,
1430 2331 1439 2347 ι
1460 2328 1551 2348 nonne
1566 2319 1747 2347 concedamus

960 2375 1022 2395 eum
1043 2376 1076 2396 cx
1088 2367 1170 2396 Patre
1181 2367 1350 2403 procedere?
1363 2367 1491 2394 Maxime.
1509 2365 1562 2393 Sed
1575 2365 1640 2400 quia
1655 2363 1746 2391 dicitis

960 2415 987 2441 in
1012 2413 1102 2442 divina
1127 2413 1267 2448 Scriptura
1284 2421 1339 2440 non
1356 2412 1483 2448 reperiri,
1499 2417 1526 2439 et
1550 2419 1583 2439 ex
1600 2410 1668 2437 Filio
1683 2417 1745 2438 eum

959 2459 1118 2494 procedere,
1143 2458 1271 2486 volumus
1296 2458 1322 2486 id
1345 2465 1418 2485 nunc
1433 2464 1562 2492 expresse
1588 2456 1744 2483 Ostentler-e.

959 2504 1072 2541 Magnus
1085 2504 1254 2536 Anastasius,
1270 2503 1421 2531 Antiochiae
1435 2502 1591 2538 patriarcha
1602 2524 1609 2535 ,
1627 2501 1672 2536 qui
1691 2505 1718 2528 el
1731 2508 1747 2528 a

960 2556 1056 2578 sancto
1069 2555 1162 2578 monte
1177 2550 1254 2578 Siuai
1269 2550 1419 2585 appellatur
1436 2549 1470 2584 (is
1483 2553 1525 2576 est
1537 2549 1571 2575 de
1585 2555 1639 2582 quo
1651 2551 1746 2574 sancta

961 2600 1039 2624 texta
1055 2595 1178 2631 synodus
1189 2595 1285 2623 scribit
1299 2601 1309 2622 :
1340 2594 1499 2629 Recipimus
1533 2600 1658 2622 sanctum
1674 2595 1747 2622 Ana-

961 2641 1075 2670 stasium
1092 2651 1100 2669 :
1115 2647 1143 2669 et
1165 2641 1326 2670 Theodorus
1343 2641 1480 2670 Melitines
1498 2641 1640 2677 respondit
1654 2651 1659 2668 :
1675 2641 1745 2670 San-

960 2692 1033 2715 ctum
1056 2691 1136 2715 vocat
1160 2691 1233 2715 totus
1255 2687 1354 2717 Oriens
1379 2687 1454 2715 hunc
1479 2693 1581 2719 sancta:
1608 2688 1747 2715 rneruorize

960 2732 1143 2765 Anastasium,
1159 2732 1206 2767 qui
1226 2732 1278 2760 fuit
1290 2733 1435 2769 episcopus
1454 2734 1606 2761 Antiochiae
1627 2743 1634 2760 :
1657 2737 1684 2759 ct
1698 2732 1745 2767 qui

961 2786 1023 2808 eum
1042 2786 1097 2807 non
1112 2778 1221 2814 recipit,
1235 2779 1307 2807 Deus
1325 2780 1566 2808 anathematizauit
1585 2787 1591 2806 :
1609 2783 1637 2806 et
1650 2785 1746 2806 omnes
