1961 3075
187 146 208 179 -1
217 147 265 180 1)ιί

743 171 750 175 ς
775 144 934 176 JOSEPHI
953 145 1111 176 METilUN
1118 145 1206 176 ENSI
1213 148 1231 175 ὁ

1750 143 1821 178 ll“

192 215 247 233 una
268 213 334 233 voce
353 207 482 232 dixerunt
496 212 503 230 :
520 202 644 235 Amettln
661 203 707 230 hic
724 203 806 239 igitur
824 207 934 231 sanctus
951 203 977 230 in

1038 207 1096 242 ιολὴ
1112 207 1207 233 τοῦτον
1220 207 1266 232 τὸν
1283 205 1330 238 τῆς
1344 203 1418 235 ὁσίας
1441 203 1550 239 μνήμης
1574 201 1760 232 Ἀναστὰσιον,
1776 200 1826 227 τδν

191 253 315 280 oratione
338 258 399 286 quae
424 250 595 282 inscribitur,
615 258 624 275 I
641 249 679 277 De
702 249 784 277 rectis
799 249 973 285 dogmatibus

190 298 314 326 veritatis
334 298 367 325 ad
382 304 431 324 nos
447 296 658 331 pertinentibus.
673 305 682 322 t
701 304 762 331 qua:
782 296 890 331 incipit,
911 305 919 321 ι
940 295 977 322 De

191 353 257 372 sana
289 349 383 371 nostra
413 342 475 374 ﬁde,
496 352 505 368 ι
525 341 565 369 sic
593 341 655 369 ait:
674 351 683 367 ι
703 341 724 368 Α
752 349 867 376 corpore
899 342 976 376 quasi

191 389 341 423 exemplari
353 389 518 424 proprietate
528 393 653 423 aceepto,
664 387 820 415 divinorum
830 387 978 415 connexio-

194 443 255 463 ncm
272 435 452 473 ostendimus,
466 442 515 469 per
527 435 712 463 membrorum
728 435 932 469 proportionem
948 442 979 462 ac

195 481 401 509 similitudinem
423 489 429 507 :
446 481 486 508 sic
501 484 531 508 et
546 489 555 506 ‹
574 480 685 514 spiritus
700 481 757 508 oris
770 481 839 515 ejus,
857 489 865 506 ι
884 480 909 507 id
926 484 978 512 est,

193 526 239 553 l)ei
253 525 370 560 Spiritus
379 530 490 553 sanctus
503 525 614 557 dicitur,
628 533 690 553 cum
703 532 734 553 os
747 526 782 552 sit
794 524 957 560 Unigenitus
971 532 979 551 '.

194 576 221 598 rt
241 572 358 608 Spiritus
379 579 475 599 rursus
493 579 526 599 ex
541 579 574 598 eo
592 571 745 606 procedens
757 593 764 603 ,
791 579 841 598 nec
859 571 946 598 solum
966 579 980 598 a

195 619 284 649 Patre,
306 618 354 645 sed
367 617 449 645 etiam
463 625 478 644 a
504 617 572 644 Filio
587 618 697 644 missus.
715 625 724 642 ι
748 617 782 644 Et
797 616 877 651 paulo
896 621 957 651 post
972 624 979 642 :

197 674 206 689 ι
222 664 302 700 Atqui
322 664 450 692 dominus
466 672 480 691 a
493 668 578 691 semet
589 671 649 691 esse
666 663 824 695 ostendens.
842 663 983 697 discipulis

197 710 340 738 insuﬂlans
353 710 482 738 dicebat:
497 709 633 745 «Accipite
648 709 779 745 Spiritum
796 709 980 737 sanctum“.i

193 757 311 790 Audisti,
335 758 407 792 quod
429 765 482 785 non
505 757 592 784 solum
610 765 623 783 a
639 756 719 784 Patre
735 756 819 790 dic't,
838 756 885 783 sed
901 756 983 783 etiam

193 811 208 830 ιι
226 802 293 831 Filio
303 803 315 830 ἵ
325 803 377 831 Ubi
393 808 457 831 sunt
471 803 619 838 quidicunt
635 810 667 831 ex
682 803 739 830 solo
751 802 839 835 Patre,
850 810 900 830 nee
914 809 984 836 prm-

194 850 250 878 cise
269 850 371 886 apponi
396 851 590 885 procedentem
607 857 640 876 ex
661 849 747 877 Filio?
766 848 826 876 Non
851 852 983 875 verentur

195 901 235 925 tot
256 902 283 924 et
300 901 391 925 tantos
413 896 507 924 Patres
522 897 682 931 reprobare,
699 903 760 923 cum
774 899 868 922 saneta
884 900 910 922 et
924 901 982 921 ma-
1000 879 1019 906 Β

195 951 246 979 gna
263 943 406 971 luminaria
422 943 488 975 sint,
506 946 533 969 ct
547 947 642 977 aperte
659 942 752 969 dicant
767 942 850 969 etiam
866 949 899 968 ex
912 940 982 968 Filio

199 991 226 1016 in
247 988 339 1017 ntultis
354 988 523 1016 dictionibus
546 993 574 1015 et
595 987 725 1022 syllabis?
739 987 798 1020 Quo
823 991 903 1022 pacto
926 994 981 1014 non

196 1036 384 1068 erubescunt,
401 1036 457 1063 imo
473 1034 546 1062 clare
560 1034 753 1062 contradicunt
771 1038 847 1061 tanto
862 1033 983 1061 examini

196 1090 337 1110 sacrorum
353 1082 515 1109 doctorum?
531 1081 584 1109 Sed
599 1080 664 1116 quid
678 1081 754 1108 aiunt
767 1080 831 1108 novi
848 1080 984 1115 interpre-

196 1128 258 1156 tes?
275 1128 408 1163 Spiritum
426 1127 492 1155 dicit
507 1135 539 1155 ex
555 1127 634 1154 Patre
649 1126 856 1160 procedentem,
873 1129 900 1153 et
917 1126 984 1152 mis-

195 1183 274 1206 sum,
291 1182 346 1203 nou
370 1174 459 1202 solutn
480 1181 513 1201 ex
530 1174 620 1206 Patre,
642 1181 737 1201 verum
761 1173 843 1200 etiam
862 1179 876 1199 ο
894 1171 982 1204 Filio;

196 1222 429 1256 distiugmtntque,
441 1220 565 1248 dicentes
580 1220 652 1247 aliud
665 1227 726 1246 esse
736 1218 896 1254 procedere,
911 1218 984 1244 aliud

196 1266 277 1299 mitti,
294 1274 326 1294 ac
344 1266 493 1301 procedere
512 1265 585 1293 Patri
603 1266 642 1300 (Ι)
659 1265 814 1300 assignant.
826 1264 896 1292 mitti
916 1263 985 1290 Filio

198 1312 247 1347 (‘2).
264 1312 396 1340 Libenter
419 1320 466 1340 eos
491 1313 689 1352 interrogarem
703 1331 710 1344 ,
737 1319 799 1339 cum
825 1311 952 1338 audimus
969 1318 984 1338 a

197 1359 277 1386 l'alre
293 1359 364 1386 mitti
382 1359 514 1393 Spiritum
531 1362 657 1386 sanctum
672 1376 679 1388 ,
696 1357 760 1391 quid
783 1356 810 1384 id
827 1355 986 1391 signiﬁcet?

198 1414 231 1430 ιω
249 1404 351 1440 aliquid
368 1403 440 1431 aliud
459 1403 537 1430 nobis
553 1402 685 1434 ostendit,
704 1409 784 1436 qnam
811 1399 986 1436 procedere?

200 1451 309 1476 Minime
325 1457 400 1476 vero.
425 1458 434 1474 ι
452 1447 525 1474 Misit
539 1449 547 1481 (
561 1447 749 1475 divinissimus
765 1446 867 1474 Paulus
884 1445 985 1480 inquit)

201 1497 273 1522 Deus
289 1500 316 1522 et
336 1494 417 1521 Pater
430 1493 563 1529 Spiritupt
581 1493 641 1520 Filii
666 1492 707 1520 sui
721 1492 748 1519 in
772 1492 854 1519 corda
871 1495 962 1519 nostra
977 1511 984 1523 ,

1031 252 1176 285 γενόμενον
1191 252 1340 278 ιπίσκοπον
1359 249 1535 284 Ἀντιοχείας·
1548 247 1594 274 καὶ
1609 247 1655 274 τὸν
1668 247 1706 282 μὴ
1713 246 1826 281 δεχόμε-

1031 305 1076 323 νον
1093 297 1185 329 αὐτὸν,
1205 297 1219 322 ὁ
1234 295 1300 328 Θεδς
1316 294 1521 329 ἁναθεματίσει.
1538 293 1592 320 Kal
1602 293 1703 323 πάντες
1713 290 1824 325 ὁμοφώ-

1033 351 1086 374 νως
1101 340 1188 374 εἷπον,
1201 341 1241 374 τὸ,
1260 341 1357 376 Ἀμήν.
1374 337 1458 370 Οῦτος
1476 337 1522 366 οῦν
1537 340 1551 365 ὁ
1565 339 1641 372 ἅγιος
1656 338 1684 364 ὲν
1701 337 1739 371 τῷ
1750 336 1824 371 λόγῳ

1031 389 1161 422 αὑτοῦ,ὃς
1174 388 1328 423 ἐπιγραφὴν
1341 388 1407 423 ἔχει,
1421 396 1430 413 ι
1444 386 1512 420 Περὶ
1520 386 1573 413 τῶν
1582 384 1643 412 καθ’
1654 385 1726 420 ἡμᾶς
1735 383 1826 418 ὀρθῶν

1031 437 1173 470 δογμάτων
1182 437 1232 471 τῆς
1243 435 1380 471 ἀληθείας·
1396 444 1405 460 ι
1421 434 1436 469 ἡ
1453 434 1480 461 δὲ
1494 432 1564 468 ἁρχὴ
1579 435 1626 459 τοῦ
1642 432 1734 466 λόγου,
1748 429 1824 457 »τῶν

1033 484 1098 518 περὶ
1117 483 1167 517 τῆς
1190 482 1283 516 ὑγιοῦς
1299 481 1377 517 ἡμῶν
1394 480 1522 512 πίστεως,
1539 488 1548 505 ι
1566 479 1638 505 οὕτω
1648 477 1732 512 φησι·
1749 475 1824 503 (Τοῦ

1033 529 1062 557 δὲ
1077 530 1203 564 σώματος
1216 528 1246 555 τὸ
1268 527 1365 562 ἰδίωμα
1377 526 1506 557 λαϐόντες
1521 526 1558 556 ὼς
1570 524 1757 559 παράδειγμα,
1772 521 1824 556 τὴν

1035 575 1214 611 ἀλληλουχίαν
1227 574 1281 602 τῶν
1297 574 1377 600 θείων
1398 573 1612 608 παρεστήσαμεν
1634 571 1678 597 διὰ
1700 570 1750 604 τῆς
1768 567 1825 595 τῶν

1037 621 1126 656 μελῶν
1146 620 1292 654 ἀναλογίας
1311 628 1339 647 τε
1357 619 1404 647 καὶ
1419 618 1560 650 εικασίαςο
1583 617 1673 653 ταύτῃ
1696 616 1761 652 γὰρ,
1776 614 1825 642 καὶ

1036 667 1149 702 Πνεῦμα
1179 666 1314 701 στόματος
1344 665 1438 699 αὑτοῦ,
1467 665 1589 699 δηλονότι
1618 664 1664 690 τοῦ
1689 663 1769 696 Θεοῦ,
1795 662 1826 689 τδ

1036 713 1148 748 Πνεῦμα
1167 712 1197 740 τὸ
1214 713 1293 746 ἅγιον
1309 711 1437 746 λέγεται·
1453 712 1587 745 στόματος
1610 710 1685 740 ὄντος
1702 709 1749 735 τοῦ
1767 709 1825 736 Mo-

1035 758 1159 793 νογενοῦς
1171 767 1177 773 ·
1191 758 1238 785 καὶ
1249 757 1361 792 Πνεῦμα
1371 757 1450 784 πάλιν
1462 756 1492 789 ἐξ
1501 755 1583 783 αὐτοῦ
1595 755 1826 791 ἐκπορευόμενον.

1036 806 1082 832 καὶ
1104 804 1348 840 ἀποστελλόμενον,
1373 805 1403 831 οὗ
1431 804 1512 839 μόνον
1535 803 1610 837 παρὰ
1629 802 1676 832 τοῦ
1705 802 1824 835 Πατρὶς,

1036 852 1105 878 ἀλλὰ
1123 851 1168 878 καὶ
1184 851 1260 886 παρὰ
1280 850 1327 877 τοῦ
1344 850 1420 877 Υῐοῦ.
1443 859 1452 876 t
1469 849 1524 876 Kal
1541 849 1599 884 μετ’
1623 849 1700 882 ὀλίγα
1712 855 1720 863 ’
1738 856 1748 873 ι
1770 847 1827 875 Καὶ

1037 898 1090 933 μὴν
1105 899 1118 925 ὁ
1145 897 1259 933 Κύριος,
1286 897 1316 929 ἐξ
1333 896 1430 924 ἑαυτοῦ
1455 897 1564 927 δεικνὺς
1586 894 1652 922 αὐτὸ
1680 894 1825 928 ὑπάρχειν,

1033 943 1163 978 ἐμφυσῶν
1172 945 1228 975 τοῖς
1239 943 1373 978 μαθηταῖς
1380 942 1467 977 ἔλεγε,
1478 941 1584 969 Λάϐετε
1596 939 1708 974 Πνεῦμα
1718 939 1822 972 ἅγιον.»

1035 990 1186 1021 Ἤκουσας,
1214 989 1251 1018 ὡς
1280 988 1310 1015 οὐ
1327 989 1408 1024 μόνον
1425 988 1501 1023 παρὰ
1525 987 1573 1014 τοῦ
1597 986 1705 1021 Πατρός
1729 993 1824 1019 φησιν,

1034 1036 1102 1064 ἀλλὰ
1119 1036 1166 1063 καὶ
1184 1036 1260 1070 παρὰ
1278 1035 1325 1062 τοῦ
1340 1034 1416 1063 Υεοῦ.
1432 1034 1487 1061 Ποῦ
1506 1035 1575 1060 εἰσιν
1597 1033 1622 1059 οἱ
1644 1032 1779 1066 λέγοντες,
1792 1031 1825 1057 ὲκ

1036 1083 1116 1117 μόνου
1133 1082 1180 1109 τοῦ
1198 1082 1304 1117 Πατρός
1316 1089 1324 1096 ·
1340 1081 1386 1108 καὶ
1403 1081 1439 1111 ὡς
1460 1081 1490 1107 οὐ
1511 1081 1600 1106 κεῖται
1616 1078 1717 1114 ῥητῶς,
1741 1078 1823 1104 ἔκπο-

1037 1129 1184 1163 ρευόμενον
1199 1129 1232 1154 ἑκ
1251 1126 1298 1154 τοῦ
1314 1126 1380 1154 Υῐοῦ
1395 1135 1402 1161 ;
1420 1127 1476 1154 Οὐχ
1490 1125 1666 1152 εὐλαϐοῦνται
1680 1124 1826 1155 τοσούτους

1036 1175 1162 1210 Πατέρας
1180 1174 1296 1205 ἀθετεῖν,
1307 1174 1388 1204 ὄντας
1401 1174 1494 1206 ἁγίους
1506 1173 1553 1199 καὶ
1570 1171 1705 1206 μεγάλους
1716 1171 1828 1205 φωστῆ-

1037 1230 1097 1256 ρπς,
1113 1221 1160 1247 καὶ
1185 1221 1313 1254 λέγοντας
1339 1220 1498 1255 προφανῶ;.
1516 1220 1563 1246 καὶ
1590 1219 1622 1245 ὲκ
1645 1217 1693 1245 τοῦ
1717 1218 1780 1244 Υῐοῦ
1797 1218 1826 1244 ἐν

1035 1268 1177 1302 διαφόροις
1190 1267 1280 1298 λέξεσι
1297 1267 1344 1293 καὶ
1367 1266 1514 1297 συλλαῦαϊς
1529 1274 1536 1299 ;
1554 1265 1611 1297 πῶς
1626 1266 1676 1292 οὐκ
1693 1264 1829 1300 ἐρυθριῶ-

1037 1323 1089 1344 av,
1108 1315 1166 1341 ἀλλ’
1181 1314 1254 1340 οὕτω
1267 1314 1415 1350 διαρρήδην
1430 1314 1600 1347 ἀντιλέγουσι
1615 1312 1736 1346 τοσούτῳ
1750 1312 1828 1346 ἑσμῷ

1036 1360 1122 1393 ἁγίων
1134 1360 1304 1387 διδασκάλων
1319 1368 1325 1393 ;
1346 1359 1429 1387 Ἀλλὰ
1440 1359 1466 1385 τί
1477 1368 1557 1393 φασιν
1571 1359 1597 1385 οι
1609 1359 1663 1386 νέοι
1676 1358 1828 1394 ἑξηγηταίς

1037 1406 1162 1439 Πνεῦμα,
1181 1406 1274 1441 φησιν,
1290 1407 1508 1442 ἐκπορευόμενον
1520 1408 1552 1432 ἐκ
1570 1405 1618 1432 τοῦ
1635 1405 1743 1438 Πατρός
1758 1412 1765 1420 ’
1778 1405 1828 1431 καὶ

1037 1449 1326 1485 ἀποστελλόμενονού
1348 1451 1429 1485 μόνον
1455 1450 1530 1485 παρὰ
1549 1449 1597 1476 τοῦ
1625 1448 1740 1484 Πατρδς,
1758 1447 1829 1474 ἀλλὰ

1038 1498 1085 1525 καὶ
1102 1499 1176 1532 παρὰ
1192 1497 1239 1524 τοῦ
1258 1497 1339 1524 Υῑοῦ·
1355 1497 1402 1524 καὶ
1417 1496 1627 1525 διαστέλλουσιν.
1647 1495 1710 1522 ἄλλο
1734 1495 1766 1520 τὸ
1781 1495 1830 1521 ικ-

199 1542 374 1573 t:lamantem,
391 1541 466 1568 Abba
479 1540 559 1567 Pater
572 1540 593 1556 "
607 1548 630 1567 ,ι
643 1537 739 1566 Nonne
751 1537 793 1565 ltic
808 1537 985 1573 intelligimus

1040 1543 1212 1579 πορεύεσθαι,
1229 1544 1277 1570 καὶ
1293 1543 1358 1571 ἄλλο
1379 1544 1409 1570 τὸ
1427 1542 1658 1570 ἀποστέλλεσθαι·
1672 1540 1719 1568 καὶ
1731 1540 1763 1567 τὸ
1778 1541 1830 1575 μὲν

200 1588 286 1621 ipsius
299 1587 418 1621 Spiritus
431 1585 602 1614 essentiam?
615 1584 794 1619 Nequaquam
810 1583 915 1617 dicunt,
930 1590 986 1610 non

199 1632 383 1667 percipientes
394 1639 476 1658 unam
493 1638 557 1658 esse
565 1630 684 1665 Spiritus
697 1629 912 1664 processionem,
925 1636 987 1663 qua:

199 1678 317 1706 diversis
334 1677 502 1705 dictionibus
521 1675 649 1709 traditur,
669 1676 797 1703 eumdem
812 1674 986 1703 servantibus

201 1731 332 1757 sensum;
358 1722 586 1758 quemadmodqu
613 1727 641 1750 et
669 1723 694 1750 in
723 1722 898 1758 generatione
926 1721 986 1749 Filii

201 1771 305 1804 evenit,
317 1769 426 1805 quando
436 1769 563 1797 audimus
578 1777 585 1796 :
598 1769 687 1797 «Misit
701 1769 773 1796 Deus
786 1767 883 1796 Filium
895 1775 985 1800 suum,

204 1818 305 1845 factum
315 1824 347 1844 ex
362 1815 477 1843 muliere
486 1816 519 1843 ".
527 1815 581 1843 tAd
591 1815 701 1843 Galatas
715 1815 767 1842 ltoc
778 1815 866 1848 inquit
878 1814 906 1841 Β.
920 1814 989 1841 Pau-

202 1863 254 1890 lus.
272 1862 305 1889 Et
323 1862 382 1897 ipse
403 1861 528 1889 Salvator
540 1862 579 1888 ait
602 1869 610 1889 :
636 1871 644 1887 I
666 1860 723 1896 Ego
738 1868 753 1888 a
772 1861 852 1888 Patre
867 1859 940 1887 exivi
961 1864 988 1886 et

202 1910 263 1937 veni
276 1908 311 1942 “;
330 1918 339 1935 t
360 1914 388 1937 et
404 1908 468 1936 alibi
487 1916 494 1936 :
518 1917 528 1935 ‹
544 1908 625 1936 Pater
636 1909 710 1935 enim
726 1907 801 1935 misit
814 1906 912 1937 Filium
928 1907 987 1934 Sal.

201 1961 326 1984 vatorcm
356 1955 451 1983 mundi
470 1955 511 1988 ";
533 1964 543 1981 ι
568 1959 596 1982 et
620 1961 715 1981 rursus
733 1962 739 1980 :
767 1962 777 1979 ι
796 1953 989 1988 Evangelizare

200 2002 368 2037 pauperibus
383 2001 456 2029 misit
471 2009 515 2028 me
533 2001 568 2034 ";
584 2009 593 2026 ι
607 2005 634 2027 et
648 2001 746 2027 iterum
764 2008 770 2026 :
789 2008 798 2025 ι
822 1999 900 2026 Hunc
913 2000 987 2026 enitn

202 2049 282 2077 Pater
297 2048 414 2084 signavit
429 2049 502 2076 Deus
518 2048 551 2080 '7;
572 2057 582 2073 ι
599 2051 626 2075 et
640 2047 759 2074 Joannes
777 2054 783 2072 ι
800 2055 809 2072 ι
830 2046 987 2073 EtVerbutn

203 2104 267 2123 caro
292 2095 394 2122 factum
417 2099 480 2128 est,
500 2098 529 2121 et
552 2093 686 2120 habitavit
703 2093 731 2120 in
748 2092 829 2120 nobis
846 2092 878 2119 ³⁸.
897 2101 907 2117 ι
924 2091 989 2125 Qua:

202 2142 295 2169 munia
320 2141 526 2177 generationem
546 2139 605 2167 Filii
629 2147 660 2166 ex
676 2139 756 2166 Patre
769 2139 961 2166 demonstrant
980 2147 986 2165 :

204 2189 287 2224 idque
301 2196 364 2216 vere
381 2194 407 2215 et
423 2187 540 2214 ﬁdeliter
564 2186 741 2219 intelligimus
755 2205 763 2217 ,
780 2184 862 2212 veluti
881 2185 988 2219 quando

202 2236 269 2262 dicit
283 2242 291 2262 :
309 2243 319 2260 ι
338 2233 431 2268 Neque
447 2233 520 2260 euittt
541 2232 622 2259 Pater
630 2231 735 2266 jttdicat
749 2237 927 2266 quemquam,
939 2229 987 2256 sed

203 2288 285 2308 omne
296 2280 428 2316 judicium
443 2279 518 2306 dedit
532 2277 611 2305 Filio.
624 2277 658 2304 Et
674 2277 746 2316 sicut
760 2277 841 2304 Pater
859 2276 941 2303 habet
952 2275 991 2302 vi.

204 2335 260 2355 tam
276 2327 305 2354 in
319 2326 421 2361 seipso,
445 2325 484 2352 sic
505 2323 580 2352 dedit
603 2327 631 2351 et
655 2323 725 2350 Filio
740 2323 823 2350 vitam
847 2322 949 2349 habere
963 2322 990 2349 in

204 2373 352 2409 semetipso
368 2373 390 2389 ¹⁹
411 2381 420 2398 t
444 2380 450 2398 :
467 2378 521 2398 non
537 2370 610 2398 enim
629 2369 705 2405 prius
720 2369 877 2403 generavit,
893 2373 921 2395 et
944 2375 993 2404 po-

204 2426 263 2448 stea
281 2418 394 2447 tradidit
404 2418 429 2445 ei
444 2418 525 2445 vitam
539 2415 722 2451 etjudicium,
738 2415 786 2442 sed
799 2415 880 2442 vitam
899 2415 993 2449 genuit

207 2466 295 2500 ipsum
313 2469 342 2493 et
360 2464 480 2499 judicent
500 2463 596 2498 genuit
617 2462 720 2497 ipsum.
734 2461 781 2489 Sic
797 2466 824 2489 et
839 2461 873 2489 de
887 2459 991 2496 Spiritu

203 2518 310 2545 Sancto,
320 2512 430 2548 quando
441 2511 574 2546 Spiritum
598 2510 686 2537 Patris
698 2509 837 2542 audimus,
858 2508 992 2543 Spiritum

204 2569 238 2588 ex
254 2560 336 2587 Patre
351 2559 540 2594 intelligimus,
561 2563 590 2585 et
605 2557 736 2591 Spiritum
761 2555 834 2587 Filii.
860 2554 992 2589 Spiritum

205 2614 239 2634 ex
255 2604 325 2632 Filio
347 2605 523 2639 percipimus.
544 2603 580 2631 At
593 2602 701 2636 quando
720 2601 857 2634 audimus,
874 2600 994 2635 Spiritus

205 2651 327 2688 proﬂuit,
340 2651 464 2681 scaturit,
476 2655 596 2683 emanat,
607 2648 774 2681 immittitur,
790 2647 891 2682 prodit,
907 2646 993 2674 tradi-

206 2705 276 2732 tum,
294 2697 420 2728 missiint,
433 2696 576 2729 emissum,
593 2695 842 2726 subministratum,
854 2692 972 2720 eﬂ'usum
984 2715 990 2726 ,

241 2762 432 2803 ntoan.‘u,
459 2769 504 2796 ~22.
555 2769 578 2784 τι
609 2767 697 2795 οηιειι.
719 2775 756 2800 ιν,
771 2767 798 2803 6,
854 2765 998 2803 ἠοῖαι.

205 2807 249 2834 18.
303 2806 326 2822 ⁸⁷
353 2805 430 2833 Joan.
456 2812 494 2836 vt,
517 2803 562 2830 27.
601 2803 713 2829 "Joan.
730 2802 806 2834 μη.

241 2885 281 2921 (Ι)
299 2884 327 2912 ld
339 2889 391 2918 est,
408 2891 423 2911 a
439 2883 520 2911 Patre
539 2882 670 2917 Spiritum
687 2879 844 2915 prettderc.

860 2801 881 2816 ²⁹
896 2800 975 2828 Joutt.
1000 2808 1027 2833 v,

1039 1592 1235 1626 ἐκπορεύεσθαι
1252 1591 1354 1618 διδοῦσι
1368 1591 1407 1625 τῷ
1422 1592 1521 1625 Πατρὶ,
1534 1589 1564 1616 τδ
1574 1589 1597 1616 δ’
1613 1588 1830 1616 ἀποστέλλεσθαι

1038 1639 1076 1673 τῷ
1091 1637 1160 1672 Υἱῷ.
1183 1637 1308 1673 ’Πρόμην
1325 1636 1347 1663 δ’
1367 1636 1400 1663 ἂν
1421 1635 1538 1667 αὐτούς·
1559 1636 1606 1662 καὶ
1623 1635 1687 1662 ὅταν
1707 1633 1833 1661 ἀκούπωι

1041 1694 1091 1718 μεν
1107 1685 1138 1710 ἐκ
1163 1683 1209 1710 τοῦ
1236 1682 1343 1717 Πατρὺς
1370 1681 1585 1709 ἀποστέλλεσθαι
1609 1680 1639 1707 τὸ
1658 1679 1771 1714 Πνεῦμα
1798 1679 1832 1705 τὸ

1039 1731 1128 1764 ἅγιον,
1146 1729 1173 1756 τί
1187 1728 1285 1763 δηλοῦν
1299 1728 1442 1764 βούλεται;
1455 1727 1471 1763 ἢ
1487 1728 1514 1754 τι
1524 1727 1631 1754 δίδωσιν
1646 1727 1714 1760 ἡμῖν
1727 1726 1830 1752 ἐννοεῖν

1039 1778 1114 1809 ἄλλο,
1134 1777 1210 1810 παρὰ
1224 1776 1255 1802 τὸ
1271 1775 1468 1809 ὲκπορεῦεσοαι
1483 1783 1490 1807 ;
1507 1774 1639 1807 οῦμενουν
1653 1781 1660 1789 ·
1682 1782 1691 1798 ι
1715 1771 1830 1804 Ἐξαπέ-

1040 1823 1127 1848 στειλε
1143 1822 1207 1856 γὰρ.
1223 1822 1305 1856 ῳησὶν
1335 1822 1349 1848 ὁ
1373 1821 1510 1852 Θειότατος
1535 1819 1651 1852 Παῦλος,
1673 1819 1686 1845 ὸ
1703 1819 1770 1849 Θεὸς
1784 1819 1834 1846 καὶ

1040 1868 1135 1903 Πατὴρ
1149 1867 1180 1894 τὸ
1200 1866 1314 1902 Πνεῦμα
1331 1866 1380 1894 τοῦ
1396 1866 1462 1893 Υἱοῦ
1481 1864 1564 1892 αὑτοῦ
1580 1865 1692 1896 εἰςτὰς
1713 1864 1834 1899 καρδίας

1039 1916 1129 1950 ἡμῶν,
1145 1915 1247 1950 κρᾶζον
1267 1915 1354 1941 Ἀὕσᾶ
1371 1915 1384 1942 ὑ
1402 1914 1506 1949 Πατήρ.
1530 1923 1540 1938 ι
1560 1911 1625 1948 Ἆρ’
1647 1913 1678 1939 οὐ
1695 1913 1834 1947 νοήσομεν

1040 1961 1158 1988 ἐνταῦθα
1187 1961 1237 1996 τὴν
1265 1961 1348 1988 αὐτοῦ
1372 1959 1419 1986 τοῦ
1447 1959 1607 1994 Πνεῦματος
1638 1957 1778 1993 ὕπαρξεν;
1801 1957 1834 1984 οὕ

1041 2016 1118 2042 φασι,
1137 2007 1174 2041 μὴ
1192 2006 1327 2036 συνιέντες
1340 2005 1365 2032 οἱ
1377 2005 1526 2042 ἂνθρωποι,
1542 2005 1583 2031 ὅτι
1600 2004 1650 2040 μῐα
1663 2004 1738 2030 ἐστὶν
1751 2005 1767 2038 ἡ
1783 2003 1832 2031 τοῦ

1041 2053 1201 2088 Πνεὺματος
1222 2052 1336 2088 πρόοδος
1348 2060 1355 2067 ·
1374 2052 1422 2078 καὶ
1441 2051 1634 2086 δογματῑζεται
1648 2051 1677 2077 ὲν
1691 2050 1833 2084 διαφόροις

1041 2099 1158 2132 λέξεσιν,
1178 2097 1385 2130 ἀποσωζούσαις
1407 2096 1437 2123 τδ
1453 2096 1520 2123 αὐτὸ
1541 2096 1631 2130 νόημα
1647 2104 1653 2112 ·
1673 2095 1769 2129 ὥσπερ
1785 2094 1834 2121 καὶ

1041 2145 1088 2170 ἐπὶ
1115 2145 1165 2177 τῆς
1192 2143 1346 2178 γεννήσεως
1377 2142 1425 2169 τοῦ
1451 2142 1528 2174 Υἱοῦ,
1559 2142 1624 2168 ὅταν
1653 2141 1832 2174 ἁκοΰςωμεν.

1044 2199 1053 2216 ι
1077 2190 1284 2222 Ἐξαπέστειλεν
1299 2190 1312 2216 ό
1340 2188 1406 2219 Θεὸς
1428 2189 1472 2214 τὸν
1493 2187 1558 2214 Υιὺν
1580 2187 1662 2214 αὑτοῦ
1685 2186 1834 2221 γενόμενον

1042 2236 1074 2262 ἐκ
1090 2235 1219 2267 γυναικός
1235 2243 1241 2249 ·
1259 2244 1269 2260 ι
1286 2233 1356 2269 πρὸς
1383 2234 1505 2264 Γαλάτας
1523 2233 1601 2259 τοῦτό
1615 2241 1698 2267 φησιν
1713 2233 1727 2259 ὁ
1744 2231 1835 2266 μακά-

1045 2289 1102 2316 ριος
1125 2279 1242 2308 Παῦλος.
1259 2280 1312 2306 Καὶ
1325 2279 1406 2310 αὐτὸς
1420 2279 1447 2305 δὲ
1466 2279 1480 2305 6
1495 2278 1591 2314 Σωτὴρ
1613 2278 1689 2311 λέγει
1702 2286 1709 2293 ·
1730 2286 1740 2303 ι
1760 2277 1834 2311 Ἐγὼ

1045 2327 1120 2361 παρὰ
1141 2325 1188 2353 τοῦ
1212 2326 1317 2360 Harpe;
1332 2325 1454 2360 ἐξῆλθον,
1468 2326 1516 2352 καὶ
1529 2325 1600 2359 ἥκω.
1618 2334 1627 2351 t
1647 2325 1702 2351 Kal
1718 2323 1810 2351 ἄλλοθι
1824 2331 1833 2339 ”

1047 2382 1057 2399 ε
1081 2374 1110 2399 ’0
1127 2373 1181 2408 γὰρ
1195 2373 1288 2406 Πατὴρ
1316 2372 1471 2398 ἀπέσταλκε
1492 2371 1539 2397 τὸν
1564 2371 1629 2397 Υιδν
1655 2370 1770 2404 Σωτῆρα
1786 2370 1835 2396 τοῦ

1045 2419 1148 2453 κόσμου
1159 2427 1165 2434 ·
1186 2427 1196 2444 ι
1220 2418 1267 2445 καὶ
1282 2415 1316 2444 αὖ
1332 2425 1338 2432 ·
1356 2426 1366 2443 ι
1384 2417 1621 2452 Εὐαγγελίσασθαι
1635 2417 1753 2450 πτωχοῖς
1766 2416 1838 2442 ἀπέ-

1046 2463 1146 2490 σταλκέ
1173 2471 1217 2498 με.
1247 2471 1256 2488 t
1277 2462 1331 2489 Kal
1346 2462 1439 2494 πάλιν,
1457 2471 1467 2488 ι
1486 2461 1587 2488 Τοῦτον
1615 2461 1671 2496 γὰρ
1696 2462 1709 2487 ο
1738 2461 1837 2496 Πατὴρ

1045 2511 1212 2545 ἐσφράγισεν
1225 2510 1239 2536 ό
1253 2509 1329 2540 Θεός.
1347 2517 1358 2536 ›
1377 2509 1432 2535 Καὶ
1455 2509 1583 2543 Ἰωάννης
1596 2517 1602 2524 ·
1623 2518 1632 2534 ι
1651 2508 1705 2535 Καὶ
1719 2509 1733 2535 6
1748 2508 1838 2542 Λόγος

1047 2556 1114 2591 σὰρξ
1129 2556 1249 2589 ἐγένετο,
1274 2555 1322 2581 καὶ
1341 2555 1499 2589 ἐσκήνωσεν
1515 2555 1544 2581 ὲν
1566 2555 1644 2588 ἡμῖν.
1664 2564 1673 2580 ι
1693 2554 1727 2582 Ἀ
1746 2554 1837 2581 πάντα

1046 2602 1096 2637 τὴν
1110 2602 1237 2636 γέννησιν
1255 2596 1348 2627 ἀὑτοῦ
1363 2602 1411 2628 τοῦ
1428 2600 1495 2627 Υῑοῦ
1511 2600 1639 2634 δηλοῦσιν
1655 2601 1687 2626 ἐκ
1710 2599 1757 2627 τοῦ
1777 2601 1835 2626 Πα-

1047 2648 1121 2682 τρός.
1140 2647 1195 2674 Kal
1203 2647 1282 2673 τοῦτο
1293 2646 1401 2681 ἀληθῶς
1413 2646 1458 2672 καὶ
1473 2645 1576 2677 πιστῶς
1592 2645 1717 2679 νοοῦμεν,
1738 2645 1836 2681 ὥσπερ

1048 2692 1096 2718 καὶ
1112 2692 1176 2718 ὃταν
1193 2691 1258 2726 λέγῃ
1277 2699 1284 2707 ·
1304 2700 1313 2716 ι
1332 2691 1400 2717 Οὐδὲ
1415 2691 1469 2726 γὰρ
1484 2691 1498 2717 ὁ
1512 2691 1608 2725 Πατὴρ
1622 2690 1711 2725 κρίνει
1725 2690 1836 2723 οὐδένα,

1048 2766 1070 2782 ⁸³
1086 2764 1163 2792 Joatt.
1196 2772 1250 2796 xrt,
1268 2764 1312 2793 28.

1365 2766 1385 2780 ’⁸
1403 2763 1411 2790 1
1431 2763 1509 2790 Joau.
1530 2771 1568 2797 tv,
1595 2764 1636 2791 tt.
1676 2763 1699 2779 "
1717 2763 1784 2792 Luc.
1798 2770 1839 2797 tv,

1045 2801 1089 2832 Ἡ,
1105 2800 1151 2827 26.

1086 2877 1124 2912 (2‘;
1142 2877 1168 2905 id
1180 2883 1230 2910 est,
1242 2887 1254 2905 a
1267 2878 1336 2906 Filio
1344 2878 1476 2914 Spiritum
1490 2878 1570 2906 mitti.
