1961 3075
164 157 227 191 1⁸151

746 157 909 194 IOSEPlIl
932 157 1212 188 METIIONENSlS

1727 159 1796 192 ΠΩ

163 216 209 244 hic
225 215 307 243 Pater
319 219 343 242 cl
357 215 451 242 doctor
466 215 498 242 de
517 213 693 241 distinctione
704 218 730 241 et
743 214 835 242 divina
849 214 950 242 unione

1012 215 1129 246 ιτίσεως.
1148 225 1164 240 ι.
1181 214 1313 242 Ἐνταῦθα
1329 216 1342 242 ὁ
1356 216 1441 250 μέγας
1458 212 1537 248 οὗτος
1555 217 1650 252 Πατὴρ
1662 218 1710 243 καὶ
1723 219 1795 245 διδά-

163 271 318 290 sermonem
346 261 460 293 habens,
491 261 623 296 Spiritum
649 265 772 288 sanctum
798 262 832 288 ob
858 262 951 288 oculos

167 310 254 344 ponit,
272 308 400 343 Patrique
419 311 446 334 et
464 307 533 334 Filio
553 315 614 334 eum
632 308 826 342 comparando,
849 309 954 335 invenit

164 362 288 390 quamam
316 355 386 381 intrr
412 361 441 380 se
463 353 619 381 communia
643 359 670 380 et
696 354 829 384 unieutia.
844 359 870 382 et
893 364 953 389 quae

164 400 273 434 propria
289 403 316 425 et
336 398 534 432 distinguentia
561 398 626 427 sint.
643 398 709 426 Cum
734 399 826 433 igitur,
852 400 953 435 inqttit,

164 444 335 476 Putri,juxta
353 443 377 471 id
394 443 466 478 quod
483 443 634 470 increatum
652 448 703 474 est,
725 444 759 471 sit
779 445 953 479 coniunctus,

164 490 198 517 ab
212 497 245 517 eo
261 498 357 517 rursus
384 490 571 524 distinguitur,
595 498 629 517 ne
653 489 731 518 Pater
752 491 822 518 sicut
839 492 883 518 ille
900 498 953 525 est,

165 537 338 563 existimetur
351 545 358 563 :
374 545 435 564 cum
450 537 520 564 Filio
531 545 596 564 vero
611 545 756 565 commune
773 537 865 570 habet,
881 539 954 574 quod

164 583 304 610 inrreatus
323 587 366 610 est
397 585 460 618 (una
488 587 531 610 est
550 584 622 610 enim
652 583 732 611 trium
757 584 899 618 essentia),
928 589 953 611 et

165 633 298 662 praeterea
330 634 448 663 uterque
473 630 656 657 communiter
685 629 769 657 Deum
789 631 954 666 principium

166 675 277 701 habent.
299 673 404 702 Rursus
426 681 515 702 tamen
532 676 566 703 ab
580 684 613 703 eo
632 676 675 703 his
690 677 796 704 duobus
814 677 956 712 distingui-

167 724 221 750 tur,
238 720 300 754 quia
317 727 369 760 non
394 725 422 747 ut
445 720 528 747 Filius
546 730 595 756 per
612 722 826 756 generationem,
844 723 892 750 sed
909 731 956 757 per

166 766 368 800 processionem
387 767 512 794 videlicet
527 775 560 794 ex
575 767 653 795 Patre
675 769 721 801 sit,
737 769 762 796 id
783 774 834 802 est,
853 777 899 803 per
913 770 956 796 di-

165 820 275 839 versum
286 813 396 840 modum
407 813 576 846 substantiw,
587 815 684 849 etquia
698 823 746 850 per
755 815 843 850 ipsum
858 815 955 842 Filium

166 858 356 886 inanil‘estatus
375 859 420 886 sit.
442 859 494 887 Sed
508 861 570 895 quia
587 866 711 888 creatura
731 862 811 889 habet
823 870 885 890 esse
908 871 956 898 per

1007 261 1117 294 σκαλος,
1139 262 1202 296 περὶ
1218 261 1381 296 διακρίσεώς
1392 271 1420 288 τε
1437 264 1483 290 καὶ
1502 263 1577 295 θείας
1600 263 1735 295 ἑνὼσεως,
1749 271 1796 291 τον

1004 306 1084 338 λόγον
1097 307 1269 340 ποιούμενος,
1288 307 1493 342 προχειρίζεται
1520 309 1569 343 μὲν
1589 309 1618 336 τὸ
1638 309 1751 343 Πνεῦμα
1766 310 1796 336 ἰδ

1005 353 1084 386 ἆγιον
1098 361 1104 368 ·
1123 363 1158 380 πα
1165 353 1305 388 ραὸἀλλων
1320 354 1344 380 δ’
1355 354 1420 381 αὐτὸ
1437 355 1505 389 πρός
1519 363 1548 381 τε
1564 355 1609 383 τὸν
1625 355 1735 390 Πατέρα
1748 357 1796 383 καὶ

1004 401 1051 428 τδν
1063 401 1137 431 Υἰὺν,
1150 401 1271 435 εὑρίσκει
1284 402 1344 428 τινὰ
1356 402 1406 435 μὲν
1416 402 1508 433 αὐτοῖς
1523 403 1600 429 κοινὰ
1610 403 1657 429 καὶ
1673 403 1794 435 ἑνοῦντα,

1006 448 1069 474 τινὰ
1083 448 1110 474 δὲ
1129 447 1184 474 ἴδιά
1202 456 1232 473 τε
1252 448 1299 474 καὶ
1310 448 1495 483 διακρίνοντα.
1510 448 1556 482 Τῷ
1569 448 1618 483 μὲν
1633 448 1678 475 οὖν
1696 449 1794 482 Πατρὶ,

1005 493 1086 527 φησὶ,
1106 493 1177 519 κατὰ
1188 492 1218 518 τὸ
1234 492 1360 518 ἄκτιστον
1374 493 1588 526 συναπτόμενον,
1604 493 1795 528 διαχωρῖζεται

1006 537 1088 564 πάλιν
1112 538 1158 564 ἀπ’
1175 538 1271 570 αὑτοῦ,
1288 538 1331 564 ἴνα
1348 538 1386 574 μὴ
1411 539 1525 574 νομισθῇ
1549 539 1644 574 Πατὴρ
1669 540 1796 573 καῦἀπερ

1005 584 1106 615 ἐκεῖνος
1121 591 1134 599 ’ν
1144 584 1182 618 τῷ
1199 583 1226 609 δὲ
1244 583 1299 618 Υίῷ
1309 583 1455 610 κοινωνοῦν
1467 584 1538 611 κατὰ
1549 584 1579 610 τὸ
1590 585 1716 612 ἄκτιστον
1733 595 1796 611 συνο
1837 595 1842 602 ι

1006 629 1115 664 αφεὶας,
1137 630 1185 664 μία
1200 630 1254 665 γὰρ
1282 629 1336 656 τῶν
1360 630 1445 665 τριῶν
1466 631 1545 657 οὐσία
1560 639 1567 646 ·
1587 630 1627 657 ἔτι
1644 640 1674 657 τε
1692 632 1740 658 καὶ
1755 631 1795 666 τῷ

1006 676 1115 703 αίτιατὰ
1129 674 1198 702 εἶναι
1214 676 1312 708 κοινῶς
1331 676 1477 712 ἀμφότερα
1492 676 1540 703 τοῦ
1548 676 1610 703 τῶν
1631 677 1698 703 ὅλων
1713 677 1795 709 Θεοῦ,

1006 722 1080 757 ὅμως
1110 722 1192 749 αὖτοῦ
1221 723 1390 758 διακρίνεται
1413 723 1494 750 πάλιν
1519 723 1579 749 δυσὶ
1604 723 1729 755 τούτοις,
1757 724 1796 757 τῷ

1009 767 1078 803 μήτε
1096 768 1248 801 μονογενῶς
1269 767 1305 798 ὡς
1331 768 1404 800 Υἱὸς,
1423 767 1480 795 ἀλλ’
1495 768 1670 803 ὲκπορευτῶς
1695 769 1796 803 δηλαδὴ

1007 814 1168 849 ὑποστῆναι.
1184 814 1269 840 Τοῦτο
1282 814 1304 841 δ’
1316 815 1385 847 ἐστὶ,
1401 814 1440 848 τῷ
1453 814 1574 850 διαφόρῳ
1590 815 1638 849 τῆς
1654 815 1797 850 ὑπάρξεως

1007 858 1112 893 τρόπῳ,
1140 859 1188 884 καὶ
1206 859 1234 884 ἐν
1258 858 1296 893 τῷ
1321 859 1355 885 δι’
1373 859 1455 885 αὐτοῦ
1476 859 1522 885 τοῦ
1546 859 1610 886 Υἱηῦ
1635 861 1796 894 πεινηνὲυαι.

167 903 263 931 Filium
283 905 355 939 (nam
369 907 460 933 omnia
473 914 521 942 per
536 915 598 934 eum
609 907 679 934 facta
698 911 774 941 sunt,
787 913 817 935 ut
830 895 958 936 aitevan-

1013 903 1092 931 Ἐπεὶ
1106 904 1133 930 δὲ
1153 905 1199 931 καὶ
1221 905 1236 939 ἡ
1264 906 1353 937 κτίσις
1367 905 1411 932 διὰ
1435 906 1482 932 τοῦ
1503 905 1568 932 Υἱοῦ
1586 905 1616 932 τὸ
1643 904 1711 932 εἶναι
1728 906 1797 941 ἔχει,

166 950 263 982 gelista
275 950 405 984 Joannes,
422 956 448 979 et
459 952 577 987 Spiritus
587 960 634 987 per
650 952 750 981 Filium
764 954 957 982 manifestatus

166 999 218 1026 est,
242 997 392 1023 secundum
407 997 528 1024 omnium
541 998 683 1025 doctorum
705 999 842 1035 chorum),
858 1008 893 1027 ne
909 1000 958 1027 ali-

167 1042 232 1076 quid
252 1049 398 1070 commune
416 1051 476 1071 esse
490 1044 692 1072 existimaretur
713 1045 827 1080 Spiritui
842 1050 869 1074 et
881 1054 958 1074 crea-

168 1091 243 1118 turae,
258 1096 291 1115 eo
301 1089 373 1124 quod
391 1090 447 1116 haec
467 1098 518 1124 per
530 1090 628 1118 Filium
639 1097 731 1118 creata
749 1092 796 1124 sit,
812 1092 882 1119 alter
892 1100 958 1119 vero

168 1135 359 1163 manifestelur
375 1143 457 1164 zeum
477 1137 541 1170 quid
555 1142 628 1165 esset
643 1137 695 1172 ipsi
711 1142 738 1165 et
755 1137 793 1165 illi
814 1146 958 1166 commune

168 1181 221 1214 iam
231 1182 405 1217 assignassct,
424 1188 561 1216 metuens,
580 1191 615 1212 ne
625 1185 686 1218 quis
698 1184 749 1212 hac
764 1186 958 1213 communitate

169 1227 337 1255 identitatetn
348 1230 475 1257 essentia:
489 1231 679 1265 arbitraretur,
690 1231 920 1270 immutabilitate,
931 1237 959 1260 et

169 1275 359 1310 umtaliiluate,
370 1283 395 1304 et
405 1278 595 1307 immobilitate
605 1288 654 1308 suo
662 1280 801 1307 contrario
809 1287 840 1307 ea
851 1280 922 1307 inter
930 1287 959 1307 se

168 1321 321 1357 distinguit,
334 1323 406 1357 quod
424 1324 481 1352 lta>c
495 1332 542 1359 per
556 1325 651 1352 Filium
667 1326 807 1358 subsistat,
817 1326 885 1353 alter
897 1335 959 1354 vero

170 1376 218 1400 per
234 1367 331 1395 Filium
348 1369 548 1403 tnanil‘estetur,
573 1378 720 1400 commune
734 1376 762 1398 et
777 1372 847 1398 idem
864 1372 960 1399 existi-

171 1421 258 1440 mans.
277 1414 466 1443 Disﬁnctionis
483 1423 547 1443 vero
573 1417 683 1444 modum
707 1417 820 1448 invenit.
840 1425 873 1444 eo
888 1417 960 1450 quod

172 1459 231 1487 haec
246 1461 385 1488 mutabilis
401 1467 426 1488 et
440 1462 548 1489 mobilis
564 1469 617 1495 est,
637 1463 707 1490 alter
723 1471 788 1490 vero
803 1464 960 1491 immutabi-

172 1505 205 1532 lis
217 1511 246 1532 et
260 1506 416 1535 immobilis.
433 1508 515 1543 Atqui
535 1509 556 1536 si
575 1509 627 1536 hoc
642 1510 715 1545 quod
729 1516 781 1540 est.
799 1518 848 1544 per
862 1510 959 1537 Filium

173 1551 340 1580 inanil'estari
356 1552 500 1588 Spiritum,
516 1563 570 1582 non
592 1556 749 1583 ostenderet
771 1555 868 1583 Filium
884 1557 960 1592 prin-
975 1566 996 1596 ε

172 1596 274 1630 ripium
301 1604 373 1628 esse,
393 1600 624 1633 quemadmodum
655 1601 809 1628 ostenditur
837 1609 885 1637 per
909 1602 962 1629 hoc

172 1644 244 1678 quod
259 1649 311 1674 est.
330 1653 378 1680 per
390 1645 486 1674 Filium
501 1652 654 1676 creaturam
669 1649 820 1676 subsistere
835 1649 873 1685 (id
888 1649 961 1676 enim

173 1690 294 1718 declarat
305 1699 369 1718 eum
382 1699 443 1720 esse
458 1693 642 1729 principium).
660 1694 748 1722 facilis
768 1696 860 1730 utique
877 1695 964 1730 Spiri-

175 1741 218 1762 tus
233 1741 260 1763 et
278 1742 410 1765 creatura:
430 1739 571 1767 distinctio
591 1740 687 1768 luisset
706 1750 713 1768 :
735 1749 796 1768 nam
822 1749 963 1776 possemus

173 1783 276 1814 dicere,
291 1784 361 1817 quod
377 1785 427 1812 etsi
442 1786 521 1813 ambo
534 1786 589 1814 sint
603 1794 652 1822 per
663 1787 773 1819 Filium,
786 1792 875 1815 tamen
888 1795 965 1815 crea-

178 1835 236 1856 tura
264 1837 391 1866 tanquam
416 1838 557 1860 causatum
573 1838 659 1861 estex
677 1841 720 1866 eo,
741 1835 809 1861 alter
821 1842 886 1861 VOI‘O
903 1839 964 1861 tan-

173 1884 254 1909 ίιιιλιιι
285 1884 337 1904 non
367 1883 520 1905 cansatum.
551 1879 602 1906 Sed
637 1887 710 1906 ntmc
733 1879 759 1907 id
783 1887 836 1907 non
861 1880 931 1908 dixit
955 1889 962 1907 :

177 1929 239 1947 nam
266 1922 338 1956 quod
366 1930 461 1950 verum
482 1931 543 1951 esse
571 1925 714 1958 neseisset,
740 1933 794 1952 non
820 1930 879 1953 erat
904 1925 964 1960 ejus

174 1967 254 1994 nllivii
286 1969 396 2003 dicere;
422 1970 469 1997 sed
498 1970 578 1997 aliam
606 1971 814 1999 distinctionem
841 1971 962 2004 invenit,

175 2021 256 2045 quam
276 2021 366 2041 veram
387 2019 415 2042 et
432 2015 517 2042 solum
540 2016 690 2044 arbitratus
715 2022 756 2044 est
781 2024 852 2044 esse.
881 2017 965 2052 Igitur

176 2060 332 2094 pnepositio
357 2069 414 2095 per,
432 2069 494 2088 cum
518 2062 619 2090 dicitur
634 2063 705 2097 quod
723 2063 843 2098 Spiritus
858 2071 906 2098 per
920 2054 966 2090 Fi-

177 2106 244 2132 lium
261 2107 462 2140 manifestatur,
481 2109 531 2135 hoc
549 2109 620 2136 idem
643 2109 716 2137 valet
733 2111 804 2144 quod
816 2117 878 2137 cum
898 2110 965 2137 diri-

177 2156 231 2183 tnr,
240 2157 391 2178 creaturam
408 2160 457 2186 per
471 2152 569 2179 Filium
587 2154 738 2181 subsistere
750 2163 756 2185 ;
769 2162 801 2181 ac
816 2155 878 2189 quia
890 2162 966 2181 crea-

176 2203 243 2224 tura:
255 2198 444 2225 causadicitur
457 2204 483 2226 et
494 2199 614 2226 creditur
627 2206 699 2231 esse,
708 2200 805 2232 Filius,
820 2204 846 2227 et
864 2200 916 2227 hoc
931 2199 968 2226 si-

1007 951 1096 977 πάντα
1110 951 1165 986 γὰρ
1184 951 1217 977 δι’
1234 951 1317 978 αὑτοῦ
1337 952 1455 985 ἐγένετο,
1469 953 1482 978 6
1506 952 1633 986 Ἰωάννης
1648 953 1662 977 6
1682 953 1798 986 εὐαγγε-

1009 996 1102 1031 λιστὴς
1113 997 1197 1031 λέγει,
1216 998 1261 1024 καὶ
1274 997 1304 1024 τὺ
1319 998 1430 1033 Πνεῦμα
1445 997 1474 1025 δὲ
1487 998 1531 1025 διὰ
1543 999 1589 1025 τοῦ
1606 999 1672 1025 Υίοῦ
1690 1000 1795 1033 πέφηνε

1009 1041 1079 1069 κατὰ
1106 1042 1152 1068 τὸν
1176 1043 1255 1077 χορὸν
1281 1042 1390 1069 πάντων
1413 1043 1467 1070 τῶν
1490 1043 1669 1075 διδασκάλων,
1691 1044 1735 1070 ἵνα
1759 1044 1798 1078 μὴ

1009 1088 1098 1116 κοινόν
1113 1098 1139 1115 τι
1155 1089 1297 1124 νομισθείη
1316 1088 1363 1115 τοῦ
1380 1089 1538 1123 Πνεύματός
1561 1098 1591 1115 τε
1609 1090 1656 1116 καὶ
1675 1091 1722 1124 τῆς
1738 1090 1798 1115 κτί-

1010 1142 1079 1164 σεως
1091 1141 1098 1148 ·
1115 1133 1143 1159 ὲν
1158 1134 1195 1168 τῷ
1210 1133 1259 1168 τὴν
1278 1133 1327 1168 μὲν
1343 1133 1493 1168 ὑποστῆναι
1508 1134 1551 1161 διὰ
1571 1134 1616 1160 τοῦ
1633 1134 1710 1165 Υἱοῦ,
1726 1134 1756 1160 τὸ
1771 1133 1800 1159 δὲ

1010 1179 1173 1213 πεφηνέναι,
1197 1180 1257 1205 ἐπεὶ
1279 1178 1397 1213 ἔφθασεν
1420 1179 1607 1211 ἀποδεδωκὼς
1624 1179 1712 1206 κοινὸν
1725 1179 1800 1213 αὑτῷ

1008 1233 1040 1250 τε
1065 1224 1179 1260 κάκείνῃ
1190 1231 1198 1240 ·
1213 1223 1306 1256 δεδιὼς
1331 1225 1367 1259 μή
1392 1233 1434 1255 τις
1449 1224 1535 1258 τούτῳ
1550 1225 1582 1260 δὴ
1597 1225 1635 1260 τῷ
1651 1225 1733 1258 κοινῷ
1752 1225 1800 1251 καὶ

1009 1271 1162 1305 ταυτότητα
1178 1270 1227 1306 τῆς
1239 1270 1331 1302 οὐσίας
1353 1271 1487 1303 δοξάσειε,
1504 1271 1542 1306 τῷ
1557 1271 1685 1306 ἀτρέπτῳ
1708 1280 1737 1297 τε
1752 1271 1801 1297 καὶ

1009 1316 1129 1352 τρεπτῷ,
1145 1318 1193 1343 καὶ
1207 1317 1380 1352 ὰναλλοιὼτῳ
1395 1317 1441 1344 καὶ
1459 1317 1497 1352 μὴ
1516 1317 1641 1353 τοιούτῳ,
1664 1318 1800 1352 διακρίνει

1009 1363 1086 1390 ταῦτ’
1101 1362 1148 1389 ἀπ’
1164 1363 1305 1398 ἀλλήλων
1326 1363 1365 1395 τὸ,
1382 1363 1431 1398 τὴν
1447 1365 1497 1398 μὲν
1517 1364 1561 1390 διὰ
1580 1363 1627 1390 τοῦ
1645 1363 1710 1390 Υἱίὖ
1728 1364 1798 1390 ὑπο-

1012 1408 1118 1443 στῆναι,
1133 1408 1162 1435 τὺ
1181 1409 1218 1441 δὲ,
1236 1409 1280 1435 διὰ
1299 1408 1346 1435 τοῦ
1364 1409 1429 1435 Υίοῦ
1445 1409 1607 1444 πεφηνέναι,
1623 1409 1713 1436 κοινὸν
1737 1409 1800 1436 κατ’

1012 1455 1094 1482 αὑτὸν
1118 1455 1305 1490 ἡγησάμενος.
1321 1454 1489 1489 Διακρίσεως
1504 1454 1532 1481 δὲ
1554 1455 1654 1488 τρόπον
1675 1455 1752 1490 εὗρε,
1769 1455 1801 1481 τδ

1011 1500 1060 1535 τὴν
1077 1500 1136 1534 μὲν,
1162 1499 1282 1535 τρεπτὴν
1299 1500 1346 1526 καὶ¹
1362 1499 1512 1535 ἀλλοιωτὴν
1532 1497 1613 1532 εἶναι,
1628 1499 1658 1526 τὸ
1681 1499 1703 1526 δ’
1719 1501 1801 1534 ἀτρε-

1013 1548 1078 1572 πτόν
1092 1555 1120 1573 τε
1137 1547 1183 1572 καὶ
1194 1546 1374 1573 ἀναλλοίωτον
1389 1554 1396 1561 ·
1412 1547 1511 1580 καίτοι,
1526 1546 1551 1573 εί
1565 1547 1596 1573 τὶι
1609 1547 1653 1573 διὰ
1674 1546 1720 1573 τοῦ
1733 1546 1801 1572 Υίοῦ

1013 1593 1164 1627 πεφηνέναι
1181 1593 1212 1619 τδ
1237 1591 1359 1628 Πνεῦμα,
1374 1593 1411 1627 μὴ
1429 1593 1518 1619 αἰτίαν
1544 1593 1638 1627 ἐδήλου
1663 1591 1708 1618 τὸν
1725 1593 1800 1625 Υίδν,

1013 1639 1107 1674 ὥσπερ
1123 1640 1152 1666 τὺ
1164 1639 1207 1666 διὰ
1225 1638 1271 1666 τοῦ
1283 1639 1348 1666 Υἰοῦ
1372 1638 1522 1674 ὑποστῆναι
1543 1639 1593 1674 τὴν
1607 1639 1705 1670 κτίσιν,
1721 1638 1803 1666 τοῦτο

1012 1685 1067 1720 γὰρ
1079 1685 1160 1711 αὑτὸν
1175 1685 1264 1712 αίτίαν
1278 1685 1363 1720 δηλοῖ,
1378 1686 1464 1721 ῥᾴστη
1480 1685 1512 1712 ἂν
1527 1686 1542 1721 ἡ
1556 1685 1701 1720 διάκρισις,
1718 1684 1803 1710 [ivsti-

1015 1731 1100 1765 ματος
1111 1738 1141 1756 τε
1159 1730 1208 1756 καὶ
1221 1723 1269 1762 τῆς
1291 1730 1407 1761 κτίσεως
1420 1738 1428 1746 ·
1442 1729 1505 1764 ἐξῆν
1521 1730 1575 1765 γὰρ
1599 1731 1696 1761 εἰπεῖν,
1712 1730 1752 1756 ὅτι
1777 1731 1803 1756 εί

1014 1778 1061 1803 καὶ
1075 1776 1217 1811 ἀμφότερα
1234 1775 1279 1802 διὰ
1291 1776 1335 1802 τοῦ
1349 1775 1427 1809 Υίοῦ,
1442 1776 1499 1802 ἀλλ’
1513 1777 1529 1811 ἡ
1545 1776 1594 1810 μὲν
1609 1777 1696 1805 κτίσις
1714 1776 1804 1801 aitu-

1013 1822 1068 1854 τῶς
1081 1823 1110 1855 ἐξ
1127 1822 1223 1856 αὑτοῦ,
1237 1814 1268 1850 τὸ
1279 1823 1308 1850 δὲ
1321 1823 1451 1854 ἀναιτίως
1461 1831 1469 1838 ⁸
1485 1823 1531 1849 νῦν
1544 1823 1583 1854 δὲ,
1596 1823 1675 1849 τοῦτο
1691 1822 1740 1857 μὲν
1752 1822 1804 1848 οὐκ

1014 1868 1110 1896 εἶπεν*
1136 1869 1219 1905 ὃγὰρ
1241 1871 1278 1905 μὴ
1306 1869 1365 1905 ῇδει
1383 1869 1483 1904 ἀληθὲς
1507 1869 1548 1902 ὃν,
1565 1869 1614 1896 οὐκ
1639 1867 1673 1904 ἦν
1697 1868 1804 1895 ἐκείνου

1014 1916 1113 1947 είπεϊν,
1139 1915 1198 1942 ἀλλ’
1225 1915 1308 1950 ἀλλην
1323 1911 1388 1951 εὗρε
1417 1909 1569 1950 διάκρισινΓ
1582 1915 1631 1950 τὴν
1656 1915 1703 1941 καὶ
1729 1914 1806 1948 αὐτῷ

1015 1961 1129 1994 δόξασιν
1145 1961 1231 1997 ἀληθῆ
1249 1962 1297 1989 καὶ
1320 1962 1404 1997 μόνην
1420 1962 1597 1996 ὑπάρχουσαν
1609 1970 1616 1977 ·
1632 1962 1648 1996 ή
1664 1961 1713 1987 διὰ
1738 1961 1805 2001 ἄρα.

1015 2009 1061 2035 ἐπὶ
1078 2008 1128 2043 τῆς
1141 2008 1175 2035 δι’
1198 2007 1260 2034 Υίοῦ
1284 2007 1332 2034 τοῦ
1357 2007 1516 2042 Πνεύματος
1537 2007 1584 2033 τοῦ
1602 2007 1680 2041 ἁγίου
1704 2007 1806 2040 ὲκφὰν-

1017 2063 1096 2086 σεως.
1111 2054 1184 2081 τοῦτ’
1199 2054 1265 2080 αὐτὸ
1277 2053 1389 2080 δύναται
1402 2061 1410 2070 ·
1427 2053 1495 2087 ὅπερ
1509 2053 1554 2078 ἐπὶ
1565 2053 1613 2086 τῆς
1628 2053 1745 2083 κτίσεως
1760 2052 1805 2078 λε-

1016 2101 1134 2136 γομένης
1148 2101 1182 2126 δι’
1197 2100 1262 2127 Υίοῦ
1280 2100 1441 2134 ὑποστῆναι.
1461 2098 1532 2125 Ἀλλ’
1546 2098 1607 2124 ἐπεὶ
1620 2097 1670 2130 τῆς
1688 2098 1806 2129 κτίσεως

1017 2147 1092 2173 αἰτία
1112 2147 1221 2180 λέγεται
1239 2146 1286 2172 καὶ
1304 2145 1461 2171 πιστεύεται
1481 2146 1495 2171 6
1509 2144 1572 2175 Υίδς
1592 2142 1672 2170 εἶναι.
1692 2144 1745 2169 Καὶ
1761 2143 1807 2170 διὰ

1017 2193 1068 2226 τῆς
1082 2192 1130 2219 διὰ
1146 2192 1226 2218 τοῦτο
1249 2192 1424 2226 σημαίνεται,
1451 2190 1495 2217 καὶ
1512 2190 1558 2216 ἐπὶ
1580 2189 1627 2215 τοῦ
1649 2189 1806 2223 Πνεὺμαιος

175 2243 285 2278 gniﬁcat
305 2244 461 2278 pr.epositio
477 2252 538 2278 per;
551 2252 615 2280 ergo
632 2245 716 2272 dictio
734 2253 780 2279 per
801 2245 835 2272 de
849 2245 960 2280 Spiritu.

1018 2239 1072 2274 ἄρα
1087 2239 1179 2265 αἰτίαν
1198 2240 1213 2272 ἡ
1232 2234 1453 2272 διὰᾏθιρίστησι
1470 2235 1516 2262 τὸν
1538 2235 1613 2261 Υἱόν.
1639 2235 1692 2260 Καὶ
1718 2234 1757 2264 τίς
1772 2233 1807 2259 ἂν

176 2290 256 2317 etiam
274 2298 383 2317 causam
402 2297 463 2317 esse
478 2290 577 2317 Filium
593 2291 713 2318 denotat.
733 2291 768 2318 At
782 2291 844 2325 quis
865 2290 965 2325 poterit.

176 2343 294 2370 unquam
304 2341 411 2363 ser-rata
425 2336 497 2363 serie
509 2336 566 2363 lia-c
576 2337 713 2364 subtiliter
722 2343 770 2372 per
783 2341 873 2370 partes
881 2343 965 2370 expo-

177 2389 253 2413 nere.
264 2390 324 2410 cum
336 2390 368 2410 ea
384 2383 410 2409 in
422 2382 560 2410 inﬁnitum
573 2383 778 2411 extendantur?
788 2382 841 2410 Sed
851 2390 966 2418 magnus

175 2433 205 2455 et
221 2429 335 2456 celebris
351 2429 518 2457 Athanasius
536 2437 631 2457 rursus
642 2429 755 2457 accedat
766 2429 800 2456 ad
822 2429 966 2456 testiﬁcan-

177 2475 253 2505 dum.
264 2474 362 2502 Filium
371 2475 488 2510 Spiritus
495 2476 579 2503 sancti
589 2476 771 2511 processionis
777 2482 888 2502 causam
894 2482 965 2502 esse.

180 2521 229 2548 llic
247 2521 319 2548 enim
341 2522 368 2549 in
386 2527 502 2550 tractatu
523 2522 614 2558 primo
629 2517 761 2550 adversus
774 2522 901 2552 Arianos.
919 2521 966 2556 qui

180 2566 286 2601 incipit,
300 2575 309 2592 ι
321 2566 497 2602 Qumcunque
509 2567 621 2595 hatresis
631 2572 725 2595 contra
734 2568 875 2595 veritatem
887 2573 968 2593 exco-

180 2612 280 2646 gitasse
293 2611 424 2638 insaniam
437 2613 581 2640 adversum
597 2620 628 2639 se
642 2617 735 2646 aperte
755 2611 933 2645 conspicitur,
955 2619 964 2635 ι

181 2657 239 2684 htec
248 2657 304 2684 ait:
319 2666 328 2682 ι
345 2657 410 2685 Haec
420 2666 483 2685 cum
498 2658 599 2687 Juda:is
609 2658 736 2687 Christus
745 2662 773 2684 ut
783 2657 865 2683 homo
874 2657 966 2690 loque-

179 2704 270 2735 batur,
286 2703 333 2731 sed
345 2704 485 2738 discipulis
500 2705 557 2732 suis
568 2704 736 2732 divinitatem
754 2708 782 2731 et
795 2703 967 2737 maiestatem

179 2758 255 2778 suam
268 2751 426 2782 ostendens,
444 2758 499 2777 non
512 2750 645 2777 minorem
659 2758 689 2778 se
704 2750 806 2785 Spiritu
822 2748 868 2776 sed
881 2748 969 2781 majo-

181 2803 238 2823 rem
254 2802 281 2824 et
296 2797 428 2831 zequalem
449 2804 510 2824 esse
527 2797 706 2830 ostendendo,
720 2796 843 2824 tradebat
858 2794 967 2829 quidem

181 2842 326 2876 Spiritum,
341 2849 369 2870 et
388 2843 496 2870 dicebat
516 2851 548 2871 ι(
563 2843 618 2878 Ego
634 2850 697 2869 eum
724 2843 840 2873 mittam,
869 2845 896 2868 et
926 2839 969 2867 ille

182 2897 226 2917 tne
242 2889 412 2919 clariﬁcabit.
428 2895 454 2917 et
471 2897 639 2924 quaecunque
660 2888 794 2915 audiverit
806 2887 940 2921 loqtlclur.
957 2895 964 2911 ι

1015 2285 1142 2319 δυνηθείη
1167 2284 1228 2310 καθ’
1248 2283 1344 2318 είρμδν
1357 2286 1391 2309 τὰ
1409 2282 1473 2317 περὶ
1498 2281 1594 2307 τούτου
1627 2280 1745 2306 ἐκθεῖναι
1762 2279 1807 2305 λε-

1018 2330 1174 2366 πτομερῶς,
1188 2329 1276 2365 μῆκος
1299 2328 1410 2362 ἄπειρον
1422 2326 1619 2362 ὑπερϐαίνοντα
1632 2334 1639 2358 ;
1662 2326 1741 2352 Ἀλλὰ
1759 2325 1807 2351 καὶ

1016 2378 1031 2404 ὁ
1048 2379 1134 2412 μέγας
1155 2377 1202 2403 καὶ
1225 2375 1309 2406 πολὺς
1327 2373 1496 2407 Ἀθανάσιος,
1521 2373 1602 2400 πάλιν
1617 2372 1717 2399 ἐλθέτω
1733 2380 1806 2405 συμ-

1019 2421 1206 2457 μαρτυρήσων
1230 2422 1297 2457 ἡμῖν
1314 2421 1363 2447 τὸν
1382 2419 1446 2446 Υίδν
1467 2419 1555 2446 αἴτιον
1580 2419 1630 2454 τῆς
1653 2417 1701 2444 τοῦ
1724 2417 1806 2450 ἁγίου

1019 2468 1179 2503 Πνεύματος
1201 2466 1410 2503 ἐκπορεύσεως’
1438 2462 1516 2497 (οὗτος
1539 2464 1594 2500 γὰρ
1618 2466 1646 2491 ὲν
1672 2462 1712 2497 τῷ
1735 2462 1809 2489 κατὰ

1025 2514 1173 2550 ’Λρειανῶν
1181 2509 1407 2549 πρώτῳ).όγιρ,οὖ
1420 2513 1437 2546 ἡ
1452 2511 1534 2547 ἁρχὴ,
1551 2520 1560 2537 α
1576 2511 1609 2537 Ai.
1625 2511 1674 2545 μὲν
1685 2509 1808 2544 αἱρέσεις

1019 2563 1080 2589 εσαι
1107 2560 1178 2589 κατὰ
1202 2561 1251 2594 τῆς
1267 2559 1396 2593 ἀληθείας
1416 2558 1598 2592 ὲπινοήσασαι
1618 2556 1717 2591 μανίαν
1740 2555 1809 2581 εαυ-

1019 2610 1090 2640 ταίς,
1108 2616 1118 2633 ι
1135 2606 1224 2633 τοιάδε
1233 2605 1306 2640 λέγει
1316 2612 1324 2620 ·
1344 2613 1357 2630 ο
1367 2603 1487 2630 Τοιαῦτα
1496 2603 1544 2637 μὲν
1557 2603 1611 2634 τοῖς
1621 2601 1758 2632 Ἰουδαίοις
1769 2600 1810 2633 ὡς

1019 2655 1163 2689 ἄνθρωπος
1179 2654 1193 2679 6
1210 2652 1311 2687 Κύριος
1326 2651 1477 2684 διελέγετο”
1495 2650 1552 2680 τοῖς
1565 2648 1593 2675 δὲ
1607 2648 1738 2683 μαθηταῖς
1755 2647 1808 2673 αὺ-

1019 2701 1066 2727 τοῦ
1082 2700 1133 2735 τὴν
1152 2699 1267 2734 Θεότητα
1283 2697 1332 2724 καὶ
1355 2696 1554 2732 μεγαλειότητα
1573 2694 1678 2725 δεικνὺς
1694 2692 1808 2726 ἑαυτοῦ,

1020 2747 1071 2773 οὐκ
1089 2746 1129 2772 ἔτι
1144 2745 1272 2772 ἐλάττονα
1291 2743 1387 2770 ἑαυτὸν
1403 2741 1450 2769 τοῦ
1471 2741 1641 2776 Πνεύματος,
1660 2739 1728 2766 ἀλλὰ
1745 2738 1810 2774 μεί-

1022 2793 1086 2824 ζονα
1103 2792 1150 2818 καὶ
1169 2792 1227 2818 τσον
1240 2790 1305 2816 ὄντα
1322 2788 1472 2823 σημαίνων,
1489 2787 1574 2814 ἐδίδου
1591 2787 1641 2821 μὲν
1654 2786 1685 2811 τδ
1696 2784 1811 2819 Πνεῦμα

1022 2840 1069 2866 καὶ
1092 2839 1195 2872 ἔλεγεν,
1214 2845 1224 2862 ι
1237 2835 1307 2870 Ἐγὼ
1319 2835 1400 2862 αὐτὸν
1421 2833 1562 2861 ἀποστελῶ
1575 2841 1583 2849 ·
1606 2833 1734 2864 κάκεῖνος
1758 2831 1810 2867 litt

1023 2885 1128 2918 δοξάσει
1142 2885 1197 2910 ‘ml
1211 2884 1258 2909 ἴσα
1275 2882 1307 2910 ἂν
1323 2880 1425 2915 ἀκούσῃ
1439 2879 1561 2914 λαλήσει.
1582 2888 1591 2905 ι
