  <div class='ocr_page' id='page_1' title='image "/cluster/home/n/w/nwhite01/storage/ocr_20150623/159/njp.32101077773248/596.png"; bbox 0 0 1961 3075; ppageno 0'>
   <div class='ocr_carea' id='block_1_1' title="bbox 164 136 236 169">
    <p class='ocr_par' dir='ltr' id='par_1_1' title="bbox 164 136 236 169">
     <span class='ocr_line' id='line_1_1' title="bbox 164 136 236 169; baseline -0.028 0"><span class='ocrx_word' id='word_1_1' title='bbox 164 136 236 169; x_wconf 73' lang='grc'><strong>’1153</strong></span> 
     </span>
    </p>
   </div>
   <div class='ocr_carea' id='block_1_2' title="bbox 494 146 1451 182">
    <p class='ocr_par' dir='ltr' id='par_1_2' title="bbox 494 146 1451 182">
     <span class='ocr_line' id='line_1_2' title="bbox 494 146 1451 182; baseline -0.006 -1"><span class='ocrx_word' id='word_1_2' title='bbox 494 151 569 182; x_wconf 76' lang='lat' dir='ltr'><strong>PRO</strong></span> <span class='ocrx_word' id='word_1_3' title='bbox 584 150 688 181; x_wconf 82' lang='lat' dir='ltr'><strong>CONC.</strong></span> <span class='ocrx_word' id='word_1_4' title='bbox 710 148 896 180; x_wconf 82' lang='lat' dir='ltr'><strong>FLORENT.</strong></span> <span class='ocrx_word' id='word_1_5' title='bbox 915 147 995 179; x_wconf 71' lang='lat' dir='ltr'><strong>CAP.</strong></span> <span class='ocrx_word' id='word_1_6' title='bbox 1010 149 1034 180; x_wconf 92' lang='lat' dir='ltr'><strong>l.</strong></span> <span class='ocrx_word' id='word_1_7' title='bbox 1051 148 1099 179; x_wconf 85' lang='lat' dir='ltr'><strong>DE</strong></span> <span class='ocrx_word' id='word_1_8' title='bbox 1121 146 1276 179; x_wconf 78' lang='lat' dir='ltr'><strong>SPllllTU</strong></span> <span class='ocrx_word' id='word_1_9' title='bbox 1297 146 1451 177; x_wconf 77' lang='lat' dir='ltr'><strong>SANCTO.</strong></span> 
     </span>
    </p>
   </div>
   <div class='ocr_carea' id='block_1_3' title="bbox 1723 141 1796 176">
    <p class='ocr_par' dir='ltr' id='par_1_3' title="bbox 1723 141 1796 176">
     <span class='ocr_line' id='line_1_3' title="bbox 1723 141 1796 176; baseline -0.027 0"><span class='ocrx_word' id='word_1_10' title='bbox 1723 141 1796 176; x_wconf 65' lang='grc' dir='ltr'>ΗΜ</span> 
     </span>
    </p>
   </div>
   <div class='ocr_carea' id='block_1_4' title="bbox 196 196 956 238">
    <p class='ocr_par' dir='ltr' id='par_1_4' title="bbox 196 196 950 238">
     <span class='ocr_line' id='line_1_4' title="bbox 196 196 950 238; baseline 0.005 -14"><span class='ocrx_word' id='word_1_11' title='bbox 196 197 340 230; x_wconf 70' lang='grc' dir='ltr'>’Ἤκουσας</span> <span class='ocrx_word' id='word_1_12' title='bbox 357 201 402 226; x_wconf 74' lang='grc' dir='ltr'><strong>καὶ</strong></span> <span class='ocrx_word' id='word_1_13' title='bbox 417 201 499 229; x_wconf 79' lang='grc' dir='ltr'>πάλιν</span> <span class='ocrx_word' id='word_1_14' title='bbox 516 202 562 229; x_wconf 84' lang='grc' dir='ltr'><strong>τοῦ</strong></span> <span class='ocrx_word' id='word_1_15' title='bbox 578 196 698 238; x_wconf 71' lang='grc' dir='ltr'>μεγάλου</span> <span class='ocrx_word' id='word_1_16' title='bbox 715 202 811 229; x_wconf 84' lang='grc' dir='ltr'>τούτου</span> <span class='ocrx_word' id='word_1_17' title='bbox 834 202 950 236; x_wconf 64' lang='grc' dir='ltr'>Πατρδς,</span> 
     </span>
    </p>
   </div>
   <div class='ocr_carea' id='block_1_5' title="bbox 1009 196 1795 238">
    <p class='ocr_par' dir='ltr' id='par_1_5' title="bbox 1037 202 1795 236">
     <span class='ocr_line' id='line_1_5' title="bbox 1037 202 1795 236; baseline 0 -7"><span class='ocrx_word' id='word_1_18' title='bbox 1037 202 1143 230; x_wconf 82' lang='lat' dir='ltr'><strong>Audisti</strong></span> <span class='ocrx_word' id='word_1_19' title='bbox 1157 210 1250 230; x_wconf 60' lang='lat' dir='ltr'><strong>rur~us</strong></span> <span class='ocrx_word' id='word_1_20' title='bbox 1265 210 1393 236; x_wconf 80' lang='lat' dir='ltr'><strong>maguum</strong></span> <span class='ocrx_word' id='word_1_21' title='bbox 1411 203 1517 230; x_wconf 87' lang='lat' dir='ltr'><strong>Patrem</strong></span> <span class='ocrx_word' id='word_1_22' title='bbox 1532 203 1614 235; x_wconf 81' lang='lat' dir='ltr'><strong>hunc,</strong></span> <span class='ocrx_word' id='word_1_23' title='bbox 1633 209 1687 228; x_wconf 85' lang='lat' dir='ltr'><strong>non</strong></span> <span class='ocrx_word' id='word_1_24' title='bbox 1704 202 1795 229; x_wconf 84' lang='lat' dir='ltr'><strong>mino-</strong></span> 
     </span>
    </p>
   </div>
   <div class='ocr_carea' id='block_1_6' title="bbox 164 245 950 284">
    <p class='ocr_par' dir='ltr' id='par_1_6' title="bbox 164 245 950 284">
     <span class='ocr_line' id='line_1_6' title="bbox 164 245 950 284; baseline 0.004 -14"><span class='ocrx_word' id='word_1_25' title='bbox 164 245 214 270; x_wconf 75' lang='grc' dir='ltr'><strong>οὺκ</strong></span> <span class='ocrx_word' id='word_1_26' title='bbox 227 245 268 272; x_wconf 71' lang='grc' dir='ltr'>ἔτι</span> <span class='ocrx_word' id='word_1_27' title='bbox 290 246 418 273; x_wconf 73' lang='grc' dir='ltr'>ἐλάττονά</span> <span class='ocrx_word' id='word_1_28' title='bbox 432 256 500 282; x_wconf 59' lang='grc' dir='ltr'>φησι</span> <span class='ocrx_word' id='word_1_29' title='bbox 522 249 568 275; x_wconf 83' lang='grc' dir='ltr'><strong>τοῦ</strong></span> <span class='ocrx_word' id='word_1_30' title='bbox 585 248 743 284; x_wconf 81' lang='grc' dir='ltr'>Πνεύματος</span> <span class='ocrx_word' id='word_1_31' title='bbox 760 249 866 279; x_wconf 76' lang='grc' dir='ltr'>ἑαυτὸν,</span> <span class='ocrx_word' id='word_1_32' title='bbox 883 248 950 274; x_wconf 78' lang='grc' dir='ltr'>ἀλλὰ</span> 
     </span>
    </p>
   </div>
   <div class='ocr_carea' id='block_1_7' title="bbox 166 290 952 330">
    <p class='ocr_par' dir='ltr' id='par_1_7' title="bbox 166 290 952 330">
     <span class='ocr_line' id='line_1_7' title="bbox 166 290 952 330; baseline -0.003 -8"><span class='ocrx_word' id='word_1_33' title='bbox 166 290 277 326; x_wconf 73' lang='grc' dir='ltr'>μείζονα</span> <span class='ocrx_word' id='word_1_34' title='bbox 292 293 410 319; x_wconf 36' lang='grc' dir='ltr'>καὶγῐσον</span> <span class='ocrx_word' id='word_1_35' title='bbox 421 301 428 308; x_wconf 88' lang='grc'>·</span> <span class='ocrx_word' id='word_1_36' title='bbox 443 293 499 321; x_wconf 71' lang='grc' dir='ltr'>ἴσον</span> <span class='ocrx_word' id='word_1_37' title='bbox 516 295 565 329; x_wconf 78' lang='grc' dir='ltr'>μὲν</span> <span class='ocrx_word' id='word_1_38' title='bbox 580 296 650 322; x_wconf 77' lang='grc' dir='ltr'>κατὰ</span> <span class='ocrx_word' id='word_1_39' title='bbox 667 296 697 322; x_wconf 76' lang='grc' dir='ltr'><strong>τὺ</strong></span> <span class='ocrx_word' id='word_1_40' title='bbox 711 295 854 330; x_wconf 82' lang='grc' dir='ltr'>ὁμοούσιον</span> <span class='ocrx_word' id='word_1_41' title='bbox 868 302 874 309; x_wconf 90' lang='grc'>·</span> <span class='ocrx_word' id='word_1_42' title='bbox 893 294 952 328; x_wconf 81' lang='grc' dir='ltr'>μει-</span> 
     </span>
    </p>
   </div>
   <div class='ocr_carea' id='block_1_8' title="bbox 166 337 953 376">
    <p class='ocr_par' dir='ltr' id='par_1_8' title="bbox 166 337 953 376">
     <span class='ocr_line' id='line_1_8' title="bbox 166 337 953 376; baseline 0.004 -13"><span class='ocrx_word' id='word_1_43' title='bbox 166 338 230 369; x_wconf 82' lang='grc' dir='ltr'>ζονα</span> <span class='ocrx_word' id='word_1_44' title='bbox 243 337 281 370; x_wconf 75' lang='grc' dir='ltr'><strong>δὲ,</strong></span> <span class='ocrx_word' id='word_1_45' title='bbox 294 337 325 364; x_wconf 85' lang='grc' dir='ltr'><strong>οὑ</strong></span> <span class='ocrx_word' id='word_1_46' title='bbox 346 338 458 373; x_wconf 76' lang='grc' dir='ltr'><strong>μεγέθει</strong></span> <span class='ocrx_word' id='word_1_47' title='bbox 481 341 545 371; x_wconf 69' lang='grc' dir='ltr'>τινὶ,</span> <span class='ocrx_word' id='word_1_48' title='bbox 560 340 620 367; x_wconf 78' lang='grc' dir='ltr'>οὐδὲ</span> <span class='ocrx_word' id='word_1_49' title='bbox 642 342 741 376; x_wconf 83' lang='grc' dir='ltr'><strong>χρόνῳ,</strong></span> <span class='ocrx_word' id='word_1_50' title='bbox 755 341 863 375; x_wconf 79' lang='grc' dir='ltr'>ἄπαγε·</span> <span class='ocrx_word' id='word_1_51' title='bbox 877 341 953 367; x_wconf 76' lang='grc' dir='ltr'>οὑδεν</span> 
     </span>
    </p>
   </div>
   <div class='ocr_carea' id='block_1_9' title="bbox 164 383 953 421">
    <p class='ocr_par' dir='ltr' id='par_1_9' title="bbox 164 383 953 421">
     <span class='ocr_line' id='line_1_9' title="bbox 164 383 953 421; baseline 0.005 -13"><span class='ocrx_word' id='word_1_52' title='bbox 164 383 218 416; x_wconf 79' lang='grc' dir='ltr'>γὰρ</span> <span class='ocrx_word' id='word_1_53' title='bbox 237 383 371 417; x_wconf 82' lang='grc' dir='ltr'>πρότερον</span> <span class='ocrx_word' id='word_1_54' title='bbox 390 385 419 410; x_wconf 82' lang='grc' dir='ltr'>ὲν</span> <span class='ocrx_word' id='word_1_55' title='bbox 436 386 468 420; x_wconf 87' lang='grc' dir='ltr'><strong>τῇ</strong></span> <span class='ocrx_word' id='word_1_56' title='bbox 492 385 552 420; x_wconf 81' lang='grc' dir='ltr'>θείᾳ</span> <span class='ocrx_word' id='word_1_57' title='bbox 568 386 674 421; x_wconf 79' lang='grc' dir='ltr'>Τριάδι,</span> <span class='ocrx_word' id='word_1_58' title='bbox 693 386 709 421; x_wconf 84' lang='grc' dir='ltr'>ἢ</span> <span class='ocrx_word' id='word_1_59' title='bbox 737 386 865 421; x_wconf 80' lang='grc' dir='ltr'>ὕστερον·</span> <span class='ocrx_word' id='word_1_60' title='bbox 886 385 953 412; x_wconf 84' lang='grc' dir='ltr'><strong>ἀλλὰ</strong></span> 
     </span>
    </p>
   </div>
   <div class='ocr_carea' id='block_1_10' title="bbox 164 426 953 467">
    <p class='ocr_par' dir='ltr' id='par_1_10' title="bbox 164 426 953 467">
     <span class='ocr_line' id='line_1_10' title="bbox 164 426 953 467; baseline 0.005 -13"><span class='ocrx_word' id='word_1_61' title='bbox 164 428 207 455; x_wconf 75' lang='grc' dir='ltr'>διὰ</span> <span class='ocrx_word' id='word_1_62' title='bbox 222 428 252 455; x_wconf 75' lang='grc' dir='ltr'>τὸ</span> <span class='ocrx_word' id='word_1_63' title='bbox 268 429 297 462; x_wconf 82' lang='grc' dir='ltr'><strong>ἐξ</strong></span> <span class='ocrx_word' id='word_1_64' title='bbox 312 429 394 456; x_wconf 79' lang='grc' dir='ltr'>αὐτοῦ</span> <span class='ocrx_word' id='word_1_65' title='bbox 410 426 484 465; x_wconf 77' lang='grc' dir='ltr'>ἔχειν</span> <span class='ocrx_word' id='word_1_66' title='bbox 497 432 546 467; x_wconf 82' lang='grc' dir='ltr'>τὴν</span> <span class='ocrx_word' id='word_1_67' title='bbox 562 432 679 467; x_wconf 74' lang='grc' dir='ltr'>ὕπαρξιν</span> <span class='ocrx_word' id='word_1_68' title='bbox 692 441 699 448; x_wconf 93' lang='grc'><strong>·</strong></span> <span class='ocrx_word' id='word_1_69' title='bbox 716 432 843 467; x_wconf 82' lang='grc' dir='ltr'>καθάπερ</span> <span class='ocrx_word' id='word_1_70' title='bbox 859 432 953 467; x_wconf 83' lang='grc' dir='ltr'>ἀμέλει</span> 
     </span>
    </p>
   </div>
   <div class='ocr_carea' id='block_1_11' title="bbox 164 475 954 513">
    <p class='ocr_par' dir='ltr' id='par_1_11' title="bbox 164 475 954 513">
     <span class='ocr_line' id='line_1_11' title="bbox 164 475 954 513; baseline 0.005 -13"><span class='ocrx_word' id='word_1_71' title='bbox 164 475 211 500; x_wconf 73' lang='grc' dir='ltr'><strong>καὶ</strong></span> <span class='ocrx_word' id='word_1_72' title='bbox 228 475 260 501; x_wconf 76' lang='grc' dir='ltr'><strong>ὲκ</strong></span> <span class='ocrx_word' id='word_1_73' title='bbox 272 475 319 501; x_wconf 89' lang='grc' dir='ltr'><strong>τοῦ</strong></span> <span class='ocrx_word' id='word_1_74' title='bbox 335 475 402 502; x_wconf 87' lang='grc' dir='ltr'>Θεοῦ</span> <span class='ocrx_word' id='word_1_75' title='bbox 426 478 472 503; x_wconf 79' lang='grc' dir='ltr'>καὶ</span> <span class='ocrx_word' id='word_1_76' title='bbox 494 477 613 512; x_wconf 78' lang='grc' dir='ltr'>Πατρός.</span> <span class='ocrx_word' id='word_1_77' title='bbox 634 477 690 505; x_wconf 90' lang='grc' dir='ltr'><strong>Ποῦ</strong></span> <span class='ocrx_word' id='word_1_78' title='bbox 707 479 776 505; x_wconf 85' lang='grc' dir='ltr'>είσιν</span> <span class='ocrx_word' id='word_1_79' title='bbox 788 478 814 504; x_wconf 77' lang='grc' dir='ltr'><strong>οἰ</strong></span> <span class='ocrx_word' id='word_1_80' title='bbox 828 478 954 513; x_wconf 80' lang='grc' dir='ltr'>λέγοντες</span> 
     </span>
    </p>
   </div>
   <div class='ocr_carea' id='block_1_12' title="bbox 165 520 953 558">
    <p class='ocr_par' dir='ltr' id='par_1_12' title="bbox 165 520 953 558">
     <span class='ocr_line' id='line_1_12' title="bbox 165 520 953 558; baseline 0.005 -12"><span class='ocrx_word' id='word_1_81' title='bbox 165 520 205 546; x_wconf 59' lang='lat' dir='ltr'><strong>Eu</strong></span> <span class='ocrx_word' id='word_1_82' title='bbox 223 522 254 547; x_wconf 82' lang='grc' dir='ltr'><strong>ἐκ</strong></span> <span class='ocrx_word' id='word_1_83' title='bbox 271 521 354 555; x_wconf 74' lang='grc' dir='ltr'>μόνου</span> <span class='ocrx_word' id='word_1_84' title='bbox 372 521 418 548; x_wconf 88' lang='grc' dir='ltr'><strong>τοῦ</strong></span> <span class='ocrx_word' id='word_1_85' title='bbox 429 522 536 557; x_wconf 80' lang='grc' dir='ltr'>Πατρδς</span> <span class='ocrx_word' id='word_1_86' title='bbox 545 524 575 549; x_wconf 86' lang='grc' dir='ltr'>τὸ</span> <span class='ocrx_word' id='word_1_87' title='bbox 589 524 701 558; x_wconf 74' lang='grc' dir='ltr'>Πνεῦμα</span> <span class='ocrx_word' id='word_1_88' title='bbox 708 524 776 556; x_wconf 79' lang='grc' dir='ltr'>ἐστι,</span> <span class='ocrx_word' id='word_1_89' title='bbox 784 525 832 550; x_wconf 81' lang='grc' dir='ltr'><strong>καὶ</strong></span> <span class='ocrx_word' id='word_1_90' title='bbox 843 524 894 550; x_wconf 82' lang='grc' dir='ltr'><strong>οὐκ</strong></span> <span class='ocrx_word' id='word_1_91' title='bbox 907 525 953 550; x_wconf 76' lang='grc' dir='ltr'><strong>ὲκ-</strong></span> 
     </span>
    </p>
   </div>
   <div class='ocr_carea' id='block_1_13' title="bbox 168 560 954 603">
    <p class='ocr_par' dir='ltr' id='par_1_13' title="bbox 168 560 954 603">
     <span class='ocr_line' id='line_1_13' title="bbox 168 560 954 603; baseline 0.004 -12"><span class='ocrx_word' id='word_1_92' title='bbox 168 574 197 591; x_wconf 73' lang='grc' dir='ltr'>πν</span> <span class='ocrx_word' id='word_1_93' title='bbox 205 566 312 600; x_wconf 83' lang='grc' dir='ltr'>ρεύεται</span> <span class='ocrx_word' id='word_1_94' title='bbox 322 567 353 593; x_wconf 82' lang='grc' dir='ltr'><strong>ἐκ</strong></span> <span class='ocrx_word' id='word_1_95' title='bbox 364 567 410 593; x_wconf 71' lang='grc' dir='ltr'><strong>τοῦ</strong></span> <span class='ocrx_word' id='word_1_96' title='bbox 422 567 487 594; x_wconf 87' lang='grc' dir='ltr'>Υἱοῦ</span> <span class='ocrx_word' id='word_1_97' title='bbox 498 575 506 602; x_wconf 82' lang='grc'><strong>;</strong></span> <span class='ocrx_word' id='word_1_98' title='bbox 517 568 573 595; x_wconf 76' lang='grc' dir='ltr'><strong>Οὐκ</strong></span> <span class='ocrx_word' id='word_1_99' title='bbox 582 569 753 603; x_wconf 74' lang='grc' dir='ltr'><strong>αἰσχύνονται</strong></span> <span class='ocrx_word' id='word_1_100' title='bbox 764 560 954 596; x_wconf 74' lang='grc' dir='ltr'>ἐναντιοῦσθαι</span> 
     </span>
    </p>
   </div>
   <div class='ocr_carea' id='block_1_14' title="bbox 165 612 954 651">
    <p class='ocr_par' dir='ltr' id='par_1_14' title="bbox 165 612 954 651">
     <span class='ocr_line' id='line_1_14' title="bbox 165 612 954 651; baseline 0.005 -13"><span class='ocrx_word' id='word_1_101' title='bbox 165 612 221 642; x_wconf 76' lang='grc' dir='ltr'>τοῖς</span> <span class='ocrx_word' id='word_1_102' title='bbox 230 612 369 645; x_wconf 79' lang='grc' dir='ltr'>ἀγίοις.Ὢ</span> <span class='ocrx_word' id='word_1_103' title='bbox 385 613 435 647; x_wconf 82' lang='grc' dir='ltr'>τῆς</span> <span class='ocrx_word' id='word_1_104' title='bbox 447 613 548 648; x_wconf 82' lang='grc' dir='ltr'><strong>ἀνοχῆς</strong></span> <span class='ocrx_word' id='word_1_105' title='bbox 560 623 619 648; x_wconf 81' lang='grc' dir='ltr'>σου,</span> <span class='ocrx_word' id='word_1_106' title='bbox 635 615 735 650; x_wconf 81' lang='grc' dir='ltr'>Χριστὲ</span> <span class='ocrx_word' id='word_1_107' title='bbox 750 615 861 651; x_wconf 54' lang='lat' dir='ltr'><strong>pactis?)</strong></span> <span class='ocrx_word' id='word_1_108' title='bbox 876 615 954 642; x_wconf 68' lang='grc' dir='ltr'><strong>ΓᾹπῇ</strong></span> 
     </span>
    </p>
   </div>
   <div class='ocr_carea' id='block_1_15' title="bbox 167 657 954 695">
    <p class='ocr_par' dir='ltr' id='par_1_15' title="bbox 167 657 954 695">
     <span class='ocr_line' id='line_1_15' title="bbox 167 657 954 695; baseline 0.004 -13"><span class='ocrx_word' id='word_1_109' title='bbox 167 657 269 692; x_wconf 83' lang='grc' dir='ltr'><strong>μέρους</strong></span> <span class='ocrx_word' id='word_1_110' title='bbox 287 657 335 692; x_wconf 77' lang='grc' dir='ltr'>μὲν</span> <span class='ocrx_word' id='word_1_111' title='bbox 352 658 445 693; x_wconf 81' lang='grc' dir='ltr'>ἔχουσι</span> <span class='ocrx_word' id='word_1_112' title='bbox 459 659 570 690; x_wconf 81' lang='grc' dir='ltr'><strong>τούτους</strong></span> <span class='ocrx_word' id='word_1_113' title='bbox 588 660 696 693; x_wconf 66' lang='grc' dir='ltr'>ἁγίους*</span> <span class='ocrx_word' id='word_1_114' title='bbox 712 661 759 686; x_wconf 77' lang='grc' dir='ltr'><strong>καὶ</strong></span> <span class='ocrx_word' id='word_1_115' title='bbox 775 659 934 695; x_wconf 74' lang='grc' dir='ltr'><strong>ἑορτάζουσι</strong></span> <span class='ocrx_word' id='word_1_116' title='bbox 947 667 954 675; x_wconf 93' lang='grc'>·</span> 
     </span>
    </p>
   </div>
   <div class='ocr_carea' id='block_1_16' title="bbox 166 703 956 738">
    <p class='ocr_par' dir='ltr' id='par_1_16' title="bbox 166 703 956 738">
     <span class='ocr_line' id='line_1_16' title="bbox 166 703 956 738; baseline 0.004 -9"><span class='ocrx_word' id='word_1_117' title='bbox 166 703 213 730; x_wconf 70' lang='grc' dir='ltr'><strong>καὶ</strong></span> <span class='ocrx_word' id='word_1_118' title='bbox 241 704 445 738; x_wconf 78' lang='grc' dir='ltr'>προσκυνοῦσι·</span> <span class='ocrx_word' id='word_1_119' title='bbox 461 705 509 732; x_wconf 73' lang='grc' dir='ltr'>καὶ</span> <span class='ocrx_word' id='word_1_120' title='bbox 531 706 640 736; x_wconf 76' lang='grc' dir='ltr'>εἰκόνας</span> <span class='ocrx_word' id='word_1_121' title='bbox 661 705 751 732; x_wconf 79' lang='grc' dir='ltr'>αὐτῶν</span> <span class='ocrx_word' id='word_1_122' title='bbox 776 705 881 732; x_wconf 78' lang='grc' dir='ltr'>ποιοῦσι</span> <span class='ocrx_word' id='word_1_123' title='bbox 908 705 956 732; x_wconf 77' lang='grc' dir='ltr'>καὶ</span> 
     </span>
    </p>
   </div>
   <div class='ocr_carea' id='block_1_17' title="bbox 167 749 954 786">
    <p class='ocr_par' dir='ltr' id='par_1_17' title="bbox 167 749 954 786">
     <span class='ocr_line' id='line_1_17' title="bbox 167 749 954 786; baseline 0.001 -11"><span class='ocrx_word' id='word_1_124' title='bbox 167 750 316 784; x_wconf 79' lang='grc' dir='ltr'>κοσμοῦσιν</span> <span class='ocrx_word' id='word_1_125' title='bbox 331 750 417 782; x_wconf 76' lang='grc' dir='ltr'>αὑτὰς</span> <span class='ocrx_word' id='word_1_126' title='bbox 433 749 538 785; x_wconf 78' lang='grc' dir='ltr'><strong>χρυσίῳ</strong></span> <span class='ocrx_word' id='word_1_127' title='bbox 550 756 558 765; x_wconf 83' lang='grc'><strong><em>⁸</em></strong></span> <span class='ocrx_word' id='word_1_128' title='bbox 575 751 629 777; x_wconf 75' lang='grc' dir='ltr'><strong>ἀπὸ</strong></span> <span class='ocrx_word' id='word_1_129' title='bbox 643 752 741 786; x_wconf 73' lang='grc' dir='ltr'>μέρους</span> <span class='ocrx_word' id='word_1_130' title='bbox 757 751 779 777; x_wconf 74' lang='grc' dir='ltr'><strong>δ’</strong></span> <span class='ocrx_word' id='word_1_131' title='bbox 793 751 936 786; x_wconf 66' lang='grc' dir='ltr'>ἀρνοῦνται</span> <span class='ocrx_word' id='word_1_132' title='bbox 947 758 954 766; x_wconf 73' lang='grc'><strong><em>⁸</em></strong></span> 
     </span>
    </p>
   </div>
   <div class='ocr_carea' id='block_1_18' title="bbox 166 793 956 830">
    <p class='ocr_par' dir='ltr' id='par_1_18' title="bbox 166 793 956 830">
     <span class='ocr_line' id='line_1_18' title="bbox 166 793 956 830; baseline 0.001 -10"><span class='ocrx_word' id='word_1_133' title='bbox 166 793 208 820; x_wconf 75' lang='grc' dir='ltr'>διὰ</span> <span class='ocrx_word' id='word_1_134' title='bbox 217 793 246 820; x_wconf 74' lang='grc' dir='ltr'>τὸ</span> <span class='ocrx_word' id='word_1_135' title='bbox 258 793 347 828; x_wconf 78' lang='grc' dir='ltr'>λέγειν</span> <span class='ocrx_word' id='word_1_136' title='bbox 361 794 459 826; x_wconf 64' lang='grc' dir='ltr'>αὐτοὺς</span> <span class='ocrx_word' id='word_1_137' title='bbox 476 795 523 822; x_wconf 72' lang='grc' dir='ltr'><strong>καὶ</strong></span> <span class='ocrx_word' id='word_1_138' title='bbox 534 796 565 821; x_wconf 78' lang='grc' dir='ltr'><strong>ὲκ</strong></span> <span class='ocrx_word' id='word_1_139' title='bbox 580 795 626 821; x_wconf 78' lang='grc' dir='ltr'><strong>τοῦ</strong></span> <span class='ocrx_word' id='word_1_140' title='bbox 636 795 702 822; x_wconf 80' lang='grc' dir='ltr'>Υίοῦ</span> <span class='ocrx_word' id='word_1_141' title='bbox 716 796 746 822; x_wconf 58' lang='grc' dir='ltr'><strong>τδ</strong></span> <span class='ocrx_word' id='word_1_142' title='bbox 764 796 888 830; x_wconf 78' lang='grc' dir='ltr'>Πνεῦμα,</span> <span class='ocrx_word' id='word_1_143' title='bbox 908 796 956 822; x_wconf 79' lang='grc' dir='ltr'><strong>καὶ</strong></span> 
     </span>
    </p>
   </div>
   <div class='ocr_carea' id='block_1_19' title="bbox 167 839 954 876">
    <p class='ocr_par' dir='ltr' id='par_1_19' title="bbox 167 839 954 876">
     <span class='ocr_line' id='line_1_19' title="bbox 167 839 954 876; baseline 0.001 -10"><span class='ocrx_word' id='word_1_144' title='bbox 167 839 322 875; x_wconf 76' lang='grc' dir='ltr'>ὑϐρίζουσιν</span> <span class='ocrx_word' id='word_1_145' title='bbox 337 840 469 872; x_wconf 70' lang='grc' dir='ltr'><strong>ἀναιδ‹ῖ›;”</strong></span> <span class='ocrx_word' id='word_1_146' title='bbox 488 841 536 867; x_wconf 75' lang='grc' dir='ltr'><strong>καὶ</strong></span> <span class='ocrx_word' id='word_1_147' title='bbox 557 841 611 867; x_wconf 81' lang='grc' dir='ltr'>τῶν</span> <span class='ocrx_word' id='word_1_148' title='bbox 632 843 682 876; x_wconf 85' lang='grc' dir='ltr'>μὲν</span> <span class='ocrx_word' id='word_1_149' title='bbox 701 842 841 876; x_wconf 71' lang='grc' dir='ltr'><strong>φθείροντι</strong></span> <span class='ocrx_word' id='word_1_150' title='bbox 858 843 891 868; x_wconf 85' lang='grc' dir='ltr'><strong>τὰ</strong></span> <span class='ocrx_word' id='word_1_151' title='bbox 912 842 954 876; x_wconf 85' lang='grc' dir='ltr'>βι-</span> 
     </span>
    </p>
   </div>
   <div class='ocr_carea' id='block_1_20' title="bbox 166 886 954 924">
    <p class='ocr_par' dir='ltr' id='par_1_20' title="bbox 166 886 954 924">
     <span class='ocr_line' id='line_1_20' title="bbox 166 886 954 924; baseline 0.003 -12"><span class='ocrx_word' id='word_1_152' title='bbox 166 887 237 918; x_wconf 78' lang='grc' dir='ltr'>ϐλία,</span> <span class='ocrx_word' id='word_1_153' title='bbox 253 886 309 912; x_wconf 85' lang='grc' dir='ltr'>τῶν</span> <span class='ocrx_word' id='word_1_154' title='bbox 324 886 362 919; x_wconf 82' lang='grc' dir='ltr'><strong>δὲ,</strong></span> <span class='ocrx_word' id='word_1_155' title='bbox 382 887 523 917; x_wconf 79' lang='grc' dir='ltr'>παντελῶς</span> <span class='ocrx_word' id='word_1_156' title='bbox 539 888 745 920; x_wconf 74' lang='grc' dir='ltr'>κατακαίουσιν,</span> <span class='ocrx_word' id='word_1_157' title='bbox 764 888 806 914; x_wconf 75' lang='grc' dir='ltr'>ἵνα</span> <span class='ocrx_word' id='word_1_158' title='bbox 831 889 868 924; x_wconf 82' lang='grc' dir='ltr'>μὴ</span> <span class='ocrx_word' id='word_1_159' title='bbox 892 888 954 922; x_wconf 77' lang='grc' dir='ltr'>φαί-</span> 
     </span>
    </p>
   </div>
   <div class='ocr_carea' id='block_1_21' title="bbox 166 930 954 969">
    <p class='ocr_par' dir='ltr' id='par_1_21' title="bbox 166 930 954 969">
     <span class='ocr_line' id='line_1_21' title="bbox 166 930 954 969; baseline 0.004 -11"><span class='ocrx_word' id='word_1_160' title='bbox 166 941 273 960; x_wconf 83' lang='grc' dir='ltr'>νωνται.</span> <span class='ocrx_word' id='word_1_161' title='bbox 292 933 346 959; x_wconf 82' lang='grc' dir='ltr'><strong>Καὶ</strong></span> <span class='ocrx_word' id='word_1_162' title='bbox 370 933 434 964; x_wconf 83' lang='grc' dir='ltr'>τοὺς</span> <span class='ocrx_word' id='word_1_163' title='bbox 452 933 514 968; x_wconf 83' lang='grc' dir='ltr'>μὲν,</span> <span class='ocrx_word' id='word_1_164' title='bbox 536 930 671 969; x_wconf 80' lang='grc' dir='ltr'>μεθύσους</span> <span class='ocrx_word' id='word_1_165' title='bbox 687 934 874 962; x_wconf 64' lang='grc' dir='ltr'>ἀποκαλοῦσιν</span> <span class='ocrx_word' id='word_1_166' title='bbox 891 935 954 966; x_wconf 80' lang='grc' dir='ltr'>τοὺς</span> 
     </span>
    </p>
   </div>
   <div class='ocr_carea' id='block_1_22' title="bbox 166 979 954 1016">
    <p class='ocr_par' dir='ltr' id='par_1_22' title="bbox 166 979 954 1016">
     <span class='ocr_line' id='line_1_22' title="bbox 166 979 954 1016; baseline 0.004 -11"><span class='ocrx_word' id='word_1_167' title='bbox 166 980 204 1011; x_wconf 82' lang='grc' dir='ltr'><strong>δὲ,</strong></span> <span class='ocrx_word' id='word_1_168' title='bbox 225 979 262 1014; x_wconf 78' lang='grc' dir='ltr'>μὴ</span> <span class='ocrx_word' id='word_1_169' title='bbox 279 979 413 1015; x_wconf 81' lang='grc' dir='ltr'><strong>ὑπάρχειν</strong></span> <span class='ocrx_word' id='word_1_170' title='bbox 432 980 536 1014; x_wconf 78' lang='grc' dir='ltr'><strong>ἁγίους.</strong></span> <span class='ocrx_word' id='word_1_171' title='bbox 555 980 648 1016; x_wconf 80' lang='grc' dir='ltr'>ἐπειδὴ</span> <span class='ocrx_word' id='word_1_172' title='bbox 664 981 713 1008; x_wconf 72' lang='grc' dir='ltr'><strong>καὶ</strong></span> <span class='ocrx_word' id='word_1_173' title='bbox 727 982 758 1008; x_wconf 81' lang='grc' dir='ltr'><strong>ὲκ</strong></span> <span class='ocrx_word' id='word_1_174' title='bbox 781 980 828 1008; x_wconf 80' lang='grc' dir='ltr'><strong>τοῦ</strong></span> <span class='ocrx_word' id='word_1_175' title='bbox 845 981 910 1008; x_wconf 85' lang='grc' dir='ltr'>Υίοῦ</span> <span class='ocrx_word' id='word_1_176' title='bbox 923 981 954 1008; x_wconf 75' lang='grc' dir='ltr'><strong>τὸ</strong></span> 
     </span>
    </p>
   </div>
   <div class='ocr_carea' id='block_1_23' title="bbox 167 1025 954 1063">
    <p class='ocr_par' dir='ltr' id='par_1_23' title="bbox 167 1025 954 1063">
     <span class='ocr_line' id='line_1_23' title="bbox 167 1025 954 1063; baseline 0.004 -11"><span class='ocrx_word' id='word_1_177' title='bbox 167 1025 278 1061; x_wconf 82' lang='grc' dir='ltr'><strong>Πνεῦμα</strong></span> <span class='ocrx_word' id='word_1_178' title='bbox 306 1026 498 1061; x_wconf 76' lang='grc' dir='ltr'><strong>ὁμολογοῦσιν.</strong></span> <span class='ocrx_word' id='word_1_179' title='bbox 517 1025 574 1053; x_wconf 81' lang='grc' dir='ltr'>Εῖτ’</span> <span class='ocrx_word' id='word_1_180' title='bbox 594 1027 644 1054; x_wconf 81' lang='grc' dir='ltr'><strong>οὐκ</strong></span> <span class='ocrx_word' id='word_1_181' title='bbox 669 1027 844 1063; x_wconf 78' lang='grc' dir='ltr'><strong>αἰσχύνονται</strong></span> <span class='ocrx_word' id='word_1_182' title='bbox 869 1028 894 1054; x_wconf 70' lang='grc' dir='ltr'>οἱ</span> <span class='ocrx_word' id='word_1_183' title='bbox 909 1029 954 1055; x_wconf 73' lang='grc' dir='ltr'><strong>ἄν·</strong></span> 
     </span>
    </p>
   </div>
   <div class='ocr_carea' id='block_1_24' title="bbox 167 1070 955 1106">
    <p class='ocr_par' dir='ltr' id='par_1_24' title="bbox 167 1070 955 1106">
     <span class='ocr_line' id='line_1_24' title="bbox 167 1070 955 1106; baseline 0.005 -10"><span class='ocrx_word' id='word_1_184' title='bbox 167 1070 270 1106; x_wconf 85' lang='grc' dir='ltr'>θρωποι</span> <span class='ocrx_word' id='word_1_185' title='bbox 286 1071 352 1106; x_wconf 76' lang='grc' dir='ltr'>ἡμῖν</span> <span class='ocrx_word' id='word_1_186' title='bbox 374 1071 510 1104; x_wconf 71' lang='grc' dir='ltr'>ἐγκαλεῖν,</span> <span class='ocrx_word' id='word_1_187' title='bbox 538 1072 769 1106; x_wconf 74' lang='grc' dir='ltr'>ὑποτασσομένοις</span> <span class='ocrx_word' id='word_1_188' title='bbox 785 1074 842 1104; x_wconf 80' lang='grc' dir='ltr'>τοῖς</span> <span class='ocrx_word' id='word_1_189' title='bbox 867 1073 955 1106; x_wconf 78' lang='grc' dir='ltr'>ἁγίοις</span> 
     </span>
    </p>
   </div>
   <div class='ocr_carea' id='block_1_25' title="bbox 168 1113 954 1152">
    <p class='ocr_par' dir='ltr' id='par_1_25' title="bbox 168 1113 954 1152">
     <span class='ocr_line' id='line_1_25' title="bbox 168 1113 954 1152; baseline 0.008 -13"><span class='ocrx_word' id='word_1_190' title='bbox 168 1113 216 1140; x_wconf 69' lang='grc' dir='ltr'><strong>καὶ</strong></span> <span class='ocrx_word' id='word_1_191' title='bbox 241 1113 411 1146; x_wconf 78' lang='grc' dir='ltr'>διδασκάλοις</span> <span class='ocrx_word' id='word_1_192' title='bbox 437 1115 488 1150; x_wconf 83' lang='grc' dir='ltr'>τῆς</span> <span class='ocrx_word' id='word_1_193' title='bbox 516 1115 691 1151; x_wconf 82' lang='grc' dir='ltr'>Ἐκκλησίας,</span> <span class='ocrx_word' id='word_1_194' title='bbox 716 1117 763 1144; x_wconf 71' lang='grc' dir='ltr'><strong>καὶ</strong></span> <span class='ocrx_word' id='word_1_195' title='bbox 791 1117 954 1152; x_wconf 76' lang='grc' dir='ltr'>φυλάττουσι</span> 
     </span>
    </p>
   </div>
   <div class='ocr_carea' id='block_1_26' title="bbox 166 1161 955 1200">
    <p class='ocr_par' dir='ltr' id='par_1_26' title="bbox 166 1161 955 1200">
     <span class='ocr_line' id='line_1_26' title="bbox 166 1161 955 1200; baseline 0.006 -13"><span class='ocrx_word' id='word_1_196' title='bbox 166 1161 229 1193; x_wconf 76' lang='grc' dir='ltr'>τοὺς</span> <span class='ocrx_word' id='word_1_197' title='bbox 245 1161 341 1195; x_wconf 74' lang='grc' dir='ltr'>λόγους</span> <span class='ocrx_word' id='word_1_198' title='bbox 369 1161 470 1189; x_wconf 83' lang='grc' dir='ltr'>αὐτῶν.</span> <span class='ocrx_word' id='word_1_199' title='bbox 488 1163 548 1196; x_wconf 73' lang='grc' dir='ltr'>Ἔτι</span> <span class='ocrx_word' id='word_1_200' title='bbox 564 1171 592 1190; x_wconf 82' lang='grc' dir='ltr'><strong>τε</strong></span> <span class='ocrx_word' id='word_1_201' title='bbox 617 1163 749 1198; x_wconf 78' lang='grc' dir='ltr'>μάχονται</span> <span class='ocrx_word' id='word_1_202' title='bbox 767 1165 844 1200; x_wconf 80' lang='grc' dir='ltr'>ἡμῖν,</span> <span class='ocrx_word' id='word_1_203' title='bbox 866 1166 910 1192; x_wconf 79' lang='grc' dir='ltr'><strong>διὰ</strong></span> <span class='ocrx_word' id='word_1_204' title='bbox 925 1166 955 1192; x_wconf 79' lang='grc' dir='ltr'>τὸ</span> 
     </span>
    </p>
   </div>
   <div class='ocr_carea' id='block_1_27' title="bbox 168 1205 955 1247">
    <p class='ocr_par' dir='ltr' id='par_1_27' title="bbox 168 1205 955 1247">
     <span class='ocr_line' id='line_1_27' title="bbox 168 1205 955 1247; baseline 0.009 -15"><span class='ocrx_word' id='word_1_205' title='bbox 168 1205 370 1234; x_wconf 78' lang='grc' dir='ltr'>ὑποτάσσεσθαι</span> <span class='ocrx_word' id='word_1_206' title='bbox 383 1210 416 1244; x_wconf 79' lang='grc' dir='ltr'><strong>τῇ</strong></span> <span class='ocrx_word' id='word_1_207' title='bbox 434 1209 500 1245; x_wconf 78' lang='grc' dir='ltr'>ἁγίᾳ</span> <span class='ocrx_word' id='word_1_208' title='bbox 515 1210 562 1236; x_wconf 70' lang='grc' dir='ltr'><strong>καὶ</strong></span> <span class='ocrx_word' id='word_1_209' title='bbox 578 1210 755 1246; x_wconf 79' lang='grc' dir='ltr'>οἰκουμενικῇ</span> <span class='ocrx_word' id='word_1_210' title='bbox 769 1212 890 1247; x_wconf 79' lang='grc' dir='ltr'>,συνόδῳ,</span> <span class='ocrx_word' id='word_1_211' title='bbox 907 1213 955 1239; x_wconf 80' lang='grc' dir='ltr'>καὶ</span> 
     </span>
    </p>
   </div>
   <div class='ocr_carea' id='block_1_28' title="bbox 167 1253 953 1293">
    <p class='ocr_par' dir='ltr' id='par_1_28' title="bbox 167 1253 953 1293">
     <span class='ocr_line' id='line_1_28' title="bbox 167 1253 953 1293; baseline 0.008 -15"><span class='ocrx_word' id='word_1_212' title='bbox 167 1253 213 1279; x_wconf 67' lang='grc' dir='ltr'>τὶν</span> <span class='ocrx_word' id='word_1_213' title='bbox 229 1254 316 1288; x_wconf 78' lang='grc' dir='ltr'>αὐτῆς</span> <span class='ocrx_word' id='word_1_214' title='bbox 333 1255 405 1289; x_wconf 79' lang='grc' dir='ltr'>ὅρον,</span> <span class='ocrx_word' id='word_1_215' title='bbox 428 1255 524 1290; x_wconf 83' lang='grc' dir='ltr'>ὥσπερ</span> <span class='ocrx_word' id='word_1_216' title='bbox 540 1256 685 1290; x_wconf 77' lang='grc' dir='ltr'>ἐγκόλπιον</span> <span class='ocrx_word' id='word_1_217' title='bbox 706 1258 823 1292; x_wconf 77' lang='grc' dir='ltr'>χρυσοῦν</span> <span class='ocrx_word' id='word_1_218' title='bbox 845 1258 953 1293; x_wconf 82' lang='grc' dir='ltr'>ὁλοσχε-</span> 
     </span>
    </p>
   </div>
   <div class='ocr_carea' id='block_1_29' title="bbox 170 1299 954 1337">
    <p class='ocr_par' dir='ltr' id='par_1_29' title="bbox 170 1299 954 1337">
     <span class='ocr_line' id='line_1_29' title="bbox 170 1299 954 1337; baseline 0.004 -11"><span class='ocrx_word' id='word_1_219' title='bbox 170 1299 224 1334; x_wconf 78' lang='grc' dir='ltr'>ρῶς</span> <span class='ocrx_word' id='word_1_220' title='bbox 241 1301 413 1335; x_wconf 79' lang='grc' dir='ltr'>κατέχουσιν.</span> <span class='ocrx_word' id='word_1_221' title='bbox 434 1301 555 1336; x_wconf 79' lang='grc' dir='ltr'>Ἀληθῶς</span> <span class='ocrx_word' id='word_1_222' title='bbox 572 1303 717 1337; x_wconf 86' lang='grc' dir='ltr'>παρόμοιοί</span> <span class='ocrx_word' id='word_1_223' title='bbox 735 1303 787 1329; x_wconf 87' lang='grc' dir='ltr'>εἰσι</span> <span class='ocrx_word' id='word_1_224' title='bbox 803 1303 856 1329; x_wconf 84' lang='grc' dir='ltr'>τῶν</span> <span class='ocrx_word' id='word_1_225' title='bbox 872 1304 954 1337; x_wconf 64' lang='grc' dir='ltr'>Φαρι-</span> 
     </span>
    </p>
   </div>
   <div class='ocr_carea' id='block_1_30' title="bbox 169 1345 953 1383">
    <p class='ocr_par' dir='ltr' id='par_1_30' title="bbox 169 1345 953 1383">
     <span class='ocr_line' id='line_1_30' title="bbox 169 1345 953 1383; baseline 0.004 -12"><span class='ocrx_word' id='word_1_226' title='bbox 169 1345 262 1378; x_wconf 82' lang='grc' dir='ltr'>σαῖων,</span> <span class='ocrx_word' id='word_1_227' title='bbox 280 1345 327 1378; x_wconf 76' lang='grc' dir='ltr'>οὓς</span> <span class='ocrx_word' id='word_1_228' title='bbox 339 1347 463 1379; x_wconf 80' lang='grc' dir='ltr'>ὀνειδίζει</span> <span class='ocrx_word' id='word_1_229' title='bbox 479 1347 596 1382; x_wconf 79' lang='grc' dir='ltr'>Χριστὸς</span> <span class='ocrx_word' id='word_1_230' title='bbox 618 1348 631 1374; x_wconf 77' lang='grc' dir='ltr'>ὁ</span> <span class='ocrx_word' id='word_1_231' title='bbox 651 1347 717 1379; x_wconf 81' lang='grc' dir='ltr'>Θεὸς</span> <span class='ocrx_word' id='word_1_232' title='bbox 735 1348 823 1383; x_wconf 76' lang='grc' dir='ltr'>ἡμῶν,</span> <span class='ocrx_word' id='word_1_233' title='bbox 847 1349 933 1382; x_wconf 83' lang='grc' dir='ltr'>λέγων</span> <span class='ocrx_word' id='word_1_234' title='bbox 945 1356 953 1364; x_wconf 80' lang='grc'><strong>”</strong></span> 
     </span>
    </p>
   </div>
   <div class='ocr_carea' id='block_1_31' title="bbox 170 1391 954 1430">
    <p class='ocr_par' dir='ltr' id='par_1_31' title="bbox 170 1391 954 1430">
     <span class='ocr_line' id='line_1_31' title="bbox 170 1391 954 1430; baseline 0.004 -13"><span class='ocrx_word' id='word_1_235' title='bbox 170 1400 179 1416; x_wconf 76' lang='grc' dir='ltr'><strong>ι</strong></span> <span class='ocrx_word' id='word_1_236' title='bbox 198 1391 266 1418; x_wconf 79' lang='grc' dir='ltr'>Οὐαὶ</span> <span class='ocrx_word' id='word_1_237' title='bbox 280 1391 354 1426; x_wconf 81' lang='grc' dir='ltr'>ὑμῖν,</span> <span class='ocrx_word' id='word_1_238' title='bbox 371 1392 548 1428; x_wconf 76' lang='grc' dir='ltr'>Γραμματεῖς</span> <span class='ocrx_word' id='word_1_239' title='bbox 561 1393 607 1420; x_wconf 81' lang='grc' dir='ltr'><strong>καὶ</strong></span> <span class='ocrx_word' id='word_1_240' title='bbox 621 1394 762 1428; x_wconf 71' lang='grc' dir='ltr'>Φαρισαῖοι</span> <span class='ocrx_word' id='word_1_241' title='bbox 797 1394 954 1430; x_wconf 76' lang='grc' dir='ltr'>ὑποκριταὶ,</span> 
     </span>
    </p>
   </div>
   <div class='ocr_carea' id='block_1_32' title="bbox 167 1436 955 1474">
    <p class='ocr_par' dir='ltr' id='par_1_32' title="bbox 167 1436 955 1474">
     <span class='ocr_line' id='line_1_32' title="bbox 167 1436 955 1474; baseline 0.006 -12"><span class='ocrx_word' id='word_1_242' title='bbox 167 1436 208 1462; x_wconf 79' lang='grc' dir='ltr'>ὅτι</span> <span class='ocrx_word' id='word_1_243' title='bbox 232 1437 336 1463; x_wconf 74' lang='grc' dir='ltr'>κλείετε</span> <span class='ocrx_word' id='word_1_244' title='bbox 353 1438 403 1473; x_wconf 81' lang='grc' dir='ltr'>τὴν</span> <span class='ocrx_word' id='word_1_245' title='bbox 421 1438 559 1473; x_wconf 81' lang='grc' dir='ltr'>βασιλείαν</span> <span class='ocrx_word' id='word_1_246' title='bbox 580 1439 634 1466; x_wconf 77' lang='grc' dir='ltr'><strong>τῶν</strong></span> <span class='ocrx_word' id='word_1_247' title='bbox 659 1439 783 1474; x_wconf 78' lang='grc' dir='ltr'>οὐρανῶν</span> <span class='ocrx_word' id='word_1_248' title='bbox 799 1439 955 1474; x_wconf 76' lang='grc' dir='ltr'>ἔμπροσθεν</span> 
     </span>
    </p>
   </div>
   <div class='ocr_carea' id='block_1_33' title="bbox 167 1482 955 1520">
    <p class='ocr_par' dir='ltr' id='par_1_33' title="bbox 167 1482 955 1520">
     <span class='ocr_line' id='line_1_33' title="bbox 167 1482 955 1520; baseline 0.005 -12"><span class='ocrx_word' id='word_1_249' title='bbox 167 1482 221 1508; x_wconf 85' lang='grc' dir='ltr'>τῶν</span> <span class='ocrx_word' id='word_1_250' title='bbox 243 1482 405 1518; x_wconf 78' lang='grc' dir='ltr'>ἀνθρώπων.</span> <span class='ocrx_word' id='word_1_251' title='bbox 429 1484 525 1519; x_wconf 84' lang='grc' dir='ltr'><strong>Ὑμεῖς</strong></span> <span class='ocrx_word' id='word_1_252' title='bbox 547 1485 597 1511; x_wconf 82' lang='grc' dir='ltr'><strong>οὐκ</strong></span> <span class='ocrx_word' id='word_1_253' title='bbox 620 1485 788 1520; x_wconf 74' lang='grc' dir='ltr'>εἰσέρχεσθε,</span> <span class='ocrx_word' id='word_1_254' title='bbox 815 1486 876 1512; x_wconf 78' lang='grc' dir='ltr'>οὑδὲ</span> <span class='ocrx_word' id='word_1_255' title='bbox 892 1487 955 1517; x_wconf 73' lang='grc' dir='ltr'>τοὺς</span> 
     </span>
    </p>
   </div>
   <div class='ocr_carea' id='block_1_34' title="bbox 169 1528 991 1582">
    <p class='ocr_par' dir='ltr' id='par_1_34' title="bbox 169 1528 991 1582">
     <span class='ocr_line' id='line_1_34' title="bbox 169 1528 991 1582; baseline 0.006 -28"><span class='ocrx_word' id='word_1_256' title='bbox 169 1528 347 1563; x_wconf 70' lang='grc' dir='ltr'>βουλομένους</span> <span class='ocrx_word' id='word_1_257' title='bbox 378 1530 508 1556; x_wconf 70' lang='grc' dir='ltr'>εἰσελθεῖν</span> <span class='ocrx_word' id='word_1_258' title='bbox 533 1531 638 1563; x_wconf 80' lang='grc' dir='ltr'>ἀφίετε.</span> <span class='ocrx_word' id='word_1_259' title='bbox 666 1532 715 1558; x_wconf 80' lang='grc' dir='ltr'><strong>Διὰ</strong></span> <span class='ocrx_word' id='word_1_260' title='bbox 735 1532 814 1558; x_wconf 81' lang='grc' dir='ltr'>τοῦτο</span> <span class='ocrx_word' id='word_1_261' title='bbox 836 1532 953 1567; x_wconf 63' lang='grc' dir='ltr'>λήψεσθε</span> <span class='ocrx_word' id='word_1_262' title='bbox 968 1551 991 1582; x_wconf 76' lang='lat' dir='ltr'><strong><em>C</em></strong></span> 
     </span>
    </p>
   </div>
   <div class='ocr_carea' id='block_1_35' title="bbox 168 1574 954 1610">
    <p class='ocr_par' dir='ltr' id='par_1_35' title="bbox 168 1574 954 1610">
     <span class='ocr_line' id='line_1_35' title="bbox 168 1574 954 1610; baseline 0.006 -10"><span class='ocrx_word' id='word_1_263' title='bbox 168 1575 363 1610; x_wconf 84' lang='grc' dir='ltr'>περισσότερον</span> <span class='ocrx_word' id='word_1_264' title='bbox 387 1576 486 1609; x_wconf 76' lang='grc' dir='ltr'>κρῖμα.</span> <span class='ocrx_word' id='word_1_265' title='bbox 505 1585 515 1602; x_wconf 76' lang='grc' dir='ltr'><strong>ι</strong></span> <span class='ocrx_word' id='word_1_266' title='bbox 531 1575 610 1603; x_wconf 70' lang='grc' dir='ltr'>Οὕτω</span> <span class='ocrx_word' id='word_1_267' title='bbox 635 1578 682 1603; x_wconf 77' lang='grc' dir='ltr'>καὶ</span> <span class='ocrx_word' id='word_1_268' title='bbox 706 1574 781 1604; x_wconf 68' lang='grc' dir='ltr'>οὗτοι</span> <span class='ocrx_word' id='word_1_269' title='bbox 811 1577 934 1604; x_wconf 75' lang='grc' dir='ltr'>ποιοῦσιν</span> <span class='ocrx_word' id='word_1_270' title='bbox 948 1586 954 1593; x_wconf 94' lang='grc'><strong>·</strong></span> 
     </span>
    </p>
   </div>
   <div class='ocr_carea' id='block_1_36' title="bbox 168 1620 955 1658">
    <p class='ocr_par' dir='ltr' id='par_1_36' title="bbox 168 1620 955 1658">
     <span class='ocr_line' id='line_1_36' title="bbox 168 1620 955 1658; baseline 0.004 -11"><span class='ocrx_word' id='word_1_271' title='bbox 168 1621 247 1647; x_wconf 73' lang='grc' dir='ltr'>αὐτοὶ</span> <span class='ocrx_word' id='word_1_272' title='bbox 272 1620 326 1655; x_wconf 84' lang='grc' dir='ltr'><strong>γὰρ</strong></span> <span class='ocrx_word' id='word_1_273' title='bbox 344 1621 518 1655; x_wconf 80' lang='grc' dir='ltr'>πηρωθέντες</span> <span class='ocrx_word' id='word_1_274' title='bbox 535 1622 582 1653; x_wconf 81' lang='grc' dir='ltr'>τὰς</span> <span class='ocrx_word' id='word_1_275' title='bbox 609 1621 684 1656; x_wconf 66' lang='grc' dir='ltr'>ὄψεις</span> <span class='ocrx_word' id='word_1_276' title='bbox 708 1623 761 1649; x_wconf 81' lang='grc' dir='ltr'>ὑπὸ</span> <span class='ocrx_word' id='word_1_277' title='bbox 781 1623 955 1658; x_wconf 69' lang='grc' dir='ltr'>προλήψεως,</span> 
     </span>
    </p>
   </div>
   <div class='ocr_carea' id='block_1_37' title="bbox 169 1666 956 1704">
    <p class='ocr_par' dir='ltr' id='par_1_37' title="bbox 169 1666 956 1704">
     <span class='ocr_line' id='line_1_37' title="bbox 169 1666 956 1704; baseline 0.004 -12"><span class='ocrx_word' id='word_1_278' title='bbox 169 1667 217 1701; x_wconf 79' lang='grc' dir='ltr'>οὐχ</span> <span class='ocrx_word' id='word_1_279' title='bbox 233 1666 432 1694; x_wconf 79' lang='grc' dir='ltr'>ὑποτάσσονται</span> <span class='ocrx_word' id='word_1_280' title='bbox 446 1668 480 1703; x_wconf 74' lang='grc' dir='ltr'><strong>τῇ</strong></span> <span class='ocrx_word' id='word_1_281' title='bbox 501 1668 659 1704; x_wconf 75' lang='grc' dir='ltr'>Ἐκκλησία,</span> <span class='ocrx_word' id='word_1_282' title='bbox 685 1669 732 1694; x_wconf 77' lang='grc' dir='ltr'><strong>καὶ</strong></span> <span class='ocrx_word' id='word_1_283' title='bbox 749 1669 822 1703; x_wconf 72' lang='grc' dir='ltr'>ἡμᾶς</span> <span class='ocrx_word' id='word_1_284' title='bbox 838 1669 956 1695; x_wconf 78' lang='grc' dir='ltr'>ὑποτασ-</span> 
     </span>
    </p>
   </div>
   <div class='ocr_carea' id='block_1_38' title="bbox 169 1712 956 1748">
    <p class='ocr_par' dir='ltr' id='par_1_38' title="bbox 169 1712 956 1748">
     <span class='ocr_line' id='line_1_38' title="bbox 169 1712 956 1748; baseline 0.004 -11"><span class='ocrx_word' id='word_1_285' title='bbox 169 1713 300 1746; x_wconf 78' lang='grc' dir='ltr'>σομένους</span> <span class='ocrx_word' id='word_1_286' title='bbox 327 1712 497 1747; x_wconf 77' lang='grc' dir='ltr'>ὑϐρίζουσιν.</span> <span class='ocrx_word' id='word_1_287' title='bbox 515 1713 575 1740; x_wconf 84' lang='grc' dir='ltr'>Ἔτι</span> <span class='ocrx_word' id='word_1_288' title='bbox 598 1721 628 1740; x_wconf 83' lang='grc' dir='ltr'><strong>τε</strong></span> <span class='ocrx_word' id='word_1_289' title='bbox 649 1713 766 1742; x_wconf 77' lang='grc' dir='ltr'>ἀναιδῶς</span> <span class='ocrx_word' id='word_1_290' title='bbox 791 1714 956 1748; x_wconf 76' lang='grc' dir='ltr'>ἐπιπηδῶσι,</span> 
     </span>
    </p>
   </div>
   <div class='ocr_carea' id='block_1_39' title="bbox 168 1757 958 1794">
    <p class='ocr_par' dir='ltr' id='par_1_39' title="bbox 168 1757 958 1794">
     <span class='ocr_line' id='line_1_39' title="bbox 168 1757 958 1794; baseline 0.003 -11"><span class='ocrx_word' id='word_1_291' title='bbox 168 1757 295 1790; x_wconf 78' lang='grc' dir='ltr'>λέγοντες</span> <span class='ocrx_word' id='word_1_292' title='bbox 312 1758 354 1784; x_wconf 80' lang='grc' dir='ltr'>ὅτι</span> <span class='ocrx_word' id='word_1_293' title='bbox 367 1758 455 1789; x_wconf 77' lang='grc' dir='ltr'>οὐδεὶς</span> <span class='ocrx_word' id='word_1_294' title='bbox 472 1757 527 1785; x_wconf 75' lang='grc' dir='ltr'><strong>τῶν</strong></span> <span class='ocrx_word' id='word_1_295' title='bbox 545 1759 631 1793; x_wconf 77' lang='grc' dir='ltr'>ἁγίων</span> <span class='ocrx_word' id='word_1_296' title='bbox 647 1759 722 1793; x_wconf 84' lang='grc' dir='ltr'>λέγει</span> <span class='ocrx_word' id='word_1_297' title='bbox 739 1759 769 1785; x_wconf 86' lang='grc' dir='ltr'><strong>τὸ</strong></span> <span class='ocrx_word' id='word_1_298' title='bbox 791 1759 905 1794; x_wconf 78' lang='grc' dir='ltr'>Πνεῦμα</span> <span class='ocrx_word' id='word_1_299' title='bbox 926 1760 958 1785; x_wconf 78' lang='grc' dir='ltr'><strong>ὲκ</strong></span> 
     </span>
    </p>
   </div>
   <div class='ocr_carea' id='block_1_40' title="bbox 169 1803 959 1840">
    <p class='ocr_par' dir='ltr' id='par_1_40' title="bbox 169 1803 959 1840">
     <span class='ocr_line' id='line_1_40' title="bbox 169 1803 959 1840; baseline 0.003 -10"><span class='ocrx_word' id='word_1_300' title='bbox 169 1803 216 1831; x_wconf 84' lang='grc' dir='ltr'><strong>τοῦ</strong></span> <span class='ocrx_word' id='word_1_301' title='bbox 232 1803 308 1830; x_wconf 85' lang='grc' dir='ltr'>Υἰοῦ.</span> <span class='ocrx_word' id='word_1_302' title='bbox 335 1804 488 1839; x_wconf 74' lang='grc' dir='ltr'>Ἑκνήψατε</span> <span class='ocrx_word' id='word_1_303' title='bbox 502 1804 547 1831; x_wconf 83' lang='grc' dir='ltr'>διὰ</span> <span class='ocrx_word' id='word_1_304' title='bbox 568 1804 613 1831; x_wconf 80' lang='grc' dir='ltr'>τὸν</span> <span class='ocrx_word' id='word_1_305' title='bbox 636 1805 748 1840; x_wconf 78' lang='grc' dir='ltr'>Κύριον,</span> <span class='ocrx_word' id='word_1_306' title='bbox 766 1805 893 1839; x_wconf 74' lang='grc' dir='ltr'>ἀδελφοί·</span> <span class='ocrx_word' id='word_1_307' title='bbox 911 1806 959 1832; x_wconf 74' lang='grc' dir='ltr'><strong>καὶ</strong></span> 
     </span>
    </p>
   </div>
   <div class='ocr_carea' id='block_1_41' title="bbox 169 1851 958 1886">
    <p class='ocr_par' dir='ltr' id='par_1_41' title="bbox 169 1851 958 1886">
     <span class='ocr_line' id='line_1_41' title="bbox 169 1851 958 1886; baseline 0 -8"><span class='ocrx_word' id='word_1_308' title='bbox 169 1852 239 1879; x_wconf 73' lang='grc' dir='ltr'>ἴδετε</span> <span class='ocrx_word' id='word_1_309' title='bbox 257 1852 356 1882; x_wconf 76' lang='grc' dir='ltr'>πόσους</span> <span class='ocrx_word' id='word_1_310' title='bbox 382 1852 476 1885; x_wconf 72' lang='grc' dir='ltr'>ἁγίους</span> <span class='ocrx_word' id='word_1_311' title='bbox 499 1851 708 1886; x_wconf 75' lang='grc' dir='ltr'>ὲπιδεικνὺομεν</span> <span class='ocrx_word' id='word_1_312' title='bbox 724 1851 788 1886; x_wconf 80' lang='grc' dir='ltr'>ὑμῖν</span> <span class='ocrx_word' id='word_1_313' title='bbox 813 1851 891 1878; x_wconf 80' lang='grc' dir='ltr'>τοῦτο</span> <span class='ocrx_word' id='word_1_314' title='bbox 914 1852 958 1878; x_wconf 78' lang='grc' dir='ltr'>λε-</span> 
     </span>
    </p>
   </div>
   <div class='ocr_carea' id='block_1_42' title="bbox 170 1896 959 1933">
    <p class='ocr_par' dir='ltr' id='par_1_42' title="bbox 170 1896 959 1933">
     <span class='ocr_line' id='line_1_42' title="bbox 170 1896 959 1933; baseline 0 -9"><span class='ocrx_word' id='word_1_315' title='bbox 170 1906 277 1932; x_wconf 73' lang='grc' dir='ltr'>γοντας.</span> <span class='ocrx_word' id='word_1_316' title='bbox 296 1897 357 1925; x_wconf 83' lang='grc' dir='ltr'><strong>Ἔτι</strong></span> <span class='ocrx_word' id='word_1_317' title='bbox 374 1899 387 1924; x_wconf 85' lang='grc' dir='ltr'><em>ὁ</em></span> <span class='ocrx_word' id='word_1_318' title='bbox 406 1897 488 1928; x_wconf 77' lang='grc' dir='ltr'>αὐτὸς</span> <span class='ocrx_word' id='word_1_319' title='bbox 509 1896 667 1929; x_wconf 79' lang='grc' dir='ltr'>Ἀθανάσιος</span> <span class='ocrx_word' id='word_1_320' title='bbox 684 1897 713 1924; x_wconf 77' lang='grc' dir='ltr'>ὲν</span> <span class='ocrx_word' id='word_1_321' title='bbox 734 1898 767 1933; x_wconf 85' lang='grc' dir='ltr'><strong>τῇ</strong></span> <span class='ocrx_word' id='word_1_322' title='bbox 789 1897 857 1932; x_wconf 74' lang='grc' dir='ltr'>πρὸς</span> <span class='ocrx_word' id='word_1_323' title='bbox 872 1898 959 1933; x_wconf 84' lang='grc' dir='ltr'>Σερα-</span> 
     </span>
    </p>
   </div>
   <div class='ocr_carea' id='block_1_43' title="bbox 171 1943 959 1979">
    <p class='ocr_par' dir='ltr' id='par_1_43' title="bbox 171 1943 959 1979">
     <span class='ocr_line' id='line_1_43' title="bbox 171 1943 959 1979; baseline 0 -9"><span class='ocrx_word' id='word_1_324' title='bbox 171 1947 260 1970; x_wconf 82' lang='grc' dir='ltr'>πίωνα</span> <span class='ocrx_word' id='word_1_325' title='bbox 274 1943 416 1978; x_wconf 72' lang='grc' dir='ltr'>ἐπιστολῇ.</span> <span class='ocrx_word' id='word_1_326' title='bbox 432 1943 502 1969; x_wconf 80' lang='grc' dir='ltr'>οὕτω</span> <span class='ocrx_word' id='word_1_327' title='bbox 518 1943 616 1978; x_wconf 75' lang='grc' dir='ltr'>φησιν’</span> <span class='ocrx_word' id='word_1_328' title='bbox 634 1952 644 1969; x_wconf 84' lang='grc'><strong>‹</strong></span> <span class='ocrx_word' id='word_1_329' title='bbox 664 1943 772 1978; x_wconf 77' lang='grc' dir='ltr'>’Δμέλει</span> <span class='ocrx_word' id='word_1_330' title='bbox 787 1943 833 1970; x_wconf 80' lang='grc' dir='ltr'><strong>τοῦ</strong></span> <span class='ocrx_word' id='word_1_331' title='bbox 853 1943 959 1979; x_wconf 82' lang='grc' dir='ltr'>Πατρὺς</span> 
     </span>
    </p>
   </div>
   <div class='ocr_carea' id='block_1_44' title="bbox 173 1989 960 2024">
    <p class='ocr_par' dir='ltr' id='par_1_44' title="bbox 173 1989 960 2024">
     <span class='ocr_line' id='line_1_44' title="bbox 173 1989 960 2024; baseline 0.001 -8"><span class='ocrx_word' id='word_1_332' title='bbox 173 1990 329 2024; x_wconf 77' lang='grc' dir='ltr'>πέμποντος</span> <span class='ocrx_word' id='word_1_333' title='bbox 349 1990 381 2018; x_wconf 78' lang='grc' dir='ltr'>τὸ</span> <span class='ocrx_word' id='word_1_334' title='bbox 400 1989 522 2024; x_wconf 81' lang='grc' dir='ltr'>Πνεῦμα,</span> <span class='ocrx_word' id='word_1_335' title='bbox 549 1989 563 2016; x_wconf 83' lang='grc' dir='ltr'><strong>ὁ</strong></span> <span class='ocrx_word' id='word_1_336' title='bbox 590 1989 654 2021; x_wconf 81' lang='grc' dir='ltr'>Υἰὺς</span> <span class='ocrx_word' id='word_1_337' title='bbox 684 1990 826 2024; x_wconf 77' lang='grc' dir='ltr'>ἐμφυσῶν,</span> <span class='ocrx_word' id='word_1_338' title='bbox 851 1990 960 2017; x_wconf 80' lang='grc' dir='ltr'>δίδωσιν</span> 
     </span>
    </p>
   </div>
   <div class='ocr_carea' id='block_1_45' title="bbox 172 2035 961 2071">
    <p class='ocr_par' dir='ltr' id='par_1_45' title="bbox 172 2035 961 2071">
     <span class='ocr_line' id='line_1_45' title="bbox 172 2035 961 2071; baseline 0.001 -9"><span class='ocrx_word' id='word_1_339' title='bbox 172 2035 238 2063; x_wconf 81' lang='grc' dir='ltr'>αὑτὸ</span> <span class='ocrx_word' id='word_1_340' title='bbox 252 2036 308 2067; x_wconf 83' lang='grc' dir='ltr'>τοῖς</span> <span class='ocrx_word' id='word_1_341' title='bbox 337 2035 472 2070; x_wconf 78' lang='grc' dir='ltr'>μαθηταῖς</span> <span class='ocrx_word' id='word_1_342' title='bbox 484 2043 492 2051; x_wconf 81' lang='lat'><strong>&#39;</strong></span> <span class='ocrx_word' id='word_1_343' title='bbox 511 2035 605 2071; x_wconf 75' lang='grc' dir='ltr'>ἐπειδὴ</span> <span class='ocrx_word' id='word_1_344' title='bbox 623 2036 712 2062; x_wconf 83' lang='grc' dir='ltr'>πάντα</span> <span class='ocrx_word' id='word_1_345' title='bbox 726 2035 775 2062; x_wconf 83' lang='grc' dir='ltr'>ὅσα</span> <span class='ocrx_word' id='word_1_346' title='bbox 797 2037 854 2071; x_wconf 79' lang='grc' dir='ltr'>ἔχει</span> <span class='ocrx_word' id='word_1_347' title='bbox 870 2036 885 2062; x_wconf 81' lang='grc' dir='ltr'><strong>ὸ</strong></span> <span class='ocrx_word' id='word_1_348' title='bbox 906 2036 961 2063; x_wconf 79' lang='grc' dir='ltr'>Πα-</span> 
     </span>
    </p>
   </div>
   <div class='ocr_carea' id='block_1_46' title="bbox 171 2079 961 2116">
    <p class='ocr_par' dir='ltr' id='par_1_46' title="bbox 171 2079 961 2116">
     <span class='ocr_line' id='line_1_46' title="bbox 171 2079 961 2116; baseline 0 -9"><span class='ocrx_word' id='word_1_349' title='bbox 171 2081 235 2116; x_wconf 68' lang='grc' dir='ltr'>τὴρ,</span> <span class='ocrx_word' id='word_1_350' title='bbox 251 2081 299 2107; x_wconf 84' lang='grc' dir='ltr'><strong>τοῦ</strong></span> <span class='ocrx_word' id='word_1_351' title='bbox 318 2080 391 2108; x_wconf 67' lang='grc' dir='ltr'>Υιοῦ</span> <span class='ocrx_word' id='word_1_352' title='bbox 399 2081 470 2108; x_wconf 79' lang='grc' dir='ltr'>ἐστι.</span> <span class='ocrx_word' id='word_1_353' title='bbox 486 2089 496 2106; x_wconf 73' lang='grc' dir='ltr'><strong>ι</strong></span> <span class='ocrx_word' id='word_1_354' title='bbox 513 2079 625 2116; x_wconf 80' lang='grc' dir='ltr'>Συνᾴδει</span> <span class='ocrx_word' id='word_1_355' title='bbox 644 2080 733 2115; x_wconf 84' lang='grc' dir='ltr'>τούτῳ</span> <span class='ocrx_word' id='word_1_356' title='bbox 751 2080 798 2107; x_wconf 85' lang='grc' dir='ltr'><strong>καὶ</strong></span> <span class='ocrx_word' id='word_1_357' title='bbox 813 2082 828 2107; x_wconf 80' lang='grc' dir='ltr'><strong><em>ὁ</em></strong></span> <span class='ocrx_word' id='word_1_358' title='bbox 850 2081 961 2115; x_wconf 79' lang='grc' dir='ltr'>πάμμε-</span> 
     </span>
    </p>
   </div>
   <div class='ocr_carea' id='block_1_47' title="bbox 173 2125 960 2163">
    <p class='ocr_par' dir='ltr' id='par_1_47' title="bbox 173 2125 960 2163">
     <span class='ocr_line' id='line_1_47' title="bbox 173 2125 960 2163; baseline -0.004 -8"><span class='ocrx_word' id='word_1_359' title='bbox 173 2135 223 2161; x_wconf 78' lang='grc' dir='ltr'><strong>γας</strong></span> <span class='ocrx_word' id='word_1_360' title='bbox 240 2127 385 2163; x_wconf 73' lang='grc' dir='ltr'>Κύριλλος,</span> <span class='ocrx_word' id='word_1_361' title='bbox 401 2127 430 2153; x_wconf 75' lang='grc' dir='ltr'>ὲν</span> <span class='ocrx_word' id='word_1_362' title='bbox 447 2128 481 2162; x_wconf 79' lang='grc' dir='ltr'>τῇ</span> <span class='ocrx_word' id='word_1_363' title='bbox 499 2125 629 2162; x_wconf 70' lang='grc' dir='ltr'>ἐξηγήσει</span> <span class='ocrx_word' id='word_1_364' title='bbox 644 2126 692 2153; x_wconf 82' lang='grc' dir='ltr'><strong>τοῦ</strong></span> <span class='ocrx_word' id='word_1_365' title='bbox 707 2126 803 2153; x_wconf 74' lang='grc' dir='ltr'>ἐνάτου</span> <span class='ocrx_word' id='word_1_366' title='bbox 820 2126 960 2161; x_wconf 81' lang='grc' dir='ltr'>ἀναθεμα-</span> 
     </span>
    </p>
   </div>
   <div class='ocr_carea' id='block_1_48' title="bbox 172 2170 961 2208">
    <p class='ocr_par' dir='ltr' id='par_1_48' title="bbox 172 2170 961 2208">
     <span class='ocr_line' id='line_1_48' title="bbox 172 2170 961 2208; baseline -0.004 -8"><span class='ocrx_word' id='word_1_367' title='bbox 172 2172 283 2208; x_wconf 79' lang='grc' dir='ltr'>τισμοῦ,</span> <span class='ocrx_word' id='word_1_368' title='bbox 309 2173 374 2200; x_wconf 67' lang='grc' dir='ltr'>ἔνθα</span> <span class='ocrx_word' id='word_1_369' title='bbox 397 2172 497 2207; x_wconf 78' lang='grc' dir='ltr'>φησίν·</span> <span class='ocrx_word' id='word_1_370' title='bbox 516 2181 525 2198; x_wconf 74' lang='grc' dir='ltr'><strong>ι</strong></span> <span class='ocrx_word' id='word_1_371' title='bbox 546 2171 707 2206; x_wconf 72' lang='grc' dir='ltr'>’Ἄνθρωπος</span> <span class='ocrx_word' id='word_1_372' title='bbox 731 2171 851 2206; x_wconf 82' lang='grc' dir='ltr'>γεγονὼς</span> <span class='ocrx_word' id='word_1_373' title='bbox 873 2172 888 2198; x_wconf 81' lang='grc' dir='ltr'><strong>ὸ</strong></span> <span class='ocrx_word' id='word_1_374' title='bbox 913 2170 961 2197; x_wconf 83' lang='grc' dir='ltr'><strong>τοῦ</strong></span> 
     </span>
    </p>
   </div>
   <div class='ocr_carea' id='block_1_49' title="bbox 1004 247 1792 283">
    <p class='ocr_par' dir='ltr' id='par_1_49' title="bbox 1004 247 1792 283">
     <span class='ocr_line' id='line_1_49' title="bbox 1004 247 1792 283; baseline -0.003 -8"><span class='ocrx_word' id='word_1_375' title='bbox 1004 256 1061 275; x_wconf 87' lang='lat' dir='ltr'><strong>rem</strong></span> <span class='ocrx_word' id='word_1_376' title='bbox 1077 256 1106 276; x_wconf 92' lang='lat' dir='ltr'><strong>se</strong></span> <span class='ocrx_word' id='word_1_377' title='bbox 1122 247 1254 283; x_wconf 88' lang='lat' dir='ltr'><strong>Spiritum</strong></span> <span class='ocrx_word' id='word_1_378' title='bbox 1271 248 1347 281; x_wconf 82' lang='lat' dir='ltr'><strong>dicit,</strong></span> <span class='ocrx_word' id='word_1_379' title='bbox 1365 249 1412 275; x_wconf 89' lang='lat' dir='ltr'><strong>sed</strong></span> <span class='ocrx_word' id='word_1_380' title='bbox 1427 248 1558 283; x_wconf 75' lang='lat' dir='ltr'><strong>majorem</strong></span> <span class='ocrx_word' id='word_1_381' title='bbox 1579 253 1606 275; x_wconf 86' lang='lat' dir='ltr'><strong>et</strong></span> <span class='ocrx_word' id='word_1_382' title='bbox 1641 247 1772 282; x_wconf 71' lang='lat' dir='ltr'><strong>:equalem</strong></span> <span class='ocrx_word' id='word_1_383' title='bbox 1786 256 1792 273; x_wconf 75' lang='grc' dir='ltr'><strong>ε</strong></span> 
     </span>
    </p>
   </div>
   <div class='ocr_carea' id='block_1_50' title="bbox 1003 293 1792 329">
    <p class='ocr_par' dir='ltr' id='par_1_50' title="bbox 1003 293 1792 329">
     <span class='ocr_line' id='line_1_50' title="bbox 1003 293 1792 329; baseline -0.004 -7"><span class='ocrx_word' id='word_1_384' title='bbox 1003 294 1133 329; x_wconf 62' lang='lat' dir='ltr'><strong>aequalem</strong></span> <span class='ocrx_word' id='word_1_385' title='bbox 1145 294 1295 322; x_wconf 81' lang='lat' dir='ltr'><strong>secundum</strong></span> <span class='ocrx_word' id='word_1_386' title='bbox 1309 293 1616 321; x_wconf 81' lang='lat' dir='ltr'><strong>consubstantialitatem</strong></span> <span class='ocrx_word' id='word_1_387' title='bbox 1636 303 1643 320; x_wconf 94' lang='lat'>:</span> <span class='ocrx_word' id='word_1_388' title='bbox 1664 293 1792 327; x_wconf 83' lang='lat' dir='ltr'><strong>majorem</strong></span> 
     </span>
    </p>
   </div>
   <div class='ocr_carea' id='block_1_51' title="bbox 1004 339 1791 376">
    <p class='ocr_par' dir='ltr' id='par_1_51' title="bbox 1004 339 1791 376">
     <span class='ocr_line' id='line_1_51' title="bbox 1004 339 1791 376; baseline -0.004 -9"><span class='ocrx_word' id='word_1_389' title='bbox 1004 348 1058 367; x_wconf 83' lang='lat' dir='ltr'><strong>non</strong></span> <span class='ocrx_word' id='word_1_390' title='bbox 1086 340 1273 376; x_wconf 81' lang='lat' dir='ltr'><strong>magnitudine</strong></span> <span class='ocrx_word' id='word_1_391' title='bbox 1302 340 1394 374; x_wconf 69' lang='lat' dir='ltr'><strong>aliqua</strong></span> <span class='ocrx_word' id='word_1_392' title='bbox 1421 347 1510 376; x_wconf 73' lang='lat' dir='ltr'><strong>neque</strong></span> <span class='ocrx_word' id='word_1_393' title='bbox 1538 344 1680 374; x_wconf 83' lang='lat' dir='ltr'><strong>tempore;</strong></span> <span class='ocrx_word' id='word_1_394' title='bbox 1699 339 1791 366; x_wconf 85' lang='lat' dir='ltr'><strong>absit:</strong></span> 
     </span>
    </p>
   </div>
   <div class='ocr_carea' id='block_1_52' title="bbox 1003 384 1792 421">
    <p class='ocr_par' dir='ltr' id='par_1_52' title="bbox 1003 384 1792 421">
     <span class='ocr_line' id='line_1_52' title="bbox 1003 384 1792 421; baseline -0.004 -7"><span class='ocrx_word' id='word_1_395' title='bbox 1003 387 1072 414; x_wconf 85' lang='lat' dir='ltr'><strong>nihil</strong></span> <span class='ocrx_word' id='word_1_396' title='bbox 1082 387 1155 414; x_wconf 89' lang='lat' dir='ltr'><strong>enim</strong></span> <span class='ocrx_word' id='word_1_397' title='bbox 1170 387 1246 421; x_wconf 90' lang='lat' dir='ltr'><strong>prius</strong></span> <span class='ocrx_word' id='word_1_398' title='bbox 1255 392 1281 413; x_wconf 88' lang='lat' dir='ltr'><strong>et</strong></span> <span class='ocrx_word' id='word_1_399' title='bbox 1291 386 1462 421; x_wconf 70' lang='lat' dir='ltr'><strong>poster-iusin</strong></span> <span class='ocrx_word' id='word_1_400' title='bbox 1477 386 1568 413; x_wconf 87' lang='lat' dir='ltr'><strong>divina</strong></span> <span class='ocrx_word' id='word_1_401' title='bbox 1579 390 1625 412; x_wconf 83' lang='lat' dir='ltr'><strong>est</strong></span> <span class='ocrx_word' id='word_1_402' title='bbox 1639 384 1792 412; x_wconf 85' lang='lat' dir='ltr'><strong>Triuilatc:</strong></span> 
     </span>
    </p>
   </div>
   <div class='ocr_carea' id='block_1_53' title="bbox 1004 430 1794 467">
    <p class='ocr_par' dir='ltr' id='par_1_53' title="bbox 1004 430 1794 467">
     <span class='ocr_line' id='line_1_53' title="bbox 1004 430 1794 467; baseline -0.005 -7"><span class='ocrx_word' id='word_1_403' title='bbox 1004 433 1050 460; x_wconf 86' lang='lat' dir='ltr'><strong>sed</strong></span> <span class='ocrx_word' id='word_1_404' title='bbox 1065 432 1126 467; x_wconf 87' lang='lat' dir='ltr'><strong>quia</strong></span> <span class='ocrx_word' id='word_1_405' title='bbox 1141 440 1173 458; x_wconf 82' lang='lat' dir='ltr'><strong>ex</strong></span> <span class='ocrx_word' id='word_1_406' title='bbox 1189 439 1221 459; x_wconf 88' lang='lat' dir='ltr'><strong>eo</strong></span> <span class='ocrx_word' id='word_1_407' title='bbox 1237 431 1318 458; x_wconf 87' lang='lat' dir='ltr'><strong>habet</strong></span> <span class='ocrx_word' id='word_1_408' title='bbox 1340 438 1409 464; x_wconf 83' lang='lat' dir='ltr'><strong>esse,</strong></span> <span class='ocrx_word' id='word_1_409' title='bbox 1432 430 1660 466; x_wconf 81' lang='lat' dir='ltr'><strong>quemadmodum</strong></span> <span class='ocrx_word' id='word_1_410' title='bbox 1676 436 1742 457; x_wconf 68' lang='lat' dir='ltr'><strong>sane</strong></span> <span class='ocrx_word' id='word_1_411' title='bbox 1757 436 1794 456; x_wconf 78' lang='lat' dir='ltr'><strong>ex</strong></span> 
     </span>
    </p>
   </div>
   <div class='ocr_carea' id='block_1_54' title="bbox 1006 475 1794 512">
    <p class='ocr_par' dir='ltr' id='par_1_54' title="bbox 1006 475 1794 512">
     <span class='ocr_line' id='line_1_54' title="bbox 1006 475 1794 512; baseline -0.004 -8"><span class='ocrx_word' id='word_1_412' title='bbox 1006 478 1060 506; x_wconf 88' lang='lat' dir='ltr'><strong>Deo</strong></span> <span class='ocrx_word' id='word_1_413' title='bbox 1083 482 1110 505; x_wconf 87' lang='lat' dir='ltr'><strong>et</strong></span> <span class='ocrx_word' id='word_1_414' title='bbox 1136 478 1225 506; x_wconf 82' lang='lat' dir='ltr'><strong>Patre.</strong></span> <span class='ocrx_word' id='word_1_415' title='bbox 1245 477 1295 504; x_wconf 78' lang='lat' dir='ltr'><strong>L&#39;bi</strong></span> <span class='ocrx_word' id='word_1_416' title='bbox 1321 481 1383 505; x_wconf 90' lang='lat' dir='ltr'><strong>sunt</strong></span> <span class='ocrx_word' id='word_1_417' title='bbox 1407 477 1453 512; x_wconf 92' lang='lat' dir='ltr'><strong>qui</strong></span> <span class='ocrx_word' id='word_1_418' title='bbox 1474 476 1569 504; x_wconf 80' lang='lat' dir='ltr'><strong>dicunt</strong></span> <span class='ocrx_word' id='word_1_419' title='bbox 1592 475 1664 510; x_wconf 82' lang='lat' dir='ltr'><strong>quod</strong></span> <span class='ocrx_word' id='word_1_420' title='bbox 1680 483 1712 502; x_wconf 83' lang='lat' dir='ltr'><strong>ex</strong></span> <span class='ocrx_word' id='word_1_421' title='bbox 1735 475 1794 502; x_wconf 90' lang='lat' dir='ltr'><strong>solo</strong></span> 
     </span>
    </p>
   </div>
   <div class='ocr_carea' id='block_1_55' title="bbox 1005 520 1795 558">
    <p class='ocr_par' dir='ltr' id='par_1_55' title="bbox 1005 520 1795 558">
     <span class='ocr_line' id='line_1_55' title="bbox 1005 520 1795 558; baseline -0.005 -7"><span class='ocrx_word' id='word_1_422' title='bbox 1005 523 1086 551; x_wconf 91' lang='lat' dir='ltr'><strong>Patre</strong></span> <span class='ocrx_word' id='word_1_423' title='bbox 1104 523 1223 558; x_wconf 78' lang='lat' dir='ltr'><strong>Spiritus</strong></span> <span class='ocrx_word' id='word_1_424' title='bbox 1239 529 1290 555; x_wconf 72' lang='lat' dir='ltr'><strong>est,</strong></span> <span class='ocrx_word' id='word_1_425' title='bbox 1307 531 1358 550; x_wconf 84' lang='lat' dir='ltr'><strong>nec</strong></span> <span class='ocrx_word' id='word_1_426' title='bbox 1369 523 1492 558; x_wconf 72' lang='lat' dir='ltr'><strong>procedit</strong></span> <span class='ocrx_word' id='word_1_427' title='bbox 1508 530 1539 549; x_wconf 80' lang='lat' dir='ltr'><strong>ex</strong></span> <span class='ocrx_word' id='word_1_428' title='bbox 1555 521 1640 548; x_wconf 75' lang='lat' dir='ltr'><strong>Filio?</strong></span> <span class='ocrx_word' id='word_1_429' title='bbox 1659 520 1718 548; x_wconf 87' lang='lat' dir='ltr'><strong>Non</strong></span> <span class='ocrx_word' id='word_1_430' title='bbox 1732 529 1795 548; x_wconf 89' lang='lat' dir='ltr'><strong>cru-</strong></span> 
     </span>
    </p>
   </div>
   <div class='ocr_carea' id='block_1_56' title="bbox 1004 566 1793 602">
    <p class='ocr_par' dir='ltr' id='par_1_56' title="bbox 1004 566 1793 602">
     <span class='ocr_line' id='line_1_56' title="bbox 1004 566 1793 602; baseline -0.005 -5"><span class='ocrx_word' id='word_1_431' title='bbox 1004 570 1119 597; x_wconf 76' lang='lat' dir='ltr'><strong>bescuut</strong></span> <span class='ocrx_word' id='word_1_432' title='bbox 1142 570 1244 596; x_wconf 85' lang='lat' dir='ltr'><strong>sanctis</strong></span> <span class='ocrx_word' id='word_1_433' title='bbox 1260 569 1459 597; x_wconf 74' lang='lat' dir='ltr'><strong>contradicere.</strong></span> <span class='ocrx_word' id='word_1_434' title='bbox 1485 568 1592 595; x_wconf 85' lang='lat' dir='ltr'><strong>Otuam</strong></span> <span class='ocrx_word' id='word_1_435' title='bbox 1623 566 1793 602; x_wconf 71' lang='lat' dir='ltr'><strong>patientiam,</strong></span> 
     </span>
    </p>
   </div>
   <div class='ocr_carea' id='block_1_57' title="bbox 1006 612 1793 650">
    <p class='ocr_par' dir='ltr' id='par_1_57' title="bbox 1006 612 1793 650">
     <span class='ocr_line' id='line_1_57' title="bbox 1006 612 1793 650; baseline -0.005 -8"><span class='ocrx_word' id='word_1_436' title='bbox 1006 616 1118 642; x_wconf 74' lang='lat' dir='ltr'><strong>(Zhriste</strong></span> <span class='ocrx_word' id='word_1_437' title='bbox 1132 616 1196 642; x_wconf 70' lang='lat' dir='ltr'><strong>rex!</strong></span> <span class='ocrx_word' id='word_1_438' title='bbox 1214 615 1315 642; x_wconf 79' lang='lat' dir='ltr'><strong>Partim</strong></span> <span class='ocrx_word' id='word_1_439' title='bbox 1328 622 1379 650; x_wconf 87' lang='lat' dir='ltr'><strong>pro</strong></span> <span class='ocrx_word' id='word_1_440' title='bbox 1393 614 1494 642; x_wconf 80' lang='lat' dir='ltr'><strong>sanctis</strong></span> <span class='ocrx_word' id='word_1_441' title='bbox 1506 613 1608 640; x_wconf 81' lang='lat' dir='ltr'><strong>habent</strong></span> <span class='ocrx_word' id='word_1_442' title='bbox 1621 614 1681 646; x_wconf 84' lang='lat' dir='ltr'><strong>hos,</strong></span> <span class='ocrx_word' id='word_1_443' title='bbox 1696 612 1793 639; x_wconf 83' lang='lat' dir='ltr'><strong>festum</strong></span> 
     </span>
    </p>
   </div>
   <div class='ocr_carea' id='block_1_58' title="bbox 1004 658 1795 695">
    <p class='ocr_par' dir='ltr' id='par_1_58' title="bbox 1004 658 1795 695">
     <span class='ocr_line' id='line_1_58' title="bbox 1004 658 1795 695; baseline -0.006 -6"><span class='ocrx_word' id='word_1_444' title='bbox 1004 662 1155 694; x_wconf 79' lang='lat' dir='ltr'><strong>celebrant,</strong></span> <span class='ocrx_word' id='word_1_445' title='bbox 1183 661 1309 694; x_wconf 78' lang='lat' dir='ltr'><strong>adorant,</strong></span> <span class='ocrx_word' id='word_1_446' title='bbox 1333 667 1361 687; x_wconf 89' lang='lat' dir='ltr'><strong>et</strong></span> <span class='ocrx_word' id='word_1_447' title='bbox 1376 660 1508 695; x_wconf 75' lang='lat' dir='ltr'><strong>imagines</strong></span> <span class='ocrx_word' id='word_1_448' title='bbox 1524 667 1619 686; x_wconf 82' lang='lat' dir='ltr'><strong>eorum</strong></span> <span class='ocrx_word' id='word_1_449' title='bbox 1637 658 1742 692; x_wconf 85' lang='lat' dir='ltr'><strong>ﬁngunt</strong></span> <span class='ocrx_word' id='word_1_450' title='bbox 1766 662 1795 685; x_wconf 85' lang='lat' dir='ltr'><strong>et</strong></span> 
     </span>
    </p>
   </div>
   <div class='ocr_carea' id='block_1_59' title="bbox 1005 705 1795 742">
    <p class='ocr_par' dir='ltr' id='par_1_59' title="bbox 1005 705 1795 742">
     <span class='ocr_line' id='line_1_59' title="bbox 1005 705 1795 742; baseline -0.005 -6"><span class='ocrx_word' id='word_1_451' title='bbox 1005 714 1140 736; x_wconf 83' lang='lat' dir='ltr'><strong>exornant</strong></span> <span class='ocrx_word' id='word_1_452' title='bbox 1158 716 1204 736; x_wconf 87' lang='lat' dir='ltr'><strong>cas</strong></span> <span class='ocrx_word' id='word_1_453' title='bbox 1220 716 1286 735; x_wconf 86' lang='lat' dir='ltr'><strong>auro</strong></span> <span class='ocrx_word' id='word_1_454' title='bbox 1304 716 1311 736; x_wconf 93' lang='lat'>:</span> <span class='ocrx_word' id='word_1_455' title='bbox 1338 708 1435 742; x_wconf 83' lang='lat' dir='ltr'><strong>partim</strong></span> <span class='ocrx_word' id='word_1_456' title='bbox 1454 707 1601 742; x_wconf 72' lang='lat' dir='ltr'><strong>abnegant,</strong></span> <span class='ocrx_word' id='word_1_457' title='bbox 1621 713 1653 732; x_wconf 93' lang='lat' dir='ltr'><strong>eo</strong></span> <span class='ocrx_word' id='word_1_458' title='bbox 1665 706 1736 740; x_wconf 84' lang='lat' dir='ltr'><strong>quod</strong></span> <span class='ocrx_word' id='word_1_459' title='bbox 1750 705 1795 732; x_wconf 86' lang='lat' dir='ltr'><strong>di-</strong></span> 
     </span>
    </p>
   </div>
   <div class='ocr_carea' id='block_1_60' title="bbox 1005 753 1795 788">
    <p class='ocr_par' dir='ltr' id='par_1_60' title="bbox 1005 753 1795 788">
     <span class='ocr_line' id='line_1_60' title="bbox 1005 753 1795 788; baseline -0.005 -6"><span class='ocrx_word' id='word_1_460' title='bbox 1005 761 1082 788; x_wconf 75' lang='lat' dir='ltr'><strong>cant,</strong></span> <span class='ocrx_word' id='word_1_461' title='bbox 1099 763 1132 783; x_wconf 80' lang='lat' dir='ltr'><strong>ex</strong></span> <span class='ocrx_word' id='word_1_462' title='bbox 1149 755 1218 782; x_wconf 78' lang='lat' dir='ltr'><strong>Filio</strong></span> <span class='ocrx_word' id='word_1_463' title='bbox 1237 762 1298 787; x_wconf 81' lang='lat' dir='ltr'><strong>esse</strong></span> <span class='ocrx_word' id='word_1_464' title='bbox 1314 754 1456 788; x_wconf 81' lang='lat' dir='ltr'><strong>Spiritum,</strong></span> <span class='ocrx_word' id='word_1_465' title='bbox 1471 759 1498 780; x_wconf 83' lang='lat' dir='ltr'><strong>et</strong></span> <span class='ocrx_word' id='word_1_466' title='bbox 1511 753 1682 788; x_wconf 80' lang='lat' dir='ltr'><strong>impudenter</strong></span> <span class='ocrx_word' id='word_1_467' title='bbox 1704 753 1730 778; x_wconf 89' lang='lat' dir='ltr'><strong>in</strong></span> <span class='ocrx_word' id='word_1_468' title='bbox 1747 759 1795 778; x_wconf 89' lang='lat' dir='ltr'><strong>eos</strong></span> 
     </span>
    </p>
   </div>
   <div class='ocr_carea' id='block_1_61' title="bbox 1006 798 1793 833">
    <p class='ocr_par' dir='ltr' id='par_1_61' title="bbox 1006 798 1793 833">
     <span class='ocr_line' id='line_1_61' title="bbox 1006 798 1793 833; baseline -0.006 -4"><span class='ocrx_word' id='word_1_469' title='bbox 1006 802 1195 830; x_wconf 81' lang='lat' dir='ltr'><strong>contumeliosi</strong></span> <span class='ocrx_word' id='word_1_470' title='bbox 1216 806 1290 833; x_wconf 89' lang='lat' dir='ltr'><strong>sunt,</strong></span> <span class='ocrx_word' id='word_1_471' title='bbox 1306 809 1378 828; x_wconf 90' lang='lat' dir='ltr'><strong>nunc</strong></span> <span class='ocrx_word' id='word_1_472' title='bbox 1389 801 1486 827; x_wconf 91' lang='lat' dir='ltr'><strong>horum</strong></span> <span class='ocrx_word' id='word_1_473' title='bbox 1504 799 1587 826; x_wconf 87' lang='lat' dir='ltr'><strong>libros</strong></span> <span class='ocrx_word' id='word_1_474' title='bbox 1606 798 1793 831; x_wconf 72' lang='lat' dir='ltr'><strong>ailulterando,</strong></span> 
     </span>
    </p>
   </div>
   <div class='ocr_carea' id='block_1_62' title="bbox 1008 843 1795 882">
    <p class='ocr_par' dir='ltr' id='par_1_62' title="bbox 1008 843 1795 882">
     <span class='ocr_line' id='line_1_62' title="bbox 1008 843 1795 882; baseline -0.009 -7"><span class='ocrx_word' id='word_1_475' title='bbox 1008 855 1081 874; x_wconf 85' lang='lat' dir='ltr'><strong>nunc</strong></span> <span class='ocrx_word' id='word_1_476' title='bbox 1097 848 1206 882; x_wconf 86' lang='lat' dir='ltr'><strong>penitus</strong></span> <span class='ocrx_word' id='word_1_477' title='bbox 1224 845 1423 877; x_wconf 80' lang='lat' dir='ltr'><strong>comburendo,</strong></span> <span class='ocrx_word' id='word_1_478' title='bbox 1441 852 1475 871; x_wconf 91' lang='lat' dir='ltr'><strong>ne</strong></span> <span class='ocrx_word' id='word_1_479' title='bbox 1490 848 1637 879; x_wconf 83' lang='lat' dir='ltr'><strong>appareant</strong></span> <span class='ocrx_word' id='word_1_480' title='bbox 1652 852 1660 870; x_wconf 88' lang='lat'><strong>:</strong></span> <span class='ocrx_word' id='word_1_481' title='bbox 1681 843 1730 869; x_wconf 91' lang='lat' dir='ltr'><strong>hos</strong></span> <span class='ocrx_word' id='word_1_482' title='bbox 1745 850 1795 868; x_wconf 86' lang='lat' dir='ltr'><strong>au-</strong></span> 
     </span>
    </p>
   </div>
   <div class='ocr_carea' id='block_1_63' title="bbox 1012 890 1795 923">
    <p class='ocr_par' dir='ltr' id='par_1_63' title="bbox 1012 890 1795 923">
     <span class='ocr_line' id='line_1_63' title="bbox 1012 890 1795 923; baseline -0.008 -4"><span class='ocrx_word' id='word_1_483' title='bbox 1012 897 1064 919; x_wconf 87' lang='lat' dir='ltr'><strong>tem</strong></span> <span class='ocrx_word' id='word_1_484' title='bbox 1079 892 1242 920; x_wconf 70' lang='lat' dir='ltr'><strong>temulentos</strong></span> <span class='ocrx_word' id='word_1_485' title='bbox 1256 890 1368 923; x_wconf 86' lang='lat' dir='ltr'><strong>dicunt;</strong></span> <span class='ocrx_word' id='word_1_486' title='bbox 1386 890 1446 917; x_wconf 86' lang='lat' dir='ltr'><strong>illos</strong></span> <span class='ocrx_word' id='word_1_487' title='bbox 1460 896 1523 916; x_wconf 86' lang='lat' dir='ltr'><strong>vero</strong></span> <span class='ocrx_word' id='word_1_488' title='bbox 1535 896 1590 916; x_wconf 91' lang='lat' dir='ltr'><strong>non</strong></span> <span class='ocrx_word' id='word_1_489' title='bbox 1601 896 1661 916; x_wconf 82' lang='lat' dir='ltr'><strong>esse</strong></span> <span class='ocrx_word' id='word_1_490' title='bbox 1677 892 1795 920; x_wconf 80' lang='lat' dir='ltr'><strong>sanctos,</strong></span> 
     </span>
    </p>
   </div>
   <div class='ocr_carea' id='block_1_64' title="bbox 1009 935 1797 974">
    <p class='ocr_par' dir='ltr' id='par_1_64' title="bbox 1009 935 1797 974">
     <span class='ocr_line' id='line_1_64' title="bbox 1009 935 1797 974; baseline -0.006 -9"><span class='ocrx_word' id='word_1_491' title='bbox 1009 939 1072 974; x_wconf 82' lang='lat' dir='ltr'><strong>quia</strong></span> <span class='ocrx_word' id='word_1_492' title='bbox 1085 947 1114 965; x_wconf 78' lang='lat' dir='ltr'><strong>ex</strong></span> <span class='ocrx_word' id='word_1_493' title='bbox 1132 938 1200 965; x_wconf 84' lang='lat' dir='ltr'><strong>Filio</strong></span> <span class='ocrx_word' id='word_1_494' title='bbox 1216 937 1347 972; x_wconf 86' lang='lat' dir='ltr'><strong>Spiritum</strong></span> <span class='ocrx_word' id='word_1_495' title='bbox 1364 935 1542 963; x_wconf 84' lang='lat' dir='ltr'><strong>conﬁtentur.</strong></span> <span class='ocrx_word' id='word_1_496' title='bbox 1563 935 1659 961; x_wconf 80' lang='lat' dir='ltr'><strong>Postea</strong></span> <span class='ocrx_word' id='word_1_497' title='bbox 1676 940 1730 960; x_wconf 86' lang='lat' dir='ltr'><strong>non</strong></span> <span class='ocrx_word' id='word_1_498' title='bbox 1749 940 1797 960; x_wconf 76' lang='lat' dir='ltr'><strong>ve-</strong></span> 
     </span>
    </p>
   </div>
   <div class='ocr_carea' id='block_1_65' title="bbox 1009 980 1797 1015">
    <p class='ocr_par' dir='ltr' id='par_1_65' title="bbox 1009 980 1797 1015">
     <span class='ocr_line' id='line_1_65' title="bbox 1009 980 1797 1015; baseline -0.006 -4"><span class='ocrx_word' id='word_1_499' title='bbox 1009 990 1106 1011; x_wconf 89' lang='lat' dir='ltr'><strong>rentur</strong></span> <span class='ocrx_word' id='word_1_500' title='bbox 1131 983 1255 1010; x_wconf 79' lang='lat' dir='ltr'><strong>homines</strong></span> <span class='ocrx_word' id='word_1_501' title='bbox 1281 982 1307 1009; x_wconf 89' lang='lat' dir='ltr'><strong>hi</strong></span> <span class='ocrx_word' id='word_1_502' title='bbox 1332 989 1382 1009; x_wconf 85' lang='lat' dir='ltr'><strong>nos</strong></span> <span class='ocrx_word' id='word_1_503' title='bbox 1401 981 1551 1013; x_wconf 89' lang='lat' dir='ltr'><strong>criminari,</strong></span> <span class='ocrx_word' id='word_1_504' title='bbox 1575 980 1620 1015; x_wconf 86' lang='lat' dir='ltr'><strong>qui</strong></span> <span class='ocrx_word' id='word_1_505' title='bbox 1647 981 1748 1007; x_wconf 78' lang='lat' dir='ltr'><strong>sanctis</strong></span> <span class='ocrx_word' id='word_1_506' title='bbox 1767 984 1797 1006; x_wconf 66' lang='lat' dir='ltr'><strong>et</strong></span> 
     </span>
    </p>
   </div>
   <div class='ocr_carea' id='block_1_66' title="bbox 1009 1027 1795 1063">
    <p class='ocr_par' dir='ltr' id='par_1_66' title="bbox 1009 1027 1795 1063">
     <span class='ocr_line' id='line_1_66' title="bbox 1009 1027 1795 1063; baseline -0.009 -5"><span class='ocrx_word' id='word_1_507' title='bbox 1009 1030 1137 1058; x_wconf 72' lang='lat' dir='ltr'><strong>Ecc‘esizr</strong></span> <span class='ocrx_word' id='word_1_508' title='bbox 1155 1029 1313 1057; x_wconf 88' lang='lat' dir='ltr'><strong>doctoribus</strong></span> <span class='ocrx_word' id='word_1_509' title='bbox 1339 1028 1511 1063; x_wconf 80' lang='lat' dir='ltr'><strong>subjicimur,</strong></span> <span class='ocrx_word' id='word_1_510' title='bbox 1532 1031 1560 1055; x_wconf 90' lang='lat' dir='ltr'><strong>et</strong></span> <span class='ocrx_word' id='word_1_511' title='bbox 1584 1027 1684 1061; x_wconf 86' lang='lat' dir='ltr'><strong>scripta</strong></span> <span class='ocrx_word' id='word_1_512' title='bbox 1701 1034 1795 1053; x_wconf 77' lang='lat' dir='ltr'><strong>C(l‘lllll</strong></span> 
     </span>
    </p>
   </div>
   <div class='ocr_carea' id='block_1_67' title="bbox 1009 1072 1795 1109">
    <p class='ocr_par' dir='ltr' id='par_1_67' title="bbox 1009 1072 1795 1109">
     <span class='ocr_line' id='line_1_67' title="bbox 1009 1072 1795 1109; baseline -0.008 -5"><span class='ocrx_word' id='word_1_513' title='bbox 1009 1084 1161 1105; x_wconf 81' lang='lat' dir='ltr'><strong>servamus.</strong></span> <span class='ocrx_word' id='word_1_514' title='bbox 1189 1076 1259 1109; x_wconf 81' lang='lat' dir='ltr'><strong>Quin</strong></span> <span class='ocrx_word' id='word_1_515' title='bbox 1284 1075 1367 1102; x_wconf 85' lang='lat' dir='ltr'><strong>etiam</strong></span> <span class='ocrx_word' id='word_1_516' title='bbox 1397 1075 1477 1101; x_wconf 92' lang='lat' dir='ltr'><strong>nobis</strong></span> <span class='ocrx_word' id='word_1_517' title='bbox 1511 1073 1701 1102; x_wconf 82' lang='lat' dir='ltr'><strong>adversantur.</strong></span> <span class='ocrx_word' id='word_1_518' title='bbox 1731 1072 1795 1107; x_wconf 87' lang='lat' dir='ltr'><strong>quia</strong></span> 
     </span>
    </p>
   </div>
   <div class='ocr_carea' id='block_1_68' title="bbox 1008 1119 1796 1156">
    <p class='ocr_par' dir='ltr' id='par_1_68' title="bbox 1008 1119 1796 1156">
     <span class='ocr_line' id='line_1_68' title="bbox 1008 1119 1796 1156; baseline -0.006 -6"><span class='ocrx_word' id='word_1_519' title='bbox 1008 1128 1109 1151; x_wconf 74' lang='lat' dir='ltr'><strong>sancta:</strong></span> <span class='ocrx_word' id='word_1_520' title='bbox 1124 1128 1150 1150; x_wconf 87' lang='lat' dir='ltr'><strong>et</strong></span> <span class='ocrx_word' id='word_1_521' title='bbox 1167 1122 1344 1150; x_wconf 63' lang='lat' dir='ltr'><strong>recumenicat</strong></span> <span class='ocrx_word' id='word_1_522' title='bbox 1364 1120 1527 1155; x_wconf 89' lang='lat' dir='ltr'><strong>subjicimur</strong></span> <span class='ocrx_word' id='word_1_523' title='bbox 1541 1119 1657 1156; x_wconf 81' lang='lat' dir='ltr'><strong>synodo.</strong></span> <span class='ocrx_word' id='word_1_524' title='bbox 1681 1119 1796 1154; x_wconf 72' lang='lat' dir='ltr'><strong>ejusque</strong></span> 
     </span>
    </p>
   </div>
   <div class='ocr_carea' id='block_1_69' title="bbox 1009 1165 1795 1200">
    <p class='ocr_par' dir='ltr' id='par_1_69' title="bbox 1009 1165 1795 1200">
     <span class='ocr_line' id='line_1_69' title="bbox 1009 1165 1795 1200; baseline -0.006 -4"><span class='ocrx_word' id='word_1_525' title='bbox 1009 1170 1148 1196; x_wconf 87' lang='lat' dir='ltr'><strong>decretum</strong></span> <span class='ocrx_word' id='word_1_526' title='bbox 1173 1168 1256 1195; x_wconf 78' lang='lat' dir='ltr'><strong>veluti</strong></span> <span class='ocrx_word' id='word_1_527' title='bbox 1282 1175 1396 1195; x_wconf 87' lang='lat' dir='ltr'><strong>aureum</strong></span> <span class='ocrx_word' id='word_1_528' title='bbox 1423 1166 1524 1193; x_wconf 87' lang='lat' dir='ltr'><strong>monile</strong></span> <span class='ocrx_word' id='word_1_529' title='bbox 1555 1165 1663 1200; x_wconf 87' lang='lat' dir='ltr'><strong>penitus</strong></span> <span class='ocrx_word' id='word_1_530' title='bbox 1693 1165 1795 1199; x_wconf 80' lang='lat' dir='ltr'><strong>pectori</strong></span> 
     </span>
    </p>
   </div>
   <div class='ocr_carea' id='block_1_70' title="bbox 1008 1211 1795 1249">
    <p class='ocr_par' dir='ltr' id='par_1_70' title="bbox 1008 1211 1795 1249">
     <span class='ocr_line' id='line_1_70' title="bbox 1008 1211 1795 1249; baseline -0.006 -7"><span class='ocrx_word' id='word_1_531' title='bbox 1008 1215 1153 1249; x_wconf 61' lang='lat' dir='ltr'><strong>afﬁgimus.</strong></span> <span class='ocrx_word' id='word_1_532' title='bbox 1166 1214 1290 1242; x_wconf 76' lang='lat' dir='ltr'><strong>Profecto</strong></span> <span class='ocrx_word' id='word_1_533' title='bbox 1303 1213 1503 1241; x_wconf 72' lang='lat' dir='ltr'><strong>Pharisaeorum</strong></span> <span class='ocrx_word' id='word_1_534' title='bbox 1518 1211 1621 1239; x_wconf 88' lang='lat' dir='ltr'><strong>sitniles</strong></span> <span class='ocrx_word' id='word_1_535' title='bbox 1633 1215 1707 1241; x_wconf 83' lang='lat' dir='ltr'><strong>sunt,</strong></span> <span class='ocrx_word' id='word_1_536' title='bbox 1726 1217 1795 1245; x_wconf 79' lang='lat' dir='ltr'><strong>quos</strong></span> 
     </span>
    </p>
   </div>
   <div class='ocr_carea' id='block_1_71' title="bbox 1009 1255 1794 1295">
    <p class='ocr_par' dir='ltr' id='par_1_71' title="bbox 1009 1255 1794 1295">
     <span class='ocr_line' id='line_1_71' title="bbox 1009 1255 1794 1295; baseline -0.01 -7"><span class='ocrx_word' id='word_1_537' title='bbox 1009 1262 1133 1295; x_wconf 86' lang='lat' dir='ltr'><strong>increpat</strong></span> <span class='ocrx_word' id='word_1_538' title='bbox 1157 1259 1452 1295; x_wconf 31' lang='lat' dir='ltr'><strong>Christus/Dominus,</strong></span> <span class='ocrx_word' id='word_1_539' title='bbox 1471 1257 1584 1284; x_wconf 77' lang='lat' dir='ltr'><strong>dicens:</strong></span> <span class='ocrx_word' id='word_1_540' title='bbox 1607 1265 1616 1282; x_wconf 76' lang='grc' dir='ltr'><strong>ε</strong></span> <span class='ocrx_word' id='word_1_541' title='bbox 1635 1255 1680 1283; x_wconf 71' lang='lat' dir='ltr'><strong>Va:</strong></span> <span class='ocrx_word' id='word_1_542' title='bbox 1706 1255 1794 1286; x_wconf 74' lang='lat' dir='ltr'><strong>vobis,</strong></span> 
     </span>
    </p>
   </div>
   <div class='ocr_carea' id='block_1_72' title="bbox 1009 1302 1792 1340">
    <p class='ocr_par' dir='ltr' id='par_1_72' title="bbox 1009 1302 1792 1340">
     <span class='ocr_line' id='line_1_72' title="bbox 1009 1302 1792 1340; baseline -0.009 -6"><span class='ocrx_word' id='word_1_543' title='bbox 1009 1308 1111 1334; x_wconf 61' lang='lat' dir='ltr'><strong>Scriba:</strong></span> <span class='ocrx_word' id='word_1_544' title='bbox 1125 1311 1149 1334; x_wconf 85' lang='lat' dir='ltr'><strong>et</strong></span> <span class='ocrx_word' id='word_1_545' title='bbox 1162 1305 1290 1333; x_wconf 70' lang='lat' dir='ltr'><strong>Pharismi</strong></span> <span class='ocrx_word' id='word_1_546' title='bbox 1302 1304 1457 1340; x_wconf 68' lang='lat' dir='ltr'><strong>hypocritse.</strong></span> <span class='ocrx_word' id='word_1_547' title='bbox 1470 1303 1532 1338; x_wconf 88' lang='lat' dir='ltr'><strong>quia</strong></span> <span class='ocrx_word' id='word_1_548' title='bbox 1542 1302 1667 1330; x_wconf 87' lang='lat' dir='ltr'><strong>clauditis</strong></span> <span class='ocrx_word' id='word_1_549' title='bbox 1679 1309 1792 1337; x_wconf 76' lang='lat' dir='ltr'><strong>regnum</strong></span> 
     </span>
    </p>
   </div>
   <div class='ocr_carea' id='block_1_73' title="bbox 1008 1347 1793 1380">
    <p class='ocr_par' dir='ltr' id='par_1_73' title="bbox 1008 1347 1793 1380">
     <span class='ocr_line' id='line_1_73' title="bbox 1008 1347 1793 1380; baseline -0.008 -1"><span class='ocrx_word' id='word_1_550' title='bbox 1008 1352 1138 1379; x_wconf 70' lang='lat' dir='ltr'><strong>cmlorum</strong></span> <span class='ocrx_word' id='word_1_551' title='bbox 1155 1355 1217 1378; x_wconf 90' lang='lat' dir='ltr'><strong>ante</strong></span> <span class='ocrx_word' id='word_1_552' title='bbox 1233 1350 1358 1378; x_wconf 89' lang='lat' dir='ltr'><strong>homines</strong></span> <span class='ocrx_word' id='word_1_553' title='bbox 1373 1358 1379 1376; x_wconf 92' lang='lat'>:</span> <span class='ocrx_word' id='word_1_554' title='bbox 1392 1357 1440 1376; x_wconf 77' lang='lat' dir='ltr'><strong>vos</strong></span> <span class='ocrx_word' id='word_1_555' title='bbox 1451 1349 1525 1376; x_wconf 87' lang='lat' dir='ltr'><strong>enim</strong></span> <span class='ocrx_word' id='word_1_556' title='bbox 1539 1355 1594 1375; x_wconf 93' lang='lat' dir='ltr'><strong>non</strong></span> <span class='ocrx_word' id='word_1_557' title='bbox 1612 1347 1728 1380; x_wconf 83' lang='lat' dir='ltr'><strong>intratis,</strong></span> <span class='ocrx_word' id='word_1_558' title='bbox 1744 1354 1793 1374; x_wconf 87' lang='lat' dir='ltr'><strong>nec</strong></span> 
     </span>
    </p>
   </div>
   <div class='ocr_carea' id='block_1_74' title="bbox 1009 1393 1795 1430">
    <p class='ocr_par' dir='ltr' id='par_1_74' title="bbox 1009 1393 1795 1430">
     <span class='ocr_line' id='line_1_74' title="bbox 1009 1393 1795 1430; baseline -0.008 -5"><span class='ocrx_word' id='word_1_559' title='bbox 1009 1398 1132 1425; x_wconf 87' lang='lat' dir='ltr'><strong>volentes</strong></span> <span class='ocrx_word' id='word_1_560' title='bbox 1148 1398 1250 1424; x_wconf 84' lang='lat' dir='ltr'><strong>intrare</strong></span> <span class='ocrx_word' id='word_1_561' title='bbox 1264 1396 1369 1429; x_wconf 85' lang='lat' dir='ltr'><strong>sinitis;</strong></span> <span class='ocrx_word' id='word_1_562' title='bbox 1394 1399 1506 1430; x_wconf 87' lang='lat' dir='ltr'><strong>propter</strong></span> <span class='ocrx_word' id='word_1_563' title='bbox 1526 1395 1578 1422; x_wconf 91' lang='lat' dir='ltr'><strong>hoc</strong></span> <span class='ocrx_word' id='word_1_564' title='bbox 1595 1394 1711 1428; x_wconf 87' lang='lat' dir='ltr'><strong>amplius</strong></span> <span class='ocrx_word' id='word_1_565' title='bbox 1723 1393 1795 1420; x_wconf 76' lang='lat' dir='ltr'><strong>acci-</strong></span> 
     </span>
    </p>
   </div>
   <div class='ocr_carea' id='block_1_75' title="bbox 1009 1439 1796 1478">
    <p class='ocr_par' dir='ltr' id='par_1_75' title="bbox 1009 1439 1796 1478">
     <span class='ocr_line' id='line_1_75' title="bbox 1009 1439 1796 1478; baseline -0.003 -10"><span class='ocrx_word' id='word_1_566' title='bbox 1009 1442 1253 1478; x_wconf 62' lang='lat' dir='ltr'><strong>pietisjudieium“,</strong></span> <span class='ocrx_word' id='word_1_567' title='bbox 1273 1451 1282 1467; x_wconf 72' lang='grc' dir='ltr'><strong>ι</strong></span> <span class='ocrx_word' id='word_1_568' title='bbox 1303 1442 1343 1469; x_wconf 84' lang='lat' dir='ltr'><strong>sic</strong></span> <span class='ocrx_word' id='word_1_569' title='bbox 1358 1446 1386 1468; x_wconf 83' lang='lat' dir='ltr'><strong>et</strong></span> <span class='ocrx_word' id='word_1_570' title='bbox 1403 1440 1430 1467; x_wconf 92' lang='lat' dir='ltr'><strong>hi</strong></span> <span class='ocrx_word' id='word_1_571' title='bbox 1448 1439 1563 1473; x_wconf 82' lang='lat' dir='ltr'><strong>faciunt,</strong></span> <span class='ocrx_word' id='word_1_572' title='bbox 1582 1439 1610 1466; x_wconf 88' lang='lat' dir='ltr'><strong>hi</strong></span> <span class='ocrx_word' id='word_1_573' title='bbox 1627 1447 1745 1474; x_wconf 73' lang='lat' dir='ltr'><strong>namque</strong></span> <span class='ocrx_word' id='word_1_574' title='bbox 1760 1439 1796 1466; x_wconf 86' lang='lat' dir='ltr'><strong>ob</strong></span> 
     </span>
    </p>
   </div>
   <div class='ocr_carea' id='block_1_76' title="bbox 1011 1485 1795 1525">
    <p class='ocr_par' dir='ltr' id='par_1_76' title="bbox 1011 1485 1795 1525">
     <span class='ocr_line' id='line_1_76' title="bbox 1011 1485 1795 1525; baseline -0.005 -9"><span class='ocrx_word' id='word_1_575' title='bbox 1011 1490 1247 1525; x_wconf 67' lang='lat' dir='ltr'><strong>przesumptionem</strong></span> <span class='ocrx_word' id='word_1_576' title='bbox 1265 1488 1360 1515; x_wconf 86' lang='lat' dir='ltr'><strong>oculos</strong></span> <span class='ocrx_word' id='word_1_577' title='bbox 1376 1486 1507 1514; x_wconf 75' lang='lat' dir='ltr'><strong>obversos</strong></span> <span class='ocrx_word' id='word_1_578' title='bbox 1531 1485 1685 1513; x_wconf 77' lang='lat' dir='ltr'><strong>obtinentes</strong></span> <span class='ocrx_word' id='word_1_579' title='bbox 1701 1485 1795 1512; x_wconf 76' lang='lat' dir='ltr'><strong>Eccle-</strong></span> 
     </span>
    </p>
   </div>
   <div class='ocr_carea' id='block_1_77' title="bbox 1011 1531 1793 1569">
    <p class='ocr_par' dir='ltr' id='par_1_77' title="bbox 1011 1531 1793 1569">
     <span class='ocr_line' id='line_1_77' title="bbox 1011 1531 1793 1569; baseline -0.008 -6"><span class='ocrx_word' id='word_1_580' title='bbox 1011 1537 1056 1564; x_wconf 70' lang='lat' dir='ltr'><strong>sia:</strong></span> <span class='ocrx_word' id='word_1_581' title='bbox 1072 1544 1126 1562; x_wconf 90' lang='lat' dir='ltr'><strong>non</strong></span> <span class='ocrx_word' id='word_1_582' title='bbox 1141 1535 1335 1569; x_wconf 76' lang='lat' dir='ltr'><strong>subjiciuntur,</strong></span> <span class='ocrx_word' id='word_1_583' title='bbox 1359 1537 1387 1560; x_wconf 87' lang='lat' dir='ltr'><strong>et</strong></span> <span class='ocrx_word' id='word_1_584' title='bbox 1410 1534 1437 1559; x_wconf 91' lang='lat' dir='ltr'><strong>in</strong></span> <span class='ocrx_word' id='word_1_585' title='bbox 1461 1539 1520 1566; x_wconf 90' lang='lat' dir='ltr'><strong>nos,</strong></span> <span class='ocrx_word' id='word_1_586' title='bbox 1537 1531 1607 1567; x_wconf 92' lang='lat' dir='ltr'><strong>quod</strong></span> <span class='ocrx_word' id='word_1_587' title='bbox 1623 1532 1793 1567; x_wconf 77' lang='lat' dir='ltr'><strong>subjicitnur,</strong></span> 
     </span>
    </p>
   </div>
   <div class='ocr_carea' id='block_1_78' title="bbox 1008 1577 1795 1614">
    <p class='ocr_par' dir='ltr' id='par_1_78' title="bbox 1008 1577 1795 1614">
     <span class='ocr_line' id='line_1_78' title="bbox 1008 1577 1795 1614; baseline -0.008 -5"><span class='ocrx_word' id='word_1_588' title='bbox 1008 1581 1189 1610; x_wconf 86' lang='lat' dir='ltr'><strong>contumelias</strong></span> <span class='ocrx_word' id='word_1_589' title='bbox 1205 1580 1357 1607; x_wconf 73' lang='lat' dir='ltr'><strong>eﬂ‘undunt.</strong></span> <span class='ocrx_word' id='word_1_590' title='bbox 1380 1578 1541 1614; x_wconf 77' lang='lat' dir='ltr'><strong>Resipiscite</strong></span> <span class='ocrx_word' id='word_1_591' title='bbox 1559 1585 1609 1613; x_wconf 90' lang='lat' dir='ltr'><strong>per</strong></span> <span class='ocrx_word' id='word_1_592' title='bbox 1627 1577 1722 1611; x_wconf 86' lang='lat' dir='ltr'><strong>Deum,</strong></span> <span class='ocrx_word' id='word_1_593' title='bbox 1743 1577 1795 1603; x_wconf 82' lang='lat' dir='ltr'><strong>fra-</strong></span> 
     </span>
    </p>
   </div>
   <div class='ocr_carea' id='block_1_79' title="bbox 1010 1622 1795 1661">
    <p class='ocr_par' dir='ltr' id='par_1_79' title="bbox 1010 1622 1795 1661">
     <span class='ocr_line' id='line_1_79' title="bbox 1010 1622 1795 1661; baseline -0.009 -6"><span class='ocrx_word' id='word_1_594' title='bbox 1010 1632 1074 1659; x_wconf 85' lang='lat' dir='ltr'><strong>tres,</strong></span> <span class='ocrx_word' id='word_1_595' title='bbox 1102 1631 1130 1654; x_wconf 87' lang='lat' dir='ltr'><strong>et</strong></span> <span class='ocrx_word' id='word_1_596' title='bbox 1157 1626 1249 1654; x_wconf 69' lang='lat' dir='ltr'><strong>vidule</strong></span> <span class='ocrx_word' id='word_1_597' title='bbox 1273 1630 1340 1661; x_wconf 86' lang='lat' dir='ltr'><strong>quot</strong></span> <span class='ocrx_word' id='word_1_598' title='bbox 1357 1630 1466 1652; x_wconf 87' lang='lat' dir='ltr'><strong>sanctos</strong></span> <span class='ocrx_word' id='word_1_599' title='bbox 1482 1624 1559 1651; x_wconf 83' lang='lat' dir='ltr'><strong>vobis</strong></span> <span class='ocrx_word' id='word_1_600' title='bbox 1583 1623 1752 1651; x_wconf 80' lang='lat' dir='ltr'><strong>ostendimus</strong></span> <span class='ocrx_word' id='word_1_601' title='bbox 1768 1622 1795 1649; x_wconf 81' lang='lat' dir='ltr'><strong>id</strong></span> 
     </span>
    </p>
   </div>
   <div class='ocr_carea' id='block_1_80' title="bbox 1009 1669 1796 1704">
    <p class='ocr_par' dir='ltr' id='par_1_80' title="bbox 1009 1669 1796 1704">
     <span class='ocr_line' id='line_1_80' title="bbox 1009 1669 1796 1704; baseline -0.006 -5"><span class='ocrx_word' id='word_1_602' title='bbox 1009 1672 1228 1700; x_wconf 66' lang='lat' dir='ltr'><strong>continuantes.)</strong></span> <span class='ocrx_word' id='word_1_603' title='bbox 1249 1670 1315 1698; x_wconf 87' lang='lat' dir='ltr'><strong>Item</strong></span> <span class='ocrx_word' id='word_1_604' title='bbox 1335 1671 1368 1698; x_wconf 67' lang='lat' dir='ltr'><strong>id.</strong></span> <span class='ocrx_word' id='word_1_605' title='bbox 1379 1678 1404 1697; x_wconf 94' lang='lat' dir='ltr'><strong>m</strong></span> <span class='ocrx_word' id='word_1_606' title='bbox 1417 1669 1581 1697; x_wconf 84' lang='lat' dir='ltr'><strong>Athanasius</strong></span> <span class='ocrx_word' id='word_1_607' title='bbox 1598 1669 1624 1696; x_wconf 91' lang='lat' dir='ltr'><strong>in</strong></span> <span class='ocrx_word' id='word_1_608' title='bbox 1633 1669 1745 1704; x_wconf 80' lang='lat' dir='ltr'><strong>epistola</strong></span> <span class='ocrx_word' id='word_1_609' title='bbox 1762 1669 1796 1695; x_wconf 85' lang='lat' dir='ltr'><strong>ad</strong></span> 
     </span>
    </p>
   </div>
   <div class='ocr_carea' id='block_1_81' title="bbox 1009 1714 1795 1752">
    <p class='ocr_par' dir='ltr' id='par_1_81' title="bbox 1009 1714 1795 1752">
     <span class='ocr_line' id='line_1_81' title="bbox 1009 1714 1795 1752; baseline -0.005 -8"><span class='ocrx_word' id='word_1_610' title='bbox 1009 1718 1187 1752; x_wconf 81' lang='lat' dir='ltr'><strong>Serapionem</strong></span> <span class='ocrx_word' id='word_1_611' title='bbox 1202 1718 1242 1744; x_wconf 89' lang='lat' dir='ltr'><strong>sic</strong></span> <span class='ocrx_word' id='word_1_612' title='bbox 1255 1716 1368 1744; x_wconf 82' lang='lat' dir='ltr'><strong>scribit:</strong></span> <span class='ocrx_word' id='word_1_613' title='bbox 1388 1725 1396 1741; x_wconf 81' lang='grc' dir='ltr'><strong>ι</strong></span> <span class='ocrx_word' id='word_1_614' title='bbox 1415 1715 1486 1742; x_wconf 89' lang='lat' dir='ltr'><strong>Sane</strong></span> <span class='ocrx_word' id='word_1_615' title='bbox 1499 1722 1559 1742; x_wconf 88' lang='lat' dir='ltr'><strong>cum</strong></span> <span class='ocrx_word' id='word_1_616' title='bbox 1571 1715 1645 1742; x_wconf 84' lang='lat' dir='ltr'><strong>Patet</strong></span> <span class='ocrx_word' id='word_1_617' title='bbox 1661 1714 1795 1749; x_wconf 82' lang='lat' dir='ltr'><strong>Spiritum</strong></span> 
     </span>
    </p>
   </div>
   <div class='ocr_carea' id='block_1_82' title="bbox 1011 1761 1795 1796">
    <p class='ocr_par' dir='ltr' id='par_1_82' title="bbox 1011 1761 1795 1796">
     <span class='ocr_line' id='line_1_82' title="bbox 1011 1761 1795 1796; baseline -0.006 -5"><span class='ocrx_word' id='word_1_618' title='bbox 1011 1765 1109 1796; x_wconf 87' lang='lat' dir='ltr'><strong>mittat,</strong></span> <span class='ocrx_word' id='word_1_619' title='bbox 1127 1763 1209 1791; x_wconf 74' lang='lat' dir='ltr'><strong>Filius</strong></span> <span class='ocrx_word' id='word_1_620' title='bbox 1225 1762 1366 1790; x_wconf 79' lang='lat' dir='ltr'><strong>insuﬂlans</strong></span> <span class='ocrx_word' id='word_1_621' title='bbox 1383 1762 1463 1788; x_wconf 84' lang='lat' dir='ltr'><strong>tradit</strong></span> <span class='ocrx_word' id='word_1_622' title='bbox 1480 1769 1542 1788; x_wconf 89' lang='lat' dir='ltr'><strong>eum</strong></span> <span class='ocrx_word' id='word_1_623' title='bbox 1561 1761 1711 1795; x_wconf 88' lang='lat' dir='ltr'><strong>discipulis,</strong></span> <span class='ocrx_word' id='word_1_624' title='bbox 1733 1768 1795 1786; x_wconf 84' lang='lat' dir='ltr'><strong>nam</strong></span> 
     </span>
    </p>
   </div>
   <div class='ocr_carea' id='block_1_83' title="bbox 1010 1806 1795 1844">
    <p class='ocr_par' dir='ltr' id='par_1_83' title="bbox 1010 1806 1795 1844">
     <span class='ocr_line' id='line_1_83' title="bbox 1010 1806 1795 1844; baseline -0.006 -7"><span class='ocrx_word' id='word_1_625' title='bbox 1010 1816 1109 1838; x_wconf 86' lang='lat' dir='ltr'><strong>cuncta</strong></span> <span class='ocrx_word' id='word_1_626' title='bbox 1127 1817 1187 1844; x_wconf 72' lang='lat' dir='ltr'><strong>qua:</strong></span> <span class='ocrx_word' id='word_1_627' title='bbox 1201 1810 1282 1836; x_wconf 88' lang='lat' dir='ltr'><strong>Pater</strong></span> <span class='ocrx_word' id='word_1_628' title='bbox 1297 1807 1388 1839; x_wconf 79' lang='lat' dir='ltr'><strong>habet,</strong></span> <span class='ocrx_word' id='word_1_629' title='bbox 1405 1807 1465 1834; x_wconf 83' lang='lat' dir='ltr'><strong>Filii</strong></span> <span class='ocrx_word' id='word_1_630' title='bbox 1482 1811 1557 1834; x_wconf 87' lang='lat' dir='ltr'><strong>sunt.</strong></span> <span class='ocrx_word' id='word_1_631' title='bbox 1579 1816 1588 1832; x_wconf 82' lang='grc' dir='ltr'><strong>ι</strong></span> <span class='ocrx_word' id='word_1_632' title='bbox 1606 1806 1795 1833; x_wconf 78' lang='lat' dir='ltr'><strong>Consentanea</strong></span> 
     </span>
    </p>
   </div>
   <div class='ocr_carea' id='block_1_84' title="bbox 1010 1853 1795 1891">
    <p class='ocr_par' dir='ltr' id='par_1_84' title="bbox 1010 1853 1795 1891">
     <span class='ocr_line' id='line_1_84' title="bbox 1010 1853 1795 1891; baseline -0.008 -6"><span class='ocrx_word' id='word_1_633' title='bbox 1010 1857 1053 1885; x_wconf 86' lang='lat' dir='ltr'><strong>his</strong></span> <span class='ocrx_word' id='word_1_634' title='bbox 1070 1857 1165 1884; x_wconf 81' lang='lat' dir='ltr'><strong>scribit</strong></span> <span class='ocrx_word' id='word_1_635' title='bbox 1192 1856 1325 1883; x_wconf 68' lang='lat' dir='ltr'><strong>maximus</strong></span> <span class='ocrx_word' id='word_1_636' title='bbox 1339 1854 1455 1891; x_wconf 84' lang='lat' dir='ltr'><strong>Cyrillus</strong></span> <span class='ocrx_word' id='word_1_637' title='bbox 1478 1855 1505 1882; x_wconf 88' lang='lat' dir='ltr'><strong>in</strong></span> <span class='ocrx_word' id='word_1_638' title='bbox 1529 1853 1704 1882; x_wconf 82' lang='lat' dir='ltr'><strong>enarratione</strong></span> <span class='ocrx_word' id='word_1_639' title='bbox 1729 1853 1795 1880; x_wconf 89' lang='lat' dir='ltr'><strong>noui</strong></span> 
     </span>
    </p>
   </div>
   <div class='ocr_carea' id='block_1_85' title="bbox 1011 1899 1797 1935">
    <p class='ocr_par' dir='ltr' id='par_1_85' title="bbox 1011 1899 1797 1935">
     <span class='ocr_line' id='line_1_85' title="bbox 1011 1899 1797 1935; baseline -0.008 -3"><span class='ocrx_word' id='word_1_640' title='bbox 1011 1903 1241 1935; x_wconf 80' lang='lat' dir='ltr'><strong>anathematismi,</strong></span> <span class='ocrx_word' id='word_1_641' title='bbox 1269 1902 1314 1929; x_wconf 89' lang='lat' dir='ltr'><strong>ubi</strong></span> <span class='ocrx_word' id='word_1_642' title='bbox 1341 1903 1380 1928; x_wconf 85' lang='lat' dir='ltr'><strong>ait</strong></span> <span class='ocrx_word' id='word_1_643' title='bbox 1399 1910 1405 1928; x_wconf 92' lang='lat'>:</span> <span class='ocrx_word' id='word_1_644' title='bbox 1427 1910 1436 1927; x_wconf 74' lang='grc' dir='ltr'><strong>ι</strong></span> <span class='ocrx_word' id='word_1_645' title='bbox 1456 1900 1543 1931; x_wconf 89' lang='lat' dir='ltr'><strong>Homo</strong></span> <span class='ocrx_word' id='word_1_646' title='bbox 1565 1900 1651 1928; x_wconf 79' lang='lat' dir='ltr'><strong>factus</strong></span> <span class='ocrx_word' id='word_1_647' title='bbox 1668 1899 1715 1926; x_wconf 88' lang='lat' dir='ltr'><strong>Dei</strong></span> <span class='ocrx_word' id='word_1_648' title='bbox 1733 1899 1797 1926; x_wconf 83' lang='lat' dir='ltr'><strong>Ver-</strong></span> 
     </span>
    </p>
   </div>
   <div class='ocr_carea' id='block_1_86' title="bbox 1011 1944 1796 1981">
    <p class='ocr_par' dir='ltr' id='par_1_86' title="bbox 1011 1944 1796 1981">
     <span class='ocr_line' id='line_1_86' title="bbox 1011 1944 1796 1981; baseline -0.006 -5"><span class='ocrx_word' id='word_1_649' title='bbox 1011 1949 1088 1981; x_wconf 90' lang='lat' dir='ltr'><strong>bum,</strong></span> <span class='ocrx_word' id='word_1_650' title='bbox 1113 1948 1152 1976; x_wconf 88' lang='lat' dir='ltr'><strong>sic</strong></span> <span class='ocrx_word' id='word_1_651' title='bbox 1169 1948 1251 1975; x_wconf 88' lang='lat' dir='ltr'><strong>etiam</strong></span> <span class='ocrx_word' id='word_1_652' title='bbox 1271 1946 1371 1974; x_wconf 81' lang='lat' dir='ltr'><strong>tnansit</strong></span> <span class='ocrx_word' id='word_1_653' title='bbox 1392 1946 1474 1978; x_wconf 88' lang='lat' dir='ltr'><strong>Deus,</strong></span> <span class='ocrx_word' id='word_1_654' title='bbox 1497 1945 1589 1972; x_wconf 88' lang='lat' dir='ltr'><strong>omnia</strong></span> <span class='ocrx_word' id='word_1_655' title='bbox 1608 1944 1712 1972; x_wconf 87' lang='lat' dir='ltr'><strong>habens</strong></span> <span class='ocrx_word' id='word_1_656' title='bbox 1735 1951 1796 1978; x_wconf 74' lang='lat' dir='ltr'><strong>qua:</strong></span> 
     </span>
    </p>
   </div>
   <div class='ocr_carea' id='block_1_87' title="bbox 1011 1990 1795 2028">
    <p class='ocr_par' dir='ltr' id='par_1_87' title="bbox 1011 1990 1795 2028">
     <span class='ocr_line' id='line_1_87' title="bbox 1011 1990 1795 2028; baseline -0.005 -7"><span class='ocrx_word' id='word_1_657' title='bbox 1011 1994 1101 2026; x_wconf 83' lang='lat' dir='ltr'><strong>Pater,</strong></span> <span class='ocrx_word' id='word_1_658' title='bbox 1130 1997 1244 2028; x_wconf 77' lang='lat' dir='ltr'><strong>excepto</strong></span> <span class='ocrx_word' id='word_1_659' title='bbox 1270 1997 1375 2020; x_wconf 89' lang='lat' dir='ltr'><strong>tantum</strong></span> <span class='ocrx_word' id='word_1_660' title='bbox 1404 1998 1437 2019; x_wconf 83' lang='lat' dir='ltr'><strong>eo</strong></span> <span class='ocrx_word' id='word_1_661' title='bbox 1464 1990 1536 2026; x_wconf 89' lang='lat' dir='ltr'><strong>quod</strong></span> <span class='ocrx_word' id='word_1_662' title='bbox 1561 1998 1615 2018; x_wconf 83' lang='lat' dir='ltr'><strong>non</strong></span> <span class='ocrx_word' id='word_1_663' title='bbox 1636 1994 1679 2018; x_wconf 88' lang='lat' dir='ltr'><strong>est</strong></span> <span class='ocrx_word' id='word_1_664' title='bbox 1698 1991 1795 2023; x_wconf 85' lang='lat' dir='ltr'><strong>Pater;</strong></span> 
     </span>
    </p>
   </div>
   <div class='ocr_carea' id='block_1_88' title="bbox 1012 2031 1798 2076">
    <p class='ocr_par' dir='ltr' id='par_1_88' title="bbox 1012 2031 1798 2076">
     <span class='ocr_line' id='line_1_88' title="bbox 1012 2031 1798 2076; baseline -0.008 -9"><span class='ocrx_word' id='word_1_665' title='bbox 1012 2040 1208 2076; x_wconf 86' lang='lat' dir='ltr'><strong>propriumque</strong></span> <span class='ocrx_word' id='word_1_666' title='bbox 1231 2037 1338 2066; x_wconf 85' lang='lat' dir='ltr'><strong>habens</strong></span> <span class='ocrx_word' id='word_1_667' title='bbox 1353 2045 1385 2065; x_wconf 86' lang='lat' dir='ltr'><strong>ex</strong></span> <span class='ocrx_word' id='word_1_668' title='bbox 1403 2037 1493 2072; x_wconf 87' lang='lat' dir='ltr'><strong>seipso</strong></span> <span class='ocrx_word' id='word_1_669' title='bbox 1509 2031 1603 2068; x_wconf 83' lang='lat' dir='ltr'><strong>Filius,</strong></span> <span class='ocrx_word' id='word_1_670' title='bbox 1621 2041 1648 2063; x_wconf 91' lang='lat' dir='ltr'><strong>et</strong></span> <span class='ocrx_word' id='word_1_671' title='bbox 1664 2035 1798 2064; x_wconf 80' lang='lat' dir='ltr'><strong>essentia-</strong></span> 
     </span>
    </p>
   </div>
   <div class='ocr_carea' id='block_1_89' title="bbox 1012 2081 1799 2117">
    <p class='ocr_par' dir='ltr' id='par_1_89' title="bbox 1012 2081 1799 2117">
     <span class='ocr_line' id='line_1_89' title="bbox 1012 2081 1799 2117; baseline -0.004 -6"><span class='ocrx_word' id='word_1_672' title='bbox 1012 2084 1073 2111; x_wconf 87' lang='lat' dir='ltr'><strong>liter</strong></span> <span class='ocrx_word' id='word_1_673' title='bbox 1088 2083 1200 2110; x_wconf 90' lang='lat' dir='ltr'><strong>insitum</strong></span> <span class='ocrx_word' id='word_1_674' title='bbox 1222 2082 1250 2110; x_wconf 91' lang='lat' dir='ltr'><strong>in</strong></span> <span class='ocrx_word' id='word_1_675' title='bbox 1272 2089 1301 2109; x_wconf 80' lang='lat' dir='ltr'><strong>se</strong></span> <span class='ocrx_word' id='word_1_676' title='bbox 1324 2081 1459 2117; x_wconf 90' lang='lat' dir='ltr'><strong>Spiritum</strong></span> <span class='ocrx_word' id='word_1_677' title='bbox 1479 2086 1604 2110; x_wconf 83' lang='lat' dir='ltr'><strong>sanctum</strong></span> <span class='ocrx_word' id='word_1_678' title='bbox 1630 2081 1799 2108; x_wconf 70' lang='lat' dir='ltr'><strong>vaticinaba-</strong></span> 
     </span>
    </p>
   </div>
   <div class='ocr_carea' id='block_1_90' title="bbox 1013 2127 1797 2163">
    <p class='ocr_par' dir='ltr' id='par_1_90' title="bbox 1013 2127 1797 2163">
     <span class='ocr_line' id='line_1_90' title="bbox 1013 2127 1797 2163; baseline -0.004 -6"><span class='ocrx_word' id='word_1_679' title='bbox 1013 2134 1066 2158; x_wconf 90' lang='lat' dir='ltr'><strong>tur.</strong></span> <span class='ocrx_word' id='word_1_680' title='bbox 1085 2139 1094 2156; x_wconf 75' lang='grc' dir='ltr'><strong>ι</strong></span> <span class='ocrx_word' id='word_1_681' title='bbox 1110 2129 1196 2157; x_wconf 81' lang='lat' dir='ltr'><strong>Audis</strong></span> <span class='ocrx_word' id='word_1_682' title='bbox 1213 2129 1278 2156; x_wconf 93' lang='lat' dir='ltr'><strong>illud</strong></span> <span class='ocrx_word' id='word_1_683' title='bbox 1301 2136 1334 2156; x_wconf 85' lang='lat' dir='ltr'><strong>ex</strong></span> <span class='ocrx_word' id='word_1_684' title='bbox 1357 2136 1400 2156; x_wconf 88' lang='lat' dir='ltr'><strong>eo.</strong></span> <span class='ocrx_word' id='word_1_685' title='bbox 1426 2127 1544 2156; x_wconf 65' lang='lat' dir='ltr'><strong>Aliurlne</strong></span> <span class='ocrx_word' id='word_1_686' title='bbox 1568 2127 1650 2163; x_wconf 75' lang='lat' dir='ltr'><strong>igitur</strong></span> <span class='ocrx_word' id='word_1_687' title='bbox 1674 2127 1797 2160; x_wconf 88' lang='lat' dir='ltr'><strong>denotat,</strong></span> 
     </span>
    </p>
   </div>
   <div class='ocr_carea' id='block_1_91' title="bbox 1014 2174 1798 2209">
    <p class='ocr_par' dir='ltr' id='par_1_91' title="bbox 1014 2174 1798 2209">
     <span class='ocr_line' id='line_1_91' title="bbox 1014 2174 1798 2209; baseline -0.003 -7"><span class='ocrx_word' id='word_1_688' title='bbox 1014 2175 1064 2203; x_wconf 85' lang='lat' dir='ltr'><strong>nisi</strong></span> <span class='ocrx_word' id='word_1_689' title='bbox 1076 2182 1107 2202; x_wconf 84' lang='lat' dir='ltr'><strong>ex</strong></span> <span class='ocrx_word' id='word_1_690' title='bbox 1123 2181 1156 2202; x_wconf 89' lang='lat' dir='ltr'><strong>eo</strong></span> <span class='ocrx_word' id='word_1_691' title='bbox 1175 2175 1379 2209; x_wconf 80' lang='lat' dir='ltr'><strong>procedentem,</strong></span> <span class='ocrx_word' id='word_1_692' title='bbox 1403 2178 1430 2201; x_wconf 89' lang='lat' dir='ltr'><strong>et</strong></span> <span class='ocrx_word' id='word_1_693' title='bbox 1443 2177 1543 2202; x_wconf 86' lang='lat' dir='ltr'><strong>cuncta</strong></span> <span class='ocrx_word' id='word_1_694' title='bbox 1561 2174 1705 2201; x_wconf 84' lang='lat' dir='ltr'><strong>habentem</strong></span> <span class='ocrx_word' id='word_1_695' title='bbox 1722 2181 1798 2208; x_wconf 66' lang='lat' dir='ltr'><strong>qua:-</strong></span> 
     </span>
    </p>
   </div>
   <div class='ocr_carea' id='block_1_92' title="bbox 174 2216 956 2255">
    <p class='ocr_par' dir='ltr' id='par_1_92' title="bbox 174 2216 956 2253">
     <span class='ocr_line' id='line_1_92' title="bbox 174 2216 956 2253; baseline -0.004 -7"><span class='ocrx_word' id='word_1_696' title='bbox 174 2219 242 2246; x_wconf 87' lang='grc' dir='ltr'>Θεοῦ</span> <span class='ocrx_word' id='word_1_697' title='bbox 268 2218 581 2253; x_wconf 75' lang='grc' dir='ltr'>Λόγος,-ὲπιμεμένηκε</span> <span class='ocrx_word' id='word_1_698' title='bbox 607 2217 656 2243; x_wconf 80' lang='grc' dir='ltr'><strong>καὶ</strong></span> <span class='ocrx_word' id='word_1_699' title='bbox 679 2216 750 2243; x_wconf 76' lang='grc' dir='ltr'>οὕτω</span> <span class='ocrx_word' id='word_1_700' title='bbox 774 2217 852 2251; x_wconf 69' lang='grc' dir='ltr'>Θεὸς,</span> <span class='ocrx_word' id='word_1_701' title='bbox 872 2217 956 2244; x_wconf 78' lang='grc' dir='ltr'>πάντα</span> 
     </span>
    </p>
   </div>
   <div class='ocr_carea' id='block_1_93' title="bbox 1009 2216 1797 2255">
    <p class='ocr_par' dir='ltr' id='par_1_93' title="bbox 1014 2218 1797 2255">
     <span class='ocr_line' id='line_1_93' title="bbox 1014 2218 1797 2255; baseline -0.003 -8"><span class='ocrx_word' id='word_1_702' title='bbox 1014 2228 1122 2255; x_wconf 88' lang='lat' dir='ltr'><strong>cunque</strong></span> <span class='ocrx_word' id='word_1_703' title='bbox 1135 2219 1216 2247; x_wconf 85' lang='lat' dir='ltr'><strong>Pater</strong></span> <span class='ocrx_word' id='word_1_704' title='bbox 1237 2219 1338 2246; x_wconf 81' lang='lat' dir='ltr'><strong>habet?</strong></span> <span class='ocrx_word' id='word_1_705' title='bbox 1353 2218 1499 2254; x_wconf 88' lang='lat' dir='ltr'><strong>Pcrcipite,</strong></span> <span class='ocrx_word' id='word_1_706' title='bbox 1515 2220 1640 2246; x_wconf 86' lang='lat' dir='ltr'><strong>homines</strong></span> <span class='ocrx_word' id='word_1_707' title='bbox 1660 2218 1717 2251; x_wconf 80' lang='lat' dir='ltr'><strong>Dei,</strong></span> <span class='ocrx_word' id='word_1_708' title='bbox 1736 2225 1797 2253; x_wconf 86' lang='lat' dir='ltr'><strong>per-</strong></span> 
     </span>
    </p>
   </div>
   <div class='ocr_carea' id='block_1_94' title="bbox 173 2261 960 2301">
    <p class='ocr_par' dir='ltr' id='par_1_94' title="bbox 173 2261 960 2301">
     <span class='ocr_line' id='line_1_94' title="bbox 173 2261 960 2301; baseline -0.004 -8"><span class='ocrx_word' id='word_1_709' title='bbox 173 2267 243 2301; x_wconf 78' lang='grc' dir='ltr'>εχων</span> <span class='ocrx_word' id='word_1_710' title='bbox 255 2267 304 2293; x_wconf 83' lang='grc' dir='ltr'>ὃσα</span> <span class='ocrx_word' id='word_1_711' title='bbox 319 2265 367 2293; x_wconf 76' lang='grc' dir='ltr'><strong>καὶ</strong></span> <span class='ocrx_word' id='word_1_712' title='bbox 379 2266 392 2292; x_wconf 85' lang='grc' dir='ltr'><strong>ὁ</strong></span> <span class='ocrx_word' id='word_1_713' title='bbox 408 2264 512 2300; x_wconf 80' lang='grc' dir='ltr'>Πατὴρ,</span> <span class='ocrx_word' id='word_1_714' title='bbox 528 2265 590 2299; x_wconf 83' lang='grc' dir='ltr'>δίχα</span> <span class='ocrx_word' id='word_1_715' title='bbox 606 2264 686 2298; x_wconf 85' lang='grc' dir='ltr'>μόνον</span> <span class='ocrx_word' id='word_1_716' title='bbox 702 2263 749 2290; x_wconf 71' lang='grc' dir='ltr'><strong>τοῦ</strong></span> <span class='ocrx_word' id='word_1_717' title='bbox 764 2261 834 2291; x_wconf 77' lang='grc' dir='ltr'>εἶναι</span> <span class='ocrx_word' id='word_1_718' title='bbox 847 2265 942 2300; x_wconf 77' lang='grc' dir='ltr'>Πατήρ</span> <span class='ocrx_word' id='word_1_719' title='bbox 953 2273 960 2280; x_wconf 85' lang='grc'><strong>·</strong></span> 
     </span>
    </p>
   </div>
   <div class='ocr_carea' id='block_1_95' title="bbox 175 2310 962 2347">
    <p class='ocr_par' dir='ltr' id='par_1_95' title="bbox 175 2310 962 2347">
     <span class='ocr_line' id='line_1_95' title="bbox 175 2310 962 2347; baseline -0.004 -7"><span class='ocrx_word' id='word_1_720' title='bbox 175 2314 222 2340; x_wconf 78' lang='grc' dir='ltr'><strong>καὶ</strong></span> <span class='ocrx_word' id='word_1_721' title='bbox 239 2313 305 2340; x_wconf 76' lang='grc' dir='ltr'>ἰδιον</span> <span class='ocrx_word' id='word_1_722' title='bbox 318 2312 387 2347; x_wconf 73' lang='grc' dir='ltr'>ἔχων</span> <span class='ocrx_word' id='word_1_723' title='bbox 404 2311 435 2338; x_wconf 81' lang='grc' dir='ltr'><strong>τὸ</strong></span> <span class='ocrx_word' id='word_1_724' title='bbox 450 2311 480 2343; x_wconf 74' lang='grc' dir='ltr'><strong>ἐξ</strong></span> <span class='ocrx_word' id='word_1_725' title='bbox 494 2310 576 2337; x_wconf 77' lang='grc' dir='ltr'>αὑτοῦ</span> <span class='ocrx_word' id='word_1_726' title='bbox 590 2312 638 2338; x_wconf 80' lang='grc' dir='ltr'>καὶ</span> <span class='ocrx_word' id='word_1_727' title='bbox 652 2310 788 2341; x_wconf 86' lang='grc' dir='ltr'>οὐσιωδῶς</span> <span class='ocrx_word' id='word_1_728' title='bbox 803 2311 962 2346; x_wconf 58' lang='grc' dir='ltr'>ὲτμπεφυκὲς</span> 
     </span>
    </p>
   </div>
   <div class='ocr_carea' id='block_1_96' title="bbox 174 2356 958 2395">
    <p class='ocr_par' dir='ltr' id='par_1_96' title="bbox 174 2356 958 2395">
     <span class='ocr_line' id='line_1_96' title="bbox 174 2356 958 2395; baseline -0.005 -8"><span class='ocrx_word' id='word_1_729' title='bbox 174 2360 250 2395; x_wconf 86' lang='grc' dir='ltr'><strong>αὑτῷ</strong></span> <span class='ocrx_word' id='word_1_730' title='bbox 266 2358 378 2394; x_wconf 83' lang='grc' dir='ltr'>Πνεῦμα</span> <span class='ocrx_word' id='word_1_731' title='bbox 405 2358 494 2391; x_wconf 77' lang='grc' dir='ltr'>ἅγιον,</span> <span class='ocrx_word' id='word_1_732' title='bbox 513 2357 657 2391; x_wconf 70' lang='grc' dir='ltr'>εἰργάζετο</span> <span class='ocrx_word' id='word_1_733' title='bbox 681 2357 730 2388; x_wconf 82' lang='grc' dir='ltr'>τὰς</span> <span class='ocrx_word' id='word_1_734' title='bbox 753 2356 926 2391; x_wconf 81' lang='grc' dir='ltr'>οεοσημείας.</span> <span class='ocrx_word' id='word_1_735' title='bbox 949 2367 958 2383; x_wconf 72' lang='grc' dir='ltr'><strong>ι</strong></span> 
     </span>
    </p>
   </div>
   <div class='ocr_carea' id='block_1_97' title="bbox 175 2401 960 2437">
    <p class='ocr_par' dir='ltr' id='par_1_97' title="bbox 175 2401 960 2437">
     <span class='ocr_line' id='line_1_97' title="bbox 175 2401 960 2437; baseline -0.006 -5"><span class='ocrx_word' id='word_1_736' title='bbox 175 2406 316 2436; x_wconf 76' lang='grc' dir='ltr'>Ἤκουσας</span> <span class='ocrx_word' id='word_1_737' title='bbox 329 2404 360 2431; x_wconf 87' lang='grc' dir='ltr'>τδ</span> <span class='ocrx_word' id='word_1_738' title='bbox 376 2403 406 2436; x_wconf 75' lang='grc' dir='ltr'>ἐξ</span> <span class='ocrx_word' id='word_1_739' title='bbox 420 2402 523 2435; x_wconf 82' lang='grc' dir='ltr'>αὑτοῡ;</span> <span class='ocrx_word' id='word_1_740' title='bbox 545 2402 617 2437; x_wconf 86' lang='grc' dir='ltr'>’Λρα</span> <span class='ocrx_word' id='word_1_741' title='bbox 636 2401 661 2428; x_wconf 83' lang='grc' dir='ltr'><strong>τί</strong></span> <span class='ocrx_word' id='word_1_742' title='bbox 679 2401 776 2436; x_wconf 82' lang='grc' dir='ltr'>δηλοῦν</span> <span class='ocrx_word' id='word_1_743' title='bbox 794 2401 927 2436; x_wconf 80' lang='grc' dir='ltr'>βούλεται,</span> <span class='ocrx_word' id='word_1_744' title='bbox 944 2401 960 2437; x_wconf 85' lang='grc' dir='ltr'>ἢ</span> 
     </span>
    </p>
   </div>
   <div class='ocr_carea' id='block_1_98' title="bbox 174 2448 964 2484">
    <p class='ocr_par' dir='ltr' id='par_1_98' title="bbox 174 2448 964 2484">
     <span class='ocr_line' id='line_1_98' title="bbox 174 2448 964 2484; baseline -0.006 -6"><span class='ocrx_word' id='word_1_745' title='bbox 174 2452 260 2478; x_wconf 78' lang='grc' dir='ltr'>ὅτιτὸ</span> <span class='ocrx_word' id='word_1_746' title='bbox 280 2452 310 2483; x_wconf 74' lang='grc' dir='ltr'><strong>ἐξ</strong></span> <span class='ocrx_word' id='word_1_747' title='bbox 335 2450 418 2477; x_wconf 71' lang='grc' dir='ltr'>αὑτοῦ</span> <span class='ocrx_word' id='word_1_748' title='bbox 449 2448 570 2484; x_wconf 79' lang='grc' dir='ltr'>δηλονότι</span> <span class='ocrx_word' id='word_1_749' title='bbox 598 2449 814 2482; x_wconf 79' lang='grc' dir='ltr'>ἐκπορευόμενον</span> <span class='ocrx_word' id='word_1_750' title='bbox 828 2457 835 2464; x_wconf 89' lang='grc'>·</span> <span class='ocrx_word' id='word_1_751' title='bbox 857 2448 905 2474; x_wconf 69' lang='grc' dir='ltr'><strong>καὶ</strong></span> <span class='ocrx_word' id='word_1_752' title='bbox 934 2450 964 2474; x_wconf 76' lang='grc' dir='ltr'>τὸ</span> 
     </span>
    </p>
   </div>
   <div class='ocr_carea' id='block_1_99' title="bbox 175 2494 963 2531">
    <p class='ocr_par' dir='ltr' id='par_1_99' title="bbox 175 2494 963 2531">
     <span class='ocr_line' id='line_1_99' title="bbox 175 2494 963 2531; baseline -0.005 -7"><span class='ocrx_word' id='word_1_753' title='bbox 175 2498 264 2524; x_wconf 80' lang='grc' dir='ltr'>πάντα</span> <span class='ocrx_word' id='word_1_754' title='bbox 279 2497 349 2531; x_wconf 77' lang='grc' dir='ltr'>ἔχων</span> <span class='ocrx_word' id='word_1_755' title='bbox 367 2497 417 2523; x_wconf 80' lang='grc' dir='ltr'>ὅσα</span> <span class='ocrx_word' id='word_1_756' title='bbox 438 2496 484 2522; x_wconf 72' lang='grc' dir='ltr'><strong>καὶ</strong></span> <span class='ocrx_word' id='word_1_757' title='bbox 503 2496 516 2522; x_wconf 82' lang='grc' dir='ltr'><strong>ό</strong></span> <span class='ocrx_word' id='word_1_758' title='bbox 534 2494 647 2530; x_wconf 81' lang='grc' dir='ltr'>Πατήρ;</span> <span class='ocrx_word' id='word_1_759' title='bbox 668 2494 841 2529; x_wconf 72' lang='grc' dir='ltr'>Ἐννοήσατε,</span> <span class='ocrx_word' id='word_1_760' title='bbox 858 2494 963 2529; x_wconf 84' lang='grc' dir='ltr'>ἄνθρω-</span> 
     </span>
    </p>
   </div>
   <div class='ocr_carea' id='block_1_100' title="bbox 177 2540 963 2576">
    <p class='ocr_par' dir='ltr' id='par_1_100' title="bbox 177 2540 963 2576">
     <span class='ocr_line' id='line_1_100' title="bbox 177 2540 963 2576; baseline -0.005 -7"><span class='ocrx_word' id='word_1_761' title='bbox 177 2552 223 2569; x_wconf 70' lang='grc' dir='ltr'><strong>ποι</strong></span> <span class='ocrx_word' id='word_1_762' title='bbox 242 2543 282 2568; x_wconf 87' lang='grc' dir='ltr'><strong>τοῦ</strong></span> <span class='ocrx_word' id='word_1_763' title='bbox 296 2542 375 2575; x_wconf 83' lang='grc' dir='ltr'>Θεοῦ,</span> <span class='ocrx_word' id='word_1_764' title='bbox 390 2543 545 2576; x_wconf 73' lang='grc' dir='ltr'>ἐννοήσατε.</span> <span class='ocrx_word' id='word_1_765' title='bbox 566 2542 594 2568; x_wconf 90' lang='grc'><strong>’0</strong></span> <span class='ocrx_word' id='word_1_766' title='bbox 608 2540 636 2566; x_wconf 81' lang='grc' dir='ltr'><strong>δὲ</strong></span> <span class='ocrx_word' id='word_1_767' title='bbox 648 2540 725 2573; x_wconf 76' lang='grc' dir='ltr'>ἅγιος</span> <span class='ocrx_word' id='word_1_768' title='bbox 743 2540 866 2573; x_wconf 65' lang='grc' dir='ltr'>Ἱλάριος,</span> <span class='ocrx_word' id='word_1_769' title='bbox 886 2541 913 2566; x_wconf 80' lang='grc' dir='ltr'>ὲν</span> <span class='ocrx_word' id='word_1_770' title='bbox 926 2540 963 2575; x_wconf 77' lang='grc' dir='ltr'>τῷ</span> 
     </span>
    </p>
   </div>
   <div class='ocr_carea' id='block_1_101' title="bbox 177 2585 962 2623">
    <p class='ocr_par' dir='ltr' id='par_1_101' title="bbox 177 2585 962 2623">
     <span class='ocr_line' id='line_1_101' title="bbox 177 2585 962 2623; baseline -0.001 -11"><span class='ocrx_word' id='word_1_771' title='bbox 177 2590 247 2623; x_wconf 69' lang='grc' dir='ltr'>λόγῳ</span> <span class='ocrx_word' id='word_1_772' title='bbox 264 2587 302 2622; x_wconf 80' lang='grc' dir='ltr'>τῷ</span> <span class='ocrx_word' id='word_1_773' title='bbox 323 2588 392 2621; x_wconf 81' lang='grc' dir='ltr'>μετὰ</span> <span class='ocrx_word' id='word_1_774' title='bbox 412 2587 462 2622; x_wconf 75' lang='grc' dir='ltr'>τὴν</span> <span class='ocrx_word' id='word_1_775' title='bbox 487 2585 677 2621; x_wconf 81' lang='grc' dir='ltr'>Πεντηκοστὴν</span> <span class='ocrx_word' id='word_1_776' title='bbox 702 2585 962 2619; x_wconf 77' lang='grc' dir='ltr'>ἀναγινωσκομένῳ,</span> 
     </span>
    </p>
   </div>
   <div class='ocr_carea' id='block_1_102' title="bbox 175 2630 963 2670">
    <p class='ocr_par' dir='ltr' id='par_1_102' title="bbox 175 2630 963 2670">
     <span class='ocr_line' id='line_1_102' title="bbox 175 2630 963 2670; baseline -0.005 -8"><span class='ocrx_word' id='word_1_777' title='bbox 175 2637 205 2662; x_wconf 76' lang='grc' dir='ltr'>ἐν</span> <span class='ocrx_word' id='word_1_778' title='bbox 218 2636 250 2670; x_wconf 77' lang='grc' dir='ltr'>τῇ</span> <span class='ocrx_word' id='word_1_779' title='bbox 272 2634 352 2668; x_wconf 79' lang='grc' dir='ltr'>ἑορτῇ</span> <span class='ocrx_word' id='word_1_780' title='bbox 368 2634 416 2667; x_wconf 80' lang='grc' dir='ltr'>τῆς</span> <span class='ocrx_word' id='word_1_781' title='bbox 435 2633 516 2666; x_wconf 82' lang='grc' dir='ltr'>ἁγίας</span> <span class='ocrx_word' id='word_1_782' title='bbox 541 2631 666 2666; x_wconf 81' lang='grc' dir='ltr'>Τριάδος,</span> <span class='ocrx_word' id='word_1_783' title='bbox 682 2630 754 2658; x_wconf 80' lang='grc' dir='ltr'>οὕτω</span> <span class='ocrx_word' id='word_1_784' title='bbox 778 2631 865 2666; x_wconf 83' lang='grc' dir='ltr'>φησί·</span> <span class='ocrx_word' id='word_1_785' title='bbox 884 2641 893 2656; x_wconf 83' lang='grc'><strong><em>‹</em></strong></span> <span class='ocrx_word' id='word_1_786' title='bbox 914 2632 963 2658; x_wconf 90' lang='grc' dir='ltr'>Πι-</span> 
     </span>
    </p>
   </div>
   <div class='ocr_carea' id='block_1_103' title="bbox 175 2677 961 2715">
    <p class='ocr_par' dir='ltr' id='par_1_103' title="bbox 175 2677 961 2715">
     <span class='ocr_line' id='line_1_103' title="bbox 175 2677 961 2715; baseline -0.005 -7"><span class='ocrx_word' id='word_1_787' title='bbox 175 2681 308 2715; x_wconf 76' lang='grc' dir='ltr'>στεύομεν</span> <span class='ocrx_word' id='word_1_788' title='bbox 322 2680 362 2710; x_wconf 84' lang='grc' dir='ltr'><strong>εἰς</strong></span> <span class='ocrx_word' id='word_1_789' title='bbox 376 2678 425 2714; x_wconf 83' lang='grc' dir='ltr'>τὴν</span> <span class='ocrx_word' id='word_1_790' title='bbox 437 2678 519 2712; x_wconf 81' lang='grc' dir='ltr'>ἁγίαν</span> <span class='ocrx_word' id='word_1_791' title='bbox 536 2677 655 2712; x_wconf 81' lang='grc' dir='ltr'>Τριαδα·</span> <span class='ocrx_word' id='word_1_792' title='bbox 673 2677 797 2703; x_wconf 80' lang='grc' dir='ltr'>τουτέστι</span> <span class='ocrx_word' id='word_1_793' title='bbox 814 2678 859 2703; x_wconf 68' lang='grc' dir='ltr'>τὸν</span> <span class='ocrx_word' id='word_1_794' title='bbox 875 2678 961 2704; x_wconf 82' lang='grc' dir='ltr'>Πατέ-</span> 
     </span>
    </p>
   </div>
   <div class='ocr_carea' id='block_1_104' title="bbox 178 2722 958 2763">
    <p class='ocr_par' dir='ltr' id='par_1_104' title="bbox 178 2722 958 2763">
     <span class='ocr_line' id='line_1_104' title="bbox 178 2722 958 2763; baseline -0.004 -10"><span class='ocrx_word' id='word_1_795' title='bbox 178 2736 222 2763; x_wconf 83' lang='grc' dir='ltr'><strong>ρα,</strong></span> <span class='ocrx_word' id='word_1_796' title='bbox 232 2727 279 2753; x_wconf 77' lang='grc' dir='ltr'><strong>καὶ</strong></span> <span class='ocrx_word' id='word_1_797' title='bbox 290 2725 335 2752; x_wconf 79' lang='grc' dir='ltr'><strong>τὸν</strong></span> <span class='ocrx_word' id='word_1_798' title='bbox 345 2724 421 2756; x_wconf 67' lang='grc' dir='ltr'>Υἰδν,</span> <span class='ocrx_word' id='word_1_799' title='bbox 435 2723 520 2749; x_wconf 76' lang='grc' dir='ltr'>καὶτὸ</span> <span class='ocrx_word' id='word_1_800' title='bbox 531 2725 609 2757; x_wconf 76' lang='grc' dir='ltr'>ἅγιον</span> <span class='ocrx_word' id='word_1_801' title='bbox 623 2723 744 2758; x_wconf 86' lang='grc' dir='ltr'>Πνεῦμα,</span> <span class='ocrx_word' id='word_1_802' title='bbox 757 2722 806 2749; x_wconf 71' lang='grc' dir='ltr'>ἕνα</span> <span class='ocrx_word' id='word_1_803' title='bbox 814 2722 881 2749; x_wconf 74' lang='grc' dir='ltr'>Θεὸν</span> <span class='ocrx_word' id='word_1_804' title='bbox 889 2731 958 2750; x_wconf 57' lang='grc' dir='ltr'>παν.</span> 
     </span>
    </p>
   </div>
   <div class='ocr_carea' id='block_1_105' title="bbox 174 2768 959 2805">
    <p class='ocr_par' dir='ltr' id='par_1_105' title="bbox 174 2768 959 2805">
     <span class='ocr_line' id='line_1_105' title="bbox 174 2768 959 2805; baseline -0.013 -4"><span class='ocrx_word' id='word_1_805' title='bbox 174 2772 341 2805; x_wconf 65' lang='grc' dir='ltr'>τοδύναμοψ</span> <span class='ocrx_word' id='word_1_806' title='bbox 357 2770 422 2804; x_wconf 77' lang='grc' dir='ltr'>μιᾶς</span> <span class='ocrx_word' id='word_1_807' title='bbox 432 2769 536 2802; x_wconf 79' lang='grc' dir='ltr'>οὐσίας,</span> <span class='ocrx_word' id='word_1_808' title='bbox 554 2769 618 2803; x_wconf 86' lang='grc' dir='ltr'>μιᾶς</span> <span class='ocrx_word' id='word_1_809' title='bbox 628 2768 781 2804; x_wconf 78' lang='grc' dir='ltr'>ὑπάρξεως,</span> <span class='ocrx_word' id='word_1_810' title='bbox 798 2769 863 2803; x_wconf 81' lang='grc' dir='ltr'>μιᾶς</span> <span class='ocrx_word' id='word_1_811' title='bbox 882 2768 959 2801; x_wconf 80' lang='grc' dir='ltr'>ἐξου-</span> 
     </span>
    </p>
   </div>
   <div class='ocr_carea' id='block_1_106' title="bbox 212 2854 868 2898">
    <p class='ocr_par' dir='ltr' id='par_1_106' title="bbox 212 2854 868 2898">
     <span class='ocr_line' id='line_1_106' title="bbox 212 2854 868 2898; baseline -0.002 -8"><span class='ocrx_word' id='word_1_812' title='bbox 212 2862 251 2898; x_wconf 85' lang='grc' dir='ltr'><strong>(ι)</strong></span> <span class='ocrx_word' id='word_1_813' title='bbox 265 2861 337 2889; x_wconf 85' lang='lat' dir='ltr'><strong>Inter</strong></span> <span class='ocrx_word' id='word_1_814' title='bbox 351 2861 499 2896; x_wconf 83' lang='lat' dir='ltr'><strong>impressas</strong></span> <span class='ocrx_word' id='word_1_815' title='bbox 515 2866 570 2887; x_wconf 90' lang='lat' dir='ltr'><strong>non</strong></span> <span class='ocrx_word' id='word_1_816' title='bbox 586 2854 700 2888; x_wconf 82' lang='lat' dir='ltr'><strong>habe&#39;tur</strong></span> <span class='ocrx_word' id='word_1_817' title='bbox 709 2860 754 2888; x_wconf 89' lang='lat' dir='ltr'><strong>hic</strong></span> <span class='ocrx_word' id='word_1_818' title='bbox 767 2867 868 2889; x_wconf 89' lang='lat' dir='ltr'><strong>sermo.</strong></span> 
     </span>
    </p>
   </div>
   <div class='ocr_carea' id='block_1_107' title="bbox 1014 2263 1797 2301">
    <p class='ocr_par' dir='ltr' id='par_1_107' title="bbox 1014 2263 1797 2301">
     <span class='ocr_line' id='line_1_107' title="bbox 1014 2263 1797 2301; baseline -0.001 -8"><span class='ocrx_word' id='word_1_819' title='bbox 1014 2266 1106 2301; x_wconf 83' lang='lat' dir='ltr'><strong>cipite.</strong></span> <span class='ocrx_word' id='word_1_820' title='bbox 1122 2266 1238 2293; x_wconf 86' lang='lat' dir='ltr'><strong>Sanctus</strong></span> <span class='ocrx_word' id='word_1_821' title='bbox 1254 2265 1372 2293; x_wconf 82' lang='lat' dir='ltr'><strong>Hilarius</strong></span> <span class='ocrx_word' id='word_1_822' title='bbox 1395 2265 1422 2292; x_wconf 90' lang='lat' dir='ltr'><strong>in</strong></span> <span class='ocrx_word' id='word_1_823' title='bbox 1441 2272 1568 2292; x_wconf 81' lang='lat' dir='ltr'><strong>sermone</strong></span> <span class='ocrx_word' id='word_1_824' title='bbox 1589 2265 1635 2300; x_wconf 88' lang='lat' dir='ltr'><strong>qui</strong></span> <span class='ocrx_word' id='word_1_825' title='bbox 1655 2268 1714 2299; x_wconf 85' lang='lat' dir='ltr'><strong>post</strong></span> <span class='ocrx_word' id='word_1_826' title='bbox 1727 2263 1797 2292; x_wconf 86' lang='lat' dir='ltr'><strong>Pen-</strong></span> 
     </span>
    </p>
   </div>
   <div class='ocr_carea' id='block_1_108' title="bbox 1015 2310 1798 2348">
    <p class='ocr_par' dir='ltr' id='par_1_108' title="bbox 1015 2310 1798 2348">
     <span class='ocr_line' id='line_1_108' title="bbox 1015 2310 1798 2348; baseline -0.003 -9"><span class='ocrx_word' id='word_1_827' title='bbox 1015 2316 1136 2340; x_wconf 84' lang='lat' dir='ltr'><strong>tecostcn</strong></span> <span class='ocrx_word' id='word_1_828' title='bbox 1154 2312 1265 2348; x_wconf 75' lang='lat' dir='ltr'><strong>legitur,</strong></span> <span class='ocrx_word' id='word_1_829' title='bbox 1282 2311 1308 2338; x_wconf 89' lang='lat' dir='ltr'><strong>in</strong></span> <span class='ocrx_word' id='word_1_830' title='bbox 1328 2312 1398 2339; x_wconf 83' lang='lat' dir='ltr'><strong>testo</strong></span> <span class='ocrx_word' id='word_1_831' title='bbox 1415 2317 1516 2338; x_wconf 73' lang='lat' dir='ltr'><strong>saneta:</strong></span> <span class='ocrx_word' id='word_1_832' title='bbox 1533 2311 1675 2338; x_wconf 79' lang='lat' dir='ltr'><strong>Trinitatis</strong></span> <span class='ocrx_word' id='word_1_833' title='bbox 1690 2310 1740 2345; x_wconf 85' lang='grc'>(1),</span> <span class='ocrx_word' id='word_1_834' title='bbox 1757 2310 1798 2338; x_wconf 83' lang='lat' dir='ltr'><strong>sic</strong></span> 
     </span>
    </p>
   </div>
   <div class='ocr_carea' id='block_1_109' title="bbox 1015 2350 1797 2396">
    <p class='ocr_par' dir='ltr' id='par_1_109' title="bbox 1015 2350 1797 2396">
     <span class='ocr_line' id='line_1_109' title="bbox 1015 2350 1797 2396; baseline -0.004 -10"><span class='ocrx_word' id='word_1_835' title='bbox 1015 2359 1076 2387; x_wconf 82' lang='lat' dir='ltr'><strong>ait:</strong></span> <span class='ocrx_word' id='word_1_836' title='bbox 1104 2367 1112 2384; x_wconf 77' lang='grc' dir='ltr'><strong>ι</strong></span> <span class='ocrx_word' id='word_1_837' title='bbox 1135 2358 1277 2385; x_wconf 83' lang='lat' dir='ltr'><strong>Credimus</strong></span> <span class='ocrx_word' id='word_1_838' title='bbox 1300 2357 1328 2385; x_wconf 90' lang='lat' dir='ltr'><strong>in</strong></span> <span class='ocrx_word' id='word_1_839' title='bbox 1351 2361 1471 2386; x_wconf 86' lang='lat' dir='ltr'><strong>sanctam</strong></span> <span class='ocrx_word' id='word_1_840' title='bbox 1494 2350 1667 2396; x_wconf 66' lang='lat' dir='ltr'><strong>Trinitatem,</strong></span> <span class='ocrx_word' id='word_1_841' title='bbox 1689 2356 1714 2384; x_wconf 91' lang='lat' dir='ltr'><strong>id</strong></span> <span class='ocrx_word' id='word_1_842' title='bbox 1737 2361 1797 2388; x_wconf 87' lang='lat' dir='ltr'><strong>est,</strong></span> 
     </span>
    </p>
   </div>
   <div class='ocr_carea' id='block_1_110' title="bbox 1016 2399 1798 2438">
    <p class='ocr_par' dir='ltr' id='par_1_110' title="bbox 1016 2399 1798 2438">
     <span class='ocr_line' id='line_1_110' title="bbox 1016 2399 1798 2438; baseline -0.003 -8"><span class='ocrx_word' id='word_1_843' title='bbox 1016 2403 1134 2435; x_wconf 80' lang='lat' dir='ltr'><strong>Patrem,</strong></span> <span class='ocrx_word' id='word_1_844' title='bbox 1147 2402 1257 2435; x_wconf 81' lang='lat' dir='ltr'><strong>Filium,</strong></span> <span class='ocrx_word' id='word_1_845' title='bbox 1271 2407 1298 2430; x_wconf 87' lang='lat' dir='ltr'><strong>et</strong></span> <span class='ocrx_word' id='word_1_846' title='bbox 1310 2402 1442 2438; x_wconf 86' lang='lat' dir='ltr'><strong>Spiritum</strong></span> <span class='ocrx_word' id='word_1_847' title='bbox 1455 2405 1590 2433; x_wconf 86' lang='lat' dir='ltr'><strong>sanctum,</strong></span> <span class='ocrx_word' id='word_1_848' title='bbox 1608 2408 1691 2427; x_wconf 91' lang='lat' dir='ltr'><strong>unum</strong></span> <span class='ocrx_word' id='word_1_849' title='bbox 1714 2399 1798 2428; x_wconf 84' lang='lat' dir='ltr'><strong>Deum</strong></span> 
     </span>
    </p>
   </div>
   <div class='ocr_carea' id='block_1_111' title="bbox 1016 2447 1797 2484">
    <p class='ocr_par' dir='ltr' id='par_1_111' title="bbox 1016 2447 1797 2484">
     <span class='ocr_line' id='line_1_111' title="bbox 1016 2447 1797 2484; baseline -0.003 -8"><span class='ocrx_word' id='word_1_850' title='bbox 1016 2449 1230 2484; x_wconf 87' lang='lat' dir='ltr'><strong>omnipotentem</strong></span> <span class='ocrx_word' id='word_1_851' title='bbox 1243 2468 1250 2481; x_wconf 91' lang='lat'><strong>,</strong></span> <span class='ocrx_word' id='word_1_852' title='bbox 1272 2449 1354 2475; x_wconf 86' lang='lat' dir='ltr'><strong>unius</strong></span> <span class='ocrx_word' id='word_1_853' title='bbox 1379 2448 1513 2479; x_wconf 72' lang='lat' dir='ltr'><strong>essentitr,</strong></span> <span class='ocrx_word' id='word_1_854' title='bbox 1531 2447 1612 2474; x_wconf 88' lang='lat' dir='ltr'><strong>unius</strong></span> <span class='ocrx_word' id='word_1_855' title='bbox 1628 2447 1797 2480; x_wconf 62' lang='lat' dir='ltr'><strong>substantia),</strong></span> 
     </span>
    </p>
   </div>
   <div class='ocr_carea' id='block_1_112' title="bbox 1017 2492 1846 2529">
    <p class='ocr_par' dir='ltr' id='par_1_112' title="bbox 1017 2492 1846 2529">
     <span class='ocr_line' id='line_1_112' title="bbox 1017 2492 1846 2529; baseline -0.002 -7"><span class='ocrx_word' id='word_1_856' title='bbox 1017 2496 1098 2522; x_wconf 87' lang='lat' dir='ltr'><strong>unius</strong></span> <span class='ocrx_word' id='word_1_857' title='bbox 1113 2496 1265 2529; x_wconf 85' lang='lat' dir='ltr'><strong>potestatis,</strong></span> <span class='ocrx_word' id='word_1_858' title='bbox 1277 2493 1401 2520; x_wconf 87' lang='lat' dir='ltr'><strong>omnium</strong></span> <span class='ocrx_word' id='word_1_859' title='bbox 1418 2497 1603 2520; x_wconf 87' lang='lat' dir='ltr'><strong>creaturarum</strong></span> <span class='ocrx_word' id='word_1_860' title='bbox 1615 2492 1753 2527; x_wconf 81' lang='lat' dir='ltr'><strong>opiﬁcem,</strong></span> <span class='ocrx_word' id='word_1_861' title='bbox 1765 2500 1799 2520; x_wconf 81' lang='lat' dir='ltr'><strong>ex</strong></span> <span class='ocrx_word' id='word_1_862' title='bbox 1844 2494 1846 2496; x_wconf 67' lang='grc'><strong>⁷</strong></span> 
     </span>
    </p>
   </div>
   <div class='ocr_carea' id='block_1_113' title="bbox 1015 2537 1799 2576">
    <p class='ocr_par' dir='ltr' id='par_1_113' title="bbox 1015 2537 1799 2576">
     <span class='ocr_line' id='line_1_113' title="bbox 1015 2537 1799 2576; baseline -0.003 -9"><span class='ocrx_word' id='word_1_863' title='bbox 1015 2548 1069 2576; x_wconf 82' lang='lat' dir='ltr'><strong>quo</strong></span> <span class='ocrx_word' id='word_1_864' title='bbox 1079 2540 1181 2572; x_wconf 83' lang='lat' dir='ltr'><strong>omnia,</strong></span> <span class='ocrx_word' id='word_1_865' title='bbox 1196 2547 1244 2574; x_wconf 88' lang='lat' dir='ltr'><strong>per</strong></span> <span class='ocrx_word' id='word_1_866' title='bbox 1254 2546 1333 2574; x_wconf 84' lang='lat' dir='ltr'><strong>quem</strong></span> <span class='ocrx_word' id='word_1_867' title='bbox 1349 2539 1451 2571; x_wconf 82' lang='lat' dir='ltr'><strong>omnia,</strong></span> <span class='ocrx_word' id='word_1_868' title='bbox 1467 2539 1495 2566; x_wconf 89' lang='lat' dir='ltr'><strong>in</strong></span> <span class='ocrx_word' id='word_1_869' title='bbox 1509 2546 1563 2573; x_wconf 93' lang='lat' dir='ltr'><strong>quo</strong></span> <span class='ocrx_word' id='word_1_870' title='bbox 1574 2539 1676 2572; x_wconf 87' lang='lat' dir='ltr'><strong>omnia,</strong></span> <span class='ocrx_word' id='word_1_871' title='bbox 1692 2537 1799 2566; x_wconf 85' lang='lat' dir='ltr'><strong>Patrem</strong></span> 
     </span>
    </p>
   </div>
   <div class='ocr_carea' id='block_1_114' title="bbox 1015 2582 1800 2620">
    <p class='ocr_par' dir='ltr' id='par_1_114' title="bbox 1015 2582 1800 2620">
     <span class='ocr_line' id='line_1_114' title="bbox 1015 2582 1800 2620; baseline -0.003 -7"><span class='ocrx_word' id='word_1_872' title='bbox 1015 2593 1031 2613; x_wconf 83' lang='lat' dir='ltr'><strong>a</strong></span> <span class='ocrx_word' id='word_1_873' title='bbox 1048 2593 1088 2617; x_wconf 88' lang='lat' dir='ltr'><strong>se,</strong></span> <span class='ocrx_word' id='word_1_874' title='bbox 1104 2593 1160 2612; x_wconf 90' lang='lat' dir='ltr'><strong>non</strong></span> <span class='ocrx_word' id='word_1_875' title='bbox 1179 2585 1213 2613; x_wconf 85' lang='lat' dir='ltr'><strong>ab</strong></span> <span class='ocrx_word' id='word_1_876' title='bbox 1228 2584 1291 2616; x_wconf 88' lang='lat' dir='ltr'><strong>alio,</strong></span> <span class='ocrx_word' id='word_1_877' title='bbox 1311 2584 1408 2611; x_wconf 70' lang='lat' dir='ltr'><strong>Filium</strong></span> <span class='ocrx_word' id='word_1_878' title='bbox 1423 2592 1455 2612; x_wconf 77' lang='lat' dir='ltr'><strong>ex</strong></span> <span class='ocrx_word' id='word_1_879' title='bbox 1471 2582 1551 2612; x_wconf 74' lang='lat' dir='ltr'><strong>Patre</strong></span> <span class='ocrx_word' id='word_1_880' title='bbox 1567 2585 1699 2620; x_wconf 77' lang='lat' dir='ltr'><strong>genitum,</strong></span> <span class='ocrx_word' id='word_1_881' title='bbox 1715 2584 1800 2611; x_wconf 86' lang='lat' dir='ltr'><strong>Deum</strong></span> 
     </span>
    </p>
   </div>
   <div class='ocr_carea' id='block_1_115' title="bbox 1015 2630 1799 2662">
    <p class='ocr_par' dir='ltr' id='par_1_115' title="bbox 1015 2630 1799 2662">
     <span class='ocr_line' id='line_1_115' title="bbox 1015 2630 1799 2662; baseline -0.004 -3"><span class='ocrx_word' id='word_1_882' title='bbox 1015 2639 1111 2659; x_wconf 85' lang='lat' dir='ltr'><strong>verum</strong></span> <span class='ocrx_word' id='word_1_883' title='bbox 1123 2631 1157 2658; x_wconf 88' lang='lat' dir='ltr'><strong>de</strong></span> <span class='ocrx_word' id='word_1_884' title='bbox 1175 2632 1228 2659; x_wconf 88' lang='lat' dir='ltr'><strong>Deo</strong></span> <span class='ocrx_word' id='word_1_885' title='bbox 1244 2638 1320 2662; x_wconf 91' lang='lat' dir='ltr'><strong>vero,</strong></span> <span class='ocrx_word' id='word_1_886' title='bbox 1338 2631 1428 2657; x_wconf 88' lang='lat' dir='ltr'><strong>lumen</strong></span> <span class='ocrx_word' id='word_1_887' title='bbox 1442 2638 1534 2657; x_wconf 76' lang='lat' dir='ltr'><strong>verum</strong></span> <span class='ocrx_word' id='word_1_888' title='bbox 1550 2631 1584 2658; x_wconf 89' lang='lat' dir='ltr'><strong>de</strong></span> <span class='ocrx_word' id='word_1_889' title='bbox 1601 2630 1704 2657; x_wconf 90' lang='lat' dir='ltr'><strong>lumine</strong></span> <span class='ocrx_word' id='word_1_890' title='bbox 1717 2636 1799 2662; x_wconf 85' lang='lat' dir='ltr'><strong>vero;</strong></span> 
     </span>
    </p>
   </div>
   <div class='ocr_carea' id='block_1_116' title="bbox 1014 2675 1799 2710">
    <p class='ocr_par' dir='ltr' id='par_1_116' title="bbox 1014 2675 1799 2710">
     <span class='ocr_line' id='line_1_116' title="bbox 1014 2675 1799 2710; baseline -0.006 -4"><span class='ocrx_word' id='word_1_891' title='bbox 1014 2685 1069 2706; x_wconf 90' lang='lat' dir='ltr'><strong>non</strong></span> <span class='ocrx_word' id='word_1_892' title='bbox 1087 2684 1178 2705; x_wconf 87' lang='lat' dir='ltr'><strong>tamen</strong></span> <span class='ocrx_word' id='word_1_893' title='bbox 1197 2678 1252 2704; x_wconf 89' lang='lat' dir='ltr'><strong>duo</strong></span> <span class='ocrx_word' id='word_1_894' title='bbox 1268 2676 1379 2709; x_wconf 88' lang='lat' dir='ltr'><strong>lumina,</strong></span> <span class='ocrx_word' id='word_1_895' title='bbox 1395 2677 1441 2704; x_wconf 87' lang='lat' dir='ltr'><strong>sed</strong></span> <span class='ocrx_word' id='word_1_896' title='bbox 1455 2684 1538 2704; x_wconf 89' lang='lat' dir='ltr'><strong>unum</strong></span> <span class='ocrx_word' id='word_1_897' title='bbox 1552 2677 1654 2709; x_wconf 87' lang='lat' dir='ltr'><strong>lumen,</strong></span> <span class='ocrx_word' id='word_1_898' title='bbox 1670 2675 1799 2710; x_wconf 88' lang='lat' dir='ltr'><strong>Spiritum</strong></span> 
     </span>
    </p>
   </div>
   <div class='ocr_carea' id='block_1_117' title="bbox 1014 2720 1796 2757">
    <p class='ocr_par' dir='ltr' id='par_1_117' title="bbox 1014 2720 1796 2757">
     <span class='ocr_line' id='line_1_117' title="bbox 1014 2720 1796 2757; baseline -0.004 -8"><span class='ocrx_word' id='word_1_899' title='bbox 1014 2727 1140 2750; x_wconf 84' lang='lat' dir='ltr'><strong>sanctum</strong></span> <span class='ocrx_word' id='word_1_900' title='bbox 1156 2722 1298 2757; x_wconf 81' lang='lat' dir='ltr'><strong>aequaliter</strong></span> <span class='ocrx_word' id='word_1_901' title='bbox 1313 2729 1328 2748; x_wconf 86' lang='lat' dir='ltr'><strong>a</strong></span> <span class='ocrx_word' id='word_1_902' title='bbox 1342 2721 1421 2749; x_wconf 85' lang='lat' dir='ltr'><strong>Patre</strong></span> <span class='ocrx_word' id='word_1_903' title='bbox 1436 2726 1463 2749; x_wconf 87' lang='lat' dir='ltr'><strong>et</strong></span> <span class='ocrx_word' id='word_1_904' title='bbox 1480 2721 1547 2748; x_wconf 85' lang='lat' dir='ltr'><strong>Filio</strong></span> <span class='ocrx_word' id='word_1_905' title='bbox 1562 2720 1767 2756; x_wconf 85' lang='lat' dir='ltr'><strong>procedentem.</strong></span> <span class='ocrx_word' id='word_1_906' title='bbox 1785 2728 1796 2745; x_wconf 69' lang='grc' dir='ltr'><strong>ι</strong></span> 
     </span>
    </p>
   </div>
   <div class='ocr_carea' id='block_1_118' title="bbox 1014 2768 1799 2806">
    <p class='ocr_par' dir='ltr' id='par_1_118' title="bbox 1014 2768 1799 2806">
     <span class='ocr_line' id='line_1_118' title="bbox 1014 2768 1799 2806; baseline -0.006 -8"><span class='ocrx_word' id='word_1_907' title='bbox 1014 2770 1085 2804; x_wconf 88' lang='lat' dir='ltr'><strong>Jam,</strong></span> <span class='ocrx_word' id='word_1_908' title='bbox 1099 2776 1129 2798; x_wconf 85' lang='lat' dir='ltr'><strong>ut</strong></span> <span class='ocrx_word' id='word_1_909' title='bbox 1144 2777 1194 2806; x_wconf 73' lang='lat' dir='ltr'><strong>ego</strong></span> <span class='ocrx_word' id='word_1_910' title='bbox 1211 2770 1337 2802; x_wconf 76' lang='lat' dir='ltr'><strong>arbitror,</strong></span> <span class='ocrx_word' id='word_1_911' title='bbox 1351 2770 1409 2798; x_wconf 73' lang='lat' dir='ltr'><strong>haec</strong></span> <span class='ocrx_word' id='word_1_912' title='bbox 1423 2769 1574 2797; x_wconf 85' lang='lat' dir='ltr'><strong>auctoritas</strong></span> <span class='ocrx_word' id='word_1_913' title='bbox 1592 2768 1672 2796; x_wconf 85' lang='lat' dir='ltr'><strong>solvit</strong></span> <span class='ocrx_word' id='word_1_914' title='bbox 1690 2773 1799 2794; x_wconf 85' lang='lat' dir='ltr'><strong>omnem</strong></span> 
     </span>
    </p>
   </div>
  </div>
