1961 3075
140 163 212 196 1197

389 166 462 196 Ηὶο
477 167 583 199 CONC.
602 168 792 200 FLOREN’I‘.
812 169 895 199 CAP.
918 169 956 199 II.
979 169 1028 199 DE
1052 169 1178 199 ΛΖΫΜΟ
1195 169 1243 199 E'l‘
1265 168 1533 199 FERMENTATO.

1699 169 1766 201 1198

133 221 301 256 διαφάγεσθε
316 224 380 249 αὐτὸ
392 232 399 239 ·
416 225 443 250 σί
467 224 567 259 ὀσφύες
585 226 663 260 ὑμῶν
687 226 906 262 περιεζωσμέναι
921 234 925 241 ·

984 226 1145 253 festinantes
1159 235 1166 253 :
1182 230 1224 253 est
1237 226 1309 253 enim
1321 225 1425 252 Pascha
1436 224 1572 252 Domini»
1583 223 1604 240 δ’
1615 223 1690 252 Nosti
1700 233 1764 259 ergo

134 269 182 296 καὶ.
198 270 232 295 τὰ
253 269 415 304 ὑποδήματα
443 271 520 305 ὑμῶν
543 272 572 297 ὲν
596 273 653 303 τοῖς
671 273 750 298 ποσὶν
769 271 862 305 ὑμῶν*
879 271 927 297 καὶ

134 315 163 342 σί
178 315 323 350 βακτηρίαι
341 316 418 350 ὑμῶν
432 317 460 343 ὲν
476 318 536 348 ταῖς
549 318 644 352 χερσὶν
658 317 736 352 ὑμῶν
750 325 757 332 ·
773 318 821 344 καὶ
835 317 926 343 ἕδεσθε

135 362 206 389 αὐτὰ
235 362 304 396 μετὰ
329 362 461 396 σπουδῆς.
484 364 579 398 Πάσχα
603 364 664 390 ἐστὶ
683 363 800 398 Κυρίου.
820 373 829 389 ι
848 361 928 396 Οἶδας

134 407 190 442 ἄρα
204 407 230 433 τί
242 407 272 433 τὸ
287 408 379 442 Πάσχα
395 408 452 435 ἐστί
464 416 471 424 ⁶
487 409 581 436 λαϐεῖν
594 410 680 444 ἀμνὸν
696 410 824 445 ἄμωμον,
839 411 928 437 ἐνιαύ-

136 462 205 486 σιον,
223 453 277 479 ἀπὸ
292 453 345 488 τῆς
362 453 477 488 δεκάτης
490 454 538 481 τοῦ
554 456 648 490 μηνὸς,
664 456 712 482 καὶ
727 455 866 490 διατηρεῖν
881 457 928 482 καὶ

135 500 282 534 φυλάττειν
310 499 392 526 αὐτὸν
418 500 500 535 μέχρι
519 494 571 527 καί
590 502 639 536 τῆς
664 501 929 537 τεσσαρεσκαιδεκά-

133 555 202 581 της·
220 546 267 573 καὶ
290 547 324 581 τῇ
350 547 638 583 τεσσαρεσκαιδεκάτῃ
665 547 711 574 τοῦ
747 548 830 583 μηνὸς
859 547 929 583 πρὸς

134 593 265 627 ἑσπέραν,
293 592 375 619 θῦσαι
395 593 481 619 αὑτό·
503 593 551 620 καὶ
573 593 607 621 τὰ
634 594 736 622 λοιπά·
760 595 806 621 καὶ
830 596 929 628 φαγεῖν

133 639 204 666 ὀπτὰ
222 639 306 674 πυρί’
319 639 366 666 καὶ
391 639 486 674 ἄζυμα
504 640 552 666 ἐπὶ
567 640 701 676 πικριδων
725 641 816 667 ἑδεσθε
837 641 907 667 αὐτὰ
919 648 928 657 ·

133 685 283 712 καὶταῦτα
302 686 370 720 μετὰ
396 687 530 721 σπουδῆς·
547 687 588 714 ὅτι
604 687 701 721 Πάσχα
726 688 786 714 ἐστὶ
811 688 927 722 Κυρίου.

134 732 219 758 Τοῦτό
236 733 310 759 ἐστιν
323 734 412 759 ἐκεῖνο
432 734 462 760 τὸ
476 734 588 768 νομικὸν
603 734 699 769 Πάσχα
711 742 717 749 ·
732 734 801 768 ὅπερ
817 736 830 760 ὀ
848 733 929 768 νόμος

135 778 304 814 προσέταττε
322 779 410 806 ποιεῖν
426 779 492 811 τοὺς
506 779 581 810 υἱοὺς
602 779 722 815 Ἰσραήλ.
742 781 773 806 ΕΙ
789 778 836 806 οὖν
851 779 928 806 ταῦθ’

979 272 1043 306 quid
1053 273 1156 300 Pascha
1173 273 1209 299 sil.
1223 279 1231 299 :
1251 279 1359 300 sumere
1371 280 1470 307 agnum
1487 271 1703 302 immaculatum.
1718 280 1767 299 an-

980 319 1101 346 niculum
1117 327 1132 346 a
1158 319 1262 346 decima
1278 319 1322 346 die
1340 319 1451 350 mensis,
1470 323 1498 346 et
1514 326 1624 346 servare
1637 323 1663 345 et
1676 324 1768 346 custo-

981 366 1038 392 dire
1054 374 1117 393 cum
1142 373 1228 400 usque
1244 367 1277 393 ad
1303 371 1428 400 quartum
1451 366 1604 399 decimum;
1627 371 1654 393 et
1673 371 1767 400 quarta

979 413 1084 440 decima
1097 413 1200 439 mensis
1214 419 1337 447 vespere,
1352 412 1506 439 sacrificare
1520 413 1604 444 illum,
1615 418 1641 439 et
1654 414 1767 447 reliqua,

980 464 1007 486 et
1021 458 1166 485 comedere
1180 466 1240 485 assa
1256 459 1323 494 igni,
1341 464 1368 486 ct
1384 467 1477 494 azyma
1496 460 1639 486 comedere
1658 460 1715 494 ipsa
1741 463 1768 486 in

980 504 1095 531 lactucis
1121 504 1286 539 agrestibus,
1311 509 1339 531 et
1358 510 1488 538 praeterea
1515 504 1684 537 festinantes,
1707 505 1768 538 quia

979 550 1083 577 Pascha
1097 554 1138 577 est
1151 550 1267 577 Domini.
1279 549 1336 577 lloc
1348 555 1388 576 est
1399 550 1463 577 illud
1473 550 1558 585 legale
1570 549 1683 582 Pascha,
1698 550 1770 580 quod

980 596 1021 623 lex
1035 596 1118 631 jussit
1141 596 1230 624 facere
1243 596 1306 624 ﬁliis
1326 597 1420 624 Israel.
1437 598 1463 624 Si
1484 597 1542 625 hau:
1555 605 1618 632 ergo
1631 598 1666 624 ita
1681 588 1710 624 sc
1723 597 1770 624 ha-

980 642 1055 675 bent,
1083 647 1111 669 et
1131 642 1156 669 hi
1175 643 1283 676 quidem
1310 643 1344 670 de
1362 643 1494 670 Paschate
1518 642 1628 674 dicunt,
1646 643 1689 670 ille
1704 651 1769 670 vero

979 688 1092 723 exponit
1106 689 1139 716 de
1157 689 1289 716 Paschate
1305 710 1312 721 ,
1335 690 1479 723 qualcnam
1494 690 1598 716 Pascha
1614 690 1770 724 quaerebant

979 733 1107 768 diStripuli
1138 735 1261 768 parare?
1288 735 1386 770 chale
1413 741 1440 762 et
1466 741 1626 762 consuetum
1644 735 1707 768 illis,
1734 744 1768 762 an

980 787 1082 807 novum
1094 780 1166 807 aliud
1180 781 1191 807 ?
1203 779 1268 808 Nam
1281 789 1342 808 eum
1352 780 1436 808 Ju'diei
1451 787 1554 816 essent,
1567 782 1636 808 idem
1654 783 1768 815 Pascha,

133 824 220 856 οὕτως
234 825 301 860 ἔχει,
325 826 372 853 καὶ
389 826 413 852 οἱ
436 827 486 861 μὲν
502 826 615 860 λέγουσι
641 827 706 861 περὶ
722 826 770 853 τοῦ
787 827 894 861 Πάσχα.
915 827 925 852 ἐ

980 825 1052 859 quod
1078 826 1221 852 transitum
1256 826 1342 853 Rubri
1362 827 1444 854 maris
1467 827 1650 862 significabat.
1677 823 1769 856 cvleb~

134 871 163 898 δὲ
180 871 319 906 ἐξηγεῖται
335 873 399 907 περὶ
414 872 461 899 τοῦ
477 873 585 908 Πάσχα,
601 874 676 899 ποῖον
689 872 743 907 ἄρα
757 873 853 907 Πάσχα
867 872 925 908 ἐζή-

980 871 1097 905 rabant;
1132 871 1237 899 Pascha
1266 873 1338 900 enim
1372 874 1500 900 transitus
1528 875 1684 908 exponitur,
1711 875 1771 902 ideo

133 927 196 945 τουν
211 920 234 945 οἱ
253 917 377 953 μαθηταὶ
395 919 539 953 ἑτοιμάσαι
553 927 560 952 ;
576 919 606 945 τὸ
620 919 731 954 νομικὸν
749 919 798 945 καὶ
813 920 925 954 σύνηθες

982 918 1052 952 quod
1068 918 1102 945 de
1118 926 1194 945 more
1208 919 1363 946 sacriﬁcare
1375 921 1524 952 debebant,
1538 921 1563 947 id
1582 929 1678 956 parare
1696 930 1770 956 qum-

134 965 237 996 αὺτῶν,
254 964 349 999 ἧᾶλλο
364 965 394 991 τι
418 965 524 992 καινόν.
542 965 597 991 Καὶ
618 965 672 1000 γὰρ
696 965 817 992 Ἰουδαῖοι
840 966 929 999 ὅντες,

133 1010 163 1037 τ’)
183 1010 250 1036 αὐτὸ
265 1011 360 1045 Πάσχα
371 1011 440 1045 ὅπερ
453 1010 549 1046 ἐδήλου
565 1010 615 1045 τὴν
631 1010 757 1037 διάϐασιν
777 1011 826 1045 τῆς
849 1011 928 1046 Ἐρυ-

134 1057 202 1092 Θρᾶς
212 1056 350 1092 Θαλάσσης
363 1064 370 1071 ·
390 1057 485 1090 Πάσχα
503 1057 558 1091 γὰρ
571 1057 712 1090 διάϐασις
733 1057 929 1093 ἑρμηνεύεται.

134 1104 180 1130 Διδ
196 1097 243 1131 καὶ
268 1103 282 1130 Β
310 1104 381 1131 κατὰ
403 1102 548 1140 συνήθειαν
573 1103 646 1140 εἶχον
672 1105 820 1134 ἐπιτελεῖν.
849 1105 929 1132 τοῦτο

135 1151 182 1176 καὶ
197 1150 341 1184 ἑτοιμάσαι
357 1151 474 1186 ἠρώτων
488 1153 495 1161 ⁸
511 1151 558 1178 καὶ
572 1152 585 1178 ὁ
604 1151 724 1186 Χριστὸς
748 1153 929 1186 μαρτυρεῖται

135 1197 212 1231 παρὰ
228 1198 262 1232 τῇ
278 1197 386 1232 Γραφῇ,
403 1197 519 1232 ποιητὴς
541 1197 589 1224 τοῦ
604 1198 687 1231 νόμου
706 1198 752 1224 καὶ
768 1199 927 1232 πληρωτὴς.

137 1243 216 1271 Οὕτω
229 1244 284 1279 γάρ
316 1252 399 1279 φησιν
417 1244 500 1275 αὐτὸς
519 1243 589 1279 ὑπὲρ
614 1243 712 1270 ἑαυτοῦ
725 1252 731 1259 ·
750 1253 761 1269 ι
788 1243 857 1278 Ἐγὼ
879 1244 928 1270 οὐκ

133 1286 216 1323 ἦλθον
232 1289 383 1316 καταλῦσαι
399 1289 444 1316 τὸν
461 1288 554 1324 νόμον,
571 1288 641 1315 ἀλλὰ
667 1289 831 1324 πληρῶσαι·
853 1299 861 1314 ι
881 1291 926 1315 καί

134 1333 182 1366 αὖ,
199 1344 207 1360 ι
227 1334 422 1370 Εὐκοπώτερον
435 1335 480 1361 τὸν
496 1335 611 1370 οὐρανὸν
628 1336 676 1362 καὶ
687 1335 736 1369 τὴν
758 1337 810 1370 γῆν
825 1336 928 1370 παρελ-

135 1382 202 1413 οείν,
217 1382 234 1416 ἦ
251 1381 317 1407 ἰῶτα
333 1381 361 1407 ἓν
391 1381 407 1416 ἤ
427 1382 491 1416 μίαν
511 1381 626 1416 κεραίαν
648 1381 795 1416 παρελθεῖν
812 1383 865 1408 ἀπο
878 1381 926 1408 τοῦ

134 1428 230 1462 νόμου.
252 1437 261 1454 ι
287 1428 348 1459 Πῶς
359 1426 406 1454 οὖν
423 1428 475 1454 ἔδει
489 1427 570 1454 αὐτὸν
585 1428 687 1462 πρᾶξαι
703 1428 781 1460 ἄλλα,
799 1428 816 1463 ἢ
833 1428 866 1454 τὰ
880 1428 927 1454 τοῦ

134 1474 217 1509 νόμον
232 1482 240 1508 ;
258 1474 356 1501 οὐκοῦν
372 1473 518 1509 πληρωτὴς
532 1473 570 1500 ὢν
589 1474 636 1500 τοῦ
649 1474 744 1509 νόμου,
760 1475 790 1501 τὺ
805 1474 856 1500 ὑπὸ
877 1474 924 1500 τοῦ

135 1520 218 1556 νόμου
238 1521 288 1554 μὲν
303 1520 551 1554 προσταττόμενον,
571 1521 636 1556 παρ’
651 1520 734 1547 αὐτοῦ
749 1520 777 1547 δὲ
793 1521 928 1556 πρίῑτερον

982 965 1088 990 rebaut.
1104 963 1136 991 Et
1153 964 1293 999 Scriptura
1319 966 1605 997 testatur,\Cliristutn
1630 973 1769 994 aurtorem

981 1017 1042 1037 esse
1057 1010 1142 1045 legem
1158 1010 1285 1038 servandi
1305 1016 1333 1038 et
1352 1011 1535 1046 adimplendi;
1562 1013 1599 1040 ita
1617 1013 1690 1040 enim
1712 1014 1770 1048 ipse

980 1056 1014 1083 de
1029 1057 1121 1091 seipso
1136 1057 1212 1090 dicit,
1232 1067 1240 1083 ι
1258 1057 1313 1092 Ego
1333 1066 1386 1085 non
1406 1059 1468 1084 veni
1481 1059 1587 1085 solvere
1605 1059 1704 1094 legem,
1722 1060 1770 1086 sed

981 1101 1130 1136 adimplere
1146 1102 1189 1134 ";
1221 1107 1246 1129 et
1274 1102 1373 1129 iterum
1390 1112 1397 1130 :
1418 1102 1552 1130 «Facilius
1569 1109 1611 1130 est
1628 1104 1724 1131 cmlum
1743 1109 1772 1131 et

982 1152 1082 1174 terram
1112 1148 1261 1183 praeterire,
1292 1148 1372 1181 quain
1406 1148 1440 1175 de
1458 1149 1516 1183 lege
1540 1150 1593 1176 iota
1620 1157 1704 1176 unum
1728 1151 1771 1176 vel

981 1201 1065 1220 unum
1086 1194 1190 1227 apicem
1205 1193 1304 1222 cadere
1319 1194 1354 1221 η.
1369 1204 1379 1221 ι
1406 1195 1549 1227 Quomodo
1568 1203 1633 1230 ergo
1659 1200 1771 1230 oporte-

981 1239 1027 1266 bat
1039 1247 1099 1266 eum
1111 1239 1162 1266 alia
1172 1247 1252 1274 agere
1262 1247 1343 1274 quam
1354 1247 1414 1274 qua:
1429 1240 1463 1267 ad
1477 1240 1564 1275 legem
1578 1241 1771 1275 pertinebant?

981 1285 1051 1320 Ergo
1065 1293 1127 1313 cum
1149 1291 1245 1313 auctor
1259 1291 1331 1313 esset
1348 1286 1414 1320 legis
1432 1286 1621 1320 adimplendre,
1637 1287 1770 1322 adimp'e-

980 1333 1030 1363 vit,
1044 1333 1115 1366 quod
1130 1340 1144 1359 a
1161 1333 1218 1367 lege
1243 1333 1379 1360 sancitum
1398 1338 1456 1360 erat
1476 1334 1579 1361 Pascha
1591 1354 1597 1366 ,
1617 1335 1650 1360 ab
1664 1342 1696 1361 eo
1707 1342 1771 1362 vero

980 1377 1056 1411 prius
1076 1377 1102 1404 in
1121 1382 1214 1404 monte
1229 1377 1325 1413 Moysi,
1344 1378 1390 1412 qui
1405 1379 1452 1406 Dei
1480 1379 1576 1406 faciem
1591 1380 1669 1412 vidit,
1683 1381 1769 1407 tradi-

981 1426 1049 1455 tum,
1068 1428 1098 1449 ut
1111 1423 1153 1449 lex
1168 1423 1290 1457 iubebat.
1304 1424 1380 1457 Quod
1392 1425 1414 1450 si
1430 1425 1492 1459 quis
1500 1425 1609 1458 dixerit,
1626 1426 1696 1461 quod
1708 1434 1769 1453 cum

980 1470 1094 1505 apes-tali
1113 1470 1198 1497 Judaei
1213 1475 1318 1501 essent,
1336 1475 1365 1497 ut
1381 1475 1444 1498 ante
1458 1472 1645 1505 exposuimus,
1677 1478 1704 1500 et
1732 1473 1771 1500 le-

979 1525 1052 1552 gem.
1065 1522 1091 1543 ut
1109 1525 1158 1551 par
1174 1520 1243 1549 erat,
1259 1522 1412 1549 servarent,
1430 1518 1451 1544 si
1467 1518 1607 1545 novissent
1623 1527 1683 1545 etin:
1698 1519 1770 1547 aliud

134 1568 164 1594 ὲν
172 1568 210 1601 τῷ
221 1567 290 1602 opst,
304 1566 344 1601 τῷ
361 1567 461 1601 θεόπτῃ
475 1567 572 1593 Μωσεί
583 1567 803 1602 παραδεδομένον
819 1567 924 1601 Πάσχα,

981 1571 1061 1597 quam
1078 1563 1151 1598 quod
1168 1563 1209 1590 lex
1225 1563 1340 1597 jubebat
1360 1573 1451 1599 agere,
1474 1572 1528 1592 non
1543 1571 1605 1593 eum
1620 1565 1707 1593 secuti
1725 1573 1772 1593 es-

134 1614 171 1645 ὼς
187 1614 201 1640 ὁ
225 1613 307 1648 νόμος
331 1612 500 1639 διεκελεύετο
522 1613 683 1638 ἀπετέλεσε.
707 1613 762 1638 Καὶ
781 1613 827 1639 ἐὰν
847 1613 926 1639 τοῦτο

133 1659 205 1685 ετποι
219 1667 271 1690 τις,
289 1659 338 1684 οὐκ
354 1659 386 1684 ἂν
400 1658 523 1693 ἁμάρτῃ,
533 1659 574 1684 ὅτι
585 1658 610 1684 οἱ
625 1657 780 1690 ἀπόστολοι,
792 1657 829 1689 ὡς
846 1659 927 1693 προέ-

135 1714 236 1741 φημεν,
259 1704 379 1732 Ἰουδαῖοι
390 1704 570 1738 ὑπάρχοντες,
588 1704 634 1730 καὶ
646 1704 692 1729 τὸν
703 1703 786 1738 νόμον
801 1704 837 1735 ὡς
851 1703 926 1735 sm;

132 1749 167 1785 ἦν
189 1751 348 1786 τηροῦντες,
381 1751 405 1776 εὶ
426 1749 539 1785 ᾔδεισαν
559 1749 641 1775 αὐτὸν
657 1749 759 1783 ἑτέρως
777 1749 863 1784 παρὰ
879 1749 926 1775 τὸν

133 1797 217 1832 νόμον
234 1796 374 1829 ποιοῦντα,
400 1795 450 1822 οὐκ
472 1795 506 1822 ἂν
523 1795 599 1830 αὐτῷ
617 1794 784 1828 ἠκολούθουν
807 1795 853 1821 καὶ
876 1796 925 1821 σὺν

126 1834 208 1878 ἀὐτῷ
226 1843 321 1878 ἤσθιον
341 1841 372 1868 τὸ
395 1842 492 1877 Πάσχα
505 1849 512 1857 ·
526 1841 585 1868 ἀλλ’
607 1841 720 1876 ᾔδεισαν
742 1840 866 1876 ἀκριϐῶς
884 1841 925 1867 ὅτι

131 1888 179 1914 τὸν
192 1889 276 1922 νόμον
294 1889 388 1922 ἐτήρει
408 1888 490 1922 μέχρι
508 1887 609 1918 παντός
621 1895 629 1902 ⁸
646 1886 691 1913 διὰ
707 1886 786 1912 τοῦτο
805 1887 850 1913 καὶ
869 1887 924 1913 ἐδί-

133 1936 191 1969 ψων
213 1933 371 1960 ἀκολουθεῖν
393 1933 478 1968 αὐτῷ,
496 1934 558 1960 Ὅτι
583 1933 612 1959 δὲ
638 1933 685 1960 τὸν
709 1933 791 1968 νόμον
818 1933 922 1969 ἐτήρει,

133 1981 249 2007 ἄκουσον
271 1980 320 2006 τοῦ
348 1980 574 2016 χρυσορῤἠμονος
609 1980 744 2012 Ἰωάννου,
770 1980 800 2006 ἐν
829 1979 923 2014 ὁμιλίᾳ

132 2026 298 2062 ὀγδοηκοστῇ
317 2026 414 2062 πρώτῃ
427 2022 474 2053 τοῦ
491 2026 687 2061 εὐαγγελιστοῦ
710 2025 862 2058 Ματθαίου,
878 2025 923 2051 λέ-

131 2080 241 2107 γοντος·
265 2081 275 2098 ι
301 2073 379 2104 Τίνος
394 2073 422 2099 δὲ
437 2073 530 2100 ἕνεκεν
549 2073 580 2100 τὸ
604 2072 700 2107 Πάσχα
719 2071 859 2104 ἐπετέλει,
879 2071 922 2098 διὰ

133 2119 242 2146 πάντων
255 2119 363 2151 δεικνὺς
381 2119 462 2155 μέχρι
478 2119 528 2154 τῆς
545 2119 663 2154 ἐσχάτης
679 2119 796 2154 ἡμέρας,
814 2119 854 2144 ὅτι
871 2117 921 2144 οὐκ

981 1614 1053 1642 sent,
1064 1617 1113 1636 nec
1122 1617 1183 1636 eum
1197 1617 1230 1636 eo
1243 1609 1347 1637 Pascha
1361 1611 1615 1644 comedissenl,uon
1631 1612 1770 1641 aherrabit

978 1664 993 1682 a
1015 1662 1078 1682 vero
1096 1664 1101 1681 :
1123 1656 1172 1682 sed
1187 1657 1310 1683 sciebant
1335 1664 1397 1684 eum
1411 1663 1505 1685 exacte
1531 1666 1638 1693 semper
1656 1668 1769 1687 servare

979 1701 1076 1735 legem,
1092 1701 1197 1728 idcirco
1212 1702 1300 1736 ipsum
1319 1703 1396 1738 sequi
1411 1704 1574 1738 gestiebant.
1588 1705 1665 1737 Quod
1678 1712 1769 1733 autem

978 1747 1065 1782 legem
1092 1753 1240 1780 servaret,
1277 1749 1340 1775 audi
1368 1757 1451 1776 aurea
1476 1744 1660 1778 cffdndentcm
1688 1754 1769 1780 verba

976 1793 1109 1820 Joannem
1127 1793 1154 1820 in
1185 1793 1297 1820 homilia
1318 1795 1504 1829 octuagesima
1534 1797 1622 1833 prima
1649 1797 1674 1823 in
1702 1797 1771 1824 Mat-

977 1838 1077 1864 threum
1095 1838 1243 1871 dicentem,
1274 1848 1284 1864 ι
1304 1838 1362 1871 Qua
1382 1839 1416 1866 de
1431 1847 1513 1867 causa
1533 1840 1638 1868 Pascha
1656 1849 1770 1877 perage-

976 1884 1034 1917 bat,
1053 1893 1062 1910 ι
1081 1885 1108 1911 in
1120 1884 1249 1912 omnibus
1260 1893 1346 1920 usque
1362 1886 1396 1913 ad
1415 1891 1569 1914 extremum
1587 1887 1658 1914 diem
1674 1892 1770 1915 osten-

975 1931 1055 1963 dens,
1070 1931 1122 1966 legi
1141 1938 1170 1958 se
1184 1939 1239 1958 non
1258 1939 1321 1960 esse
1344 1933 1512 1960 contrarium
1530 1943 1537 1960 :
1554 1941 1588 1960 ne
1612 1939 1701 1961 autem
1716 1934 1768 1969 legi

975 1977 1132 2005 contrarius
1155 1983 1241 2010 esset,
1265 1978 1352 2014 legem
1381 1979 1539 2014 peragebat.
1566 1979 1666 2008 Exaete
1684 1981 1768 2016 igitur

974 2032 1007 2052 ex
1020 2031 1053 2051 eo
1065 2028 1207 2051 ostensum
1219 2029 1271 2056 est,
1295 2025 1366 2058 quod
1379 2025 1466 2060 legale
1476 2025 1579 2052 Pascha
1589 2031 1730 2060 pararunt,
1738 2032 1768 2054 ut

974 2071 1043 2098 alter
1065 2070 1296 2105 evangelistarum
1327 2076 1455 2104 testatur,
1483 2081 1491 2097 ι
1514 2071 1580 2099 Erat
1606 2077 1697 2100 autem
1717 2073 1768 2100 Pa-

973 2118 1037 2145 scha
1049 2120 1076 2144 et
1088 2117 1199 2152 Azyma.
1215 2126 1225 2143 ›

130 2167 206 2195 ἔστιν
222 2167 343 2199 ἐναντίος
357 2168 395 2202 τῷ
409 2168 485 2203 νόμῳ
496 2176 504 2183 ·
521 2168 564 2194 ἵνα
579 2168 606 2194 δὲ
623 2168 662 2202 μὴ
676 2167 798 2198 ἐναντίος
811 2166 925 2200 γένηται
939 2165 979 2199 τῷ
996 2167 1081 2201 νόμῳ,
1097 2166 1127 2193 τὸ
1142 2166 1239 2202 Πάσχα
1253 2166 1384 2193 ἐπετέλει.
1403 2175 1410 2191 ι
1438 2165 1640 2193 ’Δποδέδεικται
1654 2175 1768 2202 τοιγαρ-

129 2214 177 2241 οὖν
201 2215 233 2241 ὲκ
255 2214 352 2241 τούτου
385 2214 518 2250 ἀκριϐῶς,
544 2215 586 2241 ὅτι
614 2213 645 2240 τὺ
682 2213 794 2249 νομικὸν
825 2213 920 2248 Πάσχα
941 2213 1106 2248 ἡτοίμασαν,
1124 2213 1162 2245 ὥς
1184 2222 1267 2249 φησιν
1281 2213 1374 2248 ἓτερῡς
1389 2213 1443 2240 τῶν
1459 2213 1674 2247 εὐαγγελιστῶν.
1695 2211 1766 2240 ιἮν

129 2262 158 2289 δὲ
173 2261 202 2288 τδ
219 2262 316 2296 Πάσχα
330 2263 376 2288 καὶ
393 2263 427 2288 τὰ
446 2262 584 2296 ’Λζυμαδ

170 2310 203 2335 Τί
225 2307 271 2335 οὖν
285 2309 344 2334 ἐστι
360 2309 390 2334 τὸ
411 2308 600 2343 ζητούμενον;
621 2307 647 2333 τί
673 2308 705 2333 ὲκ
720 2307 814 2334 τούτοιι
833 2306 926 2341 βουλό-

103 2374 107 2377 ς
132 2356 201 2390 μεθα
224 2355 375 2387 ἀποδεῖξαι,
391 2354 512 2380 τοσαῦτα
534 2352 800 2386 καταναλώταντες;
831 2352 922 2388 Πάσης

132 2401 265 2437 πονηρίας
281 2400 456 2435 ἀπηλλάχθαι
478 2399 518 2426 δεῖ
533 2400 578 2426 τὸν
598 2399 710 2424 πιστόν·
721 2399 830 2443 .πᾶσαν
849 2398 924 2433 φιλο-

130 2449 236 2474 νεικεαν
251 2448 299 2473 καὶ
313 2447 389 2481 ἔριδα
403 2447 449 2472 καὶ
466 2445 587 2480 ματαίαν
604 2444 741 2480 πρόληψιν
752 2443 923 2477 ἀποσοϐῆσαι

129 2493 169 2520 δεῖ
180 2494 211 2519 ἐκ
223 2493 349 2528 καρδίας,
367 2492 411 2519 τὸν
429 2491 478 2526 τὴν
492 2491 630 2525 σωτηρίαν
647 2489 730 2516 αὑτοῦ
748 2488 922 2524 βουλόμενον.

130 2540 193 2566 Ὀτι
207 2541 221 2565 ὁ
241 2539 337 2574 Σωτὴρ
352 2540 365 2564 ὸ
381 2538 520 2574 ἡμέτερος
535 2539 564 2563 ἐν
588 2536 625 2571 τῷ
640 2536 801 2570 τεταγμένῳ
815 2535 862 2562 τοῦ
881 2535 923 2562 νύ-

131 2594 182 2621 μου
197 2585 297 2620 καιρῷ,
314 2585 344 2610 τὸ
364 2585 458 2618 Πάσχα
474 2583 581 2609 ἐτέλεσε
592 2591 600 2598 '
617 2583 664 2609 καὶ
691 2582 752 2608 οὔτε
778 2580 923 2616 προλαϐὼν

130 2632 270 2666 ἐποίησεν,
297 2631 334 2662 ὦς
356 2638 429 2661 τινες
448 2630 600 2664 βούλονται,
617 2629 678 2655 οὔτε
710 2628 922 2663 μεταϐἁςμὰλῖ

132 2679 160 2705 ὲν
173 2677 210 2712 τῷ
228 2677 286 2711 ἰδίῳ
308 2676 408 2711 καιρῷ,
430 2677 479 2703 καὶ
502 2677 530 2702 ὲν
547 2677 580 2711 τῇ
606 2675 767 2710 τεταγμένῃ·
784 2674 861 2710 ὥρᾳ·
876 2675 924 2701 καὶ¹

129 2723 226 2750 τούτου
241 2724 345 2758 μάρτυς
358 2724 372 2749 ὁ
387 2722 583 2757 εὐαγγελιστὴς
596 2722 713 2754 Λουκᾶς,
729 2721 826 2754 λέγων·
843 2730 852 2746 ι
869 2720 923 2747 Καὶ

129 2769 174 2795 ὃτι
191 2767 300 2802 ἐγένετο
317 2767 333 2802 ἡ
354 2766 424 2802 ὥρα,
439 2767 556 2794 ἁνέπεσε
575 2767 708 2802 μετὰτῶν
722 2767 837 2794 δώδεκα.
854 2776 863 2792 ι
881 2766 918 2792 Οὐ

130 2816 184 2852 γὰρ
211 2812 299 2847 εἶπεν,
314 2814 359 2842 ὅτι
373 2814 483 2850 ἐγένετο
497 2816 514 2851 ἡ
530 2815 624 2850 ἡμέρα
635 2823 642 2831 ·
657 2813 706 2842 καὶ
731 2814 784 2850 γὰρ
798 2815 828 2842 οὐ
845 2822 918 2849 παρ-

164 2906 348 2939 ⁸¹Ειοᾱ.ιιι.
365 2907 443 2934 ι-ιι.
495 2906 625 2935 "Matth.
653 2915 678 2942 ν,
701 2907 743 2935 t7.

1013 2306 1149 2340 Quidnam
1178 2309 1219 2332 est
1237 2304 1318 2340 igitur
1330 2304 1401 2339 quod
1420 2304 1552 2338 quaeritur
1563 2304 1574 2331 ?
1586 2304 1651 2338 quid
1665 2312 1698 2332 ex
1713 2305 1766 2332 hoc

979 2358 1034 2380 tam
1054 2351 1148 2378 ntultis
1165 2350 1257 2378 verbis
1271 2350 1389 2385 probare
1412 2350 1621 2378 contendimus?
1635 2351 1676 2378 Ab
1689 2351 1764 2378 onmi

973 2399 1107 2433 pravitate
1121 2396 1228 2423 ﬁdelem
1243 2400 1351 2430 oportet
1382 2395 1530 2428 vindicare,
1550 2403 1632 2423 omne
1652 2403 1764 2423 concer-

974 2444 1047 2471 tandi
1072 2443 1204 2476 studium,
1227 2442 1302 2470 litem
1329 2446 1357 2469 et
1381 2442 1492 2469 stultam
1520 2442 1761 2477 praesumptionem

972 2490 1005 2517 de
1021 2489 1103 2517 corde
1129 2496 1198 2523 opus
1211 2493 1255 2516 est
1267 2495 1329 2515 eum
1348 2488 1523 2522 propulsare,
1534 2488 1581 2522 qui
1596 2495 1652 2514 sua:
1666 2488 1763 2515 salutis

972 2536 1089 2571 cupidus
1100 2540 1161 2563 est:
1180 2534 1245 2570 quia
1264 2533 1391 2561 Salvator
1403 2539 1496 2561 noster
1515 2538 1638 2568 tempore
1659 2539 1762 2561 sanctae

973 2583 1042 2616 legis
1071 2581 1176 2617 peregit
1190 2580 1305 2613 Pascha,
1322 2587 1412 2614 neque
1424 2584 1505 2606 antea
1522 2579 1644 2614 peregit,
1660 2583 1690 2606 ut
1702 2580 1764 2614 qui-

973 2630 1035 2657 dam
1052 2629 1158 2661 volunt,
1173 2634 1262 2662 neque
1278 2632 1349 2661 post,
1365 2627 1412 2653 sed
1427 2634 1478 2654 suo
1494 2631 1616 2662 tempore
1639 2631 1667 2654 et
1678 2627 1757 2659 hora,

973 2674 1119 2709 utjussum
1136 2677 1197 2701 erat
1212 2681 1220 2706 ;
1239 2672 1321 2708 hujus
1334 2672 1374 2699 rei
1398 2673 1477 2700 testis
1489 2676 1530 2700 est
1564 2672 1651 2700 Lucas
1678 2680 1762 2699 evan-

973 2721 1069 2756 gelista
1082 2727 1144 2748 cum
1156 2719 1237 2747 dicit:
1274 2729 1284 2745 ι
1303 2719 1337 2746 Et
1351 2727 1414 2746 cum
1428 2719 1499 2746 facta
1514 2724 1588 2746 esset
1615 2719 1691 2750 hora.
1706 2718 1763 2745 dis-

973 2766 1072 2794 cubuit
1086 2773 1148 2793 cum
1168 2765 1325 2794 duodecim.
1349 2775 1359 2790 ι
1393 2765 1452 2793 Νοη
1465 2765 1538 2792 enim
1553 2764 1634 2795 dixit,
1646 2763 1762 2796 Quando

973 2813 1045 2841 facta
1060 2817 1102 2840 est
1110 2812 1254 2846 dies,uam
1269 2811 1323 2840 alia
1339 2811 1399 2840 dies
1415 2819 1470 2839 non
1481 2809 1649 2844 praeterierat
1664 2813 1762 2844 praeter

802 2906 826 2922 ⁸³
842 2905 909 2932 ῐιιρ.
929 2912 983 2938 xvi,
1004 2903 1050 2932 17.
