1961 3075
204 133 269 167 1211

779 132 868 163 JOSE
874 132 937 162 PHl
960 131 1236 163 METIIONENSIS

1760 131 1831 164 1212

202 197 276 219 ctum
291 194 331 218 est
347 194 437 222 antea,
455 189 602 216 secundum
617 189 703 224 legem
717 189 820 223 peregit
835 189 936 220 omnia,
954 196 985 216 ac

1049 189 1085 215 sal.
1100 190 1215 224 ποιητὴς
1227 188 1265 219 ὡς
1281 187 1456 223 προείρηται,
1474 187 1544 215 κατὰ
1556 186 1603 214 τδν
1613 187 1695 222 νόμον
1706 187 1832 216 ιτέλεσεν

201 245 234 264 ex
246 237 408 264 necessitate
424 235 532 262 fuerunt
548 235 663 271 Azyma,
680 240 706 263 et
723 243 846 270 azymum
862 236 987 270 praebuit.

202 284 271 317 Quid
288 284 369 318 igitur
384 283 489 318 petitis?
509 283 713 317 interrogamus
730 292 736 309 :
753 291 913 318 azymnmne
931 287 989 310 erat

202 331 272 365 quod
285 330 409 357 Christus
423 329 550 363 prasbuit.
565 337 598 356 an
617 329 795 356 fermentum?
807 329 834 356 Si
851 337 988 364 azymum,

205 384 253 410 pro
271 376 348 403 nobis
368 375 395 402 id
412 381 474 409 est;
493 376 514 403 si
537 375 700 403 fermentum
716 396 723 408 ,
751 375 890 403 Christum
923 376 989 410 legis

202 428 520 457 transgressoremesse
546 423 588 450 vel
604 423 682 450 inviti
705 423 860 454 ostenditis,
882 432 943 450 cum
963 424 989 450 in

201 470 364 505 Azymorum
379 469 422 496 die
437 471 628 497 fermentatum
646 477 743 504 panem
759 475 906 497 servasset.

575 555 619 582 Vl.

239 602 292 630 Sed
308 603 372 637 quid
387 603 453 630 dicit
473 602 666 637 Xanthopulus
682 602 743 638 (l)?
758 602 923 630 Preccedenti
948 601 992 628 die

202 647 229 675 id
244 647 318 675 fecit.
332 647 387 675 Hoc
402 648 471 681 apud
491 643 541 676 eos‘
562 649 608 682 qui
632 648 729 675 mentis
753 652 897 682 compotes
925 653 989 675 sunt

202 695 315 722 stultum
333 700 360 721 et
375 696 434 722 sine
450 702 534 722 sensu
548 695 768 726 existimabitur;
794 703 855 722 nam
880 696 901 723 si
922 703 991 730 prae-

203 741 307 769 cedenti
335 742 379 768 die
404 741 524 773 fecisset.
552 742 581 768 in
607 747 728 776 tempore
744 750 797 770 non
819 742 949 776 fecisset;
969 741 991 769 si

204 796 268 816 vero
289 796 342 816 non
369 788 396 815 iu
427 793 570 822 tempore,
595 795 647 815 nec
673 788 717 815 illa
746 788 813 815 hora
834 788 989 819 eﬂ‘ccissot,

209 837 396 869 transgressor
412 834 480 868 legis
495 842 526 860 ex
538 834 702 861 necessitate
714 834 840 861 Christus
853 834 992 861 convinci-

205 886 259 911 tur.
276 880 339 914 quia
352 881 394 906 lex
411 881 620 915 quartadecima
648 880 691 907 die
710 880 812 907 mensis
826 880 992 915 vespereju-

205 927 251 954 hct
265 926 369 954 Pascha
384 926 532 953 immolari.
549 926 626 959 Quod
651 926 674 954 si
705 926 748 953 die
768 926 945 960 praecedenti,
960 930 990 953 ut

206 980 257 1000 vos
271 972 371 1004 dicitis,
388 972 488 1004 etiecit,
506 973 690 1000 tertiadecima
718 972 763 999 die
790 977 905 1006 apparet
930 971 994 999 elle-

206 1019 290 1047 eisse.
312 1019 339 1046 Si
357 1027 420 1046 vero
435 1019 633 1052 tertiadecima,
655 1019 784 1046 adversus
801 1019 868 1053 legis
882 1018 995 1045 manda-

206 1064 243 1093 tis
269 1065 432 1097 Ostenditur,
455 1073 516 1100 quae
540 1065 618 1098 jubet
644 1065 849 1100 quartadecima
876 1064 946 1091 lieri.
965 1064 992 1090 Si

211 1111 360 1144 adversus,
389 1119 454 1146 ergo
480 1116 506 1138 et
533 1111 600 1145 legis
626 1116 822 1145 transgressor.
849 1109 992 1143 Reliquum

207 1158 291 1193 igitur
305 1163 347 1185 est
369 1162 397 1185 ut
414 1158 533 1185 credatis
553 1165 614 1185 eum
633 1166 686 1184 non
711 1158 884 1191 anticipasse,
903 1157 950 1184 sed
967 1157 994 1184 in

206 1208 327 1236 tempore
341 1203 448 1231 fecissm
466 1205 599 1232 Praeterea
615 1204 636 1231 si
653 1205 716 1232 dicit
731 1205 785 1236 lex,
803 1212 916 1239 vespere
945 1204 995 1231 Pa-

207 1250 272 1278 scha
282 1250 415 1278 celebrari
427 1255 562 1286 oportere,
576 1255 601 1277 et
613 1250 739 1277 Christus
755 1258 867 1284 vespere
879 1251 995 1285 peregit,

208 1304 262 1324 non
281 1302 465 1332 transgressus
488 1302 529 1324 est
556 1298 705 1324 secundum
731 1297 926 1332 evangelistam
944 1295 999 1322 Lu-

207 1351 278 1376 cam,
291 1343 336 1378 qui
351 1343 427 1377 dicit,
443 1353 453 1370 ‹
468 1343 500 1371 Ει
517 1344 626 1378 quando
638 1344 713 1370 venit
729 1342 950 1375 hora,discuhuit
968 1351 992 1375 ;)

209 1397 271 1417 nam
292 1391 314 1417 si
330 1391 417 1417 media
438 1390 482 1417 die
501 1390 618 1422 fecisset,
630 1390 682 1417 dici
699 1394 878 1423 poterateum
899 1388 997 1416 antici-

208 1443 289 1470 passe
305 1437 345 1462 vel
363 1441 480 1470 tempus,
497 1437 536 1462 vel
560 1436 666 1467 horam,
680 1440 706 1462 et
729 1435 789 1462 ideo
802 1435 996 1462 l'cnuentatum

199 1478 306 1510 Tuisse.
323 1482 358 1510 At
373 1490 426 1509 non
445 1482 481 1508 ita
499 1482 600 1509 factum
618 1486 668 1508 est.
683 1480 813 1515 Discipuli
839 1486 971 1515 praeterea
987 1499 994 1511 ,

211 1533 242 1557 ut
255 1536 326 1563 saepe
339 1529 441 1556 dictum
457 1533 508 1561 cst,
524 1535 584 1555 cum
599 1527 685 1554 Judmi
701 1532 803 1558 essent,
820 1527 898 1553 aliter
912 1534 993 1560 quam
1008 1536 1030 1564 ς,

209 1575 362 1609 pratstituto
382 1580 504 1609 tempore
522 1582 601 1608 agere
622 1582 676 1601 non
702 1573 866 1601 debuerunt.
883 1573 994 1601 Prrcsti-

210 1625 267 1648 tuta
283 1621 363 1654 igitur
375 1628 389 1647 a
405 1620 462 1655 lege
475 1620 519 1647 die
532 1620 606 1652 fecit,
624 1624 650 1647 et
662 1620 773 1654 quando
793 1620 894 1655 Azyma
908 1624 995 1652 erant,

210 1673 240 1695 ut
251 1668 361 1695 divinus
374 1668 442 1696 dixit
458 1667 556 1701 Lucas,
571 1668 596 1695 id
613 1673 652 1695 est
663 1669 748 1703 prima
761 1668 806 1695 die
819 1668 995 1703 Azymorum,

210 1722 267 1749 quo
286 1714 390 1742 Pascha
413 1714 716 1749 innuolariopm'tebat.
742 1714 886 1746 Quomodo
913 1715 996 1748 igitur

210 1761 387 1795 anticipavit,
413 1761 435 1788 si
454 1761 540 1795 prima
556 1761 599 1788 die
616 1763 780 1796 Azymorum
799 1761 927 1796 discipuli
952 1769 997 1788 ac-

210 1811 366 1840 cesserunt,
380 1812 501 1841 petentes
513 1808 557 1835 uhi
568 1808 647 1835 vellet
663 1809 751 1843 parari
768 1807 885 1836 Pascha?
900 1808 997 1836 Osten-

211 1861 271 1881 sum
287 1854 359 1881 enim
379 1859 420 1881 est
436 1854 507 1888 quod
529 1855 614 1888 legale
630 1860 686 1881 tum
713 1855 816 1882 Pascha
841 1856 974 1889 parabant
990 1874 998 1885 .

211 1903 239 1926 et
253 1899 296 1926 die
310 1900 462 1934 praestituta
480 1906 661 1935 peregerunt;
681 1909 742 1927 nam
768 1901 814 1935 qui
845 1901 885 1928 vel
921 1902 998 1936 prius

213 1947 252 1972 vel
269 1951 329 1980 post
342 1946 442 1980 eﬂ'ecit,
463 1948 670 1982 transgreditur.
688 1948 882 1981 Quamobrem,
897 1949 935 1976 uti
951 1938 998 1976 vos

210 1993 387 2025 existimatis,
421 1997 448 2020 et
474 1993 600 2022 Christus
625 1995 837 2030 transgreditur,
870 1996 997 2030 quoniam

212 2033 317 2074 tempus
337 2040 506 2073 anticipavit.
535 2040 587 2068 Sed
615 2049 692 2069 nemo
717 2042 816 2069 mentis
835 2048 947 2076 compos
974 2042 1000 2069 id

212 2092 331 2120 unquam
347 2086 489 2120 percipiet,
510 2086 551 2113 vel
567 2086 667 2114 dixerit
690 2095 809 2122 unquam
825 2097 832 2120 ;
849 2087 895 2114 sed
912 2095 1001 2115 unus-

211 2131 329 2164 quisque
353 2131 440 2165 magis
454 2130 481 2157 iu
498 2135 621 2165 tempore
635 2138 663 2158 et
684 2132 834 2159 secundum
856 2133 942 2168 legem
962 2133 1002 2160 fe-

212 2176 284 2204 cisse
297 2177 379 2203 dicet.
397 2176 425 2203 ιιι
445 2177 590 2204 testabitur
604 2185 687 2205 aurea
703 2178 808 2212 lingua.
830 2179 882 2206 Sed
907 2179 999 2206 omnia

213 2223 344 2250 audentes
357 2222 456 2255 Judaei,
474 2227 580 2257 tempus
599 2228 817 2258 przeverterunt;
843 2224 910 2251 dicit
927 2225 999 2251 enim

214 2269 259 2296 hic
280 2276 396 2304 magnus
420 2268 499 2295 Pater
516 2268 550 2296 84
567 2269 677 2296 homilia
699 2271 725 2296 in
746 2269 862 2297 Joannis
878 2270 1001 2306 Evange-

214 2314 279 2341 lium
294 2321 376 2349 super
393 2321 424 2341 ea
439 2314 520 2341 verba
538 2323 544 2341 :
562 2323 571 2340 ι
591 2314 737 2342 Adducunt
751 2314 850 2343 Jesum
864 2323 879 2343 a
894 2316 997 2351 Caipha

214 2359 241 2386 in
277 2359 434 2395 pratorium
456 2368 464 2386 :
485 2369 494 2385 ι
527 2359 582 2387 Cur
619 2367 652 2388 eo
690 2361 779 2395 ipsum
809 2362 1001 2394 abduxerunt,

214 2407 260 2434 ubi
287 2414 382 2434 omnes
405 2411 484 2434 erant
513 2407 688 2442 congregati?
716 2406 750 2434 Ut
776 2416 808 2435 ex
840 2409 1000 2443 pontiﬁcum

214 2454 349 2483 sententia
361 2459 459 2482 cuncta
475 2459 633 2489 peragerent
646 2462 653 2487 ;
674 2462 736 2482 nam
748 2455 770 2482 is
785 2460 849 2483 time
865 2461 924 2484 erat
938 2464 1006 2491 pon-

216 2498 292 2530 tifex.
305 2505 331 2527 et
345 2508 442 2527 omnes
456 2508 518 2527 eum
537 2501 747 2535 exspectabant.
770 2502 807 2529 lla
824 2502 859 2530 ob
875 2502 927 2530 hoc
945 2511 1007 2537 per—

215 2545 362 2572 noctabant
375 2550 402 2572 et
416 2546 577 2580 vigilabant,
591 2547 725 2588 quiatum
738 2547 842 2576 Pascha
860 2556 914 2575 non
930 2555 1006 2576 com—

216 2590 340 2623 ederant.
373 2592 471 2627 inquit,
498 2594 544 2621 sed
570 2598 712 2628 propterea
731 2594 887 2629 vigilabant.
905 2594 1006 2622 Dic-ens

215 2636 289 2664 enim
309 2637 393 2672 «quod
411 2645 490 2665 mane
506 2643 590 2669 eram
608 2639 729 2666 Joannes
746 2640 898 2674 subjunxil,
915 2649 924 2666 ι
942 2640 1004 2667 Non

216 2689 280 2712 sunt
302 2684 418 2719 ingressi
436 2687 593 2718 pratorium
611 2691 642 2713 ut
664 2694 718 2714 non
735 2686 1004 2719 contaminarentur,

217 2729 264 2757 sed
284 2733 313 2757 ut
327 2729 431 2757 Pascha
447 2730 670 2759 manducarent.)
686 2731 758 2765 Quid
772 2733 855 2767 igitur
872 2733 1007 2760 dicemus?

217 2776 291 2812 quod
310 2776 396 2804 altera
410 2776 456 2805 die
470 2777 660 2811 comederunt,
673 2785 701 2806 et
717 2779 805 2814 legem
820 2778 1005 2812 violaverunt,

1041 236 1149 262 ἅπαντα.
1161 243 1168 250 ·
1186 234 1233 261 καὶ
1256 234 1348 269 ἄζυμα
1368 232 1440 269 ἦσαν
1465 234 1634 268 ἀναγκαίως,
1659 234 1705 261 καὶ
1724 235 1832 270 ἄζυμον

1041 282 1210 316 παρέδωκεν.
1236 281 1268 308 Τί
1298 281 1344 307 οὖν
1370 282 1450 316 ὑμεῖς
1487 281 1637 316 βούλεσθες
1669 281 1831 316 ἐρωτῶμεν.

1042 330 1163 364 Ἀζυμον
1181 327 1215 364 ἦν
1230 329 1244 354 ὃ
1259 329 1418 363 παρέδωκεν
1434 329 1448 354 6
1465 329 1594 363 Χριστὸς,
1611 328 1628 362 ἢ
1647 327 1785 362 ἐνξυμον;
1805 329 1832 354 el

1042 377 1091 412 μὲν
1109 376 1224 410 ἄζυμον,
1240 375 1309 410 πρὸς
1326 375 1404 408 ὑμῶν
1420 376 1433 401 ὁ
1449 376 1545 408 λόγος·
1559 375 1583 400 ει
1594 374 1616 400 δ’
1636 373 1762 408 ἔνζυμον,
1779 383 1833 400 πα-

1043 422 1165 457 ραϐάτην
1187 421 1235 447 τοῦ
1262 421 1345 455 νόμου
1360 422 1405 447 τὸν
1429 421 1548 456 Χριστὸν
1566 420 1760 454 ἀποφαίνεσθε,
1779 421 1833 447 κᾶν

1043 466 1080 501 μὴ
1098 466 1230 501 βούλησθε
1245 475 1252 483 ·
1270 467 1310 492 ὅτι
1327 467 1360 501 τῇ
1376 467 1430 493 τῶν
1452 466 1580 500 Ἀζύμων
1596 467 1688 502 ἡμέρᾳ
1715 466 1832 501 ἐφύλατ-

1042 521 1086 538 τεν
1104 512 1220 547 ξνζυμον
1239 511 1334 546 ἄρτον.

1078 604 1111 631 Τί
1128 605 1156 632 δέ
1180 614 1263 639 φησιν
1285 605 1298 632 ὁ
1324 604 1535 638 Ξανοόπου).ο;;
1560 605 1720 640 Προλαὸὼν,
1748 606 1836 640 ἤγουν

1043 651 1095 686 πρὺ
1114 652 1178 686 μιᾶς
1193 652 1300 686 ἡμέρας
1326 651 1451 685 ἐποίησε.
1469 651 1555 678 Τοῦτο
1579 651 1627 678 οὖν
1650 652 1706 682 τοῖς
1719 649 1751 678 εὖ
1767 660 1836 686 φρο-

1043 694 1130 727 νοῦσι,
1152 695 1265 729 μάταιον
1294 695 1342 722 καὶ
1366 696 1544 729 ἀδιανόητον·
1568 697 1593 723 εί
1615 697 1671 731 γὰρ
1698 697 1750 731 πρὺ
1769 698 1836 731 μιᾶς

1043 741 1150 775 ἡμέρας
1164 741 1303 775 ἐποίησεν,
1320 742 1371 769 οὐκ
1388 743 1415 768 ὲν
1430 743 1469 776 τῷ
1487 743 1576 778 καιρῷ
1600 744 1728 778 ἐποίησεν
1739 752 1746 758 “
1765 745 1790 770 εἰ
1805 743 1836 769 δὲ

1042 787 1093 814 οὐκ
1111 787 1139 813 ἐν
1154 788 1191 822 τῷ
1215 788 1304 822 καιρῷ
1321 789 1369 815 καὶ
1385 790 1418 823 τῇ
1440 788 1500 825 ὥρᾳ
1532 790 1656 824 ἐποίησε,
1673 791 1836 824 παράνομος

1044 834 1074 866 ἐξ
1097 834 1220 868 ἀνάγκης
1243 834 1380 861 δείκνυται
1396 836 1410 861 ὁ
1432 836 1561 870 Χριστός.
1582 837 1612 862 '0
1630 837 1683 872 γὰρ
1702 837 1786 871 νόμος
1801 837 1835 873 τῇ

1042 881 1327 916 τεσσαρεσκαιδεκάτῃ
1343 881 1389 908 τοῦ
1406 882 1489 916 μηνὸς
1504 883 1571 917 πρδς
1587 883 1709 917 ἑσπέραν
1726 882 1836 909 κελεύει

1043 927 1072 953 τὸ
1098 927 1195 962 Πάσχα
1223 927 1345 956 θύεσθαι,
1364 928 1396 954 El.
1420 927 1449 954 δὲ
1475 928 1528 962 πρὸ
1545 928 1611 964 μιᾶς
1636 929 1745 964 ἡμέρας
1773 929 1836 956 καθ’

1043 972 1116 1006 ὑμᾶς
1131 973 1255 1007 ἐποίησε,
1274 975 1307 1008 τῇ
1321 974 1543 1012 -ιτριιςκειιιδεκόιτῃ¹
1555 975 1683 1009 φαίνεται
1705 976 1836 1009 ποιήσας.

1045 1019 1075 1046 Ei
1089 1019 1117 1045 δὲ
1136 1022 1168 1054 τῇ
1187 1021 1414 1056 τρισκαιδεκάτῃ,
1435 1021 1564 1052 ἐναντίως
1580 1021 1718 1048 δείκνυται
1733 1022 1772 1056 τῷ
1787 1022 1836 1048 τοῦ
1875 1046 1883 1054 ,

1044 1064 1127 1099 νόμου
1143 1065 1347 1099 προστάγματι,
1361 1066 1578 1100 προστάττοντος
1591 1068 1624 1101 τῇ
1637 1074 1838 1100 τεσσαρεσκαι-

1045 1110 1147 1147 δεκάτῃ
1163 1112 1262 1138 ποιεῖν.
1292 1110 1324 1137 El
1351 1111 1378 1138 δὲ
1399 1112 1532 1143 ἐναντίος,
1551 1113 1598 1138 καὶ
1623 1113 1782 1147 παράνομος
1807 1113 1839 1145 ἐξ

1045 1157 1178 1191 ἀνάγκης.
1194 1157 1295 1183 Λοιπὸν
1306 1157 1347 1184 δεῖ
1362 1157 1503 1184 πιστεύειν
1515 1159 1587 1193 ὑμᾶς
1619 1159 1659 1185 ὅτι
1674 1159 1705 1185 οὐ
1722 1159 1840 1193 προέλα·

1046 1203 1103 1235 ὗεν,
1118 1203 1186 1229 ἀλλὰ
1203 1203 1273 1229 κατὰ
1285 1203 1330 1230 τὸν
1347 1203 1441 1237 καιρὸν
1458 1204 1597 1239 ἐποίησεν.
1615 1205 1675 1231 Ἔτι
1689 1206 1713 1231 ει
1724 1206 1742 1231 ὑ
1753 1205 1839 1239 νόμος

1045 1250 1113 1283 φησί
1132 1249 1200 1283 πρῦς
1216 1249 1336 1283 ἑσπέραν
1360 1249 1389 1275 τὸ
1406 1249 1502 1284 Πάσχα
1517 1249 1653 1283 γίνεσθαι,
1669 1250 1718 1277 καὶ
1738 1251 1752 1276 ὁ
1767 1251 1839 1284 Χρι-

1046 1296 1108 1325 στὸς
1125 1295 1243 1330 ἑσπέρας
1260 1297 1412 1331 γενομένης
1430 1295 1565 1326 ἐτέλεσεν,
1580 1296 1610 1321 03
1627 1296 1748 1330 παρέϐη,
1765 1297 1840 1323 κατὰ

1045 1343 1091 1368 τὸν
1108 1343 1304 1377 εὐαγγελιστὴν
1322 1344 1443 1374 Λουκᾶν,
1458 1343 1571 1377 λέγοντα
1584 1351 1592 1358 ·
1611 1354 1620 1369 ι
1640 1343 1695 1369 Καὶ
1712 1343 1757 1369 ὅτε
1778 1343 1841 1377 ὲγὲ-

1046 1396 1115 1420 νετο,
1127 1389 1142 1424 ὴ
1152 1388 1210 1423 ὥρα
1220 1388 1377 1416 ἀνέπεσεν.)
1391 1389 1486 1424 Εἰγὰρ
1503 1389 1604 1423 ἔπραξε
1620 1390 1706 1424 μέσης
1719 1389 1840 1424 ἡμέρας,

1047 1434 1109 1469 ἐξῆν
1123 1435 1156 1460 ἂν
1174 1435 1261 1461 εἰπεῖν
1275 1436 1317 1461 ὃτι
1336 1435 1487 1470 προέλαϐεν
1502 1435 1517 1470 ἦ
1537 1435 1634 1468 καιρὸν
1648 1435 1663 1470 ἢ
1679 1435 1756 1470 ὥραν
1769 1442 1778 1449 ·
1791 1435 1840 1461 καὶ

1047 1481 1090 1507 διὰ
1115 1480 1196 1507 τοῦτο
1219 1481 1266 1507 καὶ
1281 1481 1409 1516 ἕνζυμον.
1439 1481 1509 1508 Ἀλλ’
1535 1482 1583 1516 οὐχ
1605 1481 1692 1513 οὕτως
1718 1482 1840 1516 ἐγένετο.

1048 1524 1113 1553 Εἶτα
1128 1528 1175 1553 καὶ
1191 1529 1216 1554 οἱ
1235 1527 1414 1562 μαθηταὶ,ὼς
1433 1527 1564 1558 πολλάκις
1578 1527 1698 1562 εἴρηται.
1719 1528 1841 1554 Ἰουδαῖοι

1047 1573 1134 1604 ὄντες.
1151 1574 1199 1600 οὐκ
1223 1574 1339 1609 ὤφειλον
1361 1575 1460 1608 ἄλλως,
1475 1575 1492 1610 ἢ
1510 1575 1538 1600 ἑν
1560 1574 1598 1609 τῷ
1620 1574 1841 1610 ἀποδεδειγμένῳ

1048 1620 1148 1654 καιρῷ,
1175 1621 1298 1655 ποιῆσαι.
1323 1621 1478 1655 Ἑνδέχξται
1506 1620 1552 1647 οὖν
1569 1621 1596 1647 ὲν
1611 1621 1650 1656 τῷ
1675 1622 1840 1656 τεταγμένῳ

1047 1666 1093 1693 τοῦ
1110 1667 1191 1701 νόμου
1208 1666 1296 1701 καιρῷ
1308 1667 1355 1692 καὶ
1372 1668 1404 1702 τῇ
1417 1667 1476 1702 ὥρᾳ
1491 1666 1605 1702 ἔπραξε,
1621 1668 1668 1693 καὶ
1680 1668 1714 1694 τὰ
1726 1667 1841 1702 Ἀζυμα,

1048 1710 1128 1747 ἦσαν,
1146 1712 1182 1743 ὡς
1198 1714 1211 1739 ὁ
1222 1713 1353 1747 Οεηγόρος
1365 1713 1416 1748 ἔφη
1431 1713 1550 1746 Λουκᾶς,
1567 1714 1607 1740 ὅτι
1623 1714 1656 1749 τῇ
1672 1714 1769 1750 πρώτῃ
1785 1715 1841 1741 τῶν

1055 1759 1192 1793 ’Δζὺμων,
1220 1760 1248 1785 ὲν
1315 1760 1369 1786 ἔδει
1387 1760 1498 1787 θύεσθαι
1525 1760 1557 1787 τὸ
1582 1761 1687 1796 Πάσχα.
1716 1761 1778 1793 Πῶς
1792 1759 1842 1789 οὗν

1050 1805 1194 1842 προλαεὼν
1223 1806 1361 1841 ἐποίησεν,
1389 1807 1413 1833 ει
1440 1808 1473 1842 τῇ
1500 1806 1597 1842 πρώτῃ
1625 1807 1678 1833 τῶν
1710 1807 1840 1843 Ἀζῦμων

1043 1852 1202 1887 ’προσῆλθον
1216 1854 1238 1878 οἱ
1255 1854 1375 1887 μαῦηταὶ
1389 1853 1538 1887 αἰτοῦντες,
1550 1853 1592 1888 Πῆ
1605 1852 1733 1886 βούλειτδ
1742 1853 1839 1888 Πάσχα

1050 1900 1123 1934 ἡμᾶς
1140 1900 1283 1934 ἑτοιμάσαι
1299 1907 1306 1931 ;
1321 1900 1462 1927 Δέδεικται
1476 1900 1532 1935 γὰρ
1551 1901 1592 1927 ὅτι
1610 1900 1658 1926 καὶ
1679 1900 1708 1926 τὸ
1728 1901 1842 1935 νομικὸν

1051 1947 1203 1980 ἡτοίμασαν
1215 1946 1274 1972 τότε
1290 1947 1394 1981 Πάσχα,
1412 1947 1459 1973 καὶ
1473 1947 1503 1973 ὲν
1516 1946 1555 1981 τῷ
1570 1947 1731 1982 τεταγμένῳ
1752 1948 1843 1983 καιρῷ

1051 1991 1197 2018 ὲτέλεσανο
1213 1993 1328 2026 καὶγὰρ
1341 1993 1385 2018 καὶ
1402 1993 1415 2018 ὁ
1433 1992 1588 2028 προλαϐὼν,
1607 1993 1654 2019 καὶ
1675 1993 1690 2018 ὁ
1706 1994 1841 2027 μεταΰὰς,

1052 2037 1220 2072 παράνομος.
1239 2038 1321 2064 Ὥστε
1340 2037 1402 2064 καθ’
1420 2038 1492 2073 ὑμᾶς
1512 2039 1558 2065 καὶ
1573 2040 1587 2065 ό
1601 2039 1721 2073 Χριστὸς
1744 2040 1840 2075 παρά‹

1052 2092 1144 2118 νομος,
1163 2084 1224 2110 ἐπεὶ
1242 2084 1378 2118 προέλαϐε
1407 2084 1454 2112 τὸν
1468 2085 1577 2121 καιρόν.
1601 2085 1682 2112 Ἀλλὰ
1701 2085 1782 2113 τοῦτο
1795 2085 1843 2112 οὒ-

1052 2130 1107 2161 δεὶς
1124 2131 1177 2157 τῶν
1201 2129 1230 2157 εὖ
1250 2131 1421 2166 φρονούντων
1448 2133 1552 2167 νοήσει,
1569 2131 1586 2166 ἢ
1609 2131 1682 2159 clm:
1705 2131 1756 2158 ἄν’
1775 2132 1843 2158 ἀλλὰ

1057 2177 1167 2211 μᾶλλον,
1187 2178 1215 2203 ἐν
1232 2177 1269 2212 τῷ
1290 2177 1379 2212 καιρῷ
1395 2177 1442 2204 καὶ
1464 2178 1535 2204 κατὰ
1555 2178 1600 2204 τὸν
1621 2178 1703 2213 νόμον
1718 2178 1841 2212 ἐποίησε,

1053 2222 1107 2255 πῒις
1122 2233 1164 2255 τις
1180 2224 1212 2250 ἃν
1229 2224 1306 2259 εἴπῃ.
1324 2225 1380 2252 Καὶ
1395 2224 1474 2251 τοῦτο
1499 2226 1672 2260 μαρτυρήσει
1688 2225 1702 2251 ὁ
1724 2223 1842 2259 χρυσοῦς

1052 2270 1102 2306 τὴν
1117 2270 1252 2304 γλῶτταν.
1276 2270 1307 2296 Ol
1326 2270 1354 2296 δὲ
1382 2270 1417 2296 τὰ
1437 2270 1526 2296 πάντα
1547 2270 1702 2305 τολμῶντες
1722 2270 1843 2296 Ἰουδαῖοι

1053 2317 1214 2352 παρέϐησαν
1231 2317 1277 2343 τὸν
1290 2317 1395 2351 καιρόν.
1410 2317 1478 2351 Φησὶ
1492 2318 1545 2351 γὰρ
1561 2318 1575 2343 ὁ
1596 2318 1682 2350 μέγας
1698 2312 1774 2348 οὗτος
1792 2317 1844 2343 Πα-

1053 2363 1106 2398 τὴρ
1136 2364 1164 2390 ἐν
1187 2364 1220 2397 τῇ
1245 2363 1412 2397 ὀγδοηκοστῇ
1443 2365 1561 2398 τετάρτῃ
1578 2362 1672 2398 ὁμιλίᾳ
1699 2362 1748 2390 τοῦ
1774 2363 1844 2390 κατᾶ

1061 2409 1189 2443 Ὶωάννην
1205 2409 1387 2444 Εὑαγγελιου,
1402 2410 1441 2440 εἰς
1453 2410 1493 2440 τὸ,
1513 2419 1523 2435 ι
1545 2409 1660 2443 ’Δγουσι
1673 2409 1719 2436 τὸν
1741 2410 1844 2444 Ἰησοῦν

1055 2455 1109 2482 ἀπὸ
1122 2455 1171 2482 τοῦ
1188 2449 1301 2489 Κάῖὰφα
1315 2457 1354 2487 εἰς
1370 2456 1400 2482 τὺ
1416 2455 1596 2490 πραιτώριον
1626 2464 1636 2481 ι
1666 2455 1716 2482 Διὰ
1747 2456 1774 2482 τί
1789 2448 1845 2482 ἐκεί

1055 2503 1200 2537 ἀπήγαγον
1225 2502 1316 2535 αὐτὸν,
1336 2501 1401 2529 ἔνθα
1425 2502 1546 2533 ἅπαντες
1565 2500 1636 2537 ἦσαν
1660 2503 1846 2536 ωνηγμίνοι;

1056 2549 1116 2576 Ἵνα
1131 2548 1201 2584 μετὰ
1218 2548 1331 2583 γνώμης
1348 2547 1438 2574 πάντα
1456 2548 1592 2582 ποιήσωσι
1606 2548 1660 2575 τῶν
1678 2549 1845 2584 ἀρχιερέων

1056 2594 1160 2626 ἐκεῖνος
1183 2594 1238 2629 γὰρ
1252 2591 1287 2629 ἦν
1312 2593 1373 2620 τότε
1398 2594 1556 2629 ἀρχιερεὺς,
1584 2594 1631 2620 καὶ
1655 2594 1757 2625 πάντες
1776 2592 1848 2629 ἦσαν

1060 2640 1143 2667 αὑτὸν
1162 2640 1360 2674 ἀναμένοντες·
1387 2639 1458 2666 οὕτω
1480 2640 1685 2674 διενυκτέρευον
1703 2640 1749 2665 καὶ
1763 2638 1848 2674 ἠγρύ-

1060 2695 1143 2714 πνουν
1165 2686 1211 2713 ὲπὶ
1234 2686 1342 2721 τούτῳ·
1357 2685 1388 2712 οὗ
1415 2686 1468 2719 γὰρ
1483 2685 1584 2720 ἔφαγον
1600 2685 1660 2712 τότε
1682 2685 1712 2711 τὸ
1740 2684 1848 2719 Πάσχα,

1060 2734 1153 2768 φησὶν,
1167 2732 1236 2759 ἀλλὰ
1249 2732 1293 2759 διὰ
1308 2731 1387 2758 τοῦτο
1401 2731 1569 2768 ἠγρύπνουν.
1607 2730 1702 2758 Εἰπὼν
1734 2730 1791 2764 γὰρ
1806 2730 1847 2757 ὅτι

1061 2787 1072 2805 ι
1091 2777 1182 2813 πρωῖα
1193 2777 1292 2810 tactv,»
1305 2779 1319 2806 ὁ
1339 2777 1465 2813 Ἰωάννης
1473 2778 1621 2813 ἐπήγαγεν,
1634 2785 1645 2804 ι
1661 2775 1719 2805 Οὐκ
1726 2776 1848 2812 εισῆλοον

256 2865 295 2901 (ι)
311 2865 479 2902 Nicephorus
489 2866 689 2903 thhopulus,
707 2873 802 2897 auctor
817 2868 947 2897 Ilisioriw
961 2869 1158 2897 ecclesiastica.
