1961 3075
179 152 250 186 1219

750 145 839 176 JOSE
846 144 910 174 Plll
927 142 1205 174 METHONENSIS

1738 136 1810 170 1220

175 216 320 246 azymnm,
332 207 405 243 quod
422 206 539 243 poaitum
555 207 597 232 est
613 204 640 232 in
657 207 804 238 conspectu
825 200 961 228 Domini.)
979 224 980 229 η

1035 202 1180 237 εθειμένων
1210 200 1302 228 ἔναντι
1321 199 1437 236 Κυρίου.
1458 207 1467 225 ι
1499 198 1555 226 Kal
1580 197 1746 232 θεοδώριτος
1768 198 1810 224 δὲ.

182 258 222 284 Ac
238 255 422 283 Theodoritus
447 253 473 280 in
490 251 660 286 expositione
684 250 710 277 in
735 249 894 284 prophetam
914 247 966 274 Da-

179 302 234 330 niel
251 301 327 333 dicit,
345 299 444 327 «Panis
461 298 563 325 dicitur
579 297 768 328 fermentatus,
781 299 807 322 et
822 301 963 329 azymus.»
988 307 990 309 ›

180 347 262 375 Vides
279 352 308 374 ut
320 351 347 373 et
365 353 476 381 azymus
490 349 605 371 vocatur
618 342 714 377 pullis?
726 341 868 374 Quomodo
886 340 967 373 hujus

180 393 281 420 oblitus
300 399 340 424 es,
356 392 427 418 bone
438 389 610 424 Niccphore?
623 387 688 415 lure
701 386 872 421 Nicephorns
889 393 969 412 voca-

181 446 224 468 tus
242 447 281 471 es.
301 439 364 473 quia
383 438 409 464 in
429 436 489 463 foro
504 437 630 462 sedentes
647 434 767 469 plebeios
783 433 909 460 homines
926 431 966 458 vi-

180 485 240 514 cisti
257 485 306 520 (l),
319 492 370 511 non
386 483 468 518 quiin
485 482 593 510 excelso
608 481 703 508 sedent
716 485 740 507 ct
756 479 869 506 mlionis
882 478 968 513 parti-

181 532 254 564 cipes
266 534 341 557 sunt.
354 529 406 556 Sed
421 528 520 562 aliquis
534 527 651 554 fortasse
663 527 745 557 dicet,
759 525 815 552 lmo
829 532 877 558 pro
890 524 969 551 nobis

181 577 232 603 hoc
243 581 285 603 est
301 583 307 601 :
326 582 388 601 nam
405 574 449 600 ubi
467 573 616 608 apponitur
630 571 804 605 adjectivnm,
818 570 854 597 ibi
869 575 971 603 cogno-

182 623 268 650 scitur
286 626 312 648 et
327 629 370 648 res
387 629 394 647 :
418 621 465 647 nhi
491 619 600 654 quidem
620 626 680 646 cum
704 617 841 651 adjectivo
857 616 970 651 ponitur

183 668 272 703 panis,
291 667 317 694 id
336 672 377 694 est
391 674 513 701 azymus,
531 669 597 691 tunc
613 669 653 691 est
678 669 704 691 et
727 663 890 697 intelligitur
907 669 970 696 azy-

183 722 262 747 mus;
278 714 322 740 uhi
341 720 405 739 vero
423 711 587 746 adjectivum
605 717 656 736 non
674 709 796 744 ponitur,
810 708 837 734 id
853 713 895 734 est
909 715 971 742 azy-

183 768 255 792 mus,
275 764 343 786 tunc
355 758 511 785 necessario
532 755 692 790 intelligitur
713 754 906 781 fermentatus.
921 753 971 780 Hic

183 807 266 841 igitur
278 804 403 832 Christus
423 811 485 830 cum
501 802 538 829 nil
551 802 625 828 aliud
643 801 826 828 nominaverit
839 799 891 826 nisi
904 799 972 825 sim-

184 852 292 887 pliciter
306 858 402 886 panem
414 869 422 882 ,
439 853 531 884 aperte
547 847 661 883 protulit
682 854 743 874 esse
763 845 970 873 fermentatum.

1019 251 1049 276 ὲν
1061 251 1095 285 τῇ
1113 250 1242 284 ἐξηγήσει
1254 249 1288 284 τῇ
1305 249 1346 279 είς
1364 247 1409 274 τὸν
1423 247 1568 282 προφήτην
1583 245 1692 280 Δανιὴλ,
1710 245 1811 279 φησίν·

1022 306 1031 322 ι
1052 297 1152 330 Ἀρτος
1161 296 1215 330 γὰρ
1225 295 1348 328 λέγεται,
1363 293 1430 320 καὶὸ
1444 293 1561 327 ζυμίτης
1577 293 1625 318 καὶ
1637 292 1651 318 ὁ
1665 292 1780 325 ἄζυμος.
1799 299 1809 315 ι
1855 315 1862 328 ,I

1024 342 1118 377 Ὁρᾷς,
1136 342 1195 373 πῶς
1209 342 1256 368 καὶ
1269 342 1282 366 ὁ
1294 340 1397 375 ἄζυμος
1414 339 1496 374 ἄρτος
1513 338 1655 370 καλεῖταις
1671 336 1732 367 Πῶς
1746 339 1812 362 επε-

1018 390 1101 416 ).ἁθου
1113 388 1222 420 τούτου,
1251 387 1338 421 ἀγαθὲ
1359 385 1522 421 Νικηφόρε;
1548 384 1670 414 Εἰκότως
1692 383 1814 417 ἐκλήθης

1019 435 1180 470 Νικηφόρος
1193 443 1201 451 ο
1223 434 1264 460 ὅτι
1284 434 1348 464 τοὺς
1372 432 1545 466 καθημένους
1562 432 1608 457 ἐπὶ
1624 430 1687 461 τοὺς
1700 430 1813 464 φόρους,

1021 482 1128 512 ῑδιὼτας
1143 479 1304 514 ἀνθρώπους
1322 478 1467 512 ἐνίκησας,
1498 478 1532 504 οὺ
1552 478 1609 511 μὴν
1621 477 1649 503 δὲ
1666 477 1728 506 τοὺς
1743 484 1815 510 προ-

1022 527 1196 562 καθημένους
1212 527 1240 552 ὲν
1256 524 1445 560 ὑψηλοῖςμκαὶ
1461 523 1525 554 τοὺς
1546 523 1680 557 μετόχους
1694 522 1741 548 τοῦ
1760 522 1816 560 Λότ

1021 583 1082 608 γου.
1102 572 1173 599 Ἀλλ’
1189 574 1255 603 ἴσως
1268 572 1326 605 ὲρεῖ
1340 579 1392 602 τις,
1409 571 1449 596 ὅτι
1461 570 1531 604 ὑπὲρ
1545 569 1625 603 ἡμῶν
1641 569 1699 594 ἐστι
1714 559 1814 594 τοῦτοί

1022 621 1085 648 ἔνθα
1100 620 1155 654 γὰρ
1177 619 1281 645 τίθεται
1296 618 1344 644 καλ.
1357 618 1387 644 τὸ
1411 617 1547 647 ἐπίθετον,
1566 615 1625 641 ἐκεῖ
1648 614 1815 649 γνωρίζεται

1024 667 1070 694 καὶ
1097 667 1126 692 τὸ
1147 666 1276 700 πρᾶγμα·
1307 664 1374 690 ἔνθα
1393 663 1442 697 μὲν
1462 661 1566 688 τίθεται
1584 661 1666 696 ἄρτος
1683 661 1752 693 μετὰ
1767 658 1816 684 τοῦ

1025 711 1167 744 ἐπιθέτου,
1193 711 1253 745 ἤτοι
1279 709 1326 736 τοῦ
1350 710 1467 742 ἄξυμος,
1491 707 1546 734 τότ’
1571 707 1628 733 ἐστὶ
1653 706 1701 732 καὶ
1715 706 1817 731 νοεῖται

1024 759 1129 794 ἄζυμος
1142 766 1148 773 ·
1174 758 1238 784 ἔνθα
1259 757 1287 783 δὲ
1306 756 1335 783 οὗ
1352 756 1456 782 τίθεται
1470 754 1500 780 τὸ
1516 753 1653 782 ἐπίθετον.
1672 753 1819 778 τουτέστιν

1023 804 1138 838 ἄζυμος,
1153 803 1208 830 τότ’
1225 801 1383 836 ἀναγκαίως
1398 802 1501 827 νοεῖται
1515 802 1529 827 ὁ
1547 800 1674 833 ενζυμος.
1685 798 1820 825 Ἐνταῦθα

1025 850 1117 877 τοίνυν
1136 850 1184 876 καὶ
1208 849 1222 874 6
1239 848 1357 884 Χριστὸς
1384 847 1422 882 μὴ
1448 845 1623 880 ἐπονομάσας
1641 845 1705 872 ἄλλο
1726 846 1751 870 εί
1781 846 1818 878 μὴ

184 884 262 925 iuste
277 884 342 928 ergo
365 896 438 930 apud
462 894 668 929 Xanthopulum
692 893 823 928 scriptum
841 895 884 919 est
899 891 971 926 quod

1035 897 1122 928 ὶπλῶς
1144 896 1238 931 ἄρτον,
1263 894 1412 931 διαρρήδην
1428 892 1507 920 εἶπεν
1533 893 1570 924 ὡς
1592 892 1710 926 ἕνζυμός
1732 892 1818 918 ἐστιν.

187 951 283 978 panem
296 943 362 969 dicit
377 950 476 975 corpus
494 947 585 972 suum,
604 948 657 967 non
670 944 761 966 tamen
778 945 917 974 azymum.
936 937 970 963 At

186 997 235 1017 nos
246 988 324 1016 facile
334 988 501 1015 contrarium
515 985 778 1017 demonstrabimus,
793 983 819 1011 id
832 988 886 1014 est,
898 982 971 1017 quod

185 1043 248 1062 cum
262 1035 338 1069 panis
352 1032 510 1067 simpliciter
521 1031 621 1059 dicitur
632 1030 692 1057 sine
703 1029 848 1064 adjective,
859 1034 972 1063 azymus

186 1088 246 1108 csse
262 1079 398 1114 reperitur
409 1098 416 1110 ,
435 1086 484 1105 nec
498 1077 618 1111 etlugere
632 1077 734 1111 poteris
749 1074 953 1109 responsionem
963 1091 973 1106 ,

185 1135 249 1155 cum
275 1127 311 1153 sit
336 1125 519 1161 apertissima.
537 1123 600 1150 Dies
630 1121 838 1150 resurrectionis
864 1119 973 1147 Domini

187 1173 268 1200 tertia
283 1172 340 1199 dies
357 1176 415 1198 erat
430 1170 523 1206 legalis
534 1169 685 1200 Paschatis.
703 1172 733 1195 ut
753 1166 918 1202 evangelista
933 1166 976 1192 di-

188 1219 225 1246 cit
250 1225 311 1245 cunt
336 1216 400 1244 Jesu
426 1216 607 1250 colloquens:
626 1224 635 1240 ι
656 1214 689 1240 Et
707 1221 780 1240 nunc
804 1219 886 1246 super
913 1211 972 1239 haec

187 1263 292 1296 omnia,
309 1263 387 1290 tertia
404 1261 464 1289 dies
479 1266 521 1288 est
535 1261 615 1288 hmic
628 1259 699 1295 quod
712 1259 771 1286 haec
786 1258 857 1285 facta
875 1262 952 1285 sunt.
963 1266 972 1282 ι

197 1321 207 1337 ι
227 1310 255 1338 In
272 1311 323 1338 hac
340 1311 422 1345 igitur
438 1309 481 1337 die
498 1309 572 1336 ibant
588 1308 642 1335 duo
657 1315 689 1334 ex
713 1306 854 1341 discipulis
874 1305 934 1338 ejus
948 1305 976 1331 in

190 1357 346 1389 castellum,
362 1355 435 1391 quod
452 1355 548 1382 uberat
564 1354 651 1388 spatio
667 1353 819 1380 stadiorum
836 1351 976 1385 sexaginta

191 1405 225 1431 ab
234 1403 396 1435 Jerusalem,
409 1402 519 1428 nomine
535 1401 662 1427 Emausn
677 1400 708 1426 Et
719 1399 800 1434 paulo
816 1403 876 1433 post
890 1398 974 1425 dicit:

194 1453 247 1477 «Ac
262 1452 405 1483 cor-gerunt
421 1455 494 1479 eum,
510 1445 603 1473 Iesum
619 1446 732 1476 scilicet,
753 1445 887 1474 dicentes,
898 1443 978 1470 Mane

193 1496 354 1527 nobiscum;
374 1493 502 1528 quoniam
520 1492 735 1525 advesperascit,
752 1495 780 1518 et.
795 1490 924 1518 inclinata
937 1493 978 1516 est

192 1542 247 1579 jam
260 1542 328 1569 dics.
346 1541 446 1567 Eorum
468 1539 550 1573 igitur
564 1538 692 1573 precibus
716 1545 779 1564 cum
794 1537 956 1564 assensissct
969 1555 978 1567 ,

194 1588 316 1620 intravit,
340 1591 371 1614 ut
388 1591 510 1613 metueret
528 1584 609 1613 simul
629 1592 690 1610 ctnn
704 1583 754 1611 eis.
772 1583 803 1610 Et
821 1582 923 1609 factum
939 1587 981 1609 est

196 1634 260 1662 dum
277 1633 449 1661 recumberet
465 1639 526 1659 cum
544 1630 595 1663 eis,
609 1630 713 1664 accepit
730 1635 837 1663 panem,
853 1632 879 1655 et
898 1628 981 1655 bene-

195 1680 275 1712 dixit,
292 1684 319 1706 et
331 1679 422 1714 fregit,
435 1682 462 1705 et
476 1676 640 1713 porrigebat
655 1676 736 1702 illis.»
753 1674 786 1700 Et
800 1679 862 1709 post
878 1681 980 1707 pauca:

200 1725 249 1752 «Et
258 1728 458 1759 cognoverunt,
474 1724 522 1754 ait,
538 1722 627 1756 ipsum
642 1722 668 1747 in
685 1720 817 1747 fractione
833 1720 911 1753 panis
926 1718 959 1749 “5,
971 1727 980 1743 ι

197 1770 339 1804 Quodnam
354 1768 496 1796 candidius
512 1769 563 1795 hoc
579 1767 620 1794 vel
644 1767 739 1801 purius
752 1765 882 1792 afferetur
902 1772 985 1798 argu-

198 1822 319 1844 mentum
342 1816 375 1843 iis
391 1815 437 1850 qui
453 1813 618 1841 contendere
642 1812 749 1843 nolunt,
775 1818 824 1838 nec
849 1809 983 1838 scandala

199 1862 413 1898 amplectuntur?
424 1861 524 1888 Panem
537 1859 697 1894 simpliciter
709 1858 753 1885 hic
766 1858 830 1885 dicit
842 1857 874 1884 ί),
886 1856 985 1889 Lucas,

199 1917 288 1944 neque
314 1908 526 1939 fermentatum,
551 1913 640 1940 neque
668 1911 807 1940 azymum.
839 1902 986 1936 Quodnam

199 1956 282 1990 igitur
294 1959 353 1982 erat
369 1953 532 1988 cogitemus,
552 1959 599 1978 nec
615 1951 710 1978 oculos
727 1952 762 1976 ita
784 1948 917 1976 adversus
933 1948 988 1974 clu-

200 2002 310 2029 rissima
335 2001 531 2031 occludamus;
553 2005 614 2024 nam
635 2001 663 2024 ut
678 1996 806 2030 cognitus
824 1994 858 2021 ab
875 1994 928 2021 illis
945 1998 988 2020 est

201 2049 229 2075 in
252 2048 386 2074 fractione
412 2045 500 2080 panis,
526 2045 566 2072 sic
582 2048 608 2071 et
623 2051 638 2070 a
653 2043 734 2070 nobis
750 2042 942 2076 dignoscctur,
958 2041 988 2067 'si

201 2094 353 2128 disquirere
367 2091 546 2121 voluerimus,
561 2090 624 2124 quia
639 2097 692 2117 non
708 2089 743 2115 ita
757 2089 868 2115 hebetes
883 2095 989 2119 smnus,

202 2144 233 2168 ut
247 2140 387 2166 veritatem
405 2144 460 2165 non
480 2137 633 2163 videamus.
651 2134 784 2167 Quamvis
797 2137 869 2161 enim
887 2133 914 2160 in
931 2132 991 2167 phi-

203 2187 379 2220 losOphorum
400 2189 427 2211 et
444 2184 583 2210 rhetorum
599 2182 696 2209 litteris
708 2181 807 2208 Versati
824 2188 876 2207 non
890 2181 988 2212 simus,

1031 943 1137 971 Οὐκοῦν
1153 942 1245 973 καλῶς
1259 942 1369 976 εῐρηται
1383 941 1459 974 παρὰ
1471 939 1509 974 τῷ
1522 937 1710 972 Ξανθοπούλῳ,
1720 937 1760 962 ὅτι
1771 937 1822 969 ἆρ-

1030 998 1076 1017 τον
1101 989 1176 1023 λέγει
1191 988 1222 1014 τδ
1247 987 1328 1022 σῶμα
1348 986 1442 1019 αὑτοῦ,
1471 985 1501 1012 οὐ
1521 985 1574 1020 μὴν
1601 984 1717 1019 ἄζυμον.
1748 982 1820 1009 Ἀλλ’

1030 1038 1112 1073 ἡμεῖς
1128 1035 1253 1070 δείξομεν
1274 1033 1375 1070 ῥᾳδίως
1391 1032 1423 1058 τὸ
1440 1031 1561 1059 ἐναντίον
1573 1039 1580 1045 ·
1595 1030 1641 1062 ζὼς
1657 1030 1721 1055 ὅταν
1735 1028 1820 1062 λέγη-

1030 1093 1075 1112 ται
1091 1084 1139 1110 καλ
1156 1082 1248 1112 ἁπλῶς
1266 1081 1348 1115 ἄρτος
1364 1079 1449 1114 χωρὶς
1467 1077 1515 1104 τοῦ
1538 1077 1677 1107 ἐπιθέτου,
1692 1076 1822 1109 εὑρίσκε-

1031 1141 1076 1158 ται
1093 1132 1197 1166 ἄζυμος
1212 1128 1293 1160 εἶναι,
1319 1129 1367 1155 καὶ
1381 1128 1412 1153 οὔ
1427 1127 1530 1161 δυνήσῃ
1546 1126 1645 1159 φυγεῖν
1659 1124 1708 1159 τὴν
1724 1123 1823 1149 ἀπολο-

1032 1180 1108 1213 γίαν,
1118 1176 1314 1212 φανερωτάτην
1328 1175 1424 1201 οὖσαν.
1437 1173 1470 1200 Ἦ
1483 1173 1575 1207 ἡμέρα
1587 1172 1637 1205 τῆς
1646 1169 1824 1200 ἀναστάσεως

1031 1224 1080 1251 τοῦ
1097 1223 1211 1258 Κυρίου,
1230 1220 1265 1256 ἦν
1285 1221 1365 1255 τρίτη
1390 1219 1483 1253 ἡμέρα
1503 1217 1550 1243 τοῦ
1571 1217 1667 1250 Πάσχα
1684 1214 1731 1241 τοῦ
1746 1222 1826 1248 νομιο

1033 1270 1095 1302 κοῦ,
1112 1269 1148 1300 ὥς
1165 1276 1247 1302 φησιν
1271 1267 1284 1292 6
1306 1263 1515 1297 εὐαγγελιστὴς,
1540 1261 1731 1296 διαλεγόμενος
1757 1259 1826 1293 μετὰ

1034 1315 1081 1343 τοῦ
1102 1314 1201 1349 Ἰησοῦ,
1217 1313 1258 1346 τὸ,
1276 1322 1285 1338 ι
1310 1312 1391 1338 Ἀλλά
1406 1319 1439 1344 γε
1454 1309 1501 1336 σὺν
1518 1309 1585 1334 πᾶσι
1595 1307 1711 1339 τούτοις,
1727 1306 1826 1340 τρίτην

1035 1362 1138 1393 ταύτην
1147 1361 1252 1396 ἡμέραν
1264 1359 1326 1393 ἄγει
1339 1358 1470 1392 σήμερον,
1482 1356 1528 1390 ἀφ’
1540 1354 1570 1381 οὗ
1581 1354 1668 1381 ταῦτα
1682 1353 1804 1386 ἐγένετο.
1814 1361 1824 1377 ι

1041 1409 1086 1435 Ἐν
1102 1408 1171 1442 αὐτῇ
1192 1405 1238 1434 οὖν
1255 1407 1287 1440 τῇ
1314 1405 1404 1440 ἡμέρᾳ
1428 1402 1499 1438 ἦσαν
1523 1401 1704 1435 πορευόμενοι
1732 1398 1779 1424 δύο
1795 1399 1828 1424 ὶκ

1035 1454 1091 1481 τῶν
1110 1452 1239 1488 μαθητῶν
1256 1451 1350 1483 αὑτοῦ,
1367 1452 1407 1482 εἰς
1422 1450 1518 1484 κώμην
1531 1448 1688 1481 ἀπέχουσαν
1701 1445 1829 1474 σταδίους

1036 1501 1170 1534 ἑξήκοντα
1184 1498 1237 1526 ἀπ’)
1253 1497 1441 1533 Ἰερουσαλὴμ,
1453 1493 1564 1532 ᾖδνομα
1578 1492 1730 1528 Ἐμμαούς.
1749 1501 1758 1517 ι
1772 1491 1831 1518 Kal

1039 1547 1108 1581 μετὰ
1129 1546 1228 1581 μικρόν
1246 1553 1314 1580 φησι
1328 1551 1335 1559 ⁸
1358 1553 1366 1569 ι
1388 1544 1445 1569 Kal
1462 1541 1667 1575 παρεϐιάσαντο
1680 1537 1832 1571 (1616an-

1035 1594 1122 1621 λονότι
1136 1593 1183 1618 τὸν
1206 1592 1321 1628 Ἰησοῦν,
1337 1591 1475 1623 λέγοντες,
1494 1589 1591 1615 Μεῖνον
1607 1586 1666 1621 μεθ’
1683 1585 1775 1620 ήμῶν,
1788 1584 1832 1610 ὅτι

1035 1641 1105 1670 arei;
1124 1639 1246 1674 ἑσπέραν
1265 1638 1333 1667 ἐστὶ,
1352 1637 1400 1664 καὶ
1416 1636 1541 1663 κέκλικεν
1560 1630 1832 1669 ἡὴμ,έρα.Ἐπινεύ-

1038 1695 1087 1716 σας
1106 1685 1152 1711 οὖν
1177 1686 1209 1719 τῇ
1228 1684 1336 1718 αἰτήσει
1353 1682 1453 1713 αὐτῶν,
1471 1680 1580 1714 εἰσῆλθε
1602 1678 1651 1705 τοῦ
1671 1679 1761 1712 μεῖναι
1780 1676 1832 1702 σὺν

1035 1733 1138 1762 αὐτοῖς.
1155 1732 1210 1757 Kal
1228 1730 1337 1764 ἐγένετο
1352 1729 1380 1754 ὲν
1396 1729 1436 1763 τῷ
1451 1726 1651 1760 κατακλιθῆναι
1668 1723 1752 1750 αὐτὸν
1771 1729 1833 1756 μετ’

1036 1779 1136 1809 αὐξῶν,
1154 1777 1246 1804 λαϐὼν
1259 1777 1304 1804 τὸν
1319 1776 1402 1810 ἄρτον
1418 1775 1551 1807 εὐλόγησε
1564 1781 1572 1789 ⁸
1589 1773 1635 1798 καὶ
1649 1771 1753 1800 κλάσας
1768 1770 1834 1794 ἒπε-

1037 1825 1108 1852 δίδου
1133 1825 1236 1854 αὐτοῖς.
1258 1832 1267 1847 ι
1287 1823 1341 1849 Καὶ
1361 1821 1420 1855 μετ’
1438 1820 1527 1854 ὀλίγα,
1545 1827 1554 1844 ι
1569 1819 1623 1844 Kal
1640 1817 1676 1847 ὡς
1695 1814 1835 1850 ἐγνώσθη,

1038 1871 1134 1905 φησὶν,
1154 1869 1246 1900 αὐτοῖς
1263 1869 1292 1893 ἐν
1308 1869 1340 1901 τῇ
1357 1867 1453 1893 κλάσει
1477 1865 1524 1891 τοῦ
1540 1865 1635 1899 ἄρτου.
1656 1871 1666 1888 ι
1687 1862 1790 1888 Τούτου
1807 1859 1836 1886 τι

1040 1917 1073 1943 ἃν
1092 1917 1198 1948 γένοιτο
1222 1914 1384 1947 λευκότερον
1412 1912 1428 1946 ἦ
1455 1910 1649 1945 καθαρώτερον
1673 1908 1834 1941 γνώρισμα,

1039 1963 1095 1994 τοῖς
1112 1962 1149 1997 μὴ
1163 1961 1329 1996 φιλονεικεῖν
1349 1959 1482 1991 ἐθέλουσι,
1505 1957 1553 1983 καὶ
1574 1957 1631 1987 τοῖς
1646 1955 1678 1981 τὰ
1693 1953 1835 1981 σκάνδαλα

1042 2009 1079 2043 μὴ
1098 2008 1243 2042 ἀγαπῶσιν
1258 2015 1265 2039 ;
1287 2005 1394 2036 ’Λπλῶς
1411 2004 1494 2039 ἂρτον
1512 2003 1587 2036 λέγει
1603 2000 1720 2027 ἐνταῦθα
1735 2000 1749 2026 6
1762 1999 1836 2030 θεῖος

1040 2055 1149 2086 Λουκᾶς
1163 2062 1169 2069 ·
1188 2053 1234 2080 καὶ
1256 2052 1318 2079 οὔτε
1342 2051 1461 2085 ἕνξυμον
1484 2049 1571 2083 λέγει,
1588 2048 1645 2075 οὒτ’
1663 2048 1779 2082 ἄζυμον.
1802 2047 1837 2074 Τί

1041 2103 1096 2137 ἄρα
1111 2100 1155 2137 ἦν,
1183 2100 1367 2134 ἐννοήσωμεν,
1385 2098 1432 2125 καὶ
1452 2098 1489 2132 μὴ
1505 2096 1569 2127 τοὺς
1589 2095 1748 2130 ὀφθαλμοὺς
1763 2103 1838 2129 καμ-

1043 2148 1173 2183 μύσωμεν
1185 2146 1255 2172 οὕτω
1266 2145 1334 2180 πρὸς
1347 2145 1381 2171 τὰ
1392 2144 1532 2179 φανᾶτατα
1544 2151 1549 2158 '
1565 2143 1614 2170 καὶ
1625 2141 1681 2177 γὰρ
1697 2141 1735 2172 ὡς
1750 2141 1837 2174 ὲγνὼ-

1043 2194 1094 2227 σθη
1112 2192 1206 2223 αὐτοῖς
1223 2192 1252 2217 ὲν
1265 2191 1296 2224 τῇ
1316 2189 1412 2216 κλάσει
1428 2187 1476 2214 τοῦ
1501 2188 1596 2222 ἄρτου,
1615 2185 1688 2212 οὕτω
1705 2185 1755 2212 καὶ
1769 2185 1837 2219 ἡμίν

203 2237 231 2259 ιιι
244 2237 368 2258 naturam
383 2230 468 2263 ipsam
481 2236 530 2262 pro
538 2228 650 2255 doctore
665 2227 744 2254 nobis
759 2225 977 2262 comparavimns

1045 2225 1245 2272 γνῷσθήσεται,
1262 2236 1285 2261 εἰ
1306 2234 1458 2269 θελήσομεν
1474 2232 1603 2264 ἐξετάσαι
1615 2240 1622 2248 ·
1638 2231 1668 2256 οὐ
1684 2231 1738 2264 γάρ
1754 2231 1838 2264 ἔσμεν

203 2287 264 2314 qua:
278 2278 378 2312 optitne
398 2275 539 2302 veritatem
556 2274 717 2309 dignoscere
740 2278 829 2307 potest
845 2278 870 2299 et
888 2273 988 2300 falsum

204 2331 364 2359 coarguere,
383 2327 410 2349 et
424 2321 496 2357 quod
515 2321 612 2347 melius
627 2325 669 2347 est
685 2327 699 2346 a
714 2320 805 2355 pejor}:
821 2319 991 2346 discernere.

205 2371 274 2405 Quid
286 2377 350 2404 ergo
359 2367 503 2395 dicemus?
515 2367 722 2394 Ferincntutmn
735 2373 803 2392 erat.
819 2364 910 2392 Absit.
922 2365 994 2397 Quo-

206 2425 268 2445 nam
289 2415 387 2442 modo?
402 2415 494 2442 Tertia
512 2418 572 2440 erat
588 2413 645 2440 dies
660 2411 752 2446 legalis
772 2411 923 2443 Paschatis,
944 2418 993 2438 nec

207 2467 331 2498 poterant
342 2461 389 2493 qui
407 2469 470 2488 cum
482 2459 546 2487 .Iesu
558 2460 639 2486 simul
655 2459 732 2484 ibunt
746 2457 882 2491 Cleophas
897 2462 923 2483 et
937 2456 989 2483 Ln-

207 2515 265 2539 cas,
286 2508 338 2534 nisi
358 2514 482 2542 azytnum
506 2505 576 2533 ferre
597 2504 630 2531 ab
646 2505 712 2531 urbe
730 2503 880 2531 Jerusalem
900 2501 992 2537 profe-

207 2553 256 2582 cti.
274 2562 284 2579 ι
303 2552 412 2588 Septem
428 2552 537 2583 diebus,
553 2551 640 2585 inquit
653 2550 706 2581 lex,
719 2556 814 2583 azyma
831 2547 992 2578 comedetis,

208 2603 235 2626 et
255 2605 428 2633 nequaquam
454 2597 626 2624 fermentata.
651 2605 660 2621 ι
681 2595 748 2622 Nam
770 2594 860 2622 subdit
873 2614 880 2625 ,
901 2602 910 2619 ι
929 2592 995 2626 Qui-

209 2651 328 2678 cumque
343 2643 490 2670 comederit
505 2641 821 2676 fermentatum.peribit
837 2639 928 2666 anima
945 2639 992 2666 illa

208 2699 241 2718 ex
258 2689 352 2718 Israel.
372 2698 380 2714 ι
397 2688 425 2715 Si
443 2695 507 2723 ergo
528 2689 585 2715 lucc
604 2696 666 2716 vera
688 2692 771 2718 sunt,
788 2693 841 2720 quo
859 2691 939 2721 pacto
958 2685 993 2712 ibi

210 2736 299 2772 potuit
312 2735 474 2763 fermentum
489 2733 614 2768 reperiri,
625 2734 687 2767 lege
704 2737 811 2760 vetante
824 2732 851 2759 id
867 2731 962 2758 confici
979 2738 995 2757 a

210 2781 415 2818 quartadecima
444 2780 488 2807 die
520 2786 607 2814 usque
632 2778 667 2806 ad
693 2778 850 2806 vicesimum
880 2777 995 2804 urimam

264 2849 288 2865 “
310 2849 378 2876 Luc.
394 2857 470 2881 xxrv,
482 2847 516 2875 ει
536 2854 616 2882 seqq.

250 2906 289 2942 (Ι)
299 2905 483 2941 Nicephorus,
497 2913 579 2937 quasi
590 2905 693 2934 tlinum
709 2903 806 2937 forant.

1045 2283 1172 2311 τοσοῦτον
1190 2282 1333 2312 ἀσύνετνι,
1351 2281 1422 2307 ὥστε
1439 2280 1474 2313 μὴ
1498 2279 1563 2305 ἰδεῖν
1579 2279 1629 2312 τὴν
1645 2277 1788 2312 ἀλήθειαν.
1807 2276 1837 2302 Εἰ

1046 2329 1099 2363 γὰρ
1118 2328 1166 2354 καὶ
1191 2327 1228 2362 μὴ
1252 2325 1409 2360 φιλοσόφοις
1422 2325 1438 2358 ἢ
1456 2324 1584 2358 ῥήτορσιν
1608 2322 1838 2356 ὲνετρυφῆσαμεν

1045 2374 1145 2408 λόγοις,
1164 2372 1235 2400 ἀλλὰ
1252 2372 1302 2406 τὴν
1322 2370 1404 2405 φύσιν
1419 2370 1504 2404 αὐτὴν
1520 2367 1681 2394 διδάσκαλον
1704 2367 1840 2399 ἐπλουτή-

1048 2426 1157 2454 σαμενσ
1184 2419 1224 2445 ὅτι
1245 2417 1362 2452 μάλιστα
1389 2416 1512 2449 ξυνιδεῖν
1532 2413 1838 2455 τάληθὲςκδυναμένην,

1047 2465 1096 2493 καὶ
1112 2464 1251 2498 διελέγξαι
1269 2464 1299 2490 τὸ
1321 2463 1429 2497 ψεῦδος,
1447 2462 1494 2488 καὶ
1509 2461 1649 2495 διακρῖναι
1667 2460 1697 2486 τὸ
1713 2460 1839 2492 κρεῖττον

1047 2512 1103 2539 ἀπὸ
1124 2511 1172 2538 τοῦ
1199 2510 1332 2546 χείρονος.
1357 2508 1391 2534 Τί
1413 2506 1459 2534 οὖν
1477 2507 1615 2542 ὲροῦμεν;
1633 2505 1772 2540 Ἔνζυμον
1795 2503 1840 2540 ἦν.

1048 2559 1150 2592 ἄπαγε.
1174 2557 1237 2588 Πῶς
1254 2557 1308 2590 γάρ
1321 2564 1327 2588 ;
1346 2555 1431 2590 Τρίτη
1449 2553 1482 2588 ἦν
1493 2553 1585 2588 ἡμέρα
1596 2552 1645 2578 τοῦ
1659 2551 1774 2586 νομικοῦ
1787 2551 1843 2579 lla?-

1051 2612 1115 2638 σχα,
1131 2603 1181 2629 καὶ
1196 2602 1246 2628 οὐκ
1261 2601 1393 2636 ἠδύναντο
1417 2600 1441 2625 οἱ
1462 2597 1781 2632 συμπαραπορευιῑμενοι
1803 2595 1842 2629 τῷ

1055 2649 1156 2685 Ἰησοῦ,
1172 2647 1308 2678 Κλεώπας
1323 2655 1353 2672 τε
1379 2646 1426 2672 καὶ
1447 2644 1566 2675 Λουκᾶς,
1585 2641 1743 2678 βαστάζειν,
1760 2641 1785 2666 εί
1805 2641 1842 2675 ιεὴ

1049 2696 1164 2730 ἄζυμον,
1174 2691 1380 2729 ἐρχόμενοι-ἀπὺ
1393 2690 1576 2726 Ἰερουσαλήμ
1586 2709 1592 2716 .
1608 2698 1617 2714 ι
1628 2687 1842 2722 Ἐπτὰήμέρσς,

1050 2742 1134 2776 φησὶν
1146 2743 1160 2768 ὁ
1170 2741 1262 2775 νόμος,
1278 2739 1368 2765 licitae:
1384 2737 1489 2770 ἄζυμα,
1501 2736 1549 2762 καὶ
1560 2734 1691 2770 μηδαμῶς
1706 2732 1821 2767 ἐνξυμα,
1830 2740 1839 2756 ι

1051 2787 1107 2815 Kal
1117 2786 1171 2822 γὰρ
1184 2785 1284 2819 ἐπάγει
1298 2792 1305 2799 '
1318 2792 1329 2810 ι
1344 2784 1392 2815 Ὃς
1405 2782 1438 2810 ἂν
1452 2781 1527 2818 φάγῃ
1537 2779 1671 2815 ζυμωτδν,
1686 2777 1843 2812 ὲξολοθριυ-
