1961 3075
149 135 212 168 1‘22!

397 134 472 165 PRO
491 134 596 166 CONC.
616 133 804 165 FLORENT.
821 132 904 165 CAP.
928 133 967 164 II.
989 133 1038 163 DE
1059 131 1186 162 ᾹΖΥΜΟ
1198 131 1246 161 ΕΤ
1267 130 1536 161 FERMENTATO.

1700 132 1712 164 1
1720 131 1769 163 :22

143 191 255 222 θήσεται
265 189 360 225 ἡψυχὴ
372 190 464 225 ἐκείνη
474 190 506 216 ἐκ
522 189 683 224 συναγωγῆς
692 189 760 215 υἱῶν
779 189 902 223 Ἰσραήλ.
919 197 928 215 ι

993 186 1105 213 uensis?
1121 186 1212 219 Itaque
1227 191 1287 213 erat
1304 194 1427 222 azymus.
1444 186 1472 214 Si
1486 186 1558 214 enim
1579 186 1768 219 fermentatus.

143 237 175 263 El
193 233 239 263 οὖν
262 235 339 262 ταῦτ’
364 235 464 270 ἀληθῆ,
483 236 541 267 πῶς
567 235 684 269 ὠφειλεν
700 235 758 261 ἐκεῖ
784 234 929 269 εὑρεθῆναι

143 282 272 316 ἔνςυμον,
291 280 337 308 τοῦ
353 281 436 316 νόμου
454 280 622 312 κελεύοντος,
637 281 698 316 μηδ’
714 281 784 312 ὅλως
801 281 928 317 εὑρίσκε-

144 327 206 352 σθαι
226 326 281 352 ἀπὸ
296 326 346 360 τῆς
360 327 675 361 τεσσαρεσκαιδεκάτης,
688 327 742 358 ἕως
758 326 808 360 τῆς
822 327 930 358 εἰκάδος

144 371 192 397 καὶ
208 373 283 405 μιᾶς.
298 372 343 397 τοῦ
364 372 447 407 μηνός
462 381 469 406 ;
490 373 570 399 ’Ὥστε
584 372 687 406 ἄζυμος
708 371 753 407 ἦν.
770 373 800 399 Εἰ
815 373 865 406 μὲν
882 374 934 408 γὰρ

144 417 271 452 ἕνζυμος,
290 418 412 444 κάκεῖνοι
429 418 598 453 παρανόμως
613 419 745 454 ἐποίησαν
762 419 933 453 προσφέρον-

145 471 189 493 τες
202 464 318 498 ἕνζυμον
336 465 369 499 τῇ
386 464 441 490 τῶν
465 464 591 498 *Λζύμων
603 465 712 498 ἡμέρᾳ’
727 464 773 490 καὶ
788 465 802 490 ὁ
816 464 934 499 Χριστὸς

147 509 311 544 παραϐάτης
332 510 480 541 ἐδείκνυτο,
500 510 603 541 κλάσας
617 510 744 544 ἓνζυμον,
765 511 810 536 καὶ
825 510 932 541 ἐπιδοὺς

146 555 253 586 αὐτοῖς’
265 556 289 582 εί
304 555 326 582 δ’
337 555 451 591 ἄξυμος,
462 556 556 591 ὥσπερ
573 557 619 584 καὶ
632 555 677 591 ἦν,
693 557 781 592 μάτην
792 557 933 590 ἐγκαλεῖτε

147 601 213 635 ἡμῖν
230 601 322 628 λοιπόν
335 610 343 618 ”
358 603 406 628 καὶ
418 602 472 636 γὰρ
487 602 634 637 πληρωτὴς
647 602 694 628 τοῦ
707 602 789 637 νόμου
803 603 934 638 ὑπάρχων

147 646 161 672 ὸ
176 647 303 680 Χριστὸς,
318 647 368 673 οὐκ
387 648 419 674 ἂν
439 647 554 674 ἔκλασεν
570 648 664 680 αὑτὸν,
679 649 703 675 εἰ
720 648 781 684 ᾔδει
799 649 839 675 ὅτι
857 648 934 680 ἔνζυ-

149 701 198 727 μος
213 691 247 728 ἦν
257 701 264 708 ³
281 693 343 720 ἐπεὶ
356 693 385 719 ὲν
399 695 459 725 ταῖς
473 695 717 729 ἁπηγορευμέναις
731 695 847 730 ἡμέραις
860 694 935 729 παρὰ

147 738 194 766 τοῦ
213 739 294 773 νόμου
317 739 406 766 ἐποίει
430 739 520 766 τοῦτο.
543 740 675 767 Κάκεῖνοι
704 740 779 767 δὲ’ςὰ
803 740 935 768 Ἰουδαϊκὰ

983 233 1001 259 ii
1018 232 1103 267 legem
1121 232 1268 259 violassent
1284 234 1476 259 lermeutatum
1493 232 1519 259 iu
1544 231 1588 258 die
1605 232 1767 268 Azymorum

983 278 1133 310 offerendo,
1157 283 1184 305 et
1207 278 1336 306 Christus
1358 283 1546 313 transgressor
1573 279 1720 312 evaderet,
1746 280 1769 308 si

986 324 1181 351 fermentatum
1207 323 1331 358 fregisset
1352 331 1385 351 ac
1410 324 1578 351 tradidisset.
1606 323 1634 351 Si
1657 332 1770 359 azymus

987 373 1029 405 (ut
1046 370 1127 405 erat),
1149 375 1250 397 temere
1267 372 1375 396 tandetu
1394 378 1443 396 nos
1458 370 1591 397 incttsatis
1608 378 1617 396 .'
1633 377 1694 397 nam
1708 378 1769 397 cum

987 422 1082 445 auctor
1101 417 1168 450 legis
1185 416 1364 450 adimplendae
1379 415 1505 443 Christus
1527 422 1612 448 esset,
1635 423 1698 443 eum
1716 424 1769 443 non

987 463 1121 498 fregisset,
1133 464 1154 489 si
1165 463 1354 489 fermentatum
1367 470 1427 489 esse
1438 463 1546 494 scisset,
1560 470 1623 488 nam
1637 463 1663 488 in
1675 462 1771 490 diebus

987 517 1000 536 υ
1018 509 1075 544 lege
1090 509 1179 536 vetitis
1194 508 1220 535 id
1237 509 1370 536 effecisset
1384 517 1391 543 ;
1409 510 1425 536 ii
1441 517 1504 536 vero
1521 509 1593 536 sicut
1604 507 1690 536 Judaei
1707 517 1770 536 sen-

987 556 1101 588 tiebant,
1118 559 1144 582 et
1157 555 1256 590 legem,
1274 560 1303 582 ut
1323 555 1475 590 oportebat,
1498 555 1653 588 servabant,
1669 562 1723 582 non
1740 562 1773 582 eo

987 608 1109 636 tempore
1121 606 1237 634 tantum,
1254 602 1301 629 sed
1313 607 1339 629 et
1355 607 1416 636 post
1430 602 1662 630 resurrectionem
1678 606 1705 628 et
1723 601 1774 628 Do-

986 649 1053 676 mini
1066 648 1295 682 assumptioncm.
1307 647 1379 682 Ergo
1392 656 1423 675 ex
1439 648 1480 674 his
1492 648 1619 675 omnibus
1634 647 1771 682 sequitur,

987 702 1111 729 azytnum
1130 694 1281 726 exstitisse,
1299 695 1345 728 qui
1364 701 1378 720 a
1395 693 1460 720 Jesu
1477 693 1581 720 fractus
1591 693 1697 720 duobus
1729 693 1771 719 di-

992 739 1105 774 scipulis
1124 740 1240 767 traditus
1257 744 1307 767 est.

131 810 137 815 .
149 786 189 814 ἔτι
215 787 355 821 ἐφρόνουν,
373 787 421 813 καὶ
443 788 490 814 τὸν
505 787 600 822 νόμον,
617 788 655 820 ὠς
682 788 735 814 ἔδει
763 789 889 823 ἐτήρουν,
906 789 936 815 οὺ
951 789 1030 824 μόνον
1044 789 1118 820 τότε,
1134 789 1201 815 ἀλλὰ
1224 788 1272 814 καὶ
1289 789 1358 824 μετὰ
1375 788 1425 824 τὴν
1450 788 1615 827 ἀνάστα-σιν,
1645 788 1694 815 καὶ
1724 788 1775 822 τὴν

148 835 194 861 τοῦ
219 835 321 869 Κυρίου
340 834 484 869 ἀνάληψιν.
507 835 613 862 οὐκοῦν
639 835 736 862 ἕπεται
760 837 803 864 διὰ
831 837 935 864 ’τούτων
951 837 1079 864 ἁπάντων
1104 836 1208 872 ἄζυμον
1225 835 1296 865 εἶναι
1334 837 1381 864 τὸν
1402 837 1478 872 παρὰ
1511 837 1558 864 τοῦ
1598 837 1686 872 ⁷1ησοῦ
1707 838 1773 864 κλα-

151 882 248 909 σθέντα
261 883 306 909 καὶ
319 881 429 909 δοθέντα
448 884 504 914 τοῖς
524 882 585 909 δυσὶ
604 883 753 918 μαθηταῖς.

522 933 563 960 n'.
635 928 640 937 ί

186 978 217 1004 Et
233 978 260 1004 δέ
274 986 315 1009 τις
339 978 461 1013 ἀνοήτως
482 978 623 1005 καὶτοῦτο
646 979 722 1014 εἴπῃ,
749 980 790 1005 ὅτι
816 979 868 1012 ἔξω
885 979 936 1013 τῆς

155 1023 337 1058 Ἰερουσαλὴμ
364 1021 445 1057 ἦσαν,
473 1023 520 1050 καὶ
553 1023 686 1058 ἠδύναντο
703 1024 819 1059 ἕνςυμον
840 1025 937 1058 φαγεῖν

153 1071 246 1105 ἄρτον,
264 1069 445 1104 ἐνθυμηθήτω
459 1069 500 1095 ὅτι
513 1069 527 1095 ὁ
541 1071 622 1103 νόμος
637 1070 732 1104 φησὶν,
749 1077 760 1095 ε
771 1069 817 1096 Ἐν
837 1070 938 1101 πάσαις

152 1117 213 1147 ταῖς
228 1115 359 1151 γειὼραις
375 1116 421 1142 καὶ
440 1114 584 1150 αὐτόχθοσι
598 1115 647 1149 τῆς
662 1115 712 1149 γῆς
725 1122 733 1131 ⁸
751 1115 798 1141 καὶ
812 1115 841 1140 ὲν
856 1115 938 1141 παντὶ

153 1161 358 1196 καῖοικητηρίῳ
374 1161 461 1195 ὑμῶν,
478 1161 568 1187 ἐδεσος
584 1161 677 1194 ἄζυμα
692 1161 740 1187 καὶ
752 1161 781 1186 οὺ
795 1160 936 1193 cumm-

112 1209 114 1211 ’
152 1210 181 1241 ὃς
189 1209 251 1236 δ’ἂν
264 1209 351 1244 φάγῃ,
365 1207 624 1242 ὲξολοθρευοήσεται
634 1206 664 1239 ἐξ
682 1207 791 1242 Ἰσραήλ
805 1215 828 1232 ·›
844 1205 938 1245 ᾥσπερ

153 1257 206 1290 γὰρ
222 1256 251 1282 ἐν
266 1255 304 1289 τῷ
317 1255 417 1289 δείπνῳ
432 1254 460 1280 ἐν
475 1255 507 1289 τῇ
522 1254 627 1289 ἑσπέρα
647 1253 693 1279 τοῦ
710 1252 873 1288 μυστηρίου,
890 1252 939 1278 λα-

154 1303 208 1328 ϐὼν
223 1301 268 1328 τὸν
285 1301 388 1335 ἄζυμον
402 1301 506 1327 ἐκεῖνον
521 1300 614 1334 ἄρτον,
629 1300 677 1326 καὶ
698 1299 802 1330 κλάσας
816 1299 937 1326 ἐπεδίδου

154 1348 212 1378 τοῖς
238 1346 381 1381 μαθηταῖς,
410 1344 507 1377 εἰπὼν,
528 1354 538 1370 ‹
565 1344 680 1375 Λάῆετε,
705 1344 817 1378 φάγετε,
841 1343 940 1369 »οὕτω

155 1392 295 1420 κάνταῦθα
322 1392 435 1428 ἔπραξε.
453 1391 504 1418 Διὰ
528 1391 611 1418 τοῦτο
635 1391 682 1417 καὶ
701 1390 824 1424 ἔγνωσαν
846 1389 939 1421 αὑτὸν,

157 1438 327 1474 μεμνημένοι
345 1439 391 1465 τοῦ
408 1438 469 1465 τότε
485 1438 654 1473 πραχθέντος
666 1445 673 1452 ·
689 1437 791 1463 ὡσανεὶ
807 1436 942 1471 μελετῶν-

154 1495 200 1517 τες
219 1486 323 1521 ἠρέμα,
347 1485 376 1511 '0
393 1484 553 1515 διδάσκαλός
579 1485 663 1515 ἔστιν,
683 1484 697 1509 ὁ
722 1482 770 1510 καὶ
784 1485 816 1517 τῇ
839 1483 942 1517 προλα-

156 1530 242 1565 σούοῃ
257 1530 302 1556 τὸν
311 1529 394 1563 ἄρτον
405 1528 505 1559 κλάσας
518 1528 743 1562 τοιουτοτρόπως,
759 1528 807 1554 καὶ
817 1527 942 1559 δεδωκὼς

156 1579 211 1608 τοῖς
225 1576 359 1609 ἀδελφοῖς.
378 1575 539 1608 Βουλόμενοι
554 1574 582 1600 δὲ
602 1574 722 1608 ἅψασθαι
739 1574 832 1605 αὑτοῦ,
858 1574 943 1607 ἄφαν-

155 1631 199 1653 τος
220 1620 267 1648 ἀπ’
289 1619 379 1647 αὐτῶν
406 1619 523 1653 ἐγένετο.
543 1619 577 1644 Ἦ
605 1619 664 1649 πῶς
684 1619 859 1652 ἐννοήσωμεν
879 1619 942 1650 τοὺς
956 1612 977 1640 C

157 1667 256 1702 ἄρτους
268 1665 317 1700 τῆς
332 1664 499 1699 προθέσεως,
514 1663 579 1697 περὶ
595 1660 632 1689 ὢν
647 1663 660 1689 ὁ
677 1663 796 1697 Χριστὸς
812 1662 898 1695 λέγει,
913 1663 942 1687 ὲν

157 1713 297 1748 κεφαλαίῳ
312 1709 429 1745 εἰκοστῷ
442 1709 568 1744 τετάρτῳ
583 1709 630 1735 τοῦ
655 1707 849 1742 εὐαγγελιστοῦ
865 1708 944 1742 Μάρ-

157 1766 223 1792 κου;
236 1758 305 1792 Φησὶ
316 1757 370 1792 γὰρ
383 1757 451 1792 πρὸς
462 1757 524 1788 τοὺς
533 1755 686 1787 Ἰουδαίους,
695 1754 872 1786 ὀνειδίζοντας
880 1754 944 1784 τοὺς

162 1804 331 1836 ἀποστόλους
341 1803 481 1835 τίλλοντας
492 1802 556 1834 τοὺς
573 1802 704 1836 στάχυας,
719 1800 792 1827 «Οὐκ
807 1801 943 1833 ἀνέγνωτε

157 1851 184 1877 τί
196 1851 307 1886 ἐποίησε
316 1850 408 1882 Δαῦὶδ,
418 1850 462 1876 ὅτε
479 1848 575 1884 χρείαν
590 1848 651 1882 ἔσχε
663 1856 670 1864 ·
686 1848 733 1874 καὶ
744 1846 887 1872 ἐπείνασεν
896 1845 944 1871 αὐ-

156 1897 202 1928 τὸς
217 1896 262 1922 καὶ
277 1896 301 1922 οι
324 1896 381 1929 μετ’
396 1894 480 1921 αὑτοῦ
493 1903 500 1927 ;
520 1893 582 1924 Πῶς
597 1892 722 1927 εἰσῆλθεν
744 1892 784 1923 εἰς
807 1892 853 1917 τὸν
869 1890 943 1918 οἶκον

156 1940 204 1967 τοῦ
220 1935 288 1966 Θεοῦ
304 1940 350 1966 ἐπὶ
370 1938 504 1974 ’Δὸιάθαρ
521 1937 683 1973 ἀρχιερέως,
702 1937 749 1964 καὶ
763 1938 824 1968 τοὺς
844 1937 944 1971 ἄρτους

156 1987 208 2022 τῆς
229 1985 384 2021 προθέσεως
396 1985 510 2019 ἔφαγεν,
523 1984 569 2016 οὓς
587 1984 636 2010 οὐκ
650 1983 739 2016 ἔξεστι
754 1984 852 2017 φαγεῖν
867 1984 891 2009 εξ
907 1982 944 2017 μὴ

156 2035 212 2065 τοῖς
228 2032 331 2068 ἱερεῦσι
358 2032 461 2065 μόνοις,
479 2032 526 2058 καὶ
547 2031 632 2058 ἔδωκε
652 2030 699 2057 καὶ
725 2030 781 2060 τοῖς
796 2030 845 2056 σὺν
869 2029 943 2063 αὐτῷ

158 2078 254 2111 οὗσιν;
276 2088 286 2105 ι
312 2078 476 2114 Ἐρωτῶμεν
494 2077 541 2104 οὖν
564 2077 637 2112 ὑμᾶς
651 2085 657 2091 ·
675 2077 700 2103 οἱ
725 2076 803 2110 ἄρτοι
827 2075 900 2102 οὗτοι
919 2077 944 2102 οἱ

156 2127 205 2162 τῆς
222 2126 390 2161 προθέσεως,
404 2126 518 2160 Ενζυμοι
535 2125 668 2159 ὑπῆρχον,
682 2123 698 2158 ἢ
712 2123 812 2157 ἄζυμοι
825 2131 832 2154 ;
848 2123 879 2148 Et
895 2122 944 2157 μὲν

158 2173 279 2208 ἐνζυμοι,
299 2172 469 2206 ἱουδαῖζομεν
482 2172 530 2198 καὶ
543 2171 623 2204 ἡμεῖς
640 2169 699 2196 καθ’
713 2169 783 2203 ὑμᾶς
799 2167 936 2203 ὲνξύμους

157 2221 255 2254 ἄρτους
275 2218 370 2244 θυσίαν
394 2217 553 2246 ποιοῦντεςο
574 2217 599 2242 εἰ
626 2215 648 2242 δ’
668 2215 768 2250 ἄζυμοι
790 2212 869 2250 ἦσαν,
890 2214 945 2249 ἄρα,

1321 933 1391 962 Vlll.

1024 979 1053 1006 Si
1070 986 1132 1006 vero
1147 979 1244 1006 stolide
1256 979 1318 1013 quis
1339 978 1453 1011 dixerit,
1471 986 1518 1006 eos
1532 983 1609 1006 extra
1622 978 1772 1006 Jerusalem

992 1026 1089 1058 fuisse,
1110 1029 1137 1051 ct
1156 1025 1192 1051 ita
1219 1024 1411 1052 fermentatum
1430 1025 1571 1051 comedere
1600 1031 1696 1059 panem
1725 1032 1775 1059 po-

993 1072 1090 1103 tuisse,
1104 1074 1210 1104 reputet
1227 1070 1298 1105 quod
1314 1071 1355 1097 lex
1374 1070 1440 1097 dicit
1455 1077 1462 1096 :
1481 1079 1491 1096 (
1510 1069 1538 1096 ln
1552 1070 1681 1097 omnibus
1693 1071 1774 1097 adve-

990 1118 1033 1145 nis
1046 1122 1073 1145 et
1083 1117 1219 1152 indigenis
1236 1121 1324 1146 terrae.
1339 1121 1365 1143 et
1382 1117 1409 1143 in
1426 1116 1499 1143 omni
1510 1115 1667 1144 habitaculo
1684 1120 1775 1143 vestro

990 1164 1137 1192 comedetis
1167 1170 1272 1198 azyma,
1311 1170 1365 1189 non
1391 1163 1595 1190 fertnentatum.
1618 1162 1778 1196 Quicunque

990 1210 1153 1242 comederit,
1170 1210 1269 1245 peribit
1285 1217 1317 1236 ex
1328 1209 1423 1236 Israel.
1447 1218 1456 1234 ι
1476 1209 1542 1236 Nam
1556 1209 1638 1236 vrtuti
1656 1209 1682 1236 in
1697 1216 1776 1236 emua

990 1256 1095 1290 vesperi
1115 1255 1239 1290 mysterii
1271 1260 1392 1289 tempore
1415 1261 1518 1290 azymo
1535 1260 1644 1289 sumpto
1660 1261 1728 1288 pane
1752 1260 1778 1281 et

991 1304 1078 1330 fracto
1095 1301 1246 1334 discubuit,
1261 1301 1404 1335 discipulis
1413 1289 1523 1332 iliCens,
1543 1310 1552 1326 ‹
1575 1301 1706 1335 Accipite,
1729 1307 1777 1327 co-

990 1349 1101 1381 medite,
1119 1358 1128 1374 ›
1145 1349 1185 1375 sic
1210 1353 1236 1375 et
1259 1348 1311 1374 hoc
1338 1347 1398 1374 loco
1419 1346 1491 1374 fecit.
1509 1346 1613 1374 Idcirco
1639 1353 1776 1381 cognove—

991 1400 1054 1422 runt
1066 1402 1140 1428 eum,
1153 1395 1179 1421 in
1201 1394 1358 1421 memoriam
1377 1394 1529 1420 revocando
1546 1400 1605 1427 qum
1631 1398 1688 1419 tum
1704 1397 1779 1426 gesta

994 1446 1067 1474 sunt,
1085 1441 1163 1475 quasi
1179 1441 1258 1466 tacite
1283 1447 1375 1466 secum
1394 1438 1567 1471 meditantes,
1585 1438 1634 1466 Hic
1650 1438 1780 1473 magister

993 1493 1034 1515 est
1048 1488 1094 1522 qui
1108 1487 1150 1513 die
1166 1486 1301 1521 superiori
1319 1493 1415 1520 panem
1433 1486 1524 1521 fregit,
1541 1485 1636 1513 eodem
1655 1485 1779 1512 modo-el.

995 1533 1125 1560 fratribus
1142 1532 1262 1564 tradidit,
1282 1536 1308 1558 et
1336 1538 1397 1558 cum
1414 1532 1566 1558 valuissent
1583 1539 1645 1558 eum
1670 1537 1781 1565 tangere

994 1578 1115 1606 evanuit.
1148 1577 1199 1604 Sed
1226 1577 1364 1612 quomodo
1393 1577 1579 1611 intelligamus
1607 1577 1640 1604 de
1665 1578 1781 1611 panibus

996 1625 1204 1659 propositionis,
1224 1625 1256 1650 de
1269 1624 1370 1658 quibus
1397 1623 1464 1650 dicit
1493 1624 1621 1651 Christus
1636 1624 1723 1658 capite
1737 1631 1782 1650 se-

995 1671 1085 1697 cundo
1101 1671 1171 1704 apud
1184 1670 1304 1697 Marcum
1323 1670 1537 1704 evangelistam;
1553 1671 1621 1697 dicit
1647 1670 1719 1697 enim
1744 1670 1777 1697 atl

995 1715 1104 1743 Judzeos
1121 1715 1298 1749 obiurgantes
1316 1715 1456 1748 apostolos
1476 1715 1548 1750 quod
1577 1716 1667 1749 spicas
1698 1715 1779 1742 velle-

995 1761 1060 1788 bant
1079 1770 1086 1788 :
1107 1760 1250 1794 Nunquam
1268 1761 1373 1793 legistis
1389 1761 1453 1795 quid
1471 1760 1564 1787 fecerit
1582 1761 1663 1787 ltavid
1672 1761 1779 1794 quando

995 1808 1186 1834 necessitatem
1206 1807 1312 1838 habuit,
1325 1811 1351 1832 et
1364 1805 1461 1833 esuriit
1477 1805 1544 1840 ipse,
1563 1810 1589 1832 ct
1601 1805 1646 1840 qui
1664 1812 1726 1832 cum
1747 1813 1779 1832 eo

994 1857 1073 1879 erant
1084 1852 1096 1879 7
1106 1851 1243 1886 quomodo
1255 1851 1379 1878 introivit
1393 1851 1420 1878 iu
1439 1850 1549 1878 domum
1569 1850 1614 1877 Dei
1634 1850 1683 1877 sub
1697 1850 1780 1877 Abia-

999 1899 1061 1925 thar
1076 1897 1198 1932 principe
1225 1897 1408 1928 sacerdotum,
1434 1900 1459 1923 et
1478 1903 1562 1930 panes
1586 1895 1780 1930 propositionis

997 1942 1184 1974 manducavit,
1203 1949 1272 1976 quos
1287 1949 1339 1968 non
1359 1941 1420 1968 licet
1439 1940 1492 1968 nisi
1505 1940 1695 1968 sacerdotibus
1705 1948 1781 1967 man-

996 1990 1108 2022 ducare,
1122 1994 1148 2015 et
1169 1988 1243 2014 dedit
1259 1987 1298 2014 eis
1314 1987 1360 2021 qni
1374 1994 1436 2013 cum
1459 1994 1492 2014 eo
1509 1987 1606 2014 erant?
1632 1987 1780 2012 Perconta-

997 2043 1058 2063 mur
1077 2035 1159 2070 igitur
1180 2042 1244 2066 vos,
1269 2041 1352 2068 panes
1376 2033 1570 2068 propositionis
1591 2033 1781 2060 fermentatinc

997 2086 1075 2109 erant
1090 2089 1123 2107 an
1143 2081 1251 2116 azymi?
1266 2080 1293 2107 Si
1312 2079 1477 2110 fermentati,
1495 2086 1544 2106 nos
1558 2079 1640 2105 etiam
1654 2079 1779 2113 juvlaiaa-

996 2136 1068 2160 mus,
1085 2132 1115 2154 ut
1141 2135 1190 2154 ros
1216 2125 1391 2157 existimatis,
1412 2126 1440 2152 in
1466 2125 1638 2152 fermentatis
1661 2125 1780 2160 panibus

996 2174 1196 2202 sacriﬁcantes.
1211 2173 1238 2200 Si
1257 2180 1321 2199 vero
1341 2173 1440 2208 azymi,
1458 2179 1522 2207 ergo
1548 2176 1575 2199 et
1598 2172 1685 2207 azymi
1698 2179 1781 2206 panes

997 2225 1139 2248 vocantur.
1156 2220 1289 2246 Praeterea
1303 2219 1326 2246 si
1346 2218 1498 2246 fermentati
1526 2222 1604 2244 erant
1636 2225 1719 2252 panes
1742 2217 1779 2244 illi

157 2265 205 2292 καὶ
224 2265 248 2291 οἱ
275 2263 384 2298 ἄζυμοι,
401 2262 479 2297 ἄρτοι
502 2261 660 2289 καλοῦνται.
684 2261 744 2287 Ἔτι
762 2261 786 2286 εί
804 2261 854 2296 μὲν
869 2260 939 2292 ἐνζυ-

997 2266 1201 2302 propositionis,
1219 2264 1381 2292 sacrificium
1409 2264 1435 2290 in
1462 2261 1779 2290 fermentata—Christum

159 2319 204 2345 μοι
222 2308 292 2345 ἦσαν
309 2309 333 2335 οι
349 2308 427 2344 ἄρτοι
445 2309 544 2334 ἑκεῐνοι
563 2307 613 2342 τῆς
635 2307 802 2342 προθέσεως,
823 2307 879 2334 ἔδει
898 2308 944 2334 τὸν

157 2356 274 2391 Χριστὸν
295 2355 400 2382 παῦσαι
424 2354 473 2389 τὴν
502 2354 598 2380 θυσίαν
625 2353 674 2388 τὴν
702 2353 737 2379 δι’
751 2353 889 2387 ὲνζύμων,
907 2353 945 2384 ὡς

158 2402 274 2428 παλαιάν
289 2409 319 2427 τε
336 2402 383 2428 καὶ
399 2400 529 2435 νόμιμον,
543 2399 587 2425 ἵνα
600 2399 638 2434 μὴ
654 2399 688 2425 τὰ
703 2399 785 2433 ὃμοια
802 2400 858 2430 τοῖς
880 2399 945 2425 Ἰου-

157 2448 242 2479 δαίοις
269 2448 401 2482 ποιῶμεν,
428 2447 476 2473 καὶ
500 2445 603 2480 ταύτην
632 2441 737 2478 διδάξαι
768 2444 892 2479 γίνεσθαι
910 2444 944 2471 δι’

158 2493 287 2528 ἀζύμων·
309 2494 333 2519 ει
356 2492 377 2519 δ’
394 2492 494 2527 ἄζυμοι
515 2489 599 2527 ἦσαν,
628 2492 675 2517 καὶ
689 2492 704 2517 ὁ
728 2490 844 2524 ἄζυμος,
862 2490 944 2525 ἄρτος

158 2540 294 2566 καλεῖται.
321 2539 436 2574 Εδείχθη
444 2537 491 2566 οὗν
506 2538 619 2570 ἱκανῶς,
633 2538 719 2571 ἀγαθὲ
734 2537 890 2572 Νικηφόρε,
903 2537 944 2562 ὅτι

159 2586 206 2612 καὶ
222 2585 235 2610 6
251 2585 354 2619 ἄζυμος
386 2584 468 2620 ἄρτος
484 2585 606 2618 λέγεται,
622 2584 670 2610 καὶ
684 2583 754 2616 ἐστι,
770 2583 816 2609 καὶ
832 2584 942 2615 νοεῖται,

159 2634 245 2667 χωρὶς
259 2632 304 2658 τοῦ
320 2631 456 2659 ἐπιθέτου.
471 2632 552 2658 Ὥστε
574 2631 661 2664 οὐδεὶς
679 2630 711 2658 ἂν
733 2628 762 2657 εὖ
781 2629 888 2664 φρονῶν
905 2629 944 2655 εῐ-

160 2686 216 2710 ποι,
235 2678 272 2709 ὼς
299 2678 329 2704 οὐ
346 2677 484 2711 δυνάμεθα
508 2678 633 2712 ἐννοῆσαι
663 2678 767 2712 ἄζυμον
788 2676 822 2703 δι’
845 2673 876 2703 οὗ
894 2676 944 2710 τὴν

161 2724 256 2751 θυσὶαν
270 2723 397 2759 ἐποίησεν
411 2725 424 2750 ἑ
441 2725 570 2758 Χριστὸς,
587 2724 630 2751 διὰ
643 2724 673 2750 τὸ
685 2724 731 2750 τὸν
745 2723 943 2758 εὐαγγελιστὴν

161 2771 249 2797 εἰπεῖν
265 2770 349 2806 χωρὶς
374 2769 421 2796 τοῦ
448 2769 588 2802 ἐπιθέτου,
609 2770 692 2804 ἄρτον
708 2769 800 2796 λαϐεῖν
814 2770 860 2795 τὸν
878 2768 943 2804 Χρι-

161 2817 224 2843 στὸν
241 2817 275 2852 τῇ
298 2815 353 2842 τῶν
375 2814 500 2850 ’Δζύμων
523 2815 616 2851 ἡμέρᾳ
634 2816 681 2842 καὶ
705 2817 737 2850 τῇ
752 2815 810 2851 ὥρῃ
824 2814 870 2841 τοῦ
886 2815 942 2841 Πά-

161 2871 222 2899 σχα.
241 2862 362 2899 Ἀζυμος
375 2860 409 2899 ἦν
422 2862 476 2898 ἄρα
489 2862 527 2894 ὡς
542 2861 660 2897 ἐδείχθη,
676 2862 730 2897 νκαὶ
747 2861 851 2896 ἄζυμον
867 2862 940 2889 ἔννο-

998 2314 1094 2341 tollere
1109 2313 1262 2347 oportebat,
1277 2315 1410 2345 tanquam
1430 2314 1547 2337 veterem
1562 2315 1589 2336 et
1607 2309 1730 2343 legalem,
1747 2316 1781 2336 ne

995 2360 1103 2387 Judteos
1123 2359 1305 2389 imitaremur,
1323 2360 1350 2384 et
1363 2357 1389 2383 in
1412 2364 1507 2392 azymo
1525 2355 1780 2383 sacrificiumiusti-

996 2410 1070 2432 tuere
1087 2409 1115 2432 et
1140 2404 1298 2438 pralcipere.
1328 2402 1357 2429 Si
1386 2402 1481 2447 azymi‘
1504 2405 1593 2433 erant,
1615 2408 1681 2436 ergo
1702 2400 1780 2435 panis

994 2453 1074 2478 etiam
1083 2458 1129 2485 οη
1135 2457 1194 2476 mus
1201 2449 1359 2484 appellatur.
1369 2448 1540 2475 Sullicienter
1549 2447 1630 2481 igitur
1637 2450 1778 2474 ostenSum

995 2501 1045 2528 est,
1064 2504 1080 2523 ο
1094 2496 1162 2522 bone
1179 2494 1341 2528 Nicephore,
1359 2493 1432 2527 quod
1458 2496 1485 2519 et
1511 2492 1588 2527 panis
1602 2491 1704 2518 dicitur
1717 2498 1780 2525 azy-

992 2550 1071 2573 Tuusl
1086 2547 1111 2568 et
1126 2545 1179 2574 est,
1197 2539 1358 2574 intelligitur
1373 2539 1432 2566 sine
1444 2538 1589 2572 adjectivo.
1599 2537 1778 2570 Quamobrem

995 2592 1076 2612 nemo
1106 2584 1226 2619 prudens
1246 2589 1366 2617 unquam
1396 2581 1497 2608 dixerit
1533 2588 1584 2608 nos
1608 2587 1779 2619 nequaquam

996 2637 1076 2664 posse
1092 2618 1244 2663 intelligere
1256 2634 1393 2663 azymum,
1414 2627 1441 2654 in
1464 2634 1518 2661 quo
1540 2618 1702 2653 sacrificium
1717 2625 1781 2652 fecit

995 2675 1142 2707 Christus;
1159 2674 1268 2709 etquod
1285 2674 1344 2701 sine
1366 2672 1500 2707 adjective
1520 2672 1589 2699 dixit
1602 2671 1778 2706 evangelista,

997 2729 1094 2757 panem
1108 2721 1245 2756 accepisse
1269 2720 1407 2748 Christum
1429 2720 1457 2747 in
1483 2720 1528 2747 die
1549 2719 1726 2754 Azymorum,
1753 2721 1780 2745 et

997 2768 1138 2796 Paschalis
1155 2772 1289 2801 tempore.
1312 2766 1433 2801 Azymus
1446 2773 1509 2800 ergo
1525 2768 1597 2796 erat,
1614 2768 1639 2791 et
1654 2769 1780 2798 arymum

996 2814 1185 2850 intelligimus,
1200 2818 1228 2841 ut
1256 2813 1312 2848 jam
1332 2816 1473 2840 ostensum
1497 2815 1548 2838 est.
1574 2809 1622 2838 llis
1637 2809 1718 2846 igitur
1743 2809 1780 2837 ita

998 2860 1140 2898 expositis,
1155 2858 1441 2896 argumentatiunrula
1453 2865 1467 2885 a
1478 2863 1503 2885 te
1514 2856 1721 2892 adducta,quod
1731 2862 1779 2883 na—
