1961 3075
134 142 205 174 1225

129 249 313 283 προκείμενον
331 247 391 274 κατ’
412 247 462 281 ἐμὲ
478 247 626 282 διεσάφησε
638 255 645 262 ·
661 246 712 282 τὴν
734 247 784 281 μὲν
801 247 865 281 γὰρ,
881 245 922 287 τῷ,

129 295 227 329 ἀζύμῳ
242 293 362 328 χρῆσθαί
386 302 464 328 φησι,
481 293 524 320 διὰ
539 294 569 320 τὸ
592 293 740 328 εἰλικρινές
759 301 788 319 τε
805 293 852 320 καὶ
871 302 920 320 κα-

130 342 290 375 θαρώτατον
306 340 355 375 τῆς
369 340 471 374 σαρκὸς
481 339 527 366 τοῦ
543 339 646 374 Κυρίου
660 347 666 353 ·
683 339 722 365 ὅτι
737 338 876 372 ἄψαυστόν
889 347 919 365 τε

130 389 178 414 καὶ
192 387 369 414 ἀνεπίδεκτον
383 387 480 421 μώμου
495 386 611 418 παντός·
627 386 677 421 τὴν
691 386 729 418 δὲ,
748 386 788 421 τῷ
799 385 920 420 ὲνζὺμῳ,

131 434 176 460 διὰ
190 434 240 468 τὴν
263 433 363 460 ἕνωσιν
386 433 435 467 τῆς
453 432 579 467 θεότητός
593 441 622 458 τε
639 432 686 458 καὶ
709 431 921 467 ἀνθρωπότητος

129 481 178 513 τῆς
193 478 277 506 αὐτοῦ
293 479 481 510 ὑποστάσεως.
498 478 552 504 Καὶ
567 478 681 509 εἰκότως
692 485 700 493 ·
718 477 813 513 ὥσπερ
826 477 880 513 γὰρ
890 477 922 504 τὸ

130 527 235 560 ἄζυμον
250 524 416 560 λεπτότατόν
427 533 457 551 τε
471 524 516 551 καὶ
534 523 730 559 καθαρώτατόν
747 525 816 556 ἐστι,
834 523 878 551 διὰ
892 524 923 550 τὺ

130 573 194 600 ἄνευ
216 573 306 606 ζύμης
330 572 457 605 γενέσθαι
479 571 557 603 αὐτὸ,
575 571 650 605 ζύμη
669 572 724 606 γὰρ
749 571 767 606 ἡ
794 571 923 605 ἁμαρτία

131 619 208 654 παρὰ
225 619 257 653 τῇ
275 618 369 652 Γραφῇ
398 617 516 650 λέγεται,
538 617 609 643 οὕτω
637 617 684 643 καὶ
701 616 731 643 τὸ
747 615 795 643 τοῦ
817 616 921 651 Κυρίου

133 666 212 699 σῶμα
236 664 430 700 καθαρώτατον
444 664 484 696 ὃν,
510 664 558 690 καὶ
581 663 759 691 ἀνεπίδεκτον
783 664 923 698 ἁμαρτίας

132 713 232 746 πάσης.
249 711 282 738 δι’
300 711 406 745 ἁζύμου
428 712 623 746 ίερουργεῖται.
640 711 695 737 Καὶ
710 710 806 745 ὥσπερ
818 711 832 737 ὁ
846 710 923 742 ἕνζυ-

134 767 184 794 μος
220 758 264 784 διὰ
289 759 338 793 τῆς
365 757 455 792 ζύμης
490 758 678 792 ὰρτοποιεῖται
700 758 748 783 καὶ
783 759 824 789 εὶς
857 757 923 784 ὑπό-

133 814 231 831 στασιν
246 804 406 840 παχυτέραν
421 804 538 838 γίνεται,
556 804 627 831 οὕτω
648 805 733 831 καὶτὸ
750 804 797 832 τοῦ
818 805 922 838 Κυρίου

133 851 213 886 σῶμα
230 852 275 878 διὰ
295 850 342 877 τοῦ
368 851 530 886 φυράματος
552 851 601 885 τῆς
619 850 795 886 ἀνθρωπίνης
822 852 923 887 σαρκὸς

367 140 442 172 1-1ιο
462 140 569 172 CONC.
591 141 779 171 FLOREN'I‘.
807 141 886 171 C.\P.
912 141 922 170 Ι

980 142 1017 171 )E
1037 142 1164 173 AZYMO
1187 144 1236 174 ΕΤ
1257 145 1527 177 ΙΤΕΙὶΜΕΝΤΛΤυ.

129 201 263 236 δηλονότι,
281 201 328 227 καὶ
343 201 405 232 ταῖς
429 201 459 227 ὲν
481 202 513 236 τῇ
532 200 673 234 ’Λνατολῇ.
694 201 810 235 "Aptata
826 200 881 234 γὰρ
895 199 925 226 τὸ

980 199 1089 234 inquam
1101 206 1128 228 ct
1143 200 1310 229 Oricntalem

1692 152 1701 180 i
1711 149 1763 180 926

1330 210 1337 229 ί
1358 210 1420 229 nam
1435 204 1546 238 optimc,
1564 208 1593 232 ut
1608 205 1666 239 ipse
1691 207 1765 234 art-i-

969 249 1041 277 'll'Ul‘,
1059 245 1210 274 declaravit
1234 248 1307 282 quod
1324 256 1397 275 nunc
1423 250 1593 283 propositum
1618 255 1671 284 est,
1696 252 1766 280 hanc

975 299 1073 326 azymo
1091 300 1168 319 usam
1184 300 1247 320 esse
1269 294 1307 320 ait
1320 299 1429 329 propter
1440 295 1626 323 sinceritatem
1641 301 1669 324 et
1687 300 1765 332 puri-

975 341 1058 366 tatem
1078 339 1173 366 carnis
1195 339 1317 373 Domini,
1332 341 1396 376 quia
1415 342 1545 369 immunis
1560 346 1587 370 et
1606 351 1703 378 expers
1722 351 1764 372 est

975 386 1065 413 omnis
1094 386 1154 414 vitii
1173 387 1270 415 :illam
1289 388 1456 416 fermentalo
1484 396 1594 425 propter
1614 391 1766 419 divinilatis

975 436 1001 459 et
1013 431 1192 459 humanitatis
1206 433 1335 461 unionem
1354 434 1379 461 in
1397 435 1484 469 ipsius
1503 436 1643 470 liypostasi
1658 443 1665 463 :
1683 437 1768 472 idque

977 478 1076 505 merito
1092 487 1099 510 ;
1124 486 1185 505 nam
1201 483 1231 506 ut
1250 487 1375 515 azymum
1400 481 1612 509 subtilissimum
1631 490 1664 510 ac
1680 483 1768 517 puris-

975 524 1077 551 simum
1107 530 1159 557 est,
1192 526 1256 559 quia
1285 533 1345 553 sine
1377 528 1512 554 fermento
1529 528 1674 556 coniicitur
1692 529 1765 564 (imm

975 568 1111 597 fermento
1135 578 1184 604 pro
1208 575 1321 605 peccato
1349 571 1488 611 Scriptura
1519 572 1627 607 utitur),
1665 572 1704 599 sic
1738 578 1767 599 et

978 615 1083 643 Domini
1099 623 1199 652 corpus
1207 624 1268 644 cum
1284 618 1460 652 purissimum
1477 626 1526 646 nec
1537 619 1653 653 alicujus
1664 620 1768 653 peccati

977 662 1152 696 perceptibile
1181 664 1235 696 sit,
1255 663 1281 690 in
1308 665 1396 699 azyiui
1412 666 1547 692 sacriticio
1563 665 1716 698 coniicitur,
1735 673 1776 692 ac

978 712 1008 734 ιιι
1030 708 1227 735 fermentatum
1256 717 1304 743 per
1319 709 1481 737 fermentum
1501 710 1527 737 ili
1551 719 1770 746 DRDCIIICOHVGT-

978 755 1056 787 titur,
1092 759 1119 782 et
1151 757 1334 783 substantiam
1367 757 1531 785 crassiorem
1564 758 1648 791 subit,
1677 759 1717 785 sic
1742 763 1769 785 et

978 800 1086 828 Domini
1098 809 1199 836 corpus
1216 810 1263 836 per
1293 803 1420 830 humana!
1439 804 1531 832 carnis
1544 805 1767 840 conspersionem

977 848 1005 876 in
1023 856 1105 875 unam
1133 848 1283 876 divinitatis
1305 855 1333 876 et
1359 851 1537 877 humanitatis
1558 859 1702 886 personam
1719 859 1768 886 per

132 898 172 929 ei;
189 898 340 925 ὑπόστασιν
357 897 422 931 μίαν
439 897 567 932 θεότητος
583 906 612 924 τε
634 898 681 924 καὶ
699 898 923 933 ἀνθρωπὸτητος,

980 894 1139 924 fermentum
1165 895 1315 923 indicatur.
1350 896 1443 931 Itaque
1476 905 1525 932 per
1554 898 1718 925 fermentum
1741 903 1768 926 et

132 944 175 971 διὰ
191 943 238 970 τοῦ
255 943 371 977 ἐνζύμου
386 943 555 970 ἐνδείκνυται
566 951 572 960 ·
590 945 636 970 καὶ
652 943 740 975 οὕτως
756 944 789 971 δι’
804 944 924 979 ὲνζύμου

133 999 163 1016 τε
181 991 228 1016 καὶ
243 989 348 1024 ἀζύμου
361 989 390 1016 τὸ
404 989 452 1016 τοῦ
465 989 569 1024 Κυρίου
583 989 688 1023 γίνεται
709 990 788 1024 σῶμα
804 990 927 1024 ἀναμφι-

134 1036 236 1068 ϐόλως·
257 1036 305 1063 καὶ
327 1036 382 1068 τοῖς
403 1035 564 1062 πιστεύουσι
593 1031 770 1071 σωτηριώδης
786 1036 845 1062 ἐστὶ
865 1045 924 1063 κοι-

134 1083 227 1110 νωνία.

429 1154 432 1155 ,
513 1129 551 1156 8’.

178 1175 244 1202 Ἰδοὺ
260 1176 308 1202 καὶ
325 1175 355 1202 τὸ
371 1175 500 1211 δεύτερον
518 1176 573 1202 τῶν
589 1176 656 1211 παρ’
671 1177 737 1212 ἡμῖν
755 1176 927 1211 ἐγκαλουμέ-

135 1231 202 1256 νων,
218 1223 368 1258 ἀπεδείχθη
386 1223 488 1256 καλῶς,
504 1223 542 1255 ὼς
557 1223 671 1257 ἀμαθῶς
693 1224 760 1258 ἡμῖν
773 1223 926 1257 ἐγκαλεῖτε,

136 1268 184 1294 καὶ
211 1268 315 1299 σκαιῶς
340 1268 391 1303 τὴν
413 1268 608 1303 οἱκουμενικὴν
630 1268 775 1304 διασύρετε
805 1269 926 1302 σύνοδον,

137 1315 321 1342 πιστεύουσαν
336 1316 364 1341 ἐν
379 1315 477 1350 ἀζύμῳ
491 1315 522 1341 τὸ
537 1316 618 1350 σῶμα
632 1315 679 1341 τοῦ
692 1315 823 1350 Χριστοῦ,
840 1317 888 1342 καὶ
900 1317 928 1342 ἑν

138 1362 248 1397 ὲνςύμῳ
264 1363 313 1397 οὐχ
331 1360 412 1398 ἧττον
429 1363 578 1395 τελεῖσθαι,
591 1362 651 1393 ἐνὸς
669 1362 745 1394 ἧντος
767 1363 813 1389 τοῦ
828 1363 928 1389 δεσπο-

138 1411 214 1437 τικοῦ
231 1411 368 1445 σώματος,
381 1410 428 1437 καὶ
439 1411 469 1436 οὐ
481 1409 661 1445 μεριζομένου
674 1410 714 1440 είς
728 1409 785 1443 δύο,
798 1409 835 1442 ὡς
847 1411 928 1445 ἡμεῖς

136 1459 162 1484 oi
175 1460 209 1493 τῇ
228 1458 332 1494 συνόδῳ
351 1458 387 1493 μὴ
413 1457 551 1493 ἑπόμενοι,
569 1456 682 1489 ἄκοντές
697 1465 726 1483 τε
740 1457 787 1483 καὶ
814 1456 851 1492 μὴ
867 1456 929 1491 βου-

138 1506 256 1540 λόμενοι,
273 1506 296 1531 εί
312 1506 360 1531 καὶ
378 1505 416 1540 μὴ
431 1504 474 1530 διὰ
489 1504 611 1538 γραφῆς,
627 1503 685 1530 ἀλλ’
701 1505 729 1529 ὲν
745 1503 784 1538 τῷ
801 1504 928 1530 ἀπιστεῖν

136 1554 193 1583 τοῖς
215 1552 384 1587 λεγομένοις,
403 1551 603 1590 συμπεραίνετε
617 1559 624 1567 ·
649 1550 697 1577 καὶ
712 1551 756 1577 διὰ
781 1550 861 1585 τοῦτο
876 1551 927 1577 οὔκ
942 1566 964 1595 c

138 1597 284 1632 ἐκφεύγετε
301 1598 346 1624 τον
359 1597 466 1624 ὖλισθον
480 1597 528 1632 τῆς
538 1597 682 1631 αἱρέσεως.
702 1596 732 1623 '0
744 1596 798 1632 γὰρ
809 1596 928 1630 Χριστός

137 1655 204 1681 φησι
221 1645 270 1681 τὴν
291 1644 455 1678 Ἐκκλησίαν
472 1643 556 1671 αὐτοῦ
574 1644 710 1678 μηδέποτε
737 1643 906 1678 πλανηθῆναι
920 1662 928 1676 ,

137 1692 198 1720 ἐπεὶ
215 1692 399 1727 ἐπηγγείλατο
417 1691 481 1725 μετι
491 1691 577 1722 αὐτῆς
592 1688 663 1716 εἶναι
676 1690 821 1725 διηνεκῶς.
837 1689 868 1715 Ei.
881 1688 928 1715 οὖν

137 1738 240 1774 ἀληθής
258 1739 331 1764 ἐστιν
354 1738 368 1763 ὁ
387 1737 513 1772 Χριστὸς,
531 1737 579 1763 καὶ
596 1732 829 1772 τὴνέπαγγελίαν
845 1734 928 1761 αὑτοῦ

137 1786 177 1812 δεῖ
201 1785 341 1811 πιστεύειν
364 1782 435 1810 εἶναι
458 1784 562 1818 ἀληθῆ·
590 1783 658 1818 φησὶ
678 1782 742 1818 γὰρ,
763 1791 772 1807 ‹
794 1782 849 1808 Καὶ
874 1781 928 1807 ἰδοὺ

137 1831 194 1865 ἐγὼ
213 1830 272 1866 μεθ’
297 1826 377 1866 ὖμῶν
398 1831 459 1865 εἰμι
484 1831 575 1860 πάσας
604 1830 658 1860 τὰς
682 1828 789 1864 ἡμέρας
811 1827 863 1858 ἕως
879 1827 929 1862 τῆς

138 1877 296 1908 συντελείας
321 1876 368 1902 τοῦ
384 1876 479 1907 αίῶνος
493 1884 499 1890 ·
519 1885 527 1900 ι
547 1875 595 1901 καὶ
610 1875 693 1909 ἡμεῖς
709 1873 781 1900 οὕτω
801 1872 929 1899 πιστεύο-

139 1931 190 1958 μεν
207 1924 277 1957 μετὰ
299 1923 348 1956 τῆς
370 1921 536 1956 Ἐκκλησίας
553 1921 636 1948 αὑτοῦ
657 1918 727 1947 εἷναι
754 1920 799 1945 διὰ
816 1919 927 1951 παντὸς,

138 1971 186 1996 καὶ
211 1969 348 2005 μηδέποτε
366 1969 542 2002 καταλείψειν
565 1967 662 2002 αὑτήν.
681 1967 710 1994 Εἰ
731 1967 758 1992 δὲ
778 1966 838 1992 καθ’
856 1966 928 2001 ὑμᾶς

137 2016 322 2050 ἐπηγγείλατο
349 2015 400 2049 μὲν
423 2015 562 2049 διαμένειν
580 2013 713 2049 διηνεκῶς
746 2013 806 2047 μετ’
829 2012 926 2046 αὐτῆς,

138 2063 269 2090 κατέλιπε
285 2061 314 2088 δὲ
334 2062 430 2096 αὐτὴν,
450 2062 498 2088 καὶ
513 2060 589 2087 εἴασε
604 2060 787 2095 πλανηθῆναι,
804 2059 833 2091 ἐξ
847 2059 926 2093 ἐνάγ-

137 2118 189 2145 κης
205 2108 325 2144 ψεύστης
340 2108 414 2134 ἐστίν
428 2116 435 2123 ·
447 2107 472 2134 εἰ
485 2107 512 2134 δὲ
524 2107 656 2142 ψεύστης,
670 2107 701 2132 οὐ
714 2106 789 2138 θεός.
809 2106 864 2132 Καὶ
877 2105 928 2140 ὅρα

136 2155 186 2189 τὴν
200 2153 317 2180 ἀτοπίαν
331 2153 377 2179 τοῦ
393 2152 485 2186 λέγειν
503 2151 575 2186 ὑμᾶς
593 2150 638 2177 τὸν
654 2149 773 2185 Χριστὸν
784 2149 906 2184 ψεύστην
920 2156 927 2164 ·

135 2203 216 2229 ’τοῦτο
229 2201 284 2236 γὰρ
299 2202 388 2235 πάσης
410 2199 526 2233 ἀνομίας
545 2198 591 2225 καὶ
607 2197 784 2233 βλασφημίας
798 2197 928 2230 ὑπέρκει-

135 2259 192 2276 ται.
215 2248 296 2275 Ἀλλὰ
322 2248 381 2283 μετ’
402 2247 488 2281 αὐτῆς
508 2244 552 2281 ἦν,
573 2245 621 2272 καὶ
643 2244 701 2271 ἐστι
725 2245 772 2281 καὶ
789 2243 865 2269 ἔσται
882 2242 928 2268 καὶ
946 2237 966 2264 Ῐ)

138 2297 214 2331 μενεί
231 2296 270 2326 εἰς
287 2294 332 2321 τὸν
349 2293 435 2320 αἰῶνα
460 2292 506 2319 τὸν
525 2292 652 2319 ἅπαντα·
676 2289 728 2317 κᾶν
748 2289 927 2324 διαρρήγνυν-

136 2351 182 2368 ται
200 2341 225 2367 οἰ
243 2340 375 2366 τάναντία
394 2338 444 2373 τῆς
467 2336 587 2373 Χριστοῦ
613 2335 777 2370 Ἐκκλησίας
797 2334 844 2360 καὶ
862 2341 929 2368 φρο-

136 2387 245 2418 νοῦντες
262 2387 309 2413 καὶ
320 2386 497 2420 πράττοντες.
517 2383 612 2418 Ἡμεῖς
626 2382 648 2409 δ’
666 2382 733 2417 αὐτῇ
745 2383 793 2408 καὶ
803 2379 929 2415 ἑπόμεθα

138 2433 185 2460 καὶ
203 2431 406 2466 ἀκολουθῶμεν
418 2440 425 2446 ·
443 2431 480 2462 ὼς
494 2430 532 2465 μὴ
548 2429 663 2456 δυνατὸν
675 2426 744 2454 εἶναι
760 2428 846 2462 αὐτήν
861 2435 927 2452 ποτε

137 2479 242 2514 πλάνην
255 2479 372 2514 κηρύξαι
383 2488 389 2495 ·
409 2478 477 2505 ἀλλὰ
495 2478 596 2512 μᾶλλον
617 2475 747 2510 ἀλήθειαν
761 2475 810 2502 καὶ
821 2473 928 2508 690050-

137 2527 209 2559 ξίαν,
237 2526 273 2557 ὡς
302 2525 363 2560 μετ’
388 2526 473 2560 αὐτῆς
497 2524 613 2559 ἔχουσαν
641 2522 687 2549 τὸν
709 2522 827 2556 νυμφίον
845 2520 929 2555 αὐτῆς

143 2573 249 2606 Ἰησοῦν
275 2573 321 2598 τὸν
345 2572 473 2606 Χριστόν.
497 2571 731 2605 ’Υποτασσὸμενοι
762 2566 808 2595 οὖν
835 2567 928 2603 ἐκείνῃ

137 2621 213 2651 ἐντός
231 2620 314 2654 ἐσμεν
337 2621 387 2653 τῆς
404 2618 540 2652 σωστικῆς
563 2616 683 2643 κιϐωτοῦ
698 2624 705 2632 ⁸
724 2615 758 2642 δι’
775 2612 809 2650 ἧς
831 2616 862 2641 ἐκ
881 2613 928 2640 τοῦ

140 2666 257 2701 ματαίου
275 2665 333 2700 βίου
349 2665 445 2691 τούτου
478 2665 545 2700 πρὸς
568 2664 617 2699 τὴν
631 2663 717 2691 ἀΐδιόν
731 2671 759 2688 τε
779 2663 825 2689 καὶ
842 2670 931 2696 μακα-

141 2713 202 2748 ρίαν
220 2711 292 2747 ζωην
319 2710 502 2745 ὲπςινὴξομεν.
521 2711 616 2745 Ἔχετε
643 2708 690 2737 οὖν
708 2710 756 2736 καὶ
776 2709 854 2744 ὑμεῖς
870 2708 929 2734 ἱκα-

140 2758 194 2789 νῶς
214 2756 352 2792 ὀρθόδοξοι
376 2756 426 2790 τὴν
439 2756 492 2782 τῶν
508 2757 660 2790 εἰρημένων
681 2755 841 2790 ἀπολογίαν.
859 2754 930 2780 Τού-

137 2812 196 2836 τοις
210 2803 353 2839 ἐμμένετε,
381 2803 421 2829 ὄτι
445 2803 496 2829 οὐκ
517 2803 586 2829 εἰσὶν
609 2804 692 2838 ἕτερα
710 2804 732 2829 εί
761 2803 799 2838 μὴ
820 2801 856 2828 τὰ
873 2801 927 2827 τῶν

194 2895 216 2910 ⁵⁷
228 2895 322 2923 Matth.
342 2902 385 2925 xx,
404 2894 445 2920 l9.

293 2946 432 2976 I'ATROL.
454 2944 512 2974 Gn.
537 2940 636 2973 CLIX.

977 949 1103 978 azymum
1133 943 1207 970 omni
1236 949 1341 971 remota
1377 944 1550 972 dubitatione
1576 946 1685 973 Domini
1708 953 1769 973 cor-

978 995 1028 1023 pus
1041 988 1196 1020 coniicitur.
1209 994 1237 1016 et
1251 990 1321 1024 apud
1336 991 1480 1019 credentes
1498 992 1628 1020 salutaris
1645 992 1673 1019 lit
1694 1000 1770 1020 com-

978 1042 1083 1062 ιιιυηιο.

1337 1127 1382 1155 IX.

1013 1174 1084 1202 Ecce
1096 1175 1221 1202 secundte
1246 1175 1301 1210 jam
1319 1176 1487 1203 accusationi
1507 1181 1604 1204 vestra:
1634 1177 1702 1205 bene
1729 1185 1770 1204 re-

979 1221 1156 1256 spondimus,
1186 1222 1413 1258 ostendimusqne
1450 1224 1523 1259 quod
1559 1224 1684 1259 imperite
1718 1232 1769 1251 nos

979 1269 1177 1301 criminamini,
1206 1274 1233 1296 ct
1252 1269 1365 1297 sinistre
1399 1272 1600 1298 (ecumcuieam
1624 1272 1771 1299 traducitis

980 1315 1113 1350 synodum
1129 1324 1189 1350 qua:
1202 1323 1279 1350 teque
1304 1316 1330 1343 in
1345 1324 1442 1351 azyma
1458 1323 1484 1344 et
1502 1318 1637 1345 fermento
1650 1318 1771 1346 Domini-

980 1369 1042 1388 cum
1067 1370 1168 1397 corpus
1182 1363 1280 1390 confici
1307 1364 1404 1397 eredit,
1425 1371 1487 1391 cum
1504 1372 1587 1391 unum
1605 1365 1640 1392 sit
1662 1365 1770 1393 Domini

981 1407 1092 1442 corpus,
1108 1410 1195 1436 nonin
1209 1410 1263 1437 duo
1278 1402 1452 1442 distractum,
1468 1414 1496 1437 ut
1511 1418 1559 1438 vos
1576 1412 1622 1446 qui
1636 1413 1770 1446 synodum

981 1463 1034 1482 non
1058 1456 1216 1490 sequimini,
1247 1456 1371 1484 nolentes
1403 1457 1538 1490 volentes,
1566 1458 1691 1492 quamvis
1717 1467 1770 1485 non

982 1502 1095 1536 scripto,
1113 1502 1159 1530 sed
1179 1503 1304 1538 negando
1318 1511 1378 1538 qua:
1395 1504 1523 1536 dicimus,
1549 1505 1723 1538 concludiiis,
1743 1511 1772 1532 et

982 1548 1042 1575 ideo
1059 1556 1093 1575 ne
1107 1549 1132 1575 in
1146 1549 1256 1576 hmresis
1270 1550 1374 1586 lapsum
1398 1551 1535 1584 incidatis,
1563 1559 1617 1579 non
1638 1551 1769 1588 effingitis.

981 1595 1049 1621 Nam
1075 1595 1204 1623 Christus
1221 1596 1288 1624 dicit
1307 1605 1448 1632 nunquam
1467 1605 1545 1625 suam
1568 1607 1661 1626 errare
1678 1599 1773 1626 Eccie-

981 1642 1062 1673 siam,
1075 1642 1139 1676 quia
1156 1649 1185 1670 se
1203 1650 1312 1677 semper
1328 1651 1389 1670 cum
1406 1651 1437 1671 ea
1453 1652 1616 1672 mansurum
1636 1646 1774 1680 pollicitus

981 1693 1032 1715 est.
1048 1688 1075 1715 Si
1100 1696 1164 1722 ergo
1191 1696 1272 1716 verus
1288 1694 1329 1716 est
1346 1688 1485 1722 Christus,
1512 1695 1538 1718 et
1559 1692 1771 1726 promissionem

981 1741 1059 1761 suam
1079 1742 1170 1761 veram
1187 1742 1249 1761 esse
1270 1739 1400 1768 oportet;
1428 1736 1466 1763 ita
1486 1737 1558 1764 enim
1577 1737 1655 1769 dixit,
1682 1748 1690 1763 ‹
1716 1739 1771 1774 Ego

981 1780 1121 1808 vobiscum
1143 1788 1201 1808 sum
1216 1781 1342 1808 omnibus
1366 1782 1460 1809 diebus
1480 1791 1567 1817 usque
1583 1783 1615 1809 ad
1644 1791 1773 1811 consum-

982 1827 1131 1854 mationem
1151 1828 1244 1855 srcculi
1258 1828 1291 1859 ¹’⁷,
1323 1838 1332 1854 ι
1351 1837 1457 1863 nosque
1479 1830 1516 1856 ita
1541 1830 1691 1863 erudimus,
1708 1838 1770 1857 eum

981 1881 1043 1901 cum
1057 1873 1180 1901 Ecclesia
1198 1881 1247 1902 sua
1274 1883 1382 1909 semper
1397 1883 1457 1903 esse
1482 1884 1703 1910 permansurum,
1721 1885 1771 1904 nec

983 1927 1043 1946 eam
1056 1920 1252 1948 dcrelicturum
1268 1929 1400 1956 unquam.
1419 1922 1447 1949 Si
1466 1931 1531 1949 vero
1552 1925 1701 1950 secundum
1721 1932 1772 1950 vos

982 1973 1043 1992 cum
1059 1974 1090 1992 ea
1118 1973 1147 1993 se
1167 1973 1274 2001 srmpcr
1307 1975 1468 1995 mansurum
1484 1969 1622 2002 pollicitus
1638 1975 1689 2002 est,
1723 1970 1771 1997 sed

982 2013 1126 2047 dereliquit
1139 2013 1212 2040 illam
1236 2019 1263 2040 et
1275 2022 1369 2041 errare
1390 2015 1524 2048 permisit,
1545 2024 1577 2042 ex
1607 2017 1771 2044 necessitate

982 2060 1100 2087 mendax
1118 2065 1171 2088 est.
1189 2059 1217 2086 Si
1234 2069 1298 2088 vero
1323 2061 1451 2094 mendax,
1477 2062 1548 2088 Deus
1574 2070 1627 2088 non
1647 2067 1698 2089 est.
1727 2063 1772 2089 νίν

981 2108 1044 2134 dete
1063 2107 1090 2134 in
1101 2115 1184 2141 quam
1197 2108 1394 2136 absurditatem
1409 2109 1707 2141 ineidistis,Christum
1723 2117 1771 2137 vo-

982 2154 1070 2181 cando
1085 2154 1257 2187 mendacem,
1274 2162 1335 2181 nam
1353 2155 1404 2182 hoc
1416 2164 1525 2183 omnem
1546 2156 1720 2190 iniquitatem
1743 2162 1772 2183 et

982 2200 1183 2235 blasphemiam
1199 2205 1326 2235 superat:
1340 2201 1388 2228 sed
1407 2209 1469 2228 cum
1485 2209 1516 2228 ea
1534 2201 1596 2235 fuit,
1619 2207 1645 2229 et
1665 2208 1717 2233 est,
1745 2208 1772 2229 ct

982 2246 1045 2278 erit,
1069 2251 1096 2273 et
1109 2246 1230 2284 manebit
1245 2246 1270 2273 in
1290 2247 1404 2279 saecula,
1419 2247 1544 2282 quamvis
1556 2248 1772 2282 disrnmpautur,

981 2293 1028 2327 qui
1061 2298 1157 2320 contra
1180 2300 1261 2328 quam
1294 2292 1416 2322 Ecclesia
1439 2294 1532 2326 sentit,
1548 2295 1671 2322 sentiunt
1685 2298 1713 2322 et
1733 2294 1773 2321 ia-

982 2339 1060 2366 ciunt
1076 2347 1082 2364 :
1104 2346 1154 2366 nos
1168 2346 1231 2366 vero
1241 2347 1301 2366 eam
1311 2340 1452 2374 sequimur
1471 2345 1498 2367 et
1512 2340 1701 2373 observamus,
1712 2348 1773 2375 pi-r-
1818 2355 1822 2357 Α

981 2385 1045 2412 inde
1063 2393 1094 2412 ac
1111 2384 1281 2420 impossibile
1292 2386 1328 2414 sit
1343 2391 1373 2413 ut
1387 2393 1418 2414 ea
1435 2394 1557 2415 errorem
1574 2386 1713 2421 pradicet,
1723 2387 1769 2414 sed

982 2431 1069 2467 magis
1096 2432 1237 2459 veritatem
1256 2437 1282 2458 et
1303 2437 1404 2460 rectam
1431 2433 1522 2464 ﬁdem,
1538 2441 1600 2460 cum
1616 2441 1648 2460 ea
1677 2441 1770 2462 secum

984 2477 1072 2505 habet.
1084 2485 1215 2512 sponsum
1233 2485 1312 2505 suum
1330 2477 1479 2506 Christum.
1498 2478 1566 2506 Cum
1581 2486 1645 2514 ergo
1658 2479 1694 2507 illi
1711 2480 1774 2507 sub-

981 2524 1105 2558 jieimur,
1119 2524 1191 2550 intra
1209 2523 1306 2551 salutis
1322 2530 1415 2550 arcam
1423 2525 1502 2558 positi
1516 2532 1621 2557 sumus,
1636 2533 1773 2560 perquam

984 2577 1017 2597 ex
1032 2570 1081 2597 hac
1096 2570 1177 2597 stulta
1197 2569 1251 2596 vita
1273 2570 1300 2595 in
1325 2573 1456 2596 aeternam
1473 2577 1506 2596 ac
1528 2569 1633 2597 beatam
1653 2578 1775 2599 reverte-

965 2611 967 2613 ’
985 2623 1057 2643 mur.
1081 2616 1194 2643 Habetis
1212 2615 1294 2649 igitur
1310 2621 1444 2650 quantum
1478 2616 1543 2643 satis
1563 2620 1606 2643 est
1631 2616 1773 2644 orthodoxi

983 2662 1016 2690 ad
1033 2671 1063 2690 ea
1079 2670 1140 2697 qua:
1154 2663 1226 2690 dicta
1246 2667 1320 2695 sunt,
1348 2662 1554 2695 responsionem
1569 2671 1575 2689 :
1594 2663 1621 2690 in
1634 2697 1636 2699 _
1650 2663 1693 2690 his
1713 2670 1772 2691 ma-

984 2715 1062 2743 nete;
1078 2709 1145 2737 nihil
1159 2710 1232 2736 enim
1249 2709 1274 2736 in
1290 2709 1323 2736 iis
1341 2709 1477 2743 reperitur
1490 2709 1540 2736 nisi
1564 2717 1595 2736 ea
1619 2717 1679 2744 qua:
1691 2709 1775 2735 lumi-

984 2755 1061 2783 naria
1080 2755 1320 2789 Ecclcsiazjubent
1338 2764 1345 2781 :
1361 2763 1451 2790 neque
1467 2756 1516 2788 iis,
1535 2756 1580 2790 qui
1602 2755 1725 2790 litigandi
1745 2760 1774 2793 et

984 2801 1165 2830 contendendi
1180 2802 1245 2830 vitio
1272 2804 1423 2836 loquuntur
1447 2809 1479 2829 ac
1504 2802 1639 2836 scribunt,
1655 2802 1776 2838 vestigiis

1558 2937 1595 2967 39
