1961 3075
137 145 147 176 1
154 145 205 176 -29

474 145 549 175 PRO
568 146 670 178 CONC.
689 146 878 179 FLORENT.
902 146 986 178 CAP.
1007 146 1065 178 ΙΙΙ.
1089 147 1138 178 DE
1158 146 1417 178 PURGATORIO.

1699 148 1766 180 1930

132 202 182 236 τὴν
199 201 392 236 προσήκουσαν
405 202 601 236 ἁποόὼσομενς
619 203 673 229 Καὶ
690 203 800 238 πρῶτον
812 203 863 237 μὲν
875 203 922 229 τὸν

978 203 1042 230 huic
1050 203 1131 238 capiti
1146 203 1305 236 alIeramus,
1318 211 1345 231 et
1364 212 1423 231 eam
1440 211 1522 239 quam
1535 205 1613 232 decet
1634 205 1766 232 medelam

133 250 165 275 ἐκ
183 248 330 281 Δαμασκοῦ
356 249 531 283 θεορῤήμονα
547 249 594 275 καὶ
620 250 773 284 πάμχιεγαν
795 250 922 284 Ἰωάννην

133 297 172 326 εἰς
188 295 270 329 μέσον
286 295 472 329 προφέρωμεν
486 303 491 309 ·
510 296 568 330 μετ’
587 295 669 322 αὐτὴν
693 296 720 322 δὲ
738 297 784 322 καὶ
801 296 852 330 τὴν
866 296 925 322 λοι-

133 342 188 376 πὴν
204 342 342 376 ἑταιρείαν
355 343 409 368 τῶν
425 342 603 373 διδασκάλων.
623 343 685 374 τοὺς
704 343 733 375 ἐξ
753 342 840 377 Ἐῲεις
859 343 924 378 ἡμῖν

132 388 339 419 ἁνατείλαντας,
369 389 534 423 συμφώνους
567 388 643 423 αὐτῷ
677 389 922 424 παραστήσωμεν⁶

132 434 211 464 οὗτος
231 434 287 468 γὰρ
301 435 468 470 ό¹μακάριος
491 434 565 461 τοῦτ’
584 435 661 467 αὐτὸ,
676 436 746 470 ὅπερ
768 435 794 462 οἱ
808 436 862 470 ζνῦν
878 436 924 462 ἀν-

133 482 242 515 τάρται,
258 480 307 514 τῆς
330 480 406 514 ἱερᾶς
425 481 546 512 συνόδου,
560 481 706 516 ἀρνοῦνται
731 481 779 507 καὶ
803 481 924 508 ἀποϐάλ-

104 525 110 529 “
133 528 236 560 λονται,
250 527 361 561 προθεὶς
377 527 417 559 είς
433 527 558 559 ἐξέτασιν
578 529 606 554 ὲν
623 529 655 562 τῇ
675 529 740 563 περὶ
757 528 813 554 τῶν
828 537 923 555 κεκοι-

135 574 267 608 μημένων
304 574 387 601 αὐτοῦ
417 576 537 610 μυστικῇ
573 575 696 611 Θεωρία,
731 575 804 609 μάλα
833 575 924 608 καλῶς

133 619 298 654 διεσάφησεν
312 628 318 635 ·
333 620 371 651 ὥς
384 629 465 647 τινων
480 621 544 655 περὶ
563 621 660 648 τούτου
682 621 923 656 διαπορησάντων,

133 666 172 697 ὡς
190 665 328 699 φαίνεται,
341 666 380 701 τῷ
392 666 452 693 τότε
472 667 578 702 καιρῷ·
595 668 643 695 καὶ
668 667 748 701 λόγον
775 668 924 703 ὀλόκληρον

135 713 330 746 ποιησάμενος,
342 713 476 739 τάκείνων
487 713 628 748 ἐφίμωσεν
639 713 772 741 ἀπύλωτα
787 714 922 748 στόματα.

135 759 190 784 Καὶ
205 759 286 790 εἴτις
305 758 434 790 ἐπιεικῶς
451 759 483 786 τὰ
499 760 557 786 ἐκεῖ
568 759 686 794 ἀναγνῷ,
706 759 872 795 θαυμάσειεν
891 762 924 788 ἂν

135 805 246 836 ἱκανῶς,
270 805 317 831 καὶ
339 804 465 839 οὐδαμῶς
490 805 670 837 ὲπενδοιάζων
693 807 770 834 ἔσται
794 806 864 842 πρὸς
875 808 923 843 τὴν

133 851 256 882 ἐξέτασιν
267 859 275 866 ·
291 851 359 878 ἀλλὰ
374 852 427 886 προ
448 850 494 878 τοῦ
511 851 646 887 ἄρξασθαι
664 853 718 879 τῶν
741 853 835 880 τούτου
856 863 924 881 παν-

134 898 225 931 σόφων
235 897 321 931 λόγων
336 906 363 924 τε
380 898 428 924 καὶ
444 897 614 933 μαρτυριῶν,
628 899 674 925 τὸν
691 899 770 933 λόγον
786 900 825 931 ὡς
840 900 868 926 ὲν
882 900 924 926 δι-

134 943 278 978 καστηρίῳ
301 943 459 978 μερίσωμεν
473 952 479 958 ·
497 945 543 970 καὶ
563 945 662 979 ῥᾳδίως
678 947 733 976 τοῖς
750 945 926 981 βουλομένοις

135 990 200 1016 ἰδεῖν
225 990 276 1024 τὴν
298 990 433 1025 ἀλήθειαν
464 991 630 1026 προθῶμεν·
649 993 677 1018 ἐν
696 992 771 1024 τάξει
788 992 836 1024 τὰς
857 1001 927 1027 μαρ-

133 1037 241 1071 τυρίας,
257 1038 290 1069 ἃς
312 1038 417 1069 ἐκεῖνος
432 1038 446 1064 ὁ
469 1038 540 1069 θεῖος
558 1038 627 1073 ἀνὴρ
644 1039 828 1074 ἐπιτροχάδην
845 1040 923 1066 ὲκτέ‹

133 1085 224 1111 θεικεν
238 1093 245 1100 '
271 1084 442 1119 μεμνημένοι
459 1085 506 1111 τοῦ
522 1085 658 1118 λέγοντος,
684 1085 721 1115 ὡς
739 1086 771 1111 Ὅ
795 1085 926 1117 πολλάκις

132 1131 229 1166 λέληθε
245 1131 305 1163 τοὺς
318 1132 450 1164 τελείους,
465 1131 545 1158 τοῦτο
558 1131 665 1158 παιδίον
678 1131 740 1167 εὗρε
753 1141 761 1148 ·
774 1131 822 1159 καὶ
837 1132 851 1158 ὃ
863 1133 926 1164 τοὺς

134 1179 234 1212 σοφοὺς
256 1179 444 1214 παρέδραμεν,
473 1179 594 1209 ἰδιώταις
619 1179 749 1214 ἐνέτυχε·
767 1179 814 1205 καὶ
828 1179 842 1205 ὃ
862 1180 927 1211 τοὺς

132 1224 310 1255 διδασκάλους
329 1224 447 1257 διέλαθε,
461 1225 542 1251 τοῦτο
557 1225 678 1260 μαθηταὶ
699 1226 924 1261 ἐπεμνήσθησαν.

133 1270 219 1297 Τοῦτο
247 1271 269 1297 δ’
286 1272 368 1305 ἡμεῖς
394 1272 423 1297 οὐ
449 1271 596 1306 τολμῶμεν
619 1273 730 1299 εἰπεῖν·
756 1273 814 1299 ἀλλ’
830 1273 926 1308 ὥσπερ

135 1318 208 1352 ῥᾶγα
225 1317 292 1352 μετὰ
305 1319 351 1350 τὸν
365 1318 502 1353 τρυγητὸν
520 1319 783 1354 καταλελειμμένην,
797 1322 843 1346 καὶ
863 1321 925 1348 στά-

136 1371 186 1397 χυν
205 1363 276 1397 μετὰ
294 1363 340 1389 τὸν
357 1363 463 1398 ἁμητὺν
477 1363 521 1390 διὰ
536 1363 566 1390 τὸ
579 1364 683 1399 πλῆθος
699 1366 925 1400 παρεωραμένον,

136 1410 183 1435 καὶ
212 1410 303 1435 πᾶσαν
320 1409 431 1444 ὀπώραν
448 1409 544 1441 ἁπλῶς
569 1410 616 1438 ἐπὶ
640 1410 762 1445 δένδροις
781 1411 851 1446 μετὰ
875 1411 925 1446 τὴν

136 1455 270 1490 συλλογὴν
286 1455 490 1491 ἐκλελησμὲνην
507 1456 758 1490 ὲπισωρεύσαντες,
777 1456 848 1484 οὕτω
862 1458 927 1489 τοὺς

136 1502 327 1537 βουλομένους,
343 1501 391 1528 τοῦ
412 1503 501 1537 Ίησοῦ
519 1502 638 1536 Χριστοῦ
656 1503 862 1538 συνεργοῦντος,
879 1504 926 1530 καὶ

977 249 1168 277 adhibeamus.
1196 250 1375 285 Primumque
1409 251 1532 278 divinum
1559 255 1586 278 ct
1617 251 1766 278 maximum

976 294 1108 322 Joannem
1144 295 1340 324 Damascenum
1367 298 1393 324 in
1421 298 1540 325 medium
1573 297 1768 332 producamus.

977 341 1074 368 deinde
1087 346 1116 369 et
1129 342 1263 377 reliquum
1276 343 1416 370 doctorum
1426 348 1539 376 costum,
1555 344 1600 378 qui
1613 343 1647 370 ab
1657 343 1768 370 Oriente

976 387 1139 422 ell'ulserpnt
1171 396 1320 424 secumque
1343 390 1520 417 consentiunt
1540 409 1546 421 ,
1575 390 1716 417 sistcmus.
1745 389 1769 416 Is

976 435 1049 462 enim
1071 437 1166 463 beatus
1186 437 1226 463 vir
1245 437 1496 471 hoc-idemipsum,
1509 437 1582 472 quod
1614 444 1701 464 saera:
1725 443 1769 470 sy-

977 479 1048 507 nodo
1060 481 1225 509 rebellantes
1237 487 1336 517 negant
1349 487 1375 509 ct
1389 481 1555 517 despiciunt,
1569 481 1603 508 ad
1615 481 1768 513 disquircn-

976 526 1040 554 dum
1055 534 1211 561 proponens
1237 528 1263 554 in
1299 528 1370 556 libro
1390 528 1427 556 De
1457 528 1571 564 mystica
1597 533 1767 555 mortuorum

976 574 1210 606 consideratione,
1236 575 1339 609 liquido
1367 575 1526 608 declaravit,
1556 576 1634 610 quasi
1661 572 1696 602 de
1715 575 1769 602 hoc

976 622 1085 656 quidam
1101 630 1134 650 eo
1149 627 1281 658 tempore,
1313 627 1342 650 ut
1363 623 1480 655 videtur,
1508 622 1690 656 ambigerem,
1707 628 1766 648 ora«

977 668 1107 703 tionequc
1140 669 1244 703 integra
1263 669 1430 703 conscripta,
1455 668 1697 695 corum-ellrenala
1718 667 1768 694 ob-

975 716 1079 743 struxit
1093 723 1151 744 ora.
1167 716 1245 749 Quod
1260 717 1283 743 si
1297 717 1359 751 quis
1378 717 1447 744 bona
1473 717 1525 743 ﬁde
1539 723 1602 750 quae
1631 715 1665 741 ibi
1682 714 1769 740 conli-

977 767 1078 789 nentur
1097 762 1255 797 perlegerit,
1269 767 1402 797 quantum
1421 762 1488 789 satis
1518 767 1560 788 est
1577 761 1768 792 admirabitur,

976 816 1027 836 nec
1041 809 1158 842 amplius
1174 809 1353 847 qumstionem
1371 809 1397 835 in
1412 808 1525 835 dubium
1544 806 1694 834 revocabit.
1713 805 1770 833 Ca:-

977 861 1066 883 terum
1082 861 1228 888 antequam
1248 856 1406 883 doctissima
1434 855 1516 889 hujus
1540 855 1622 881 verba
1639 858 1665 880 et
1695 853 1771 880 testi-

979 900 1069 927 monia
1091 900 1217 935 proferre
1257 900 1435 935 iucipianms,
1462 898 1613 927 orationem
1647 902 1768 926 nostram

978 950 1107 980 tauquam
1122 946 1147 972 in
1157 945 1263 980 judicio
1274 946 1439 978 dividamus,
1452 950 1479 972 et
1499 945 1531 972 iis
1543 945 1590 980 qui
1607 945 1660 971 reri
1678 944 1770 971 studio

977 991 1126 1023 ducuntur,
1144 998 1340 1025 proponamus,
1370 991 1466 1018 ordine
1489 992 1516 1017 in
1535 990 1711 1018 recensendis
1729 994 1771 1017 tc-

978 1037 1117 1066 stimoniis
1132 1043 1321 1073 servato,qme
1346 1039 1400 1066 illis
1418 1038 1528 1066 divinus
1542 1039 1583 1065 vir
1599 1040 1700 1066 cursim
1721 1047 1769 1066 ex-

977 1084 1080 1119 posuit,
1109 1084 1211 1111 dictum
1236 1084 1262 1111 id
1281 1085 1308 1112 in
1328 1085 1486 1112 memoriam
1519 1085 1678 1120 redigenda,
1697 1087 1771 1120 quod

976 1139 1048 1166 puer
1061 1131 1086 1158 id
1106 1131 1179 1167 quod
1207 1131 1346 1159 multoties
1375 1131 1454 1158 latuit
1481 1131 1598 1162 adultos,
1617 1131 1770 1162 adim‘enil.

977 1182 1005 1205 et
1024 1178 1096 1212 quod
1116 1178 1254 1212 sapientes
1265 1178 1408 1212 praeteriit,
1433 1178 1521 1206 idiotae
1537 1178 1667 1208 occurrit.
1682 1178 1770 1212 quod-

977 1232 1030 1258 que
1044 1224 1204 1251 doctoribus
1220 1229 1389 1259 compertum
1408 1231 1462 1251 non
1485 1230 1536 1255 est,
1558 1224 1616 1258 ejus
1641 1224 1770 1258 discipuli

980 1269 1175 1297 meminerunt.
1196 1269 1296 1297 Verum
1327 1270 1353 1297 id
1378 1276 1429 1295 nos
1447 1268 1538 1296 dicere
1554 1277 1606 1297 non
1625 1270 1767 1301 audemus.

977 1316 1024 1343 sed
1048 1316 1126 1350 quasi
1142 1323 1281 1343 racemum
1304 1322 1365 1351 post
1381 1316 1545 1343 vindemiam
1563 1316 1728 1343 derelictum
1744 1320 1771 1342 et

978 1363 1080 1396 spicam
1099 1367 1160 1397 post
1189 1370 1306 1390 messem
1326 1371 1381 1397 pra:
1400 1363 1483 1390 nimia
1510 1364 1588 1397 copia
1607 1363 1770 1397 neglectam,

977 1415 1004 1436 et
1020 1408 1142 1444 reliquos
1157 1409 1276 1440 fructus.
1295 1414 1325 1436 ut
1338 1417 1392 1436 uno
1411 1409 1496 1436 verbo
1510 1409 1611 1442 dicam,
1631 1415 1691 1444 post
1707 1409 1770 1436 illos

979 1459 1124 1490 perceptos
1149 1455 1282 1482 oblivioni
1311 1455 1431 1482 traditos
1447 1462 1652 1488 eoacervautcs,
1671 1457 1707 1483 ita
1723 1464 1770 1483 eos

988 1501 1035 1535 qui
1051 1501 1157 1536 dignati
1173 1500 1274 1528 fuerint
1286 1501 1466 1536 excipiemus,
1481 1502 1591 1541 Christo
1601 1501 1665 1529 Jcsu
1679 1503 1770 1537 opitu-

133 1550 179 1575 τὸν
194 1549 272 1582 λόγον
289 1548 332 1575 διὰ
346 1549 400 1574 τῶν
417 1549 542 1583 ἐναργῶν
559 1549 726 1582 ἀποδείξεων
741 1550 924 1584 βεϐαιοῦντος,

981 1549 1053 1576 laute
1064 1555 1091 1576 et
1102 1549 1255 1577 orationem
1274 1554 1393 1577 nostram
1408 1549 1511 1584 apertis
1525 1550 1771 1578 demonstrationi-

133 1597 332 1633 δεξιωσόμεθα.

170 1644 216 1675 Εἰς
232 1644 305 1678 τρεῖς
319 1644 410 1670 τοίνυν
433 1643 544 1677 γενικὰς
562 1643 685 1678 μερίδας,
707 1644 797 1670 εἴτουν
815 1644 920 1678 τάξεις,

134 1691 196 1722 τοὺς
214 1684 435 1725 προᾶπελοόντας
461 1691 566 1721 πάντας
583 1691 753 1725 ἀπέρχεσθαι
773 1691 920 1726 τάττομεν.

137 1738 170 1764 ὐ
194 1738 240 1764 καὶ
261 1737 384 1772 δείξομεν
412 1737 485 1772 μάλα
510 1737 665 1769 γενναίως·
684 1737 715 1763 οὐ
741 1737 795 1771 γὰρ
813 1737 925 1771 θεμιτὸν

134 1783 221 1814 ἄλλως
242 1784 339 1810 εἰπεῖν.
355 1784 428 1810 Μίαν
449 1784 499 1818 μὲν
519 1784 566 1810 καὶ
593 1783 716 1818 πρώτην,
731 1784 776 1809 τὸν
799 1783 854 1810 τῶν
868 1783 926 1809 Θεο-

135 1831 226 1865 φόρων
248 1831 294 1857 καὶ
319 1830 404 1864 ἁγίων
420 1831 528 1864 ἀνδρῶν
554 1830 700 1863 σύλλογον·
717 1830 744 1856 οἵ
759 1830 840 1862 εἰσιν,
860 1829 927 1856 ἁπό-

136 1877 235 1908 στολοι,
267 1877 417 1911 μάρτυρες,
449 1877 588 1911 ἱεράρχαι,
621 1877 852 1912 ἀσκηταὶ,.ὄσιοι
880 1877 927 1903 καὶ

135 1924 246 1949 δίκαιοι.
264 1923 296 1950 Οἳ
318 1923 388 1958 μετὰ
405 1924 435 1949 τὸ
451 1923 646 1958 βαπτισθῆναι,
661 1924 775 1960 οὐδεμιᾷ
790 1924 858 1955 ὅλως
876 1923 927 1957 τῆς

134 1971 274 2005 ἁμαρτίας
299 1971 386 2005 κηλίδι
408 1971 564 1997 ὑπέπεσον·
589 1971 687 2006 ἁγνείᾳ
707 1972 736 1998 δὲ
760 1972 860 2006 μᾶλλον
880 1971 926 1997 καὶ

136 2017 300 2053 σωφροσύνῃ
326 2018 497 2053 ἀσκήσαντες
517 2018 643 2050 ἑαυτοὺς,
662 2018 711 2045 καὶ
732 2019 872 2054 καθαροὺς
887 2019 926 2045 οἴ-

135 2072 200 2094 κους
223 2063 270 2089 τοῦ
292 2063 454 2098 Πνεύματος
470 2064 503 2090 τὰ
519 2064 624 2091 ἑαυτῶν
644 2065 850 2091 κατεσκεύασαν
874 2064 926 2105 σῴ-

137 2119 210 2145 ματα
222 2117 229 2125 ·
244 2110 269 2136 οἱ
287 2111 452 2145 μισήσαντες
468 2111 516 2137 τὸν
530 2111 631 2145 κόσμον
651 2111 747 2137 τοῦτον
759 2110 805 2137 τὸν
819 2111 927 2146 ὁρώμε-

135 2164 191 2187 νον,
209 2157 255 2182 καὶ
276 2157 345 2191 μόνα
372 2156 540 2191 ποθήσαντες
565 2157 598 2182 τὰ
623 2157 749 2192 οὐράνια.
770 2156 852 2183 Ὅθεν
878 2158 926 2182 καὶ

134 2202 273 2230 ἀπέλαϐον
294 2202 324 2229 ὃν
342 2202 494 2238 ἡτοίμασαν
513 2203 620 2234 ἑαυτοῖς
632 2204 714 2230 τόπον
733 2203 783 2238 τῆς
798 2203 922 2230 ἀναπαύ-

979 1595 1029 1622 bus
1040 1596 1218 1631 approbante.

1015 1643 1042 1669 lu
1056 1646 1112 1670 tres
1126 1643 1211 1678 igitur
1221 1644 1363 1677 generales
1381 1649 1473 1679 partes
1485 1645 1544 1673 sive
1556 1645 1660 1674 classes
1673 1646 1771 1674 defun-

977 1695 1037 1717 ctos
1060 1697 1157 1717 omnes
1184 1689 1262 1717 abire
1288 1690 1464 1719 decernimus
1481 1700 1488 1718 :
1505 1694 1578 1726 quod
1602 1697 1629 1719 et
1661 1693 1770 1728 egregie

978 1736 1233 1770 cnmprobabimus,
1265 1743 1320 1763 non
1349 1737 1421 1764 enim
1453 1738 1635 1766 aliterdicere
1660 1738 1700 1766 las
1717 1744 1768 1766 est.

978 1783 1065 1811 Unam
1078 1788 1105 1810 et
1119 1783 1245 1816 primam,
1262 1785 1418 1812 divinorum
1429 1790 1457 1812 et
1470 1790 1628 1814 sanctorum
1647 1787 1768 1814 virorum

977 1833 1092 1862 emtum,
1110 1831 1252 1864 apostolos
1280 1831 1398 1862 scilicet,
1426 1837 1570 1867 martyres,
1598 1832 1769 1865 hierarchas,

979 1875 1098 1902 athletas
1124 1875 1171 1902 Dei
1191 1880 1301 1904 sanctos
1325 1876 1465 1912 ctjustos,
1493 1877 1539 1911 qui
1561 1877 1634 1905 milia
1660 1878 1768 1912 penitus

979 1925 1041 1956 post
1055 1921 1220 1955 baptismum
1242 1921 1349 1949 macula
1371 1927 1546 1956 peccatorum
1563 1922 1646 1950 vitam
1664 1930 1769 1957 resper-

979 1972 1084 1998 serunt.
1102 1969 1150 1995 sed
1167 1968 1194 1995 in
1209 1968 1372 1996 castimonia
1392 1974 1419 1996 et
1435 1970 1618 2003 temperantia
1638 1971 1724 2006 magis
1739 1978 1769 1999 se

977 2019 1171 2046 exercuerunt,
1191 2019 1378 2050 curarumque
1391 2020 1421 2042 ut
1436 2022 1486 2043 sua
1506 2023 1622 2050 οοτῃοηι
1637 2021 1767 2051 tanquam

979 2060 1077 2088 domos
1103 2067 1118 2086 ιι
1135 2060 1279 2095 spiritibus
1302 2061 1418 2088 mundas
1438 2062 1600 2091 edicerent:
1626 2063 1672 2098 qui
1695 2063 1768 2090 hunc

978 2107 1113 2135 visibilem
1129 2107 1260 2134 mundum
1272 2107 1337 2134 odio
1354 2107 1511 2134 habuerunt
1532 2113 1559 2134 et
1571 2109 1692 2136 cmlestia
1709 2114 1770 2136 tan-

978 2157 1036 2180 tum
1063 2153 1275 2187 concupierunt,
1299 2153 1400 2188 quibus
1432 2154 1514 2182 rebus
1542 2155 1631 2182 locum
1664 2155 1767 2190 quietis

979 2203 1151 2232 receperunt,
1164 2206 1244 2233 quem
1261 2199 1314 2225 sibi
1341 2202 1420 2226 antea
1436 2205 1641 2234 compararunt.
1660 2200 1688 2227 Si
1701 2208 1768 2228 vero

136 2257 215 2280 σεως.
230 2248 260 2274 El
273 2249 301 2274 δὲ
317 2249 366 2275 καὶ
380 2248 451 2283 μετὰ
465 2250 495 2275 τὸ
510 2249 705 2284 βαπτισθῆναι.
722 2250 776 2276 τινὶ
789 2250 924 2284 ἁμαρτιας

982 2250 1041 2280 post
1058 2246 1224 2286 baptismum
1243 2245 1364 2280 aliquam
1384 2247 1488 2281 peccati
1506 2247 1594 2274 labem
1620 2252 1768 2275 contraxe-

135 2295 224 2329 κηλίδι
251 2295 400 2327 ὑπέπεσον,
424 2291 483 2321 εἶτα
507 2295 547 2321 ἐτι
568 2295 681 2327 ζῶντες,
702 2296 719 2330 ἢ
746 2296 793 2322 καὶ
814 2296 882 2330 μετὰ
896 2296 926 2322 τό

135 2340 286 2367 ἀποθέσθαι
302 2340 332 2367 τὸ
347 2341 428 2375 σῶμα
444 2340 643 2376 καθαρθέντες,
656 2343 689 2376 τῇ
707 2341 825 2377 οὐρανίῳ
842 2351 928 2376 προσ-

134 2387 256 2421 δέχονται
288 2387 425 2422 κατοικίᾳ,
451 2388 522 2414 κατὰ
546 2387 592 2414 τὸν
615 2388 687 2414 θεῖον
710 2388 758 2414 καὶ
785 2388 858 2423 ἱερὸν
876 2390 925 2423 τῆς

137 2434 244 2460 συνόδου
259 2435 321 2470 ὅρον
334 2443 341 2450 ·
357 2434 459 2469 ὁμοίως
474 2434 506 2469 δὴ
523 2435 569 2461 καὶ
585 2435 609 2460 οἱ
634 2434 687 2469 πρὸ
703 2434 749 2461 τοῦ
768 2435 925 2469 βαπτίσμα-

135 2486 180 2508 τος
197 2477 240 2504 διὰ
254 2479 307 2504 τῶν
322 2479 428 2514 ἀρετῶν
448 2479 593 2511 σωθέντες,
612 2479 800 2514 προπάτορες,
819 2482 927 2516 προφῆ-

135 2531 190 2555 ται,
208 2523 389 2559 πατριάρχαι,
407 2525 454 2551 Kal.
469 2524 582 2551 δίκαιοι.
600 2524 654 2556 Οὓς
670 2524 780 2552 eictam
796 2526 924 2561 Χριστὸς,

135 2569 229 2606 καὶγέκ
241 2569 294 2596 τῶν
314 2571 420 2597 ἁλύτων
435 2570 482 2597 τοῦ
498 2570 563 2606 ᾅδου
580 2571 688 2606 δεσμῶν
712 2571 808 2605 λύσας,
824 2574 926 2608 ἀνήγα-

137 2623 185 2648 γεν
209 2615 249 2646 εἰς
275 2616 441 2650 παράδεισον
460 2619 508 2643 καὶ
531 2617 627 2645 τούτου
652 2618 800 2645 ἀπολαύειν
815 2619 925 2653 ἠξίωσε.

137 2662 273 2696 Δευτέραν
287 2662 328 2693 δὲ.
345 2663 400 2689 τῶν
419 2663 519 2697 μέσων,
535 2664 596 2699 ἦτοι
619 2665 673 2691 τῶν
688 2665 717 2691 ὲν
738 2666 869 2700 μετανοίᾳ
883 2674 926 2691 τε-

137 2708 327 2742 λευτησάντων
339 2715 346 2723 ⁸
361 2709 408 2735 καὶ
421 2710 449 2734 ἐν
461 2709 656 2746 ἐξομολογήσει
670 2711 719 2745 μὲν
732 2711 778 2737 καὶ
793 2711 924 2746 συντριῦῇ

135 2755 185 2790 τῆς
212 2754 339 2789 καρδίας,
361 2755 492 2788 ¹ἀφέντων
517 2755 551 2781 τὰ
570 2757 674 2783 ἑαυτῶν
702 2757 859 2793 πνεύματα,
887 2759 924 2792 μὴ

136 2802 300 2836 φθασάντων
320 2801 348 2827 δὲ
362 2801 556 2836 ίκανοποιῆσαι
573 2804 638 2837 περὶ
653 2803 706 2830 τῶν
719 2804 925 2838 ἡμαρτημένων

136 2848 205 2883 ὁμοῦ
223 2849 269 2874 καὶ
285 2847 468 2884 ἠμελημένων
490 2848 591 2880 αὐτοῖς,
608 2849 652 2876 διὰ
667 2850 716 2884 τὴν
733 2851 864 2882 πολλάκις
882 2851 926 2876 αἰ-

138 2896 241 2931 φνίδιον
258 2896 304 2922 καὶ
321 2894 423 2930 ἁθρόαν
435 2894 612 2932 μεταλλαγήν
625 2903 632 2912 ·
655 2896 757 2932 ταύτην
774 2897 802 2923 ἐν
819 2896 856 2932 τῷ
873 2905 923 2925 x1-

980 2297 1053 2324 runt,
1071 2292 1166 2320 eadem
1182 2292 1243 2326 ipsa
1262 2293 1303 2319 vel
1320 2292 1384 2319 dum
1398 2292 1487 2320 adlmc
1503 2293 1634 2325 viverent,
1652 2293 1690 2320 vel
1706 2299 1769 2326 post

979 2340 1132 2374 depositum
1147 2347 1248 2373 corpus
1265 2339 1420 2373 inundatos,
1442 2340 1469 2366 in
1489 2339 1629 2367 caelestem
1651 2341 1768 2374 patriam

978 2387 1093 2419 assumi,
1109 2386 1260 2414 scentulum
1282 2387 1406 2413 divinum
1422 2392 1449 2414 et
1474 2394 1583 2413 sacrum
1609 2387 1706 2422 synodi
1722 2388 1770 2415 dc-

979 2439 1095 2461 cretum.
1110 2433 1161 2461 Eos
1180 2434 1262 2460 etiam
1282 2433 1420 2466 addimus,
1445 2434 1491 2468 qui
1508 2440 1572 2461 ante
1602 2433 1767 2468 baptismum

979 2488 1091 2508 suarum
1123 2481 1254 2507 virtutum
1284 2480 1418 2506 bcnclirio
1444 2480 1544 2507 servati
1568 2483 1643 2511 sunt,
1666 2480 1770 2515 primos

978 2526 1084 2559 Patres,
1102 2527 1259 2561 prophetas,
1282 2526 1452 2559 patriarchas
1472 2531 1499 2553 et
1511 2526 1613 2561 justos.
1631 2533 1701 2561 quos
1717 2533 1769 2553 suo

980 2573 1097 2600 adventu
1112 2571 1239 2599 Christus
1265 2571 1299 2598 ab
1327 2571 1427 2598 inl'erni
1454 2571 1570 2599 \incnlis
1588 2572 1718 2599 liberatos
1743 2572 1771 2598 in

979 2618 1076 2646 coelum
1094 2618 1218 2650 deduxit,
1230 2622 1301 2645 etut
1316 2625 1349 2644 eo
1380 2617 1538 2645 fruerentur
1556 2618 1653 2652 dignos
1668 2617 1770 2646 etl‘ecit.

979 2664 1134 2692 Sueundam
1156 2671 1221 2690 vero
1245 2662 1409 2695 mediorum,
1425 2664 1481 2695 sive
1496 2663 1603 2690 illorum
1621 2665 1667 2697 qui
1683 2665 1772 2697 paeni-

981 2716 1069 2738 teules
1083 2710 1269 2740 decesserunt,
1287 2716 1318 2736 ac
1334 2709 1361 2736 in
1377 2709 1551 2737 confessione
1566 2714 1591 2735 et
1606 2709 1697 2735 cordis
1705 2716 1771 2736 cott-

981 2756 1094 2783 tritione
1108 2755 1235 2790 spiritum
1250 2754 1399 2782 emiserunt
1415 2763 1422 2787 ς
1440 2755 1489 2782 sed
1511 2754 1616 2781 sublata
1635 2753 1668 2780 iis
1685 2753 1771 2780 facul-

982 2808 1036 2829 tate
1054 2801 1242 2830 satisfaciendi
1260 2809 1307 2836 pro
1319 2801 1450 2836 peccatis,
1466 2801 1508 2827 rel
1522 2799 1633 2827 omissis
1646 2799 1770 2834 ipsorum

981 2850 1016 2876 oh
1034 2850 1204 2884 repentinam
1229 2851 1272 2883 (ut
1289 2838 1335 2883 tit)
1353 2852 1380 2874 et
1402 2852 1621 2874 momenlaneam
1637 2846 1775 2881 demigra-

983 2897 1105 2931 tioucm;
1125 2896 1195 2923 hanc
1227 2895 1253 2923 in
1271 2895 1430 2930 pnrgatorio
1451 2901 1512 2924 esse
1529 2893 1666 2927 dicimus;
1687 2896 1773 2931 quod-
