1961 3075
149 151 230 192 '1237

495 163 570 193 PRO
589 164 691 195 CONC.
717 163 902 193 FLORENT.
925 162 1006 194 CAP.
1026 161 1082 192 lil.
1101 162 1152 192 DE
1172 160 1429 193 PUllGATOlllO.

1720 161 1790 193 1238

157 217 175 244 ἂ
189 217 227 248 ὡς
253 217 345 252 σάρκα
361 217 494 252 φοροῦσαι
512 218 740 254 ἐπλημμέλησαν,
756 219 794 250 ὡς
812 220 853 246 δεῖ
867 227 945 253 ποιη-

1002 223 1106 249 verunt.
1131 217 1244 246 fecerint
1272 222 1301 245 ut
1329 222 1448 252 oportet,
1467 225 1555 250 neque
1582 217 1664 253 hujus
1694 219 1788 246 saeculi

157 263 286 297 σάμεναι,
313 263 446 298 καίμηδ*
474 264 542 293 ὅλως
564 273 590 290 τι
617 264 664 290 τοῦ
683 264 815 298 παρόντος
845 264 943 295 αἰῶνος

157 307 351 342 φροντίζουσαι
379 308 395 343 ἢ
420 309 580 343 φρονοῦσαι,
608 309 666 336 ἀλλ’
692 310 861 342 ἁπαξαπλῶς
876 311 943 341 ὅλως

155 353 217 378 ὅλον
231 352 277 378 τὸν
289 352 351 379 νοῦν
361 353 470 388 ἔχουσαι
485 354 552 388 πρὸς
563 355 592 381 ὃν
600 355 761 388 πορεύνινται
772 354 864 386 τόπον,
877 353 947 380 σκύ-

153 398 223 425 ὕαλα
232 399 266 425 τὰ
276 399 398 433 παρόντα
420 400 508 427 πάντα
533 401 719 435 ήγησάμεναι,
731 401 774 427 ἵνα
788 400 868 434 μόνον
881 407 946 434 κερ-

155 445 277 480 δήσωσιν
293 445 322 472 ὃν
339 445 468 473 ποθοῦσιν
478 447 594 481 νυμφίον
603 447 646 473 διὰ
663 447 711 481 τῆς
729 447 882 480 μετανοίας,
898 447 945 473 καὶ

156 491 336 525 ἀπαντήσωσι
359 491 397 525 τῷ
419 491 529 526 φοϐερῷ
553 494 634 526 κριτῇ
659 494 688 518 ὲν
710 493 848 527 νεφέλαις,
865 490 946 520 αὗται

158 537 280 570 μεγάλην
293 536 427 570 ὠφέλειαν
442 537 534 573 ἔχουσι
560 538 631 571 μετὰ
648 538 772 565 θάνατον.
796 539 841 565 Ἔν
859 547 944 574 μετα-

157 583 219 617 νοέᾳ
245 582 298 617 γὰρ
326 583 490 617 εὑρέθησαν,
507 583 554 610 καὶ
577 584 607 610 ἐν
631 585 761 621 μετανοίᾳ.
785 585 944 620 κρίνονται·

157 628 253 662 ὥσπερ
268 629 370 655 ἐκεῖναι
392 630 420 655 αἱ
442 630 597 665 εὑρεθεῖσαι
619 631 648 656 ἐν
673 631 840 665 ἀπογνώσει,
860 640 945 657 κατα-

157 675 307 708 κρίνονται.
326 676 381 701 Καὶ
397 675 476 701 τοῦτό
490 676 564 703 ἔστιν
584 677 652 711 ὅπερ
664 677 802 712 ἀκούομεν
819 677 947 704 ἀπειλού-

159 728 239 753 μενον
255 720 330 755 πιρὰ
345 720 391 747 τοῦ
407 721 502 756 κριτοῦ
515 729 524 738 θ
543 731 553 748 ‹
578 723 622 749 'Ev
644 720 666 757 ᾧ
682 722 756 758 εὕρω
772 732 811 756 σε,
825 724 883 750 ἐκεῖ
899 724 947 750 καὶ

157 767 244 802 κρινῶ
260 776 300 794 σε.
320 776 327 792 ι

537 814 573 841 Γ’.

193 859 298 893 Καιρδς
313 859 340 885 δὲ
363 859 457 889 λοιπὸν
475 861 523 887 καὶ
540 861 592 887 τῶν
607 863 769 896 μαρτυριῶν
791 862 946 889 ἐπακοῦσαι

157 904 189 936 ἃς
204 905 393 941 ὑπεσχέθημεν
410 906 527 933 ἀκοῦσαι
545 907 628 941 ὑμᾶς,
651 908 784 935 ἐκθεῖναι.
802 909 853 935 Καὶ
870 909 946 943 πρῶ-

158 959 204 982 τος
220 950 271 984 μὲν
286 951 393 984 παρῐτω
408 953 420 977 ὁ
439 953 696 988 προμνημονευοεὶς
718 954 790 985 θεῖος
806 955 851 981 καὶ
875 955 946 990 ἱερὸς

164 997 300 1031 Ἰωάννης,
320 998 333 1023 ὁ
350 998 437 1032 μέγας
451 999 589 1034 ὀφθαλμὸς
603 1000 650 1035 τῆς
670 1000 766 1035 Ἐῲας,
779 1003 793 1028 ὁ
809 1002 839 1027 ἐκ
852 1003 946 1036 Δαμα-

158 1043 225 1068 σκοῦ
252 1043 525 1079 ἀναλάμπίιαςυοῦτος
555 1047 609 1081 γὰρ
635 1047 664 1073 ὲν
691 1047 730 1083 τῷ
748 1048 813 1082 περὶ
835 1048 890 1075 τῶν
917 1049 946 1074 ὲν

158 1089 253 1117 πίστει
276 1091 486 1125 κεκοιμημένων
503 1093 693 1128 συντακτηρίῳ
710 1094 792 1120 αὑτοῦ
811 1094 891 1128 λόγῳ,
907 1094 946 1129 τῷ

157 1137 315 1172 ἐπιγραφὴν
326 1137 426 1173 ἔχοντι·
445 1137 559 1170 ι”Οπως
569 1140 596 1165 αἱ
612 1139 682 1175 ὑπὲρ
698 1140 788 1167 αὐτῶν
804 1142 945 1175 γινόμεναι

158 1183 323 1217 λειτουργίαι
336 1184 383 1210 καὶ
394 1184 513 1210 εὑποιῖαι
522 1185 633 1216 τούτους
644 1186 774 1219 ὀνίνησιν,
782 1196 791 1212 ›
809 1187 824 1221 ή
837 1187 865 1213 δὲ
875 1187 945 1222 ἀρχὴ

158 1230 205 1256 τιῦ
223 1229 314 1262 λόγου,
328 1239 337 1255 ι
365 1230 472 1269 Τὰπτῶν
484 1231 636 1265 βρωμάτων
650 1232 716 1266 ἡδέα
727 1240 735 1248 ·
751 1241 760 1258 ι
778 1233 846 1267 μετὰ
861 1233 946 1261 πολλὰ

158 1276 205 1302 καὶ
227 1276 306 1307 ἄλλα,
317 1275 357 1302 ἔτι
368 1275 447 1302 τοῦτό
462 1285 555 1311 φησιν,
572 1278 648 1304 «Ὅτι
663 1278 736 1305 οίτοῢ
750 1279 830 1314 λόγου
847 1280 946 1314 μύσται

159 1329 188 1366 τε
203 1319 250 1346 καὶ
273 1320 417 1353 αὐτόπται,
433 1321 457 1346 οἱ
476 1321 521 1347 τὸν
548 1321 595 1348 τοῦ
612 1322 715 1356 κόσμου
738 1323 823 1359 γῦρον
839 1325 947 1360 ζωγρή-

161 1375 258 1397 σαντες
284 1367 405 1402 μαθηταὶ
419 1367 466 1393 τοῦ
482 1368 620 1404 Σωτῆρος,
644 1370 691 1396 καὶ
706 1370 773 1397 θεῖοι
789 1371 945 1404 ἀπόστολοι,

161 1413 208 1440 ἐπὶ
227 1412 283 1439 τῶν
299 1413 422 1448 φρικτῶν
437 1414 485 1441 καὶ
508 1415 652 1450 ἀχράντων
667 1417 713 1443 καὶ
740 1417 881 1449 ζωοποιῶν
897 1429 947 1453 μυ-

161 1461 291 1496 στηρίων,
316 1463 427 1497 μνήμην
444 1463 582 1495 ποιεῖσθαι
597 1463 651 1490 τῶν
675 1465 779 1495 πιστῶς
798 1465 945 1499 κοιμηθέν-

161 1516 215 1534 των
239 1507 388 1535 ὲοέσπισαν
403 1517 409 1524 ·
430 1508 444 1535 ὅ
467 1509 515 1536 καὶ
541 1511 652 1545 κατέχει
680 1510 798 1545 βεϐαίως
814 1512 862 1538 καὶ
886 1513 946 1539 λίαν

161 1554 365 1589 ἀναντιρῤήτως
381 1555 397 1589 ἡ
410 1554 457 1581 τοῦ
474 1555 592 1589 Χριστοῦ
606 1556 653 1582 καὶ
667 1557 735 1583 Θεοῦ
747 1557 801 1584 ἀπὸ
819 1559 947 1593 περάτων

162 1599 209 1626 καὶ
226 1600 306 1634 μέχρι
322 1601 459 1635 περάτων,
476 1601 644 1636 ἀποστολικὴ
667 1603 715 1629 καὶ
733 1604 864 1638 καοολικὴ
886 1604 949 1631 Ἐκ-

162 1645 274 1679 κλησία,
288 1645 319 1671 ὲκ
335 1646 395 1672 τότε
414 1646 495 1681 μέχρι
510 1647 559 1673 τοῦ
576 1647 633 1678 νῦν,
651 1648 702 1674 καὶ·
716 1648 765 1682 τῆς
780 1649 828 1676 τοῦ
844 1651 949 1684 κόσμου

162 1693 265 1726 λήξεως
278 1692 353 1727 ἄχρι,
372 1692 422 1719 οὐκ
437 1692 589 1726 ἀλογίστως
601 1693 722 1726 πάντως,
737 1694 797 1721 οὐδὲ
812 1696 947 1729 ματαίως,

162 1737 222 1763 οὐδὲ
240 1737 311 1770 είκῇ,
339 1737 386 1762 καὶ
402 1736 438 1768 ὡς
456 1736 536 1770 ἔτυχε
560 1738 639 1764 τοῦτο
661 1737 850 1770 θεσπίσαντες.
867 1741 951 1767 Οὐδὲν

164 1783 218 1816 γὰρ
231 1781 361 1816 ἀνόνητον
376 1782 392 1815 ὴ
415 1781 469 1807 τῶν
485 1781 659 1817 Χριστιανῶν
674 1782 798 1818 ἀπλανὴς
818 1784 951 1819 θρησκεία

164 1828 328 1863 παρείληφε,
345 1829 392 1854 καὶ
407 1829 446 1860 είς
460 1828 545 1855 αίῶνα
558 1829 692 1864 κατέσχεν
705 1830 931 1864 «impudicum
941 1839 949 1847 '

164 1874 233 1901 ἀλλὰ
246 1875 334 1902 πάντα
348 1874 475 1909 ἐπωφελῆ
493 1875 539 1901 καὶ
556 1875 700 1910 οεάρεστα,
719 1875 766 1902 καὶ
783 1875 844 1902 λίαν
861 1877 952 1912 ὀνησι-

165 1920 249 1954 φόρα,
266 1920 314 1946 καὶ
338 1920 474 1956 σωτηρίας
498 1920 632 1955 μεγίστης
653 1921 782 1956 πρόξενα.
797 1931 806 1947 ι
829 1921 951 1955 Ἀκούεις

165 1965 206 1991 ὅτι
227 1965 256 1991 οὐ
275 1965 428 2000 παρέλαϐεν
452 1966 468 2000 ἠ
484 1965 530 1992 τοῦ
547 1965 615 1993 Θεοῦ
641 1967 789 2002 Ἐκκλησία
807 1976 832 1994 τι
848 1968 952 2002 πλάνης

165 2011 308 2045 ἐχόμενον,
327 2011 343 2046 ἢ
369 2011 520 2047 ἀνόνητον·
545 2012 612 2039 ἀλλὰ
640 2012 729 2040 πάντα
748 2015 883 2049 θεάρεστα
905 2015 952 2041 καὶ

165 2058 315 2092 ὀνησιφόρα
337 2057 407 2089 λίαν,
425 2058 473 2084 καὶ
498 2058 618 2093 πρόξενοι
645 2060 785 2094 σωτηρίας
806 2061 952 2096 μεγίστης.

167 2104 236 2130 Μετ’
248 2103 329 2130 aut?”
345 2103 372 2130 δὲ
387 2103 401 2129 ὁ
418 2104 504 2135 πολὺς
519 2104 554 2131 τὰ
568 2104 626 2131 Θεῖα
642 2105 689 2132 καὶ
704 2105 788 2140 βαθὺς
804 2106 952 2140 Διονύσιος,

166 2152 213 2177 καὶ
228 2149 309 2182 αὐτὸς
322 2151 350 2176 ἐν
363 2150 396 2185 τῇ
413 2150 468 2177 τῶν
480 2151 692 2185 κεκοιμημένων
705 2154 823 2187 μυστικῇ
837 2153 951 2188 θεωρία,

165 2196 279 2223 τοιαῦτα
306 2197 426 2230 φάσκει·
447 2206 456 2222 ι
483 2196 520 2222 Οὐ
537 2197 590 2231 γὰρ
606 2197 639 2223 ἂν
658 2199 683 2238 όῦ
695 2198 765 2229 θεῖος
781 2199 922 2234 ίεράρχης,
939 2199 953 2226 ὀ

999 265 1146 299 quidquam
1171 265 1283 291 omnino
1303 264 1343 291 vel
1361 264 1518 291 curaverint
1534 264 1574 290 vel
1589 264 1780 298 cogitaverim,

998 309 1046 337 sed
1063 311 1089 337 in
1113 309 1271 337 universum
1292 317 1325 336 eo
1343 314 1448 337 tantum
1477 310 1567 340 modo,
1585 317 1641 344 quo
1669 311 1784 338 abitum

999 361 1074 387 sunt,
1090 359 1175 382 totatn
1200 360 1319 382 mentem
1344 354 1506 386 dircxcriut,
1524 354 1667 389 przcsentia
1693 354 1784 381 omnia

998 402 1155 429 rctritnenla
1170 404 1308 436 putantes,
1319 404 1348 427 ut
1362 401 1449 427 solunt
1467 408 1527 427 ettttt
1542 408 1622 435 qttetu
1632 400 1787 434 desiderant

998 456 1129 483 sponsum
1148 448 1289 475 lucrentur
1306 455 1355 482 per
1376 447 1573 482 ptenitcutiam,
1589 448 1786 481 trcmcndoquc

997 496 1083 531 judici
1116 495 1141 522 itt
1175 486 1292 521 nubibus
1308 499 1466 525 occurrant,
1486 493 1526 520 hat
1553 494 1701 520 maximum
1724 498 1788 528 post

998 547 1115 569 mortem
1146 540 1335 575 juvamcntum
1360 540 1526 574 percipiunt.
1552 540 1620 566 Cum
1654 539 1727 566 enim
1759 539 1786 565 in

998 587 1157 623 pmuitentia
1173 590 1287 622 repertae
1304 586 1414 618 fuerint,
1442 586 1468 612 in
1491 585 1653 620 ptenitcutia
1676 593 1787 620 quoque

996 634 1166 670 judicautur,
1180 632 1409 667 quemadmodum
1423 639 1461 658 etc
1476 640 1535 666 quae
1551 632 1577 657 iu
1596 631 1789 665 desperatione

998 684 1112 715 reperta:
1126 679 1239 711 fuerim,
1267 677 1499 705 condemnamur.
1530 677 1562 704 Et
1582 677 1621 704 hue
1638 676 1788 703 commina-

1000 725 1087 753 tioues
1105 730 1170 753 sunt
1181 733 1249 759 qttas
1262 725 1380 758 ajudice
1395 724 1521 752 audimus
1535 732 1543 753 :
1567 733 1576 749 ι
1591 723 1641 751 Ubi
1657 723 1787 751 invenero

999 778 1034 805 te,
1054 772 1089 800 ibi
1103 777 1129 800 et
1141 771 1270 806 iudicabo
1287 776 1338 799 tea

1369 818 1415 845 lll.

1034 866 1178 901 Reliquum
1195 865 1273 893 estin
1288 865 1433 900 praesentia
1454 865 1606 892 testimonia
1624 871 1672 891 vos
1685 864 1781 891 audire

1000 921 1060 948 quze
1075 917 1154 940 antea
1169 911 1284 947 polliciti
1306 919 1414 938 sutttus.
1431 910 1593 944 Primusque
1609 909 1722 944 prodeat
1737 917 1785 936 att-

1000 960 1116 986 tedictus
1135 958 1247 986 divinus
1261 962 1289 985 et
1301 965 1379 985 sacer
1392 956 1523 997 Joannes,
1540 963 1655 991 magnus
1666 955 1787 984 Orientis

999 1006 1106 1038 oculus,
1123 1005 1169 1040 qui
1192 1005 1355 1041 a_Damasco
1371 1003 1469 1030 illuxit.
1501 1003 1526 1029 Is
1546 1004 1617 1030 enini
1637 1003 1664 1030 in
1680 1011 1710 1030 ea
1726 1010 1788 1030 ora-

1000 1053 1073 1080 tione
1087 1059 1168 1086 quam
1193 1050 1359 1085 conscripsit
1385 1050 1418 1077 de
1437 1049 1480 1076 his
1495 1049 1541 1084 qui
1558 1049 1586 1076 in
1610 1049 1661 1077 ﬁde
1685 1049 1786 1076 obdor-

999 1099 1128 1130 micruut,
1146 1096 1225 1131 cuius
1238 1096 1334 1123 titulus
1351 1100 1392 1123 est
1408 1103 1415 1123 :
1434 1105 1443 1120 ι
1460 1094 1519 1127 Qua
1530 1095 1636 1122 ratione
1653 1095 1786 1122 sacriﬁcia

999 1149 1027 1174 et
1043 1145 1113 1180 bona
1132 1151 1226 1178 opera,
1242 1150 1303 1177 quae
1331 1149 1381 1177 pro
1405 1141 1438 1168 iis
1467 1145 1594 1176 suscepta
1619 1145 1695 1172 sunt,
1721 1141 1788 1175 ipsis

999 1190 1178 1226 opitulantur,
1197 1198 1206 1215 ι
1225 1188 1303 1224 cujus
1322 1187 1456 1216 orationis
1472 1187 1580 1214 ittitium
1595 1190 1637 1215 est
1654 1196 1661 1213 ι
1688 1195 1697 1212 ι
1712 1186 1787 1214 Esca:

999 1244 1107 1269 suaves,
1121 1245 1130 1261 I
1154 1240 1215 1270 post
1229 1235 1281 1262 alia
1298 1234 1382 1261 multa
1397 1234 1455 1261 ltazc
1468 1233 1550 1261 etiam
1568 1233 1635 1260 dicit
1649 1242 1656 1260 :
1686 1242 1695 1259 t
1707 1232 1786 1266 Quod

1000 1282 1151 1311 Salvatoris
1163 1280 1288 1316 discipuli
1300 1285 1327 1307 et
1338 1278 1429 1308 divini
1439 1279 1565 1314 apostoli,
1580 1279 1626 1313 qui
1643 1279 1787 1314 mysterio-

1001 1337 1061 1358 rum
1081 1328 1164 1356 Verbi
1175 1327 1322 1362 participes
1337 1331 1418 1361 atque
1430 1325 1531 1353 oculati
1546 1329 1630 1352 testes
1643 1325 1728 1358 l'ucre,
1739 1326 1787 1359 qui

1000 1376 1094 1404 mundi
1112 1376 1205 1403 orbem
1222 1375 1287 1402 dum
1305 1374 1427 1401 viverent
1452 1376 1647 1408 peragrarunt,
1676 1371 1704 1398 in
1729 1375 1788 1398 trc-

1001 1421 1125 1452 meudis.
1156 1420 1326 1448 intemeratis
1359 1424 1386 1446 et
1412 1418 1618 1446 viviﬁcantibus
1650 1417 1788 1453 mysteriis

999 1467 1287 1496 commemorationem
1314 1465 1370 1493 ﬁcri
1387 1465 1419 1492 de
1435 1465 1479 1492 ltis
1500 1464 1546 1499 qui
1564 1464 1659 1491 ﬁdeles
1688 1463 1788 1490 obdor-

1001 1515 1096 1547 miere,
1121 1516 1291 1546 sanxerunt;
1319 1511 1391 1546 quod
1407 1511 1489 1539 etiam
1516 1510 1632 1538 ﬁrmiter
1645 1515 1672 1537 et
1685 1509 1789 1544 absque

973 1561 1054 1603 :ulla
1081 1559 1270 1588 controversia
1292 1562 1367 1586 tenet
1394 1565 1409 1585 a
1434 1557 1534 1584 liuibtts
1551 1564 1638 1592 usqtte
1667 1556 1701 1582 ad
1719 1555 1791 1582 ﬁnes

999 1605 1101 1633 Christi
1119 1604 1166 1632 Dei
1192 1604 1344 1639 apostolica
1372 1608 1399 1630 et
1412 1603 1549 1630 catholica
1562 1602 1685 1630 Ecclesia
1703 1601 1737 1629 ab
1754 1609 1788 1628 eo

1001 1655 1123 1684 tempore
1137 1651 1162 1677 in
1185 1658 1305 1685 prmsens
1321 1655 1348 1678 et
1367 1658 1455 1685 ttsquc
1471 1650 1498 1676 in
1517 1649 1597 1676 ﬁttcnt
1614 1649 1708 1676 mundi
1734 1655 1789 1674 non

1001 1698 1060 1724 sine
1090 1697 1205 1728 ratione,
1219 1704 1306 1731 neque
1332 1697 1424 1730 stulte,
1450 1703 1540 1730 neque
1566 1699 1681 1728 temere,
1697 1702 1787 1730 neque.

1001 1743 1070 1770 forte
1086 1743 1193 1770 fortuna
1210 1743 1235 1770 id
1251 1742 1443 1769 decernentes.
1462 1742 1528 1769 Nam
1546 1742 1614 1769 nihil
1631 1743 1703 1776 quod
1719 1742 1789 1769 stul—

1001 1790 1088 1817 titiam
1117 1793 1235 1824 saperet,
1264 1788 1375 1816 admisit
1403 1788 1624 1815 Christianorum
1660 1789 1786 1815 inerram

1001 1834 1106 1869 religio,
1122 1838 1149 1860 et
1163 1834 1189 1860 in
1203 1833 1333 1860 smculum
1349 1833 1512 1861 inconcusse
1529 1833 1617 1860 tenuit
1631 1842 1638 1860 :
1652 1833 1707 1860 imo
1723 1841 1789 1860 vero

1002 1884 1098 1907 cuneta
1116 1879 1191 1906 utilia
1219 1879 1327 1914 Deoque
1351 1883 1427 1914 grata
1447 1883 1475 1906 et
1499 1879 1578 1906 valde
1606 1879 1787 1906 conducibilia

1002 1925 1035 1952 ad
1055 1924 1209 1952 salutem.»
1242 1923 1306 1951 Post
1333 1924 1405 1951 hunc
1440 1931 1555 1956 magnus
1581 1924 1608 1950 itt
1638 1924 1738 1951 divinis
1763 1929 1789 1951 et

1002 1970 1129 1999 sublimis
1142 1969 1287 2005 Dionysius
1312 1974 1340 1997 et
1356 1970 1413 2005 ipse
1430 1970 1456 1997 iu
1487 1971 1600 2005 mystica
1624 1970 1658 1998 de
1673 1971 1789 1998 mortuis

1003 2016 1223 2044 consideratione
1252 2015 1310 2043 haec
1344 2016 1383 2043 ait
1411 2025 1418 2042 :
1454 2015 1535 2042 «Non
1564 2015 1637 2043 cuint
1678 2016 1789 2042 divintts

1003 2070 1144 2091 sacrorum
1164 2068 1275 2097 praeses,
1300 2062 1399 2089 divinae
1421 2061 1630 2096 justiﬁcationis
1649 2062 1785 2092 minister.

1004 2110 1129 2146 petiisset
1143 2117 1203 2144 quae
1219 2109 1274 2136 Deo
1299 2109 1434 2143 praecipue
1448 2116 1501 2135 nou
1515 2113 1608 2135 essent
1623 2113 1746 2142 accepta.
1761 2115 1789 2135 et.

1003 2163 1064 2191 qua:
1091 2163 1121 2183 se
1153 2155 1280 2182 daturum
1308 2154 1440 2181 divinitus
1466 2153 1644 2188 promisisset.
1676 2153 1790 2187 Ideoque

1004 2200 1140 2234 profanis,
1155 2200 1180 2226 id
1195 2204 1237 2226 est
1251 2200 1284 2226 iis
1298 2199 1343 2234 qui
1361 2198 1507 2226 illuminati
1519 2207 1573 2225 non
1588 2201 1652 2225 sunt
1665 2198 1789 2229 mortuis,

165 2245 214 2278 τῆς
227 2244 532 2279 ἀρχικῆς-δικαιώσεως
552 2245 707 2280 ὑποφήτης,
725 2245 816 2279 ἐζήτει
836 2246 902 2272 ποτὲ
919 2247 949 2272 τὰ

1006 2247 1063 2274 lucc
1089 2254 1145 2274 non
1172 2250 1310 2281 precatur.
1327 2254 1335 2270 ι
1367 2244 1399 2272 Ει
1419 2252 1513 2272 rursus
1531 2254 1538 2271 :
1568 2254 1577 2269 ι
1593 2243 1664 2278 Ergo
1681 2243 1792 2270 divinus

167 2291 205 2325 μὴ
220 2289 258 2324 τῷ
281 2289 340 2322 Θεῷ
357 2289 593 2323 προσφιλέστατα,
611 2293 659 2317 καὶ
684 2291 751 2325 πρὸς
775 2292 857 2318 αὑτοῦ
873 2292 954 2328 δοοή-

167 2337 263 2363 σεσθαι
293 2336 411 2368 θειωδῶς
436 2337 631 2373 ἐπηγγελμένα
649 2346 656 2354 ·
687 2339 727 2365 διὸ
754 2340 809 2371 τοῖς
836 2340 954 2375 ἅνιέροις

166 2384 250 2417 1ἡγουν
265 2382 442 2416 ἀφωτίστοις,
465 2383 495 2409 οὐ
514 2384 694 2419 προσεύχεται
713 2385 800 2412 ταῦτα
822 2393 956 2420 κεκοιμη-

169 2429 270 2463 μένοις.
291 2437 300 2454 ι
317 2429 372 2455 Καὶ
397 2426 475 2460 αὖθις
488 2437 496 2445 ο
516 2438 524 2455 ι
545 2430 650 2456 Οὐκοῦν
675 2432 688 2457 ὁ
712 2431 784 2463 οεῖος
812 2431 955 2467 ίεράρχης,

168 2475 269 2507 ἐξαιτεῖ
279 2475 314 2502 τὰ
330 2477 395 2510 φίλα
408 2476 478 2510 Θεῷ,
495 2477 542 2502 καὶ
564 2477 673 2507 πάντως
696 2477 922 2513 δωρηοησόμενα.
943 2487 952 2504 ι

170 2520 224 2546 Καὶ
236 2520 319 2548 πάλιν
331 2529 337 2536 ·
359 2531 369 2548 ι
395 2522 426 2548 Ἦ
443 2521 493 2556 μὲν
506 2521 554 2548 οὖν
568 2522 646 2557 εὐχὴ,
663 2522 712 2557 τῆς
723 2523 872 2558 θεαρχικῆς
889 2523 956 2556 ἀγα-

169 2565 291 2599 οότητος,
307 2566 393 2593 δεῖται
408 2568 497 2594 πάντα
523 2567 573 2602 μὲν
591 2569 701 2601 ἀφεῖναι
718 2570 752 2594 τὰ
766 2568 799 2594 δι’
816 2569 956 2604 ἀνθρωπί-

169 2620 219 2646 νην
234 2612 376 2638 ἀσοένειαν
399 2613 437 2647 τῷ
457 2615 656 2649 κεκοιμημένῳ
674 2615 850 2649 πταίσματα·
875 2614 955 2647 τάξαι

168 2657 196 2682 δὲ
210 2656 315 2690 τοῦτον,
331 2658 360 2683 ὲν
386 2658 461 2694 χώρᾳ
475 2658 595 2691 ζώντων,
621 2661 662 2691 εἰς
687 2662 807 2692 κὸλεους
829 2659 956 2694 ’Δῦραὰμ

171 2703 218 2729 καὶ
239 2703 332 2729 Ἰσαὰκ
352 2704 398 2729 καὶ
420 2705 530 2736 Ἰακὼὸ,
556 2706 584 2731 ἐν
600 2702 622 2739 ᾧ
637 2706 744 2741 ἀπέδρα
765 2707 851 2741 τόπῳ,
873 2706 954 2741 ὀδύνη

171 2750 218 2783 καὶ
242 2748 315 2783 λύπη
337 2749 384 2775 καὶ
409 2751 579 2784 στεναγμός·
600 2751 764 2787 παρορώςης
779 2753 828 2786 τῆς
845 2751 954 2786 οεαρχι-

173 2794 224 2828 ιιῆς
240 2794 420 2828 ἀγαυότητοςν
438 2794 484 2820 καὶ
501 2796 548 2827 τὰς
568 2797 746 2832 ἐγγικημένας
763 2798 801 2833 τῷ
826 2806 956 2833 κεκοιμη-

211 2884 231 2898 "
245 2883 294 2910 Job
322 2892 376 2918 XIV,
390 2885 415 2911 5.

1003 2299 1144 2320 sacrorum
1157 2299 1256 2326 praeses
1269 2299 1328 2324 qua:
1345 2290 1398 2317 Deo
1415 2296 1489 2324 grata
1505 2294 1569 2317 sunt
1594 2289 1671 2324 pclil,
1687 2293 1714 2315 ct
1730 2296 1790 2322 quae

1004 2337 1117 2366 omnino
1133 2337 1286 2364 donaturtts
1301 2341 1351 2363 est.
1369 2345 1379 2360 ι
1420 2335 1452 2362 Ει
1468 2335 1565 2361 iterum
1583 2342 1590 2361 ι
1614 2343 1623 2359 t
1636 2334 1704 2360 Cum
1720 2332 1791 2359 divi-

1006 2391 1069 2410 nam
1084 2383 1233 2410 bonitatem
1250 2388 1404 2416 prccautur,
1422 2385 1531 2414 peccata
1548 2378 1676 2406 defuncto
1690 2377 1792 2405 condo-

1006 2430 1063 2457 nari
1081 2430 1213 2464 petimus,
1242 2435 1303 2463 quae
1333 2427 1369 2454 ob
1396 2427 1545 2453 humanam
1574 2424 1792 2452 imbecillitatem

1007 2475 1126 2502 admissa
1142 2479 1229 2502 sunt:
1247 2474 1275 2501 in
1293 2474 1459 2508 regioneque
1477 2471 1627 2499 viventium
1649 2471 1712 2498 cum
1735 2470 1792 2497 col-

1008 2521 1103 2553 locari,
1122 2520 1149 2547 in
1167 2521 1230 2547 sinit
1250 2520 1399 2550 Abraham,
1417 2518 1492 2545 Isaac
1511 2522 1539 2544 et
1556 2517 1652 2549 Iacob,
1685 2517 1712 2543 itt
1738 2523 1794 2550 quo

1007 2567 1068 2594 loco
1081 2565 1158 2592 abest
1171 2572 1284 2598 tumror,
1301 2564 1410 2591 tristitia
1437 2569 1464 2591 et
1474 2563 1602 2598 gemitus,
1625 2570 1686 2590 cum
1702 2562 1793 2588 divina

1007 2612 1129 2646 potentia
1145 2611 1179 2637 ob
1194 2618 1270 2637 suam
1287 2610 1433 2637 bonitatem
1448 2613 1607 2636 contemnat
1621 2607 1740 2634 maculas
1759 2607 1793 2632 ab

1009 2657 1194 2685 imbecillitate
1209 2657 1326 2684 humana
1336 2656 1537 2691 provenicntcs.
1555 2655 1687 2688 Quoniam
1702 2661 1793 2683 nemo,

1010 2709 1039 2731 ut
1056 2711 1142 2732 sacra:
1159 2705 1255 2732 littera:
1281 2703 1390 2736 docent,
1413 2703 1531 2731 utuudus
1547 2710 1562 2729 a
1592 2701 1718 2729 sordibus
1733 2699 1765 2726 ".
1782 2707 1791 2724 ι

1010 2750 1093 2778 Vides
1109 2754 1137 2777 tu
1146 2750 1192 2786 qui
1209 2750 1448 2785 coutradicis.quo
1465 2753 1544 2784 pacto
1560 2747 1714 2778 conﬁrmat,
1731 2753 1794 2780 pro-

1011 2796 1088 2825 desse
1106 2804 1200 2832 preces
1231 2804 1279 2831 pro
1298 2796 1340 2823 his
1359 2799 1500 2831 susceptas
1518 2793 1565 2830 qui
1587 2792 1679 2820 ﬁdeles
1694 2789 1795 2818 tuortui
