1961 3075
123 172 191 203 12ίῖ

460 170 538 201 PRO
552 169 661 203 CONC.
682 170 874 203 FLOBENT.
897 172 979 202 CAP.
1001 173 1060 204 IlI.
1081 172 1131 203 DE
1152 169 1415 202 PURGATORIO.

1687 170 1762 201 1246

119 227 190 263 Θεῷ,
206 228 253 255 καὶ
281 227 473 264 ίκανοποιῆσαι
491 229 536 255 δια
554 229 603 263 τῆς
627 231 786 264 μετᾱῦοῑας,
801 230 849 257 καὶ
869 229 913 256 διὰ

981 238 1014 257 μοι·
1035 230 1225 266 pcenitentiam
1243 229 1414 260 satisfacere,
1441 232 1467 255 et
1485 228 1618 255 bonorum
1645 235 1759 262 operum

122 274 251 311 χρηστῶν
267 275 356 309 ἔργων
373 275 553 311 καθαρθῆναι,
574 276 622 302 καὶ
650 275 700 309 τῆς
733 275 790 302 ἅνω
816 275 913 311 μοίρας

122 321 276 356 ὁλοσχερῶς
297 321 437 354 γενέσθαι,
455 322 507 349 κᾶν
530 322 560 349 ὲν
576 322 615 357 τῷ
640 321 713 348 τέλει
732 322 779 349 τοῦ
792 322 850 357 βίου
868 331 915 358 με-

122 368 267 402 τανοήσας,
280 366 398 393 ἔντειλαι
413 367 472 398 τοῖς
490 369 547 398 σοῖς
562 367 605 394 ἵνα
625 368 805 404 προσφέρωσι
820 367 915 399 θυσίας

123 413 170 440 καὶ
191 413 352 448 προσφορὰς
367 414 416 441 καὶ
429 413 612 448 ἐλεημοσύνας
631 413 701 448 ὑπὲρ
718 414 764 440 σοῦ
777 421 785 428 θ
802 414 849 440 καὶ
867 413 915 440 οὖ-

123 468 178 491 τως
191 459 322 494 ὀνήσουσί
335 468 365 486 σε
376 468 382 474 ·
398 460 494 486 δεκτέα
514 459 569 495 γὰρ
581 459 629 487 καὶ
645 459 718 494 μάλα
734 459 820 487 ταῦτα
843 459 914 495 Θεῷ.

125 506 156 532 Εἰ
169 504 215 533 οὖν
229 507 327 533 δεκτέα
341 507 376 532 τὰ
390 507 605 542 προσφερόμενα
622 506 692 542 ὑπὲρ
715 506 770 533 τῶν
785 515 917 541 κεκοιμη-

126 553 227 586 μένων,
258 553 303 578 καλΓ
322 552 450 586 ὠφέλιμα
475 553 528 589 ἄρα
543 561 549 568 ·
566 553 655 584 οὐδεὶς
673 553 727 588 γὰρ
754 553 785 579 τὸ
798 552 836 587 τῷ
857 552 916 587 Θεῷ

125 598 230 632 δεκτὺν,
250 599 322 626 εἴποι
343 599 376 626 ἂν
392 600 551 632 ἀλυσιτελὲς
571 600 716 635 ὑπάρχειν.
735 600 790 627 Καὶ
806 600 889 627 πάλιν
902 601 917 627 6

125 645 217 677 αὐτὸς,
239 654 248 670 ι
264 645 386 680 Γράψον,
402 647 496 680 φησὶν,
513 647 542 672 ὲν
556 648 589 682 τῇ
603 648 636 681 σῇ
654 647 830 678 διατυπώσει,
848 646 918 682 μετὰ

125 691 180 717 τῶν
195 691 299 718 τέκνων
315 693 362 718 καὶ
383 693 536 726 συγγενῶν,
564 693 790 728 συγχληρονόμον
810 693 856 719 καὶ
871 692 918 719 τὸν

125 737 279 772 δεσπότην·
305 738 392 772 ἐχέτω
417 747 464 765 σου
487 739 501 765 ὁ
530 739 644 774 χάρτης,
662 739 709 766 τοῦ
735 738 864 766 δικαστοῦ
888 739 919 765 τὸ

125 783 212 817 ὄνομα
222 790 229 798 ⁸
247 784 294 811 καὶ
310 784 422 820 μνήμης
434 785 472 820 μὴ
490 785 641 820 ἀμοιρείτω
652 786 701 821 τῆς
715 786 770 812 τῶν
783 784 899 820 πτωχῶν
911 792 918 800 ·

125 828 206 861 κὶῒὼ
229 828 334 856 τούτων
352 830 500 865 ἐγγυητὴς.
522 840 531 857 ι
550 831 583 858 Τί
611 831 658 858 οὖν
687 831 810 866 ἰσχύουσι
832 830 919 857 ταῦτα

128 876 218 903 πάντα
243 877 282 908 εἰς
308 875 435 911 βοήθειαν
448 877 553 912 ψυχῶν,
569 877 594 903 εί
609 877 659 903 οὐκ
682 876 742 903 ἔστι
767 875 829 903 καθ’
846 875 920 910 ὑμᾶς

131 923 200 958 μετὰ
228 923 365 958 θάνατον;
387 924 460 950 διατί
484 924 511 950 δὲ
529 924 577 950 καὶ
600 924 625 950 οἱ
643 923 717 958 ἆγιοι
733 922 821 950 ταῦτα
836 923 920 956 παρέ-

127 969 218 996 δωκαν
234 967 330 1007 ;.”Λρα
343 970 500 996 πλανῶνται
513 979 521 1003 ς
538 971 585 1005 Μὴ
600 970 671 997 οὕτω
688 970 840 1004 μανείημεν
856 969 921 995 ὥστ’

129 1016 238 1043 εἰπεῖν·
270 1016 338 1043 ἀλλὰ
369 1017 431 1043 λίαν
456 1017 607 1051 ὀνησιφόρα
635 1018 683 1043 καὶ
712 1016 849 1051 Θεάρεστα
874 1016 923 1042 καὶ

129 1063 213 1090 δεκτὰ
232 1062 291 1097 Θεῷ
305 1071 314 1080 ⁸
328 1063 370 1090 ὅτι
384 1063 490 1096 πάντας
504 1063 576 1090 θέλει
594 1063 732 1097 σωθῆναι·
747 1063 796 1090 καὶ
811 1063 922 1090 πάντων

130 1106 191 1143 τὴν
212 1109 350 1144 σωτηρίαν
369 1109 492 1144 βούλεται
522 1109 569 1136 καὶ
592 1111 701 1144 προνοεῖ
726 1109 922 1145 συμφερόντως

130 1155 212 1181 παντὶ
228 1155 338 1190 τρόπῳο
358 1155 404 1182 καὶ
420 1155 482 1182 καθ’
496 1155 619 1190 ἑκάστην
639 1155 773 1189 ἀμηγέπη
793 1154 925 1189 διεγείρει

129 1200 207 1232 τινὰς
222 1201 289 1238 πρὸς
306 1201 356 1237 τὴν
375 1202 429 1229 τῶν
446 1202 534 1229 ἄλλων
556 1202 702 1236 ὠφέλειαν,
720 1202 764 1229 ἵνα
777 1201 816 1233 ὡς
831 1201 925 1236 φιλάν-

131 1247 240 1282 θρωπος
271 1249 323 1274 κάν
355 1248 442 1283 τούτῳ
471 1249 545 1284 σώσῃ
578 1248 653 1279 τιιὰς
683 1249 803 1280 πάντως.
832 1247 926 1273 Ταῦτα

131 1294 239 1320 ἀκούων
263 1301 305 1326 τις
319 1294 374 1320 τῶν
399 1295 531 1321 ἐναντίων
559 1295 619 1329 ἐρεῖ
645 1294 719 1329 μάλα
741 1293 864 1329 γαυριῶν
880 1293 926 1319 καὶ

131 1340 181 1375 τὴν
199 1340 288 1375 ὀιρρὶδν
303 1340 437 1375 ἐπαίρων,
453 1341 496 1367 ὅτι
513 1341 610 1367 τούτου
631 1340 756 1371 τεθέντος
774 1340 815 1366 ὅτι
831 1339 926 1366 καθαί-

135 1394 228 1421 ρονται
258 1385 328 1421 μετὰ
355 1387 481 1419 θάνατον,
498 1387 522 1413 oi
547 1386 651 1418 πάντες
670 1385 852 1421 σωθήσονται,
881 1385 928 1412 καὶ

133 1432 221 1464 οὐδεὶς
237 1432 395 1468 ἀστοχήσει.
410 1433 466 1460 Καὶ
480 1433 504 1459 εί
519 1434 570 1460 οὐκ
584 1432 693 1466 ἐγένετό
705 1441 746 1464 τις
762 1433 838 1466 ἅγιος
851 1432 880 1457 ὲν
893 1432 926 1466 τῇ

136 1478 192 1514 ζωῇ
210 1478 306 1511 αὐτοῦ,
319 1479 373 1513 ἄρα
389 1478 508 1510 σώζεται
520 1478 589 1514 μετὰ
602 1478 729 1509 θάνατον,
741 1477 786 1504 διὰ
800 1478 848 1510 τῆς
862 1476 928 1511 παρ’

135 1525 213 1560 ὑμῶν
230 1525 382 1560 λεγομένης
405 1525 576 1558 καθάρσεως.
594 1523 666 1558 Εὖγε
689 1523 780 1556 τοῦτο,
804 1522 852 1549 καὶ
872 1523 928 1549 εἴθε

136 1571 253 1606 ἐροῦμεν
271 1572 316 1597 καὶ
332 1572 422 1606 ἡμεῖς.
440 1570 526 1597 Τοῦτο
539 1570 604 1605 διψᾷ
622 1570 670 1596 καὶ
684 1569 790 1603 ἐφίεται
805 1569 819 1595 ὁ
834 1569 928 1602 φιλάν-

137 1619 246 1653 θρωπος
266 1618 313 1644 καὶ
337 1617 484 1652 φιλόψυχο;
502 1618 549 1644 καὶ
567 1617 717 1650 φιλάγαθος
744 1616 846 1649 Κύριος
860 1623 866 1630 ·
883 1615 930 1642 καὶ

137 1663 268 1696 ἐντούτῳ
291 1662 383 1698 χαίρει
410 1662 458 1688 καὶ
475 1662 666 1697 εὐφραίνεται,
686 1661 730 1687 ’ίνα
755 1661 792 1696 μή
820 1669 862 1691 τις
877 1660 930 1687 τῶν

137 1708 221 1735 αὑτοῦ
237 1709 346 1744 δωρεῶν
370 1707 485 1742 ἐκπέσῃ.
508 1708 554 1742 Μὴ
580 1707 634 1741 γὰρ
651 1706 694 1733 διὰ
709 1707 739 1733 τδ
761 1706 848 1731 σῶσαι
867 1707 931 1737 τοὺς

137 1755 281 1790 οὐρανίους
308 1754 381 1788 νοῦς,
398 1755 444 1781 ἐπὶ
461 1755 510 1789 τῆς
536 1754 589 1788 γῆς
614 1754 789 1788 παραγέγονε
805 1760 811 1784 ;
828 1751 877 1778 καὶ
900 1753 932 1777 ἐκ

138 1803 187 1837 τῆς
209 1801 390 1837 ἁιιπαρθένου
409 1800 518 1836 Μαρίας
534 1800 583 1826 καὶ
603 1799 738 1826 Θεοτόκου
759 1799 932 1833 ἀδιαφθόρως

141 1848 230 1884 σάρκα
245 1848 345 1881 λαὸὼν,
364 1848 459 1883 βροτὸς
471 1847 647 1882 ἐχρημάτισε
664 1847 709 1872 καὶ
725 1845 841 1872 θανάτου
857 1845 933 1879 ἐγεύ-

142 1902 226 1927 uno;
246 1893 284 1929 μὴ
312 1893 347 1920 δι’
363 1894 462 1923 αὐτοὺς
487 1893 519 1918 τὰ
539 1892 608 1926 γέρα
632 1891 680 1918 καὶ
696 1891 759 1922 τοὺς
783 1890 933 1923 στεφάνους

141 1940 290 1974 ἡτοίμασ;ν
304 1948 310 1972 ;
333 1939 370 1975 μὴ
382 1941 436 1970 τοῖς
450 1939 577 1973 ἀγγέλοις
594 1939 662 1972 ἐρεῖ,
682 1937 795 1970 «Δεῦτε,
817 1936 841 1962 oi
858 1936 934 1962 εὐλο-

140 1987 256 2021 γημένοι
279 1986 326 2012 τοῦ
352 1985 459 2020 Πατρός
471 1993 534 2019 μου,
556 1983 606 2016 τὴν
634 1983 842 2018 ἡτοιμασμένην
869 1981 934 2015 ὑμῖν

142 2033 368 2070 κληρονομήσατε
391 2031 552 2068 peculatu;
577 2040 586 2057 ι
607 2031 665 2057 Οὐκ
690 2031 748 2057 ἔστι
774 2030 865 2061 τοῦτο,
884 2029 935 2055 οὑκ

142 2080 217 2106 επτιν
226 2087 233 2094 ·
251 2079 337 2111 οὐδείς
350 2080 423 2105 ἐστιν
436 2078 523 2109 οὕτως
540 2077 655 2112 ἀνόητος
668 2076 734 2103 ὥστ’
746 2077 834 2103 εἰπεῖν
847 2084 853 2091 ·
867 2075 935 2102 ἀλλὰ

141 2125 186 2153 διὰ
200 2125 247 2152 τὸν
273 2124 418 2160 ἄνθρωπον
436 2124 524 2150 πάντα
548 2122 708 2158 εἰργάσατο.
726 2122 776 2148 Διὰ
791 2121 872 2148 τοῦτο
888 2121 935 2147 καὶ

143 2172 248 2203 παντας
267 2171 339 2198 θέλει
364 2169 493 2204 σωθῆναι.
513 2169 561 2200 Τίς
577 2169 632 2203 γάρ
656 2169 731 2194 ἐστιν
755 2167 786 2200 ἐξ
802 2167 891 2202 ἡμῶν,
906 2166 936 2198 ὃς

145 2221 260 2253 ποιήσας
274 2217 385 2253 ἄριστον
401 2217 449 2243 καὶ
463 2216 581 2248 καλέσας
595 2216 660 2246 τοὺς
678 2216 773 2250 φίλους
795 2214 888 2247 αὑτοῦ,
905 2215 935 2240 οὖ

966 277 1101 304 beneﬁcio
1130 276 1260 312 purgari,
1297 279 1324 303 et
1351 275 1469 302 caelestis
1496 274 1607 302 omnino
1632 275 1763 305 eradere,

965 329 1121 357 quanquam
1146 323 1172 349 in
1198 322 1273 349 exitu
1294 321 1355 348 vita:
1375 321 1555 353 constitutus,
1581 321 1646 355 jube
1659 320 1714 347 tuis
1733 325 1765 347 ut

967 377 1016 404 pro
1032 374 1057 397 te
1072 369 1206 396 sacriticia
1219 368 1344 401 oﬂ'erant,
1359 368 1511 395 oblationes
1525 372 1551 394 et
1563 367 1763 401 eleemosyuas,
1791 380 1794 385 -

966 423 1028 450 qurc
1054 415 1102 442 tibi
1130 416 1302 450 proderunt:
1330 421 1394 441 nam
1419 422 1449 442 ea
1477 414 1531 441 Deo
1550 413 1628 440 valde
1652 418 1764 447 accepta

967 468 1041 491 sunt.
1057 462 1086 490 Si
1105 470 1169 497 ergo
1183 461 1338 496 recipienda
1354 469 1413 496 qure
1432 468 1480 495 pro
1506 460 1623 487 mortuis
1643 459 1763 486 oii'erun-

968 516 1022 544 tur,
1041 513 1107 545 erg‘o
1120 515 1147 537 et
1166 508 1253 541 utilia,
1270 508 1331 542 quia
1351 515 1432 535 nemo
1447 507 1538 534 dicere
1555 505 1677 536 audebit.
1702 506 1764 532 iuu-

969 557 1016 584 tile
1031 563 1093 584 esse
1107 555 1180 591 quod
1196 555 1250 582 Deo
1267 559 1406 588 acceptum
1428 561 1479 581 εει.
1504 553 1535 580 Et
1554 553 1625 580 idem
1644 560 1741 580 rursus
1755 560 1761 578 :

971 613 981 629 ι
998 602 1106 636 Scribe,
1125 602 1225 637 inquit,
1241 602 1266 629 in
1287 602 1340 628 luis
1356 601 1457 628 tabulis
1478 607 1532 626 una
1550 606 1612 626 cum
1629 599 1723 626 liberis
1737 603 1765 625 et

969 648 1094 683 cognatis
1112 647 1280 675 cohaeredem
1299 647 1381 675 etiam
1402 645 1568 673 Dominum:
1591 645 1766 671 contineatur

969 694 996 722 in
1022 698 1185 722 testamento
1209 693 1310 729 judicis
1334 700 1445 726 nomen,
1473 700 1523 720 nec
1539 698 1672 726 pauperes
1697 690 1767 716 obli—

970 740 1044 768 vioni
1058 739 1171 767 tradas:
1189 747 1252 767 nam
1270 746 1319 774 ego
1330 739 1434 774 probis
1451 745 1500 766 ero
1515 737 1673 772 ﬁdejussur.
1691 746 1700 762 ι
1715 736 1766 763 Sed

970 794 1051 821 quam
1062 786 1115 813 vim
1132 786 1237 813 habent
1251 786 1307 813 haec
1322 785 1425 817 omnia,
1439 785 1462 813 si
1473 784 1626 813 subsidium
1637 787 1697 818 post
1707 782 1768 810 obi-

971 837 1027 859 tum
1043 832 1189 860 animabus
1210 839 1264 859 non
1291 836 1424 864 remanet,
1450 835 1480 858 ut
1503 839 1552 858 vos
1577 828 1769 857 arbitramini?

973 878 1097 911 Quanam
1125 879 1158 906 de
1182 886 1264 906 causa
1291 878 1349 906 haec
1372 877 1545 905 tradiderunt
1568 876 1680 905 sancti?
1698 874 1768 902 Num

974 925 1080 960 decepti
1097 925 1184 953 sunt?
1201 930 1229 952 at
1247 932 1302 952 non
1320 925 1355 952 ita
1372 925 1436 952 licet
1462 923 1594 956 insanire,
1612 927 1642 950 ut
1655 923 1681 950 id
1695 922 1771 949 diea-

977 980 1048 1000 mus.
1066 972 1124 999 lmo
1141 972 1219 999 valde
1245 976 1361 1007 prosunt
1385 971 1496 1006 Deoque
1510 975 1586 1006 grata
1608 974 1636 997 et
1656 974 1769 1004 accepta

975 1022 1049 1046 sunt.
1068 1018 1131 1045 Vult
1154 1018 1227 1045 enim
1251 1018 1341 1047 salvos
1368 1025 1464 1046 omnes
1489 1017 1545 1045 lieri
1561 1036 1569 1048 .
1590 1015 1770 1050 omniumque

975 1065 1090 1092 salutem
1106 1064 1222 1098 expetit,
1251 1067 1277 1091 et
1294 1063 1369 1092 omni
1392 1064 1498 1091 ratione
1513 1061 1658 1090 commode
1675 1061 1770 1096 provi-

975 1111 1040 1143 det;
1066 1110 1188 1144 quotidie
1210 1110 1312 1138 excitat
1337 1110 1372 1137 ab
1396 1109 1471 1137 omni
1499 1113 1578 1143 parte
1603 1108 1710 1141 aliquos
1724 1107 1769 1141 qui

977 1156 1034 1183 illis
1050 1155 1182 1183 auxilium
1206 1155 1332 1183 atteram.
1349 1156 1384 1183 At
1399 1156 1460 1190 quis
1487 1162 1520 1182 ex
1547 1153 1712 1182 adversariis
1737 1160 1769 1180 ea

978 1201 1115 1229 audiendo
1129 1202 1275 1229 admodum
1299 1201 1451 1234 exsultans,
1477 1205 1504 1228 et
1528 1199 1709 1234 supercilium
1731 1203 1773 1226 at-

978 1249 1076 1276 tollens
1092 1248 1173 1279 dicet,
1190 1247 1247 1276 lloc
1263 1248 1406 1283 supposito
1422 1247 1495 1282 quod
1510 1254 1607 1274 omnes
1626 1246 1772 1281 expientur

977 1300 1041 1329 post
1056 1299 1182 1328 mortem,
1209 1303 1306 1323 omnes
1337 1302 1401 1329 ergo
1422 1295 1611 1326 salvabuntur,
1637 1299 1664 1320 ct
1692 1299 1774 1319 nemo

980 1341 1177 1375 frustrabitur;
1198 1347 1225 1369 et
1246 1341 1269 1368 si
1285 1349 1368 1370 nemo
1386 1345 1499 1369 sanctus
1517 1340 1582 1368 dum
1602 1340 1707 1367 viveret
1722 1346 1772 1365 ex-

980 1388 1060 1423 stitit.
1079 1396 1144 1422 ergo
1174 1389 1296 1415 solvatur
1322 1392 1383 1422 post
1412 1386 1517 1414 obitum
1544 1386 1676 1414 beuelicio
1703 1385 1774 1420 ejus.

979 1435 1052 1469 quod
1072 1434 1197 1469 purgatio
1208 1433 1369 1468 appellatur.
1386 1432 1471 1460 Recte
1487 1432 1654 1468 idquidem.
1675 1436 1701 1458 et
1718 1430 1776 1457 uti-

981 1488 1044 1508 uam
1061 1488 1124 1508 vere
1142 1480 1169 1507 id
1186 1480 1277 1507 dicere
1294 1479 1447 1516 valeremus
1459 1487 1466 1511 ;
1479 1479 1531 1506 hoc
1550 1478 1650 1506 sititet
1664 1482 1777 1512 exoptat
1794 1488 1798 1491 ·

980 1526 1134 1559 hominum,
1151 1525 1302 1553 animarum
1325 1529 1353 1552 et
1376 1525 1511 1552 bonorqu
1529 1528 1635 1551 amator
1649 1523 1731 1555 Deus,
1747 1528 1775 1550 et

944 1591 964 1618 Ο
983 1573 1009 1599 in
1028 1573 1079 1600 hoc
1107 1580 1137 1599 se
1165 1572 1302 1606 prmcipue
1328 1571 1448 1598 oblectat
1467 1575 1494 1598 et
1516 1570 1634 1602 laetatur,
1661 1569 1775 1604 nequis

982 1618 1142 1645 muneribus
1156 1618 1214 1645 suis
1236 1617 1394 1645 frustretur.
1409 1616 1479 1643 Num
1497 1617 1523 1644 iu
1547 1616 1677 1643 mundum
1702 1616 1775 1643 venit

983 1670 1012 1691 ut
1030 1666 1158 1692 cmlesles
1183 1665 1302 1692 salvaret
1326 1664 1530 1698 intelligentlas,
1558 1668 1585 1691 et
1605 1671 1637 1691 ex
1667 1670 1776 1697 semper

983 1710 1095 1744 Virgine
1109 1710 1210 1745 Deique
1222 1710 1363 1737 Geuilrice
1375 1709 1459 1736 Maria
1477 1709 1678 1743 incorruptibili
1696 1716 1778 1734 carne

985 1761 1114 1789 suscepta
1129 1755 1253 1782 mortalis
1271 1755 1356 1782 voluit
1382 1762 1443 1782 esse
1461 1758 1631 1788 mortemque
1648 1753 1779 1788 gusunrc?

984 1803 1054 1830 Nunt
1084 1807 1196 1838 propter
1229 1803 1302 1837 ipsas
1332 1803 1444 1837 praemia
1469 1807 1495 1829 et
1519 1808 1635 1828 coronas
1656 1799 1779 1834 paravit?

985 1849 1055 1876 Num
1074 1849 1179 1884 angelis
1197 1849 1281 1876 dicit:
1301 1858 1310 1874 ι
1329 1847 1438 1881 Venite,
1459 1847 1592 1875 benedicti
1609 1847 1698 1874 Patris
1714 1845 1778 1877 mei.

986 1895 1109 1923 lueredes
1128 1899 1215 1923 estote
1240 1894 1360 1923 caelestis
1383 1893 1460 1930 regni
1477 1893 1551 1929 quod
1576 1901 1625 1928 pro
1639 1892 1716 1920 vobis
1732 1899 1779 1926 pa-

987 1947 1077 1969 ratum
1094 1941 1159 1968 est?
1174 1950 1183 1967 ›
1204 1939 1369 1975 Neutiquam
1387 1940 1424 1973 id,
1437 1939 1511 1967 nullo
1524 1943 1620 1975 pacto:
1637 1945 1717 1966 nemo
1735 1944 1781 1964 re-

986 1988 1108 2024 perietur
1123 1992 1176 2014 tam
1194 1987 1293 2015 stultus
1308 1992 1338 2014 ut
1349 1987 1376 2014 id
1389 1986 1474 2019 dicat,
1491 1986 1538 2013 sed
1560 1988 1673 2020 propter
1689 1983 1780 2011 homi-

988 2041 1048 2062 nem
1068 2033 1133 2060 fecit
1148 2033 1250 2065 omnia,
1271 2036 1299 2060 et
1323 2031 1427 2060 idcirco
1452 2031 1510 2059 vult
1536 2037 1633 2058 omnes
1655 2029 1779 2056 homines

987 2081 1077 2109 salvos
1100 2079 1169 2107 fieri.
1188 2079 1257 2113 Quis
1282 2079 1356 2106 enim
1374 2085 1406 2106 ex
1430 2076 1511 2105 nobis
1539 2080 1582 2104 est
1601 2076 1647 2111 qui
1666 2074 1781 2110 pramlio

988 2126 1132 2157 instructo.
1157 2129 1184 2151 et
1211 2124 1368 2151 convocatis
1387 2123 1483 2151 amicis
1503 2123 1570 2150 nolit
1588 2129 1683 2149 omnes
1699 2127 1779 2148 acce-

988 2172 1053 2200 dere
1066 2179 1098 2200 ac
1113 2171 1170 2198 suis
1192 2170 1244 2197 frui
1271 2169 1368 2197 battis?
1386 2169 1427 2196 vel
1443 2169 1562 2196 laborem
1582 2166 1706 2201 suscepit
1728 2170 1781 2192 tam

989 2217 1126 2252 magniﬁci
1155 2221 1301 2252 apparatus
1331 2215 1382 2243 nisi
1413 2219 1521 2250 propter
1539 2213 1663 2241 amicos?
1689 2212 1736 2240 sed
1758 2212 1782 2239 si

144 2266 217 2292 θέλει
230 2265 334 2296 πάντας
351 2263 450 2293 ὲλθείν,
465 2263 513 2289 καὶ
533 2263 587 2289 τῶν
601 2261 684 2288 αὑτοῦ
706 2261 797 2288 καλῶν
816 2259 928 2286 ἀπολαῦι

990 2272 1043 2291 non
1063 2270 1160 2291 omnes
1175 2261 1217 2289 vel
1230 2261 1328 2296 aliquis
1344 2265 1449 2288 tantum
1466 2259 1618 2290 advenerit,
1634 2259 1784 2286 vehemen-

144 2310 239 2346 σαι;ῆ
265 2310 308 2337 διὰ
335 2309 362 2336 τί
379 2308 510 2335 ἐκοπίασε
536 2308 654 2342 ποιήσας
682 2307 731 2342 τὴν
758 2306 934 2339 πανδαισίαν,

143 2358 200 2385 ἀλλ’
218 2358 234 2392 ἤ
251 2357 295 2384 διὰ
310 2356 374 2386 τοὺς
387 2355 481 2390 φίλους
497 2354 583 2381 αὐτοῦ
600 2362 607 2387 ;
624 2355 674 2380 “Av
691 2354 719 2380 δὲ
735 2354 774 2388 μὴ
791 2353 902 2384 πάντες,
918 2352 935 2386 ἢ

144 2405 199 2437 τὶς,
223 2403 335 2436 ἔλθωσι,
358 2394 460 2436 πολλὴν
474 2403 488 2428 ὁ
505 2401 582 2436 φίλος
610 2400 660 2436 τὴν
683 2400 872 2435 ἀγανάκτησιν
893 2399 937 2425 κέ-

145 2460 254 2486 κτηται.
272 2451 302 2477 Εἰ
320 2449 366 2477 οὖν
385 2451 414 2476 ὲν
438 2449 505 2484 ἡμῖν
531 2450 585 2480 τοῖς
605 2448 711 2482 βροτοῖς
730 2446 828 2478 ταῦτα,
847 2446 938 2481 πολλῷ

148 2497 250 2532 μᾶλλον
278 2497 324 2523 ὲπί
350 2496 398 2523 τοῦ
433 2495 594 2529 παναγάθου
623 2497 671 2521 καὶ
699 2494 938 2528 πανοικτῐρμονοςι

148 2543 349 2578 πλουσιοδώρου
365 2552 394 2570 τε
410 2544 459 2570 καὶ
481 2542 709 2577 ἀφθονοπαρόχου
731 2541 776 2567 καὶ
792 2540 939 2575 ὲλεήμονυς

147 2589 216 2617 Θεοῦ
233 2589 338 2624 νομίσοι
353 2598 394 2621 τις
409 2590 441 2617 ἄν
454 2597 461 2604 ·
478 2589 507 2621 ὃς
523 2590 594 2616 θέλει
612 2589 717 2620 πάντας
741 2588 873 2622 σωθῆναι,
892 2588 940 2615 καὶ

147 2639 198 2674 τῆς
212 2637 295 2664 αὑτοῦ
306 2638 454 2665 ἀπολαύειν
470 2639 545 2670 θείας
560 2637 735 2674 εὐφροσύνης
746 2637 794 2664 καὶ
805 2637 939 2673 τέρψεως.

148 2684 234 2711 Τοῦτο
241 2684 288 2710 οὖν
297 2685 433 2710 σκοπείτω
450 2686 503 2716 πᾶς
518 2693 569 2718 τις,
591 2685 631 2711 ὅτι
645 2684 674 2711 οὐ
689 2685 755 2719 περὶ
772 2684 882 2710 πάντων
898 2683 942 2709 λέ-

149 2740 235 2766 γομεν
247 2730 302 2757 τῶν
318 2730 531 2765 κεκοιμημένων
549 2731 638 2758 ταῦτα
656 2731 803 2763 πᾶιεῐσθαι,
821 2729 858 2762 ὡς
875 2731 941 2757 πολ-

149 2777 229 2809 λάκις
243 2775 354 2811 εἴρηται
367 2783 374 2790 ”
391 2776 438 2803 καὶ
451 2775 497 2802 νῦν
511 2777 686 2811 τελεώτερον.
704 2776 773 2812 Περὶ
786 2776 840 2802 τῶν
856 2776 941 2810 ἁγίων

150 2823 201 2848 οὐκ
219 2822 276 2848 ἐστι
304 2821 404 2857 χρεία’
429 2822 494 2857 περὶ
518 2822 572 2848 τῶν
600 2822 818 2858 ἀπηλπισμένων
848 2830 878 2848 τε
895 2822 942 2849 καὶ

151 2869 386 2903 ἀπεγνωσμένων,
413 2869 462 2895 οὐκ
483 2868 639 2903 ὠφέλιμον·
660 2869 756 2895 ἕπεται
782 2868 852 2902 ὑπὲρ
869 2868 942 2894 mi.

153 2924 205 2943 νων
222 2915 275 2942 τῶν
291 2915 328 2951 μὴ
350 2915 513 2950 φθασάντων
533 2915 744 2952 ίκσνοποιῆσαι·
762 2915 857 2951 ὧσπερ
879 2915 942 2942 ἕκα-

987 2314 1030 2338 ter
1048 2310 1148 2344 hospes
1166 2308 1305 2337 irascitur.
1325 2307 1354 2335 Si
1370 2307 1427 2335 haec
1444 2307 1472 2334 in
1486 2305 1566 2334 nobis
1585 2313 1635 2333 usu
1658 2304 1782 2339 veniunt,

989 2357 1077 2384 multo
1090 2356 1178 2390 magis
1196 2355 1221 2382 in
1239 2354 1295 2382 Deo
1311 2353 1415 2389 optimo
1440 2352 1570 2385 maximo,
1588 2348 1784 2378 misericordiae

989 2404 1083 2438 pleno,
1103 2402 1319 2436 divitiarumque
1333 2400 1446 2435 profuso
1456 2399 1543 2427 datori
1552 2406 1585 2425 ac
1598 2396 1782 2432 pientissimo,

989 2448 1036 2481 qui
1055 2447 1114 2475 vult
1130 2454 1226 2474 omnes
1248 2446 1337 2473 salvos
1361 2445 1430 2478 lieri,
1447 2449 1473 2472 et
1490 2451 1538 2471 sua
1557 2443 1648 2470 divina
1665 2441 1719 2468 l'rui
1736 2440 1784 2467 lae-

991 2495 1049 2522 titia
1067 2499 1094 2521 et
1108 2493 1256 2528 voluptate.
1270 2491 1466 2526 Unusquisque
1482 2489 1697 2519 animadvertat.
1709 2485 1784 2521 quod

991 2549 1046 2569 non
1064 2548 1113 2576 pro
1123 2540 1250 2567 onmibus
1265 2539 1379 2566 mortuis
1392 2538 1450 2565 tunc
1461 2536 1517 2564 fieri
1528 2535 1656 2567 dicimus,
1672 2538 1700 2561 ut
1714 2540 1785 2567 szepe

991 2589 1094 2616 dictum
1118 2593 1171 2619 est.
1190 2591 1218 2614 et
1238 2593 1311 2613 nunc
1336 2583 1462 2612 exactius
1485 2582 1621 2613 dicimus;
1640 2579 1712 2616 quod
1738 2586 1786 2614 pro

992 2635 1096 2663 sanctis
1112 2642 1164 2661 non
1184 2641 1254 2668 opus
1281 2637 1332 2664 est,
1358 2638 1407 2665 pro
1432 2629 1584 2665 desperatis
1598 2635 1630 2655 ac
1647 2625 1785 2655 damnatis

992 2682 1102 2714 inutile,
1118 2681 1242 2715 sequitur
1255 2684 1285 2707 ut
1300 2685 1349 2714 pro
1376 2677 1411 2712 iis
1427 2677 1472 2712 qui
1489 2684 1543 2704 non
1561 2680 1624 2703 ante
1641 2673 1783 2701 satisfece-

995 2729 1058 2760 rint,
1076 2733 1107 2756 ut
1120 2727 1247 2755 omnibus
1263 2725 1352 2753 evenit
1367 2724 1412 2758 qui
1431 2731 1480 2759 pro
1497 2721 1666 2750 ccutieienda
1683 2718 1785 2745 virtute

994 2775 1120 2810 exiguam
1149 2771 1276 2801 ierxuenti
1303 2771 1459 2806 portionem
1481 2769 1626 2798 obtinent;
1655 2772 1704 2792 nec
1722 2767 1785 2810 ante

995 2820 1138 2856 provident
1156 2827 1189 2846 ex
1205 2826 1238 2846 co
1252 2825 1350 2854 panem
1366 2816 1513 2847 conﬁcere,
1525 2814 1646 2841 volentes
1661 2805 1784 2846 quidEm,

997 2868 1044 2895 sed
1061 2874 1115 2894 non
1136 2865 1257 2892 valentes
1273 2864 1297 2891 id
1319 2863 1460 2898 perlicere,
1474 2860 1515 2887 vel
1528 2858 1636 2891 inertia,
1655 2858 1698 2884 vel
1711 2857 1786 2891 igna-

999 2915 1042 2942 via
1061 2913 1146 2949 ducti,
1163 2913 1203 2941 vel
1225 2916 1334 2947 propter
1350 2910 1382 2938 de
1399 2910 1442 2938 die
1464 2908 1492 2936 iu
1515 2907 1586 2935 diem
1602 2904 1789 2941 procrastiuzh

1829 246 1848 262 ο
