1961 3075
175 149 240 181 1251

767 139 927 171 JOSEPIII
949 138 1029 168 MET
1038 136 1230 168 llONENSlS

1735 135 1810 167 1259

171 212 291 240 unquam
311 202 432 230 ﬁdelium
457 200 519 236 quis
537 199 633 227 credat
648 199 690 226 vel
705 198 818 225 omnino
833 196 958 231 recipiat.

1025 197 1158 228 lélowsg,
1189 194 1258 229 μηδὲ
1285 193 1458 228 στέργοιτες,
1492 191 1541 226 τὴν
1568 191 1810 226 ὲκκλησιαπικὴν

171 251 224 278 Sed
242 251 292 277 hoc
305 248 451 276 admodum
472 246 538 273 utile
553 245 754 276 existimantes,
773 251 806 270 ne
817 249 958 270 cessemus

131 280 140 296 ἓ
172 305 301 332 unquam,
323 295 432 326 fratres,
458 301 506 328 pro
524 291 640 320 mortuis
664 289 958 318 commemorationem

173 344 261 370 facere
285 350 291 368 :
311 348 372 368 nam
401 340 423 366 ii
446 344 574 373 magnum
603 337 724 364 levamen
752 340 779 362 et
807 333 959 362 subsidium

172 388 293 416 sentiunt
322 394 355 413 ex
383 384 564 416 orationibus,
596 382 736 417 precibus,
776 379 962 415 elcemosynis

173 434 287 467 aliisque
306 432 358 467 piis
384 431 513 466 operibus
529 437 589 464 qua:
614 427 694 457 nobis
711 434 790 462 opem
810 425 961 469 forcipibus

173 482 350 514 praestantur.
360 477 397 503 De
409 477 460 503 hoc
478 476 568 510 igitur_
578 474 648 502 sacri
662 478 688 501 et
704 472 791 500 divini
805 471 919 506 apostoli
936 469 963 497 in

175 525 233 550 suis
260 521 507 549 Constitutionibus
540 518 712 554 praecipiunt,
749 516 797 544 ubi
831 516 963 550 scriptum

177 573 221 595 est
236 568 274 602 (1)
298 575 304 592 :
330 576 339 592 ι
360 566 537 593 Celebrentur
553 564 639 592 tertize
655 568 825 590 mortuorum
844 562 870 588 in
891 561 965 596 psal-

175 613 239 644 mis,
254 611 415 639 lectionibus
430 615 512 644 alque
537 608 707 636 orationibus
721 613 830 643 propter
842 614 903 634 cum
917 606 966 641 qui

176 659 255 685 tertia
270 658 313 684 die
326 657 487 690 resurrexit;
501 661 528 683 et
540 663 618 682 nona:
633 656 660 682 iu
673 653 965 682 commemorationem

177 705 353 744 superstitum
377 709 404 731 et
415 703 621 732 defunctorum.
638 707 664 729 et
680 701 900 736 quadragesimae
917 707 962 726 se-

177 753 297 780 cundum
319 755 438 778 veterem
457 750 584 777 formam.
601 749 719 784 Moysem
737 748 809 776 enim
828 748 864 774 ita
880 754 966 781 popu-

180 799 224 825 lus
241 797 326 824 ﬁevit.
345 796 378 823 Et
395 795 583 822 anniversaria
602 802 650 828 pro
664 801 758 822 eorum
781 792 924 824 memoria,
941 795 969 818 ct

182 844 308 870 tradatur
323 843 356 870 de
370 849 465 869 eorum
481 841 659 868 {aeultatibus
682 839 786 874 aliquid
803 839 967 874 pauperibus

1014 241 1091 273 τάξιν
1108 240 1267 275 ἀναιροῦσιν
1280 247 1287 254 ·
1303 239 1417 265 παύουσι
1432 239 1477 264 καὶ
1491 238 1539 269 τὰς
1555 237 1608 264 τῶν
1629 238 1737 272 νεκρῶν
1752 238 1809 264 λει-

1013 287 1155 322 τουργίας,
1177 286 1214 317 ὦς
1227 294 1257 311 τε
1274 285 1311 319 μὴ
1326 284 1450 318 γίνεσθαι
1464 292 1470 299 ·
1485 284 1587 314 αἵτινες
1598 283 1648 310 οὐκ
1661 285 1700 314 εἰς
1717 284 1812 318 μάτην

1015 332 1092 367 παρὰ
1110 331 1165 357 τῶν
1182 330 1351 358 διδασκάλων
1369 330 1569 364 ἐπενοήθησαν.
1600 329 1680 356 ’Λλλὰ
1708 330 1746 364 μὴ
1762 331 1812 363 γέ-

1014 386 1087 404 νοιτο
1112 376 1191 402 τοῦτο
1215 369 1328 409 δοξάσαι
1352 375 1413 402 τινὰ
1436 376 1491 401 τῶν
1519 375 1624 401 πιστῶν
1651 375 1769 402 καθόλου
1793 376 1810 402 ἦ

1015 422 1241 458 παραδέξασθαι·
1262 422 1331 449 ἀλλὰ
1346 421 1521 453 πιστεύοντες
1537 421 1596 448 λίαν
1615 421 1753 456 ὠφέλιμον
1771 420 1811 448 εἷ-

1015 479 1069 502 ναι,
1084 470 1121 504 μὴ
1138 469 1290 502 παυώμεθα
1308 469 1352 494 ἀεὶ
1375 469 1472 502 μνείας
1496 469 1584 494 ποιεῖν
1606 468 1717 501 ἀδελφοὶ
1732 469 1809 502 ὑπὲρ

1014 515 1068 542 τῶν
1085 514 1297 549 κεκοιμημένων
1311 520 1318 528 ⁸
1334 513 1401 539 διότι
1417 512 1541 546 μεγάλην
1558 512 1652 539 ἄνεσιν
1675 513 1723 539 καὶ
1740 512 1795 546 βοὴ
1808 527 1815 531 -

1017 562 1093 588 θειαν
1105 560 1223 595 ἔχουσιν,
1236 560 1314 594 ἡμῶν
1327 558 1547 592 ἐπικουρούντων
1559 558 1650 589 αὐτοῖς
1663 558 1708 584 διὰ
1723 567 1777 592 προ
1784 567 1816 583 σ-

1016 607 1099 642 ευχῆς
1117 605 1184 640 ὁμοῦ
1207 606 1254 632 καὶ
1276 605 1395 639 δεήσεως
1416 602 1604 637 ἐλεημοσύνης
1627 611 1657 629 τε
1689 603 1736 629 καὶ
1760 604 1813 636 τῆς

1017 653 1101 688 ἄλλης
1127 653 1237 686 ἁπάσης
1265 651 1401 682 εὐποιϊας.
1428 650 1496 685 Περὶ
1513 650 1609 676 τούτου
1637 646 1684 676 οὖν
1710 649 1757 675 καὶ
1787 650 1813 675 οἱ

1019 700 1086 726 θεῖοι
1104 699 1153 725 καὶ
1177 698 1245 733 ἱεροὶ
1267 696 1412 724 ἀπόστολοι
1440 696 1656 730 προστάττουσιν
1682 695 1760 730 ἡμῖν,
1783 696 1814 720 ἐν

1018 746 1078 776 ταῖς
1097 744 1187 771 αὐτῶν
1200 743 1357 776 διατάξεσιν
1376 742 1441 768 ἔνθα
1463 742 1563 776 φασίν·
1579 750 1589 767 ι
1614 740 1814 767 Ἐπιτελεῐσθω

1018 791 1099 826 τρίτα
1116 790 1172 817 τῶν
1187 789 1399 825 κεκοιμημένων
1415 790 1442 815 ὲν
1457 789 1575 823 ψαλμοῖς
1592 789 1636 815 xii
1651 789 1678 813 ἐν
1696 796 1815 821 προσευ-

1020 839 1092 872 χαῖς,
1117 837 1162 864 διὰ
1187 838 1232 863 τὸν
1255 837 1299 863 διὰ
1323 836 1408 870 τριῶν
1432 836 1544 870 ἡμερῶν
1569 835 1736 870 ἐγερθέντα’
1763 836 1816 862 καὶ

180 890 207 916 in
225 887 511 917 commemorationem
525 894 632 914 eorum.
652 896 661 912 ι
683 885 745 913 Hec
769 886 802 913 de
828 884 881 920 piis
896 884 966 910 dici-

1025 884 1101 910 ἑνατα
1116 884 1155 914 εἰς
1173 883 1329 918 ὑπόμνησιν
1347 882 1401 908 τῶν
1416 882 1568 916 περιόντων
1582 883 1630 908 καὶ
1645 882 1700 908 τῶν
1717 890 1815 908 κεκοι-

182 943 252 962 mns.
266 935 333 962 Nam
354 935 387 962 de
404 934 495 968 impiis
508 933 530 960 si
548 938 635 959 totum
648 932 740 959 orbem
758 931 964 962 tradiderimus,

183 981 251 1008 nihil
262 980 382 1015 proderit
395 987 402 1007 :
415 980 459 1007 cui
471 979 544 1008 enim
565 979 664 1006 viventi
681 979 732 1005 fuit
743 977 814 1005 Deus
826 978 967 1009 adversus,

182 1033 305 1061 apertum
318 1032 370 1059 cst,
384 1026 506 1053 futurum
522 1026 546 1052 ei
563 1025 644 1052 etiam
660 1024 806 1051 adversum
821 1029 882 1050 esse
898 1030 970 1050 mor-

184 1079 241 1105 tuo,
257 1073 357 1108 quippe
373 1061 434 1100 cum
447 1080 501 1100 non
514 1071 550 1099 sit
563 1071 693 1106 iniquitas
705 1071 775 1106 apud
792 1069 887 1097 Deum.
899 1068 968 1096 Nam

180 1121 272 1155 justus
289 1124 330 1146 est
342 1118 473 1146 Dominus
485 1122 512 1145 et
524 1118 646 1153 justitias
662 1117 761 1151 diligit,
775 1121 802 1143 et
813 1123 876 1143 ecce
886 1116 968 1143 homo

184 1171 211 1193 et
226 1173 294 1200 opus
311 1165 380 1200 eius,
397 1169 424 1192 et
446 1169 474 1192 tu
497 1164 636 1191 retribues
653 1163 802 1198 unicuique
814 1163 967 1190 secundum

184 1217 267 1246 opera
285 1218 345 1238 sua.
362 1220 371 1236 ι

1023 930 1154 964 μημένων
1165 936 1171 943 ·
1186 927 1395 963 τεσσαρακοστὰ
1419 927 1490 953 κατὰ
1509 927 1555 953 τὸν
1574 928 1690 954 παλαιὶν
1703 927 1792 953 τύπον
1807 935 1816 942 ·

1021 976 1124 1010 Μωσῆν
1140 975 1194 1009 γὰρ
1213 975 1227 1000 ὁ
1246 974 1309 1005 λαὸς
1331 973 1418 1004 οὕτως
1435 973 1586 1008 ἐπένθησεν
1598 981 1606 989 ο
1623 974 1670 999 καὶ
1687 973 1817 999 ἐνιαύσια

1024 1022 1094 1058 ὑπὲρ
1111 1022 1225 1057 μνήμης
1240 1021 1341 1047 αὐτῶν.
1357 1020 1412 1046 Καὶ
1429 1020 1541 1046 διδόσθω
1558 1020 1589 1046 ἔκ
1604 1020 1658 1046 τῶν
1674 1019 1816 1054 ὑπαρχόν-

1022 1077 1076 1094 των
1088 1068 1178 1094 αὐτῶν
1187 1067 1242 1098 τοῖς
1253 1066 1378 1101 πένησιν,
1389 1068 1428 1098 εἰς
1439 1067 1593 1101 ἀνάμνησιν
1605 1065 1704 1093 αὐτῶν.
1717 1065 1816 1092 Ταῦτα

1023 1115 1073 1149 μὲν
1090 1115 1155 1150 περὶ
1166 1114 1288 1140 εὐσεϐῶν
1301 1113 1429 1148 λέγομεν.
1444 1114 1511 1149 Περὶ
1524 1113 1551 1139 δὲ
1569 1113 1689 1145 ἀσεϐῶν,
1703 1111 1752 1138 ἐὰν
1767 1112 1817 1138 καὶ

1021 1163 1056 1188 τὰ
1072 1161 1119 1187 τοῦ
1144 1162 1248 1195 κόσμου
1274 1160 1327 1195 δῷς
1345 1161 1469 1194 πένησιν,
1491 1159 1567 1186 οὐδὲν
1586 1159 1695 1192 ὀνήσεις
1713 1157 1816 1184 αὐτόν’

1022 1203 1044 1241 ᾧ
1059 1207 1114 1242 γὰρ
1128 1207 1250 1242 περιόντι
1263 1206 1358 1241 ὲχθρδν
1373 1204 1407 1241 ἦν
1422 1206 1452 1232 τὸ
1465 1206 1547 1237 θεῖον,
1561 1205 1682 1239 δηλονότι
1699 1205 1747 1230 καί
1761 1212 1797 1238 με

184 1235 322 1283 τάστάντι.
337 1257 373 1283 Οὐ
387 1257 440 1292 γάρ
453 1257 527 1284 ἔστιν
542 1257 633 1284 ἀδικία
644 1257 721 1292 παρὰ
732 1256 770 1292 τῷ
783 1256 852 1292 Θεῷ,
867 1235 973 1287 δίκαιος
989 1235 1043 1291 γὰρ
1065 1235 1174 1290 ,Κδριος
1201 1254 1247 1281 καὶ
1274 1235 1449 1286 δικαιοσδνας
1486 1235 1617 1289 ἠγάπησε
1629 1261 1636 1268 ·
1673 1253 1720 1280 καὶ
1760 1235 1816 1278 ίδο)

184 1304 327 1339 ἅνθρωπος
345 1304 392 1331 καὶ
417 1305 447 1331 τὸ
463 1304 544 1340 ἔργον
567 1304 650 1331 αὐτοῦ
664 1313 670 1321 ·
694 1306 742 1332 καὶ
764 1305 797 1332 σὺ
815 1305 965 1336 ἀποδώσεις
980 1304 1088 1339 ἑκάστῳ
1103 1304 1173 1330 κατὰ
1187 1303 1221 1330 τὰ
1237 1303 1306 1338 ἔργα
1325 1303 1418 1329 αὑτοῦ.
1438 1312 1446 1328 ι

217 1353 303 1380 Audis
317 1353 350 1380 de
360 1353 446 1380 sacris
458 1353 588 1388 apostolis
601 1360 655 1387 qua
667 1353 772 1380 ratione
788 1361 839 1388 pro
853 1353 971 1381 mortuis

186 1398 311 1426 ﬁdelibus
331 1399 466 1426 sacriﬁcia
486 1403 511 1426 et
526 1406 620 1434 preces
635 1399 760 1428 sanciunt
778 1399 903 1427 adhiberi
917 1398 928 1424 ?
941 1398 970 1426 ld

184 1449 226 1471 est
241 1444 314 1478 quod
332 1452 402 1479 sape
419 1444 550 1475 diximus,
568 1445 640 1479 quod
657 1452 706 1478 pro
722 1452 789 1483 puqo
807 1449 834 1471 et
852 1444 971 1472 contrito

185 1491 267 1518 corde
281 1491 308 1517 in
325 1491 375 1517 hac
396 1490 448 1516 vita
465 1490 671 1524 paenitentibus,
683 1490 729 1517 sed
747 1498 799 1518 non
817 1490 969 1518 secundum

186 1537 360 1570 pratscriptas
386 1536 459 1570 leges
475 1536 502 1562 id
518 1536 648 1570 perﬁcere
673 1536 830 1564 valentibus
853 1535 970 1562 mortuis

185 1583 374 1617 deprecamur.
391 1582 442 1609 i'ro
458 1582 500 1608 bis
515 1581 599 1608 Deum
613 1581 721 1616 placare
737 1589 869 1609 conamur
884 1587 911 1610 et
930 1580 971 1609 in'-

187 1636 326 1660 vocamus,
338 1635 539 1662 prccamurque
555 1628 666 1661 aliquid,
680 1628 752 1656 unde
764 1629 831 1663 ipsis
846 1629 972 1656 allevatio

186 1681 214 1701 et
229 1674 332 1702 utilitas
347 1675 475 1707 accedat;
493 1674 600 1709 hocque
608 1679 651 1702 est
663 1675 735 1710 quod
751 1675 777 1702 in
792 1676 901 1704 decreto
913 1676 973 1711 ejus

188 1720 309 1748 Ecclesia
331 1720 520 1755 purgatorium
537 1725 634 1754 vocat,
655 1722 682 1748 in
704 1729 760 1757 quo
782 1726 844 1758 post
869 1723 973 1750 obitum

187 1773 337 1801 purgantur
366 1767 478 1798 animae,
492 1767 665 1794 orationibus
680 1768 859 1803 precibusque
873 1776 887 1795 ο
906 1769 975 1795 vivis

188 1813 316 1840 ﬁdelibus
344 1821 393 1848 pro
422 1821 518 1840 eorum
540 1822 649 1849 semper
678 1815 800 1842 subsidio
827 1815 973 1850 sus:cptis.

188 1858 255 1886 Nam
274 1865 301 1886 ut
318 1859 344 1886 id
363 1860 390 1887 in
416 1861 531 1896 gratiam
547 1866 705 1888 sanctorum
723 1862 763 1889 vel
788 1862 974 1896 improborum

188 1905 255 1937 ﬁat,
281 1913 361 1933 nemo
382 1914 455 1933 sana:
476 1907 574 1934 mentis
589 1907 736 1935 testimabit
753 1916 760 1934 :
778 1908 825 1935 sed
850 1915 900 1935 nec
926 1916 975 1942 pro

187 1951 353 1980 Christianis
371 1953 624 1987 impozniteutibus;
640 1954 711 1981 idem
733 1955 804 1981 enim
825 1955 976 1989 peccatori-

188 1998 239 2024 bus
247 2001 273 2024 et
283 1999 518 2032 impaenitemibus
530 2000 692 2028 Christianis
704 2000 845 2036 continget
856 2001 927 2036 quod
943 2001 976 2029 iis

188 2044 295 2070 eveniet
318 2045 366 2079 qui
386 2053 480 2072 verum
498 2045 582 2073 Deum
599 2046 739 2074 Christum
762 2055 817 2074 non
843 2055 977 2082 cognove-

190 2094 272 2122 runt;
290 2091 378 2125 iisque
392 2091 476 2118 ctiam
494 2092 580 2120 multo
597 2093 721 2120 deterius
732 2101 813 2128 quam
830 2093 895 2121 illis.
910 2093 976 2126 «Qui

190 2143 244 2162 non
258 2136 473 2170 cognovit,dicit
489 2137 676 2172 Evangelium,
689 2134 855 2166 volnntatem
868 2139 976 2166 Domini

191 2182 244 2214 sui,
260 2185 287 2209 et
305 2181 399 2209 fecerit
422 2183 502 2218 digna
529 2184 626 2218 plagis,
644 2184 783 2218 vapulabit
797 2184 912 2219 paucis;
931 2185 976 2219 qui

191 2234 280 2255 autem
295 2229 421 2262 cognovit
432 2229 596 2256 voluntatem
611 2230 720 2258 Domini
733 2230 788 2264 sui,
804 2236 830 2258 et
844 2239 899 2258 non
911 2238 977 2265 pra:-

191 2274 296 2308 paravit
314 2279 341 2302 et
361 2282 415 2302 non
432 2275 493 2302 fecit
511 2276 661 2304 secundum
672 2278 842 2305 volttntatem
852 2278 921 2311 ejus.
931 2284 976 2304 va-

192 2321 296 2356 pulabit
312 2321 406 2349 multis
418 2321 469 2348 ⁵³.»
485 2321 536 2349 Pro
552 2322 605 2355 his,
622 2322 645 2350 si
659 2323 739 2349 verba
756 2330 898 2350 sacrorum
912 2330 977 2357 apo-

194 2367 325 2394 stolorum
340 2367 452 2401 audisti,
468 2367 541 2395 dicta
558 2372 632 2399 sunt,
650 2376 712 2395 cum
728 2368 823 2395 dicunt
845 2376 852 2394 :
870 2369 931 2395 llmc
947 2368 980 2395 de

190 2413 242 2448 piis
259 2414 385 2446 dicimus,
402 2413 428 2441 id
443 2418 485 2441 est
508 2415 541 2441 de
563 2414 764 2449 paenitentibus
781 2422 789 2447 ;
817 2422 865 2449 pro
888 2414 980 2449 impiis

192 2467 257 2487 vero
273 2460 296 2487 si
311 2464 399 2487 totum
413 2459 545 2487 mundum
561 2459 718 2491 tradideris,
733 2460 800 2486 nihil
818 2459 978 2494 proieceris.

193 2504 250 2531 Hoc
261 2505 331 2532 idem
347 2506 450 2533 asserit
463 2505 544 2533 etiam
560 2506 650 2541 lingua
663 2513 745 2533 aurea
760 2505 891 2534 Joannes.
911 2505 973 2533 «Ne‘

193 2556 248 2581 mo,
264 2550 362 2584 inquit,
381 2550 444 2578 hinc
459 2559 492 2578 eo
510 2551 668 2585 digrediens
680 2569 688 2582 .
712 2551 765 2578 nisi
790 2558 837 2578 sua
865 2551 978 2578 solverit

191 2600 311 2630 peccata,
332 2597 398 2630 quin
420 2598 553 2625 rationem
576 2602 716 2632 gestorum
745 2597 850 2629 reddat.
875 2598 977 2624 valebit

192 2641 319 2676 eﬁ'ugerc.
335 2642 387 2669 Sed
409 2643 639 2677 quemadmodum
656 2643 689 2670 de
706 2650 816 2671 carcere
839 2644 889 2671 hoc
905 2649 977 2671 eale-

191 2689 247 2714 uati
262 2689 294 2716 ad
312 2687 430 2715 tribunal
447 2689 485 2716 rei
496 2690 643 2722 ducuntur,
657 2690 696 2718 sic
711 2695 738 2718 ct
754 2690 852 2718 anima:
868 2698 974 2722 oumes.

243 2781 265 2796 ⁵³
281 2780 347 2809 Luc.
364 2788 411 2814 xu,
424 2781 467 2815 47,
483 2781 527 2809 48.

230 2873 269 2906 (ί)
287 2873 412 2910 Lib.vul,
429 2875 522 2904 Const.
541 2875 567 2902 6.

1068 1352 1191 1383 Ἀκούεις
1207 1353 1261 1378 τῶν
1278 1352 1358 1385 ίερῶν
1373 1351 1532 1378 ἀποστόλων
1543 1358 1551 1366 ⁸
1568 1351 1626 1382 πῶς
1637 1350 1815 1384 νομοἹετοῦτι

1026 1400 1177 1433 προσάγειν
1202 1398 1298 1430 θυσίας
1314 1407 1342 1424 τε
1358 1399 1405 1425 καὶ
1421 1399 1528 1433 δεήσεις
1551 1397 1622 1431 ὑπὲρ
1636 1397 1689 1423 τῶν
1710 1397 1816 1428 πιστῶς

1025 1437 1223 1480 κοιμηθέντων,
1238 1444 1319 1471 τοῦτό
1342 1446 1415 1471 ἐστιν
1429 1444 1442 1470 ὃ
1465 1444 1596 1475 πολλάκις
1618 1443 1725 1477 ἔφημεν
1745 1443 1816 1477 ὑπὲρ

1024 1489 1078 1516 τῶν
1092 1491 1319 1524 μετανοησάντων
1338 1489 1387 1524 μὲν
1402 1489 1519 1516 ἐνταῦθα
1543 1489 1613 1523 μετὰ
1629 1489 1752 1523 καθαρᾶς
1769 1491 1818 1515 καὶ

1025 1535 1262 1571 συντετριμμένης
1279 1535 1405 1570 καρδίας,
1426 1535 1464 1570 μὴ
1482 1534 1644 1569 φθασάντων
1659 1535 1687 1561 δὲ
1704 1535 1813 1561 τελειῶ-

1027 1592 1072 1610 σαι
1091 1583 1154 1614 τοὺς
1167 1583 1294 1615 δοθέντας
1308 1583 1400 1614 αὐτοῖς
1416 1583 1533 1614 κανόνας
1547 1590 1554 1598 ⁸
1570 1583 1641 1618 ὑπὲρ
1654 1583 1757 1610 τούτων
1771 1583 1816 1609 εὑ-

1025 1630 1128 1665 χόμεθα
1146 1631 1359 1665 μεταστάντων·
1376 1630 1447 1665 ὑπὲρ
1473 1629 1574 1656 τούτων
1592 1628 1770 1663 ἑξιλεούμεθα
1787 1629 1816 1654 τὸ

1026 1678 1109 1710 θεῖον,
1125 1678 1173 1704 καὶ
1185 1676 1400 1712 παρακαλοῦμεν
1418 1677 1465 1702 καὶ
1478 1676 1605 1711 δεόμεθα.
1626 1676 1706 1702 ’Ὁῦεν
1722 1676 1817 1706 αὐτοῖς

1027 1722 1128 1748 δίδοται
1146 1723 1237 1754 ἄνεσις
1250 1723 1297 1749 καὶ
1313 1723 1442 1758 ὠφέλεια.
1464 1723 1518 1747 Καὶ
1533 1721 1611 1748 τοῦτό
1624 1722 1697 1748 ἐστιν
1714 1722 1784 1755 ὅπερ
1800 1723 1816 1756 ἡ

1025 1769 1072 1795 τοῦ
1089 1769 1156 1795 Ger?)
1178 1768 1326 1804 Ἐκκλησία
1342 1769 1371 1794 ὲν
1386 1769 1424 1802 τῷ
1440 1768 1539 1802 ἑαυτῆς
1552 1768 1606 1802 ὅρῳ
1622 1767 1699 1794 καλεῖ
1711 1768 1819 1802 καθαρ-

1025 1815 1120 1849 τήριον
1133 1823 1140 1831 ·
1157 1816 1185 1841 ὲν
1203 1812 1225 1848 ᾦ
1248 1814 1427 1849 καθαίρονται
1447 1815 1515 1849 μετὰ
1538 1814 1654 1841 θάνατον
1665 1814 1694 1840 αἱ
1717 1813 1815 1849 ψυχαῖ,

1026 1859 1070 1887 διὰ
1083 1860 1132 1893 τῆς
1146 1860 1199 1886 τῶν
1215 1860 1325 1891 ζώντων
1342 1860 1446 1886 πιστῶν
1462 1860 1637 1894 ἐπικουρίας,
1653 1861 1818 1894 προσευχῶν

1029 1907 1073 1934 καὶ
1082 1907 1201 1940 δεήσεων
1213 1907 1333 1941 συνεχῶς
1348 1907 1418 1942 ὑπὲρ
1429 1906 1686 1941 αὺτῶνγινομὲνων.
1703 1906 1736 1932 '0
1747 1906 1819 1939 ὑπὲρ

1027 1953 1080 1979 τῶν
1105 1952 1201 1986 ἁγίων,
1218 1953 1306 1984 οὐδεὶς
1332 1953 1361 1978 εὖ
1379 1953 1485 1988 φρονῶν
1499 1952 1634 1987 ὲννοήσεε,
1659 1951 1720 1978 οὐδὲ
1746 1952 1818 1986 ὑπὲρ

1026 2000 1080 2026 τῶν
1096 2000 1212 2031 ἀσεϐῶν,
1230 1999 1288 2026 ἀλλ’
1303 1999 1357 2026 οὐδ’
1375 1999 1446 2034 ὑπὲρ
1464 1998 1518 2024 τῶν
1536 1999 1732 2033 ἀμετανοήτων
1745 2000 1819 2034 ’Χρι-

1029 2046 1156 2073 στιανῶν.
1174 2045 1264 2071 Tauro
1279 2046 1333 2080 γὰρ
1349 2045 1489 2071 πείσονται
1514 2044 1673 2079 ἁμαρτωλοὶ
1687 2045 1734 2070 καὶ
1748 2046 1801 2078 aly:
1811 2061 1818 2064 -

1028 2091 1154 2126 τανόητοι
1180 2091 1352 2126 Χριστιανοὶ,
1375 2090 1389 2116 ὂ
1405 2091 1546 2116 πείσονται
1570 2090 1618 2116 καὶ
1643 2090 1720 2116 αὐτοὶ
1737 2090 1763 2115 οἱ
1781 2090 1819 2124 μὴ

1029 2137 1139 2172 γνόντες
1158 2138 1204 2163 τὸν
1217 2136 1348 2170 ἀληθινὸν
1365 2136 1430 2162 Θεδν
1450 2136 1553 2170 Ἰησοῦν
1566 2135 1683 2170 Χριστόν
1696 2143 1703 2150 ⁸
1719 2136 1766 2162 καὶ
1779 2136 1819 2162 ἔτι

1029 2183 1121 2218 πολλῷ
1145 2184 1236 2218 χεῖρον
1255 2179 1329 2209 οὗτοι
1353 2182 1477 2209 ἐκείνων.
1497 2191 1506 2207 ι
1528 2181 1558 2208 Ὀ
1579 2181 1634 2215 γὰρ
1660 2182 1699 2216 μὴ
1725 2182 1818 2216 γνοὺς,

1030 2233 1096 2265 φησὶ
1111 2231 1142 2256 τὸ
1157 2229 1334 2263 Εὑαγγέλιον,
1349 2229 1379 2254 τὺ
1404 2229 1509 2263 θέλημα
1534 2228 1580 2254 τοῦ
1600 2229 1703 2262 Κυρίου
1723 2229 1818 2258 αὐτον.

1031 2277 1148 2311 ποιήσας
1165 2276 1192 2301 δὲ
1218 2276 1282 2307 ἄξια
1306 2274 1432 2308 πληγῶν,
1457 2274 1606 2309 δαρήσεται
1623 2274 1718 2308 ὀλίγας
1731 2283 1738 2290 ·
1755 2274 1770 2300 ὁ
1792 2275 1819 2300 δὲ

1030 2323 1109 2355 γνοὺς
1125 2322 1155 2348 τὸ
1167 2323 1272 2356 θέλημα
1291 2321 1338 2347 τοῦ
1359 2321 1463 2355 Κυρίου
1481 2320 1574 2352 αὑτοῦ,
1595 2322 1641 2347 καὶ
1657 2321 1694 2357 μὴ
1706 2322 1821 2355 ἑτοιμά-

1031 2378 1091 2401 σας,
1109 2369 1175 2404 μηδὲ
1189 2369 1306 2403 ποιήσας
1319 2369 1387 2400 πρὸς
1399 2367 1429 2393 τὺ
1444 2367 1550 2401 θέλημα
1563 2367 1658 2399 αὑτοῦ,
1672 2367 1821 2401 δαρήσεται

1030 2415 1141 2445 πολλάς.
1161 2424 1170 2440 ι
1197 2414 1282 2449 ’Υπὲρ
1304 2413 1408 2440 τούτων
1423 2413 1477 2448 γὰρ
1494 2414 1519 2439 εἰ
1534 2412 1653 2447 ἦκουσα;
1671 2413 1725 2439 τῶν
1743 2415 1822 2447 ἱερῶν

1029 2461 1188 2488 ἀποστόλων
1208 2461 1344 2494 λεγόντων
1361 2461 1430 2492 ἐστὶ,
1446 2460 1487 2492 τὸ,
1501 2460 1594 2486 Ταῦτα
1616 2461 1665 2494 μὲν
1693 2460 1765 2495 ὑπὲρ
1779 2461 1808 2486 εὑ

1032 2507 1121 2532 σεϐῶν
1140 2506 1270 2540 λέγομεν,
1295 2507 1419 2532 τουτέστι
1445 2507 1692 2541 μετανοησάντων·
1715 2508 1781 2542 περὶ
1794 2508 1821 2533 δὲ

1034 2553 1141 2579 ἀσεϐῶν
1154 2553 1214 2578 οὐδὲ
1228 2553 1252 2578 εί
1267 2553 1299 2579 τὰ
1320 2552 1366 2578 τοῦ
1391 2552 1494 2586 κόσμου
1515 2551 1612 2582 δώσεις
1633 2552 1703 2586 ὑπὲρ
1722 2553 1822 2584 αὐτῶν,

1034 2599 1187 2634 ὠφελήσεις
1201 2599 1310 2630 αὐτούς.
1331 2599 1368 2624 Τὸ
1383 2598 1449 2624 αὐτὸ
1464 2598 1511 2624 καὶ
1524 2598 1538 2624 ὁ
1550 2599 1599 2632 τὴν
1614 2599 1738 2631 γλῶτταν
1757 2607 1822 2633 χρυ-

1035 2646 1098 2675 σοῦς
1124 2644 1251 2679 Ἰωάννης
1264 2652 1271 2659 ⁸
1292 2653 1300 2669 ι
1325 2643 1431 2675 Οὐδεὶς,
1451 2643 1546 2678 φησὶν,
1570 2643 1696 2670 ἐντεῦθεν
1713 2643 1750 2679 μὴ
1765 2644 1821 2670 δια-

1035 2690 1186 2725 λυσάμενος
1212 2690 1245 2721 τᾷ
1271 2689 1461 2724 ἁμαρτήματα
1486 2688 1581 2722 αὑτοῦ,
1599 2689 1725 2717 ἀπελθὼν
1751 2690 1818 2723 ἐκεῖ,
