1961 3075
166 148 230 181 1261

499 149 573 179 PRO
591 148 695 178 CUNC.
713 147 899 180 FLORENT.
919 148 999 179 CAP.
1024 149 1068 178 ΙΙΙ
1101 149 1149 178 DE
1167 148 1428 179 PUBGATORIO.

1726 153 1793 185 liﬁl

163 204 360 240 κολασθήσεται
372 212 378 219 ⁸
399 203 445 231 τοῦ
461 204 542 240 ἔργου
558 205 596 236 ὡς
609 205 687 238 ἀξὶου
699 205 856 241 ἀφανισμοῦ
875 213 950 232 καιο-

1008 211 1050 239 per
1068 205 1174 240 ignem;
1191 209 1219 232 ιιι
1234 213 1329 232 aurum
1343 206 1364 233 si
1382 205 1426 233 cui
1439 206 1521 234 fuerit
1541 206 1687 236 adn-istum
1704 214 1793 238 mate-

164 256 245 286 μενου
259 251 306 277 καὶ
319 251 519 286 ἁφανιζομὲνου
533 259 539 267 ·
558 251 639 283 αύτδς
651 252 679 278 δὲ
696 252 867 287 σωθήσεται·
882 251 953 278 οὕτω

163 297 201 330 δὲ,
218 297 257 329 ὡς
272 297 316 324 διὰ
338 297 433 333 πυρός.
457 298 487 324 Et
504 298 532 325 δὲ
556 298 603 325 καὶ
624 297 711 329 οὕτως
734 298 825 333 εἴπῃς,
850 298 900 324 οὐκ
920 298 952 324 ἂν

164 343 306 380 ἁμάρτῃς·
322 344 364 370 ὃτι
376 341 479 382 οὗτινος
489 344 520 370 τὸ
534 344 614 379 ἔργον
629 346 715 379 μενεῖ,
726 345 866 370 τουτέστιν
879 344 952 376 ὅστις

163 390 290 417 ἐντεῦθεν
308 383 489 418 ἀπελεύσεται
505 391 695 426 ἁμαρτήματα
711 390 782 426 ἔχων
800 390 951 425 θανάσιμα,

166 438 242 472 μενεί
260 437 289 464 τὸ
313 437 393 473 ἔργον
418 437 456 469 ὡς
471 437 553 473 βαρὺ,
581 438 691 473 σιδήρου
717 437 841 473 bim-p.91
866 437 952 470 λίθου,

163 484 232 518 ὅπερ
258 484 288 510 ού
306 485 495 519 καταφάγεται
518 485 637 516 εὐκόλως
652 485 682 511 τὸ
705 484 780 520 πῦρ·
805 485 851 511 καὶ
876 484 953 517 οὗτος

163 530 279 566 λήψεται
295 531 392 565 μισθὸν
409 531 456 558 τοῦ
472 531 552 566 ἔργου
573 531 668 562 αὑτοῦ,
685 534 733 566 τὴν
748 532 858 558 αἰώνιον
874 531 955 558 κόλα-

165 585 218 604 σιν.
234 574 271 604 Οὗ
284 577 313 603 δὲ
329 577 359 603 τὺ
376 576 456 612 ἔργον
476 578 692 612 κατακαήσεται,
706 578 858 612 σωθήσεται
870 577 953 608 αὐτὸς

163 623 201 654 ὼς
219 623 263 649 διὰ
287 623 382 657 πυρός.
402 623 507 658 Ὥσπερ
523 624 571 650 καὶ
594 623 624 649 τὸ
640 624 760 658 χρυσίον,
777 623 887 650 ἐπειδὰν
903 623 952 657 μὲν

165 670 290 704 συμμιγῆ
308 669 358 704 ὕλῃ
373 668 427 695 τινὶ
446 669 577 704 ἀλλοτρίᾳ
592 670 640 704 τῆς
655 668 738 695 αὑτοῦ
756 669 875 703 φύσεως,
894 668 954 694 κίϐ-

163 714 243 749 δηλον
260 715 375 748 γίνεται,
393 716 440 741 καὶ
457 715 507 750 τῆς
527 714 640 750 πρώτης
662 715 854 749 λαμπρότητος
875 715 953 740 ἐλατ-

163 760 306 794 τούμενον,
332 760 511 795 ἁχρειοῦται·
539 760 756 795 δοκιμαζόμενον
781 760 810 786 δὲ
835 760 880 787 διὰ
906 760 953 787 τοῦ

163 806 260 841 πυρδς,
274 807 290 840 ἡ
304 800 391 834 ’κακία
414 806 504 841 ἐκείνη
528 807 636 834 καίεται
649 815 656 822 “
672 807 719 833 καὶ
742 806 889 842 ἀφανισμῷ
904 815 952 834 πα-

161 851 300 886 ραδίδοται
314 860 322 867 ⁸
342 853 373 879 τὺ
390 853 418 880 δὲ
432 853 547 888 χρυσίον
565 853 646 880 πάλιν
663 853 712 888 τὴν
733 853 871 890 προτέραν
884 854 952 880 ἀπο-

163 898 298 932 λαμϐάνει
322 899 515 934 λαμπρότητα.
535 899 614 926 Ούτω
639 901 685 927 καὶ
702 901 718 935 ὴ
738 900 822 935 ψυχὴ,
843 899 887 927 διὰ
905 900 952 926 τοῦ

163 945 250 980 πυρὸς
265 946 315 980 τῆς
339 946 512 981 καθάρσεως,
532 946 709 974 ἀποϐαλοῦσα
728 947 775 973 τὸν
793 947 892 981 ῥύπον,
909 945 953 980 ὑφ’

163 991 194 1018 οὒ
210 993 242 1018 ὲκ
267 992 317 1027 τῆς
346 993 476 1028 ἀμελείας
502 993 550 1020 καὶ
573 993 710 1028 ῥᾳθυμίας
735 992 953 1028 κατερῥυποῦτο,

165 1039 246 1066 πάλιν
262 1040 302 1071 είς
321 1039 370 1074 τὴν
387 1039 524 1074 προτέραν
541 1040 725 1074 λαμπρότητα
741 1039 787 1066 καὶ
812 1039 953 1073 εὐγένειαν

163 1085 356 1120 ἐπανέρχεται.
383 1086 438 1112 Καὶ
454 1086 567 1117 τούτους
589 1093 640 1119 μου
658 1085 722 1116 τοὺς
744 1085 840 1118 λόγους
862 1086 955 1112 ἐπιϐε-

165 1131 280 1158 ϐαιώσει
295 1132 309 1157 ὁ
325 1132 540 1167 ούρανοφάντωρ
555 1131 603 1158 καὶ
616 1130 689 1166 ίερδς
708 1130 858 1164 Βασίλειος,
880 1132 909 1157 ὲν
922 1132 954 1166 τῇ

165 1177 295 1213 ἐξηγήσει
320 1177 368 1204 τοῦ
391 1177 527 1212 μακαρίου
552 1178 695 1212 προφήτου
726 1177 849 1209 Ἡσαΐου,
867 1178 897 1204 ἐν
917 1178 955 1213 τῷ

165 1223 240 1259 ῥητῷ
257 1224 295 1258 τῷ
311 1223 397 1256 οὕτως
416 1223 506 1258 ἔχοντι
518 1231 524 1238 ”
541 1233 551 1249 ι
569 1223 632 1250 ’Ὁτι
648 1223 778 1251 ἐκπλυνεῖ
793 1224 893 1260 Κύριος
910 1224 955 1252 τὸν

166 1270 252 1304 ῥύπον
267 1270 322 1297 τῶν
340 1271 405 1297 υἱῶν
429 1271 476 1298 καὶ
499 1270 553 1297 τῶν
573 1270 734 1306 θυγατέρων
750 1271 821 1297 Σιών
835 1279 842 1286 ·
860 1271 907 1298 καὶ
924 1271 955 1297 τδ

165 1313 235 1350 αἷμα
257 1316 437 1352 Ἰερουσαλὴμ
459 1317 621 1352 ἐκκαθαριεί
645 1317 677 1343 ἐκ
701 1317 785 1352 μέσου
808 1317 910 1349 αὐτῶν,
927 1317 954 1343 ἐν

166 1364 303 1398 πνεύματι
316 1364 444 1398 κρίσεως,
458 1365 504 1390 καὶ
517 1364 547 1390 ὲν
559 1363 696 1397 πνεύματι
708 1363 843 1394 καύσεως.
859 1372 868 1388 ι
885 1362 956 1398 Τρα-

164 1411 218 1442 νῶς
241 1411 276 1437 τὰ
298 1410 370 1437 αὐτὰ
399 1410 439 1445 τῷ
465 1410 579 1446 Ἰωάννῃ
602 1411 615 1436 ὀ
641 1410 721 1444 λόγος
743 1410 954 1445 προσαγορεύει,

164 1458 231 1492 περὶ
255 1456 302 1484 τοῦ
322 1457 424 1492 Κυρίου
442 1457 559 1490 λέγοντι,
575 1457 616 1483 ὅτι
635 1466 644 1482 ι
664 1455 747 1487 Αὐτὸς
772 1456 844 1491 ὑμᾶς
860 1456 956 1490 βαπτί-

165 1511 206 1530 σει
225 1504 254 1530 ὲν
278 1502 419 1537 Πνεύματι
440 1503 577 1538 ἁγίῳ-καὶ
597 1502 674 1537 πυρί.
694 1511 703 1528 ι
725 1503 791 1536 Περὶ
811 1501 839 1528 δὲ
862 1501 955 1533 αὐτοῦ,

1006 252 1053 279 riae
1068 251 1101 279 ab
1113 252 1198 286 ipsius
1213 252 1308 279 aliena:
1324 257 1430 284 natura,
1447 253 1627 281 adulterinum
1644 246 1744 287 evadit.
1760 264 1792 283 ac

1005 297 1038 324 de
1053 305 1102 325 suo
1129 298 1275 333 splendore
1296 297 1461 326 diminutum
1488 301 1581 327 inutile
1601 301 1745 329 redditur:
1764 307 1792 328 at

1005 344 1031 372 si
1048 344 1190 380 probatum
1208 345 1270 380 igne
1289 345 1381 378 fuerit,
1401 346 1493 374 vitium
1511 346 1576 374 illud
1595 347 1748 375 absumitur
1764 353 1792 376 et

1005 389 1144 418 abnlitioni
1164 391 1290 424 traditur,
1306 400 1402 419 attrmn
1428 401 1493 420 vero
1508 393 1654 427 pristinum
1673 395 1790 422 nitorem

1006 437 1113 471 reta’pit.
1135 437 1181 465 Sic
1193 442 1221 465 et
1235 439 1325 466 anima
1348 447 1395 472 per
1411 440 1500 474 ignem
1527 440 1695 475 purgatimtis
1711 441 1792 468 elutis

1005 482 1143 514 sordibus,
1173 489 1282 518 propter
1309 492 1377 518 quas
1403 492 1435 511 ex
1463 484 1626 521 negligentia
1650 489 1677 512 et
1695 485 1791 513 inertia

1005 528 1191 562 sordescebat,
1208 538 1302 558 rursus
1318 531 1350 558 ad
1370 531 1487 565 priorem
1503 533 1675 566 splendorem
1702 538 1728 560 et
1745 540 1796 559 no-

1006 573 1138 602 bilitatem
1154 576 1309 604 revertitur.
1327 576 1404 604 lianc
1418 584 1503 604 meam
1517 578 1678 605 sententiam
1692 577 1793 605 contir-

1006 620 1092 648 mabit
1108 622 1217 650 caelitus
1232 623 1368 651 demissus
1380 628 1407 650 et
1421 631 1498 651 sacer
1515 623 1630 651 Basilius
1642 624 1668 651 in
1685 624 1793 658 exposi-

1007 667 1080 695 tione
1097 668 1168 695 beati
1188 668 1264 696 Isaia}
1278 670 1416 703 prepltetm
1431 678 1512 704 super
1528 678 1559 696 ea
1574 671 1654 697 verba
1669 679 1676 697 :
1692 680 1701 696 ι
1716 670 1794 703 Quod

1005 713 1028 740 si
1047 713 1164 740 ablucrit
1190 713 1321 741 Dominus
1336 714 1431 742 sordes
1446 715 1561 742 ﬁliarum
1585 715 1662 747 Sion,
1680 720 1707 743 et
1731 723 1794 742 san-

1006 759 1116 794 guinem
1134 759 1230 787 laverit
1245 760 1395 788 Jerusalem
1414 761 1448 788 de
1469 763 1559 790 medio
1576 763 1635 797 ejus
1651 764 1677 790 in
1696 762 1793 798 spiritu

1004 806 1101 841 iudicii
1115 812 1142 834 et
1155 808 1271 835 ardoris.
1291 817 1300 834 ι
1322 810 1383 836 Ηαιο
1395 810 1476 836 verba
1495 817 1589 844 aperte
1614 811 1685 837 idem
1699 811 1794 838 dicunt.

1007 860 1069 880 cum
1093 853 1199 881 Joanne
1229 855 1337 889 quando
1356 856 1421 883 dicit
1444 856 1478 883 de
1500 857 1633 883 Domino:
1655 866 1664 882 ι
1683 855 1729 884 Ille
1747 864 1795 884 vos

1006 899 1153 934 baptizabit
1173 900 1201 928 in
1218 901 1322 936 Spiritu
1340 907 1436 930 sancto
1456 908 1481 930 et
1498 903 1576 938 igne;
1597 914 1606 929 ι
1626 904 1660 931 de
1674 912 1703 931 se
1718 911 1793 935 vero,

1010 955 1018 971 ι
1037 947 1098 981 Ego'
1109 955 1157 975 vos
1175 947 1283 982 baptizo
1296 949 1324 975 in
1338 956 1408 983 aqua
1428 949 1462 976 ad
1478 949 1678 984 paenitentiam.
1699 959 1709 976 ι
1724 950 1792 978 Cum

1007 992 1088 1026 igitur
1105 997 1249 1028 utrumque
1261 993 1391 1021 Dominus
1404 994 1591 1029 coniunxerit,
1602 995 1706 1023 scilicet
1721 997 1793 1030 quod

1006 1045 1039 1065 ex
1054 1045 1125 1072 aqua
1140 1042 1182 1066 est
1199 1039 1232 1066 ad
1253 1039 1442 1073 paenitentiam
1456 1045 1483 1067 et
1506 1047 1537 1067 ex
1555 1040 1652 1075 spiritu
1667 1041 1699 1068 ad
1719 1049 1796 1077 rcge-

1007 1083 1189 1115 nerationem,
1205 1091 1238 1111 ac
1265 1084 1348 1111 verba
1371 1087 1518 1119 utrumque
1534 1085 1667 1120 baptisma
1693 1087 1794 1122 signiﬁ-

1005 1135 1080 1161 cent,
1106 1137 1277 1164 nequaquam
1300 1134 1365 1157 sunt
1389 1136 1442 1158 tres
1468 1131 1680 1166 signiﬁcationes
1704 1132 1794 1168 bapti-

1007 1175 1118 1207 smatis,
1135 1175 1260 1203 sordium
1279 1177 1414 1211 purgatio,
1432 1177 1547 1211 spiritus
1574 1178 1751 1212 regeneratio,
1767 1184 1794 1207 ot

1007 1228 1037 1248 ea
1056 1229 1116 1256 qua:
1133 1221 1162 1248 lit
1177 1222 1239 1257 igne
1253 1223 1451 1257 scgregationis
1465 1222 1599 1257 probatio.
1613 1223 1793 1259 Quapropter,

1008 1267 1108 1299 lavare,
1126 1275 1174 1301 pro
1187 1269 1288 1302 peccati
1305 1268 1487 1304 depositione,
1504 1278 1564 1304 quae
1582 1270 1609 1297 in
1628 1270 1679 1297 hoe
1693 1271 1796 1298 mundo

1009 1313 1047 1346 tit,
1070 1313 1206 1347 sumitur;
1233 1314 1299 1341 illud
1326 1323 1400 1348 vero,
1425 1316 1520 1350 spiritu
1536 1316 1632 1351 judicii
1648 1322 1675 1344 et
1697 1318 1794 1352 spiritu

1007 1357 1123 1391 ardoris,
1141 1366 1191 1393 pro
1206 1367 1237 1386 ea
1252 1367 1312 1393 quae
1324 1360 1350 1387 in
1364 1360 1459 1388 futuro
1473 1362 1572 1390 saeuit)
1591 1362 1619 1389 ﬁt
1635 1362 1795 1397 probatione

1008 1411 1056 1437 per
1078 1405 1166 1439 ignem
1193 1406 1336 1439 accipitur.
1365 1406 1453 1442 Egent
1472 1413 1562 1436 autem
1585 1410 1732 1437 commissa
1749 1418 1796 1444 per

1008 1447 1190 1480 ignorantiam
1206 1455 1327 1483 peccata,
1345 1452 1421 1486 quasi
1436 1454 1530 1480 sordes
1546 1455 1681 1488 quaedam,
1698 1456 1796 1483 anima:

1008 1493 1122 1522 niterent
1141 1495 1350 1529 labefactantes,
1378 1503 1404 1525 et
1426 1500 1578 1527 naluralem
1597 1500 1657 1535 ejus
1677 1502 1797 1536 pulchri-

164 1549 206 1576 ὅτι
221 1557 230 1575 ι
258 1547 331 1581 Ἐγὼ
356 1549 406 1582 μὲν
424 1548 497 1582 ὑμᾶς
525 1548 649 1582 βαπτίζω
669 1548 698 1574 ὲν
722 1547 798 1574 ὕδατι
818 1548 857 1579 εἰς
876 1548 955 1583 μετά-

1011 1541 1134 1568 tudinem
1150 1541 1341 1578 deturpantes,
1358 1544 1470 1572 lutionis
1487 1546 1668 1580 purgatione;
1686 1550 1796 1582 peccata

166 1602 267 1620 νοιαν.»
302 1593 379 1619 Ἐπεὶ
395 1593 441 1620 οὖν
452 1593 555 1628 ἀμφότε
562 1602 596 1628 ρα
609 1591 867 1628 συνῆψενὸΚύριος,
884 1594 914 1620 τό
929 1601 958 1619 τε

166 1641 196 1675 ἐξ
210 1640 309 1672 ὓδατος
334 1641 375 1673 είς
401 1641 558 1676 μετάνοιαν,
575 1643 624 1668 καὶ
639 1641 669 1667 τὸ
689 1642 720 1667 ὲκ
742 1641 902 1676 Πνεύματος
918 1642 958 1672 εἰς

166 1688 361 1721 ἁναγέννησιν,
393 1688 440 1715 καὶ
461 1688 474 1714 ό
493 1686 573 1721 λόγος
595 1686 748 1713 αἰνίσσεται
768 1686 912 1721 ἀμφότερα
924 1687 958 1713 τὰ

168 1733 358 1768 βαπτίσματα,
381 1733 418 1768 μή
438 1741 503 1760 ποτε
520 1733 595 1767 τρεῖς
617 1733 687 1758 εἰσιν
708 1731 827 1758 ἐπίνοιαι
849 1731 898 1758 τοῦ
911 1731 959 1766 βα-

168 1779 322 1814 πτίσματος
335 1786 342 1794 ·
363 1779 376 1805 ὃ
389 1787 419 1805 τε
435 1778 481 1805 τοῦ
501 1779 589 1813 ῥύπου
608 1777 792 1813 καθαρισμὸς,
814 1779 861 1804 καὶ
877 1779 894 1812 ἡ
915 1778 959 1804 διὰ

167 1826 215 1853 τοῦ
237 1826 396 1861 Πνεύματος
411 1825 604 1860 ἀναγέννησις,
621 1826 669 1851 καὶ
687 1825 703 1859 ἠ
721 1825 749 1850 ὲν
765 1824 805 1859 τῷ
826 1824 892 1859 πυρὶ
909 1824 959 1859 τῆς

166 1873 332 1908 διακρίσεως
348 1872 475 1908 βάσανος.
491 1872 576 1899 Ὥστε
589 1872 620 1898 τδ
636 1871 685 1906 μὲν
707 1871 861 1901 ἐκπλύνειν,
891 1871 958 1906 πρὸς

170 1919 219 1953 τὴν
234 1916 285 1944 ὦδε
302 1918 430 1945 ἀπόθεσιν
446 1918 496 1953 τῆς
515 1917 655 1952 ἁμαρτίας
671 1917 858 1952 λαμϐάνεται⁸
873 1918 904 1943 τὸ
918 1917 957 1949 δὲ,

170 1963 310 1998 Πνεύματι
322 1963 452 1999 κρίσεως,
468 1964 514 1990 καὶ
528 1964 663 1998 πνεύματι
675 1963 809 1995 καύσεως,
827 1963 895 1998 πρὸς
909 1963 959 1999 τὴν

170 2011 200 2037 ἐν
216 2010 256 2045 τῷ
285 2010 410 2045 μέλλοντι
428 2009 519 2042 αἰῶνι,
542 2010 586 2037 διὰ
603 2010 650 2036 τοῦ
669 2009 755 2042 πυρὸς
783 2009 957 2045 δοκιμασίαν.

171 2057 281 2083 Δέονται
295 2056 323 2083 δὲ
341 2057 370 2083 αἱ
395 2056 445 2090 μὲν
467 2058 538 2082 κατὰ
561 2056 673 2089 ἄγνοιαν
697 2055 846 2091 ἁμαρτίαι,
875 2056 959 2083 οἱονεὶ

173 2102 258 2137 ῥύπος
273 2110 314 2133 τις
335 2099 425 2134 οὖσαι,
445 2101 495 2136 τὴν
511 2102 673 2135 ἐπιφάνειαν
686 2102 735 2136 τῆς
756 2101 846 2136 ψυχῆς
861 2101 957 2136 ἀφανί-

171 2148 278 2180 ζουσαι,
300 2148 347 2174 καὶ
364 2147 402 2182 τῷ
415 2148 523 2182 φυσικῷ
536 2148 629 2174 κάλλει
645 2147 731 2182 αὐτῆς
747 2147 956 2183 λυμαινόμεναι,

169 2193 215 2220 τοῦ
229 2195 261 2220 ὲκ
274 2194 324 2228 τῆς
339 2193 463 2225 πλύσεως
478 2193 652 2228 καθαρισμοῦ
668 2201 673 2208 -
690 2195 716 2220 αἱ
739 2193 768 2220 δὲ
786 2193 854 2229 πρὸς
875 2193 955 2220 θάνα-

168 2251 214 2268 τον
236 2242 371 2277 ἁμαρτίαι
388 2242 442 2268 τῶν
462 2241 595 2273 ἑκουσίως
619 2241 861 2276 ἐξαμαρτανόντων
887 2242 958 2277 μετὰ

167 2289 199 2314 τὸ
224 2287 317 2314 λαϐεῖν
341 2288 390 2324 τὴν
413 2287 571 2321 ἐπίγνωσιν,
600 2285 670 2321 αἷμα
696 2287 958 2322 προσαγορεύονται,

167 2334 294 2370 δεόμεναι
311 2334 362 2368 τῆς
390 2334 418 2360 ὲν
435 2334 474 2369 τῷ
499 2333 622 2368 καύματι
638 2333 766 2368 κρίσεως.
801 2334 880 2360 Ἐπεὶ
898 2333 926 2360 δὲ
946 2335 960 2360 ὁ

169 2380 423 2416 ἐξομολογούμενος,
448 2380 496 2406 καὶ
518 2379 654 2414 πλυθῆ-ιαι
677 2379 759 2412 ἀξιοῖ,
784 2381 830 2406 καὶ
846 2380 960 2415 καθαρι-

170 2426 277 2461 σθῆναι,
305 2427 353 2453 καὶ
369 2427 420 2460 τὴν
439 2426 490 2461 μὲν
520 2426 645 2460 ἀνομίαν,
671 2425 794 2458 πλύσεως
819 2435 886 2461 φησι
904 2426 959 2452 δεῖ·

170 2471 249 2498 σθαι·
265 2473 315 2506 τὴν
336 2473 363 2498 δὲ
385 2472 524 2507 ἁμαρτίαν
541 2471 730 2507 καθαρισμοῦ,
749 2472 847 2505 λέγων·
879 2481 888 2498 ι
900 2471 962 2498 Ἐπὶ

169 2517 262 2544 πλεῖον
276 2518 374 2546 πλῦνον
393 2527 426 2553 με
441 2519 496 2545 ἀπὸ
513 2519 561 2553 τῆς
577 2518 693 2552 ἀνομίας
708 2527 771 2554 μου,
783 2519 830 2545 καὶ
844 2519 898 2545 ἀπὸ
911 2519 961 2552 τῇς

170 2564 309 2600 ἁμαρτίας
323 2572 374 2599 μου
388 2564 538 2600 καθάρισόν
555 2571 615 2600 με’»
633 2564 658 2590 οἱ
676 2564 727 2598 μὲν
744 2565 833 2599 πάντη
850 2564 962 2600 ἀνήκοοι

132 2615 135 2617 ”
170 2611 225 2637 τῶν
243 2609 321 2636 θείων
334 2609 515 2645 μαθημάτων,
533 2612 598 2645 πρὶν
609 2610 706 2646 μαθεῖν
721 2610 767 2637 τὸν
781 2609 859 2644 λόγον
873 2611 962 2645 ἠμαρ-

170 2657 297 2692 τηκὸτες,
320 2657 402 2683 οἱονεὶ
428 2659 629 2694 ῥερυπωμένοι,
645 2657 693 2685 τοῦ
711 2659 765 2686 ἀπὸ
790 2657 837 2684 τοῦ
861 2657 960 2690 ὓδατος

171 2704 275 2740 δέονται
291 2703 463 2738 καθαρισμοῦ
473 2713 481 2720 ·
496 2706 520 2731 οἱ
535 2705 562 2731 δὲ
577 2705 646 2739 μετὰ
661 2705 691 2732 τὸ
710 2705 804 2732 λαὸεῐν
819 2704 869 2740 τὴν
885 2703 958 2740 ζωὴν

172 2738 392 2780 ὲπιῦούλεύοντες
406 2750 524 2782 ἑαυτοῖς,
539 2750 635 2785 αἵματι
654 2751 731 2781 οντες
749 2750 848 2786 ἔνοχοι,
864 2750 910 2776 τοῦ
926 2751 958 2776 ἐκ

173 2795 219 2821 τοῦ
233 2795 317 2830 πυρὸς
333 2795 437 2822 δέονται
453 2797 636 2832 καθαρισμοῦ.
654 2798 732 2826 Ἐστι
751 2799 778 2825 δὲ
793 2799 841 2826 καὶ
856 2797 960 2824 ἁπλού-

213 2885 245 2901 ⁵³⁵
259 2886 347 2915 ‘l‘sal.
367 2895 393 2920 L,
415 2887 443 2915 ί.

1010 1595 1074 1615 vero
1091 1589 1123 1615 ad
1140 1595 1269 1624 mortem,
1290 1599 1385 1619 eorum
1404 1593 1450 1627 qui
1469 1599 1568 1628 sponte
1582 1594 1754 1630 delinquunt,
1771 1601 1798 1624 et

1009 1633 1035 1660 id
1051 1640 1231 1668 cognoscunt,
1249 1638 1361 1672 sanguis
1375 1639 1558 1674 appellantur,
1578 1645 1712 1676 egentque
1724 1643 1799 1676 judi~

1003 1681 1052 1708 cio
1071 1682 1188 1710 ardoris.
1212 1682 1265 1710 Sed
1280 1684 1347 1718 quia
1363 1685 1410 1719 qui
1425 1686 1580 1719 conﬁtetur,
1600 1688 1685 1716 lavari
1702 1690 1758 1717 vult
1771 1696 1798 1717 et

1009 1728 1131 1763 purgari,
1154 1733 1181 1755 et
1204 1729 1377 1764 iniquitatem
1403 1732 1505 1759 lotione
1533 1733 1598 1760 dicit
1622 1734 1754 1770 indigrre,
1772 1742 1798 1762 ιιι

1009 1778 1152 1807 peccatum
1171 1776 1341 1811 purgatione,
1359 1777 1451 1805 dicens
1471 1787 1477 1806 :
1498 1788 1506 1804 ι
1528 1779 1652 1814 Amplius
1671 1781 1729 1808 lava
1755 1790 1798 1810 tlte

1010 1817 1043 1844 ab
1053 1817 1197 1853 iniquitate
1207 1828 1277 1854 mea,
1289 1826 1315 1848 et
1327 1829 1342 1849 τι
1353 1828 1465 1857 peccato
1474 1831 1536 1851 meo
1548 1826 1647 1853 munda
1657 1835 1699 1853 me
1707 1827 1739 1843 δ”
1753 1828 1796 1861 ¹μ

1010 1864 1055 1898 qui
1070 1865 1223 1893 divinarum
1239 1867 1426 1896 d0ctrinarnm
1444 1871 1554 1905 penitus
1578 1877 1642 1899 sunt
1659 1880 1796 1908 expertes,

1009 1915 1037 1937 et
1061 1915 1125 1939 ante
1151 1912 1227 1940 verbi
1256 1915 1440 1949 cognitionem
1464 1916 1649 1952 deliquerunt,
1668 1924 1798 1955 tanquam

1010 1957 1138 1985 sordibus
1155 1960 1356 1993 commaculati,
1374 1967 1453 1996 egent
1466 1970 1496 1989 ea
1514 1969 1574 1997 quae
1593 1972 1640 1998 per
1655 1973 1752 2000 aquam
1771 1967 1800 1994 ﬁt

1010 2004 1190 2038 purgatione;
1216 2005 1262 2040 qui
1290 2014 1355 2034 vero
1383 2013 1446 2042 post
1470 2014 1610 2044 acceptam
1636 2011 1730 2044 vitam,
1748 2013 1798 2040 sibi

1010 2050 1077 2085 ipsis
1094 2050 1208 2079 insidias
1233 2056 1355 2085 struunt,
1375 2055 1518 2089 sanguinis
1539 2056 1589 2088 rei,
1609 2065 1640 2084 ea
1665 2066 1726 2093 qua:
1751 2067 1800 2094 per

1010 2097 1099 2132 ignem
1129 2097 1158 2125 tit
1178 2099 1339 2134 purgatione
1368 2099 1500 2135 indigent.
1532 2101 1683 2132 Possumus
1714 2106 1798 2134 etiam

1009 2144 1159 2180 simplicius
1175 2145 1363 2181 interpretari,
1388 2148 1460 2181 quod
1475 2156 1507 2175 ea
1521 2154 1632 2183 peccata
1647 2159 1707 2185 qua:
1728 2153 1799 2180 velut

1011 2190 1040 2217 in
1062 2191 1205 2226 superﬁcie
1228 2196 1302 2225 sunt,
1323 2197 1351 2220 et
1374 2193 1448 2221 intus
1476 2202 1530 2221 non
1557 2194 1650 2230 latent,
1673 2198 1801 2226 sordbus

1011 2238 1213 2272 quodammodo
1241 2244 1305 2265 sunt
1331 2239 1430 2267 similia
1451 2249 1459 2268 ς
1476 2242 1610 2276 profunda
1626 2247 1654 2270 et
1670 2243 1800 2273 interiora

1012 2291 1044 2310 ex
1058 2291 1141 2318 pravo
1157 2283 1251 2311 habitu
1267 2285 1481 2320 delinquentium
1498 2289 1653 2322 commissa,
1674 2292 1798 2326 sanguini

1012 2335 1216 2371 comparantur.
1245 2330 1349 2359 Idcirco
1376 2340 1409 2359 ex
1440 2333 1530 2361 medio
1551 2340 1735 2368 peccatorum,
1753 2346 1800 2372 per

1012 2377 1126 2411 spiritus
1154 2378 1289 2406 ustionem
1325 2380 1434 2415 purgari
1467 2381 1567 2409 dicitur
1595 2383 1704 2418 sanguis
1736 2384 1802 2412 Pro-

1013 2423 1125 2457 phetas:
1148 2434 1157 2449 ‹
1187 2423 1220 2451 Ει
1239 2424 1413 2453 comburitur
1439 2426 1509 2453 sicut
1532 2427 1603 2462 ignis
1624 2428 1764 2463 iniquitas.
1789 2441 1798 2456 ι

1012 2469 1097 2497 Basil.
1119 2479 1128 2496 ι
1148 2471 1235 2498 Habet
1248 2472 1429 2499 commutatio
1442 2473 1585 2507 quamdam
1604 2474 1801 2510 beneﬁciispe~

1011 2515 1093 2547 ciem,
1112 2515 1177 2550 quia
1194 2516 1372 2544 comburetur
1387 2516 1457 2545 sicut
1479 2517 1550 2551 ignis
1568 2518 1708 2553 iniquitas.
1733 2519 1800 2546 Nam

1012 2567 1133 2597 paratam
1149 2569 1181 2590 ex
1197 2568 1272 2598 parte
1292 2562 1445 2598 iniquitatis
1460 2564 1601 2592 materiam
1619 2565 1733 2598 aboleri,
1752 2575 1800 2601 pro

1011 2607 1152 2634 hominum
1171 2607 1316 2641 beneﬁcio,
1330 2615 1344 2635 a
1359 2608 1480 2637 bonitate
1497 2609 1606 2638 Domini
1624 2612 1800 2639 constitutum

1013 2658 1064 2680 est.
1085 2662 1094 2678 ι
1117 2653 1257 2688 Propheta:
1277 2661 1283 2682 :
1302 2662 1311 2678 ‹
1335 2652 1366 2680 Et
1379 2653 1450 2681 sicut
1467 2662 1578 2690 gramen
1594 2655 1699 2682 aridum
1718 2655 1801 2683 devo—

1015 2700 1118 2728 rabitur
1145 2700 1179 2727 ab
1207 2700 1279 2735 igne,
1306 2705 1333 2727 et
1359 2701 1537 2728 comburctur
1566 2703 1594 2729 in
1621 2701 1802 2729 densitatibus

1014 2749 1106 2783 sylvas.
1126 2756 1134 2772 ι
1155 2747 1236 2774 Basil.
1255 2755 1264 2772 ι
1283 2745 1427 2779 Quomodo
1438 2747 1606 2782 demergitur
1631 2747 1658 2773 in
1686 2747 1802 2774 terrenis

1013 2791 1156 2823 :itl'ectibus
1185 2793 1296 2821 anima?
1322 2793 1408 2821 Sicuti
1437 2800 1550 2827 gramen
1570 2792 1685 2820 allectus
1704 2793 1801 2820 anima:
