1961 3075
173 133 240 165 1265

510 136 584 167 PRO
598 136 701 168 CONC.
723 137 908 170 FLORENT.
926 141 1004 172 CAP.
1027 141 1088 173 lll.
1107 142 1155 172 DE
1170 140 1426 172 PURGATORIO.

1720 141 1796 172 1966'

171 199 239 224 σμον
255 190 305 225 τῆς
321 191 432 226 εἰρήνης
460 192 506 218 καὶ
530 193 666 227 ὁμονοίας.
696 195 881 230 Ἐἤουλόμεθα
906 196 950 236 οὖν

1008 198 1106 226 rando.
1123 197 1185 225 Fuit
1200 198 1227 225 in
1241 197 1333 225 animo
1345 197 1405 225 aliis
1419 196 1500 224 etiam
1509 195 1660 222 testimonia
1676 201 1703 223 et
1717 197 1786 224 dicta

171 236 218 262 καὶ
234 237 316 269 ἄλλας
336 239 489 273 μαρτυρίας
506 239 551 265 καὶ
576 241 671 275 ῥήσεις
688 241 774 274 ἁγίων
791 242 952 276 προσθεῖναι

172 283 258 320 ταύτῃ
272 284 304 318 τῇ
321 283 465 311 ὑποθέσειο
485 286 543 312 ἀλλ’
566 287 579 313 ὁ
595 289 632 320 μὴ
648 288 756 317 τούτοις
779 289 951 323 πειθόμενος,

171 330 227 357 οὐδ’
239 330 330 363 ἄλλοις
346 332 536 367 πεισθήσεται,
554 333 611 360 ἀλλ’
623 334 677 360 οὐδ’
688 334 758 366 ὅσοις
770 335 802 361 ἂν
816 335 952 370 εἴποιμεν.

171 376 220 403 Διὰ
234 377 314 404 τοῦτο
326 378 422 413 ἀρκεῖν
439 380 580 413 ἡγούμεθα
599 381 630 407 τὰ
646 381 779 415 εἰρημένα
790 389 796 395 ·
811 381 880 415 πρὸς
894 381 952 407 δια-

171 421 312 455 κριτικοὺς
326 423 374 449 καὶ
394 424 557 458 φιλομαθεῖρ
570 426 669 460 ἄνδρας
684 426 729 452 τὸν
750 426 829 460 λόγον
843 427 951 453 ποιοῦν-

169 477 226 499 τες,
243 468 291 495 καὶ
310 469 359 503 τὴν
377 469 446 497 ἰδίαν
461 472 598 506 σωτηρίαν
622 471 812 507 ὀρεγομένους,
831 473 877 499 καὶ
902 473 953 507 τὴν

170 515 300 549 ἀλήθιιαν
316 515 354 548 ὠς
372 516 431 543 ὲνδν
444 518 472 544 ὲν
487 518 588 552 ὀλίγοις
606 519 746 550 συνιέντας
769 519 816 546 καὶ
833 519 953 551 ἀσπαζο-

171 562 268 596 μένους
283 563 434 598 προθύμως
444 573 452 580 ”
468 566 513 591 καὶ
530 565 567 600 μὴ
580 565 642 591 κατ’
654 566 714 598 ἔριν
726 567 772 592 καὶ
787 567 953 600 φιλονεικίαν

171 609 250 642 μόνον
267 609 281 635 ὅ
304 617 330 636 τι
347 610 379 636 ἂν
394 610 468 645 τύχοι
492 611 631 645 λέγοντας,
651 612 747 646 ὥσπερ
771 613 895 639 ποιοῦσιν
927 614 952 640 οἰ

168 656 217 690 τὴν
232 656 362 690 ἀλήθειαν
377 657 493 690 ἀφειδῶς
515 667 573 689 πως
586 658 632 684 καὶ
648 659 766 690 ἀναιδῶς
791 658 835 685 διὰ
850 659 950 694 μοχθη-

170 705 231 735 ρίαν
244 702 292 728 καὶ
309 701 471 737 ἀμϐλύτητα
486 704 546 736 νοδς
569 704 796 740 ἀπορῥίπτοντες.

205 748 258 775 Καὶ
274 748 361 775 ταῦτα
378 750 428 783 μὲν
442 750 538 782 οὕτως.
555 751 626 785 Πρὸς
644 751 672 777 δὲ
690 752 724 778 τὰ
738 751 952 787 ὲπαποροὺμενα

169 795 232 829 ὑμῖν
257 795 303 821 τὸν
329 795 407 828 λόγον
422 795 578 831 τρέφωμεν.
601 797 669 824 Φασὶ
684 798 740 832 γὰρ
762 798 787 825 oi
803 799 952 833 ἀντιμαχό-

169 851 244 876 μενοι
259 842 375 874 τούτοις,
391 843 498 876 πρῶτον
515 843 555 870 ὅτι
572 845 651 877 ἀρκεῖ
663 844 701 877 τῷ
723 844 858 880 ἀνθρώπῳ
875 845 903 872 ὲν
918 846 949 880 τῇ

1006 248 1162 271 sanctorum
1181 244 1245 271 huic
1266 248 1425 278 argumento
1441 243 1604 277 adjungere;
1632 243 1678 270 sed
1694 243 1738 277 qui
1755 242 1787 269 iis

1004 290 1083 317 fidem
1099 298 1152 317 non
1165 290 1333 320 adhibuerit.
1347 298 1434 324 neque
1449 289 1511 316 aliis
1523 289 1670 320 adhibebit,
1680 288 1786 315 etiamsi

1004 335 1090 362 multo
1104 335 1180 368 plura
1198 335 1259 370 quis
1275 336 1421 364 addiderit.
1439 334 1541 363 Idcirco
1558 335 1623 362 satis
1640 342 1712 364 esse.
1727 341 1788 368 quas

1004 388 1087 415 supra
1103 381 1224 415 exposita
1239 385 1303 409 sunt
1324 381 1489 408 arbitramur
1504 381 1536 407 ad
1552 381 1684 408 discretos
1699 385 1726 407 et
1745 379 1786 406 di-

1003 426 1096 454 scendi
1121 427 1236 462 cupidos
1254 427 1378 455 homines
1401 432 1591 454 conrertentes
1620 433 1785 458 sermonem,

1004 473 1049 508 qui
1065 477 1093 500 et
1116 481 1193 500 suam
1219 478 1348 506 expetunt
1365 473 1492 504 salutem,
1517 480 1677 507 verumque,
1697 471 1787 506 quoad

1004 519 1132 553 possibile
1149 520 1195 552 sit,
1212 526 1238 547 et
1255 520 1407 554 intelligunt
1425 520 1543 547 breviter
1567 523 1594 546 et
1619 519 1788 552 amplectun-

1005 570 1048 592 tur
1073 565 1198 597 libenter.
1218 574 1271 593 non
1299 566 1430 599 litigandi'
1448 571 1475 593 et
1491 564 1673 593 contettdcndi
1695 564 1785 591 studio

1003 609 1136 645 quidquid
1153 611 1303 638 occurrerit
1324 611 1511 642 adducentes,
1536 610 1615 638 sicuti
1641 610 1658 637 ii
1685 609 1788 636 fariunt

1003 656 1048 690 qui
1066 656 1205 683 veritatem
1225 657 1393 684 incessanter
1408 661 1435 684 et
1454 656 1628 691 impudenter
1645 656 1680 683 ob
1702 656 1785 683 animi

1003 703 1164 736 pravitatem
1182 709 1209 730 et
1225 703 1323 731 mentis
1342 703 1529 731 hebetudinem
1555 703 1696 738 abjicinnt.

1041 748 1074 776 Et
1090 749 1146 776 hate
1160 749 1268 784 quidem
1294 749 1432 777 hactenus.
1450 749 1526 777 Nunc
1548 750 1579 777 ad
1598 757 1628 776 ea
1646 757 1706 784 qua:
1722 756 1788 775 cou-

1003 795 1144 822 trndentes
1163 795 1242 822 nobis
1264 795 1397 829 ohjicilis,
1412 796 1563 822 orationem
1587 800 1786 822 convertemus.

1004 842 1102 869 Dicunt
1119 841 1190 868 enim
1217 841 1261 875 qui
1291 841 1332 868 bis
1358 842 1549 872 adversantur.
1575 841 1690 876 primum
1716 840 1786 874 quod

167 889 311 924 τελευταίᾳ
324 889 372 922 τῆς
386 889 541 925 ἀποδημίας
564 889 646 917 αὑτοῦ
666 890 769 926 ἡμέρᾳ,
784 892 800 924 ἡ
823 892 892 926 μετὰ
907 891 950 918 δα-

1006 887 1108 914 homitti
1124 886 1223 914 sumeit
1239 887 1265 914 in
1290 892 1412 914 extremo
1427 886 1654 921 peregrinationis
1673 894 1728 913 sum
1744 886 1788 912 die

166 934 258 967 κρύων
288 935 426 969 μετάνοια,
456 935 632 970 καὶὴθερμὴ
662 936 865 972 ἐξομολόγησις,
881 937 952 964 ὥστε

167 983 286 1017 σωθῆναι
313 983 465 1010 αὖτὺν.καὶ
481 983 510 1008 ἐν
537 984 570 1018 τῇ
598 983 722 1017 βασιλείᾳ
750 984 804 1011 τῶν
830 984 952 1019 οὐρανῶν

166 1029 434 1063 ἄπενεχθῆναι.“Καὶ
461 1029 639 1064 παράδειγμα
662 1030 830 1064 προφέρουσι
851 1029 951 1066 λῃτιτοῦ

165 1083 237 1105 τινος
254 1076 324 1109 μετὰ.
347 1075 474 1109 δακρύων
501 1075 551 1110 μιᾷ
571 1076 649 1102 νυκτὶ
669 1076 881 1109 κατανυγέντος,
906 1077 952 1103 καὶ

167 1120 247 1150 εὐθὺς
273 1119 481 1154 ὰποψύξαντος’
497 1121 544 1146 καὶ
568 1120 606 1151 ὡς
625 1121 650 1147 οι
677 1121 788 1154 ἄγγελοι
816 1121 950 1154 ἐλθόντες,

168 1166 214 1192 καὶ
230 1166 314 1200 μηδὲν
330 1166 395 1193 ἄλλο
415 1166 552 1201 εὑρόντες,
571 1167 587 1201 ἢ
601 1167 634 1193 τὰ
649 1166 702 1201 πρὸ
719 1167 819 1201 μικροῦ
836 1167 951 1200 χυοέντα

167 1213 284 1246 δάκρυσι,
302 1212 355 1238 τῶν
372 1212 507 1246 δαιμόνων
524 1212 723 1242 ἁντιῦοώντων,
739 1213 776 1242 ὡς
793 1213 868 1239 οὐδὲν
885 1214 952 1247 ἀγα-

167 1259 212 1284 οιν
227 1259 360 1293 κέκτηται
373 1266 381 1273 ³
394 1258 419 1284 οί
434 1258 507 1291 ἆγιοι
521 1258 633 1292 ἄγγελοι
650 1259 679 1284 τὸ
694 1258 951 1294 καταεεῆρεγμένον

166 1305 364 1340 χειρόμακτρον
389 1306 444 1336 τοῖς
470 1305 611 1340 δάκρυσιν,
630 1306 659 1331 ἐν
681 1307 712 1340 τῇ
731 1305 884 1340 πλάττιγγυ
903 1306 949 1332 τοῦ

165 1350 249 1385 ζυγοῦ
269 1351 371 1383 θέντες,
392 1351 463 1378 οὕτω
487 1351 659 1386 κατῄσχυναν
677 1352 739 1383 τοὺς
760 1350 890 1385 δαίμονας
912 1351 950 1386 τῷ

164 1396 211 1423 τοῦ
225 1397 293 1423 Θεοῦ
310 1397 389 1424 ἐλέει.
406 1398 460 1424 Kal.
475 1398 524 1432 τῆς
543 1398 646 1433 πόρνης
660 1398 690 1424 ἰδ
705 1398 883 1434 παράδειγμα
896 1407 950 1424 πα-

166 1443 339 1478 ρεισάγουσι,
359 1444 404 1470 καὶ
421 1443 489 1470 ἄλλα
514 1445 594 1479 ὃμοια
609 1452 615 1459 ·
634 1444 672 1480 μὴ
702 1443 842 1476 συνιέντες
865 1445 889 1470 οἱ
905 1445 951 1471 ἆν-

165 1490 280 1524 θρωποι,
295 1489 335 1516 ὅτι
353 1489 422 1523 ὑπὲρ
435 1490 514 1525 ἡμῶν
531 1490 616 1517 ταῦτα
632 1491 685 1517 εἰσι
698 1499 705 1507 ι
722 1491 769 1517 καὶ
784 1491 863 1525 ἡμεῖς
878 1489 949 1517 οὕτω

165 1536 280 1570 λέγομεν
293 1544 300 1551 ·
316 1536 357 1562 ὅτι
372 1536 473 1562 ἔσωσεν
491 1537 605 1569 ἐκεῖνον,
619 1536 650 1562 τὸ
666 1536 745 1576 χυθὲν
760 1536 887 1571 δάκρυον,
902 1536 948 1562 καὶ
962 1556 983 1585 C

163 1582 214 1620 frﬁ;
229 1582 339 1608 αἰωνίου
362 1582 500 1612 κολάσεως
515 1582 718 1618 ἠλευθέρωσεν·
740 1583 773 1617 ἢν
794 1583 826 1609 ἂν
838 1583 950 1616 ὲκληρο-

166 1629 284 1663 νόμησεν
298 1628 502 1662 ἀναμφιϐόλως,
517 1630 541 1654 εί
559 1629 596 1663 μὴ
611 1629 661 1662 τὴν
682 1629 827 1662 μετάνοιαν
842 1629 950 1667 εκείνην

168 1676 216 1702 καὶ
228 1675 261 1702 τὰ
278 1676 384 1711 δάκρυα
409 1675 582 1708 ἐπεδείξατο·
600 1676 658 1701 ἀλλ’
681 1676 730 1701 οὐκ
747 1676 787 1706 είς
807 1676 855 1708 τὴν
872 1676 949 1708 βασι-

165 1722 241 1747 λείαν
256 1721 309 1747 τῶν
322 1721 446 1756 οὐρανῶν
459 1721 611 1755 ἀπηνέχθη,
627 1721 651 1746 εί
670 1721 706 1756 μὴ
721 1721 765 1747 διὰ
784 1721 830 1747 τοῦ
847 1721 952 1756 καθαρ-

164 1766 259 1801 τηρίου
276 1767 362 1801 πυρὸς
387 1767 496 1800 ἐγένετο
513 1766 598 1798 ἄξιος.
622 1763 702 1793 Οὗτοί
726 1768 797 1793 εἰσιν
813 1768 837 1793 σί
866 1769 894 1792 ἐν
911 1768 951 1802 τῷ

166 1810 343 1845 καθαρτηρίῳ
358 1810 563 1845 καθαιρόμενοι,
579 1811 603 1836 οί
617 1811 722 1846 θερμὴν
737 1811 884 1845 μετάνοιαν
897 1812 951 1838 δεί-

165 1856 273 1888 ξαντες,
290 1857 338 1882 καὶ
354 1856 423 1891 μετὰ
440 1856 673 1892 συντετριμμένης
689 1857 803 1890 καρδίας
818 1857 950 1884 ἀπελθόν-

164 1909 210 1932 τες
223 1909 230 1916 ·
246 1901 277 1927 οὗ
301 1902 355 1936 γὰρ
371 1901 588 1936 προσωποληψία
610 1903 685 1936 παρὰ
707 1902 747 1937 τῷ
770 1902 839 1936 Θεῷ.
857 1904 951 1930 Ἔστιν

164 1944 212 1973 οὖν
243 1947 352 1981 ἀνάγκη
370 1947 414 1974 ἵνα
435 1948 450 1974 ό
476 1949 520 1973 τὸν
544 1947 611 1974 Θεὸν
640 1948 704 1974 ίδεῖν
730 1949 885 1982 ἐφιέμενος,
902 1949 951 1984 τὴν

165 1991 254 2026 ψυχὴν
267 1991 350 2018 αὑτοῦ
369 1993 408 2023 εἰς
426 1992 456 2018 τὸ
472 1992 585 2026 ἀρχαῖον
603 1992 700 2022 κάλλος
715 1992 851 2028 ἐπανάγῃ,
866 1992 880 2019 ὃ
894 1991 950 2026 εἶχε

165 2038 218 2072 πρὸ
236 2039 285 2072 τῆς
311 2038 452 2073 παρακοῆς
469 2039 515 2065 καὶ
532 2039 580 2072 τῆς
605 2039 757 2071 καταδίκης
781 2040 794 2065 ὁ
818 2040 904 2073 ’Ᾱδάμ
921 2041 950 2066 ὲν

163 2084 204 2119 τῷ
219 2085 386 2119 παραδείσῳ.
411 2085 459 2111 Διὰ
486 2085 563 2111 τοῦτο
578 2085 625 2111 καὶ
651 2086 769 2120 κατῴκει
785 2086 867 2112 αὐτὸν
888 2087 951 2113 ἁνα-

165 2130 301 2164 μάρτητο;
317 2130 364 2157 ὢν.
379 2130 556 2165 Διολισϐήσας
578 2131 606 2158 δὲ
620 2131 668 2158 καὶ
686 2132 864 2166 ἡμαρτηκὼς,
885 2133 951 2165 ἐξώ-

165 2177 215 2212 σθη
229 2176 323 2204 αὑτοῦ.
337 2177 368 2203 Οί
383 2177 447 2211 γοῦν
462 2177 620 2212 βουλόμενοι
634 2178 680 2204 τὸν
694 2178 860 2213 παράδεισον
874 2180 950 2214 οἰκῆ-

1005 932 1166 967 pmnitentia
1188 941 1250 960 cum
1268 933 1395 968 lacrymis
1415 939 1442 960 et
1466 933 1574 960 fervens
1593 933 1730 960 confessio
1754 932 1787 958 axl

1004 979 1119 1006 salutem
1138 983 1165 1005 et
1182 979 1214 1005 ad
1239 980 1350 1006 caeleste
1367 987 1479 1014 regnum
1496 979 1688 1010 obtinendum,
1703 978 1788 1005 latro-

1004 1024 1046 1051 nis
1060 1024 1199 1059 cujusdam
1209 1025 1361 1058 exemplum
1374 1025 1454 1051 nobis
1466 1025 1637 1059 objicientcs,
1650 1024 1695 1058 qui
1711 1028 1789 1050 node

1003 1079 1056 1098 una
1075 1075 1257 1105 compunctus
1271 1071 1418 1105 exspiravit
1436 1071 1546 1102 statim;
1562 1078 1679 1105 cumque
1700 1068 1787 1103 angeli

1002 1118 1189 1148 advenissent,
1204 1116 1328 1151 nihilque
1344 1117 1416 1144 aliud
1433 1124 1513 1152 quam
1535 1116 1612 1151 paulo
1635 1120 1699 1143 ante
1718 1116 1787 1143 cffu-

1003 1172 1046 1192 sas
1071 1164 1205 1200 lacrymas
1223 1164 1402 1198 reperissent,
1428 1164 1599 1191 daemonibus
1616 1164 1787 1190 reclamanti-

1002 1213 1052 1238 hns
1067 1212 1094 1238 in
1108 1219 1141 1238 eo
1156 1211 1223 1238 niltil
1239 1210 1302 1237 boni
1317 1210 1445 1241 inveniri,
1457 1215 1567 1237 sanctos
1585 1210 1695 1244 angelos
1711 1217 1786 1236 man-

1003 1258 1048 1285 lile
1075 1257 1201 1293 lacrymis
1230 1257 1410 1284 madefactum
1443 1256 1470 1283 in
1504 1256 1635 1282 trutinam
1663 1255 1787 1290 posuisse

1002 1305 1088 1334 aiunt,
1105 1305 1197 1338 itaque
1210 1305 1347 1330 dmmoncs
1357 1302 1402 1329 Dei
1419 1302 1605 1330 misericordia
1619 1301 1786 1329 confudissc.

1002 1350 1155 1378 Meretricis
1180 1350 1263 1377 etimit
1289 1349 1442 1383 exetnplutn
1469 1348 1611 1380 inducunt,
1636 1353 1716 1382 atque
1734 1348 1786 1374 alia

1002 1397 1044 1424 his
1070 1396 1183 1430 similia,
1211 1404 1263 1423 non
1286 1397 1466 1431 percipientcs
1494 1395 1620 1422 homines
1639 1394 1711 1429 quod
1729 1393 1786 1420 haec

1000 1451 1051 1479 pro
1066 1443 1146 1471 nobis
1162 1443 1279 1471 faciunt.
1303 1442 1412 1477 Nosque
1431 1442 1471 1469 sic
1496 1441 1702 1475 respondemus.
1720 1439 1788 1467 etfu-

1000 1497 1044 1516 sas
1062 1490 1196 1525 lacrymas
1214 1497 1276 1516 cum
1294 1489 1414 1517 salvasse
1439 1493 1467 1515 et
1489 1496 1504 1514 a
1520 1487 1684 1521 sempiterna
1700 1487 1787 1513 vindi-

1002 1543 1080 1563 casse
1103 1536 1279 1563 damnatione
1293 1536 1386 1570 'qnam
1413 1535 1508 1569 procul
1534 1535 1620 1562 dubio
1645 1535 1787 1565 subiissct.

1003 1581 1055 1608 nisi
1073 1582 1257 1615 pmnitenliam
1287 1581 1360 1608 illaut
1386 1585 1413 1607 et
1441 1581 1576 1615 laerytnas
1591 1581 1781 1610 ostendisset;

1002 1628 1048 1655 sed
1076 1627 1186 1654 caeleste
1214 1635 1325 1662 regnum
1357 1635 1496 1662 nunquam
1525 1627 1706 1661 impetrasset,
1735 1626 1787 1653 nisi

1002 1674 1174 1708 purgatorins
1188 1673 1258 1708 ignis
1277 1681 1309 1700 eo
1325 1673 1436 1707 dignum
1454 1673 1600 1701 (em-cisset.
1617 1673 1647 1700 lli
1665 1678 1728 1699 sunt
1742 1672 1787 1707 qui

1002 1720 1028 1747 in
1056 1720 1211 1754 purgatorio
1236 1726 1395 1754 purgantur,
1415 1721 1461 1756 qui
1480 1720 1627 1747 ferventem
1655 1720 1788 1754 pmniten-

1003 1766 1069 1793 tiam
1100 1770 1337 1798 comtnonstrant.
1365 1771 1392 1794 et
1422 1766 1540 1794 contrito
1568 1765 1650 1793 corde
1677 1774 1709 1792 ex
1738 1766 1789 1792 hoc

1003 1811 1105 1840 mundo
1123 1812 1279 1845 discedunt,
1295 1813 1358 1847 quia
1376 1821 1430 1840 non
1454 1817 1496 1840 est
1512 1812 1635 1847 acceptio
1658 1819 1788 1846 porsenna-

1003 1866 1063 1885 rum
1080 1858 1152 1893 apud
1176 1858 1270 1886 Deum.
1289 1858 1407 1886 Necesse
1425 1859 1506 1894 igitur
1525 1847 1566 1886 est
1588 1859 1612 1885 ei
1635 1858 1681 1893 qui
1703 1857 1788 1885 Deum

1002 1905 1094 1932 videre
1105 1905 1190 1939 cupit,
1206 1909 1235 1932 ut
1248 1905 1364 1932 anitnant
1378 1913 1456 1933 suam
1472 1905 1498 1932 in
1510 1905 1650 1940 antiquam
1666 1905 1789 1940 pulchri-

1003 1951 1125 1978 tudinem
1147 1952 1296 1984 restituat,
1329 1959 1410 1986 quam
1438 1956 1500 1979 ante
1527 1952 1740 1979 inobedicntiam
1761 1957 1789 1980 et

1001 1996 1204 2024 damnationem
1229 1998 1256 2024 in
1282 1997 1408 2032 paradiso
1430 1998 1552 2025 Adamus
1568 1998 1732 2025 obtinebat:
1758 2002 1786 2025 et

1002 2047 1146 2078 propterea
1163 2043 1199 2070 ibi
1220 2051 1282 2070 eum
1302 2044 1457 2076 collocavit,
1482 2053 1543 2072 cum
1560 2048 1633 2072 esset
1650 2045 1708 2071 sine
1723 2052 1788 2079 pce-

1003 2094 1075 2121 cato,
1092 2088 1139 2116 sed
1154 2096 1216 2116 curn
1234 2086 1392 2117 (illendissct
1405 2094 1430 2117 et
1444 2096 1596 2124 peccasset,
1616 2090 1676 2117 inde
1691 2091 1788 2125 expul—

1002 2143 1051 2164 sus
1063 2139 1116 2162 est.
1138 2135 1192 2168 Qui
1208 2136 1303 2163 volunt
1322 2136 1404 2170 igitur
1424 2136 1580 2170 paradisum
1594 2137 1734 2168 incolere,
1750 2136 1785 2164 ita

1003 2187 1162 2216 purgentur,
1177 2186 1206 2208 ut
1221 2181 1247 2209 in
1265 2182 1297 2209 iis
1310 2189 1358 2210 nec
1368 2182 1474 2209 macula
1489 2190 1538 2209 nec
1549 2183 1617 2209 livor
1625 2183 1788 2217 reperiatur.

165 2233 210 2250 σαι
238 2223 455 2259 καθαρθῆτωσαν
475 2223 571 2255 οὕτως.
597 2224 667 2251 ὥστε
693 2225 795 2258 μηδένα
821 2225 914 2251 σπίλον
931 2226 947 2256 ἦ

1003 2227 1059 2254 Non
1069 2228 1141 2254 enim
1154 2228 1209 2255 sola
1224 2228 1322 2255 sufﬁcit
1336 2229 1495 2263 poenitentia
1508 2237 1516 2262 ;
1529 2237 1589 2256 nam
1604 2229 1625 2256 si
1641 2228 1788 2261 sufﬁceret.

167 2270 261 2306 μῶμον
279 2270 414 2304 ἁμαρτίας
443 2271 473 2296 ἐν
497 2271 604 2302 ἑαυτοῖς
630 2271 712 2306 ἔχειν.
737 2273 773 2298 Οὐ
790 2273 844 2307 γὰρ
871 2275 951 2309 ἀρκεῖ

167 2318 234 2351 μὸνη
250 2318 266 2351 ἡ
294 2317 433 2351 μετάνοια.
452 2317 482 2342 El
496 2316 550 2351 γὰρ
572 2317 662 2351 ἢρκει,
678 2318 728 2345 οὐκ
753 2318 786 2345 ἂν
801 2320 825 2345 οι
851 2320 951 2352 ζῶντες

165 2362 325 2397 εἰργάζοντο
346 2363 408 2393 τοὺς
435 2363 503 2396 μετὰ
527 2362 577 2396 τὴν
603 2363 797 2397 ἐξομολόγησιν
823 2365 950 2397 δοθέντας

165 2410 218 2439 τοῖς
232 2408 423 2443 ἀποιχομένοις
443 2408 558 2439 κανόνας
568 2415 576 2424 ⁸
592 2408 649 2434 ἀλλ’
661 2408 758 2442 ὥσπερ
771 2403 951 2445 ἓξομολογου-

166 2455 256 2488 μένοις
279 2456 334 2485 τοῖς
352 2454 434 2486 ζῶσιν
461 2454 586 2488 ἐπιτίμια
607 2454 707 2481 δίδοται
724 2456 777 2482 ὑπὸ
801 2456 856 2482 τῶν
870 2465 952 2483 πνευ-

167 2500 289 2534 ματικῶν
304 2501 443 2535 Πατέρων,
457 2499 528 2527 ὥστε
541 2501 715 2536 ἀποκαθᾶραι
729 2503 778 2534 τὰς
792 2503 950 2538 ὲπιμιχθεί-

166 2554 215 2576 σας
230 2546 340 2579 κηλίδας
355 2549 417 2578 ταῖς
435 2547 534 2581 ψυχαῖς
552 2547 652 2579 αὐτῶν,
665 2549 712 2574 καὶ
737 2548 781 2576 ἵνα
791 2550 949 2584 κτήσωνται

166 2591 267 2625 ἀρετὴν
280 2591 349 2626 πρὸς
371 2592 401 2618 τὸ
418 2593 511 2627 τυχεῖν
528 2593 577 2626 τῆς
599 2593 762 2628 ἐπουρανίου
780 2594 864 2629 ζωῆς,
880 2595 950 2622 οὕτω

166 2637 212 2663 καὶ
229 2638 284 2668 τοῖς
302 2638 330 2663 ἐν
355 2637 393 2671 τῷ
409 2638 479 2664 τέλει
500 2639 550 2673 τῆς
569 2638 642 2674 ζωῆς
661 2640 834 2673 μετανοοῦσι,
856 2641 903 2668 καὶΙ
921 2643 950 2669 ὲν

166 2684 277 2718 (ἐερμοῖς
285 2683 417 2717 δάκρυσιν
432 2684 700 2720 ἐξομολογουμένοις,
714 2686 762 2713 καὶ
774 2687 854 2719 εὐθὺς
867 2688 950 2714 ἀπελ-

166 2728 271 2761 οοῦσιν,
296 2729 435 2762 ἐπιτίμιον
451 2729 555 2756 δέδοται
575 2731 606 2757 τὸ
630 2732 780 2767 καθάρσιον
799 2734 866 2769 πῦρ,
883 2735 912 2761 ὲν
927 2731 949 2768 ᾧ

164 2775 290 2802 saevam
316 2775 364 2802 καὶ
387 2775 501 2810 τήκεται
516 2776 532 2809 ἡ
557 2775 640 2811 ψυχὴ,
666 2779 876 2813 μνημονεύουσα
901 2780 949 2808 τοῦ

166 2821 312 2857 καιροῦ-δν
340 2821 481 2847 ἀπώλεσεν
500 2821 529 2847 ὲν
555 2823 612 2853 τοῖς
639 2823 789 2858 αίσχιπτοις
820 2825 948 2858 μένουσα.

165 2868 312 2903 Συντέμνιι
329 2868 356 2895 δὲ
371 2868 417 2895 τὸν
435 2867 540 2903 καιρὸν,
567 2868 614 2895 καὶ
631 2869 680 2904 τῆς
696 2869 948 2907 ὀδύνηςλάπαλλάτ-

1004 2281 1144 2307 nunquam
1174 2275 1297 2301 viventcs
1329 2274 1453 2302 formulis
1476 2279 1616 2301 uterentur
1642 2282 1703 2309 qua:
1728 2279 1789 2308 post

1003 2323 1142 2353 peractam
1162 2319 1362 2347 confessionem
1380 2324 1446 2347 stmt
1464 2320 1605 2347 institutae.
1620 2321 1658 2347 Ac
1676 2319 1757 2347 veluti
1771 2327 1787 2346 a

1003 2365 1193 2400 spiritualibus
1211 2366 1335 2400 patribus
1355 2373 1441 2399 pceuaa
1459 2367 1633 2401 assignantur
1649 2367 1682 2394 iis
1697 2367 1742 2401 qui
1759 2366 1789 2393 in

1004 2412 1059 2438 vita
1072 2410 1274 2438 confessionem
1287 2411 1428 2444 adhibent,
1445 2416 1474 2438 ut
1487 2412 1601 2439 maculis
1617 2412 1715 2446 quibus
1726 2411 1788 2439 atti-

1003 2465 1055 2485 ma:
1071 2464 1165 2484 eorum
1182 2462 1246 2484 sunt
1273 2465 1421 2493 respersae,
1440 2459 1615 2490 tuundentur,
1638 2459 1678 2486 sic
1703 2463 1730 2486 ct
1753 2459 1790 2486 iis

1001 2501 1090 2536 quiin
1105 2501 1165 2528 vitae
1188 2501 1241 2528 line
1261 2503 1402 2530 constituti
1418 2502 1607 2537 pmnituerint,
1627 2508 1654 2530 et
1675 2504 1788 2531 fervidis

1000 2553 1064 2573 cum
1091 2547 1220 2582 lacrymis
1235 2547 1434 2575 confessionem
1460 2550 1669 2587 peregerinltet
1693 2550 1786 2577 statim
1831 2540 1834 2545 ⁴

1000 2591 1187 2624 decesserint,
1215 2600 1292 2627 poma
1324 2593 1480 2627 assignatur
1508 2595 1682 2629 purgatm'ins
1706 2595 1788 2630 ignis,

1001 2638 1047 2665 ubi
1062 2637 1190 2673 alnigitnr
1205 2643 1232 2665 et
1249 2643 1404 2666 maceratur
1428 2639 1530 2672 anima,
1546 2648 1608 2667 cum
1636 2640 1662 2667 in
1689 2649 1790 2668 memoo

1002 2684 1072 2712 riam
1086 2689 1196 2712 revocat
1211 2685 1339 2712 amissum
1356 2690 1462 2720 tempus
1472 2686 1537 2713 dum
1552 2686 1578 2713 in
1593 2686 1713 2720 peccatis
1725 2694 1789 2714 ver-

1003 2728 1120 2761 saretur.
1138 2732 1191 2760 Sed
1209 2737 1317 2768 tempus
1334 2732 1532 2761 abbreviantet
1548 2741 1563 2760 a
1580 2733 1702 2761 cruciatu
1722 2732 1790 2760 libe-

1003 2782 1065 2805 rant
1079 2785 1186 2813 preces,
1200 2778 1351 2806 oblationes
1362 2783 1388 2806 et
1400 2779 1548 2811 orationes.
1560 2784 1590 2806 ut
1602 2786 1670 2813 stepo.
1683 2779 1790 2806 dictum

1003 2829 1054 2851 est.
1072 2824 1123 2857 Qui
1139 2832 1192 2851 non
1211 2825 1308 2857 credit,
1327 2833 1359 2852 ex
1375 2833 1418 2852 me
1435 2826 1528 2852 audiat
1547 2825 1624 2857 illud,
1650 2827 1788 2860 quomodo

1004 2878 1069 2897 voce
1085 2871 1183 2905 psallit,
1202 2879 1210 2896 (
1227 2871 1249 2897 A
1265 2871 1391 2906 lacrymis
1404 2875 1431 2899 ct
1445 2871 1546 2907 gemitu
1563 2871 1661 2900 inferni
1677 2879 1785 2900 servum
