1951 3075
171 117 241 153 Ξίλεῖτ

763 124 919 154 JOSEPHI
943 125 1178 158 METHONEN’S
1185 129 1217 157 [Ξ

1725 129 1795 160 1968

170 187 257 214 tuum,
287 180 427 214 Salvator,
457 182 551 209 libera.
574 192 583 208 ›
603 182 696 210 Sancti
723 191 841 219 namque
865 190 947 218 neque

1005 192 1045 210 τει
1070 185 1085 219 ή
1104 185 1196 219 δέησις
1221 185 1300 220 καὶὴ
1331 186 1474 221 προσφορὰ
1497 186 1573 220 καὶὴ
1597 187 1734 221 προσευχὴ
1754 187 1795 217 ὡς

167 233 275 262 gemunt
289 236 376 263 neque
389 229 463 261 ﬂent,
477 229 522 256 Sed
539 237 624 264 neque
637 229 664 257 in
681 230 789 258 inferno
804 231 859 258 ullo
872 231 951 258 modo

167 279 240 301 sunt.
256 274 394 309 Desperati
411 279 437 302 et
452 275 525 309 impii
542 275 651 310 quidem
672 275 738 303 ﬂent
754 280 781 304 ct
794 277 953 311 plectuntur

167 320 195 348 in
214 321 332 352 interno,
353 321 400 348 sed
426 321 461 349 de
489 322 523 350 iis
547 324 835 351 commemorationem
862 325 952 352 facere

168 374 221 393 non
238 371 279 394 est
303 374 382 401 opus,
406 375 468 395 cum
485 368 586 396 {rustra
601 369 647 402 sit,
670 374 698 396 ut
716 369 819 405 pluries
839 378 854 397 a
873 370 952 398 nobis

167 412 322 446 expositum
342 418 396 441 est.
412 413 590 448 Consequens
604 418 645 443 est
661 421 690 442 ut
704 416 722 443 ii
738 416 793 443 sint
803 423 873 451 quos
885 416 952 443 dici-

167 465 226 485 ntns
244 458 270 484 in
285 458 443 492 poenitentia
468 459 631 493 decessisse,
655 465 682 488 et
698 469 752 488 non
771 461 950 494 satisfecisse,

166 511 235 537 quos
247 503 274 530 in
289 504 396 532 inferno
408 512 469 531 cum
489 504 580 539 iu-piis
597 510 624 532 et
636 506 786 540 desperatis
798 513 857 534 esse
869 513 952 540 nega-

167 557 237 582 mus,
256 550 291 581 in.
305 551 424 578 obscuro
449 556 476 578 et
499 552 648 586 caliginoso
671 552 856 580 damnationis
873 553 950 584 loco;

165 602 253 628 neque
271 603 333 622 vero
350 596 459 624 eosdem
485 601 532 624 aut
555 597 690 625 inutiliter
712 605 832 633 gemere,
849 603 895 625 aut
911 600 952 625 itt-

165 648 274 668 cassum
303 641 367 670 ﬂere
395 643 581 677 concedimus,
602 644 649 671 sed
675 645 701 671 in
729 645 818 672 medio
846 645 951 672 scilicet

166 686 335 720 purgationis
355 688 425 721 low,
445 689 489 716 ubi
511 697 634 718 seorsum
650 695 677 718 et
692 690 833 718 doloribus
849 698 948 718 excru-

166 733 274 760 ciantur
289 738 315 760 et
334 740 457 768 gemunt,
483 737 554 770 quod
571 745 619 764 sua
635 741 734 771 sponte
749 737 828 764 bonis
850 737 949 763 fuerint

166 778 274 813 privati,
300 779 426 814 quodque
445 786 505 814 post
520 782 682 810 dissolutam
701 782 821 816 corporis
838 790 948 817 compa-

165 831 237 858 gem,
256 832 310 852 non
328 833 359 853 ea
384 827 477 855 statim
499 827 555 855 sint
581 829 708 862 assecuti,
736 835 785 862 pro
806 828 917 863 quibns-
931 835 947 854 a

166 871 285 898 tenebris
301 872 397 899 redimi
417 872 606 908 deprecamur,
631 879 657 902 et
673 882 687 901 a
706 874 830 902 tristibus
850 875 949 910 quibus

167 916 324 945 detinentur
348 918 467 946 vinculis
483 919 602 952 liberari,
627 926 654 947 et
669 921 703 948 de
722 921 844 948 custodia
858 921 946 955 educi,

167 969 194 990 et
215 972 276 991 cum
294 963 428 993 Malacliia
453 967 582 1001 propheta
599 969 734 1000 canimus,
750 969 858 1003 quando
872 969 948 1001 dicit,

170 1019 179 1034 ι
198 1010 280 1042 Quasi
298 1011 368 1046 ignis
392 1012 418 1039 in
444 1012 552 1040 fornace
569 1018 596 1041 et
613 1015 691 1047 quasi
711 1015 794 1042 lterba
816 1015 948 1042 fullonum

167 1057 304 1091 purgabit,
319 1059 462 1086 mundahit
474 1059 544 1087 Deus
559 1061 691 1094 quosdam
705 1062 755 1088 ⁸³.»
770 1063 803 1089 At
816 1062 860 1089 ille
871 1067 949 1089 aeter-

168 1109 219 1130 nus
243 1102 313 1137 ignis
332 1104 466 1131 nemiuem
490 1106 602 1133 mundat
617 1114 705 1141 neque
730 1107 811 1134 lavat.
832 1107 859 1134 Si
884 1115 949 1143 ergo

164 1148 249 1175 sancti
264 1149 366 1177 lotione
380 1150 422 1177 vel
437 1152 614 1179 inundatione
627 1161 681 1180 non
699 1160 776 1190 egent
790 1155 863 1190 (sunt
876 1156 947 1183 enim

164 1194 233 1222 labis
249 1196 399 1231 expertes),
422 1199 469 1224 sed
495 1206 584 1234 neque
606 1200 652 1235 qui
672 1201 698 1227 in
718 1201 825 1228 inferno
847 1202 949 1237 degunt

164 1240 238 1274 impii
256 1245 282 1268 et
299 1242 501 1276 impoenitentcs
526 1246 652 1272 eluentur
677 1247 716 1273 vel
744 1247 948 1276 nmndabuutur

164 1293 294 1320 unquam,
311 1295 372 1314 nam
390 1288 525 1323 desperati
547 1296 621 1319 sunt.
640 1292 691 1325 Qui
711 1300 775 1328 ergo
793 1298 858 1320 sunt
879 1302 948 1329 quos

164 1333 263 1360 levabit
282 1338 309 1361 et
335 1335 477 1362 mundabit
497 1336 567 1364 Deus
594 1340 743 1367 secundum
768 1341 948 1375 prophetam?

162 1381 198 1406 At
226 1379 244 1406 ii
274 1385 339 1408 sunt
356 1390 424 1416 quos
455 1383 560 1411 medios
585 1385 770 1414 nominamus.
788 1387 895 1422 Alioqui
924 1388 946 1415 si

163 1431 319 1457 peccatores
335 1428 362 1455 in
380 1433 500 1457 extremo
518 1430 578 1457 vitae
595 1432 743 1458 ‘constituti
765 1433 822 1459 sola
838 1433 947 1460 confes-

162 1472 239 1498 sione
253 1473 357 1501 veniam
374 1474 530 1508 impetrent,
549 1483 751 1510 supervacanea
772 1483 837 1506 sunt
855 1481 945 1506 omnia

163 1525 223 1552 qua:
238 1517 293 1546 ﬂeri
311 1521 402 1548 sanxit
417 1520 548 1548 Ecclesia.

1005 231 1135 263 πολλάκις
1151 231 1271 267 εἴρηται.
1294 232 1323 259 '0
1337 233 1365 259 δὲ
1380 232 1513 264 ἀπιστῶν,
1531 232 1610 258 τοῦτο
1637 232 1698 266 παρ’
1712 233 1794 267 ἡμῶν

1004 278 1150 305 ἀκουσάτω
1163 285 1169 292 ·
1190 279 1249 310 πῶς
1265 279 1361 313 ψάλλει
1377 278 1484 314 μεγάλῃ
1495 279 1527 313 τῇ
1546 279 1622 313 φωνῇ
1634 285 1642 293 ⁸
1658 277 1794 312 Δακρύων

1005 325 1053 350 καὶ
1069 325 1232 359 στεναγμῶν
1249 325 1303 351 τῶν
1319 325 1348 350 ἐν
1363 324 1401 359 τῷ
1414 325 1465 361 ᾅδῃ
1483 325 1528 350 τὸν
1538 324 1632 350 δοῦλόν
1649 333 1697 350 σου
1714 325 1792 350 ἐλευ-

1008 369 1138 405 οέρωσον,
1173 371 1279 406 Σωτήρ.
1295 370 1411 404 Οἱᾶγιοι
1432 371 1496 405 γὰρ,
1519 369 1581 396 οὔτε
1603 369 1790 401 στενάζουσιν,

1004 416 1066 444 οὔτε
1096 417 1149 452 μὴν
1162 417 1327 452 δακρύουσιν
1339 426 1347 434 θ
1364 416 1422 444 ἀλλ’
1441 417 1503 444 οὐδὲ
1525 418 1554 443 ὲν
1577 417 1616 449 τῷ
1632 416 1680 452 ᾄδῃ
1702 416 1790 442 εἰσίνο

1003 464 1028 489 οἱ
1047 463 1069 489 δ’
1084 463 1291 498 ἀπεγνωσμένοι
1311 465 1358 490 καὶ
1378 463 1498 494 ἀσεϐεῖς,
1517 461 1667 496 δακρύουσι
1696 460 1745 496 μὲν
1759 462 1792 487 ὲν

1003 509 1041 545 τῷ
1067 509 1117 545 ᾅδῃ
1130 510 1178 535 καὶ
1195 508 1367 541 κολάζονται.
1392 509 1451 536 ἀλλ’
1471 508 1502 534 οὐ
1518 509 1558 534 δεῖ
1583 507 1648 543 περὶ
1677 507 1791 533 ἐκείνων

1005 557 1115 591 μνήμας
1128 556 1225 587 ποιεῖν,
1243 555 1280 587 ὼς
1296 555 1427 590 ἀνόνητον
1441 554 1482 582 ὅν.
1497 555 1551 581 Καὶ
1564 554 1644 580 τοῦτο
1658 553 1792 584 πολλάκις

1003 603 1118 637 ἔφημεν.
1153 601 1269 628 Ἒπεται
1283 601 1396 632 τούτους
1419 598 1489 626 εἶναι
1509 599 1557 629 οὓς
1573 600 1702 634 λέγομεν,
1726 600 1792 631 τοὺς

1003 649 1032 674 ἐν
1049 647 1178 682 μετανοίᾳ
1211 647 1439 680 τελευτήσαντας,
1457 646 1501 672 καὶ
1521 645 1558 680 μὴ
1580 646 1791 679 ῑκανοποιήσαν-

1001 703 1051 725 τας
1062 701 1069 708 ”
1086 693 1132 725 οὒς
1155 693 1184 720 οῦ
1201 701 1292 727 φαμεν
1309 696 1378 728 μετὰ
1392 691 1446 719 τῶν
1468 691 1575 718 ἀσεὸὦν
1600 691 1647 718 καὶ
1664 692 1792 724 ἀπεγνω-

1004 740 1111 774 σμένων
1128 736 1196 766 εἶναι
1213 740 1242 765 ὲν
1267 740 1307 774 τῷ
1326 737 1457 773 σκοτεινῷ
1479 738 1525 764 καὶ
1541 737 1649 772 ζοφερῷ
1671 737 1720 771 τῆς
1741 745 1789 763 κο-

1003 786 1107 817 λάσεως
1118 786 1203 819 τόπῳ,
1220 786 1267 811 καὶ
1290 785 1430 817 στενάζειν
1444 785 1582 819 ἀνωφελῆ,
1599 784 1644 812 καὶ
1658 783 1791 818 δακρύειν

1003 833 1131 867 ἀνόνητα.
1158 831 1228 859 Ἀλλ’
1247 833 1275 858 ὲν
1291 831 1329 866 τῷ
1347 831 1422 866 μέσῳ
1442 831 1541 866 δηλαδὴ
1562 831 1612 866 τῆς
1628 830 1791 865 καθάρσεως

1001 879 1086 913 τόπῳ,
1103 878 1132 904 ἐν
1187 878 1306 912 μερικῶς
1326 877 1476 904 ὀδυνῶνται
1494 877 1541 903 καὶ
1556 876 1715 908 στενᾶζουσι
1730 875 1791 904 πῶς

1002 924 1188 959 ἐστερήθησαν
1212 924 1321 954 ἑκόντες
1338 923 1394 948 τῶν
1420 922 1542 956 ἀγαθῶν,
1559 922 1606 948 καὶ
1627 923 1676 949 οὐκ
1691 921 1790 956 ἔτυχον

1000 969 1103 996 τούτων
1132 968 1213 1000 εὐθὺς
1240 969 1310 1003 μετὰ
1338 968 1387 1003 τὴν
1412 968 1534 995 διάλυσιν
1562 968 1617 998 τῶν
1642 968 1789 1002 σωμάτιον.

1002 1016 1071 1052 Περὶ
1090 1012 1129 1042 ὧν
1145 1015 1262 1049 δεόμεθα
1275 1014 1448 1050 λυτρωθῆναι
1470 1014 1517 1041 τοῦ
1538 1014 1663 1046 σκότους,
1680 1014 1726 1040 καὶ
1741 1012 1790 1039 λυ-

1001 1064 1081 1098 θῆναι
1093 1063 1149 1090 τῶν
1161 1063 1281 1097 δεσμῶν,
1292 1062 1348 1089 τῶν
1362 1061 1532 1096 κατεχόντων
1545 1060 1643 1091 αὐτοὺς
1656 1059 1790 1094 ἀνιαρῶν,

1001 1109 1047 1136 καὶ
1063 1109 1179 1144 ἐκϐῆναι
1195 1108 1246 1143 τῆς
1266 1108 1392 1143 φυλακῆς
1405 1116 1413 1124 σ
1433 1107 1479 1135 καὶ
1501 1107 1652 1142 συνᾴδομεν
1667 1106 1705 1141 τῷ
1723 1114 1792 1140 προ-

1000 1156 1073 1191 φήτῃ
1085 1155 1226 1190 Μαλαχίᾳ,
1251 1155 1280 1187 ὃς
1293 1163 1386 1189 φησιν,
1405 1163 1414 1180 ι
1437 1154 1481 1184 Ὠς
1492 1153 1546 1188 πῦρ
1558 1153 1587 1179 ἐν
1602 1153 1789 1188 χωνευτηρῖῳ,

1000 1203 1048 1228 καὶ
1061 1202 1099 1233 ὡς
1117 1202 1170 1228 πόα
1185 1201 1353 1235 πλυνόντων,
1370 1201 1465 1228 πλυνεί
1480 1201 1526 1227 καὶ
1551 1200 1678 1234 καθαριεῖ
1693 1200 1708 1226 ὁ
1723 1199 1792 1230 Θεός

999 1257 1086 1280 τινας.
1105 1257 1114 1274 ι
1135 1248 1172 1274 Τὸ
1187 1248 1215 1275 δὲ
1232 1248 1285 1282 πῦρ
1306 1248 1394 1273 ἐκεῖνο
1408 1247 1437 1273 τὸ
1458 1246 1578 1278 αἰώνιον,
1593 1246 1623 1271 οὺ
1641 1244 1790 1280 καθαρίζει

999 1296 1076 1326 τινὰς
1096 1294 1157 1322 οὐδὲ
1181 1294 1287 1321 πλύνει.
1308 1294 1338 1320 Εἰ
1353 1293 1400 1320 οὖν
1419 1294 1443 1319 οἱ
1460 1293 1533 1326 ἅγιοι
1553 1292 1584 1318 οὐ
1597 1291 1705 1318 δέονται
1721 1290 1791 1316 πλύ-

1000 1350 1078 1375 σεως,
1093 1342 1110 1376 ἢ
1134 1340 1318 1375 καθαρισμοῦ,
1336 1341 1449 1374 ἄμωμοι
1477 1339 1532 1374 γάρ
1549 1339 1617 1365 εἰσιν
1631 1346 1639 1354 θ
1655 1337 1713 1364 ἀλλ’
1728 1337 1791 1364 οὐδὲ

999 1390 1022 1415 οἱ
1041 1390 1070 1415 ὲν
1083 1388 1121 1422 τῷ
1146 1387 1196 1423 ᾄδῃ
1214 1387 1290 1418 ὄντες
1309 1386 1418 1417 ἀσεόετς
1443 1386 1489 1412 καὶ
1516 1384 1699 1419 ἀμετανόητοί
1723 1391 1790 1410 ποτε

999 1435 1183 1469 πλοθήαονται
1203 1434 1219 1468 ἢ
1245 1432 1480 1468 καθαρθήσονται,
1508 1430 1719 1466 ἀπεγνωσμένοι
1733 1430 1792 1464 γάρ

1000 1484 1053 1510 εισι
1066 1490 1073 1497 ·
1091 1482 1163 1513 τίνες
1187 1481 1242 1515 ἄρα
1264 1481 1336 1507 εἰσὶν
1349 1478 1395 1510 οὓς
1419 1478 1516 1505 πλυνεῖ
1541 1477 1590 1504 καὶ
1611 1476 1757 1512 καθαρῖσει
1776 1477 1792 1503 ὁ

961 1527 983 1555 C
1000 1529 1064 1560 Θεὸς
1085 1528 1157 1555 κατὰ
1169 1526 1215 1553 τον
1231 1526 1377 1562 προφήτην
1391 1533 1399 1559 ;
1422 1524 1495 1551 Ἀλλ’
1507 1521 1580 1550 οὗτοί
1596 1525 1665 1550 εἰσιν
1683 1522 1731 1554 οὓς
1744 1521 1791 1548 λέ-

162 1572 247 1599 γομεν
261 1566 370 1600 μέσους.
389 1568 493 1600 Ἄλλως
504 1578 534 1595 τε
548 1571 594 1597 καὶ
607 1571 631 1597 εί
642 1571 666 1598 οἱ
677 1572 879 1607 ἁμαρτάνοντες
893 1575 947 1602 ἀπὸ
968 1577 1053 1611 μόνης
1075 1574 1298 1610 ὲξομολογήσεως
1314 1573 1363 1607 τῆς
1377 1574 1406 1599 έν
1425 1572 1464 1607 τῷ
1479 1571 1553 1614 τέλει
1583 1570 1631 1597 τοῦ
1655 1570 1713 1605 βίου
1744 1578 1792 1604 γε-

162 1612 279 1647 νομένης
306 1614 522 1649 συγχωροῦνται,
551 1619 672 1652 περισσὰ
696 1620 786 1646 πάντα
807 1622 857 1647 ὅσοι
877 1622 946 1656 μετά
966 1623 1082 1649 θάνατον
1099 1622 1114 1656 ἡ
1136 1620 1287 1654 Ἐκκλησία
1308 1619 1508 1654 νενομοθέτηκε
1528 1619 1622 1646 ποιεῖν.

196 1660 350 1689 Secundam
366 1662 498 1689 adversus
523 1671 573 1691 nos
590 1665 767 1698 objectionem
795 1667 946 1700 adducunt,

164 1709 236 1742 quod
254 1708 276 1735 si
291 1709 314 1735 ei
332 1708 377 1742 qui
394 1709 714 1746 obdormieritopitulari
729 1720 797 1747 opus
820 1718 870 1746 est,
887 1719 913 1741 et
925 1715 946 1741 si

163 1755 275 1782 omnino
286 1755 366 1783 datur
381 1757 546 1790 subsidium,
566 1758 726 1788 habentibus
745 1760 791 1794 qui
813 1761 947 1788 auxilien-

163 1809 217 1836 tur,
232 1803 351 1835 dabitur,
372 1809 399 1831 at
412 1812 461 1838 pro
473 1813 527 1832 non
547 1805 711 1834 habentibus
731 1807 792 1841 quis
816 1808 947 1842 depreca-

162 1850 254 1877 bitur?
272 1850 303 1878 Et
326 1852 395 1879 hanc
409 1852 610 1886 quamprimum
636 1853 826 1887 tlissolvemns,
847 1855 946 1889 quippe

161 1905 222 1924 Cum
240 1897 265 1923 hi
281 1905 389 1932 quoque
408 1898 487 1926 binos
498 1898 616 1926 habeant
627 1899 776 1934 adjutores,
793 1899 836 1928 hic
852 1899 945 1927 Eccle-

162 1944 242 1976 siam,
259 1947 287 1970 et
304 1943 339 1970 ibi
351 1943 538 1978 purgatorium
557 1945 659 1979 ignem,
680 1944 753 1978 quod
769 1945 795 1972 in
808 1947 944 1980 pmniten-

163 1990 229 2016 tium
246 1989 396 2017 sttbsidium
411 1997 598 2025 comparatum
616 1997 667 2019 est.
687 1991 794 2020 Rursus
805 1992 946 2020 detnentcs

162 2035 237 2067 estis.
253 2043 342 2069 neque
360 2036 499 2071 percipitis
513 2036 663 2065 Ecclesiam
681 2038 727 2066 Dei
741 2045 847 2073 semper
862 2046 945 2066 orare

162 2089 210 2116 pro
222 2082 345 2113 mortuis.
362 2087 389 2109 et
405 2083 519 2118 singulis
530 2083 656 2111 Sabbatis
669 2092 718 2119 pro
734 2085 877 2112 animabus
887 2090 946 2112 tan-

163 2133 218 2155 tum
250 2129 338 2156 facere
367 2130 666 2158 commemorationem.
697 2131 828 2158 Prmterca
851 2131 892 2159 bis
919 2132 945 2158 in

163 2182 234 2201 anno
251 2182 300 2208 pro
328 2175 520 2202 dduncmrmu
550 2175 680 2203 memoria
698 2177 820 2204 celebrat
837 2177 945 2211 festum,

1037 1668 1169 1701 Δεύτερον
1195 1667 1348 1702 ἐπάγουσιν
1374 1666 1577 1701 ὲπαποροῦντες
1595 1666 1660 1701 ἡμῖν
1674 1673 1681 1681 ·
1707 1667 1749 1693 ὃτι
1766 1664 1791 1692 εί

999 1715 1041 1742 δεῖ
1056 1714 1188 1750 βοηθῆσαι
1205 1713 1242 1748 τῷ
1261 1712 1431 1747 κοιμηθέντι,
1446 1713 1494 1739 καὶ
1509 1713 1532 1738 εί
1545 1711 1621 1738 ἔστιν
1635 1711 1703 1741 ὅλως
1721 1712 1784 1738 ἑπι-

1000 1761 1098 1796 κουρία
1125 1761 1149 1786 οἱ
1170 1759 1278 1794 ἔχοντες
1304 1767 1365 1786 τινα
1389 1766 1456 1794 προς
1481 1758 1632 1791 ὠφέλειαν·
1649 1758 1672 1783 οἱ
1698 1757 1725 1784 δὲ
1753 1757 1791 1793 μὴ

1000 1808 1117 1843 ἔχοντες,
1138 1807 1179 1839 τίς
1208 1806 1278 1841 ὑπὲρ
1300 1805 1391 1832 αὐτῶν
1416 1805 1620 1841 προσεύξεται;
1638 1804 1694 1831 Καὶ
1720 1804 1792 1838 πρὸς

1000 1854 1078 1880 τοῦτο
1089 1854 1185 1888 ταχεῖα
1199 1854 1216 1887 ή
1230 1852 1309 1883 λύσις
1322 1851 1480 1886 γενήσεται.
1494 1851 1557 1878 Ὀτι
1582 1851 1629 1878 καὶ
1644 1848 1727 1882 οὗτοι,
1744 1850 1792 1876 δύο

1000 1900 1062 1931 τοὺς
1081 1897 1297 1932 ἐπικουροῦντας
1317 1897 1426 1932 ἔχουσιν
1441 1904 1449 1912 ·
1464 1895 1582 1923 ἐνταῦθα
1602 1897 1651 1930 τὴν
1671 1894 1791 1930 Ἐκκλη-

1001 1945 1062 1971 σίαν
1072 1954 1078 1960 “
1097 1945 1144 1971 καὶ
1158 1945 1249 1971 ἐκεῖσε
1263 1942 1293 1969 τὸ
1308 1943 1496 1977 καθαρτήριον
1512 1942 1577 1977 πῦρ,
1595 1942 1608 1968 ὂ
1623 1942 1791 1977 ἡτοίμασται
1817 1952 1827 1962 ι

1000 1991 1044 2017 διὰ
1059 1990 1123 2022 τοὺς
1149 1988 1359 2024 μετανοοῦντας.
1384 1987 1490 2020 Ἀκμὴν
1509 1987 1636 2014 ἀσύνετοί
1653 1989 1727 2020 ἐστε,
1743 1989 1790 2014 καὶ

1000 2037 1049 2064 οὐκ
1065 2037 1165 2070 ἔγνωτε
1191 2036 1232 2062 ὅτι
1251 2036 1267 2071 ἡ
1288 2035 1335 2061 τοῦ
1359 2034 1478 2069 Χριστοῦ
1499 2034 1647 2068 Ἐκκλησία
1678 2033 1792 2068 εὔχεται

999 2083 1043 2109 ἀεὶ
1058 2083 1129 2116 ὑπὲρ
1144 2081 1199 2108 τῶν
1219 2081 1441 2116 κεκοιμημένων,
1458 2081 1506 2107 καὶ
1523 2080 1594 2107 κατὰ
1615 2081 1669 2106 πᾶν
1684 2079 1792 2106 Σάϐϐα-

1000 2137 1046 2155 τον
1067 2129 1154 2164 μόνως
1176 2129 1241 2164 περὶ
1266 2129 1320 2154 τῶν
1336 2127 1432 2162 ψυχῶν
1457 2128 1554 2162 μνείαν
1578 2128 1719 2160 ποιεῖταις
1737 2126 1792 2152 Καὶ

1001 2176 1040 2201 ἔτι
1055 2175 1096 2206 δὶς
1109 2175 1155 2201 τοῦ
1179 2174 1305 2201 ἐνιαυτοῦ
1325 2174 1387 2215 ἄγει
1411 2174 1568 2208 πανήγυριν
1594 2173 1660 2207 περὶ
1678 2174 1791 2207 μνήμης

164 2228 189 2245 ιη
207 2219 327 2247 Sabbato
342 2219 416 2254 dico,
434 2222 507 2256 qttod
526 2223 616 2249 carnis
636 2223 752 2258 privium
767 2225 906 2258 praecedit,
920 2229 947 2252 et

1003 2222 1104 2256 ψυχῶν,
1120 2222 1148 2248 ὲν
1163 2221 1202 2256 τῷ
1219 2221 1349 2255 Σαϐϐάτῳ
1365 2220 1403 2254 τῷ
1415 2220 1467 2255 πρὸ
1481 2220 1530 2253 τῆς
1547 2218 1690 2252 Ἀπόκρεὼ
1707 2226 1790 2252 φημι,

162 2271 224 2292 ante
242 2265 432 2293 Pentecosten.
447 2266 502 2295 lloc
515 2269 599 2300 eo‘ﬁt,
615 2274 644 2296 ut
658 2269 738 2296 simul
755 2278 850 2297 omnes
870 2278 946 2298 (0m-

164 2311 343 2344 pt-nhentlant,
354 2317 380 2339 ct
394 2320 441 2340 eos
460 2313 505 2348 qui
520 2319 661 2349 cognatos,
676 2315 721 2350 qui
741 2323 833 2343 curam
864 2317 897 2344 de
914 2318 947 2345 iis

164 2359 325 2393 suscipiant,
339 2360 441 2394 pariter
458 2365 483 2388 et
497 2362 542 2396 qui
557 2369 609 2389 non
622 2362 807 2396 habent,utct
823 2363 874 2398 ipsi
884 2371 946 2391 cum

166 2407 296 2441 omnibus
326 2408 351 2433 in
383 2414 528 2434 eumn-une
547 2409 627 2443 hujus
658 2409 772 2437 subsidii
800 2410 951 2445 participes

162 2454 322 2483 elliciantur.

199 2499 318 2528 Tertiam
351 2507 445 2537 postea
474 2507 500 2530 ct
523 2503 707 2538 nrgentiorem
738 2504 816 2531 nobis
835 2503 951 2530 all'crunt

165 2546 312 2574 admodum
343 2549 509 2577 exsultantes
530 2554 557 2576 ct
583 2549 756 2584 supercilium
786 2550 948 2577 attollentes.

163 2593 240 2626 Eslo,
257 2593 389 2626 dicentes,
403 2601 554 2629 purgentur
571 2605 644 2624 nux;c
673 2597 781 2628 animae,
816 2604 941 2631 quousqu

166 2639 329 2667 universalis
340 2640 467 2667 adveniat
485 2642 651 2670 resurrectio
665 2643 717 2676 ;sit
733 2648 840 2678 tempus
857 2643 882 2669 in
895 2650 948 2677 quo

163 2685 311 2719 cruciatus,
330 2686 447 2721 gemitus
464 2692 491 2714 et
519 2689 652 2724 lacrytnas
677 2689 705 2716 in
729 2689 835 2716 inferno
855 2696 949 2724 perpe-

164 2734 278 2765 tiantltr,
293 2732 372 2760 sicuti
389 2740 437 2760 vos
462 2734 584 2762 asseritis
604 2743 610 2760 :
639 2740 748 2770 peracta
776 2736 944 2771 purgatione,

164 2780 237 2811 regni
253 2779 373 2807 caelestis
383 2785 523 2816 compotes
542 2781 604 2809 ﬁant
620 2792 626 2814 ;
647 2783 693 2810 scd
709 2783 735 2810 in
753 2784 947 2811 commutatio-

199 2869 219 2883 “
237 2869 348 2897 .‘ialath.
369 2879 408 2904 ιιι,
428 2873 454 2899 Ξ.

1000 2267 1048 2294 καὶ
1062 2267 1101 2302 τῷ
1121 2267 1174 2302 πρὸ
1186 2267 1236 2302 τῆς
1255 2267 1456 2302 Πεντηκοστῆς.
1472 2264 1559 2292 Τοῦτο
1570 2265 1598 2292 δὲ
1614 2265 1732 2299 γίνεται,
1745 2265 1790 2291 ἵνα

1001 2313 1069 2348 ὁμοῦ
1086 2314 1189 2345 πάντας
1213 2311 1416 2348 συμπεριλάσῃ,
1443 2312 1492 2339 καὶ
1516 2312 1579 2343 τοὺς
1596 2311 1633 2346 μὴ
1658 2308 1791 2346 τυχὸνταξ

1002 2359 1162 2395 ἐπιμελείας
1187 2361 1263 2396 παρὰ
1281 2361 1336 2386 τῶν
1352 2360 1462 2386 οἰκείων
1480 2359 1582 2391 αὐτῶν,
1608 2359 1675 2389 ἴσως
1697 2358 1735 2389 ὡς
1752 2358 1791 2392 μὴ

1003 2407 1131 2441 ἐχόντων,
1147 2406 1190 2433 ἵνα
1214 2408 1310 2434 καύτοὶ
1340 2407 1409 2442 μετὰ
1434 2406 1543 2432 πάντων
1564 2405 1661 2437 κοινῶς
1689 2405 1792 2440 τύχωσι

1001 2454 1114 2488 ταύτης.
1131 2450 1134 2453 ’

1039 2499 1105 2527 Εἶτα
1123 2501 1154 2528 τὸ
1171 2501 1262 2536 τρίτον
1281 2499 1329 2527 καὶ
1342 2499 1496 2535 βιαιότερον
1518 2499 1696 2534 προφέρουσι,
1716 2498 1791 2534 μάλα

1000 2546 1168 2581 γαυριῶντες
1183 2548 1229 2574 καὶ
1243 2547 1293 2582 τὴν
1307 2547 1394 2581 ὀφρὺν
1404 2546 1580 2582 ἐπαιρόμενοι
1592 2553 1600 2561 ·
1617 2545 1720 2577 Ἔστω,
1747 2545 1791 2571 λέ-

1011 2603 1112 2628 γοντες,
1128 2594 1167 2622 ὅτι
1184 2595 1232 2622 νῦν
1249 2593 1430 2628 καθαίρονται
1445 2593 1474 2619 αἱ
1494 2592 1590 2628 ψυχαὶ,
1600 2593 1653 2624 ἓως
1669 2593 1720 2626 τῆς
1735 2601 1792 2619 κοι-

1004 2643 1051 2677 νῆς
1067 2642 1241 2673 ἀναστάσεως
1252 2650 1260 2657 τ
1275 2641 1322 2668 καὶ
1333 2641 1390 2668 ἐστι
1405 2640 1502 2676 καιρὸς
1515 2640 1560 2667 ἵνα
1575 2639 1727 2674 πειραθῶσι
1741 2639 1792 2673 τῆς

1002 2689 1097 2724 ὀδύνης
1114 2689 1161 2715 καὶ
1177 2688 1232 2715 τῶν
1246 2687 1408 2722 στεναγμῶν
1428 2686 1475 2713 καὶ
1491 2684 1618 2720 δακρύων
1635 2684 1692 2712 τῶν
1708 2685 1738 2710 ιν
1751 2684 1791 2718 τῷ

1003 2736 1065 2771 ᾄδῃ,
1085 2735 1179 2770 ὥσπερ
1201 2733 1316 2768 λέγετε·
1337 2733 1406 2768 μετὰ
1430 2731 1459 2758 δὲ
1480 2731 1511 2757 τὸ
1535 2730 1718 2764 καθαρῠῆναι,
1743 2730 1792 2756 καὶ

1003 2783 1052 2817 τῆς
1084 2782 1138 2809 τῶν
1170 2779 1293 2817 οὐρανῶν
1333 2778 1475 2810 κατοικίας
1509 2776 1616 2812 μέτοχοι
1658 2776 1790 2809 γίνονται.
