1951 3075
172 96 237 128 ῙΞἭ

760 102 920 133 JOSEPHl
940 104 1218 136 METIIONENSIS

1718 101 1791 146 1272

171 173 1768 205 aW—m

417 253 719 304 ΑΠΟΔΕΙΞΙΣ
742 261 855 304 ΤΟΥ
892 261 1179 307 ΤΕΤΑΡΤΟΥ
1207 263 1531 312 ΚΕΦΑΛΑΙΟΥ

682 357 751 383 ΤΩΝ
785 357 829 383 ΕΝ
843 357 886 390 Ti)
919 357 983 394 ΟΡῼ
1015 358 1083 385 ΤΗΣ
1107 360 1265 390 ΣΥΝοΔοΥ

699 437 768 473 Περὶ
785 438 840 472 τῆς
853 439 1052 472 ἀπολαύσεως
1066 439 1126 467 τῶν
1147 429 1248 475 άγίῷν.

469 605 754 652 DEMONST
767 608 948 655 RATIO
986 610 1211 660 QUARTI
1251 611 1486 657 CAPlTlS

576 705 659 743 QUAE
688 706 728 736 ΙΝ
743 707 918 738 DECRETO
932 707 1068 739 SYNODl
1094 708 1364 741 CONTINENTUR

766 791 810 820 De
820 792 970 831 fruilione
981 797 1166 825 sanctorum.

526 951 544 980 Ι.

195 1000 249 1028 lloc
260 1003 300 1027 est
316 1004 444 1034 quartum
464 999 566 1026 decreti
588 1003 679 1034 caput,
696 999 768 1033 quod
792 1004 820 1026 ut
832 1000 938 1034 pericu-

157 1046 246 1074 losum
261 1045 452 1078 criminantur,
463 1049 491 1072 et
511 1045 544 1072 ab
559 1045 710 1073 orthodoxa
730 1045 782 1073 ﬂde
793 1045 911 1073 alienum
929 1054 936 1072 :

157 1092 296 1124 videlicet,
310 1091 382 1125 quod
400 1092 486 1119 sancti
503 1091 556 1118 sint
573 1091 599 1118 in
610 1091 694 1128 gloria
707 1091 763 1123 Dei,
775 1097 801 1119 et
815 1092 938 1119 hetentur

154 1139 260 1166 visione
275 1138 335 1170 ejus
354 1145 385 1165 ac
400 1142 533 1174 quatenus
549 1138 646 1165 animae
658 1137 776 1172 perfecte
791 1138 936 1173 participes

155 1185 208 1212 sint
225 1184 285 1220 ejus
303 1184 401 1212 divina;
416 1184 562 1212 fruitionis.
580 1184 633 1211 Sed
647 1184 756 1219 quidam
788 1184 934 1219 recipiunt,

156 1238 189 1258 ex
208 1238 322 1258 numero
340 1231 450 1266 inquam
475 1231 714 1258 schismaticorum
733 1230 935 1265 (schismaticos

157 1277 229 1304 enim
241 1284 289 1304 eos
307 1277 425 1312 appello,
441 1277 485 1311 qui
502 1285 607 1304 sacram
619 1285 674 1304 non
689 1282 841 1312 sequuntur
856 1285 936 1313 syno-

154 1323 242 1357 dum),
257 1323 367 1358 quidam
386 1331 449 1350 vero
468 1327 578 1357 negant.
595 1324 728 1350 Caeterum
744 1323 875 1352 adversus
888 1331 935 1351 eos

151 1368 198 1401 qui
213 1370 377 1397 conﬁtentur
391 1377 443 1396 non
456 1374 498 1396 est
523 1369 700 1404 disputationi
718 1369 806 1402 locus,
821 1369 867 1397 sed
885 1369 934 1396 ad-

152 1422 247 1442 versus
262 1415 419 1442 duhitantes
433 1415 475 1442 vel
492 1421 586 1442 contra
603 1416 750 1443 sentientes
766 1423 877 1443 necesse
892 1420 934 1444 est

151 1461 231 1488 nobis
245 1460 318 1487 omni
331 1465 429 1488 conatu
444 1460 581 1488 disserere
593 1465 620 1488 et
631 1466 743 1488 strenue
755 1462 931 1496 respondere,

151 1512 179 1534 ut
194 1507 275 1534 etiam
294 1508 345 1534 hoc
361 1513 413 1533 una
431 1515 491 1533 cum
510 1507 570 1534 aliis
586 1507 751 1541 slabiliatur,
778 1513 806 1534 et
827 1508 860 1534 iis
885 1509 931 1542 qui

149 1553 295 1580 discrimen
311 1554 392 1588 hujus
421 1553 460 1580 rei
488 1554 626 1588 percipere
646 1553 749 1586 volunt.
770 1554 871 1581 veritas
889 1553 931 1580 in—

149 1604 282 1633 notescat,
301 1608 353 1635 qua
379 1600 505 1635 cognita,
533 1600 770 1628 schismatieorum
793 1599 928 1627 insaniam

150 1646 324 1682 perspiciam.
337 1647 464 1681 quodque
479 1647 537 1674 sine
556 1647 608 1673 ulla
629 1654 741 1681 prorsus
767 1646 871 1673 ratione
886 1653 931 1680 sy-

148 1692 218 1719 nodo
232 1693 412 1720 adversantur
428 1697 455 1719 et
484 1692 587 1720 sanctis
605 1692 651 1726 qui
670 1692 840 1726 apertissime
858 1692 929 1719 hanc

147 1737 310 1765 sententiam
325 1738 352 1766 in
379 1738 454 1767 libris
478 1739 537 1767 suis
552 1738 712 1773 theologicis
739 1738 927 1773 comprobant.

147 1783 258 1811 Servata
276 1783 359 1818 igitur
378 1791 472 1812 eorum
489 1792 549 1820 quae
576 1789 655 1810 antea
672 1783 848 1818 exposuimus
863 1791 929 1811 con-

146 1831 298 1864 sequentia.
329 1830 494 1865 incipiamus
526 1838 623 1858 rursus
648 1830 690 1858 his
718 1838 779 1857 cum
797 1829 928 1857 charitale

144 1877 318 1911 respondere.
336 1876 472 1910 Deprecor
496 1884 560 1911 ergo
576 1884 623 1904 vos
649 1880 792 1903 utattente
808 1875 927 1903 audiatis

142 1930 201 1956 quae
224 1930 288 1950 mox
307 1923 405 1950 dicturi
440 1930 543 1955 sumus,
563 1928 591 1950 ut
617 1922 706 1950 omnis
735 1922 850 1949 oll‘ensio
867 1930 927 1958 quae

144 1969 317 1996 concordiam
330 1969 415 2004 possit
430 1969 562 2004 impedire
573 1969 606 1996 de
634 1969 723 1996 medio
742 1969 861 2002 tollatur,
880 1976 925 1995 νεα

143 2015 210 2042 ritas
228 2023 292 2043 vero
308 2017 336 2043 in
352 2016 474 2044 omnium
501 2016 593 2043 animo
609 2016 702 2047 insita.
718 2016 836 2043 fructum
849 2016 925 2050 pacis

141 2065 168 2087 et
182 2060 325 2088 charitatis
344 2061 487 2096 producat,
512 2062 704 2097 cessetquelis
723 2066 750 2089 et
773 2061 924 2095 contentio,

141 2107 287 2134 concordia
300 2114 364 2134 vero
380 2110 406 2134 et
430 2107 550 2135 eharitas
567 2112 760 2142 consequatur.
776 2106 852 2135 Unde
875 2108 925 2142 igi-

140 2157 185 2181 tur
199 2153 305 2181 initium
322 2161 439 2186 sumam,
451 2154 491 2181 vel
505 2154 575 2181 unde
585 2154 723 2188 incipiant,
738 2154 857 2181 fratres?
869 2153 924 2181 Un-

139 2201 221 2234 dique
237 2199 344 2228 divinas
360 2199 526 2234 Scripturas,
555 2207 664 2227 sacrum
696 2200 869 2236 Evangeliqu
897 2204 924 2228 et

138 2246 267 2275 doctores
286 2245 414 2274 Ecclesiae
430 2247 508 2274 video
525 2252 617 2282 aperte
636 2247 669 2274 iis
683 2254 765 2282 quaea
782 2246 859 2274 vobis
881 2247 921 2273 al-

1363 955 1402 983 A’.

1026 1002 1061 1029 Τὺ
1077 1003 1106 1030 δὲ
1120 1003 1250 1039 τέταρτον
1267 1006 1314 1032 τοῦ
1331 1006 1394 1041 ὅρου
1413 1005 1562 1039 κεφάλαιον
1576 1003 1597 1041 ᾧ
1613 1006 1779 1042 ἐγκαλοῦσιν

989 1046 1026 1078 ὡς
1040 1047 1165 1083 σφαλερῷ
1180 1050 1226 1076 καὶ
1242 1049 1311 1085 ξένῳ
1326 1051 1376 1083 τῆς
1389 1051 1472 1086 ὀρθῆς
1491 1052 1580 1088 δόξης,
1593 1053 1642 1088 τῷ,
1656 1053 1681 1080 οι
1700 1054 1777 1088 ἃγιοι

988 1093 1088 1129 δηλαδή
1106 1095 1176 1121 εἰσιν
1193 1096 1222 1122 tv
1237 1097 1270 1131 τῇ
1289 1096 1352 1132 δόξῃ
1365 1098 1412 1124 τοῦ
1427 1098 1506 1130 Θεοῦ,
1522 1099 1568 1125 καὶ
1582 1099 1777 1134 εὐφραίνονται

987 1139 1083 1166 τοῦτου
1112 1141 1145 1175 τῇ
1163 1141 1284 1177 θεωρίᾳ’
1312 1144 1360 1169 καὶ
1383 1143 1494 1175 τελείως
1523 1145 1589 1171 καθὸ
1614 1145 1698 1180 ψυχαὶ
1723 1146 1776 1180 τῆς

988 1184 1064 1217 Θείας
1090 1186 1200 1222 ἐκείνης
1225 1188 1386 1224 μετέχουσιν
1405 1190 1594 1223 ἀπολαύσεως.
1617 1192 1695 1223 Τινὲς
1724 1192 1775 1226 μὲν

987 1231 1147 1266 στέργουσιν
1167 1233 1196 1266 ἐξ
1215 1233 1314 1267 αὐτῶν,
1339 1235 1459 1270 δηλονότι
1483 1237 1538 1264 τῶν
1560 1238 1750 1272 σχισματικῶν
1764 1247 1773 1255 ·

988 1280 1185 1313 σχισματικοὺς
1198 1281 1252 1316 γὰρ
1269 1281 1324 1315 ἐγὼ
1343 1282 1467 1314 ἐκείνους
1478 1283 1564 1317 καλῶ,
1579 1284 1642 1315 τοὺς
1655 1285 1692 1318 μὴ
1708 1285 1774 1311 ἑπο-

989 1325 1086 1359 μένους
1112 1327 1144 1361 τῇ
1164 1327 1224 1361 ίερᾷ
1250 1328 1369 1364 συνόξόῳ·
1389 1329 1462 1360 τινὲς
1490 1329 1513 1356 δ’
1537 1330 1703 1365 ἀρνοῦνται·
1723 1332 1773 1358 καὶ

985 1372 1051 1405 πρὸς
1081 1373 1132 1406 μὲν
1157 1374 1220 1404 τοὺς
1234 1374 1445 1408 ὁμολογοῦντας,
1474 1376 1562 1408 οὐδεὶς
1581 1378 1648 1412 ἡμῖν
1671 1377 1749 1411 λόγος
1763 1386 1771 1393 ·

985 1418 1053 1452 πρὸς
1068 1418 1096 1445 δὲ
1112 1419 1174 1451 τοὺς
1188 1420 1406 1455 ἐπαποροῦντας.
1423 1422 1439 1456 ἢ
1455 1422 1584 1449 τάναντία
1599 1423 1769 1457 φάσκοντας,

984 1463 1091 1499 ἀνάγκη
1117 1465 1189 1492 ἐστὶν
1224 1467 1314 1494 ίκανδν
1332 1467 1422 1494 δοῦναι
1445 1467 1534 1502 λόγον.
1563 1469 1610 1496 καὶ
1636 1470 1771 1504 γενναίως

983 1510 1226 1545 ἀπολογήσασθαι·
1252 1513 1326 1544 ὅπως
1354 1517 1401 1541 καὶ
1414 1513 1494 1541 τοῦτο
1509 1515 1579 1549 μετὰ
1601 1516 1655 1542 τῶν
1678 1516 1769 1544 ἄλλων

981 1557 1106 1594 ὁχυρωθῇ
1120 1567 1128 1575 ·
1144 1559 1191 1586 καὶ
1203 1560 1249 1597 ⁵ἵνα
1271 1562 1295 1587 οί
1307 1561 1464 1596 βουλόμενοι
1480 1563 1529 1598 τὴν
1551 1564 1685 1599 διαφορὰν
1701 1573 1769 1592 συν-

982 1604 1052 1632 ιέναι
1078 1605 1125 1632 τοῦ
1147 1605 1321 1641 πράγματος,
1361 1609 1517 1642 γνωρίσωσι
1541 1610 1590 1643 τὴν
1617 1610 1766 1645 ἀλήθειαν·

981 1652 1164 1685 γνωρίσαντες
1178 1652 1219 1684 δὲ,
1232 1654 1306 1680 ίδωαι
1319 1654 1368 1689 τὴν
1380 1654 1434 1681 τῶν
1454 1656 1644 1690 σχισματικῶν
1655 1656 1765 1691 μανίαν*

980 1699 1027 1724 καὶ
1043 1698 1080 1728 ὡς
1097 1699 1198 1735 μηδένα
1218 1700 1296 1734 λόγον
1313 1700 1431 1736 ἔχοντες,
1446 1701 1629 1729 ἐναντιοῦνται
1653 1704 1687 1738 τῇ
1704 1711 1768 1730 συν-

979 1744 1041 1778 ὁδῳ,
1068 1745 1115 1771 καὶ
1142 1746 1198 1776 τοῖς
1234 1746 1322 1779 ἁγίοις
1353 1749 1410 1778 τοῖς
1436 1748 1582 1782 προφανῶς
1610 1748 1768 1783 θεολογοῠσι

979 1790 1082 1823 ταύτην
1098 1790 1148 1825 τὴν
1159 1792 1248 1824 δόξαν.
1263 1793 1341 1819 Κατὰ
1366 1794 1508 1828 συνέχειαν
1525 1794 1615 1821 τοίνυν
1633 1795 1687 1822 τῶν
1701 1796 1769 1831 πρό-

978 1844 1059 1869 τερον
1073 1837 1238 1871 εἰρημένων,
1253 1838 1402 1873 ἀρχώμεθα
1416 1840 1462 1866 καὶ
1476 1839 1554 1872 αὖθις
1569 1842 1638 1876 μετὰ
1655 1842 1766 1877 ἁγάπης

978 1881 1203 1916 ἀπολογήσασθαι
1232 1885 1280 1910 καὶ
1308 1885 1376 1919 πρὸς
1410 1886 1501 1914 τοῦτο.
1535 1888 1692 1922 Παρακαλῶ
1719 1887 1766 1915 οὖν

979 1927 1062 1961 ὑμᾶς.
1078 1929 1213 1964 νουνεχῶς
1237 1930 1356 1957 ἀκούειν
1382 1931 1436 1958 τῶν
1459 1933 1664 1968 ῥηθησομένων,
1692 1935 1767 1966 ὅπως

978 1975 1032 2000 πᾶν
1051 1974 1101 2009 μὲν
1117 1975 1283 2011 πρόσκομμα
1298 1977 1347 2012 τῆς
1361 1978 1472 2014 εἰρήνης
1489 1979 1641 2007 κωλυτικὺν
1669 1981 1700 2006 ὲκ
1715 1983 1766 2015 μέ-

978 2028 1025 2045 σου
1041 2020 1154 2055 γένᾼηται
1165 2029 1172 2037 ·
1190 2022 1206 2056 ὴ
1222 2021 1246 2048 δ’
1260 2022 1375 2058 ἀλήθεια
1389 2026 1449 2056 ταῖς
1465 2025 1565 2061 ψυχαῖς
1579 2027 1688 2054 πάντων
1710 2029 1766 2062 ὲμ-

976 2065 1154 2100 φυτευθεῖσα,
1174 2070 1376 2106 καρποφορήσῃ
1403 2072 1511 2106 καρπον
1533 2074 1646 2108 εἰρήνης
1668 2083 1699 2101 τε
1716 2076 1764 2102 καὶ

975 2112 1100 2147 ἀγάπης.
1132 2114 1224 2149 παυθῇ
1249 2116 1313 2150 τεή
1339 2117 1397 2151 ἔρις
1426 2126 1456 2144 τε
1483 2119 1529 2145 καὶ
1553 2120 1570 2154 ἡ
1598 2121 1763 2154 φιλονεικία,

975 2158 1185 2195 ἑπακολουθὴσῃ
1202 2160 1230 2187 δὲ
1247 2162 1262 2196 ή
1279 2162 1390 2197 ὁμόνοια
1417 2164 1464 2191 καὶ
1479 2165 1492 2191 ὁ
1521 2165 1568 2192 τοῦ
1593 2167 1660 2193 Θεοῦ
1679 2168 1761 2203 ἔρως.

975 2204 1061 2232 Πόθεν
1071 2203 1118 2232 οὖν
1133 2207 1305 2242 ἁπάρξομαι,
1323 2209 1451 2244 ἀδελφεάς
1467 2211 1581 2249 ῆηπόθεν
1593 2213 1643 2247 τὴν
1658 2222 1762 2250 καταρ-

974 2250 1026 2286 χὴν
1057 2253 1209 2287 ποιήσομαι
1224 2262 1232 2288 ;
1250 2255 1386 2282 Πάντοθεν
1404 2257 1459 2291 ὁρῶ
1485 2257 1535 2289 τὰς
1554 2258 1629 2290 Θείας
1651 2260 1762 2294 Γραφὰς

138 2293 276 2324 feruntur.
289 2293 489 2321 contradicere.
503 2293 557 2321 Vos
567 2301 630 2321 vero
647 2301 681 2320 ex
696 2293 802 2327 {vestris
819 2293 856 2320 nil
872 2300 920 2320 ne-
934 2303 937 2318 ‹

979 2297 1024 2323 καὶ
1039 2297 1069 2324 τὸ
1083 2298 1155 2332 ἱερὸν
1175 2299 1353 2334 Εὐαγγέλιον,
1370 2302 1418 2328 καὶ
1436 2303 1499 2334 τοὺς
1519 2293 1697 2337 διδασκάλους
1711 2293 1763 2340 τῆς

138 2339 258 2367 cessario
275 2339 449 2373 concludilis,
468 2339 520 2368 nisi
534 2344 597 2368 ante
607 2347 779 2367 communem
796 2347 920 2367 resurre-

138 2384 269 2418 ctionem,
283 2389 392 2413 sanctos
401 2389 428 2412 et
446 2389 603 2419 peccatores
622 2392 683 2420 qua!
699 2390 838 2412 merentur
853 2392 920 2419 pnu-

137 2431 189 2458 mia
201 2430 241 2457 vel
255 2438 348 2464 pmnas
367 2438 420 2458 non
440 2431 564 2466 recipere
587 2439 593 2458 :
612 2431 637 2458 id
659 2430 792 2466 profecto,
809 2431 918 2463 fratres.

137 2479 166 2499 ιιι
183 2474 232 2501 viri
255 2475 352 2502 eruditi
381 2475 516 2510 iudicant,
534 2476 634 2503 nullam
665 2477 718 2503 vim
734 2477 826 2503 habet.
841 2476 917 2509 Quod

134 2524 224 2546 autem
238 2519 305 2554 justi
322 2525 346 2548 et
362 2526 518 2556 peccatores
538 2530 552 2549 a
567 2523 610 2550 die
627 2523 717 2550 exitus
731 2530 827 2550 eorum
846 2522 916 2549 reci-

134 2566 223 2600 piunt,
234 2566 290 2594 Deo
306 2567 386 2594 verba
398 2568 620 2596 subministrante
633 2570 695 2595 dum
720 2576 752 2595 os
767 2569 915 2603 aperimus,

134 2611 304 2640 ostendetur.
323 2611 374 2639 Sed
389 2613 485 2641 ordine
504 2614 670 2650 incipiendo,
686 2615 767 2641 etiam
794 2615 846 2642 hoc
856 2617 916 2643 loco

131 2663 240 2693 oportet
266 2658 416 2686 orationem
452 2660 534 2687 veluti
567 2660 592 2687 in
622 2660 726 2694 judicio
753 2668 915 2695 proponere,

132 2708 161 2730 ιιι
192 2703 243 2731 hoc
262 2704 368 2739 .dogma
393 2705 451 2732 sole
479 2705 582 2733 clarius
604 2713 630 2733 et
657 2706 753 2741 purius
776 2707 914 2735 elucescat

129 2753 224 2776 exacte
247 2750 440 2786 interrogando
463 2756 489 2779 et
519 2753 707 2786 respondendo
737 2761 912 2787 perpensum.

977 2342 1155 2378 Ἐκκλησίας,
1171 2346 1319 2380 προφανῶς
1333 2347 1523 2381 ἀντιλέγοντας
1538 2351 1593 2382 τοῖς
1604 2351 1668 2385 παρ’
1682 2352 1760 2386 ὑμῶν

971 2387 1145 2422 λεγομένοις·
1163 2389 1242 2423 ὑμεῖς
1258 2391 1298 2422 δὲ,
1316 2391 1393 2418 οἰδὲν
1407 2393 1557 2426 ἀναγκαῖον
1575 2395 1708 2429 συνάγετε
1730 2398 1759 2430 ἐξ

971 2431 1008 2461 ὧν
1026 2433 1136 2468 λέγετε·
1154 2435 1212 2461 ἀλλ’
1236 2437 1251 2470 ῆ
1278 2437 1370 2471 μόνον.
1386 2438 1424 2469 ὡς
1443 2438 1520 2465 οὔπω
1538 2440 1577 2475 μὴ
1600 2441 1649 2476 τῆς
1666 2445 1759 2478 κοινῆς

972 2480 1148 2512 ἀναστάσεως
1164 2482 1323 2517 γενομένης,
1344 2484 1368 2509 οἱ
1390 2484 1464 2518 ἆγιοι
1481 2485 1531 2512 οὐκ
1551 2487 1688 2514 ἀπέλαϐον
1711 2490 1759 2516 καὶ

971 2526 996 2551 οἱ
1012 2525 1170 2560 ἁμαρτωλοὶ
1181 2527 1215 2554 τὰ
1224 2529 1284 2554 κατ’
1296 2528 1372 2561 ἀξίαν
1386 2530 1486 2562 novak.
1504 2531 1588 2558 Τοῦτο
1602 2533 1663 2567 μὲν,
1677 2534 1756 2562 ἀδελ-

971 2572 1027 2605 φοὶ,
1041 2571 1079 2603 ὡς
1095 2572 1170 2599 δοκεῖ
1186 2574 1241 2605 τοῖς
1252 2573 1363 2608 λογίοις,
1379 2576 1438 2602 οὐδὲ
1461 2578 1526 2611 μίαν
1541 2578 1656 2613 δύναμιν
1677 2580 1734 2615 ἔχει
1745 2603 1753 2613 ,

970 2617 1012 2644 ὅτι
1035 2617 1064 2644 δὲ
1080 2618 1323 2653 ἀπολαμϐάνουειν
1345 2622 1368 2647 o!
1387 2622 1461 2655 ᾰγιοι
1481 2625 1528 2651 καὶ
1546 2624 1570 2650 οἱ
1596 2625 1757 2660 ἁμαρτωλοὶ

969 2663 1024 2689 ἀπο
1049 2663 1100 2698 τῆς
1116 2665 1225 2699 ἡμέρας
1246 2666 1295 2700 τῆς
1324 2666 1414 2698 ἐξόδου
1444 2669 1546 2702 αὐτῶν,
1571 2671 1755 2706 δειχθήσεται,

968 2710 1016 2737 τοῦ
1031 2711 1098 2738 Θεοῦ
1112 2711 1230 2744 διδόντος
1251 2714 1318 2748 ἡμῖν
1338 2713 1415 2747 λόγον
1431 2716 1459 2741 ὲν
1480 2716 1580 2750 ἀνοίξει
1594 2717 1639 2744 τοῦ
1655 2719 1755 2754 στόμα-

967 2764 1023 2788 τος.
1050 2757 1120 2783 Ἀλλ’
1137 2758 1296 2793 ἀρχόμενοι,
1311 2761 1381 2786 κατὰ
1397 2761 1484 2795 τάξιν,
1510 2763 1560 2789 κάν
1573 2764 1660 2798 τούτῳ
1679 2764 1754 2797 ὀφεί-

129 2795 211 2828 λομεν
225 2796 361 2830 τὸνλόγον
374 2798 411 2830 ὡς
427 2799 456 2824 ἐν
478 2799 648 2833 δικαστηρίῳ
686 2801 845 2835 προθεῖναι·
863 2802 938 2834 ὅπως
975 2803 1098 2838 ἀναφανῇ
1127 2805 1157 2830 τὸ
1185 2806 1273 2840 δόγμα
1295 2807 1465 2833 τίλανιῖιτςοον
1486 2808 1533 2835 καὶ
1560 2795 1752 2839 καθανινιῖιτέεον

131 2841 177 2867 τοῦ
206 2843 291 2877 ήλὶου,
312 2844 504 2881 ἐξεταζόμενον
530 2846 650 2882 annos“);
669 2847 737 2874 κατὰ
763 2847 859 2875 πεῦσιν
879 2857 906 2875 τε
929 2850 974 2876 καὶ
992 2850 1138 2886 ἀπόκρισιν
