1951 3075
143 170 209 203 1281

514 227 550 254 Δ’.

174 273 314 309 Θαυμάζω
328 272 416 299 τοίνυν
432 272 478 298 καὶ
493 272 599 307 ἀπορῶ,
615 271 674 303 πῶς
684 271 737 298 elei
749 280 820 302 τινες
833 271 921 303 οὕτως

139 320 304 356 ἀμελοῦντες
320 321 367 354 τῆς
382 319 508 353 ἀληθείας
523 319 572 352 τῆς
587 318 716 348 πίστεως,
729 317 767 348 ὡς
787 317 824 352 μὴ
841 317 922 351 μόνον

140 367 171 393 οὺ
190 365 332 400 βούλεσθαι
350 366 455 398 μαυεϊν,
471 366 543 394 ὅπως
561 363 921 398 ἑπιστραφέντεςσωθῶσιν,

142 413 210 439 ἀλλὰ
227 412 273 438 καὶ
287 411 342 437 τῶν
359 410 492 443 κειμένων
507 409 537 435 ἐν
554 410 608 440 τοῖς
624 409 706 443 ἱεροῖς
727 408 780 434 τῶν
795 409 922 435 διδασκὰ-

141 460 194 485 λιυν
213 457 324 492 βιΰλίοις
341 456 486 492 προφανῶς
504 456 612 490 φθορεῖς
630 456 772 489 ἐγένοντο’
796 455 843 481 καὶ
860 454 922 481 οὔτε

142 505 231 535 καλῶς
247 503 363 534 νοοῦσιν,
388 501 445 528 οὔτ’
462 502 571 528 ἀκούειν
598 493 736 537 βοδλονται
761 501 794 535 ἣν
814 500 922 535 ἔχουσιν

141 551 165 576 oi
182 549 337 575 διδάσκαλοι
362 548 439 580 δόξαν
467 547 531 582 περὶ
557 547 608 581 τῆς
625 547 718 582 κοινῆς
742 547 844 580 ταύτης
868 546 922 572 τῶν

142 595 313 630 Χριστιανῶν
337 595 503 630 ὁμολογίας·
528 593 596 620 ἀλλὰ
626 595 705 627 μόνον
734 593 836 628 μικράν
863 601 923 619 τινα

143 641 239 676 fluvio;
266 640 393 671 λαὸϐντες
411 640 523 673 ἄγουσιν
548 640 664 674 ἀπορίας
683 639 739 665 ἄνω
757 639 804 665 καὶ
827 639 921 666 κάτω*

143 687 189 712 καὶ
203 685 312 713 δοκοῦσί
326 694 387 712 τινα
407 685 517 718 γενναῖα
534 684 629 718 φέρειν
651 686 682 710 ἐκ
699 684 747 718 τῆς
765 685 855 711 αὐτῶν
868 693 924 711 κοι-

142 732 201 762 λίας
217 731 285 765 πρὸς
306 730 462 765 ἀνατροπὴν
477 730 524 764 τῆς
541 729 686 763 ἀληθείας,
704 729 722 756 ἃ.
743 729 795 764 πρὸ
810 728 923 760 eam.

142 777 168 803 ot
184 775 337 802 διδάσκαλοι
359 775 522 810 προσθέντες
536 775 660 801 διέλυσαν
684 775 773 809 λόγοις
795 776 840 801 καὶ
857 783 923 808 συγ-

142 821 263 855 γραφαῖς
273 828 279 835 ·
297 820 326 852 ἐξ
341 817 378 847 (ἰν
392 820 496 855 ταχέως
513 819 669 854 ἐλέγχονται
684 820 709 846 οι
726 820 782 846 νέοι
795 820 925 853 δογματι-

143 868 216 894 σταί.
237 867 311 893 Ἔδει
341 866 395 902 γὰρ
421 865 518 896 αὐτοὺς
549 865 660 900 θεωρεῖν
683 866 731 892 καὶ
758 865 924 892 σκέπτεσθαι

142 915 214 950 ἀπερ
225 915 249 941 οἱ
264 914 336 947 ἅγιοι
356 911 464 946 λέγουσι
480 911 527 938 καὶ
550 911 705 946 ὑποχωρεῖν
723 911 826 943 αὐτοῖς,
842 911 871 937 ὲν
883 908 924 941 οἷς

142 960 261 1007 λέγουσι,
287 960 331 992 Μή
347 958 456 993 εὑροῦσι
482 958 511 984 δὲ
541 957 691 991 θεραπείαν
718 958 748 983 ἐν
765 958 820 988 τοῖς
847 957 924 991 παρὰ

141 1000 195 1031 τῶν
214 1005 298 1038 ἁγίων
323 1004 480 1038 εἰρημένοις
503 1003 531 1028 ἐν
557 1000 598 1033 οἷς
624 1002 836 1036 ἀμφιὸἀλλουσι,
863 1002 922 1028 τότε

142 1049 207 1084 ἐξῆν
224 1049 314 1080 αὐτοῖς
341 1050 466 1083 ἀπορεῖν,
484 1048 562 1082 εἴπερ
579 1048 627 1074 καὶ
652 1047 779 1074 δύνανται
790 1055 797 1064 ·
814 1048 845 1073 οὺ
871 1049 925 1082 μὴν

141 1095 170 1123 δὲ
185 1097 297 1129 ἀπορεῖν
310 1095 445 1129 περὶ-τῶν
459 1094 509 1129 ἠδη
529 1094 682 1129 εἰρημένων
700 1103 727 1120 τε
742 1094 789 1120 καὶ
805 1102 925 1127 σεσαφη-

141 1141 285 1175 νισμένων.
308 1141 355 1171 Τίς
369 1141 397 1167 δέ
413 1141 487 1176 ἐστιν
511 1141 527 1175 ἡ
548 1139 693 1174 θαυμαστὴ
711 1140 800 1165 αὐτῶν
823 1140 924 1174 ἀπορία

142 1188 174 1222 ἣν
192 1187 257 1221 ἡμῖν
282 1186 460 1222 προφέρουσι,
483 1187 531 1215 καὶ
554 1186 657 1221 σφόδρα
685 1186 923 1221 μεγαλαυχοῦσιν;

142 1231 177 1258 Ὦ
196 1232 345 1265 καθολικοὶ,
364 1232 422 1265 ἐὰν,
435 1233 472 1263 ὼς
496 1232 601 1265 λέγετε,
625 1231 672 1259 νῦν
696 1232 925 1266 ἀπολαμὸἀνωσιν

142 1279 170 1306 αἱ
184 1278 269 1314 (ξωχαὶ
285 1278 340 1304 τῶν
367 1277 490 1310 δικαίων,
508 1278 592 1312 μήπω
617 1278 773 1312 γενομένης»
786 1277 834 1312 τῆς
859 1278 925 1304 ἀνα-

144 1325 275 1356 στάσεως,
301 1324 430 1359 περισσόν
454 1325 512 1350 ἑστι
539 1324 664 1358 γενέσθαι
691 1324 741 1360 τὴν
766 1325 923 1358 ἀνάστασιν,

143 1371 191 1396 καὶ
204 1372 249 1397 τὸν
266 1371 361 1406 κριτὴν
377 1371 422 1396 ἐπὶ
438 1370 534 1405 θρόνου
548 1371 670 1402 καθίσαι,
685 1371 732 1397 καὶ
747 1371 838 1405 κρίσιν
848 1372 927 1406 ποιῆ-

144 1425 210 1443 σαι·
235 1417 261 1443 τί
276 1417 304 1444 δὲ
331 1418 378 1444 καὶ
404 1417 535 1452 λήψονται
561 1417 632 1449 τότε,
655 1418 679 1444 cl
696 1417 743 1443 νῦν
768 1418 924 1452 ἀπέλαῦον;

145 1463 199 1488 Καὶ
215 1463 294 1497 ἡμεῖς
312 1463 379 1495 πρὸς
397 1462 496 1493 αὐτούς
508 1470 515 1477 ·
532 1462 679 1489 Καθολικοί
699 1464 793 1497 ἐσμεν,
814 1463 861 1490 καὶ
874 1472 926 1490 κα-

144 1507 247 1534 θολικοὶ
278 1509 431 1544 βουλόμεθα
449 1508 587 1542 λέγεσθαι,
602 1509 626 1536 εί
644 1510 691 1536 καὶ
706 1509 786 1544 ὑμεῖς
799 1509 828 1536 τὸ
842 1509 927 1544 ὄνομα

144 1553 223 1580 τοῦτο
247 1554 308 1580 κατ’
332 1555 473 1588 εἰρωνείαν
500 1555 566 1589 ἡμῖν
596 1556 759 1590 προφέρετε,
777 1557 825 1583 καὶ
847 1555 926 1590 ὕϐριν

142 1599 284 1632 λογίζεσθε
295 1607 302 1614 ·
320 1600 495 1632 πιστεύοντες
510 1603 564 1633 γὰρ
579 1602 618 1631 εἰς
641 1601 704 1635 μίαν
726 1601 806 1634 ἀγίαν
821 1602 929 1628 καθολι-

145 1646 196 1679 κὴν
213 1645 260 1671 καὶ
274 1644 458 1678 ἀποστολικὴν
481 1645 655 1680 Ἐκκλησίαν,
674 1646 812 1672 καθολικοί
832 1648 926 1681 ἐσμεν,

145 1692 191 1716 καὶ
205 1690 343 1725 λεγόμεθα
355 1699 363 1706 ·
378 1691 425 1717 καὶ
442 1690 505 1722 τοὺς
521 1691 558 1726 μὴ
578 1691 740 1725 λεγομένους
757 1692 927 1724 καθολικοὺς,

145 1736 205 1772 ἦτοι
222 1737 282 1767 τοὺς
300 1737 337 1772 μὴ
353 1737 503 1771 ἑπομένους
519 1737 600 1772 αὐτῇ,
616 1738 811 1772 σχισματικοὺς
834 1738 930 1764 καλοῦ·

146 1792 208 1819 μεν,
233 1783 290 1814 καὶ.
308 1780 396 1818 οἶμαι,
422 1783 544 1813 δικαίως.
561 1783 632 1818 Πρὸς
644 1782 691 1809 οὖν
719 1782 768 1817 τὴν
794 1782 929 1818 ἐρώτησιν

146 1831 222 1866 ὑμῶν
239 1838 340 1864 φαμεν,
354 1829 392 1860 ὡς
408 1830 432 1855 el
453 1830 557 1865 ὑπῆρχε
573 1829 653 1864 καινὴ
665 1829 681 1864 ἡ
694 1828 826 1864 ἐρώτησις
839 1829 927 1864 ὑμῶν,

146 1878 286 1912 ἐδώκαμεν
300 1877 332 1903 ἂν
348 1876 396 1911 τὴν
417 1876 566 1910 ἀπολογίαν
589 1876 637 1910 ἀφ’
653 1875 742 1912 ἡμῶν,
758 1875 795 1906 ὡς
814 1875 829 1910 ἡ
852 1875 930 1902 δύνα-

148 1932 193 1956 μις
206 1931 212 1937 ·
232 1923 291 1948 ἐπεὶ
305 1923 333 1948 δὲ
348 1923 381 1958 ἦν
398 1922 475 1956 ὑμεῖς
492 1923 603 1953 ποιεῖτε,
619 1921 667 1948 καὶ
690 1921 763 1948 ἄλλοι
785 1921 838 1956 πρὸ
853 1919 930 1954 ὑμῶν

147 1969 319 2003 πεποίηνται,
337 1968 366 1994 οὺ
383 1968 462 2003 χρεία
478 1968 543 2000 περὶ
556 1964 593 1993 ὧν
607 1967 632 1993 οι
644 1967 799 1994 διδάσκαλοι
814 1966 928 2001 ἥψαντο,

147 2017 195 2043 καὶ
211 2016 260 2049 τὴν
277 2015 424 2047 ἀπολογίαν
441 2014 583 2050 ἀπέδωκαν
600 2014 636 2045 ὡς
652 2013 720 2047 ἐνὸν,
741 2013 816 2048 ἡμᾶς
830 2012 930 2048 ἀπολο-

146 2062 253 2095 γεῖσθαι
278 2061 421 2095 τολμηρῶς
450 2060 520 2087 οὕτω
545 2061 592 2086 καὶ
619 2060 753 2091 ἀναιδῶς·
781 2059 838 2086 ἀλλ’
862 2059 930 2094 ὅπερ

146 2110 245 2135 ἐκεῖνοι
259 2108 404 2140 ἐξέδωκαν,
421 2106 486 2132 αὐτὸ
502 2106 548 2132 καὶ
561 2107 641 2141 ἡμεῖς
659 2105 861 2140 προσθήσομεν.
877 2105 930 2130 Πέ-

146 2165 209 2190 τρος
223 2155 276 2190 γὰρ
291 2157 304 2181 ὁ
329 2153 581 2190 προμνημονευθεὶς
604 2153 792 2187 ἁρχιδιάκονος
814 2151 863 2186 τῆς
881 2160 930 2186 με-

148 2202 234 2236 γάλης
255 2201 417 2235 Ἐκκλησίας
431 2200 498 2234 πρὸς
512 2199 557 2224 τὸν
579 2198 667 2232 μέγαν
680 2197 812 2233 ἀρχιερέα
829 2197 931 2231 Γρηγό-

360 169 438 200 PRO
457 168 565 200 CONC.
582 167 768 198 FLORENT.
792 167 872 199 CAP.
887 168 936 199 IV.
955 169 1005 198 DE
1027 167 1242 199 FRUITIONE
1262 167 1506 201 SANCTORUM.

1689 170 1757 202 1282

1344 224 1388 252 IV.

1006 272 1134 300 Admiror
1159 272 1242 307 igitur
1258 276 1285 298 et
1305 272 1398 300 dubito
1419 280 1473 307 quo
1490 277 1568 307 pacto
1585 272 1757 306 reperiantur

972 319 1081 352 quidam
1098 318 1165 345 adeo
1178 318 1299 345 veritatis
1314 318 1372 345 ﬁdei
1391 319 1567 354 negligentes,
1582 324 1611 346 ut
1628 327 1680 346 non
1699 324 1757 346 lall-

974 369 1030 393 tuut
1048 373 1101 392 non
1120 365 1225 392 discere
1241 365 1333 396 velint.
1346 370 1376 402 ut
1395 365 1520 392 conversi
1537 365 1688 397 salventur,
1708 373 1756 393 ve-

974 419 1033 437 rum
1048 411 1129 438 etiam
1145 418 1241 438 eorum
1265 419 1325 445 quae
1341 418 1356 437 a
1371 411 1458 438 sacris
1473 411 1632 439 doctoribus
1655 412 1756 447 scripta

973 463 1047 488 sunt,
1064 462 1155 491 aperte
1174 462 1348 492 corruptores
1380 458 1535 484 exstiterint
1548 466 1554 483 :
1568 458 1612 493 qui
1640 465 1690 485 nec
1712 466 1758 485 re-

974 509 1020 531 cte
1039 504 1213 538 intelligunt,
1244 511 1332 538 neque
1359 504 1452 531 audire
1481 505 1644 531 sententiam
1665 505 1759 531 volunt

974 557 1055 583 quant
1074 550 1200 577 doctores
1224 549 1323 576 habent
1348 557 1430 583 super
1444 549 1496 577 hac
1519 550 1657 576 communi
1674 549 1756 576 Chri—

974 595 1123 622 stiauorum
1143 594 1328 622 confessione.
1347 594 1400 621 Sed
1426 595 1551 630 exiguam
1576 598 1680 632 tantum
1700 596 1757 622 stil-

975 640 1026 667 lam
1040 640 1074 667 ab
1087 639 1120 667 iis
1133 640 1303 672 haurientes,
1318 648 1427 667 sursum
1442 640 1568 667 deorsum
1580 640 1755 667 diliicultates

975 687 1090 713 miscent
1110 695 1142 713 ex
1158 694 1208 713 suo
1224 694 1316 718 sensu.
1342 687 1535 713 existimantes
1558 687 1664 721 egregie
1681 694 1756 720 qna:-

975 735 1035 759 dam
1053 733 1086 759 ad
1104 733 1273 760 eversionem
1293 734 1414 760 veritatis
1431 733 1539 765 aliene,
1553 741 1621 765 quas
1636 733 1758 760 anlehos

975 778 1085 812 sctiptis
1105 782 1132 805 et
1157 779 1234 806 libris
1251 779 1332 806 editis
1357 780 1482 806 doctores
1507 779 1705 810 dissolverttnl,
1722 786 1756 805 ex

976 825 1075 860 quibus
1089 825 1180 851 statim
1204 825 1231 851 lti
1259 826 1319 852 nori
1337 825 1505 860 dogmatislaa
1524 825 1725 858 redarguuntur
1750 832 1757 850 :

977 879 1039 898 natn
1053 878 1101 898 eos
1110 871 1204 898 videre
1215 875 1242 898 et
1255 871 1429 898 considerare
1443 871 1582 905 oportebat
1598 878 1657 904 quae
1672 870 1758 897 sancti

977 917 1084 949 dicunt,
1103 921 1129 943 et
1147 925 1242 945 eorum
1269 917 1351 944 dictis
1373 916 1557 950 acquiescere.
1582 916 1659 949 Quod
1685 917 1707 944 si
1732 917 1759 943 itt

977 968 1136 991 sanctorum
1151 963 1242 994 dictis,
1260 963 1286 990 in
1303 963 1404 998 quibus
1425 964 1585 990 sententiam
1602 963 1738 990 alternant
1753 984 1760 994 ,

978 1010 1145 1038 curationem
1159 1018 1212 1037 non
1236 1009 1406 1037 invenissent
1423 1030 1429 1041 .
1448 1016 1513 1037 tunc
1528 1011 1637 1037 demunt
1662 1011 1760 1038 licehat

978 1056 1024 1083 eis,
1036 1055 1219 1082 dubitationes
1234 1055 1332 1082 aﬂerre
1348 1056 1381 1090 (si
1399 1061 1487 1082 tamen
1506 1056 1530 1082 id
1549 1055 1692 1089 possent);
1710 1064 1760 1082 nec

979 1108 1040 1128 vero
1055 1101 1193 1135 ambigere
1205 1101 1238 1127 de
1252 1100 1293 1127 his
1310 1101 1434 1132 decebat,
1452 1108 1512 1134 quae
1528 1105 1606 1127 antea
1622 1101 1759 1135 disputata

977 1150 1004 1173 et
1023 1146 1159 1173 declarata
1178 1151 1253 1174 sunt.
1271 1145 1305 1172 At
1322 1146 1475 1180 qualisnam
1493 1151 1533 1173 est
1551 1154 1645 1173 eorum
1670 1147 1757 1173 admi-

979 1192 1073 1219 rabilis
1088 1191 1203 1225 quaastio
1218 1199 1297 1225 quant
1313 1191 1391 1218 nobis
1403 1191 1534 1224 objiciunt
1547 1192 1643 1218 mirum
1661 1192 1687 1218 in
1705 1200 1759 1218 mo.

978 1238 1041 1264 dum
1052 1237 1228 1270 jactabuudi?
1239 1236 1260 1263 0
1273 1236 1411 1267 catholici,
1427 1237 1499 1268 si,.ut
1513 1244 1559 1264 vos
1574 1237 1675 1269 dicitis,
1688 1245 1760 1264 nunc

976 1283 1113 1318 justorum
1139 1284 1236 1309 animae
1261 1287 1323 1309 ante
1350 1282 1578 1310 resurrectionem
1604 1283 1760 1318 recipiunt,

979 1336 1179 1364 supervacanea
1200 1333 1241 1356 est
1256 1328 1421 1356 resurrectio
1436 1332 1463 1355 et
1482 1328 1624 1363 judicium,
1637 1334 1663 1355 et
1679 1336 1761 1363 super

979 1375 1075 1402 tltrono
1090 1382 1234 1407 assessus,
1251 1378 1278 1402 et
1302 1374 1400 1409 judicii
1425 1375 1595 1403 constitutio.
1613 1373 1683 1407 Quid
1702 1379 1759 1401 tum

979 1420 1118 1454 recipient,
1135 1420 1157 1448 si
1175 1427 1247 1446 nunc
1266 1420 1446 1454 receperunt?
1462 1419 1565 1453 Quibus
1582 1428 1631 1447 nos
1646 1428 1758 1455 respon-

979 1466 1085 1500 demus,
1101 1465 1233 1494 Catholici
1250 1474 1346 1494 sumus
1361 1471 1388 1494 et
1407 1467 1534 1494 catltolici
1550 1467 1602 1493 dici
1621 1468 1758 1499 volumus;

979 1513 1042 1539 etsi
1058 1512 1083 1539 iu
1099 1511 1291 1539 contumeliam
1310 1512 1362 1539 hoc
1380 1519 1476 1538 nomen
1495 1512 1572 1539 nobis
1586 1511 1720 1546 ohjicitis,
1733 1517 1760 1538 et.

941 1567 964 1597 α
980 1558 1107 1593 injuriam
1123 1558 1199 1586 nobis
1216 1557 1318 1585 inierre
1332 1557 1502 1585 arbitramini
1515 1565 1523 1583 :
1535 1557 1676 1584 credentes
1687 1557 1759 1584 enim

981 1612 1061 1631 unam
1079 1609 1200 1631 sanetam
1216 1608 1242 1631 et
1259 1604 1440 1639 apostolicam
1455 1603 1618 1636 Ecclesiam,
1630 1603 1758 1630 catholici

980 1657 1076 1677 sumus
1092 1654 1120 1676 et
1133 1649 1318 1684 appellamur;
1337 1649 1382 1684 qui
1401 1649 1527 1676 catholici
1549 1657 1602 1676 non
1619 1654 1759 1681 vocantur,

980 1694 1037 1722 sive
1048 1694 1093 1729 qui
1110 1702 1168 1721 eam
1182 1702 1235 1721 non
1248 1700 1412 1729 sequuntur,
1431 1695 1621 1722 schismaticos
1631 1693 1760 1726 dicimus,

980 1748 1012 1767 ac
1029 1741 1101 1775 jure,
1121 1744 1148 1767 ut
1161 1739 1290 1766 arbitror.
1309 1739 1347 1766 Ad
1362 1739 1601 1773 interrogationem
1616 1739 1698 1774 igitur
1713 1747 1762 1766 ve-

981 1792 1066 1815 stram
1083 1786 1210 1818 dicimus,
1231 1785 1302 1820 quotl
1324 1785 1346 1812 si
1365 1792 1434 1811 nova
1450 1788 1523 1812 esset
1540 1789 1628 1811 vestra
1644 1784 1761 1811 interro-

980 1830 1063 1865 gatio,
1078 1837 1127 1865 pro
1149 1829 1255 1856 viribus
1278 1827 1380 1856 nostris
1401 1829 1605 1862 responsionem
1623 1828 1761 1855 attulisse-

980 1883 1041 1903 mus
1057 1883 1064 1902 :
1081 1875 1128 1902 sed
1141 1875 1268 1909 quoniam
1283 1875 1354 1908 quod
1372 1881 1420 1900 vos
1435 1873 1523 1901 facitis
1537 1879 1564 1900 et
1579 1874 1624 1901 alii
1637 1879 1699 1900 ante
1714 1881 1761 1900 vos

980 1925 1104 1955 egerunt,
1120 1928 1171 1947 non
1189 1927 1258 1955 opus
1274 1925 1326 1952 est,
1340 1927 1400 1954 qua:
1415 1918 1542 1946 doctores
1556 1919 1716 1953 attigerunt,
1735 1922 1762 1944 et

981 1967 1175 2002 responsiones
1189 1970 1218 1993 ut
1233 1966 1333 1993 decens
1351 1969 1411 1992 erat
1426 1964 1595 1992 tradideruttt
1608 1983 1618 1996 ,
1632 1972 1680 1990 nos
1694 1963 1762 1990 adeo

981 2013 1113 2040 audacter
1128 2017 1153 2040 et
1171 2011 1299 2047 peririeta
1317 2012 1406 2039 fronte
1427 2012 1601 2045 respondere.
1621 2010 1673 2037 Sed
1689 2010 1760 2044 quod

981 2059 999 2086 ii
1013 2058 1167 2090 ediderunt,
1184 2058 1300 2092 idipsum
1316 2062 1342 2084 et
1355 2065 1405 2084 nos
1417 2056 1606 2089 adiungemus.
1628 2055 1693 2082 Nam
1712 2056 1763 2082 Γο-

983 2109 1052 2137 trus,
1075 2103 1203 2131 Ecclesiae
1228 2111 1331 2138 magna:
1357 2102 1577 2133 archidiaconus,
1601 2106 1630 2128 ut
1646 2107 1724 2128 antea
1748 2109 1762 2128 a

982 2149 1060 2176 nobis
1073 2149 1225 2183 expositum
1240 2152 1293 2179 est,
1309 2154 1406 2181 magno
1419 2145 1540 2180 pontiﬁci
1560 2144 1690 2178 Gregorio
1701 2143 1762 2171 Dia-

981 2194 1052 2228 logo,
1071 2193 1142 2221 hanc
1158 2200 1238 2227 quam
1254 2192 1282 2218 in
1298 2192 1441 2226 praesentia
1457 2198 1505 2217 vos
1522 2189 1761 2223 interrogationem

149 2234 264 2284 ptovrrbv
280 2234 421 2280 Διάλογον,
438 2245 539 2280 ταύτην
553 2245 585 2280 ἣν
601 2244 680 2279 ὑμεῖς
699 2244 747 2270 νῦν
763 2242 926 2277 προὸάλλετε

982 2239 1147 2275 proponitis,
1161 2238 1286 2266 eamdem
1308 2238 1330 2264 is
1345 2237 1395 2271 ipsi
1412 2235 1485 2264 fecit.
1495 2234 1561 2262 Nam
1574 2235 1609 2261 ita
1627 2234 1653 2261 in
1666 2235 1762 2262 eodem

146 2293 292 2328 ἐρώτησιν,
306 2292 390 2327 αὐτὴν
407 2292 454 2318 καὶ
476 2290 556 2321 αὐτὸς
581 2290 648 2324 πρὸς
663 2289 744 2316 αὑτὸν
760 2289 906 2324 πεποίηται
921 2295 928 2303 ·

145 2338 219 2373 λέγει
232 2338 284 2373 γὰρ
307 2337 355 2364 ὡδὶ
370 2338 398 2363 ιν
422 2336 461 2371 τῷ
484 2336 558 2371 αὺτῷ
573 2336 670 2370 βιὸλίῳ
688 2335 742 2362 τῶν
767 2336 930 2370 Διαλόγων.

148 2385 252 2419 Πέτρου
281 2383 426 2419 ἐρώτησις,
446 2391 455 2408 ι
480 2381 543 2408 Ἐὰν
567 2382 614 2407 νῦν
630 2383 659 2407 ὲν
672 2381 711 2416 τῷ
734 2381 841 2417 οὒρανῷ
860 2383 930 2408 εἰσιν

147 2431 175 2456 αἱ
199 2428 282 2464 ψυχαὶ
301 2428 354 2454 τῶν
368 2427 491 2460 δικαίων,
517 2427 543 2453 τι
559 2427 632 2453 ἐστιν
652 2427 721 2462 ὅπερ
736 2427 764 2452 ἐν
780 2427 813 2462 τῇ
839 2427 931 2462 ἡμέρᾳ

148 2476 195 2509 τῆς
213 2476 328 2509 κρίσεως
339 2474 483 2509 μέλλουσιν
498 2472 645 2500 ἀπολαϐεῖν
656 2480 681 2507 ;ι
700 2473 851 2508 Γρηγορίου
865 2472 933 2499 ἀπό-

150 2528 250 2555 κρισις.
266 2520 364 2546 «Tauro
378 2520 471 2552 αὐτοῖς
480 2521 508 2546 ὲν
522 2521 555 2554 τῇ
569 2520 659 2555 κρίσει
674 2519 832 2553 θαυμασίως
845 2518 932 2553 ὑπάρ-

151 2565 190 2597 ξει
205 2573 211 2579 ·
230 2565 277 2591 νῦν
298 2566 352 2600 γὰρ
369 2565 422 2592 τῶν
437 2565 532 2601 ψυχῶν
559 2565 659 2604 μόνοιν,
677 2565 737 2591 τότε
759 2564 787 2591 δὲ
812 2565 859 2591 καὶ
878 2564 932 2590 τῶν

151 2610 286 2644 σωμάτων
300 2609 349 2642 τὴν
373 2611 561 2646 μακαριότητα
581 2611 779 2645 ἀπολήψονται.
799 2610 880 2636 ’Ὥστε
903 2611 932 2636 ὲν

149 2655 216 2689 αὐτῇ
233 2657 265 2689 τῇ
285 2655 366 2689 σαρκὶ¹
389 2655 486 2687 αὐτοὺς
505 2655 734 2691 ἁγαλλιασθῆναι,
751 2655 780 2682 ὲν
834 2655 932 2686 πόνους

151 2700 221 2734 ὑπὲρ
237 2699 356 2734 Χριστοῦ
373 2701 419 2727 καὶ
437 2701 569 2736 βασάνους
586 2702 747 2736 ὑπέμειναν.
764 2702 813 2727 Διὰ
828 2701 931 2735 ταύτην

151 2746 205 2779 γὰρ
218 2745 266 2780 τὴν
281 2744 376 2779 διπλῆν
390 2746 478 2772 αὐτῶν
500 2747 589 2780 δόξαν,
606 2749 634 2774 ἐν
648 2749 681 2783 τῇ
702 2749 737 2782 γῇ
754 2747 824 2781 ὑπὲρ
841 2747 932 2775 αὐτῶν

151 2792 323 2825 γέγραπταιο
350 2791 513 2818 Διπλασίονα
540 2793 750 2828 νεμηθήσονται.
776 2793 829 2819 Καὶ
853 2791 932 2820 τοῦτο

207 2877 230 2894 ⁸⁷
243 2877 295 2906 lsa.
313 2885 368 2912 LXI,
384 2879 409 2906 7.

982 2286 1053 2313 libro
1066 2284 1239 2319 Dialogorum
1260 2282 1355 2311 scribit
1371 2282 1421 2310 lib.
1436 2290 1474 2315 tv,
1487 2289 1548 2316 cap.
1563 2281 1599 2308 25
1612 2289 1619 2307 :
1638 2280 1710 2308 Petri
1723 2281 1765 2308 in-

983 2330 1129 2365 terrogatio
1145 2338 1152 2356 :
1168 2338 1177 2355 ι
1195 2328 1224 2356 Si
1240 2328 1321 2363 igitur
1337 2335 1408 2355 nunc
1435 2332 1499 2355 sunt
1525 2327 1553 2354 in
1577 2327 1647 2354 caelo
1664 2326 1764 2353 anima:

980 2375 1129 2410 iustorum,
1143 2375 1208 2410 quid
1226 2379 1267 2402 est
1284 2374 1356 2409 quod
1376 2374 1403 2400 in
1421 2373 1464 2400 die
1479 2371 1574 2407 iudicii
1592 2379 1640 2406 pro
1652 2372 1766 2405 iustitia:

982 2429 1038 2450 suae
1062 2422 1242 2449 retributione
1259 2420 1408 2455 recipienti
1428 2428 1437 2445 ι
1455 2418 1580 2453 Gregorii
1595 2418 1737 2453 responsio
1753 2425 1764 2446 '.

985 2477 994 2494 ι
1012 2467 1070 2495 Hoc
1082 2467 1122 2495 eis
1138 2467 1267 2494 nimirum
1292 2467 1392 2494 crescit
1414 2466 1441 2492 in
1462 2465 1577 2499 judicio,
1595 2464 1667 2500 quod
1692 2471 1766 2491 nunc

981 2513 1133 2541 animarqu
1165 2511 1371 2542 tantummodo,
1397 2511 1570 2545 postmodum
1594 2517 1658 2537 vero
1682 2510 1764 2537 etiam

982 2566 1125 2594 carporum
1143 2558 1309 2586 beatitudine
1322 2557 1506 2592 perfruentur,
1524 2560 1552 2583 ut
1575 2556 1603 2583 in
1627 2556 1684 2591 ipsa
1696 2563 1766 2591 quo-

981 2613 1036 2641 que
1059 2612 1142 2632 carne
1165 2603 1303 2638 gaudeant
1325 2604 1352 2630 iu
1375 2611 1429 2638 qua
1454 2603 1564 2630 dolores
1580 2610 1629 2637 pro
1646 2602 1765 2629 Domino

981 2651 1175 2684 cruciatusque
1191 2649 1368 2684 pertulerunt.
1395 2658 1405 2674 ι
1427 2648 1480 2676 Pro
1497 2648 1549 2675 hac
1561 2642 1665 2683 quippe
1682 2647 1767 2682 genti-

981 2703 1044 2725 nata
1058 2703 1152 2724 eorum
1165 2695 1251 2730 gloria
1268 2694 1400 2729 scriptum
1418 2700 1459 2722 est
1474 2703 1482 2722 :
1498 2702 1507 2720 ι
1523 2693 1552 2720 In
1566 2698 1637 2720 terra
1653 2700 1702 2720 sua
1715 2692 1767 2719 du-

982 2743 1062 2779 plicia
1079 2742 1260 2778 possidebunt
1275 2740 1309 2768 ⁵⁷.
1333 2750 1343 2767 ›
1364 2741 1433 2768 lliuc
1454 2740 1536 2768 etiam
1559 2743 1622 2767 ante
1641 2745 1765 2766 resurre-

982 2791 1084 2820 ctionis
1101 2790 1174 2819 diem
1189 2789 1224 2818 de
1239 2794 1397 2817 sanctorum
1412 2788 1555 2816 animabus
1563 2788 1691 2820 scriptum
1703 2789 1762 2812 est:
1812 2786 1818 2789 ‘
