1951 3075
183 175 252 211 1‘28?

774 170 863 202 ‘IOSE
869 171 935 201 PHl
956 171 983 200 M
990 170 1231 200 ETHONENSIS

1741 169 1818 200 13.83

184 236 306 264 omnium
323 232 460 268 principii,
478 231 546 258 [acie
572 230 605 257 ad
625 228 732 262 faciem,
750 229 965 263 sapientissime,

1025 229 1149 263 δύρανοὺς
1165 228 1194 253 ὲν
1208 227 1279 262 χειρὶ
1294 225 1372 254 Θεοῦ.
1392 235 1402 253 ι
1418 226 1472 253 Kal
1485 226 1576 259 πάλιν,
1592 227 1638 253 ιΟῐ
1652 226 1734 261 ἱερεῖς
1747 235 1817 259 σου,

184 282 232 316 qui
245 285 273 308 et
287 279 438 315 splendoris
467 281 494 304 et
507 276 621 304 visionis
633 276 731 303 divina‘
744 276 843 310 dignus
855 275 966 302 ell‘ectns

185 336 226 355 es.
247 337 256 353 ι
277 327 307 353 lit
330 331 450 352 rursus:
470 333 478 348 1
496 322 564 350 Cum
590 322 693 356 angelis
717 321 861 355 tripudias,
891 320 967 346 beate

184 372 332 401 Ouesime.
360 370 484 404 martyrii
510 376 610 396 corona
635 372 795 398 exornatus,
825 365 966 399 refulgenti

185 418 284 445 throno
305 415 453 443 Salvatoris
473 415 590 442 assistis.
607 423 616 439 ι
632 414 664 441 Ει
676 413 739 440 alibi
755 422 762 440 :
778 422 786 438 1
805 413 965 439 Sanctorum

183 465 295 492 ordines
313 471 374 490 eum
397 462 442 497 qui
465 463 536 489 inter
559 461 672 496 angelos
697 459 844 494 requiescit
869 465 965 492 magna

184 519 250 538 voce
275 511 425 540 laudantes,
442 507 543 534 divinis
564 514 635 533 nunc
649 505 778 532 fruuntur
804 504 921 534 deliciis,
940 507 967 530 et

183 557 309 583 halantes
333 554 490 588 tripudiant,
517 562 526 578 ι
552 551 583 578 Et
603 551 630 578 in
647 551 723 577 alio:
742 559 751 575 1
771 549 968 582 Superinlelle-

184 601 267 628 ctuali
285 600 428 634 splendore
453 598 604 626 exsaturati
616 596 715 629 sancti,
731 601 757 622 et
772 595 861 622 divina
874 594 967 621 laetitia

184 645 324 680 splendide
339 643 444 678 repleti,
460 643 497 670 dii
514 642 660 674 vocamini,
679 646 708 668 ut
720 641 744 668 ei
758 640 873 675 proximi
896 640 967 666 inter

185 693 292 719 divinos
315 691 472 725 splendores
494 693 645 718 versantes.
664 692 691 714 et
711 687 802 722 gloria:
818 685 966 719 ineﬂabilis

184 738 266 765 radiis
284 736 422 763 illustrati.
455 745 465 761 ι
494 735 528 761 Ει
544 741 665 762 rursus:
685 742 695 758 ι
719 733 812 760 Sacris
842 732 966 759 melodiis

184 784 366 814 celebrentur,
382 781 461 816 quasi
481 781 602 808 ccelestis
618 779 739 807 heredes
764 779 857 813 regni,
885 777 965 812 quasi

185 830 280 857 incolae
295 829 440 863 paradisi.)
460 827 493 853 Et
508 827 571 854 alibi
589 835 596 859 ;
615 826 760 853 1Concives
777 824 964 858 angelorum.)

186 875 219 902 Et
244 882 343 902 rursus
363 883 370 901 :
394 883 402 899 1
428 873 575 908 Sanguinis
601 872 639 899 tui
667 871 778 906 pretiosi
805 869 967 897 intinctione

1019 273 1132 307 Χριστὲ,
1160 272 1334 306 δικαιοσύνην
1360 271 1542 305 ἐνδεδυμένοι,
1564 272 1648 302 ὁσίοις
1681 273 1737 303 τοῖς
1763 272 1818 298 ἀπ’

1017 321 1116 350 αίῶνος
1136 319 1307 354 ἀγάλλονται,
1327 319 1375 346 σοῦ
1392 320 1420 346 τὸ
1433 320 1539 350 ’κάλλος
1554 320 1672 354 ὁρῶντες
1685 321 1715 346 τὸ
1736 320 1816 346 Οεῖον

1016 366 1195 402 τρανώτερον.
1216 376 1224 392 ι
1243 367 1296 393 Kal
1324 368 1353 393 ἐν
1368 366 1468 398 ἄλλοις,
1492 376 1500 392 1
1520 367 1578 393 Νῦν
1601 367 1651 393 οὐκ
1667 368 1695 393 ὲν
1720 367 1817 400 α’νίγ-

1020 421 1096 447 ματι,
1117 413 1219 448 Πάτερ,
1233 413 1284 439 οὐκ
1300 413 1328 438 ἐν
1351 413 1477 448 ἐσόπτρῳ
1494 413 1671 444 κατοπτεύεις
1695 414 1741 439 τὸν
1759 414 1816 448 τῆς

1003 458 1146 493 “θεαρχίας
1175 458 1316 493 φωτισμόν
1331 467 1338 474 ·
1359 458 1427 492 πρὸς
1453 459 1597 493 πρόσωπον
1616 459 1654 492 δὲ,
1674 460 1814 494 πάνσοφε,

1018 505 1165 539 πρόσωπον
1180 513 1186 520 ·
1216 504 1265 536 τῆς
1283 504 1353 538 ὑπὲρ
1380 504 1441 531 νοῦν
1459 505 1653 540 λαμπρότητος
1672 506 1718 531 καὶ
1749 506 1816 532 θεο-

1017 551 1100 582 πτίας
1126 551 1294 584 ἀξιούμενος.
1325 561 1334 576 ι
1361 551 1414 577 Kal
1443 551 1534 582 πάλιν,
1565 561 1574 576 1
1603 552 1655 578 Σὺν
1679 552 1814 585 ἀγγέλοις

1017 597 1152 632 χορεύεις,
1173 598 1266 632 μάκαρ
1287 598 1428 633 Ὀνήσιμε,
1447 598 1597 632 μαρτυρίου
1623 598 1746 633 στεφάνῳ
1763 607 1815 625 κα-

1018 643 1250 678 τακοσμούμενος,
1265 644 1352 678 θρόνῳ
1367 644 1405 678 τῷ
1429 645 1535 678 φαιδρῷ
1551 643 1596 670 τοῦ
1615 644 1742 679 Σωτῆρος
1757 653 1816 671 πα-

1020 689 1154 722 ρίστασαι.
1171 698 1180 714 ι
1200 689 1255 716 Kal
1272 688 1399 723 ἀλλαχοῦ.
1421 699 1430 715 1
1456 689 1553 722 Ἀγίων
1575 690 1702 724 τάγματα
1720 690 1765 716 τδν
1785 692 1817 716 ὲν

1019 734 1108 767 ἁγίοις
1133 734 1341 770 ἀναπαυόμενον
1370 735 1511 769 ἀσιγήτως
1533 735 1683 769 ὑμνοῦντα,
1703 737 1815 769 τρυφῆς

1018 779 1109 806 ἐνθέου
1127 779 1175 806 νῦν
1189 779 1370 810 ἀπολαύουσι,
1387 781 1435 807 καὶ
1457 781 1605 814 γεγηθότες
1621 781 1774 815 χορεύουσι.
1801 790 1812 806 ι

1018 826 1073 852 Kal
1091 827 1119 853 ὲν
1140 826 1224 860 ἄλλῳ,
1242 835 1251 851 1
1270 826 1326 861 Τῆς
1343 827 1411 861 ὑπὲρ
1423 826 1484 853 νοῦν
1499 827 1704 862 λαμπρότητος,
1723 827 1815 860 ἐμφο-

1021 871 1149 906 ρούμενοι
1163 871 1247 905 ἅγιοι,
1263 872 1336 903 θείας
1351 873 1522 907 εὐφροσύνης
1536 881 1566 899 τε
1588 873 1724 908 λαμπρῶς
1738 873 1812 906 πλη-

186 926 300 956 martyr,
316 927 462 954 purpuram
484 920 530 946 tibi
553 918 698 954 pretiosam
716 917 894 951 comparasti,
908 924 965 953 qua

1025 904 1163 952 ρούμενοι,
1178 904 1234 945 θεολ.
1245 904 1431 954 χρηματίζετε
1443 920 1475 954 τῇ
1491 904 1559 954 πρὸς
1571 904 1652 946 αὐτον
1667 904 1812 955 έγγύτητί,

185 966 298 994 indutus
316 965 454 992 ctelestem
479 964 579 999 regiam
605 972 668 991 vere
695 963 833 990 inltabitas
852 961 907 989 Deo
923 969 970 988 su-

186 1021 280 1048 premo
310 1012 365 1047 regi
389 1012 534 1045 assistens.
565 1020 574 1036 »
601 1010 736 1037 Assistere
758 1015 821 1036 vero
843 1015 971 1042 supremo

186 1060 254 1093 regi,
267 1059 330 1093 quid
344 1058 416 1085 aliud
430 1065 476 1092 per
491 1057 575 1084 Deum
592 1056 741 1091 signiﬁcat,
755 1055 807 1082 nisi
824 1055 897 1090 quod
912 1062 973 1081 san-

184 1107 221 1134 cti
246 1110 381 1140 quatenus
397 1105 496 1132 animat
521 1103 689 1130 beatitudine
715 1101 915 1137 perfruuntur?
940 1101 970 1128 In

186 1152 248 1179 aliis
269 1159 333 1178 vero
351 1160 358 1178 :
389 1159 399 1176 1
422 1150 550 1176 Patribus
572 1149 704 1183 hymnum
729 1147 876 1175 oﬂeremns
890 1169 897 1180 ,
925 1146 971 1181 qui

185 1204 249 1225 ante
262 1197 349 1231 legem
370 1201 397 1223 et
411 1195 438 1223 in
457 1195 515 1229 lege
531 1194 708 1226 refulserunt,
720 1199 746 1221 ct
758 1194 804 1229 qui
818 1202 849 1220 ex
863 1193 973 1225 Virgine

187 1245 276 1278 genito
288 1243 402 1271 Domino
417 1246 444 1269 et
461 1243 525 1269 hero
543 1246 616 1268 recta
632 1245 722 1268 mente
738 1240 931 1271 inserviernnt.
945 1243 972 1266 et

187 1289 402 1317 inacccssibilem
421 1288 509 1315 lucem
527 1288 597 1315 hanc
612 1287 701 1321 adepti
715 1291 804 1314 sunt»
819 1286 850 1312 Et
866 1286 892 1312 in
905 1285 970 1313 alio:

190 1345 200 1362 1
216 1336 305 1367 Nunc,
332 1343 348 1362 ο
375 1335 462 1365 beate,
488 1333 624 1360 intcrcede
650 1333 720 1367 apud
744 1333 827 1359 Deum
853 1340 903 1367 pro
927 1338 973 1359 tuo

188 1389 278 1416 grege.
296 1390 305 1406 ι
323 1380 356 1408 Et
370 1387 466 1406 rursus
482 1388 489 1406 :
508 1388 517 1405 1
537 1379 656 1406 Caeleste
675 1386 786 1413 regnum
804 1377 972 1413 concupisti,

188 1436 243 1462 quo
263 1434 345 1460 nunc,
366 1426 533 1457 beatissime,
553 1433 616 1452 vere
643 1425 752 1452 frueris.
773 1434 782 1450 ι
801 1424 834 1451 Et.
850 1424 877 1451 in
896 1425 948 1452 alio
965 1433 972 1451 :

191 1483 200 1499 1
221 1472 311 1508 Super
335 1479 447 1499 omnem
466 1471 594 1499 virtutem
614 1471 738 1505 positus.
760 1476 836 1505 pater
852 1471 951 1497 Antoni
965 1491 973 1502 ,

188 1527 248 1547 cum
267 1517 369 1552 angelis
385 1517 502 1544 versaris
516 1517 543 1544 in
566 1525 650 1551 regno
666 1517 808 1544 caelorum.
829 1526 838 1542 ι
864 1517 893 1544 Et
910 1523 974 1544 rur-

189 1573 238 1592 sus
254 1573 260 1590 :
278 1573 288 1590 1
305 1563 349 1590 Dei
365 1570 455 1597 praeco
469 1563 611 1594 Athanasi,
629 1563 676 1597 qui
693 1556 812 1597 pericula
823 1567 856 1590 ‘et
873 1571 971 1598 perpe-

191 1617 252 1637 tuas
264 1609 432 1637 tentationes
447 1608 614 1640 sustinuisti,
630 1616 703 1636 nunc
717 1609 877 1636 deliciarum
894 1616 974 1643 para-

189 1657 241 1685 disi
257 1655 354 1689 dignus
375 1662 404 1682 es
421 1656 517 1687 iactus,
534 1655 641 1682 divinas
658 1655 814 1682 mansiones
839 1662 974 1682 consecu-

190 1708 244 1734 tus.
264 1703 477 1737 incorruptibilis
498 1702 559 1729 \‘ilu:
574 1702 646 1734 ligno
674 1702 854 1735 propinquus,
883 1705 912 1727 ut
927 1701 972 1735 ju—

190 1749 270 1776 stitize
294 1750 388 1781 victor,
416 1756 515 1777 corona
539 1752 566 1775 et
584 1748 736 1775 diademate
760 1748 881 1774 calcatis
898 1747 972 1781 regni

190 1799 346 1827 exornatus,
360 1795 458 1822 decore
468 1795 634 1829 conspicuus
648 1798 674 1820 et
687 1792 773 1820 forma
787 1794 971 1827 praeellens.»

193 1841 225 1868 Et
249 1848 343 1867 rursus
355 1849 366 1875 _:
386 1849 395 1865 1
417 1838 642 1874 Splendidissiuio
660 1844 686 1865 et
714 1838 915 1871 fulgentissinto
933 1838 975 1864 lu-

191 1887 264 1913 mine
281 1886 396 1913 lucidius
411 1894 483 1912 nunc
501 1885 679 1912 illustratus.)
698 1885 732 1912 Et
748 1893 844 1911 rursus
861 1893 869 1912 :
891 1893 899 1910 1
915 1884 973 1911 Non

191 1934 217 1960 in
238 1933 381 1967 zenigmate
402 1933 528 1966 gloriam.
551 1938 661 1965 quama
690 1938 774 1965 puero
803 1929 953 1964 concupisti
967 1948 975 1961 ,

192 1979 278 2011 vides,
293 1978 369 2005 beate
386 1978 511 2013 Eutychi.
530 1977 585 2004 imo
602 1977 668 2004 facie
680 1976 713 2003 ad
727 1976 821 2004 faciem
840 1983 913 2003 nunc
928 1984 976 2003 so-

192 2024 257 2052 lutis
280 2025 372 2052 carnis
398 2024 525 2058 speculis,
543 2028 619 2058 pater
643 2023 756 2050 noster?
780 2033 789 2049 ι
809 2023 842 2050 Ει
856 2029 974 2050 rursus:

194 2079 204 2096 1
224 2070 262 2097 Ex
276 2070 430 2097 ttiﬂlcilibus
442 2070 574 2104 angustiis
590 2074 617 2096 et
632 2069 807 2103 corruptione
819 2068 845 2095 in
857 2068 975 2103 amplam

197 2116 382 2151 etjucundam
399 2116 518 2150 paradisi
545 2116 714 2142 latitudinem
740 2115 897 2149 pervenisti,
913 2122 976 2141 san-

193 2166 299 2190 ctorum
324 2163 433 2189 visurus
460 2161 629 2196 splendidam
649 2162 735 2188 lucem
762 2165 789 2187 et
816 2161 975 2196 angelorum

192 2209 306 2236 choreas
323 2209 378 2236 Deo
393 2208 560 2238 assistentes,
572 2212 599 2234 et
612 2208 780 2234 incessanter
796 2207 973 2234 clamantes.»

1022 965 1082 996 ταῖς
1096 964 1271 999 θεουργικαῖς
1298 967 1495 999 μαρμαρυγαῖς
1509 966 1678 1000 ὁμιλοῦντες,
1704 968 1751 992 καὶ
1767 967 1815 993 εό-

1022 1008 1070 1042 ξης
1094 1010 1143 1043 τῆς
1164 1010 1305 1042 ἀφράστου
1334 1011 1515 1044 φωτισθέντες
1538 1012 1639 1039 ἀκτῖσι.
1659 1022 1668 1038 ι
1690 1013 1743 1040 Καὶ
1761 1013 1816 1039 πά-

1022 1055 1074 1087 λιν,
1095 1064 1105 1080 1
1122 1055 1357 1090 Εὐφημείσθωσαν
1376 1056 1463 1090 ἱεραῖς
1477 1057 1631 1092 μελῳδίαις,
1641 1057 1678 1090 ὥς
1692 1058 1741 1092 τῆς
1755 1059 1815 1085 ἂνω

1023 1100 1162 1135 βασιλείας
1186 1102 1360 1136 κληρονόμοι,
1376 1103 1421 1134 ὥς
1436 1104 1602 1138 παραδείσου
1625 1105 1778 1140 οἰκήτορες.
1802 1115 1812 1132 ι

1023 1147 1077 1173 Καὶ
1092 1147 1220 1181 ἀλλαχοῦ,
1238 1156 1248 1173 ί
1264 1148 1432 1182 Συμπολῖται
1445 1148 1499 1175 τῶν
1515 1150 1648 1183 ἀγγέλων.
1670 1160 1679 1176 ι
1693 1152 1748 1177 Kal
1761 1152 1816 1177 πά-

1023 1192 1076 1224 λιν,
1097 1189 1252 1226 (Λίμάτων
1274 1194 1374 1227 τιμίων
1398 1203 1445 1221 σου
1469 1195 1577 1230 βαφαῖς,
1599 1195 1705 1230 μάρτυς
1731 1206 1815 1223 κατε-

1024 1238 1161 1269 σκεύασας
1176 1238 1267 1273 σαυτῷ
1283 1240 1427 1274 πορφύραν
1451 1240 1598 1274 πολύτιμον
1615 1249 1623 1258 ·
1640 1241 1673 1272 ἦν
1689 1243 1814 1268 motui-

1026 1292 1116 1318 μενος,
1142 1286 1281 1316 κατοικεῖς
1308 1285 1343 1312 τά
1365 1285 1421 1312 ἄνω
1448 1286 1559 1321 ἀληθῶς
1592 1286 1727 1322 βασίλεια,
1752 1287 1814 1322 Θεῷ

1024 1329 1192 1363 παμϐασιλεῖ
1210 1331 1424 1365 παριστάμενος.
1445 1340 1454 1357 ι
1472 1330 1508 1358 Τὸ
1528 1332 1556 1357 δὲ
1575 1332 1758 1367 παρίστασθαι
1773 1333 1814 1367 τῷ

1025 1375 1195 1409 παμὸασιλεῖ
1219 1375 1288 1410 Θεῷ,
1319 1377 1365 1402 καὶ
1391 1378 1529 1403 κατοικεῖν
1554 1377 1587 1404 τὰ
1610 1378 1667 1404 ἀνω
1690 1377 1813 1412 βασίλεια

1025 1421 1144 1457 ἀληθῶς,
1166 1422 1192 1448 τί
1212 1421 1277 1449 ἄλλο
1294 1423 1361 1457 πρὸς
1386 1423 1453 1449 Θεοῦ
1476 1424 1614 1459 σημαίνει,
1639 1425 1654 1460 ἢ
1685 1425 1725 1451 ὅτι
1745 1426 1814 1452 ἀπο-

1024 1466 1192 1499 λαμῦάνουσι
1209 1468 1277 1495 καθὸ
1291 1468 1375 1504 ψυχαὶ
1391 1469 1438 1495 νῦν
1454 1470 1478 1496 οἱ
1500 1469 1571 1502 ἅγιοι
1586 1491 1593 1503 ,
1611 1471 1654 1496 'Ev
1669 1471 1758 1502 ἄλλοις
1773 1471 1813 1504 δὲ,

1028 1522 1038 1538 ‹
1058 1514 1196 1548 Πατράσιν
1216 1514 1304 1550 ’ὕμνον
1330 1516 1522 1551 προσοίσομεν,
1542 1519 1593 1550 πρδ
1615 1518 1699 1550 νόμου
1723 1519 1769 1544 καὶ
1784 1520 1814 1544 ἐν

1026 1559 1101 1594 νόμῳ
1116 1560 1274 1595 ἔκλάμψασι
1288 1570 1295 1578 ·
1311 1563 1356 1588 καὶ
1371 1563 1417 1588 τδν
1432 1563 1464 1590 ὲκ
1488 1563 1628 1598 Παρθένου
1646 1565 1748 1599 Κύριον
1766 1565 1815 1590 καὶ

1027 1607 1167 1642 Δεσπότην
1182 1608 1279 1644 γνώμῃ
1295 1608 1388 1644 εὐθείᾳ
1403 1609 1629 1644 τεθεραπευκόσι,
1649 1611 1695 1637 καὶ
1715 1610 1814 1638 ἀδύτου

1026 1653 1168 1687 φωτισμοῦ
1191 1653 1240 1680 νῦν
1265 1655 1444 1682 ἀπολαύουσι.
1466 1665 1474 1682 ι
1495 1656 1550 1682 Kal
1566 1658 1594 1682 ὲν
1621 1657 1703 1692 ἄλλῳ,
1725 1666 1736 1683 ‹
1756 1657 1814 1684 Νῦν

1024 1698 1053 1725 δὲ
1070 1699 1249 1732 παρίστασαι,
1273 1701 1376 1735 μάκαρ,
1403 1701 1527 1736 πρέσϐυς
1548 1702 1586 1737 τῷ
1606 1703 1664 1737 Θεῷ
1682 1704 1752 1739 ὑπὲρ
1765 1704 1814 1738 τῆς

1027 1746 1146 1780 ποίμνης
1160 1755 1217 1773 σου.
1239 1757 1248 1773 ι
1268 1748 1323 1773 Kal
1341 1748 1430 1778 πάλιν,
1451 1757 1459 1773 1
1484 1748 1676 1785 Ἐπεπόθησας
1694 1751 1743 1785 τῆς
1758 1751 1815 1778 ἄνω

1027 1791 1177 1826 βασιλείας,
1187 1789 1220 1828 ἧς
1235 1793 1282 1820 νῦν
1296 1793 1442 1826 ἀπολαύεις
1457 1795 1576 1830 ἀληθῶς,
1589 1797 1812 1832 μακαριώτατε.»

1026 1839 1082 1865 Καὶ
1106 1840 1136 1865 ἑν
1151 1839 1233 1873 ἄλλῳ,
1252 1848 1262 1864 1
1286 1840 1429 1875 ’Υπεράνω
1452 1841 1542 1876 πάσης
1555 1843 1655 1876 ἀρετῆς
1679 1844 1815 1877 γεγονὼς,

1026 1885 1119 1920 Πάτερ
1140 1886 1276 1919 Ἀντώνιε,
1296 1887 1442 1923 συναυλίζῃ
1458 1889 1584 1922 ἀγγέλοις
1599 1890 1627 1915 ἐν
1641 1891 1673 1923 τῇ
1689 1890 1815 1926 βασιλείᾳ

1026 1930 1081 1957 τῶν
1097 1932 1230 1966 οὐρανῶν.
1250 1942 1259 1958 ι
1277 1934 1332 1960 Kal
1355 1934 1447 1966 πάλιν,
1469 1944 1477 1960 1
1495 1935 1636 1970 Θεοκήρυξ
1658 1936 1813 1969 Ἀθανάσιε,

1027 1976 1166 2008 κινδύνους
1184 1977 1336 2011 ὑπομείνας
1352 1979 1400 2004 καὶ
1418 1980 1539 2013 συνεχεῖς
1553 1982 1735 2015 πειρασμοὺς,
1750 1991 1815 2017 τρυ-

1027 2023 1080 2057 φῆς
1096 2022 1143 2049 τοῦ
1168 2024 1332 2058 παραδείσου
1350 2024 1398 2050 νῦν
1423 2025 1550 2060 ὴξιώθης,
1570 2027 1643 2053 ἔνδον
1669 2029 1815 2062 γενῆμενος

1026 2068 1082 2094 τῶν
1107 2068 1186 2095 θείων
1211 2070 1318 2103 μονῶν·
1344 2070 1416 2106 ξύλῳ
1447 2072 1641 2105 προσπελάσας
1667 2073 1739 2107 ζωῆς
1767 2075 1815 2107 τῆς

1027 2113 1186 2148 ἀκηράτου·
1216 2114 1390 2149 δικαιοσύνης
1419 2115 1456 2146 ὡς
1486 2117 1620 2152 νικητής·
1651 2118 1743 2151 στέφει
1769 2127 1814 2144 κο-

1029 2159 1194 2193 σμούμενος,
1207 2160 1254 2186 καὶ
1265 2160 1412 2196 διαδήματι
1435 2161 1485 2196 τῆς
1496 2162 1552 2189 ἀνω
1564 2162 1704 2195 βασιλείας
1713 2172 1720 2178 ·
1733 2164 1815 2199 ὡραῖ-

1028 2207 1151 2242 ζόμενος,
1169 2207 1216 2233 καὶ
1230 2207 1324 2234 κάλλει
1340 2207 1530 2243 διαπρέπων.»
1548 2209 1602 2235 Kal
1610 2209 1705 2242 πάλιν,
1721 2219 1731 2236 1
1746 2211 1816 2237 Φωτὶ

194 2254 226 2280 Et
246 2254 333 2281 alibi:
352 2262 361 2278 1
384 2252 468 2279 Terra
493 2253 604 2286 quidem
627 2260 701 2279 nunc
724 2253 832 2287 operuit
860 2259 972 2286 corpora

1030 2252 1067 2288 τῷ
1094 2253 1226 2288 τρισηλίῳ
1253 2253 1301 2280 καὶ
1328 2255 1494 2288 τριφεγγεῖ’
1519 2255 1738 2290 τηλαυγέστερον
1768 2257 1815 2283 νῦν

192 2304 297 2331 vestra,
315 2299 414 2326 ccelum
435 2306 508 2330 vero,
519 2306 535 2325 o
551 2298 650 2329 sancti,
665 2298 776 2332 spiritus
788 2305 897 2332 semper
909 2297 972 2330 fert,

194 2346 291 2372 thr0no
304 2345 395 2379 gloria!
417 2344 567 2372 assidentes
580 2349 607 2370 et
623 2351 685 2371 ctnn
709 2343 814 2378 angelis
837 2344 977 2371 exsultan-

193 2394 245 2416 tes.
265 2398 274 2415 ι
290 2388 323 2415 Ει
337 2388 401 2416 alibi
419 2397 426 2415 :
444 2397 453 2414 1
468 2388 545 2415 Nunc
556 2388 640 2416 caelos
656 2388 752 2415 incolis
767 2394 916 2424 martyrum
933 2389 977 2423 pie

195 2440 351 2462 sanctorum
380 2439 407 2461 et
428 2435 576 2469 juStorum.
600 2443 610 2460 ι
626 2433 660 2461 Et
677 2434 703 2461 in
724 2434 800 2462 alio:
819 2444 827 2460 1
849 2434 976 2469 Princeps

193 2488 334 2506 sacrorum
352 2479 466 2507 Eumeni
481 2500 489 2511 ,
512 2480 560 2515 qui
582 2479 734 2506 libertatem
751 2480 798 2506 tibi
813 2480 885 2515 apud
902 2480 981 2507 Chri-

194 2529 268 2552 stum
285 2526 462 2559 comparasti,
477 2525 553 2560 juxta
579 2526 658 2560 cujus
674 2525 813 2558 thronum,
828 2530 932 2556 sancte,
948 2525 976 2552 in

194 2571 278 2605 gloria
297 2572 401 2598 assistis
416 2580 488 2599 nttnc
505 2579 567 2599 cum
585 2572 688 2606 angelis
704 2573 816 2600 sanctis.
840 2581 849 2598 ι
870 2572 902 2598 Et
920 2580 980 2599 rur-

194 2625 241 2644 sus
259 2626 265 2644 :
282 2616 339 2643 1Ad
352 2616 529 2651 tranquillutn
547 2623 653 2652 portum
667 2617 794 2652 appulisti
808 2624 822 2643 ο
839 2617 978 2644 laboribus

196 2663 383 2699 requiescens,
408 2667 434 2689 et.
453 2669 600 2690 caronatus
626 2664 757 2698 tripudias
785 2663 812 2690 in
839 2663 978 2698 paradiso,

196 2718 249 2738 una
263 2717 325 2737 cum
340 2709 441 2737 Christi
459 2703 634 2744 martyribus.
647 2709 741 2738 Niceta
759 2711 860 2743 divine,
878 2711 977 2738 merito

195 2762 222 2784 te
234 2757 428 2792 gloriﬁcamus.
448 2766 457 2782 ι
475 2757 508 2783 Ει
523 2764 618 2785 rursus
634 2758 661 2784 in
679 2757 732 2785 alio
746 2766 753 2785 :
770 2757 836 2790 1Qui
853 2765 867 2783 a
883 2757 978 2784 dextra

196 2803 304 2830 assistis
317 2803 442 2831 T-rinitaLi
458 2808 483 2830 et
500 2803 655 2830 immediate
669 2803 812 2830 versaris.)
838 2802 870 2830 Et.
886 2803 912 2830 in
927 2803 978 2830 ode

196 2848 213 2876 9
238 2850 351 2876 canonis
376 2849 405 2876 S.
433 2848 547 2876 Joannis
573 2847 703 2883 Theologi
723 2857 731 2876 :
751 2857 759 2874 1
778 2849 853 2876 Nunc
874 2857 928 2876 non
950 2849 977 2876 in

195 2894 401 2928 :enigmate,sed
417 2894 484 2923 facie
499 2895 533 2922 ad
549 2895 646 2923 facient
661 2895 815 2923 deliciarum
829 2900 975 2924 torrentem

1030 2299 1246 2333 ὲλλαμπὸμενος.
1266 2308 1275 2325 ι
1301 2300 1357 2326 Καὶ
1379 2300 1423 2332 αὖ,
1446 2310 1455 2326 1
1475 2302 1532 2328 Οὐκ
1554 2302 1582 2327 ὲν
1600 2302 1742 2337 αἰνίγματι
1770 2304 1815 2328 νῦν

1031 2345 1150 2380 καθορᾷς
1165 2345 1242 2378 δόξαν
1252 2346 1287 2382 ἢν
1298 2347 1436 2382 ἐπόθησας
1448 2346 1516 2373 Θεοῦ
1530 2349 1561 2374 ἐκ
1576 2347 1704 2382 βρέφους,
1723 2348 1815 2383 μάκαρ

1031 2391 1148 2425 Εὑτύχιε
1158 2399 1165 2406 ·
1181 2392 1328 2426 πρόσωπον
1342 2392 1371 2419 δὲ
1386 2392 1486 2428 μᾶλλον
1498 2393 1556 2419 νυνὶ
1572 2393 1640 2428 πρὸς
1659 2393 1814 2427 πρόσωπον,

1027 2437 1163 2464 λυθέντων
1177 2438 1230 2465 τῶν
1243 2438 1384 2473 ἐσόπτρων
1398 2438 1447 2471 τῆς
1459 2438 1570 2473 σαρκὸς,
1586 2438 1681 2474 Πατὴρ
1696 2438 1785 2473 ἡμῶν.
1804 2449 1812 2465 ι

1031 2483 1087 2510 Kal
1107 2484 1188 2510 πάλιν
1212 2484 1240 2510 ὲν
1255 2483 1356 2516 ἄλλοις,
1371 2493 1380 2510 1
1391 2483 1439 2510 Ἐκ
1449 2484 1572 2518 ⁴χαλεπῆς
1588 2484 1756 2517 στενὼσεως,
1770 2483 1815 2511 καὶ

1031 2529 1146 2565 φθορᾶς,
1177 2529 1246 2564 πρὸς
1270 2529 1425 2564 εὐρύχωρον
1450 2530 1552 2561 πλάτος
1581 2530 1746 2565 παραδείσου
1770 2531 1815 2557 καὶ

1030 2576 1146 2611 τερπνὸν
1174 2576 1358 2611 χατήντησας,
1390 2576 1476 2610 ἁγίων
1502 2576 1634 2611 ὀψόμενος
1662 2576 1813 2609 φωτοειδεῖς

1030 2621 1236 2656 λαμπρότητας,
1265 2622 1375 2652 καὶτὰς
1402 2621 1457 2648 τῶν
1482 2622 1608 2656 ἀγγέλων
1638 2621 1813 2648 ἔποπτεύσων

1029 2667 1150 2702 χορείας,
1162 2666 1221 2701 Θεῷ
1237 2666 1441 2701 παρισταμένας
1458 2667 1504 2693 καὶ
1517 2667 1621 2701 βοώσας
1633 2666 1791 2698 ἀπαύστως.
1802 2676 1810 2692 ι

1031 2713 1087 2739 Kal
1112 2712 1241 2747 ἀλλαχοῦ,
1263 2722 1272 2738 ε
1295 2713 1328 2738 'H
1359 2713 1394 2747 γῆ
1415 2713 1463 2746 μὲν
1477 2713 1665 2748 κατεκάλυψεν
1691 2713 1768 2747 ὑμῶν
1780 2712 1814 2739 τὰ

1032 2758 1146 2792 σώματα
1163 2758 1232 2789 νυνὶ,
1259 2759 1272 2784 ό
1288 2758 1401 2793 οὐρανὸς
1417 2758 1457 2791 δὲ,
1484 2758 1568 2792 ἅγιοι,
1580 2759 1657 2794 φέρει
1673 2758 1706 2785 τὰ
1735 2758 1814 2784 πνεύ-

1033 2812 1108 2838 ματα
1132 2804 1185 2836 ἀεὶ,
1211 2804 1249 2839 τῷ
1265 2805 1351 2839 θρόνῳ
1378 2805 1541 2838 παρεστῶτα
1565 2805 1613 2839 τῆς
1638 2804 1728 2838 δόξης,
1757 2804 1812 2839 μετ’

1031 2850 1155 2884 ἀγγέλων
1163 2850 1344 2886 ἀγαλλόμενα.
1353 2860 1362 2876 ι
1377 2851 1430 2877 Καὶ
1441 2850 1570 2886 ἀλλαχοῦ,
1584 2860 1593 2876 1
1606 2851 1660 2877 Kal
1674 2851 1722 2877 νῦν
1733 2851 1813 2881 οἰκεῖς

1030 2897 1095 2929 τοὺς
1116 2897 1260 2931 οὐρανοὺς,
1285 2898 1434 2933 μαρτύρων
1450 2897 1508 2924 ὅσιε
1531 2897 1616 2931 ἁγίων
1643 2896 1762 2923 καὶτῶν
1776 2896 1808 2924 δι-
