1951 3075
179 110 249 143 1989
430 110 504 140 Πἰο
516 109 622 139 CONC.
648 108 834 140 FLORENT.
850 108 928 138 CAP.
949 107 995 138 iV.
1016 107 1063 137 DE
1081 99 1295 137 FR‘JITIONE
1312 103 1553 136 SANCTORL'M.
1738 104 1804 139 i290

169 171 265 198 καῖων.
289 178 298 194 t
329 169 383 195 Kal
409 169 436 195 ἐν
466 169 549 204 ἄλλῳ,
573 177 583 194 ι
613 167 772 203 Παρρησίαν
805 166 960 201 πλουτήσας

1016 165 1149 199 inspicere
1169 165 1283 191 meritus
1299 172 1328 191 es
1342 184 1348 194 ,
1364 165 1438 199 pacis
1457 165 1556 191 flumen
1578 170 1604 192 et
1623 164 1723 193 fontem
1747 167 1800 194 im-

169 217 238 251 πρδς
252 215 297 241 τὸν
311 215 442 250 Χριστὸν,
457 215 571 251 ῐεράρχα
585 214 710 248 Εὐμένιε,
725 210 755 240 οὗ
769 213 858 247 καὶτῷ
872 212 959 247 θρόνῳ

1016 211 1196 242 mortalitatis,
1215 219 1266 245 qua
1283 220 1356 238 nunc
1371 210 1501 246 irrigatus
1517 211 1659 239 divinitate
1674 212 1800 247 perfrue-

169 261 232 295 ἆγιε
248 262 276 288 ὲν
288 259 352 296 δόξῃ
368 260 415 287 νῦν
434 260 599 296 παρίστασαι
615 260 685 294 μετὰ
700 258 825 293 ἀγγέλων
837 258 933 291 ἁγίων.
947 267 956 283 ο

1016 257 1077 284 τίς.»
1100 257 1129 283 Et
1146 257 1260 291 Augusti
1277 264 1373 291 quarta
1388 268 1394 285 :
1419 268 1427 284 ‹
1448 257 1506 285 Non
1522 258 1638 293 amplius
1652 259 1679 286 iu
1695 259 1805 294 speculo

170 305 225 334 Kal
239 307 284 340 αὖ,
303 316 311 332 ι
331 307 430 342 Ὅρμῳ
454 306 564 341 γαληνῷ
582 305 808 342 προσωρμίσθης,
835 305 961 331 ἀναπαυ-

1016 302 1150 336 conspicis
1170 310 1306 329 summum
1324 304 1457 331 honorum
1470 323 1479 336 ,
1495 311 1511 330 ο
1529 309 1623 331 sancta
1640 309 1754 340 martyr,
1771 305 1803 331 ad

171 354 290 388 σάμενος
304 354 359 380 τῶν
383 354 483 385 πόνων,
500 353 547 379 καὶ
564 351 769 386 στεφανηφόρος
789 350 913 386 χορεύεις
931 350 960 376 ὲν

1016 349 1112 376 faciem
1126 349 1226 383 aspicis
1243 349 1352 382 iaciem,
1370 350 1423 384 iam
1440 349 1537 381 solutis
1552 358 1624 383 vere,
1640 359 1657 378 0
1669 351 1804 382 Eudocia’,

171 399 330 435 παραδείσῳ
347 399 417 435 μετὰ
432 398 581 434 μαρτύρων
593 397 724 433 Χριστοῦ,
740 397 849 432 Νικὴτα
864 396 961 422 θεσπέ-

1016 395 1192 431 imaginibus.
1212 405 1221 421 ι

170 454 222 479 σιε,
249 445 349 477 πάντες
375 446 458 479 ἀξίως
483 454 513 472 σε
542 444 703 478 δοξάζομεν.
724 453 732 469 ι
751 444 807 470 Kal
833 442 914 469 πάλιν
930 442 959 469 ὲν
980 441 1064 477 ἄλλῳ,
1084 451 1093 468 ι
1123 443 1306 478 Παραστάτης
1321 441 1407 477 δεξιδς
1442 443 1493 479 τῆς
1514 443 1594 477 ἁγίας
1615 445 1730 480 Τριάδος
1764 446 1806 472 ὲν-

169 488 312 528 ίτυγχάνων
325 493 447 527 ἁμέσως.
477 502 486 519 ι
505 493 559 519 Kal
574 493 603 519 ὲν
618 494 650 528 τῇ
672 492 755 527 ἐνάτῃ
779 491 838 526 ᾠδῇ
855 490 903 518 τοῦ
918 491 1029 524 κανόνος
1045 490 1092 518 τοῦ
1111 491 1189 525 ἁγίου
1213 492 1337 519 Ἰωάννου
1375 492 1420 519 τοῦ
1451 492 1584 527 Θεολόγου
1599 503 1606 509 ·
1641 503 1650 519 ι
1666 493 1724 534 Νύν
1755 494 1806 524 οὐκ

172 539 201 566 ὲν
227 539 377 574 αἰνίγματι,
404 538 472 574 πρὸς
503 539 647 574 πρόσωπον
667 538 695 565 δὲ
722 538 878 573 πρόσωπον,
906 538 955 574 τῆς
973 538 1080 573 τρυφῆς
1105 534 1150 576 τὸν
1165 537 1336 574 χειμάρρουν
1350 539 1416 574 ὁρᾷν
1440 539 1569 573 ἠξίωσαι,
1601 539 1649 566 καὶ
1675 540 1721 567 τὸν
1753 548 1806 568 πο.

172 583 259 622 ταμὸν
274 587 322 622 τῆς
338 586 461 622 εἰρήνης,
486 585 534 613 καὶ
548 585 598 621 τὴν
620 585 713 621 πηγὴν
731 585 782 621 τῆς
797 585 960 618 ἀθανασίας,
979 582 1013 620 ἦς
1030 583 1077 612 νῦν
1091 585 1284 620 ἀρδευόμενος,
1305 586 1453 617 ἀπολαύεις
1474 587 1523 626 τῆς
1555 587 1688 618 θεώσεως.
1707 596 1716 612 ι
1755 581 1809 615 Kal

171 635 319 669 Αὐγούστῳ
336 634 464 670 τετάρτῃ,
481 643 492 660 ι
507 635 565 662 οὐκ
580 634 620 660 ἔτι
637 634 704 670 ὁρᾷς
724 634 753 660 ὲν
770 633 895 669 ἐσόπτρῳ
911 633 1003 660 καλῶν
1017 633 1048 659 τὸ
1072 632 1239 668 ἀκρότατον,
1264 633 1336 666 ὁσία,
1373 634 1441 669 πρὸς
1476 634 1504 660 δὲ
1525 634 1672 669 πρόσωπον
1703 634 1808 669 μάρτυς

172 682 284 716 θεωρεῖς
301 681 458 716 πρόσωπον,
475 681 525 716 ήδη
544 680 680 707 λυθέντων
695 681 727 715 τῇ
745 680 870 715 ἀληθείᾳ,
890 679 1017 713 Εὑδοκία,
1034 679 1088 706 τῶν
1103 679 1260 714 ἐμφάσεων.
1279 690 1288 707 ι

215 730 282 756 Ἰδοὺ
302 729 363 764 μὲν,
378 728 416 760 ὡς
440 729 502 763 ἐμοὶ
515 730 597 761 δοκεῖ,
615 729 644 756 οὐ
667 726 858 764 φανερώτερον
887 726 962 762 εὖροι

172 785 214 808 τις
230 776 263 802 ἂν
273 775 328 802 τῶν
345 775 396 810 ’ήδη
419 776 486 810 ἡμῖν
501 775 665 811 εἰρημένων.
685 775 827 806 Τουτέστι,
853 774 962 808 πρόσω-

174 831 223 848 πον
239 823 306 856 πρὸς
321 821 466 857 πρόσωπον
478 829 485 837 ·
500 823 558 853 καὶ,
574 822 620 849 νῦν
644 820 810 848 ἀπολαύουσι
826 821 876 855 τῆς
898 820 962 848 Θεώ-

176 877 255 896 σεως.
276 868 330 894 Καὶ
356 868 386 894 ὲν
403 867 560 903 παραδείσῳ
576 868 635 895 νυνὶ
658 869 800 904 χορεύουσι
826 877 961 903 στεφανη-

175 914 263 949 φόροι.
290 913 345 941 Kal
369 914 417 941 νῦν
437 913 618 948 παρίστανται
648 914 687 949 τῷ
711 914 758 941 τοῦ
778 913 846 941 Θεοῦ
875 914 962 949 θρόνῳ

176 959 245 993 μετὰ
260 959 384 994 ἀγγέλων
402 959 498 993 ἁγίων.
515 960 548 986 Τί
565 959 630 987 ἄλλο
651 959 791 995 δυνάμεθα
817 960 928 991 ἐννοεῖν,
944 959 960 995 ἢ

173 1007 215 1032 ὅτι
232 1006 457 1040 ἀπολαμβάνουσι
467 1005 515 1032 νῦν
530 1005 599 1032 καθδ
610 1005 712 1040 ψυχαί;
724 1006 762 1038 ὼς
775 1005 958 1040 προεθέμεθαε

175 1054 223 1080 καὶ
238 1053 287 1088 ἠδη
314 1052 484 1088 διαπρυσίως
508 1052 661 1086 ἐδείξαμεν.
677 1053 708 1079 Et
727 1052 750 1078 δ’
764 1052 815 1079 οὐκ
833 1051 961 1086 ἀρκεῖσθε

175 1099 289 1130 τούτοις,
305 1098 428 1133 δείξομεν
443 1098 491 1125 καὶ
510 1098 577 1125 ἄλλα
597 1098 630 1125 ἐκ
644 1098 698 1124 τῶν
717 1098 818 1133 ὁμοίων
833 1098 961 1133 Γραφῶν.

180 1144 225 1170 Ἐν
241 1146 274 1179 τῇ
297 1145 379 1181 ὶνάτῃ
393 1144 448 1180 ᾠδῇ
463 1145 517 1171 τῶν
533 1144 619 1178 ἁγίων
644 1144 784 1178 Πατέρων,
806 1144 836 1170 ἓν
858 1144 963 1179 τροπά-

176 1198 234 1226 ριον
260 1190 332 1217 οὕτω
346 1191 431 1225 λέγει,
451 1199 460 1216 ι
482 1190 619 1224 Μεγάλων
641 1189 777 1224 ἡξιώθητε
793 1190 847 1217 τῶν
873 1191 962 1225 τιμῶν

173 1237 222 1263 ἐπὶ
248 1237 310 1272 γῆς,
337 1236 537 1272 οὐρανόφρονες
560 1235 644 1270 ἁγιοι,
671 1236 712 1262 ὃτι
729 1235 849 1270 Χριστοῦ
878 1235 962 1262 τύπον

174 1283 323 1320 ἐτιμήσατε
347 1282 491 1317 σχετικῶς.
509 1281 565 1308 Καὶ
581 1281 629 1308 νῦν
646 1281 726 1308 σκιὰν
746 1282 898 1315 ὲκθέμενοι,
915 1282 963 1308 καὶ

174 1329 205 1355 τὸ
221 1329 421 1364 περικάλυμμα
444 1329 494 1363 τῆς
510 1328 622 1363 σαρκὸς,
642 1327 724 1355 αὑτὺν
740 1327 961 1362 αὐτοπροσώπως

174 1374 215 1405 είς
230 1373 379 1408 πρόσωπον
395 1373 488 1408 ὁρᾶτε,
501 1372 547 1399 καὶ
558 1372 614 1399 τῶν
627 1371 760 1407 μειζόνων
770 1371 936 1406 ἀξιούμενοι.
951 1381 959 1397 ι

176 1420 231 1448 Καὶ
257 1419 387 1452 ἅλλοθι,ι
410 1418 467 1446 ’Asl
481 1419 645 1454 ’προῖστασο
673 1417 728 1445 τῶν
748 1417 906 1451 ὑμνούντων
933 1425 963 1443 σε

175 1465 219 1492 διὰ
237 1465 347 1497 παντὸς,
365 1464 412 1492 καὶ
428 1465 479 1500 τὴν
505 1464 554 1500 σὴν
568 1464 766 1499 εὐφημούντων
792 1463 960 1498 πανήγυριν,

1032 738 1039 741 -
1052 726 1121 754 Ecce
1136 726 1193 761 jam
1213 726 1280 754 nihil
1296 728 1428 762 apertius,
1453 732 1482 756 ut
1499 728 1565 756 mihi
1589 729 1707 759 videtur.
1730 737 1808 764 repe-

1017 772 1102 800 rietur
1121 772 1165 800 his
1186 780 1246 808 quae
1262 781 1277 800 a
1294 773 1373 801 nobis
1393 774 1473 801 allata
1490 780 1554 802 sunt
1569 795 1576 807 ,
1594 775 1619 802 id
1636 780 1689 806 est.
1708 784 1718 801 ι
1739 775 1808 804 facie

1016 818 1048 845 ad
1069 818 1179 852 faciem,
1201 828 1210 845 ›
1229 823 1267 852 et,
1284 829 1293 845 ι
1315 827 1388 847 nunc
1401 820 1543 847 divinitate
1556 821 1720 855 perfrueris,
1740 831 1748 847 ν
1767 826 1805 854 et,

1015 864 1057 891 «in
1075 864 1200 904 paradiso
1218 872 1290 892 nunc
1302 865 1424 892 coronati
1444 866 1604 901 tripudiant,
1623 876 1631 892 I
1653 871 1690 900 et,
1706 877 1715 894 ι
1735 875 1808 895 nunc

1014 909 1060 937 Dei
1081 910 1179 938 throno
1205 918 1266 938 cum
1284 912 1387 939 sanctis
1408 912 1513 948 angelis
1538 913 1671 941 assistunt
1690 923 1713 947 η
1741 914 1808 949 quid

1013 955 1085 983 aliud
1102 963 1249 991 possumus
1269 957 1423 994 intelligere
1447 964 1628 994 praeterquam
1649 961 1722 995 quod
1740 969 1807 996 qua<

1014 1006 1094 1029 lenus
1108 1002 1207 1029 animae
1220 1002 1410 1037 perfruuntur,
1438 1009 1468 1032 ut
1492 1009 1571 1032 antea
1586 1007 1765 1041 exposuimus
1781 1012 1808 1035 et

1011 1048 1067 1082 jam
1078 1048 1218 1076 evidenter
1237 1050 1406 1078 ostendimus
1415 1051 1492 1083 ?Quo
1501 1052 1522 1079 si
1537 1052 1579 1080 his
1590 1060 1642 1080 non
1654 1054 1808 1088 acquiesci-

1015 1095 1059 1128 lis,
1074 1101 1100 1123 et
1117 1095 1169 1123 alia
1185 1104 1217 1123 ex
1229 1096 1350 1131 ejusdem
1364 1098 1473 1133 generis
1486 1099 1631 1133 scripturis
1646 1100 1805 1128 aiferemus.

1016 1141 1045 1168 in
1064 1141 1116 1169 ode
1131 1141 1147 1169 9
1170 1146 1327 1170 sanctorum
1354 1143 1464 1171 Patrum
1496 1145 1645 1180 antiphona
1661 1146 1697 1173 ita
1714 1147 1779 1174 dicit
1797 1156 1805 1176 :

1017 1197 1026 1213 ι
1048 1188 1173 1223 Magnum
1201 1188 1305 1216 cultum
1336 1190 1423 1216 meriti
1439 1190 1526 1223 estis,
1547 1191 1673 1219 caelestes
1696 1193 1806 1227 sancti,

1014 1235 1077 1270 quia
1095 1235 1198 1264 Christi
1217 1236 1331 1269 figuram
1348 1237 1470 1264 studiose
1486 1236 1583 1265 imitati
1597 1239 1674 1270 estis,
1690 1243 1717 1267 et
1733 1248 1805 1267 nunc

1015 1282 1112 1309 umbra
1126 1287 1153 1310 et
1174 1282 1266 1309 carnis
1290 1283 1462 1317 operimento
1488 1283 1623 1319 deposito,
1649 1289 1711 1313 eum
1737 1286 1806 1314 facie

1015 1327 1049 1355 ad
1067 1327 1164 1355 faciem
1183 1328 1281 1356 videtis
1298 1333 1326 1355 et
1343 1328 1465 1356 maxima
1480 1329 1570 1357 meriti
1585 1330 1662 1357 estis.
1682 1339 1692 1355 ι
1708 1330 1740 1358 Et
1758 1332 1807 1359 nii-

1016 1374 1042 1401 bi
1059 1383 1065 1402 :
1084 1383 1093 1401 l
1115 1374 1229 1409 Semper
1242 1374 1402 1409 suifragaris
1413 1375 1445 1402 iis
1456 1376 1500 1410 qui
1516 1380 1541 1403 te
1557 1376 1679 1409 laudant,
1691 1381 1718 1405 et
1730 1383 1806 1405 tuum

1017 1420 1155 1448 celebrant
1174 1419 1273 1448 festum
1289 1420 1403 1449 Domino
1421 1421 1566 1456 assistens,
1582 1422 1718 1456 Onesime,
1735 1428 1807 1452 totus

1019 1466 1170 1502 refulgens,
1188 1471 1261 1494 totus
1279 1467 1467 1501 resplendens,
1483 1472 1555 1496 totus
1577 1468 1735 1496 caelestibus
1753 1469 1807 1496 ful-

176 1511 213 1546 τῷ
222 1512 340 1547 δεσπότῃ
350 1511 508 1547 παρεστὼτ,
520 1511 664 1546 Ὀνήσιμε,
676 1511 736 1543 ὅλος
746 1509 962 1545 πεφωτισμένος,

1016 1512 1100 1547 getris
1126 1520 1284 1540 coruscans.
1307 1523 1316 1539 ι
1337 1514 1369 1540 Ει
1385 1513 1447 1541 alibi
1465 1522 1471 1541 :
1490 1524 1498 1540 ι
1518 1513 1653 1549 inspicitis
1669 1534 1676 1547 ,
1704 1520 1807 1552 martyu

178 1558 239 1588 ὅλος
254 1558 463 1593 ὑπέρλαμπρος,
479 1558 538 1589 ὅλος
551 1558 609 1588 ταῖς
627 1558 731 1584 ἐκεῖθεν
749 1557 902 1592 ἀστραπαῖς
917 1565 965 1583 κα-

178 1603 400 1638 ταλαμπόμενος.
423 1613 433 1629 ι
458 1603 513 1630 Kal
536 1603 666 1638 ἀλλαχοῦ,
680 1612 689 1630 ι
711 1603 865 1638 Καθορᾶτε,
893 1604 964 1638 μὰρ-

178 1658 270 1685 τυρις,
286 1650 316 1676 τδ
335 1649 407 1676 θεῖον
426 1648 523 1680 κάλλος
546 1648 717 1684 τρκνώτερον
741 1650 788 1675 καὶ
813 1649 965 1683 λαμπρότε-

177 1705 233 1731 ρον.
256 1705 264 1721 ι
282 1696 337 1723 Kal.
366 1696 459 1726 πάλιν,
478 1705 486 1721 ι
508 1695 597 1722 Ὅπου
623 1694 714 1727 τάξεις
738 1695 872 1728 ἀγγέλων,
897 1695 964 1721 ὅπου

174 1743 230 1770 τῶν
245 1743 359 1770 δικαίων
376 1743 402 1769 οι
426 1742 508 1777 δῆμοι
532 1741 705 1776 ἀγάλλονται.
725 1750 734 1766 ι
754 1740 808 1767 Kal
832 1742 860 1767 ἐν
879 1741 962 1776 ἄλλῳ,

179 1799 189 1814 ι
206 1789 263 1817 Kal
291 1789 430 1823 βασιλείας
443 1788 579 1824 οὐρανῶν,
603 1787 697 1823 σαφῶς
712 1786 859 1823 ὴξιὼθητε,
881 1796 964 1815 κατα-

178 1836 350 1872 λαμπόμενοι
365 1836 414 1868 τῆς
431 1834 546 1870 Τριὰδος
565 1834 626 1866 ταῖς
642 1833 740 1868 αὐγαῖς
758 1832 932 1867 ἀξιὰγαστοι.
951 1842 960 1860 ι

179 1883 232 1910 Kal
248 1882 339 1914 πάλιν,
363 1890 372 1907 ι
391 1880 483 1909 Σὰὃεα
505 1880 673 1915 παμμάκαρ,
699 1879 753 1907 τῶν
768 1878 891 1914 ἀγγέλων
910 1879 964 1906 ισο-

179 1929 282 1960 στάσιε,
298 1928 435 1963 ὁμόσκηνε
453 1925 545 1960 ὁσίων,
563 1926 692 1962 συνόμιλε
709 1925 867 1961 προφητῶν,
895 1934 963 1960 μαρ-

176 1974 266 2009 τύρων
292 1973 340 2000 καὶ
358 1972 514 1999 ἀποστόλων
541 1971 758 2008 συγκληρονόμε,
777 1970 836 2006 φῶς
858 1970 888 1998 τὸ
902 1971 964 1998 ἁνί-

178 2029 279 2056 σπερον
293 2021 307 2047 ό
322 2019 370 2047 νῦν
395 2018 544 2052 κατοικῶν,
554 2018 584 2046 οὗ
598 2019 658 2050 ταῖς
683 2017 870 2054 φρυκτωρίαις
896 2017 965 2051 λαμ-

178 2067 297 2103 πόμενος
321 2067 382 2097 ταῖς
403 2065 500 2097 θείαις,
518 2064 557 2099 τῷ
579 2063 724 2100 ἀκροτάτῳ
746 2063 801 2090 τῶν
824 2062 929 2098 ἐφετῶν
950 2063 965 2090 ὁ

177 2110 322 2147 παρεστὼς
341 2110 484 2146 παρρησίᾳ
508 2108 764 2144 λελαμπρυσμένος.
787 2117 798 2135 ι
820 2108 961 2141 Ἀκούειςς

176 2157 234 2192 φῶς
250 2157 280 2183 τὸ
294 2156 446 2192 ἅνέσπερόν
463 2163 530 2190 φησι
544 2162 551 2169 ·
568 2155 626 2189 φῶς
645 2154 700 2189 γὰρ
725 2155 738 2181 ό
760 2153 827 2185 Θεὸς
846 2153 963 2180 ἁνέσπε-

178 2190 224 2237 ρον
235 2209 242 2218 ι
259 2203 382 2229 κατοικεῖ
397 2190 424 2228 δὲ
440 2200 488 2228 νῦν
504 2200 574 2235 μετὰ
589 2199 636 2227 τοῦ
661 2200 741 2231 Θεοῦ,
759 2197 819 2226 εἶτα
831 2199 861 2226 τὸ
877 2200 962 2234 ἁκρον
979 2190 1002 2219 υ

177 2247 232 2274 τῶν
249 2247 366 2281 ἐφετῶν·
384 2246 409 2272 τί
421 2246 517 2280 δηλοῦν
531 2245 655 2280 βούλεται
667 2253 675 2278 ;
695 2245 725 2271 τὸ
739 2245 793 2279 γὰρ
810 2245 896 2280 ἄκρον
909 2244 964 2271 τῶν

178 2294 298 2329 ἀγαθῶν,
310 2293 339 2319 τὸ
354 2292 439 2328 ἄκρον
455 2291 510 2318 τῶν
522 2291 637 2325 ἐφετῶν,
650 2291 679 2318 τὸ
695 2291 780 2326 ἀκρον
793 2291 848 2317 τῶν
862 2290 962 2322 καλῶν,

177 2341 253 2368 οὐδὲν
265 2340 331 2367 ἄλλο
351 2339 436 2370 ἐστὶν,
451 2339 474 2365 εί
491 2338 528 2373 μὴ
551 2337 631 2370 αὐτὸς
651 2339 664 2364 ὁ
679 2337 755 2368 Θεός.
774 2337 858 2369 Οὗτος
871 2337 899 2363 δὲ
915 2345 965 2362 πα-

178 2387 304 2422 ρίσταται
328 2385 412 2419 αὐτῷ,
441 2384 487 2410 καὶ
508 2384 631 2410 κατοικεῖ
662 2382 722 2418 μετ’
748 2383 842 2409 αὑτοῦ*
869 2382 895 2408 τί
918 2382 964 2408 οὖν

176 2433 239 2460 ἄλλο
264 2433 332 2468 προς
348 2431 416 2459 Θεοῦ
433 2430 572 2465 σημαίνει,
590 2430 647 2457 ἀλλ’
664 2430 681 2466 ἢ
705 2430 735 2457 τὸ
758 2429 964 2465 ἀπολαμῶνειν

175 2480 238 2510 τοὺς
255 2479 348 2512 ἁγίους
368 2478 415 2505 νῦν
436 2476 497 2503 καθ’
529 2476 591 2503 ὅσον
611 2476 665 2503 είσὶ
687 2475 792 2512 ψυχαί;
811 2476 842 2502 Et
857 2476 885 2503 δὲ
901 2475 965 2510 βού-

176 2524 217 2550 λει
234 2527 281 2552 καὶ
299 2524 366 2550 ἄλλα
381 2523 508 2554 ἀκοῦσαι,
535 2522 589 2549 ἰδοὺ
615 2522 743 2557 λέγομεν.
761 2531 770 2548 ι
796 2522 850 2548 Kal.
867 2522 964 2549 ἀδύτου

177 2570 318 2604 φωτισμοῦ
332 2569 378 2595 νῦν
404 2568 571 2597 ἀπολαύουσι
584 2587 591 2595 .
614 2577 623 2594 ι
642 2568 698 2595 Kal
723 2568 752 2594 ὲν
775 2568 857 2602 ἀλλῳ,
877 2577 886 2594 ι
904 2568 964 2596 Τῶν

177 2615 263 2649 ἁγίων
279 2616 292 2640 ὀ
307 2614 385 2649 χορὸς
401 2611 464 2649 εὗρε
482 2613 573 2649 πηγὴν
587 2614 638 2648 τῆς
653 2613 736 2648 ζωῆς,
755 2615 802 2641 καὶ
813 2613 899 2649 θύραν
913 2622 964 2640 πα-

177 2661 314 2696 ραδείσου.
333 2670 341 2685 ι
363 2661 414 2686 Καὶ
439 2659 531 2691 πάλιν,
550 2668 559 2685 ε
579 2660 634 2686 Kal
647 2660 671 2686 oi
693 2659 791 2685 δίκαιοι
807 2659 964 2694 λάμπουσιν

176 2709 214 2739 ὡς
227 2707 381 2741 φωστῆρες.
399 2714 408 2731 ι
428 2706 483 2732 Kal
508 2705 636 2740 ἀλλαχοῦ,
653 2715 662 2730 ι
688 2705 844 2739 Ἐπιγείους
865 2706 964 2737 ἄθλους

176 2752 337 2783 διελθόντες,
350 2750 492 2785 οὐρανίους
506 2750 599 2777 ἔλαϐον
616 2751 766 2784 στεφάνους
782 2751 806 2778 οἱ
825 2751 964 2786 μάρτυρες

176 2799 201 2824 οἱ
219 2797 338 2831 ἀληοεῖς.
362 2805 371 2821 ι
394 2796 450 2822 Καὶ
466 2795 557 2826 πάλιν,
579 2805 588 2821 ι
613 2796 644 2821 Oi
661 2796 804 2832 ἀθλοφόροι
826 2796 964 2831 μάρτυρες

182 2845 228 2871 καὶ
240 2842 457 2877 οὐρανοπολῖται,
475 2841 521 2867 ἐπὶ
534 2843 583 2876 γῆς
603 2842 780 2877 ﬁnitimum“.
803 2843 902 2874 πολλάς
919 2843 965 2877 βα,

302 2897 442 2924 Damon.
460 2892 518 2922 tiu.
551 2892 651 2923 CLlX.

1019 1558 1209 1590 res,’divinam
1224 1559 1470 1594 pulchritudinem
1499 1560 1672 1588 manifestius
1695 1565 1722 1588 et
1748 1561 1805 1588 cia-

1017 1604 1086 1631 rius.
1107 1613 1116 1630 ›
1139 1604 1172 1631 Et
1188 1603 1284 1632 rursus
1305 1615 1312 1632 :
1334 1614 1343 1631 ι
1367 1604 1418 1632 Ubi
1444 1605 1554 1634 ordines
1569 1607 1740 1641 angelorum;
1758 1608 1803 1635 ubi

1015 1649 1151 1684 justorum
1175 1651 1267 1684 populi
1282 1651 1428 1679 exsultant.
1449 1662 1458 1677 ›
1478 1652 1511 1679 Ει
1527 1653 1553 1679 in
1575 1653 1629 1680 alio
1649 1662 1655 1679 ι
1675 1663 1685 1679 ι
1708 1653 1741 1680 Et
1762 1662 1806 1681 re-

1016 1703 1098 1729 gnum
1114 1695 1246 1722 cceiornm
1263 1702 1356 1731 aperte
1364 1697 1472 1733 ‘meriti,
1485 1697 1629 1726 Trinitatis
1645 1699 1729 1728 radiis
1746 1700 1806 1728 illu-

1017 1740 1106 1771 strati.
1124 1748 1140 1767 ο
1156 1741 1335 1769 admiratione
1358 1742 1443 1778 digni.
1467 1753 1476 1769 ›
1494 1743 1526 1770 Et
1545 1752 1639 1772 rursus
1657 1753 1665 1773 :
1685 1755 1694 1771 ι
1716 1746 1803 1774 Sabba

1017 1785 1185 1820 beatissime,
1200 1787 1360 1821 angelorum
1378 1789 1490 1823 aequalis
1505 1809 1512 1820 ,
1530 1795 1687 1818 sanctorum
1705 1797 1804 1820 contu-

1016 1832 1137 1860 bernalis
1149 1853 1156 1866 ,
1174 1833 1370 1868 prophetarum
1397 1836 1487 1862 socius
1501 1855 1508 1867 ,
1528 1842 1678 1871 martyrum
1697 1843 1724 1865 et
1740 1846 1806 1873 apo-

1016 1879 1146 1907 stolorum
1163 1879 1296 1912 coheres,
1314 1880 1400 1908 lucem
1415 1887 1468 1908 non
1482 1882 1651 1910 occidentem
1669 1891 1741 1912 nunc
1758 1885 1802 1912 in-

1016 1925 1120 1958 colens,
1148 1925 1226 1960 cujus
1249 1925 1349 1954 divinis
1373 1926 1481 1955 facibus
1509 1928 1662 1958 illustratus
1695 1937 1802 1959 summo

1017 1971 1134 2007 principi
1153 1971 1295 2005 assistens,
1310 1977 1339 2000 et
1354 1978 1447 2008 aperte
1463 1981 1640 2004 coruscans.»
1661 1976 1805 2005 Audisne?

1016 2017 1118 2046 Lucem
1140 2026 1194 2046 non
1217 2019 1389 2048 occidentem
1412 2020 1480 2049 dicit
1499 2030 1506 2055 ;
1523 2029 1587 2049 nam
1605 2022 1677 2051 Deus
1693 2028 1735 2052 est
1755 2024 1803 2052 lux

1016 2072 1071 2093 non
1090 2065 1234 2099 occidens;
1255 2065 1360 2093 habitat
1375 2071 1464 2095 autem
1479 2072 1552 2095 nunc
1573 2072 1634 2096 cum‘
1651 2069 1714 2098 Deo.
1733 2069 1804 2098 Prte-

1018 2114 1091 2138 teres
1114 2117 1254 2138 summum
1281 2111 1446 2147 principium
1467 2113 1534 2148 quid
1549 2113 1708 2149 signiﬁcat?
1723 2115 1805 2144 Sum-

1017 2152 1097 2182 muni
1106 2156 1178 2182 enim
1198 2157 1350 2189 honorum,
1367 2165 1504 2185 summum
1522 2159 1702 2195 principium,
1726 2168 1804 2189 sum-

1017 2207 1089 2226 mum
1106 2200 1350 2235 puichritudiunm,
1370 2203 1406 2230 nil
1426 2203 1498 2230 aliud
1514 2208 1556 2231 est
1570 2206 1622 2233 nisi
1642 2205 1712 2234 Deus
1734 2208 1802 2241 ipse.

1016 2243 1065 2272 Hic
1082 2245 1106 2272 ci
1124 2246 1240 2277 assistit,
1263 2252 1289 2274 et
1316 2248 1420 2275 habitat
1436 2256 1499 2276 cum
1525 2257 1568 2282 co,
1587 2251 1654 2285 quid
1671 2251 1743 2279 aliud
1757 2260 1804 2286 per

1016 2290 1100 2318 Deum
1117 2291 1238 2325 denoral,
1253 2297 1432 2328 przetcrquam
1450 2295 1522 2328 quod
1539 2296 1627 2324 sancti
1643 2304 1725 2330 nunc,
1737 2305 1804 2332 qna-

1017 2342 1096 2364 lenus
1113 2337 1226 2370 animm,
1244 2338 1440 2372 perfruuntur?
1454 2340 1482 2367 Si
1503 2341 1542 2368 vis
1567 2347 1593 2368 et
1618 2342 1670 2368 alia
1696 2343 1802 2376 audire,

1013 2381 1069 2416 jam
1096 2383 1224 2411 dicimus.
1258 2393 1268 2409 ι
1294 2385 1325 2411 Et
1347 2385 1531 2413 inaccessibili
1563 2387 1622 2414 lucc
1652 2396 1804 2424 nuncper-

1015 2427 1152 2456 fruuntur.
1169 2438 1178 2455 ι
1196 2430 1228 2456 Et
1245 2430 1306 2458 alibi
1325 2439 1331 2457 :
1350 2440 1358 2457 ι
1374 2431 1538 2459 Sanctorum
1555 2433 1654 2461 chorus
1670 2434 1730 2462 vita:
1744 2435 1803 2462 fon-

1016 2478 1069 2500 tem
1087 2478 1113 2500 et
1126 2474 1237 2508 japuam
1255 2475 1374 2508 paradisi
1390 2482 1486 2504 nactus
1500 2483 1570 2504 est.»
1587 2478 1618 2505 Et
1634 2487 1739 2507 rursus:
1756 2481 1804 2507 «Et

1012 2519 1079 2554 justi
1104 2519 1186 2546 veluti
1211 2520 1354 2547 luminaria
1373 2520 1486 2555 fulgent.
1507 2532 1516 2548 ι
1533 2522 1565 2549 Ει
1588 2523 1653 2550 alihi
1671 2531 1679 2550 :
1701 2533 1710 2550 ι
1734 2524 1802 2551 Cum

1017 2570 1123 2592 terrena
1136 2566 1286 2593 certamina
1300 2567 1510 2601 periustrasscnt
1526 2568 1583 2596 veri
1598 2573 1741 2605 martyres,
1758 2578 1804 2598 cu-

1015 2619 1098 2639 ronas
1122 2616 1186 2639 sunt
1211 2613 1360 2640 consecuti.
1381 2623 1389 2639 ι
1415 2613 1447 2641 Ει
1471 2622 1591 2642 rursus:
1612 2624 1621 2641 (
1647 2615 1803 2644 Certatorcs

1016 2663 1148 2693 martyres
1163 2666 1194 2686 ac
1215 2658 1276 2686 coeli
1293 2659 1367 2686 cives
1382 2660 1407 2686 in
1423 2665 1495 2687 terra
1511 2661 1681 2689 decertantes
1703 2661 1802 2689 multos

1015 2705 1153 2732 cruciatus
1173 2705 1346 2740 pertulerunt
1363 2711 1390 2733 et
1414 2707 1562 2741 perfectam
1579 2707 1606 2734 in
1631 2706 1708 2734 catlis
1721 2715 1802 2734 coru—

1015 2759 1077 2779 uam
1093 2757 1256 2786 receperunt
1271 2773 1278 2785 ,
1297 2756 1325 2778 ut
1343 2760 1392 2787 pro
1409 2753 1509 2780 nostris
1525 2753 1668 2780 animabus
1684 2752 1802 2780 interce-

1015 2797 1120 2824 derent.
1144 2806 1154 2822 ι
1175 2797 1208 2824 Ει
1232 2805 1328 2824 rursus
1343 2805 1350 2822 ε
1370 2806 1379 2823 ι
1395 2797 1568 2824 Celeberrimi
1586 2801 1736 2832 martyres,
1754 2804 1803 2824 vos

1016 2851 1069 2870 non
1086 2848 1156 2870 terra
1169 2844 1286 2878 operuit,
1297 2844 1343 2871 sed
1356 2843 1454 2871 cmlnm
1467 2844 1590 2878 excepit;
1609 2849 1712 2879 aperte
1727 2849 1801 2876 sunt,-

1569 2889 1604 2919 Ῐιι
