1951 3075
171 119 238 152 129i

701 95 859 149 JOSEPllI
881 117 1154 148 METHONENSIS

1726 123 1802 155 12'2

168 183 246 210 voltis
263 186 346 217 portae
362 180 496 215 paradisi.
510 184 535 207 et
555 179 626 206 intro
643 177 757 213 profecti
771 178 875 213 lignum
892 176 949 204 vita:

1006 178 1103 208 σάνους
1119 177 1277 211 ὑπέμειναν,
1293 177 1340 205 καὶ
1359 177 1462 204 τέλειον
1478 178 1616 207 ἀπέλαϐον
1631 180 1676 208 τὸν
1692 183 1799 217 στέφα-

167 231 235 258 estis
245 228 373 260 assecuti,
388 226 458 262 apud
472 225 608 253 Christum
621 224 808 252 intercedite.»
823 222 874 251 Ubi
890 228 953 250 sunt

169 277 215 313 qui
232 276 325 304 dicunt
339 278 449 302 sanctos
469 281 524 301 non
540 279 611 305 esse,
629 271 685 299 sive
708 275 864 298 sanctorum
892 270 952 297 aui-

170 329 230 349 mas
243 328 316 348 nunc
341 321 368 347 in
388 318 514 354 paradiso
538 325 592 345 non
619 316 699 344 esse?
724 316 818 344 Nonne
840 315 954 343 audiunt

169 367 367 394 Damascenum
383 365 516 392 dicentem
535 371 543 390 :
560 373 570 389 ι
587 363 693 397 Aperta:
703 365 767 390 sunt
778 361 853 389 vobis
870 366 954 396 portas

168 411 309 448 paradisi?
323 420 332 436 ι
348 409 441 438 Nonne
455 409 583 442 audiunt,
608 417 617 434 ι
641 407 819 443 introgressi?
836 417 844 433 ι
860 411 885 435 et
899 414 953 434 non

168 462 332 493 agnoscunt,
351 466 360 482 ι
375 456 477 491 lignum
488 456 548 483 vitae
560 454 696 482 consecuti
714 455 797 481 sunt?
812 464 821 479 ι
837 458 864 482 et
887 463 896 479 ι
912 453 954 481 in-

167 503 311 532 tercedunt
328 510 377 538 pro
395 501 493 530 nobis?
509 511 518 527 ι
537 500 565 528 Si
579 501 663 535 igitur
674 507 761 535 neque
778 504 951 535 receperunt,

167 556 256 584 neque
273 548 453 581 intercedunt,
478 553 569 582 neque
581 546 720 574 Christum
736 546 847 578 vident,
864 553 953 580 neque

167 596 218 630 ipsi
236 595 389 626 assistunt,
409 601 498 630 neque
518 593 610 622 divina
636 593 696 621 luce
718 591 909 628 perfruuntur,
926 596 954 620 et

167 646 197 670 ut
213 649 267 669 uno
283 641 366 669 verbo
381 641 481 674 dicam,
506 647 586 667 nemo
607 647 640 668 ex
663 639 777 671 sanctis,
794 644 824 666 ut
838 638 887 673 ipsi
902 645 953 672 pu-

167 692 237 721 tant,
253 695 323 715 nunc
343 694 406 714 cum
429 686 540 714 Christo
557 689 616 718 est,
638 684 683 712 ubi
701 689 765 712 sunt
782 692 841 720 qua:
861 683 954 719 psalli-

169 734 250 761 mus?
266 733 335 760 Num
357 731 447 760 falsa?
466 731 560 764 Absit;
578 730 623 758 ubi
643 740 653 756 ι
672 731 784 764 spiritus
806 736 833 757 ct
857 729 955 757 animae

166 779 305 812 Justorum
328 778 436 804 laudant
452 780 488 807 te,
511 775 639 808 Domine;
657 783 666 799 I
686 779 712 801 et
727 773 812 801 illud:
831 782 841 799 ι
860 772 955 800 Dillra-

163 826 220 853 'ctis
235 823 364 859 speculis.
380 821 480 854 sancti,
496 821 565 847 i'ucie
579 820 610 847 ad
621 820 715 847 facient
728 819 811 846 Deum
827 818 951 846 videtis.»

1010 231 1054 249 νον
1073 223 1100 248 ἐν
1117 223 1250 258 οὐρανοῖς.
1269 223 1311 250 ἴνα
1336 223 1526 258 πρεσϐεύωσιν
1544 225 1612 261 ὑπὲρ
1628 226 1682 253 τῶν
1698 227 1796 263 ψυχῶν

1010 269 1097 304 ἡμῶν.
1116 277 1127 295 ι
1143 269 1196 296 Καὶ
1214 269 1305 302 πάλιν,
1326 278 1335 295 ι
1352 269 1532 305 Πανεὺφημοι
1558 272 1706 307 μάρτυρες,
1721 273 1797 306 ὑμᾶς

1009 316 1058 351 οὐχ
1073 316 1089 351 ἡ
1101 316 1136 350 γῆ
1147 315 1329 351 κατέκρυψεν,
1342 316 1400 343 ἀλλ’
1413 317 1527 352 οὐρανὸς
1538 318 1696 350 ὑπέδεξατο.
1709 318 1800 346 Ἧνοί-

1009 370 1096 396 γησαν
1110 362 1174 397 ὑμῖν
1189 362 1354 397 παραδείσου
1369 362 1451 390 πύλαι
1465 372 1472 379 ·
1489 363 1537 390 καὶ
1552 365 1627 396 ἐντὸς
1642 365 1797 399 γενόμενοι,

1008 407 1055 434 τοῦ
1074 407 1154 439 ξύλου
1182 406 1316 442 τῆς“ζωῆς
1343 407 1506 442 ἀπελάϐετε,
1524 409 1634 444 Χριστῷ
1661 411 1799 446 πρεσϐεύ-

1009 461 1084 480 σατε.
1106 462 1115 479 ι
1130 452 1184 479 Ποῦ
1199 453 1268 479 είσιν
1279 453 1302 479 oi
1314 452 1439 486 λέγοντες
1468 454 1509 480 ὅτι
1525 455 1576 481 οὐκ
1590 455 1659 482 είσὶν
1671 456 1694 482 cl
1710 456 1797 490 ἅγιοι,

1009 499 1092 533 ἤγουν
1108 498 1163 525 τῶν
1191 498 1276 533 ἁγίων
1295 498 1323 524 al
1339 499 1435 534 ψυχαὶ,
1453 500 1482 526 ἐν
1504 501 1662 536 παραδείσῳ
1677 502 1710 528 τὰ
1725 502 1772 529 νῦν
1790 511 1798 535 ;

1008 543 1066 570 Οὐκ
1081 542 1208 570 ἀκούουσι
1219 543 1265 570 τοῦ
1285 544 1466 580 Δαμασκηνοῦ
1490 544 1625 578 λέγοντοξ,
1646 547 1798 582 ι’ὶῐνοίγη-

1009 596 1059 616 σαν
1071 589 1136 623 ὑμῖν
1147 588 1310 624 παραδείσου
1327 589 1408 616 πύλαι
1422 598 1445 622 ;ι
1461 590 1510 616 οὐκ
1524 590 1655 618 ἀκούουσι
1677 592 1718 624 τὸ,
1735 582 1813 629 Ἐνλ

1007 635 1052 666 τδς
1084 635 1242 669 γενόμενοι;
1263 635 1293 662 οὗ
1308 635 1473 668 γινώσκουσι
1489 636 1529 668 τὸ,
1549 645 1558 662 ι
1575 636 1628 663 Τοῦ
1651 637 1729 670 ξύλου
1747 638 1798 671 τῆς

1009 679 1081 712 ζωῆς
1090 680 1323 715 ἀπολαμόἀιουσι,
1334 680 1381 708 καὶ
1391 681 1588 716 πρεσΰεύουαιν
1599 683 1667 717 ὑπὲρ
1680 683 1760 718 ἡμῶν
1771 692 1796 717 ;›

1008 725 1040 752 ΕΞ
1055 725 1102 752 οὖν
1116 727 1166 752 οὐκ
1180 726 1328 758 ἀπέλαϐον.
1344 727 1403 753 οὐδὲ
1419 727 1628 761 πρεσϐεύουσιν,
1647 729 1709 755 οὐδὲ
1730 730 1800 763 Χρι-

1008 771 1070 798 στὸν
1097 771 1256 806 θεωροῦσιν,
1283 772 1343 799 οὐδὲ
1357 773 1537 808 παρίστανται
1552 764 1639 808 abisti),
1662 773 1717 800 mw
1729 775 1799 800 ἀπο-

1008 819 1118 846 λαύουσι
1133 818 1181 845 τοῦ
1208 819 1282 846 θείου
1298 819 1397 853 φωτός.
1417 820 1472 847 Καὶ
1497 820 1592 852 ἁπλῶς
1617 821 1716 853 εἰπεῖν,
1734 823 1798 849 κατ’

169 871 197 898 Si
215 877 287 897 nunc
303 876 364 896 cum
379 868 489 896 Christo
504 875 555 895 non
569 870 643 899 sunt,
658 874 713 893 non
739 869 917 900 receperunt;
937 873 949 892 ε

1012 864 1119 897 αὐτοὺς,
1135 865 1222 900 οὐδεὶς
1248 866 1304 893 τῶν
1317 866 1402 900 ἁγίων
1425 866 1484 893 ἐστὶ
1508 866 1557 894 νῦν
1582 868 1650 902 μετὰ
1666 867 1713 894 τοῦ
1729 868 1798 902 Χρε-

168 924 220 944 ηοη
237 918 422 949 reccperunl,
446 921 535 948 neque
557 912 729 940 intercedunt
747 921 754 945 ;
775 912 796 940 si
816 919 881 939 vero
897 920 952 939 non

167 962 352 992 intercedunt.
382 968 432 987 cur
462 959 641 987 invocamus?
657 958 685 986 Si
715 959 788 986 enim
810 965 881 985 nunc
897 966 951 985 non

169 1007 352 1039 intercedunt,
372 1011 510 1039 nunquam
527 1004 712 1037 intercedant,
729 1011 790 1031 nam
813 1004 840 1031 in
862 1003 953 1031 futuro

167 1061 220 1081 non
235 1057 278 1080 est
289 1051 458 1079 intercessio.
475 1050 569 1078 Nonne
582 1049 658 1077 audis
672 1049 758 1077 illud?
779 1049 852 1077 (Non
869 1050 952 1077 inter-

166 1100 292 1127 cessione
313 1105 381 1133 opus
404 1096 441 1124 ibi
467 1101 508 1124 est
530 1095 650 1124 dimisso
671 1100 816 1124 conventu.
837 1105 846 1122 ›
865 1096 951 1123 Etiam

167 1145 227 1173 novi
239 1143 354 1178 theologi
365 1143 469 1172 dicunt.
484 1141 660 1169 Peculiariter
672 1142 817 1177 recipiunt,
829 1146 856 1170 et
866 1141 950 1170 Deum
976 1180 979 1183 ἰ

167 1191 193 1217 in
208 1190 303 1217 faciem
317 1189 421 1220 vident,
440 1187 487 1215 sed
509 1187 654 1215 ineﬂabilia
667 1188 749 1221 bona,
768 1196 842 1223 «qua:
858 1188 952 1216 oculus

166 1244 221 1264 non
234 1236 310 1269 vidit,
322 1239 350 1263 et
366 1235 443 1262 auris
461 1240 515 1261 non
531 1233 647 1267 audivit,
662 1241 712 1262 nec
727 1234 754 1261 in
768 1242 817 1263 cor
831 1235 950 1263 hominis

166 1281 300 1313 ascendit.
324 1290 333 1307 )
352 1289 405 1307 non
429 1285 591 1316 receperunt
608 1280 716 1314 adhuc;
733 1287 787 1309 non
803 1281 875 1309 enim
890 1286 951 1310 om-

166 1328 233 1355 nino
259 1334 404 1362 possumus
419 1326 527 1354 diﬂiteri
546 1330 656 1354 sanctos
677 1326 705 1354 in
724 1327 868 1362 praesentia
889 1335 945 1355 non

165 1381 226 1401 esse
241 1379 303 1400 cum
319 1371 440 1400 Christo.
459 1371 482 1399 Ο
499 1372 705 1407 insipientiam!
721 1371 747 1399 Id
761 1391 768 1404 ,
784 1376 811 1399 ιιι
829 1379 878 1406 ego
893 1373 951 1400 exl-

167 1420 260 1450 stimo,
279 1419 336 1446 risu
355 1418 442 1453 magis
462 1425 543 1453 quam
561 1418 740 1452 responsione
755 1418 866 1452 dignum
887 1423 927 1446 est
941 1438 949 1450 ,

166 1471 227 1490 nam
244 1463 325 1498 paulo
343 1468 406 1490 ante
423 1466 564 1489 ostensum
587 1466 629 1490 est
655 1462 780 1489 haeresim
803 1469 865 1489 esse
880 1463 950 1488 hanc

165 1510 313 1538 absurdam
328 1507 503 1544 argutiolam,
522 1515 573 1535 nec
587 1507 622 1535 de
635 1514 666 1534 ea
681 1514 751 1542 opus
768 1512 809 1535 est
831 1508 948 1542 amplius

165 1557 314 1590 disputare.

1009 910 1082 938 ατοῦ.
1101 912 1155 938 Καὶ
1182 911 1234 938 ποῦ
1255 911 1340 939 ταῦτα
1366 912 1384 939 ἃ
1409 913 1566 948 ψάλλομεν;
1587 911 1661 949 Ἆρα
1687 913 1796 948 timidi;

1007 957 1108 992 ἄπαγε.
1124 958 1178 984 Ποῦ
1205 958 1232 984 δὲ
1250 960 1296 985 καὶ
1315 960 1355 990 τὸ,
1379 968 1388 985 ι
1407 959 1554 993 [πνεύματα
1578 961 1625 985 καὶ
1644 959 1726 995 ψυχαὶ
1742 961 1798 987 τῶν

1006 1005 1240 1038 δικαίων,αίνοῦσί
1254 1014 1295 1038 σε,
1312 1005 1397 1041 Κύριε
1409 1014 1432 1038 ;ι
1453 1006 1499 1032 καὶ
1510 1006 1550 1037 τὸ,
1569 1006 1727 1032 «Λυοέντων
1741 1007 1797 1033 τῶν

1006 1051 1157 1086 ἐσόπτρων,
1172 1051 1257 1085 ἅγιοι,
1269 1052 1415 1087 πρόσωπον
1426 1052 1496 1087 πρὸς
1509 1052 1657 1087 πρόσωπον
1672 1053 1718 1079 τδν
1727 1053 1796 1079 Θεὸν

1006 1096 1141 1132 καθορᾶτε
1156 1105 1180 1131 ;ι
1200 1098 1233 1125 ἂν
1244 1097 1299 1132 γὰρ
1314 1097 1362 1124 νῦν
1375 1098 1425 1124 οὐκ
1444 1097 1496 1124 είσὶ
1515 1098 1585 1133 μετὰ
1602 1097 1650 1124 τοῦ
1665 1099 1796 1132 Χριστοῦ,

1005 1142 1055 1169 οὐκ
1080 1143 1217 1170 ἀπέλαὸον
1229 1151 1236 1159 '
1262 1144 1286 1169 εί
1302 1143 1324 1170 δ’
1344 1144 1394 1170 οὐκ
1412 1143 1559 1176 ἀπέλαϐον,
1581 1144 1641 1170 οὐδὲ
1659 1144 1796 1179 πρεσϐεύ-

1004 1196 1091 1216 ουσιν.
1109 1188 1139 1214 Εἰ
1150 1188 1173 1215 δ’
1187 1189 1218 1215 οὐ
1232 1189 1431 1224 πρεσϐεύουσι,
1454 1189 1480 1216 τί
1495 1190 1543 1218 καὶ
1554 1190 1771 1226 παρακαλοῦμεν
1787 1201 1795 1225 ;

1005 1235 1029 1261 εἰ
1045 1235 1100 1270 γὰρ
1115 1234 1162 1262 νῦν
1177 1236 1206 1262 οὐ
1222 1236 1432 1272 πρεσϐεύουσιν,
1448 1237 1507 1264 οὐδὲ
1531 1237 1641 1264 πώποτε
1660 1238 1794 1272 πρεσϐεύ-

1006 1288 1110 1307 σουσιν·
1134 1282 1164 1307 ἐν
1174 1282 1228 1316 γὰρ
1239 1282 1277 1316 τῷ
1300 1283 1423 1317 μέλλοντι
1451 1283 1585 1319 πρεσϐεία
1593 1285 1644 1310 οὒκ
1654 1284 1722 1310 ἔστι.
1737 1284 1795 1311 οὐκ

1004 1325 1113 1358 ἀκούεις
1128 1326 1170 1359 τὸ,
1194 1327 1232 1353 οὐ
1254 1328 1333 1363 χρεία
1351 1329 1492 1363 πρέσϐεων
1508 1329 1575 1361 ἐκεῖ,
1603 1330 1731 1364 λυθείσης
1745 1331 1795 1365 τῆς

1005 1371 1204 1407 πανηγύρεω;;
1223 1372 1278 1399 Ναί
1302 1382 1384 1413 φασιν
1395 1375 1421 1401 οί
1446 1375 1498 1401 θέοι
1514 1375 1644 1410 θεολόγοι,
1667 1376 1794 1411 ἀπολαμ-

1004 1416 1115 1444 6ἀνουσι
1139 1417 1272 1452 μερικῶς,
1294 1417 1341 1445 καὶ
1361 1420 1408 1446 τὸν
1428 1416 1495 1447 θεδν
1509 1421 1609 1456 ὁρῶσιν
1624 1421 1664 1453 είς
1686 1423 1796 1457 πρόσω-

1004 1471 1075 1489 πον·
1099 1463 1169 1499 πλὴν
1198 1464 1232 1490 τὰ
1259 1464 1401 1500 ἀπόῤῥητα
1425 1466 1525 1500 ἀγαθὰ,
1539 1466 1570 1494 «ἃ
1585 1467 1722 1503 ὀφθαλμὸς
1743 1469 1795 1495 οὐκ

1004 1505 1069 1540 εῐδε,
1086 1510 1133 1535 καὶ
1148 1507 1194 1540 οὖς
1207 1509 1257 1536 οὐκ
1270 1510 1383 1545 ἤκουσε,
1400 1513 1448 1538 καὶ
1463 1512 1509 1539 ἐπὶ
1521 1513 1636 1548 καρδίαν
1646 1513 1791 1549 ἀνθρώπου

966 1548 987 1578 C
1004 1555 1053 1581 οὐκ
1080 1554 1190 1590 ἀνέϐη,›
1202 1557 1253 1583 οὐκ
1280 1556 1414 1583 ἀπέλαϐον
1444 1558 1494 1585 ἔτι.
1515 1559 1553 1586 Οὐ
1581 1559 1634 1596 γὰρ
1653 1548 1791 1595 δυνάμεθα

165 1602 307 1633 παντελῶς
329 1601 501 1637 ἀρνήσασθαι
518 1600 555 1636 μὴ
571 1600 635 1632 τοὺς
651 1600 748 1634 ἁγίους
772 1598 842 1627 εἶναι
858 1600 893 1627 τὰ
905 1600 953 1628 νῦν
972 1601 1041 1636 μετὰ
1056 1601 1104 1629 τοῦ
1120 1601 1252 1637 Χριστοῦ.
1269 1603 1302 1629 Ὢ
1321 1604 1371 1638 τῆς
1386 1604 1479 1636 ἀνοίας
1492 1605 1498 1631 !
1513 1605 1598 1633 Τοῦτο
1636 1607 1698 1634 κατ’
1726 1607 1790 1643 ἐμὲ.

165 1647 304 1683 ᾱξιὸνὲστι
316 1649 433 1682 γέλωτος
444 1647 731 1682 μᾶλλονῆάπολογίας
753 1648 836 1680 τινός.
862 1648 986 1684 Ὲδείχθη
1003 1649 1059 1684 γὰρ
1073 1650 1127 1684 πρὸ
1143 1650 1232 1683 ὀλίγου
1259 1650 1291 1676 τὶ)
1313 1650 1412 1678 ἄτοπον
1441 1652 1519 1679 τοῦτο
1555 1652 1672 1688 λογίδιον
1692 1655 1792 1690 μεστὸν

167 1697 257 1731 πάσης
274 1695 421 1730 αῑρέσεωςι
444 1694 490 1720 καὶ
511 1696 542 1721 οὐ
559 1694 599 1720 δεῖ
627 1695 692 1730 περὶ
715 1695 808 1722 τούτου
829 1695 1010 1730 παλιλλογεῖν.

543 1741 587 1768 Vl.

203 1787 281 1820 Quod
298 1787 349 1814 hoc
364 1785 521 1814 sithmresis
537 1786 726 1821 atquanimitcr
741 1787 948 1821 disquireudum

165 1839 215 1860 est.
235 1833 263 1860 Si
280 1833 363 1860 Deum
379 1832 470 1859 vident
485 1840 556 1859 nunc
565 1824 720 1860 sauctdrum
734 1833 843 1866 animae,
857 1833 951 1860 ineli'a-

166 1879 230 1906 bilia
249 1886 314 1906 vero
328 1878 399 1905 bona
421 1885 474 1905 non
505 1878 608 1911 vident,
626 1879 720 1913 procul
746 1879 828 1906 dubio
844 1880 949 1914 majora

165 1927 231 1950 sunt
258 1922 302 1949 illa
318 1929 398 1956 quant
418 1922 491 1950 Deus
509 1922 577 1957 ipse,
593 1924 723 1958 quoniam
751 1931 782 1962 ea
800 1924 947 1952 invisibilia

165 1967 269 1995 sanctis
282 1971 357 1999 sunt,
372 1966 446 1995 Deus
459 1975 523 1994 vero
540 1969 574 1995 ab
587 1968 628 1996 eis
642 1969 760 1998 videtur.
782 1970 839 1998 Hoc
868 1978 948 1998 nemo

163 2022 238 2042 sanae
261 2015 361 2042 mentis
375 2015 475 2042 dixerit
488 2022 628 2049 ,unquam.
643 2015 696 2043 Sed
714 2016 772 2044 haec
785 2017 895 2044 haeresis
911 2017 948 2045 si-

165 2060 248 2087 lentio
262 2059 434 2088 involvenda.
456 2061 589 2088 Praaterea
609 2061 816 2097 diequirendum
828 2066 870 2091 est
892 2064 946 2090 ita:

163 2104 312 2133 itteil‘abilia
333 2106 413 2138 bona,
436 2106 476 2133 rel
490 2107 553 2142 quia
569 2107 682 2142 majora,
700 2108 740 2136 vel
754 2108 818 2143 quia
841 2109 946 2137 minora

161 2154 236 2183 sunt,
250 2157 281 2177 ea
296 2151 382 2178 sancti
399 2157 451 2177 non
467 2150 570 2178 vident.
584 2151 611 2178 Si
623 2151 686 2186 quia
699 2152 816 2185 minora,
831 2153 864 2180 iis
876 2160 946 2188 opus

162 2200 277 2229 nonest,
290 2203 352 2237 nam
369 2197 503 2231 majorum
518 2201 657 2232 compotes
683 2197 758 2230 facti,
774 2199 877 2226 minora
891 2206 946 2226 non

160 2245 278 2269 curant.
299 2241 385 2277 llujus
415 2242 488 2269 enim
507 2243 653 2272 admodum
681 2249 774 2279 aperte
800 2245 946 2280 participes

161 2293 235 2321 sunt,
252 2288 275 2314 si
291 2287 379 2322 majus
396 2292 458 2316 sunt
472 2289 622 2317 consecuti.
645 2289 672 2317 Si
683 2297 747 2319 vero
759 2291 822 2326 quia
832 2291 946 2327 majora,

160 2341 190 2360 ea
204 2340 258 2365 non
276 2333 422 2367 recipiunt,
438 2333 510 2361 absit
521 2333 690 2370 blasphemia
704 2337 807 2372 majora
831 2338 946 2372 reperiri

160 2385 241 2412 quant
250 2378 379 2411 Deilvisio
393 2383 419 2406 et
429 2379 523 2407 iruitio
531 2380 576 2407 sit.
587 2380 790 2410 Ostendendum
803 2387 845 2411 est
854 2388 945 2411 autem

160 2431 191 2451 ea
202 2424 271 2452 bona
284 2425 442 2460 conspicere
458 2430 569 2455 sanctos
585 2426 713 2456 Ecclesiae
731 2430 896 2462 testimonio,
912 2437 945 2458 ex

161 2469 194 2496 iis
224 2477 285 2503 quae
304 2470 341 2498 ibi
363 2472 539 2500 occinuntur.
567 2472 619 2506 Qui
644 2474 722 2502 ﬂdem
747 2483 803 2503 non
824 2476 945 2510 adhibet,

161 2518 298 2542 scrutetur
319 2515 346 2542 in
363 2518 481 2545 secunda
506 2517 676 2553 Septembris
689 2521 804 2554 mensis,
815 2521 946 2556 reperiet~

160 2566 212 2594 que
232 2559 389 2588 idiomelum
418 2564 508 2591 sancti
532 2563 675 2592 Mamantis
700 2565 736 2592 ita
763 2573 792 2594 se
816 2566 943 2595 habens:

163 2614 172 2632 ι
185 2605 273 2633 Veluti
288 2613 355 2634 nova
370 2607 440 2635 oliva
450 2609 550 2643 planta,
560 2611 592 2638 ad
606 2610 651 2638 Dei
663 2618 782 2639 mensam
791 2613 942 2645 acctrssisti,

159 2651 241 2680 veluti
267 2651 339 2680 ﬁlius
356 2660 452 2680 eorum
476 2654 521 2689 qui
539 2655 645 2683 Dotnini
663 2656 734 2683 viam
752 2657 945 2692 ingrediuntur

158 2706 207 2734 per
219 2699 391 2734 martyrium,
403 2700 545 2728 benedixit
557 2701 604 2729 tibi
625 2702 766 2736 Domintts,
782 2708 810 2731 et
825 2705 944 2733 cmlestis

159 2745 224 2771 Sion
242 2745 311 2772 bona
328 2746 428 2781 aspicis
448 2747 474 2774 in
494 2747 597 2774 deliciis
625 2748 723 2775 divina:
738 2749 837 2785 degens
854 2751 945 2778 exsul-

159 2790 277 2817 tationis.
294 2800 303 2816 ›
318 2791 386 2824 Quid
405 2793 438 2819 ad
467 2793 519 2819 hoc
534 2793 698 2827 respondere
724 2794 872 2827 audebunt,
898 2797 943 2831 qui

158 2834 229 2862 banc
243 2838 403 2864 sententiam
434 2839 573 2866 renuunt?
601 2839 691 2866 Surdo
716 2840 802 2874 aspidi
819 2843 942 2876 profecto

1041 1790 1102 1818 Ὀτι
1120 1791 1147 1817 δὲ
1172 1792 1276 1827 αῐρεσις
1290 1791 1381 1824 τοῦτο,
1403 1794 1536 1821 σκεπτέον
1558 1795 1626 1830 μετὰ
1651 1797 1790 1832 μακροθυ-

1005 1835 1080 1871 μίας.
1097 1837 1129 1863 Εἰ
1152 1837 1198 1864 τδν
1220 1838 1286 1866 Θεὸν
1299 1839 1384 1873 ὁρῶσι
1401 1838 1450 1867 νῦν
1469 1840 1524 1867 τῶν
1541 1842 1626 1875 ἁγίων
1645 1844 1673 1870 αι
1692 1843 1788 1879 ψυχαὶ,

1002 1881 1035 1908 τὰ
1044 1882 1072 1908 δὲ
1084 1883 1230 1919 ἀπόρρητα
1239 1884 1329 1918 ἀγαθὰ
1341 1885 1389 1920 οὐχ
1399 1885 1508 1921 ὁρῶσιν,
1523 1889 1716 1923 ἁναμφιὸόλως
1731 1892 1790 1925 μεί-

1001 1926 1067 1958 ζονά
1081 1928 1152 1955 είσιν
1164 1929 1266 1963 ἐκεῖνα,
1280 1931 1296 1965 ἢ
1316 1931 1400 1963 αῠτδς
1415 1933 1428 1958 ό
1445 1933 1522 1965 Θεός.
1543 1935 1620 1962 Ἐπεὶ
1637 1937 1727 1965 ἐκεῖνα
1739 1939 1790 1973 μὲν

1000 1973 1144 2009 ἀθεώρητα
1156 1975 1212 2006 τοῖς
1228 1975 1316 2010 ἁγίοις
1336 1979 1516 2013 τυγχάνουσιν
1526 1988 1533 1995 ·
1551 1981 1565 2007 ὁ
1580 1981 1608 2008 δὲ
1631 1982 1708 2015 Θεὸς,
1724 1985 1790 2020 ἐρα-

1001 2018 1045 2051 τδς
1057 2020 1149 2052 αὐτοῖς
1164 2021 1294 2057 ὑπάρχει.
1305 2022 1390 2050 Τοῦτο
1404 2025 1491 2057 οὐδεὶς
1507 2026 1571 2060 ὑγιᾶ
1584 2028 1629 2054 τδν
1642 2029 1704 2056 νοῦν
1719 2018 1789 2065 ἔνων

1001 2065 1074 2092 εἴποι
1085 2066 1128 2095 ἄν.
1151 2068 1231 2096 Ἀλλὰ
1245 2070 1398 2104 σιωπητέον
1410 2071 1461 2106 τὴν
1472 2072 1580 2108 αἵρεσιν
1594 2074 1706 2110 ταύτην.
1724 2076 1788 2104 Ἔτι

1002 2111 1137 2157 σκεπτέον
1153 2112 1250 2146 οὕτως.
1270 2115 1377 2142 Ἐκεῖνα
1393 2117 1427 2143 τὰ
1439 2118 1584 2154 ἀπόρρητα
1598 2120 1700 2153 ἀγαθὰ,
1716 2122 1734 2157 ἢ
1750 2123 1789 2154 ὡς

1002 2155 1113 2191 μείζονα
1133 2157 1158 2185 οί
1177 2159 1250 2194 ἅγιοι
1266 2161 1316 2197 οὔχ
1333 2162 1434 2198 ὁρῶσιν
1455 2165 1534 2196 αὐτὰ,
1551 2164 1567 2200 ἢ
1585 2166 1622 2197 ὠς
1645 2155 1786 2195 ἐλάττονα.

959 2222 987 2252 D
1001 2202 1032 2252 Εί
1049 2202 1161 2252 μὲνοῦν
1180 2204 1219 2252 ὡς
1233 2206 1373 2242 ἐλάττονα,
1395 2209 1425 2235 οὐ
1443 2211 1534 2244 χρεία.
1553 2209 1606 2238 Τοῦ
1620 2212 1674 2247 γὰρ
1692 2213 1786 2248 μειζο-

998 2248 1077 2284 τιρου
1093 2249 1343 2287 ἀπολαμϐάνοντες,
1360 2254 1390 2281 οὐ
1407 2256 1581 2290 φροντίζουσι
1607 2258 1654 2284 τοῦ
1671 2258 1784 2286 ἐλάττο-

997 2304 1053 2327 νος.
1067 2296 1122 2323 Καὶ
1136 2298 1190 2334 γὰρ
1203 2297 1234 2332 δὴ
1250 2299 1298 2325 καὶ
1307 2299 1403 2326 τούτου
1416 2302 1488 2328 πάνυ
1505 2310 1537 2336 γε
1552 2302 1702 2338 διαρρήδην
1719 2305 1788 2331 ἀπο-

997 2343 1175 2378 λαμϐάνουσι,
1191 2345 1240 2372 τοῦ
1264 2346 1424 2382 μειζοτέρου
1442 2348 1694 2382 ἀπολαμῧάνοντες.
1712 2351 1744 2377 Εἰ
1757 2352 1786 2378 δὲ

997 2389 1036 2420 ὡς
1051 2390 1163 2424 μείζονα
1182 2391 1233 2418 οὐκ
1247 2392 1497 2427 ἀπολαμϐάνουσιν,
1519 2395 1608 2422 ἀπίτω
1622 2397 1652 2422 τὸ
1665 2396 1786 2431 βλάσφη-

999 2442 1058 2470 μον,
1071 2435 1113 2462 ὅτι
1133 2437 1187 2462 είσί
1198 2445 1260 2464 τινα
1274 2438 1386 2472 μείζονα
1398 2439 1446 2474 τῆς
1458 2440 1505 2466 τοῦ
1521 2440 1587 2467 Θεοῦ
1605 2441 1721 2476 θεωρίας
1736 2443 1785 2470 καὶ

997 2479 1183 2512 ἀπολαύσεως.
1201 2482 1327 2509 Δεικτέον
1345 2482 1383 2516 δὲ,
1406 2483 1447 2510 ὅτι
1467 2485 1515 2510 κα¹ι
1529 2485 1564 2512 τὰ
1580 2485 1671 2519 ἀγαθὰ
1691 2488 1784 2513 ἐκεῖνα

997 2524 1147 2560 θεωροῦσιν
1164 2528 1188 2553 oi
1207 2527 1291 2561 ἆγιοι,
1307 2527 1352 2555 διὰ
1369 2530 1528 2565 μαρτυριῶν
1543 2533 1592 2566 τῆς
1611 2531 1782 2567 Ἐκκλησίας,

997 2571 1050 2596 ἀπὸ
1061 2571 1116 2598 τῶν
1130 2572 1160 2598 ὲν
1182 2573 1250 2609 αὐτῇ
1264 2574 1412 2608 ᾀδομένων.
1432 2575 1461 2601 '0
1478 2576 1515 2611 μὴ
1540 2577 1686 2610 πιστεύων,
1707 2579 1785 2612 έρευο

996 2616 1105 2650 νησάτω
1120 2617 1148 2643 ἐν
1162 2618 1195 2653 τῇ
1214 2617 1328 2654 δευτέρᾳ
1342 2619 1389 2646 τοῦ
1406 2620 1597 2656 Σεπτεμϐρίου
1614 2623 1699 2658 μηνός
1713 2631 1719 2638 ·
1735 2624 1784 2650 καὶ

996 2661 1108 2697 εὑρήσει
1124 2663 1257 2699 ίδιόμελον
1273 2665 1320 2691 τοῦ
1338 2666 1417 2700 ἁγίου
1433 2666 1592 2701 Μάμαντος,
1605 2668 1664 2703 ἔχον
1678 2667 1764 2701 οὕτως
1774 2678 1782 2686 ι

998 2716 1007 2732 ι
1027 2708 1096 2735 Νέον
1110 2710 1193 2743 φυτὸν
1208 2711 1333 2747 καθάπερ
1348 2712 1452 2745 ἐλαίας,
1469 2715 1501 2749 τῇ
1518 2714 1564 2740 τοῦ
1578 2714 1645 2741 Θεοῦ
1656 2716 1783 2751 τραπέζῃ
1803 2711 1807 2715 ”

995 2753 1150 2788 γεγένησαι·
1163 2755 1199 2786 ὡς
1212 2756 1268 2788 υίὸς
1283 2757 1337 2783 τῶν
1356 2759 1543 2793 πορευθέντων
1552 2761 1601 2794 τὴν
1613 2760 1659 2787 τοῦ
1678 2761 1782 2795 Κυρίου

994 2798 1052 2824 ὁδὸν
1069 2799 1112 2825 διὰ
1130 2801 1280 2834 μαρτυρίου
1303 2802 1436 2838 εὐλόγησέ
1453 2812 1481 2830 σε
1506 2805 1609 2839 Κύριος
1622 2812 1629 2820 ·
1649 2806 1696 2832 καὶ
1721 2805 1782 2840 βλέ-

995 2853 1056 2875 πεις
1077 2846 1184 2881 τάγαθὰ
1211 2847 1260 2882 τῆς
1287 2847 1342 2874 ἄνω
1361 2849 1439 2882 Σιὼν,
1462 2851 1602 2885 ἐντρυφῶν
1626 2851 1676 2886 τῆς
1704 2851 1782 2883 θείας
