  <div class='ocr_page' id='page_1' title='image "/cluster/home/n/w/nwhite01/storage/ocr_20150623/159/njp.32101077773248/667.png"; bbox 0 0 1951 3075; ppageno 0'>
   <div class='ocr_carea' id='block_1_1' title="bbox 146 146 217 177">
    <p class='ocr_par' dir='ltr' id='par_1_1' title="bbox 146 146 217 177">
     <span class='ocr_line' id='line_1_1' title="bbox 146 146 217 177; baseline -0.028 0"><span class='ocrx_word' id='word_1_1' title='bbox 146 146 217 177; x_wconf 60' lang='grc'>1995</span> 
     </span>
    </p>
   </div>
   <div class='ocr_carea' id='block_1_2' title="bbox 129 200 967 237">
    <p class='ocr_par' dir='ltr' id='par_1_2' title="bbox 129 200 967 237">
     <span class='ocr_line' id='line_1_2' title="bbox 129 200 967 237; baseline -0.005 -6"><span class='ocrx_word' id='word_1_2' title='bbox 129 204 194 231; x_wconf 77' lang='grc' dir='ltr'>’ίοεί</span> <span class='ocrx_word' id='word_1_3' title='bbox 210 210 283 231; x_wconf 93' lang='lat' dir='ltr'><strong>nunc</strong></span> <span class='ocrx_word' id='word_1_4' title='bbox 303 210 362 231; x_wconf 83' lang='lat' dir='ltr'><strong>esse</strong></span> <span class='ocrx_word' id='word_1_5' title='bbox 377 202 493 234; x_wconf 77' lang='lat' dir='ltr'><strong>animas,</strong></span> <span class='ocrx_word' id='word_1_6' title='bbox 505 206 598 237; x_wconf 84' lang='lat' dir='ltr'><strong>postea</strong></span> <span class='ocrx_word' id='word_1_7' title='bbox 622 200 776 233; x_wconf 86' lang='lat' dir='ltr'><strong>discedunt,</strong></span> <span class='ocrx_word' id='word_1_8' title='bbox 794 205 821 228; x_wconf 88' lang='lat' dir='ltr'>et</span> <span class='ocrx_word' id='word_1_9' title='bbox 835 208 929 228; x_wconf 88' lang='lat' dir='ltr'><strong>earum</strong></span> <span class='ocrx_word' id='word_1_10' title='bbox 945 204 967 232; x_wconf 76' lang='grc' dir='ltr'><strong>Α</strong></span> 
     </span>
    </p>
   </div>
   <div class='ocr_carea' id='block_1_3' title="bbox 143 247 931 284">
    <p class='ocr_par' dir='ltr' id='par_1_3' title="bbox 143 247 931 284">
     <span class='ocr_line' id='line_1_3' title="bbox 143 247 931 284; baseline -0.006 -6"><span class='ocrx_word' id='word_1_11' title='bbox 143 250 278 284; x_wconf 83' lang='lat' dir='ltr'><strong>recipiunt</strong></span> <span class='ocrx_word' id='word_1_12' title='bbox 292 256 418 284; x_wconf 85' lang='lat' dir='ltr'><strong>corpora,</strong></span> <span class='ocrx_word' id='word_1_13' title='bbox 436 256 516 276; x_wconf 85' lang='lat' dir='ltr'><strong>suum</strong></span> <span class='ocrx_word' id='word_1_14' title='bbox 533 247 634 283; x_wconf 76' lang='lat' dir='ltr'>singuli</span> <span class='ocrx_word' id='word_1_15' title='bbox 652 256 659 274; x_wconf 86' lang='lat'>:</span> <span class='ocrx_word' id='word_1_16' title='bbox 676 247 713 275; x_wconf 90' lang='lat' dir='ltr'>ita</span> <span class='ocrx_word' id='word_1_17' title='bbox 725 252 819 282; x_wconf 83' lang='lat' dir='ltr'><strong>postea</strong></span> <span class='ocrx_word' id='word_1_18' title='bbox 832 255 847 274; x_wconf 87' lang='lat' dir='ltr'>a</span> <span class='ocrx_word' id='word_1_19' title='bbox 858 247 931 282; x_wconf 82' lang='lat' dir='ltr'><strong>judi-</strong></span> 
     </span>
    </p>
   </div>
   <div class='ocr_carea' id='block_1_4' title="bbox 141 293 933 327">
    <p class='ocr_par' dir='ltr' id='par_1_4' title="bbox 141 293 933 327">
     <span class='ocr_line' id='line_1_4' title="bbox 141 293 933 327; baseline -0.006 -3"><span class='ocrx_word' id='word_1_20' title='bbox 141 304 173 324; x_wconf 88' lang='lat' dir='ltr'>ce</span> <span class='ocrx_word' id='word_1_21' title='bbox 187 297 317 324; x_wconf 84' lang='lat' dir='ltr'><strong>adversus</strong></span> <span class='ocrx_word' id='word_1_22' title='bbox 330 303 377 323; x_wconf 85' lang='lat' dir='ltr'>eos</span> <span class='ocrx_word' id='word_1_23' title='bbox 390 295 525 322; x_wconf 71' lang='lat' dir='ltr'>sententia</span> <span class='ocrx_word' id='word_1_24' title='bbox 542 293 639 326; x_wconf 81' lang='lat' dir='ltr'><strong>fertur,</strong></span> <span class='ocrx_word' id='word_1_25' title='bbox 661 294 766 327; x_wconf 73' lang='lat' dir='ltr'><strong>dicens,</strong></span> <span class='ocrx_word' id='word_1_26' title='bbox 786 303 794 319; x_wconf 79' lang='grc' dir='ltr'>ι</span> <span class='ocrx_word' id='word_1_27' title='bbox 812 293 933 321; x_wconf 85' lang='lat' dir='ltr'><strong>Conver-</strong></span> 
     </span>
    </p>
   </div>
   <div class='ocr_carea' id='block_1_5' title="bbox 142 341 934 378">
    <p class='ocr_par' dir='ltr' id='par_1_5' title="bbox 142 341 934 378">
     <span class='ocr_line' id='line_1_5' title="bbox 142 341 934 378; baseline -0.006 -7"><span class='ocrx_word' id='word_1_28' title='bbox 142 349 233 372; x_wconf 87' lang='lat' dir='ltr'><strong>tantur</strong></span> <span class='ocrx_word' id='word_1_29' title='bbox 247 347 403 378; x_wconf 87' lang='lat' dir='ltr'><strong>peccatores</strong></span> <span class='ocrx_word' id='word_1_30' title='bbox 417 341 445 369; x_wconf 90' lang='lat' dir='ltr'><strong>in</strong></span> <span class='ocrx_word' id='word_1_31' title='bbox 470 341 606 369; x_wconf 82' lang='lat' dir='ltr'><strong>infernum</strong></span> <span class='ocrx_word' id='word_1_32' title='bbox 630 348 658 374; x_wconf 69' lang='grc' dir='ltr'>ς»</span> <span class='ocrx_word' id='word_1_33' title='bbox 674 341 719 374; x_wconf 87' lang='lat' dir='ltr'>qui</span> <span class='ocrx_word' id='word_1_34' title='bbox 736 344 828 367; x_wconf 87' lang='lat' dir='ltr'><strong>autem</strong></span> <span class='ocrx_word' id='word_1_35' title='bbox 841 347 934 367; x_wconf 78' lang='lat' dir='ltr'><strong>rever-</strong></span> 
     </span>
    </p>
   </div>
   <div class='ocr_carea' id='block_1_6' title="bbox 141 386 933 424">
    <p class='ocr_par' dir='ltr' id='par_1_6' title="bbox 141 386 933 424">
     <span class='ocr_line' id='line_1_6' title="bbox 141 386 933 424; baseline -0.004 -7"><span class='ocrx_word' id='word_1_36' title='bbox 141 391 218 422; x_wconf 82' lang='lat' dir='ltr'><strong>titur,</strong></span> <span class='ocrx_word' id='word_1_37' title='bbox 233 394 356 424; x_wconf 82' lang='lat' dir='ltr'><strong>apertum</strong></span> <span class='ocrx_word' id='word_1_38' title='bbox 374 392 458 419; x_wconf 82' lang='lat' dir='ltr'><strong>esteo</strong></span> <span class='ocrx_word' id='word_1_39' title='bbox 472 388 544 416; x_wconf 83' lang='lat' dir='ltr'><strong>unde</strong></span> <span class='ocrx_word' id='word_1_40' title='bbox 558 391 671 415; x_wconf 81' lang='lat' dir='ltr'><strong>venerat</strong></span> <span class='ocrx_word' id='word_1_41' title='bbox 685 395 746 414; x_wconf 90' lang='lat' dir='ltr'><strong>eum</strong></span> <span class='ocrx_word' id='word_1_42' title='bbox 758 387 867 414; x_wconf 85' lang='lat' dir='ltr'><strong>reverti.</strong></span> <span class='ocrx_word' id='word_1_43' title='bbox 880 386 933 414; x_wconf 90' lang='lat' dir='ltr'>Sed</span> 
     </span>
    </p>
   </div>
   <div class='ocr_carea' id='block_1_7' title="bbox 143 432 935 464">
    <p class='ocr_par' dir='ltr' id='par_1_7' title="bbox 143 432 935 464">
     <span class='ocr_line' id='line_1_7' title="bbox 143 432 935 464; baseline -0.004 0"><span class='ocrx_word' id='word_1_44' title='bbox 143 436 337 464; x_wconf 84' lang='lat' dir='ltr'><strong>celeberrimus</strong></span> <span class='ocrx_word' id='word_1_45' title='bbox 352 441 418 462; x_wconf 83' lang='lat' dir='ltr'><strong>sane</strong></span> <span class='ocrx_word' id='word_1_46' title='bbox 445 439 473 462; x_wconf 89' lang='lat' dir='ltr'>et</span> <span class='ocrx_word' id='word_1_47' title='bbox 494 433 603 461; x_wconf 86' lang='lat' dir='ltr'><strong>divinus</strong></span> <span class='ocrx_word' id='word_1_48' title='bbox 621 438 714 461; x_wconf 76' lang='lat' dir='ltr'><strong>noster</strong></span> <span class='ocrx_word' id='word_1_49' title='bbox 738 433 829 464; x_wconf 80' lang='lat' dir='ltr'><strong>Pater.</strong></span> <span class='ocrx_word' id='word_1_50' title='bbox 848 432 935 461; x_wconf 69' lang='lat' dir='ltr'><strong>Crette</strong></span> 
     </span>
    </p>
   </div>
   <div class='ocr_carea' id='block_1_8' title="bbox 143 480 933 515">
    <p class='ocr_par' dir='ltr' id='par_1_8' title="bbox 143 480 933 515">
     <span class='ocr_line' id='line_1_8' title="bbox 143 480 933 515; baseline 0.001 -9"><span class='ocrx_word' id='word_1_51' title='bbox 143 480 321 515; x_wconf 81' lang='lat' dir='ltr'><strong>dignissimus</strong></span> <span class='ocrx_word' id='word_1_52' title='bbox 336 485 429 515; x_wconf 77' lang='lat' dir='ltr'>pastor</span> <span class='ocrx_word' id='word_1_53' title='bbox 454 480 588 511; x_wconf 82' lang='lat' dir='ltr'>Andreas,</span> <span class='ocrx_word' id='word_1_54' title='bbox 607 485 667 514; x_wconf 83' lang='lat' dir='ltr'><strong>post</strong></span> <span class='ocrx_word' id='word_1_55' title='bbox 699 483 810 507; x_wconf 89' lang='lat' dir='ltr'><strong>sanctos</strong></span> <span class='ocrx_word' id='word_1_56' title='bbox 837 485 933 507; x_wconf 85' lang='lat' dir='ltr'><strong>omnes</strong></span> 
     </span>
    </p>
   </div>
   <div class='ocr_carea' id='block_1_9' title="bbox 142 522 935 560">
    <p class='ocr_par' dir='ltr' id='par_1_9' title="bbox 142 522 935 560">
     <span class='ocr_line' id='line_1_9' title="bbox 142 522 935 560; baseline -0.003 -6"><span class='ocrx_word' id='word_1_57' title='bbox 142 535 156 553; x_wconf 89' lang='lat' dir='ltr'>a</span> <span class='ocrx_word' id='word_1_58' title='bbox 173 527 251 554; x_wconf 83' lang='lat' dir='ltr'><strong>nobis</strong></span> <span class='ocrx_word' id='word_1_59' title='bbox 269 526 295 553; x_wconf 96' lang='lat' dir='ltr'><strong>in</strong></span> <span class='ocrx_word' id='word_1_60' title='bbox 311 530 394 554; x_wconf 84' lang='lat' dir='ltr'><strong>testes</strong></span> <span class='ocrx_word' id='word_1_61' title='bbox 408 526 434 553; x_wconf 92' lang='lat' dir='ltr'><strong>iu</strong></span> <span class='ocrx_word' id='word_1_62' title='bbox 452 525 506 553; x_wconf 85' lang='lat' dir='ltr'><strong>ltoc</strong></span> <span class='ocrx_word' id='word_1_63' title='bbox 523 529 685 560; x_wconf 78' lang='lat' dir='ltr'><strong>argumento</strong></span> <span class='ocrx_word' id='word_1_64' title='bbox 701 522 844 558; x_wconf 80' lang='lat' dir='ltr'><strong>adductos,</strong></span> <span class='ocrx_word' id='word_1_65' title='bbox 859 532 935 552; x_wconf 83' lang='lat' dir='ltr'><strong>accc—</strong></span> 
     </span>
    </p>
   </div>
   <div class='ocr_carea' id='block_1_10' title="bbox 142 566 936 607">
    <p class='ocr_par' dir='ltr' id='par_1_10' title="bbox 142 566 936 607">
     <span class='ocr_line' id='line_1_10' title="bbox 142 566 936 607; baseline -0.003 -8"><span class='ocrx_word' id='word_1_66' title='bbox 142 574 187 599; x_wconf 84' lang='lat' dir='ltr'><strong>dal</strong></span> <span class='ocrx_word' id='word_1_67' title='bbox 198 576 225 599; x_wconf 87' lang='lat' dir='ltr'>et</span> <span class='ocrx_word' id='word_1_68' title='bbox 238 572 297 607; x_wconf 83' lang='lat' dir='ltr'><strong>ipse</strong></span> <span class='ocrx_word' id='word_1_69' title='bbox 312 576 343 599; x_wconf 87' lang='lat' dir='ltr'>ut</span> <span class='ocrx_word' id='word_1_70' title='bbox 356 579 463 598; x_wconf 88' lang='lat' dir='ltr'><strong>mecum</strong></span> <span class='ocrx_word' id='word_1_71' title='bbox 479 571 572 599; x_wconf 85' lang='lat' dir='ltr'><strong>eadem</strong></span> <span class='ocrx_word' id='word_1_72' title='bbox 587 566 757 599; x_wconf 81' lang='lat' dir='ltr'><strong>testiﬁcetur.</strong></span> <span class='ocrx_word' id='word_1_73' title='bbox 778 571 801 598; x_wconf 85' lang='lat' dir='ltr'><strong>Is</strong></span> <span class='ocrx_word' id='word_1_74' title='bbox 817 578 936 606; x_wconf 85' lang='lat' dir='ltr'><strong>namque</strong></span> 
     </span>
    </p>
   </div>
   <div class='ocr_carea' id='block_1_11' title="bbox 141 617 936 653">
    <p class='ocr_par' dir='ltr' id='par_1_11' title="bbox 141 617 936 653">
     <span class='ocr_line' id='line_1_11' title="bbox 141 617 936 653; baseline -0.003 -7"><span class='ocrx_word' id='word_1_75' title='bbox 141 619 168 646; x_wconf 88' lang='lat' dir='ltr'><strong>in</strong></span> <span class='ocrx_word' id='word_1_76' title='bbox 186 617 305 653; x_wconf 86' lang='lat' dir='ltr'><strong>quadam</strong></span> <span class='ocrx_word' id='word_1_77' title='bbox 333 617 426 645; x_wconf 88' lang='lat' dir='ltr'><strong>divina</strong></span> <span class='ocrx_word' id='word_1_78' title='bbox 454 617 590 650; x_wconf 86' lang='lat' dir='ltr'><strong>oratione,</strong></span> <span class='ocrx_word' id='word_1_79' title='bbox 607 625 689 652; x_wconf 85' lang='lat' dir='ltr'><strong>quam</strong></span> <span class='ocrx_word' id='word_1_80' title='bbox 707 618 733 644; x_wconf 96' lang='lat' dir='ltr'><strong>in</strong></span> <span class='ocrx_word' id='word_1_81' title='bbox 750 617 936 645; x_wconf 64' lang='lat' dir='ltr'><strong>immaculata:</strong></span> 
     </span>
    </p>
   </div>
   <div class='ocr_carea' id='block_1_12' title="bbox 142 662 937 699">
    <p class='ocr_par' dir='ltr' id='par_1_12' title="bbox 142 662 937 699">
     <span class='ocr_line' id='line_1_12' title="bbox 142 662 937 699; baseline -0.003 -8"><span class='ocrx_word' id='word_1_82' title='bbox 142 669 243 692; x_wconf 76' lang='lat' dir='ltr'>nostrae</span> <span class='ocrx_word' id='word_1_83' title='bbox 282 662 401 699; x_wconf 75' lang='lat' dir='ltr'>Virginis</span> <span class='ocrx_word' id='word_1_84' title='bbox 420 663 639 690; x_wconf 87' lang='lat' dir='ltr'><strong>dormitationem</strong></span> <span class='ocrx_word' id='word_1_85' title='bbox 660 663 846 698; x_wconf 86' lang='lat' dir='ltr'>pulcherrime</span> <span class='ocrx_word' id='word_1_86' title='bbox 859 669 937 690; x_wconf 86' lang='lat' dir='ltr'><strong>com-</strong></span> 
     </span>
    </p>
   </div>
   <div class='ocr_carea' id='block_1_13' title="bbox 143 708 936 745">
    <p class='ocr_par' dir='ltr' id='par_1_13' title="bbox 143 708 936 745">
     <span class='ocr_line' id='line_1_13' title="bbox 143 708 936 745; baseline -0.003 -8"><span class='ocrx_word' id='word_1_87' title='bbox 143 710 244 745; x_wconf 85' lang='lat' dir='ltr'><strong>posuit.</strong></span> <span class='ocrx_word' id='word_1_88' title='bbox 283 709 361 744; x_wconf 85' lang='lat' dir='ltr'><strong>cujus</strong></span> <span class='ocrx_word' id='word_1_89' title='bbox 400 709 587 744; x_wconf 88' lang='lat' dir='ltr'><strong>principium:</strong></span> <span class='ocrx_word' id='word_1_90' title='bbox 620 718 630 734; x_wconf 75' lang='grc' dir='ltr'>ι</span> <span class='ocrx_word' id='word_1_91' title='bbox 672 708 832 743; x_wconf 85' lang='lat' dir='ltr'><strong>Quicunque</strong></span> <span class='ocrx_word' id='word_1_92' title='bbox 873 708 936 735; x_wconf 89' lang='lat' dir='ltr'><strong>reli-</strong></span> 
     </span>
    </p>
   </div>
   <div class='ocr_carea' id='block_1_14' title="bbox 141 755 937 791">
    <p class='ocr_par' dir='ltr' id='par_1_14' title="bbox 141 755 937 791">
     <span class='ocr_line' id='line_1_14' title="bbox 141 755 937 791; baseline -0.003 -8"><span class='ocrx_word' id='word_1_93' title='bbox 141 756 247 791; x_wconf 77' lang='lat' dir='ltr'><strong>giosum</strong></span> <span class='ocrx_word' id='word_1_94' title='bbox 259 759 286 783; x_wconf 88' lang='lat' dir='ltr'>et</span> <span class='ocrx_word' id='word_1_95' title='bbox 302 755 488 783; x_wconf 77' lang='lat' dir='ltr'><strong>venerandum</strong></span> <span class='ocrx_word' id='word_1_96' title='bbox 506 755 594 783; x_wconf 88' lang='lat' dir='ltr'><strong>locum</strong></span> <span class='ocrx_word' id='word_1_97' title='bbox 607 755 690 788; x_wconf 84' lang='lat' dir='ltr'><strong>hunc,</strong></span> <span class='ocrx_word' id='word_1_98' title='bbox 708 764 718 781; x_wconf 83' lang='grc'><strong>›</strong></span> <span class='ocrx_word' id='word_1_99' title='bbox 731 755 809 790; x_wconf 83' lang='lat' dir='ltr'><strong>juxta</strong></span> <span class='ocrx_word' id='word_1_100' title='bbox 833 755 937 790; x_wconf 89' lang='lat' dir='ltr'><strong>princi-</strong></span> 
     </span>
    </p>
   </div>
   <div class='ocr_carea' id='block_1_15' title="bbox 142 800 937 837">
    <p class='ocr_par' dir='ltr' id='par_1_15' title="bbox 142 800 937 837">
     <span class='ocr_line' id='line_1_15' title="bbox 142 800 937 837; baseline -0.003 -8"><span class='ocrx_word' id='word_1_101' title='bbox 142 803 216 836; x_wconf 85' lang='lat' dir='ltr'><strong>pium</strong></span> <span class='ocrx_word' id='word_1_102' title='bbox 234 802 267 829; x_wconf 89' lang='lat' dir='ltr'>de</span> <span class='ocrx_word' id='word_1_103' title='bbox 288 809 322 829; x_wconf 88' lang='lat' dir='ltr'>eo</span> <span class='ocrx_word' id='word_1_104' title='bbox 339 803 376 830; x_wconf 86' lang='lat' dir='ltr'>ita</span> <span class='ocrx_word' id='word_1_105' title='bbox 392 805 542 837; x_wconf 84' lang='lat' dir='ltr'><strong>pertractat</strong></span> <span class='ocrx_word' id='word_1_106' title='bbox 558 809 565 828; x_wconf 89' lang='lat'><strong>:</strong></span> <span class='ocrx_word' id='word_1_107' title='bbox 589 809 598 826; x_wconf 79' lang='grc' dir='ltr'>ι</span> <span class='ocrx_word' id='word_1_108' title='bbox 612 800 758 834; x_wconf 63' lang='lat' dir='ltr'><strong>Caeterum,</strong></span> <span class='ocrx_word' id='word_1_109' title='bbox 774 805 801 828; x_wconf 86' lang='lat' dir='ltr'>et</span> <span class='ocrx_word' id='word_1_110' title='bbox 826 804 937 828; x_wconf 83' lang='lat' dir='ltr'><strong>sancto-</strong></span> 
     </span>
    </p>
   </div>
   <div class='ocr_carea' id='block_1_16' title="bbox 142 847 938 882">
    <p class='ocr_par' dir='ltr' id='par_1_16' title="bbox 142 847 938 882">
     <span class='ocr_line' id='line_1_16' title="bbox 142 847 938 882; baseline -0.003 -6"><span class='ocrx_word' id='word_1_111' title='bbox 142 856 203 876; x_wconf 91' lang='lat' dir='ltr'><strong>rum</strong></span> <span class='ocrx_word' id='word_1_112' title='bbox 215 849 314 876; x_wconf 69' lang='lat' dir='ltr'><strong>auima’.</strong></span> <span class='ocrx_word' id='word_1_113' title='bbox 330 848 505 876; x_wconf 88' lang='lat' dir='ltr'><strong>tenebrosum</strong></span> <span class='ocrx_word' id='word_1_114' title='bbox 520 848 630 882; x_wconf 84' lang='lat' dir='ltr'><strong>quidem</strong></span> <span class='ocrx_word' id='word_1_115' title='bbox 664 848 754 875; x_wconf 92' lang='lat' dir='ltr'><strong>locum</strong></span> <span class='ocrx_word' id='word_1_116' title='bbox 773 847 850 874; x_wconf 88' lang='lat' dir='ltr'><strong>illutn</strong></span> <span class='ocrx_word' id='word_1_117' title='bbox 878 855 938 882; x_wconf 86' lang='lat' dir='ltr'><strong>per-</strong></span> 
     </span>
    </p>
   </div>
   <div class='ocr_carea' id='block_1_17' title="bbox 143 894 975 930">
    <p class='ocr_par' dir='ltr' id='par_1_17' title="bbox 143 894 975 930">
     <span class='ocr_line' id='line_1_17' title="bbox 143 894 975 930; baseline -0.002 -7"><span class='ocrx_word' id='word_1_118' title='bbox 143 899 286 923; x_wconf 85' lang='lat' dir='ltr'><strong>transeunt</strong></span> <span class='ocrx_word' id='word_1_119' title='bbox 301 903 308 922; x_wconf 90' lang='lat'><strong>:</strong></span> <span class='ocrx_word' id='word_1_120' title='bbox 325 899 353 922; x_wconf 85' lang='lat' dir='ltr'>at</span> <span class='ocrx_word' id='word_1_121' title='bbox 381 901 436 922; x_wconf 91' lang='lat' dir='ltr'>nou</span> <span class='ocrx_word' id='word_1_122' title='bbox 453 895 491 922; x_wconf 87' lang='lat' dir='ltr'>ibi</span> <span class='ocrx_word' id='word_1_123' title='bbox 519 894 688 928; x_wconf 85' lang='lat' dir='ltr'><strong>detinentur,</strong></span> <span class='ocrx_word' id='word_1_124' title='bbox 704 899 860 929; x_wconf 69' lang='lat' dir='ltr'><strong>praetereas</strong></span> <span class='ocrx_word' id='word_1_125' title='bbox 875 901 936 929; x_wconf 70' lang='lat' dir='ltr'><strong>quae</strong></span> <span class='ocrx_word' id='word_1_126' title='bbox 955 902 975 930; x_wconf 76' lang='grc' dir='ltr'><strong><em>Β</em></strong></span> 
     </span>
    </p>
   </div>
   <div class='ocr_carea' id='block_1_18' title="bbox 143 940 939 976">
    <p class='ocr_par' dir='ltr' id='par_1_18' title="bbox 143 940 939 976">
     <span class='ocr_line' id='line_1_18' title="bbox 143 940 939 976; baseline 0 -8"><span class='ocrx_word' id='word_1_127' title='bbox 143 942 208 969; x_wconf 64' lang='lat' dir='ltr'><strong>vita</strong></span> <span class='ocrx_word' id='word_1_128' title='bbox 222 941 329 969; x_wconf 79' lang='lat' dir='ltr'>deliciis</span> <span class='ocrx_word' id='word_1_129' title='bbox 344 940 464 968; x_wconf 83' lang='lat' dir='ltr'><strong>deliuitte</strong></span> <span class='ocrx_word' id='word_1_130' title='bbox 481 945 654 976; x_wconf 82' lang='lat' dir='ltr'><strong>peccatorum</strong></span> <span class='ocrx_word' id='word_1_131' title='bbox 682 943 798 968; x_wconf 85' lang='lat' dir='ltr'><strong>mortem</strong></span> <span class='ocrx_word' id='word_1_132' title='bbox 816 945 939 968; x_wconf 85' lang='lat' dir='ltr'><strong>attraxe-</strong></span> 
     </span>
    </p>
   </div>
   <div class='ocr_carea' id='block_1_19' title="bbox 144 986 940 1022">
    <p class='ocr_par' dir='ltr' id='par_1_19' title="bbox 144 986 940 1022">
     <span class='ocr_line' id='line_1_19' title="bbox 144 986 940 1022; baseline -0.001 -6"><span class='ocrx_word' id='word_1_133' title='bbox 144 991 219 1016; x_wconf 88' lang='lat' dir='ltr'><strong>runt.</strong></span> <span class='ocrx_word' id='word_1_134' title='bbox 235 987 302 1014; x_wconf 81' lang='lat' dir='ltr'><strong>Nam</strong></span> <span class='ocrx_word' id='word_1_135' title='bbox 320 994 491 1022; x_wconf 80' lang='lat' dir='ltr'><strong>quaecunque</strong></span> <span class='ocrx_word' id='word_1_136' title='bbox 522 994 552 1014; x_wconf 88' lang='lat' dir='ltr'>se</span> <span class='ocrx_word' id='word_1_137' title='bbox 561 987 661 1015; x_wconf 85' lang='lat' dir='ltr'><strong>divinis</strong></span> <span class='ocrx_word' id='word_1_138' title='bbox 673 986 777 1021; x_wconf 70' lang='lat' dir='ltr'><strong>legibus</strong></span> <span class='ocrx_word' id='word_1_139' title='bbox 791 987 940 1022; x_wconf 81' lang='lat' dir='ltr'><strong>subjicien-</strong></span> 
     </span>
    </p>
   </div>
   <div class='ocr_carea' id='block_1_20' title="bbox 144 1032 940 1069">
    <p class='ocr_par' dir='ltr' id='par_1_20' title="bbox 144 1032 940 1069">
     <span class='ocr_line' id='line_1_20' title="bbox 144 1032 940 1069; baseline 0 -7"><span class='ocrx_word' id='word_1_140' title='bbox 144 1039 195 1067; x_wconf 84' lang='lat' dir='ltr'><strong>tes.</strong></span> <span class='ocrx_word' id='word_1_141' title='bbox 211 1041 273 1062; x_wconf 84' lang='lat' dir='ltr'>eam</span> <span class='ocrx_word' id='word_1_142' title='bbox 292 1040 354 1068; x_wconf 62' lang='lat' dir='ltr'><strong>quae</strong></span> <span class='ocrx_word' id='word_1_143' title='bbox 380 1033 408 1060; x_wconf 94' lang='lat' dir='ltr'><strong>in</strong></span> <span class='ocrx_word' id='word_1_144' title='bbox 424 1033 502 1062; x_wconf 80' lang='lat' dir='ltr'><strong>cmlis</strong></span> <span class='ocrx_word' id='word_1_145' title='bbox 528 1033 638 1068; x_wconf 74' lang='lat' dir='ltr'><strong>degitur</strong></span> <span class='ocrx_word' id='word_1_146' title='bbox 653 1033 739 1061; x_wconf 83' lang='lat' dir='ltr'><strong>vitam</strong></span> <span class='ocrx_word' id='word_1_147' title='bbox 769 1032 873 1069; x_wconf 87' lang='lat' dir='ltr'><strong>Spiritu</strong></span> <span class='ocrx_word' id='word_1_148' title='bbox 892 1041 940 1069; x_wconf 88' lang='lat' dir='ltr'>per</span> 
     </span>
    </p>
   </div>
   <div class='ocr_carea' id='block_1_21' title="bbox 144 1079 941 1114">
    <p class='ocr_par' dir='ltr' id='par_1_21' title="bbox 144 1079 941 1114">
     <span class='ocr_line' id='line_1_21' title="bbox 144 1079 941 1114; baseline 0 -6"><span class='ocrx_word' id='word_1_149' title='bbox 144 1087 253 1108; x_wconf 85' lang='lat' dir='ltr'><strong>carnem</strong></span> <span class='ocrx_word' id='word_1_150' title='bbox 269 1079 538 1113; x_wconf 81' lang='lat' dir='ltr'>demonstraverunt,</span> <span class='ocrx_word' id='word_1_151' title='bbox 555 1079 588 1107; x_wconf 88' lang='lat' dir='ltr'>ad</span> <span class='ocrx_word' id='word_1_152' title='bbox 605 1079 664 1107; x_wconf 79' lang='lat' dir='ltr'><strong>loca</strong></span> <span class='ocrx_word' id='word_1_153' title='bbox 688 1079 784 1114; x_wconf 90' lang='lat' dir='ltr'><strong>procul</strong></span> <span class='ocrx_word' id='word_1_154' title='bbox 799 1079 885 1107; x_wconf 88' lang='lat' dir='ltr'><strong>dubio</strong></span> <span class='ocrx_word' id='word_1_155' title='bbox 897 1087 941 1108; x_wconf 87' lang='lat' dir='ltr'><strong>re-</strong></span> 
     </span>
    </p>
   </div>
   <div class='ocr_carea' id='block_1_22' title="bbox 144 1126 939 1162">
    <p class='ocr_par' dir='ltr' id='par_1_22' title="bbox 144 1126 939 1162">
     <span class='ocr_line' id='line_1_22' title="bbox 144 1126 939 1162; baseline -0.001 -7"><span class='ocrx_word' id='word_1_156' title='bbox 144 1126 315 1162; x_wconf 87' lang='lat' dir='ltr'><strong>splendeulia</strong></span> <span class='ocrx_word' id='word_1_157' title='bbox 331 1126 396 1154; x_wconf 87' lang='lat' dir='ltr'><strong>huic</strong></span> <span class='ocrx_word' id='word_1_158' title='bbox 410 1130 569 1154; x_wconf 85' lang='lat' dir='ltr'><strong>sanctorum</strong></span> <span class='ocrx_word' id='word_1_159' title='bbox 584 1133 665 1154; x_wconf 88' lang='lat' dir='ltr'><strong>sacro</strong></span> <span class='ocrx_word' id='word_1_160' title='bbox 688 1126 773 1154; x_wconf 89' lang='lat' dir='ltr'><strong>statui</strong></span> <span class='ocrx_word' id='word_1_161' title='bbox 789 1131 939 1155; x_wconf 86' lang='lat' dir='ltr'><strong>consenta-</strong></span> 
     </span>
    </p>
   </div>
   <div class='ocr_carea' id='block_1_23' title="bbox 145 1173 939 1210">
    <p class='ocr_par' dir='ltr' id='par_1_23' title="bbox 145 1173 939 1210">
     <span class='ocr_line' id='line_1_23' title="bbox 145 1173 939 1210; baseline 0 -9"><span class='ocrx_word' id='word_1_162' title='bbox 145 1181 194 1201; x_wconf 86' lang='lat' dir='ltr'>nea</span> <span class='ocrx_word' id='word_1_163' title='bbox 225 1173 398 1210; x_wconf 74' lang='lat' dir='ltr'><strong>ablegantur,</strong></span> <span class='ocrx_word' id='word_1_164' title='bbox 414 1181 476 1208; x_wconf 66' lang='lat' dir='ltr'><strong>quae</strong></span> <span class='ocrx_word' id='word_1_165' title='bbox 501 1173 635 1202; x_wconf 85' lang='lat' dir='ltr'>Dominus</span> <span class='ocrx_word' id='word_1_166' title='bbox 658 1173 792 1207; x_wconf 82' lang='lat' dir='ltr'><strong>custodit,</strong></span> <span class='ocrx_word' id='word_1_167' title='bbox 817 1177 844 1201; x_wconf 89' lang='lat' dir='ltr'>et</span> <span class='ocrx_word' id='word_1_168' title='bbox 866 1173 939 1201; x_wconf 91' lang='lat' dir='ltr'><strong>oculi</strong></span> 
     </span>
    </p>
   </div>
   <div class='ocr_carea' id='block_1_24' title="bbox 145 1219 941 1256">
    <p class='ocr_par' dir='ltr' id='par_1_24' title="bbox 145 1219 941 1256">
     <span class='ocr_line' id='line_1_24' title="bbox 145 1219 941 1256; baseline -0.003 -8"><span class='ocrx_word' id='word_1_169' title='bbox 145 1220 206 1255; x_wconf 79' lang='lat' dir='ltr'><strong>eius</strong></span> <span class='ocrx_word' id='word_1_170' title='bbox 229 1220 287 1256; x_wconf 85' lang='lat' dir='ltr'><strong>qui,</strong></span> <span class='ocrx_word' id='word_1_171' title='bbox 309 1225 340 1248; x_wconf 92' lang='lat' dir='ltr'>ut</span> <span class='ocrx_word' id='word_1_172' title='bbox 378 1219 530 1256; x_wconf 70' lang='lat' dir='ltr'><strong>Scriptura:</strong></span> <span class='ocrx_word' id='word_1_173' title='bbox 563 1220 686 1252; x_wconf 83' lang='lat' dir='ltr'><strong>tradunt,</strong></span> <span class='ocrx_word' id='word_1_174' title='bbox 710 1220 803 1248; x_wconf 80' lang='lat' dir='ltr'><strong>omnia</strong></span> <span class='ocrx_word' id='word_1_175' title='bbox 830 1219 941 1255; x_wconf 86' lang='lat' dir='ltr'><strong>conspi-</strong></span> 
     </span>
    </p>
   </div>
   <div class='ocr_carea' id='block_1_25' title="bbox 145 1265 939 1305">
    <p class='ocr_par' dir='ltr' id='par_1_25' title="bbox 145 1265 939 1305">
     <span class='ocr_line' id='line_1_25' title="bbox 145 1265 939 1305; baseline -0.001 -11"><span class='ocrx_word' id='word_1_176' title='bbox 145 1267 232 1305; x_wconf 76' lang='lat' dir='ltr'><strong>ciunt,</strong></span> <span class='ocrx_word' id='word_1_177' title='bbox 255 1274 372 1302; x_wconf 88' lang='lat' dir='ltr'><strong>quorum</strong></span> <span class='ocrx_word' id='word_1_178' title='bbox 401 1265 636 1302; x_wconf 77' lang='lat' dir='ltr'><strong>pulchritudinem</strong></span> <span class='ocrx_word' id='word_1_179' title='bbox 664 1271 691 1294; x_wconf 89' lang='lat' dir='ltr'>et</span> <span class='ocrx_word' id='word_1_180' title='bbox 707 1265 939 1302; x_wconf 73' lang='lat' dir='ltr'><strong>magnitudinem,</strong></span> 
     </span>
    </p>
   </div>
   <div class='ocr_carea' id='block_1_26' title="bbox 145 1311 939 1348">
    <p class='ocr_par' dir='ltr' id='par_1_26' title="bbox 145 1311 939 1348">
     <span class='ocr_line' id='line_1_26' title="bbox 145 1311 939 1348; baseline -0.001 -9"><span class='ocrx_word' id='word_1_181' title='bbox 145 1312 245 1339; x_wconf 78' lang='lat' dir='ltr'><strong>addam</strong></span> <span class='ocrx_word' id='word_1_182' title='bbox 262 1313 356 1345; x_wconf 84' lang='lat' dir='ltr'><strong>etiam,</strong></span> <span class='ocrx_word' id='word_1_183' title='bbox 383 1316 412 1340; x_wconf 94' lang='lat' dir='ltr'>et</span> <span class='ocrx_word' id='word_1_184' title='bbox 425 1319 509 1348; x_wconf 86' lang='lat' dir='ltr'><strong>supra</strong></span> <span class='ocrx_word' id='word_1_185' title='bbox 529 1316 640 1348; x_wconf 79' lang='lat' dir='ltr'><strong>captum</strong></span> <span class='ocrx_word' id='word_1_186' title='bbox 666 1311 787 1340; x_wconf 86' lang='lat' dir='ltr'><strong>hominis</strong></span> <span class='ocrx_word' id='word_1_187' title='bbox 801 1311 939 1345; x_wconf 85' lang='lat' dir='ltr'><strong>decorem,</strong></span> 
     </span>
    </p>
   </div>
   <div class='ocr_carea' id='block_1_27' title="bbox 149 1353 941 1393">
    <p class='ocr_par' dir='ltr' id='par_1_27' title="bbox 149 1353 941 1393">
     <span class='ocr_line' id='line_1_27' title="bbox 149 1353 941 1393; baseline 0 -9"><span class='ocrx_word' id='word_1_188' title='bbox 149 1357 210 1391; x_wconf 80' lang='lat' dir='ltr'><strong>iure</strong></span> <span class='ocrx_word' id='word_1_189' title='bbox 221 1353 344 1393; x_wconf 81' lang='lat' dir='ltr'><strong>apertius</strong></span> <span class='ocrx_word' id='word_1_190' title='bbox 361 1358 539 1386; x_wconf 74' lang='lat' dir='ltr'><strong>et-exeelsius</strong></span> <span class='ocrx_word' id='word_1_191' title='bbox 555 1361 671 1386; x_wconf 78' lang='lat' dir='ltr'><strong>noscent</strong></span> <span class='ocrx_word' id='word_1_192' title='bbox 686 1358 733 1392; x_wconf 91' lang='lat' dir='ltr'><strong>qui</strong></span> <span class='ocrx_word' id='word_1_193' title='bbox 749 1357 803 1384; x_wconf 81' lang='lat' dir='ltr'><strong>Deo</strong></span> <span class='ocrx_word' id='word_1_194' title='bbox 816 1357 941 1393; x_wconf 77' lang='lat' dir='ltr'><strong>proxime</strong></span> 
     </span>
    </p>
   </div>
   <div class='ocr_carea' id='block_1_28' title="bbox 147 1403 941 1440">
    <p class='ocr_par' dir='ltr' id='par_1_28' title="bbox 147 1403 941 1440">
     <span class='ocr_line' id='line_1_28' title="bbox 147 1403 941 1440; baseline -0.003 -8"><span class='ocrx_word' id='word_1_195' title='bbox 147 1404 295 1436; x_wconf 87' lang='lat' dir='ltr'><strong>accedunt,</strong></span> <span class='ocrx_word' id='word_1_196' title='bbox 311 1404 404 1440; x_wconf 86' lang='lat' dir='ltr'><strong>ibique</strong></span> <span class='ocrx_word' id='word_1_197' title='bbox 421 1410 533 1432; x_wconf 87' lang='lat' dir='ltr'><strong>rursum</strong></span> <span class='ocrx_word' id='word_1_198' title='bbox 561 1403 692 1432; x_wconf 81' lang='lat' dir='ltr'><strong>sistentes</strong></span> <span class='ocrx_word' id='word_1_199' title='bbox 705 1403 875 1431; x_wconf 89' lang='lat' dir='ltr'><strong>vacationem</strong></span> <span class='ocrx_word' id='word_1_200' title='bbox 895 1410 941 1431; x_wconf 90' lang='lat' dir='ltr'><strong>re-</strong></span> 
     </span>
    </p>
   </div>
   <div class='ocr_carea' id='block_1_29' title="bbox 147 1449 941 1486">
    <p class='ocr_par' dir='ltr' id='par_1_29' title="bbox 147 1449 941 1486">
     <span class='ocr_line' id='line_1_29' title="bbox 147 1449 941 1486; baseline -0.003 -8"><span class='ocrx_word' id='word_1_201' title='bbox 147 1455 293 1486; x_wconf 82' lang='lat' dir='ltr'><strong>ceperunt,</strong></span> <span class='ocrx_word' id='word_1_202' title='bbox 304 1451 407 1485; x_wconf 83' lang='lat' dir='ltr'><strong>quibus</strong></span> <span class='ocrx_word' id='word_1_203' title='bbox 421 1449 560 1485; x_wconf 65' lang='lat' dir='ltr'><strong>praecipue</strong></span> <span class='ocrx_word' id='word_1_204' title='bbox 577 1454 680 1485; x_wconf 76' lang='lat' dir='ltr'><strong>.parata</strong></span> <span class='ocrx_word' id='word_1_205' title='bbox 708 1454 749 1477; x_wconf 86' lang='lat' dir='ltr'>est</span> <span class='ocrx_word' id='word_1_206' title='bbox 765 1457 781 1477; x_wconf 88' lang='lat' dir='ltr'>a</span> <span class='ocrx_word' id='word_1_207' title='bbox 793 1449 941 1485; x_wconf 86' lang='lat' dir='ltr'><strong>providen-</strong></span> 
     </span>
    </p>
   </div>
   <div class='ocr_carea' id='block_1_30' title="bbox 148 1495 940 1531">
    <p class='ocr_par' dir='ltr' id='par_1_30' title="bbox 148 1495 940 1531">
     <span class='ocr_line' id='line_1_30' title="bbox 148 1495 940 1531; baseline -0.003 -7"><span class='ocrx_word' id='word_1_208' title='bbox 148 1497 197 1529; x_wconf 83' lang='lat' dir='ltr'><strong>tia.</strong></span> <span class='ocrx_word' id='word_1_209' title='bbox 212 1504 271 1531; x_wconf 75' lang='lat' dir='ltr'><strong>qua:</strong></span> <span class='ocrx_word' id='word_1_210' title='bbox 296 1500 397 1524; x_wconf 83' lang='lat' dir='ltr'><strong>cuncta</strong></span> <span class='ocrx_word' id='word_1_211' title='bbox 426 1496 566 1531; x_wconf 80' lang='lat' dir='ltr'><strong>sapienter</strong></span> <span class='ocrx_word' id='word_1_212' title='bbox 588 1495 797 1523; x_wconf 64' lang='lat' dir='ltr'><strong>administrat.»</strong></span> <span class='ocrx_word' id='word_1_213' title='bbox 816 1495 940 1522; x_wconf 78' lang='lat' dir='ltr'><strong>Audistis</strong></span> 
     </span>
    </p>
   </div>
   <div class='ocr_carea' id='block_1_31' title="bbox 147 1540 940 1577">
    <p class='ocr_par' dir='ltr' id='par_1_31' title="bbox 147 1540 940 1577">
     <span class='ocr_line' id='line_1_31' title="bbox 147 1540 940 1577; baseline -0.001 -8"><span class='ocrx_word' id='word_1_214' title='bbox 147 1542 339 1570; x_wconf 87' lang='lat' dir='ltr'><strong>admirabilem</strong></span> <span class='ocrx_word' id='word_1_215' title='bbox 366 1545 393 1569; x_wconf 88' lang='lat' dir='ltr'>et</span> <span class='ocrx_word' id='word_1_216' title='bbox 417 1548 546 1577; x_wconf 75' lang='lat' dir='ltr'><strong>magnum</strong></span> <span class='ocrx_word' id='word_1_217' title='bbox 566 1540 656 1569; x_wconf 90' lang='lat' dir='ltr'><strong>virum</strong></span> <span class='ocrx_word' id='word_1_218' title='bbox 681 1541 765 1574; x_wconf 89' lang='lat' dir='ltr'><strong>hunc,</strong></span> <span class='ocrx_word' id='word_1_219' title='bbox 782 1548 837 1576; x_wconf 95' lang='lat' dir='ltr'>quo</span> <span class='ocrx_word' id='word_1_220' title='bbox 860 1545 940 1575; x_wconf 89' lang='lat' dir='ltr'><strong>pacto</strong></span> 
     </span>
    </p>
   </div>
   <div class='ocr_carea' id='block_1_32' title="bbox 149 1582 981 1622">
    <p class='ocr_par' dir='ltr' id='par_1_32' title="bbox 149 1582 981 1622">
     <span class='ocr_line' id='line_1_32' title="bbox 149 1582 981 1622; baseline -0.001 -6"><span class='ocrx_word' id='word_1_221' title='bbox 149 1592 309 1616; x_wconf 85' lang='lat' dir='ltr'><strong>sanctorum</strong></span> <span class='ocrx_word' id='word_1_222' title='bbox 323 1592 351 1615; x_wconf 87' lang='lat' dir='ltr'>et</span> <span class='ocrx_word' id='word_1_223' title='bbox 363 1587 503 1622; x_wconf 73' lang='lat' dir='ltr'><strong>iustorum</strong></span> <span class='ocrx_word' id='word_1_224' title='bbox 529 1587 638 1619; x_wconf 80' lang='lat' dir='ltr'><strong>animae,</strong></span> <span class='ocrx_word' id='word_1_225' title='bbox 655 1586 739 1622; x_wconf 87' lang='lat' dir='ltr'><strong>hujus</strong></span> <span class='ocrx_word' id='word_1_226' title='bbox 773 1586 838 1614; x_wconf 70' lang='lat' dir='ltr'><strong>vita:</strong></span> <span class='ocrx_word' id='word_1_227' title='bbox 857 1593 943 1615; x_wconf 86' lang='lat' dir='ltr'><strong>cursu</strong></span> <span class='ocrx_word' id='word_1_228' title='bbox 957 1582 981 1615; x_wconf 88' lang='lat' dir='ltr'><strong><em>C</em></strong></span> 
     </span>
    </p>
   </div>
   <div class='ocr_carea' id='block_1_33' title="bbox 149 1632 944 1668">
    <p class='ocr_par' dir='ltr' id='par_1_33' title="bbox 149 1632 944 1668">
     <span class='ocr_line' id='line_1_33' title="bbox 149 1632 944 1668; baseline -0.001 -7"><span class='ocrx_word' id='word_1_229' title='bbox 149 1632 285 1668; x_wconf 82' lang='lat' dir='ltr'><strong>perfecto,</strong></span> <span class='ocrx_word' id='word_1_230' title='bbox 302 1633 474 1661; x_wconf 81' lang='lat' dir='ltr'><strong>vacationem</strong></span> <span class='ocrx_word' id='word_1_231' title='bbox 492 1633 648 1668; x_wconf 84' lang='lat' dir='ltr'><strong>recipiunt?</strong></span> <span class='ocrx_word' id='word_1_232' title='bbox 661 1633 719 1661; x_wconf 78' lang='lat' dir='ltr'>Hoc</span> <span class='ocrx_word' id='word_1_233' title='bbox 731 1633 802 1661; x_wconf 89' lang='lat' dir='ltr'><strong>idem</strong></span> <span class='ocrx_word' id='word_1_234' title='bbox 817 1637 860 1661; x_wconf 88' lang='lat' dir='ltr'>est</span> <span class='ocrx_word' id='word_1_235' title='bbox 877 1640 908 1661; x_wconf 86' lang='lat' dir='ltr'>ac</span> <span class='ocrx_word' id='word_1_236' title='bbox 921 1633 944 1661; x_wconf 88' lang='lat' dir='ltr'><strong>si</strong></span> 
     </span>
    </p>
   </div>
   <div class='ocr_carea' id='block_1_34' title="bbox 148 1679 945 1715">
    <p class='ocr_par' dir='ltr' id='par_1_34' title="bbox 148 1679 945 1715">
     <span class='ocr_line' id='line_1_34' title="bbox 148 1679 945 1715; baseline 0.001 -9"><span class='ocrx_word' id='word_1_237' title='bbox 148 1679 263 1712; x_wconf 79' lang='lat' dir='ltr'><strong>diceret,</strong></span> <span class='ocrx_word' id='word_1_238' title='bbox 281 1679 496 1715; x_wconf 83' lang='lat' dir='ltr'><strong>promissionem</strong></span> <span class='ocrx_word' id='word_1_239' title='bbox 529 1679 672 1715; x_wconf 82' lang='lat' dir='ltr'><strong>discipulis</strong></span> <span class='ocrx_word' id='word_1_240' title='bbox 686 1679 868 1715; x_wconf 17' lang='lat' dir='ltr'><strong>(promissam,</strong></span> <span class='ocrx_word' id='word_1_241' title='bbox 882 1686 945 1707; x_wconf 91' lang='lat' dir='ltr'>cum</span> 
     </span>
    </p>
   </div>
   <div class='ocr_carea' id='block_1_35' title="bbox 148 1727 945 1764">
    <p class='ocr_par' dir='ltr' id='par_1_35' title="bbox 148 1727 945 1764">
     <span class='ocr_line' id='line_1_35' title="bbox 148 1727 945 1764; baseline 0.004 -11"><span class='ocrx_word' id='word_1_242' title='bbox 148 1727 229 1759; x_wconf 78' lang='lat' dir='ltr'><strong>dicit,</strong></span> <span class='ocrx_word' id='word_1_243' title='bbox 246 1735 255 1752; x_wconf 74' lang='grc' dir='ltr'><strong>α</strong></span> <span class='ocrx_word' id='word_1_244' title='bbox 266 1727 303 1756; x_wconf 88' lang='lat' dir='ltr'><strong>Ut</strong></span> <span class='ocrx_word' id='word_1_245' title='bbox 319 1727 365 1755; x_wconf 88' lang='lat' dir='ltr'><strong>ubi</strong></span> <span class='ocrx_word' id='word_1_246' title='bbox 377 1734 427 1762; x_wconf 74' lang='lat' dir='ltr'><strong>ego</strong></span> <span class='ocrx_word' id='word_1_247' title='bbox 443 1734 517 1759; x_wconf 80' lang='lat' dir='ltr'><strong>sum,</strong></span> <span class='ocrx_word' id='word_1_248' title='bbox 532 1727 569 1755; x_wconf 90' lang='lat' dir='ltr'><strong>ibi</strong></span> <span class='ocrx_word' id='word_1_249' title='bbox 585 1731 612 1756; x_wconf 88' lang='lat' dir='ltr'>et</span> <span class='ocrx_word' id='word_1_250' title='bbox 623 1735 672 1756; x_wconf 81' lang='lat' dir='ltr'>vos</span> <span class='ocrx_word' id='word_1_251' title='bbox 686 1727 748 1756; x_wconf 83' lang='lat' dir='ltr'><strong>litis</strong></span> <span class='ocrx_word' id='word_1_252' title='bbox 756 1727 797 1755; x_wconf 69' lang='grc' dir='ltr'>τ’»</span> <span class='ocrx_word' id='word_1_253' title='bbox 813 1727 945 1764; x_wconf 83' lang='lat' dir='ltr'><strong>quodque</strong></span> 
     </span>
    </p>
   </div>
   <div class='ocr_carea' id='block_1_36' title="bbox 149 1773 944 1809">
    <p class='ocr_par' dir='ltr' id='par_1_36' title="bbox 149 1773 944 1809">
     <span class='ocr_line' id='line_1_36' title="bbox 149 1773 944 1809; baseline 0 -8"><span class='ocrx_word' id='word_1_254' title='bbox 149 1773 177 1801; x_wconf 94' lang='lat' dir='ltr'>in</span> <span class='ocrx_word' id='word_1_255' title='bbox 194 1773 254 1801; x_wconf 83' lang='lat' dir='ltr'><strong>loca</strong></span> <span class='ocrx_word' id='word_1_256' title='bbox 269 1773 434 1809; x_wconf 70' lang='lat' dir='ltr'><strong>refulgentia</strong></span> <span class='ocrx_word' id='word_1_257' title='bbox 449 1773 685 1806; x_wconf 86' lang='lat' dir='ltr'><strong>transmittuntur,</strong></span> <span class='ocrx_word' id='word_1_258' title='bbox 703 1773 816 1809; x_wconf 89' lang='lat' dir='ltr'><strong>Deoque</strong></span> <span class='ocrx_word' id='word_1_259' title='bbox 828 1774 944 1809; x_wconf 88' lang='lat' dir='ltr'><strong>propin-</strong></span> 
     </span>
    </p>
   </div>
   <div class='ocr_carea' id='block_1_37' title="bbox 149 1819 942 1856">
    <p class='ocr_par' dir='ltr' id='par_1_37' title="bbox 149 1819 942 1856">
     <span class='ocr_line' id='line_1_37' title="bbox 149 1819 942 1856; baseline 0.003 -10"><span class='ocrx_word' id='word_1_260' title='bbox 149 1824 246 1855; x_wconf 81' lang='lat' dir='ltr'><strong>quant.</strong></span> <span class='ocrx_word' id='word_1_261' title='bbox 256 1823 282 1848; x_wconf 89' lang='lat' dir='ltr'>et</span> <span class='ocrx_word' id='word_1_262' title='bbox 291 1819 468 1848; x_wconf 82' lang='lat' dir='ltr'><strong>beatitudinis</strong></span> <span class='ocrx_word' id='word_1_263' title='bbox 475 1819 589 1847; x_wconf 79' lang='lat' dir='ltr'><strong>miriﬁce</strong></span> <span class='ocrx_word' id='word_1_264' title='bbox 599 1820 782 1849; x_wconf 86' lang='lat' dir='ltr'><strong>arrhabouem</strong></span> <span class='ocrx_word' id='word_1_265' title='bbox 791 1821 942 1856; x_wconf 81' lang='lat' dir='ltr'><strong>recipiunt,</strong></span> 
     </span>
    </p>
   </div>
   <div class='ocr_carea' id='block_1_38' title="bbox 150 1866 946 1903">
    <p class='ocr_par' dir='ltr' id='par_1_38' title="bbox 150 1866 946 1903">
     <span class='ocr_line' id='line_1_38' title="bbox 150 1866 946 1903; baseline 0.001 -9"><span class='ocrx_word' id='word_1_266' title='bbox 150 1868 207 1894; x_wconf 89' lang='lat' dir='ltr'><strong>itno</strong></span> <span class='ocrx_word' id='word_1_267' title='bbox 234 1866 475 1902; x_wconf 84' lang='lat' dir='ltr'><strong>pulchritudinem</strong></span> <span class='ocrx_word' id='word_1_268' title='bbox 505 1871 532 1894; x_wconf 89' lang='lat' dir='ltr'>et</span> <span class='ocrx_word' id='word_1_269' title='bbox 563 1866 782 1902; x_wconf 78' lang='lat' dir='ltr'><strong>magnitudinem</strong></span> <span class='ocrx_word' id='word_1_270' title='bbox 806 1871 832 1896; x_wconf 88' lang='lat' dir='ltr'>et</span> <span class='ocrx_word' id='word_1_271' title='bbox 861 1874 946 1903; x_wconf 89' lang='lat' dir='ltr'><strong>supra</strong></span> 
     </span>
    </p>
   </div>
   <div class='ocr_carea' id='block_1_39' title="bbox 152 1913 946 1950">
    <p class='ocr_par' dir='ltr' id='par_1_39' title="bbox 152 1913 946 1950">
     <span class='ocr_line' id='line_1_39' title="bbox 152 1913 946 1950; baseline -0.001 -8"><span class='ocrx_word' id='word_1_272' title='bbox 152 1913 255 1942; x_wconf 86' lang='lat' dir='ltr'><strong>mentis</strong></span> <span class='ocrx_word' id='word_1_273' title='bbox 272 1917 385 1948; x_wconf 84' lang='lat' dir='ltr'><strong>captum</strong></span> <span class='ocrx_word' id='word_1_274' title='bbox 396 1913 534 1947; x_wconf 86' lang='lat' dir='ltr'><strong>decorem,</strong></span> <span class='ocrx_word' id='word_1_275' title='bbox 547 1913 573 1940; x_wconf 93' lang='lat' dir='ltr'>id</span> <span class='ocrx_word' id='word_1_276' title='bbox 587 1917 630 1942; x_wconf 88' lang='lat' dir='ltr'>est</span> <span class='ocrx_word' id='word_1_277' title='bbox 641 1913 728 1941; x_wconf 90' lang='lat' dir='ltr'><strong>Deum</strong></span> <span class='ocrx_word' id='word_1_278' title='bbox 743 1914 833 1950; x_wconf 87' lang='lat' dir='ltr'><strong>ipsum</strong></span> <span class='ocrx_word' id='word_1_279' title='bbox 843 1914 946 1942; x_wconf 81' lang='lat' dir='ltr'><strong>clarius</strong></span> 
     </span>
    </p>
   </div>
   <div class='ocr_carea' id='block_1_40' title="bbox 151 1959 947 1995">
    <p class='ocr_par' dir='ltr' id='par_1_40' title="bbox 151 1959 947 1995">
     <span class='ocr_line' id='line_1_40' title="bbox 151 1959 947 1995; baseline 0 -7"><span class='ocrx_word' id='word_1_280' title='bbox 151 1965 179 1988; x_wconf 89' lang='lat' dir='ltr'>et</span> <span class='ocrx_word' id='word_1_281' title='bbox 197 1960 334 1988; x_wconf 78' lang='lat' dir='ltr'><strong>excelsius</strong></span> <span class='ocrx_word' id='word_1_282' title='bbox 344 1960 529 1995; x_wconf 89' lang='lat' dir='ltr'><strong>conspiciunt.</strong></span> <span class='ocrx_word' id='word_1_283' title='bbox 543 1959 600 1987; x_wconf 89' lang='lat' dir='ltr'><strong>Cur</strong></span> <span class='ocrx_word' id='word_1_284' title='bbox 617 1960 703 1995; x_wconf 74' lang='lat' dir='ltr'><strong>magis</strong></span> <span class='ocrx_word' id='word_1_285' title='bbox 727 1967 782 1988; x_wconf 90' lang='lat' dir='ltr'><strong>non</strong></span> <span class='ocrx_word' id='word_1_286' title='bbox 799 1959 947 1988; x_wconf 83' lang='lat' dir='ltr'><strong>versamini</strong></span> 
     </span>
    </p>
   </div>
   <div class='ocr_carea' id='block_1_41' title="bbox 153 2005 947 2041">
    <p class='ocr_par' dir='ltr' id='par_1_41' title="bbox 153 2005 947 2041">
     <span class='ocr_line' id='line_1_41' title="bbox 153 2005 947 2041; baseline 0.001 -8"><span class='ocrx_word' id='word_1_287' title='bbox 153 2007 180 2033; x_wconf 94' lang='lat' dir='ltr'><strong>in</strong></span> <span class='ocrx_word' id='word_1_288' title='bbox 198 2006 253 2040; x_wconf 84' lang='lat' dir='ltr'><strong>his,</strong></span> <span class='ocrx_word' id='word_1_289' title='bbox 271 2014 288 2034; x_wconf 94' lang='lat' dir='ltr'>o</span> <span class='ocrx_word' id='word_1_290' title='bbox 308 2006 388 2034; x_wconf 85' lang='lat' dir='ltr'><strong>amici</strong></span> <span class='ocrx_word' id='word_1_291' title='bbox 402 2005 622 2034; x_wconf 82' lang='lat' dir='ltr'><strong>et-l‘ralres?sed</strong></span> <span class='ocrx_word' id='word_1_292' title='bbox 636 2005 865 2041; x_wconf 75' lang='lat' dir='ltr'><strong>potiusoccupatl</strong></span> <span class='ocrx_word' id='word_1_293' title='bbox 879 2007 947 2034; x_wconf 83' lang='lat' dir='ltr'><strong>estis</strong></span> 
     </span>
    </p>
   </div>
   <div class='ocr_carea' id='block_1_42' title="bbox 154 2051 947 2088">
    <p class='ocr_par' dir='ltr' id='par_1_42' title="bbox 154 2051 947 2088">
     <span class='ocr_line' id='line_1_42' title="bbox 154 2051 947 2088; baseline -0.001 -7"><span class='ocrx_word' id='word_1_294' title='bbox 154 2054 180 2081; x_wconf 89' lang='lat' dir='ltr'>in</span> <span class='ocrx_word' id='word_1_295' title='bbox 194 2053 229 2081; x_wconf 89' lang='lat' dir='ltr'>iis</span> <span class='ocrx_word' id='word_1_296' title='bbox 245 2052 409 2081; x_wconf 87' lang='lat' dir='ltr'><strong>damnandis</strong></span> <span class='ocrx_word' id='word_1_297' title='bbox 421 2052 467 2088; x_wconf 91' lang='lat' dir='ltr'><strong>qui</strong></span> <span class='ocrx_word' id='word_1_298' title='bbox 482 2053 540 2080; x_wconf 65' lang='lat' dir='ltr'><strong>inec</strong></span> <span class='ocrx_word' id='word_1_299' title='bbox 548 2051 666 2080; x_wconf 86' lang='lat' dir='ltr'><strong>credunt</strong></span> <span class='ocrx_word' id='word_1_300' title='bbox 681 2056 763 2087; x_wconf 87' lang='lat' dir='ltr'><strong>atque</strong></span> <span class='ocrx_word' id='word_1_301' title='bbox 774 2051 947 2087; x_wconf 87' lang='lat' dir='ltr'><strong>amplectun-</strong></span> 
     </span>
    </p>
   </div>
   <div class='ocr_carea' id='block_1_43' title="bbox 153 2096 950 2133">
    <p class='ocr_par' dir='ltr' id='par_1_43' title="bbox 153 2096 950 2133">
     <span class='ocr_line' id='line_1_43' title="bbox 153 2096 950 2133; baseline 0 -7"><span class='ocrx_word' id='word_1_302' title='bbox 153 2105 207 2132; x_wconf 76' lang='lat' dir='ltr'><strong>tur,</strong></span> <span class='ocrx_word' id='word_1_303' title='bbox 219 2103 247 2126; x_wconf 89' lang='lat' dir='ltr'>et</span> <span class='ocrx_word' id='word_1_304' title='bbox 263 2103 291 2126; x_wconf 86' lang='lat' dir='ltr'>ut</span> <span class='ocrx_word' id='word_1_305' title='bbox 304 2098 331 2126; x_wconf 89' lang='lat' dir='ltr'><strong>in</strong></span> <span class='ocrx_word' id='word_1_306' title='bbox 342 2106 390 2126; x_wconf 88' lang='lat' dir='ltr'>eos</span> <span class='ocrx_word' id='word_1_307' title='bbox 412 2096 558 2125; x_wconf 88' lang='lat' dir='ltr'><strong>maledicta</strong></span> <span class='ocrx_word' id='word_1_308' title='bbox 572 2097 695 2132; x_wconf 76' lang='lat' dir='ltr'><strong>quotidie</strong></span> <span class='ocrx_word' id='word_1_309' title='bbox 707 2097 855 2125; x_wconf 84' lang='lat' dir='ltr'><strong>ell‘undatis</strong></span> <span class='ocrx_word' id='word_1_310' title='bbox 866 2105 950 2133; x_wconf 85' lang='lat' dir='ltr'><strong>super</strong></span> 
     </span>
    </p>
   </div>
   <div class='ocr_carea' id='block_1_44' title="bbox 153 2144 476 2180">
    <p class='ocr_par' dir='ltr' id='par_1_44' title="bbox 153 2144 476 2180">
     <span class='ocr_line' id='line_1_44' title="bbox 153 2144 476 2180; baseline -0.006 -8"><span class='ocrx_word' id='word_1_311' title='bbox 153 2146 245 2173; x_wconf 88' lang='lat' dir='ltr'><strong>omnia</strong></span> <span class='ocrx_word' id='word_1_312' title='bbox 257 2153 368 2180; x_wconf 87' lang='lat' dir='ltr'><strong>operam</strong></span> <span class='ocrx_word' id='word_1_313' title='bbox 382 2144 454 2172; x_wconf 74' lang='lat' dir='ltr'><strong>datis</strong></span> <span class='ocrx_word' id='word_1_314' title='bbox 463 2145 476 2170; x_wconf 75' lang='grc' dir='ltr'>τ</span> 
     </span>
    </p>
   </div>
   <div class='ocr_carea' id='block_1_45' title="bbox 732 143 1191 174">
    <p class='ocr_par' dir='ltr' id='par_1_45' title="bbox 732 143 1191 174">
     <span class='ocr_line' id='line_1_45' title="bbox 732 143 1191 174; baseline 0 -1"><span class='ocrx_word' id='word_1_315' title='bbox 732 143 890 174; x_wconf 75' lang='lat' dir='ltr'>JOSEPHI</span> <span class='ocrx_word' id='word_1_316' title='bbox 914 143 939 173; x_wconf 80' lang='lat' dir='ltr'>lli</span> <span class='ocrx_word' id='word_1_317' title='bbox 946 143 1075 174; x_wconf 83' lang='lat' dir='ltr'>ETIION</span> <span class='ocrx_word' id='word_1_318' title='bbox 1082 143 1191 174; x_wconf 81' lang='lat' dir='ltr'>ENSlS</span> 
     </span>
    </p>
   </div>
   <div class='ocr_carea' id='block_1_46' title="bbox 983 199 1785 237">
    <p class='ocr_par' dir='ltr' id='par_1_46' title="bbox 983 199 1785 237">
     <span class='ocr_line' id='line_1_46' title="bbox 983 199 1785 237; baseline 0 -9"><span class='ocrx_word' id='word_1_319' title='bbox 983 201 1082 237; x_wconf 67' lang='grc' dir='ltr'>ψυχὰς,</span> <span class='ocrx_word' id='word_1_320' title='bbox 1100 203 1175 228; x_wconf 73' lang='grc' dir='ltr'>πᾶσα</span> <span class='ocrx_word' id='word_1_321' title='bbox 1201 200 1338 235; x_wconf 48' lang='lat' dir='ltr'><strong>quam:</strong></span> <span class='ocrx_word' id='word_1_322' title='bbox 1362 201 1409 227; x_wconf 72' lang='grc' dir='ltr'>καὶ</span> <span class='ocrx_word' id='word_1_323' title='bbox 1427 200 1517 236; x_wconf 80' lang='grc' dir='ltr'>Καινὴ</span> <span class='ocrx_word' id='word_1_324' title='bbox 1543 199 1675 237; x_wconf 52' lang='lat' dir='ltr'><strong>Ascam,</strong></span> <span class='ocrx_word' id='word_1_325' title='bbox 1699 203 1729 229; x_wconf 83' lang='grc' dir='ltr'>ὲν</span> <span class='ocrx_word' id='word_1_326' title='bbox 1740 201 1785 236; x_wconf 71' lang='grc' dir='ltr'>τῷ</span> 
     </span>
    </p>
   </div>
   <div class='ocr_carea' id='block_1_47' title="bbox 985 247 1784 283">
    <p class='ocr_par' dir='ltr' id='par_1_47' title="bbox 985 247 1784 283">
     <span class='ocr_line' id='line_1_47' title="bbox 985 247 1784 283; baseline 0 -9"><span class='ocrx_word' id='word_1_327' title='bbox 985 247 1032 274; x_wconf 83' lang='grc' dir='ltr'>τοῦ</span> <span class='ocrx_word' id='word_1_328' title='bbox 1045 247 1108 282; x_wconf 77' lang='grc' dir='ltr'>ᾆδον</span> <span class='ocrx_word' id='word_1_329' title='bbox 1123 247 1306 282; x_wconf 83' lang='grc' dir='ltr'>δεσμωτηρίῳ</span> <span class='ocrx_word' id='word_1_330' title='bbox 1319 247 1553 282; x_wconf 71' lang='grc' dir='ltr'>παραπέμπεσθαι</span> <span class='ocrx_word' id='word_1_331' title='bbox 1569 247 1605 278; x_wconf 61' lang='grc' dir='ltr'>ὡς</span> <span class='ocrx_word' id='word_1_332' title='bbox 1617 249 1645 274; x_wconf 80' lang='grc' dir='ltr'>ὲν</span> <span class='ocrx_word' id='word_1_333' title='bbox 1657 248 1784 283; x_wconf 77' lang='grc' dir='ltr'>φυλακῇ,</span> 
     </span>
    </p>
   </div>
   <div class='ocr_carea' id='block_1_48' title="bbox 987 291 1786 328">
    <p class='ocr_par' dir='ltr' id='par_1_48' title="bbox 987 291 1786 328">
     <span class='ocr_line' id='line_1_48' title="bbox 987 291 1786 328; baseline 0.001 -10"><span class='ocrx_word' id='word_1_334' title='bbox 987 294 1131 328; x_wconf 77' lang='grc' dir='ltr'>μαρτυρεῖ.</span> <span class='ocrx_word' id='word_1_335' title='bbox 1158 291 1237 319; x_wconf 81' lang='grc' dir='ltr'>Καθὰ</span> <span class='ocrx_word' id='word_1_336' title='bbox 1253 293 1299 319; x_wconf 70' lang='grc' dir='ltr'>καὶ</span> <span class='ocrx_word' id='word_1_337' title='bbox 1317 292 1382 328; x_wconf 68' lang='grc' dir='ltr'>περὶ</span> <span class='ocrx_word' id='word_1_338' title='bbox 1405 291 1451 318; x_wconf 75' lang='grc' dir='ltr'>τοῦ</span> <span class='ocrx_word' id='word_1_339' title='bbox 1480 292 1609 319; x_wconf 74' lang='grc' dir='ltr'>πλουσίου</span> <span class='ocrx_word' id='word_1_340' title='bbox 1640 293 1747 319; x_wconf 79' lang='grc' dir='ltr'>ἐκείνου</span> <span class='ocrx_word' id='word_1_341' title='bbox 1771 295 1786 319; x_wconf 84' lang='grc' dir='ltr'>ό</span> 
     </span>
    </p>
   </div>
   <div class='ocr_carea' id='block_1_49' title="bbox 986 338 1786 375">
    <p class='ocr_par' dir='ltr' id='par_1_49' title="bbox 986 338 1786 375">
     <span class='ocr_line' id='line_1_49' title="bbox 986 338 1786 375; baseline -0.001 -9"><span class='ocrx_word' id='word_1_342' title='bbox 986 339 1089 374; x_wconf 83' lang='grc' dir='ltr'>Κύριος</span> <span class='ocrx_word' id='word_1_343' title='bbox 1115 339 1239 375; x_wconf 75' lang='grc' dir='ltr'>εἴρηκεν.</span> <span class='ocrx_word' id='word_1_344' title='bbox 1271 338 1389 373; x_wconf 80' lang='grc' dir='ltr'>Ὁμοίως</span> <span class='ocrx_word' id='word_1_345' title='bbox 1415 338 1462 365; x_wconf 75' lang='grc' dir='ltr'>καὶ</span> <span class='ocrx_word' id='word_1_346' title='bbox 1490 339 1573 366; x_wconf 76' lang='grc' dir='ltr'>Δαὸὶδ</span> <span class='ocrx_word' id='word_1_347' title='bbox 1600 340 1613 365; x_wconf 80' lang='grc' dir='ltr'>ό</span> <span class='ocrx_word' id='word_1_348' title='bbox 1638 339 1786 374; x_wconf 60' lang='grc' dir='ltr'>προφήτης</span> 
     </span>
    </p>
   </div>
   <div class='ocr_carea' id='block_1_50' title="bbox 987 385 1787 420">
    <p class='ocr_par' dir='ltr' id='par_1_50' title="bbox 987 385 1787 420">
     <span class='ocr_line' id='line_1_50' title="bbox 987 385 1787 420; baseline 0.001 -10"><span class='ocrx_word' id='word_1_349' title='bbox 987 385 1089 419; x_wconf 78' lang='grc' dir='ltr'>φησὶν,</span> <span class='ocrx_word' id='word_1_350' title='bbox 1111 395 1121 411; x_wconf 84' lang='grc'><em>‹</em></span> <span class='ocrx_word' id='word_1_351' title='bbox 1139 385 1410 420; x_wconf 68' lang='grc' dir='ltr'>Ἀποστραφὴτωσαν</span> <span class='ocrx_word' id='word_1_352' title='bbox 1426 385 1452 411; x_wconf 82' lang='grc' dir='ltr'>οἱ</span> <span class='ocrx_word' id='word_1_353' title='bbox 1481 385 1640 420; x_wconf 77' lang='grc' dir='ltr'>ἁμαρτωλοὶ</span> <span class='ocrx_word' id='word_1_354' title='bbox 1665 385 1704 416; x_wconf 85' lang='grc' dir='ltr'>είς</span> <span class='ocrx_word' id='word_1_355' title='bbox 1736 385 1787 411; x_wconf 82' lang='grc' dir='ltr'>τὸν</span> 
     </span>
    </p>
   </div>
   <div class='ocr_carea' id='block_1_51' title="bbox 992 430 1788 466">
    <p class='ocr_par' dir='ltr' id='par_1_51' title="bbox 992 430 1788 466">
     <span class='ocr_line' id='line_1_51' title="bbox 992 430 1788 466; baseline -0.001 -10"><span class='ocrx_word' id='word_1_356' title='bbox 992 430 1089 466; x_wconf 67' lang='grc' dir='ltr'>ᾅδην.)</span> <span class='ocrx_word' id='word_1_357' title='bbox 1111 430 1148 457; x_wconf 83' lang='grc' dir='ltr'><strong>Τὸ</strong></span> <span class='ocrx_word' id='word_1_358' title='bbox 1164 430 1192 457; x_wconf 72' lang='grc' dir='ltr'>δὲ</span> <span class='ocrx_word' id='word_1_359' title='bbox 1207 431 1305 462; x_wconf 76' lang='grc' dir='ltr'>εἰπεῖν,</span> <span class='ocrx_word' id='word_1_360' title='bbox 1325 430 1590 465; x_wconf 75' lang='grc' dir='ltr'>ἀποστραῳήτωσαν,</span> <span class='ocrx_word' id='word_1_361' title='bbox 1601 431 1728 464; x_wconf 83' lang='grc' dir='ltr'>σημαίνει</span> <span class='ocrx_word' id='word_1_362' title='bbox 1742 431 1788 456; x_wconf 71' lang='grc' dir='ltr'>ὅτι</span> 
     </span>
    </p>
   </div>
   <div class='ocr_carea' id='block_1_52' title="bbox 987 475 1788 512">
    <p class='ocr_par' dir='ltr' id='par_1_52' title="bbox 987 475 1788 512">
     <span class='ocr_line' id='line_1_52' title="bbox 987 475 1788 512; baseline -0.001 -9"><span class='ocrx_word' id='word_1_363' title='bbox 987 477 1035 504; x_wconf 83' lang='grc' dir='ltr'>νῦν</span> <span class='ocrx_word' id='word_1_364' title='bbox 1048 478 1106 503; x_wconf 75' lang='grc' dir='ltr'>ἐκεῖ</span> <span class='ocrx_word' id='word_1_365' title='bbox 1121 477 1148 504; x_wconf 80' lang='grc' dir='ltr'>αἱ</span> <span class='ocrx_word' id='word_1_366' title='bbox 1172 477 1257 512; x_wconf 71' lang='grc' dir='ltr'>ψυχαὶ</span> <span class='ocrx_word' id='word_1_367' title='bbox 1280 476 1384 503; x_wconf 81' lang='grc' dir='ltr'>τούτων</span> <span class='ocrx_word' id='word_1_368' title='bbox 1405 477 1579 512; x_wconf 72' lang='grc' dir='ltr'>ὑπάρχουσιν</span> <span class='ocrx_word' id='word_1_369' title='bbox 1592 486 1598 493; x_wconf 89' lang='grc'><strong>·</strong></span> <span class='ocrx_word' id='word_1_370' title='bbox 1621 475 1680 503; x_wconf 81' lang='grc' dir='ltr'>εἶτα</span> <span class='ocrx_word' id='word_1_371' title='bbox 1695 478 1788 511; x_wconf 73' lang='grc' dir='ltr'>ἀπέρ-</span> 
     </span>
    </p>
   </div>
   <div class='ocr_carea' id='block_1_53' title="bbox 989 523 1786 559">
    <p class='ocr_par' dir='ltr' id='par_1_53' title="bbox 989 523 1786 559">
     <span class='ocr_line' id='line_1_53' title="bbox 989 523 1786 559; baseline -0.001 -9"><span class='ocrx_word' id='word_1_372' title='bbox 989 533 1080 559; x_wconf 85' lang='grc' dir='ltr'>χονται</span> <span class='ocrx_word' id='word_1_373' title='bbox 1100 524 1148 550; x_wconf 53' lang='grc' dir='ltr'>κοιλ⁵</span> <span class='ocrx_word' id='word_1_374' title='bbox 1171 524 1399 559; x_wconf 69' lang='grc' dir='ltr'>ἀπολαμϐάνουσι</span> <span class='ocrx_word' id='word_1_375' title='bbox 1423 524 1526 550; x_wconf 71' lang='grc' dir='ltr'>τούτων</span> <span class='ocrx_word' id='word_1_376' title='bbox 1548 524 1582 550; x_wconf 72' lang='grc' dir='ltr'>τὰ</span> <span class='ocrx_word' id='word_1_377' title='bbox 1605 523 1732 557; x_wconf 69' lang='grc' dir='ltr'>σώματα,</span> <span class='ocrx_word' id='word_1_378' title='bbox 1750 523 1786 549; x_wconf 76' lang='grc' dir='ltr'>τὸ</span> 
     </span>
    </p>
   </div>
   <div class='ocr_carea' id='block_1_54' title="bbox 989 568 1788 605">
    <p class='ocr_par' dir='ltr' id='par_1_54' title="bbox 989 568 1788 605">
     <span class='ocr_line' id='line_1_54' title="bbox 989 568 1788 605; baseline -0.001 -8"><span class='ocrx_word' id='word_1_379' title='bbox 989 571 1054 598; x_wconf 81' lang='grc' dir='ltr'>ίδιον</span> <span class='ocrx_word' id='word_1_380' title='bbox 1073 571 1199 602; x_wconf 78' lang='grc' dir='ltr'>ἕκαστος.</span> <span class='ocrx_word' id='word_1_381' title='bbox 1222 571 1277 597; x_wconf 71' lang='grc' dir='ltr'>Καὶ</span> <span class='ocrx_word' id='word_1_382' title='bbox 1292 568 1342 597; x_wconf 78' lang='grc' dir='ltr'>εἷθ’</span> <span class='ocrx_word' id='word_1_383' title='bbox 1356 570 1441 602; x_wconf 66' lang='grc' dir='ltr'>οὕτως</span> <span class='ocrx_word' id='word_1_384' title='bbox 1458 571 1473 605; x_wconf 84' lang='grc' dir='ltr'>ἡ</span> <span class='ocrx_word' id='word_1_385' title='bbox 1497 570 1636 604; x_wconf 78' lang='grc' dir='ltr'>ἀπόφασις</span> <span class='ocrx_word' id='word_1_386' title='bbox 1659 571 1705 596; x_wconf 74' lang='grc' dir='ltr'>τοῦ</span> <span class='ocrx_word' id='word_1_387' title='bbox 1721 578 1788 604; x_wconf 84' lang='grc' dir='ltr'>κρι-</span> 
     </span>
    </p>
   </div>
   <div class='ocr_carea' id='block_1_55' title="bbox 987 615 1786 651">
    <p class='ocr_par' dir='ltr' id='par_1_55' title="bbox 987 615 1786 651">
     <span class='ocr_line' id='line_1_55' title="bbox 987 615 1786 651; baseline -0.001 -8"><span class='ocrx_word' id='word_1_388' title='bbox 987 617 1035 644; x_wconf 81' lang='grc' dir='ltr'>τοῦ</span> <span class='ocrx_word' id='word_1_389' title='bbox 1048 617 1108 643; x_wconf 84' lang='grc' dir='ltr'>κατ’</span> <span class='ocrx_word' id='word_1_390' title='bbox 1132 616 1222 643; x_wconf 79' lang='grc' dir='ltr'>αὐτῶν</span> <span class='ocrx_word' id='word_1_391' title='bbox 1237 615 1389 651; x_wconf 70' lang='grc' dir='ltr'>ἐξέρχεται,</span> <span class='ocrx_word' id='word_1_392' title='bbox 1419 616 1556 650; x_wconf 74' lang='grc' dir='ltr'>λέγουσα·</span> <span class='ocrx_word' id='word_1_393' title='bbox 1588 616 1786 650; x_wconf 67' lang='grc' dir='ltr'>’Λποστραφή-</span> 
     </span>
    </p>
   </div>
   <div class='ocr_carea' id='block_1_56' title="bbox 988 661 1784 698">
    <p class='ocr_par' dir='ltr' id='par_1_56' title="bbox 988 661 1784 698">
     <span class='ocr_line' id='line_1_56' title="bbox 988 661 1784 698; baseline -0.004 -8"><span class='ocrx_word' id='word_1_394' title='bbox 988 672 1086 691; x_wconf 70' lang='grc' dir='ltr'>τωταγ</span> <span class='ocrx_word' id='word_1_395' title='bbox 1093 664 1118 690; x_wconf 84' lang='grc' dir='ltr'>οί</span> <span class='ocrx_word' id='word_1_396' title='bbox 1132 663 1291 698; x_wconf 72' lang='grc' dir='ltr'>ἁμαρτωλοὶ</span> <span class='ocrx_word' id='word_1_397' title='bbox 1301 663 1340 694; x_wconf 86' lang='grc' dir='ltr'>είς</span> <span class='ocrx_word' id='word_1_398' title='bbox 1351 662 1396 689; x_wconf 73' lang='grc' dir='ltr'>τδν</span> <span class='ocrx_word' id='word_1_399' title='bbox 1409 661 1487 698; x_wconf 75' lang='grc' dir='ltr'>ᾅδην.</span> <span class='ocrx_word' id='word_1_400' title='bbox 1505 661 1535 688; x_wconf 90' lang='lat'>&#39;0</span> <span class='ocrx_word' id='word_1_401' title='bbox 1548 662 1574 688; x_wconf 77' lang='grc' dir='ltr'>δὲ</span> <span class='ocrx_word' id='word_1_402' title='bbox 1587 662 1784 696; x_wconf 72' lang='grc' dir='ltr'>ὑποστρέφων,</span> 
     </span>
    </p>
   </div>
   <div class='ocr_carea' id='block_1_57' title="bbox 989 708 1788 746">
    <p class='ocr_par' dir='ltr' id='par_1_57' title="bbox 989 708 1788 746">
     <span class='ocr_line' id='line_1_57' title="bbox 989 708 1788 746; baseline -0.004 -9"><span class='ocrx_word' id='word_1_403' title='bbox 989 710 1122 746; x_wconf 81' lang='grc' dir='ltr'>πρόδηλον</span> <span class='ocrx_word' id='word_1_404' title='bbox 1139 710 1202 737; x_wconf 75' lang='grc' dir='ltr'>ἔνθα</span> <span class='ocrx_word' id='word_1_405' title='bbox 1231 709 1355 745; x_wconf 81' lang='grc' dir='ltr'>ὑπῆρχεν</span> <span class='ocrx_word' id='word_1_406' title='bbox 1371 709 1549 744; x_wconf 68' lang='grc' dir='ltr'>ὑποστρέφει.</span> <span class='ocrx_word' id='word_1_407' title='bbox 1569 719 1577 734; x_wconf 83' lang='grc' dir='ltr'>ι</span> <span class='ocrx_word' id='word_1_408' title='bbox 1605 708 1688 735; x_wconf 71' lang='grc' dir='ltr'>Ἀλλὰ</span> <span class='ocrx_word' id='word_1_409' title='bbox 1704 709 1754 735; x_wconf 78' lang='grc' dir='ltr'>καὶ</span> <span class='ocrx_word' id='word_1_410' title='bbox 1772 710 1788 735; x_wconf 85' lang='grc' dir='ltr'>ὁ</span> 
     </span>
    </p>
   </div>
   <div class='ocr_carea' id='block_1_58' title="bbox 989 755 1787 792">
    <p class='ocr_par' dir='ltr' id='par_1_58' title="bbox 989 755 1787 792">
     <span class='ocr_line' id='line_1_58' title="bbox 989 755 1787 792; baseline -0.003 -9"><span class='ocrx_word' id='word_1_411' title='bbox 989 756 1254 792; x_wconf 84' lang='grc' dir='ltr'>πανηγυρικὼτατος</span> <span class='ocrx_word' id='word_1_412' title='bbox 1266 756 1303 791; x_wconf 79' lang='grc' dir='ltr'>τῷ</span> <span class='ocrx_word' id='word_1_413' title='bbox 1318 756 1373 783; x_wconf 73' lang='grc' dir='ltr'>δντι</span> <span class='ocrx_word' id='word_1_414' title='bbox 1386 758 1433 782; x_wconf 82' lang='grc' dir='ltr'>καὶ</span> <span class='ocrx_word' id='word_1_415' title='bbox 1445 755 1574 790; x_wconf 78' lang='grc' dir='ltr'>θεοφόρυς</span> <span class='ocrx_word' id='word_1_416' title='bbox 1587 755 1681 790; x_wconf 83' lang='grc' dir='ltr'>Πατὴρ</span> <span class='ocrx_word' id='word_1_417' title='bbox 1693 756 1787 789; x_wconf 82' lang='grc' dir='ltr'>ήμῶν,</span> 
     </span>
    </p>
   </div>
   <div class='ocr_carea' id='block_1_59' title="bbox 989 801 1787 838">
    <p class='ocr_par' dir='ltr' id='par_1_59' title="bbox 989 801 1787 838">
     <span class='ocr_line' id='line_1_59' title="bbox 989 801 1787 838; baseline -0.005 -8"><span class='ocrx_word' id='word_1_418' title='bbox 989 804 1004 830; x_wconf 82' lang='grc' dir='ltr'>ό</span> <span class='ocrx_word' id='word_1_419' title='bbox 1033 803 1147 838; x_wconf 81' lang='grc' dir='ltr'>Κρήτης</span> <span class='ocrx_word' id='word_1_420' title='bbox 1173 801 1313 838; x_wconf 78' lang='grc' dir='ltr'>Ἀνδρέας,</span> <span class='ocrx_word' id='word_1_421' title='bbox 1334 803 1348 829; x_wconf 85' lang='grc' dir='ltr'>ό</span> <span class='ocrx_word' id='word_1_422' title='bbox 1375 801 1524 834; x_wconf 72' lang='grc' dir='ltr'>ἀξιώτατος</span> <span class='ocrx_word' id='word_1_423' title='bbox 1559 803 1661 836; x_wconf 79' lang='grc' dir='ltr'>ποιμὴν</span> <span class='ocrx_word' id='word_1_424' title='bbox 1684 801 1787 835; x_wconf 75' lang='grc' dir='ltr'>αὐτῆς,</span> 
     </span>
    </p>
   </div>
   <div class='ocr_carea' id='block_1_60' title="bbox 992 845 1790 883">
    <p class='ocr_par' dir='ltr' id='par_1_60' title="bbox 992 845 1790 883">
     <span class='ocr_line' id='line_1_60' title="bbox 992 845 1790 883; baseline -0.003 -8"><span class='ocrx_word' id='word_1_425' title='bbox 992 849 1062 883; x_wconf 87' lang='grc' dir='ltr'>μετὰ</span> <span class='ocrx_word' id='word_1_426' title='bbox 1088 849 1194 880; x_wconf 74' lang='grc' dir='ltr'>πάντας</span> <span class='ocrx_word' id='word_1_427' title='bbox 1210 848 1274 880; x_wconf 82' lang='grc' dir='ltr'>τοὺς</span> <span class='ocrx_word' id='word_1_428' title='bbox 1295 847 1400 882; x_wconf 85' lang='grc' dir='ltr'>ἁγίους,</span> <span class='ocrx_word' id='word_1_429' title='bbox 1419 845 1459 879; x_wconf 72' lang='grc' dir='ltr'>οἷς</span> <span class='ocrx_word' id='word_1_430' title='bbox 1484 847 1662 883; x_wconf 76' lang='grc' dir='ltr'>ἐχρησάμεθα</span> <span class='ocrx_word' id='word_1_431' title='bbox 1679 848 1790 881; x_wconf 78' lang='grc' dir='ltr'>μάρτυ-</span> 
     </span>
    </p>
   </div>
   <div class='ocr_carea' id='block_1_61' title="bbox 992 891 1789 929">
    <p class='ocr_par' dir='ltr' id='par_1_61' title="bbox 992 891 1789 929">
     <span class='ocr_line' id='line_1_61' title="bbox 992 891 1789 929; baseline -0.003 -10"><span class='ocrx_word' id='word_1_432' title='bbox 992 900 1045 926; x_wconf 83' lang='grc' dir='ltr'>σιν,</span> <span class='ocrx_word' id='word_1_433' title='bbox 1061 893 1106 921; x_wconf 75' lang='grc' dir='ltr'>ἐπὶ</span> <span class='ocrx_word' id='word_1_434' title='bbox 1126 894 1159 928; x_wconf 86' lang='grc' dir='ltr'>τῇ</span> <span class='ocrx_word' id='word_1_435' title='bbox 1177 893 1347 929; x_wconf 81' lang='grc' dir='ltr'>τοιᾷδε’ήμῖν</span> <span class='ocrx_word' id='word_1_436' title='bbox 1362 892 1502 924; x_wconf 75' lang='grc' dir='ltr'>ὑποθέσει,</span> <span class='ocrx_word' id='word_1_437' title='bbox 1521 891 1626 926; x_wconf 80' lang='grc' dir='ltr'>παρίτω</span> <span class='ocrx_word' id='word_1_438' title='bbox 1639 892 1687 918; x_wconf 67' lang='grc' dir='ltr'>καὶ</span> <span class='ocrx_word' id='word_1_439' title='bbox 1703 892 1789 923; x_wconf 63' lang='grc' dir='ltr'>αὐτος</span> 
     </span>
    </p>
   </div>
   <div class='ocr_carea' id='block_1_62' title="bbox 991 935 1788 975">
    <p class='ocr_par' dir='ltr' id='par_1_62' title="bbox 991 935 1788 975">
     <span class='ocr_line' id='line_1_62' title="bbox 991 935 1788 975; baseline -0.003 -9"><span class='ocrx_word' id='word_1_440' title='bbox 991 939 1026 966; x_wconf 83' lang='grc' dir='ltr'>τὰ</span> <span class='ocrx_word' id='word_1_441' title='bbox 1051 940 1120 966; x_wconf 79' lang='grc' dir='ltr'>αὐτὰ</span> <span class='ocrx_word' id='word_1_442' title='bbox 1141 940 1382 975; x_wconf 76' lang='grc' dir='ltr'>συμμαρτυρήσων</span> <span class='ocrx_word' id='word_1_443' title='bbox 1405 940 1484 974; x_wconf 78' lang='grc' dir='ltr'>ἡμῖν.</span> <span class='ocrx_word' id='word_1_444' title='bbox 1506 935 1590 969; x_wconf 77' lang='grc' dir='ltr'>Οὗτος</span> <span class='ocrx_word' id='word_1_445' title='bbox 1617 939 1671 973; x_wconf 79' lang='grc' dir='ltr'>γὰρ</span> <span class='ocrx_word' id='word_1_446' title='bbox 1697 938 1726 964; x_wconf 80' lang='grc' dir='ltr'>ἐν</span> <span class='ocrx_word' id='word_1_447' title='bbox 1744 939 1788 964; x_wconf 67' lang='grc' dir='ltr'>ἑνὶ</span> 
     </span>
    </p>
   </div>
   <div class='ocr_carea' id='block_1_63' title="bbox 991 974 1790 1021">
    <p class='ocr_par' dir='ltr' id='par_1_63' title="bbox 991 974 1790 1021">
     <span class='ocr_line' id='line_1_63' title="bbox 991 974 1790 1021; baseline -0.003 -9"><span class='ocrx_word' id='word_1_448' title='bbox 991 985 1045 1012; x_wconf 81' lang='grc' dir='ltr'>τῶν</span> <span class='ocrx_word' id='word_1_449' title='bbox 1064 974 1228 1021; x_wconf 78' lang='grc' dir='ltr'>θαυμασίων</span> <span class='ocrx_word' id='word_1_450' title='bbox 1240 974 1329 1013; x_wconf 75' lang='grc' dir='ltr'>αὐτοῦ</span> <span class='ocrx_word' id='word_1_451' title='bbox 1355 985 1455 1020; x_wconf 75' lang='grc' dir='ltr'>λόγων,</span> <span class='ocrx_word' id='word_1_452' title='bbox 1482 974 1512 1012; x_wconf 59' lang='lat' dir='ltr'>dii</span> <span class='ocrx_word' id='word_1_453' title='bbox 1529 985 1568 1017; x_wconf 85' lang='grc' dir='ltr'>είς</span> <span class='ocrx_word' id='word_1_454' title='bbox 1586 984 1635 1020; x_wconf 84' lang='grc' dir='ltr'>τὴν</span> <span class='ocrx_word' id='word_1_455' title='bbox 1654 986 1703 1019; x_wconf 79' lang='grc' dir='ltr'>τῆς</span> <span class='ocrx_word' id='word_1_456' title='bbox 1717 994 1790 1011; x_wconf 83' lang='grc' dir='ltr'>παν-</span> 
     </span>
    </p>
   </div>
   <div class='ocr_carea' id='block_1_64' title="bbox 992 1031 1791 1067">
    <p class='ocr_par' dir='ltr' id='par_1_64' title="bbox 992 1031 1791 1067">
     <span class='ocr_line' id='line_1_64' title="bbox 992 1031 1791 1067; baseline -0.004 -8"><span class='ocrx_word' id='word_1_457' title='bbox 992 1032 1076 1066; x_wconf 86' lang='grc' dir='ltr'>άγνου</span> <span class='ocrx_word' id='word_1_458' title='bbox 1111 1032 1262 1066; x_wconf 78' lang='grc' dir='ltr'>Δεσποίνης</span> <span class='ocrx_word' id='word_1_459' title='bbox 1288 1032 1367 1067; x_wconf 77' lang='grc' dir='ltr'>ἡμῶν</span> <span class='ocrx_word' id='word_1_460' title='bbox 1394 1031 1523 1067; x_wconf 82' lang='grc' dir='ltr'>κοίμησιν</span> <span class='ocrx_word' id='word_1_461' title='bbox 1549 1031 1712 1066; x_wconf 82' lang='grc' dir='ltr'>ὖπερκὰλως</span> <span class='ocrx_word' id='word_1_462' title='bbox 1738 1039 1791 1057; x_wconf 79' lang='grc' dir='ltr'>πε-</span> 
     </span>
    </p>
   </div>
   <div class='ocr_carea' id='block_1_65' title="bbox 991 1076 1790 1114">
    <p class='ocr_par' dir='ltr' id='par_1_65' title="bbox 991 1076 1790 1114">
     <span class='ocr_line' id='line_1_65' title="bbox 991 1076 1790 1114; baseline -0.004 -10"><span class='ocrx_word' id='word_1_463' title='bbox 991 1077 1115 1114; x_wconf 81' lang='grc' dir='ltr'>ποίηται,</span> <span class='ocrx_word' id='word_1_464' title='bbox 1132 1078 1149 1112; x_wconf 84' lang='grc' dir='ltr'>ἠ</span> <span class='ocrx_word' id='word_1_465' title='bbox 1167 1077 1191 1104; x_wconf 85' lang='grc' dir='ltr'>δ’</span> <span class='ocrx_word' id='word_1_466' title='bbox 1203 1077 1277 1113; x_wconf 77' lang='grc' dir='ltr'>ἀρχὴ</span> <span class='ocrx_word' id='word_1_467' title='bbox 1294 1077 1342 1104; x_wconf 81' lang='grc' dir='ltr'>τοῦ</span> <span class='ocrx_word' id='word_1_468' title='bbox 1365 1077 1457 1111; x_wconf 80' lang='grc' dir='ltr'>λόγου,</span> <span class='ocrx_word' id='word_1_469' title='bbox 1474 1077 1568 1103; x_wconf 69' lang='lat' dir='ltr'><strong>(&quot;Odor</strong></span> <span class='ocrx_word' id='word_1_470' title='bbox 1584 1076 1614 1102; x_wconf 74' lang='grc' dir='ltr'>τὸ</span> <span class='ocrx_word' id='word_1_471' title='bbox 1627 1076 1725 1103; x_wconf 62' lang='grc' dir='ltr'>σεπτὸν</span> <span class='ocrx_word' id='word_1_472' title='bbox 1740 1076 1790 1102; x_wconf 74' lang='grc' dir='ltr'>καὶ</span> 
     </span>
    </p>
   </div>
   <div class='ocr_carea' id='block_1_66' title="bbox 992 1122 1789 1159">
    <p class='ocr_par' dir='ltr' id='par_1_66' title="bbox 992 1122 1789 1159">
     <span class='ocr_line' id='line_1_66' title="bbox 992 1122 1789 1159; baseline -0.004 -8"><span class='ocrx_word' id='word_1_473' title='bbox 992 1124 1143 1159; x_wconf 78' lang='grc' dir='ltr'>σεϐάσμιον</span> <span class='ocrx_word' id='word_1_474' title='bbox 1160 1124 1275 1159; x_wconf 80' lang='grc' dir='ltr'>τέμενος</span> <span class='ocrx_word' id='word_1_475' title='bbox 1291 1124 1382 1158; x_wconf 76' lang='grc' dir='ltr'>τοῦτο,</span> <span class='ocrx_word' id='word_1_476' title='bbox 1393 1134 1401 1150; x_wconf 74' lang='grc' dir='ltr'>ι</span> <span class='ocrx_word' id='word_1_477' title='bbox 1421 1124 1535 1158; x_wconf 74' lang='grc' dir='ltr'>ἔγγιστά</span> <span class='ocrx_word' id='word_1_478' title='bbox 1548 1131 1598 1150; x_wconf 85' lang='grc' dir='ltr'>που</span> <span class='ocrx_word' id='word_1_479' title='bbox 1618 1123 1668 1158; x_wconf 84' lang='grc' dir='ltr'>τῆς</span> <span class='ocrx_word' id='word_1_480' title='bbox 1687 1122 1789 1158; x_wconf 73' lang='grc' dir='ltr'>ἀρχῆς,</span> 
     </span>
    </p>
   </div>
   <div class='ocr_carea' id='block_1_67' title="bbox 992 1170 1789 1206">
    <p class='ocr_par' dir='ltr' id='par_1_67' title="bbox 992 1170 1789 1206">
     <span class='ocr_line' id='line_1_67' title="bbox 992 1170 1789 1206; baseline -0.005 -8"><span class='ocrx_word' id='word_1_481' title='bbox 992 1171 1120 1206; x_wconf 75' lang='grc' dir='ltr'>καὶπερὶ</span> <span class='ocrx_word' id='word_1_482' title='bbox 1143 1170 1241 1198; x_wconf 87' lang='grc' dir='ltr'>τούτου</span> <span class='ocrx_word' id='word_1_483' title='bbox 1256 1170 1328 1198; x_wconf 72' lang='grc' dir='ltr'>οὕτω</span> <span class='ocrx_word' id='word_1_484' title='bbox 1354 1171 1547 1206; x_wconf 72' lang='grc' dir='ltr'>διαλαμῆάνει,</span> <span class='ocrx_word' id='word_1_485' title='bbox 1573 1180 1582 1196; x_wconf 81' lang='grc' dir='ltr'>ι</span> <span class='ocrx_word' id='word_1_486' title='bbox 1603 1170 1658 1197; x_wconf 81' lang='grc' dir='ltr'>Καὶ</span> <span class='ocrx_word' id='word_1_487' title='bbox 1677 1170 1726 1204; x_wconf 81' lang='grc' dir='ltr'>μέν</span> <span class='ocrx_word' id='word_1_488' title='bbox 1743 1178 1789 1195; x_wconf 79' lang='grc' dir='ltr'>τοι</span> 
     </span>
    </p>
   </div>
   <div class='ocr_carea' id='block_1_68' title="bbox 992 1217 1790 1253">
    <p class='ocr_par' dir='ltr' id='par_1_68' title="bbox 992 1217 1790 1253">
     <span class='ocr_line' id='line_1_68' title="bbox 992 1217 1790 1253; baseline -0.004 -8"><span class='ocrx_word' id='word_1_489' title='bbox 992 1217 1040 1245; x_wconf 85' lang='grc' dir='ltr'>καὶ</span> <span class='ocrx_word' id='word_1_490' title='bbox 1055 1218 1110 1245; x_wconf 86' lang='grc' dir='ltr'>τῶν</span> <span class='ocrx_word' id='word_1_491' title='bbox 1134 1217 1222 1252; x_wconf 81' lang='grc' dir='ltr'>ἁγίων</span> <span class='ocrx_word' id='word_1_492' title='bbox 1254 1218 1282 1244; x_wconf 81' lang='grc' dir='ltr'>αἱ</span> <span class='ocrx_word' id='word_1_493' title='bbox 1306 1218 1391 1253; x_wconf 70' lang='grc' dir='ltr'>ψυχαὶ</span> <span class='ocrx_word' id='word_1_494' title='bbox 1416 1218 1462 1244; x_wconf 84' lang='grc' dir='ltr'>τὸν</span> <span class='ocrx_word' id='word_1_495' title='bbox 1483 1217 1560 1252; x_wconf 82' lang='grc' dir='ltr'>ἀειδῆ</span> <span class='ocrx_word' id='word_1_496' title='bbox 1581 1217 1663 1244; x_wconf 85' lang='grc' dir='ltr'>τόπον</span> <span class='ocrx_word' id='word_1_497' title='bbox 1681 1217 1790 1243; x_wconf 74' lang='grc' dir='ltr'>ἐκεῖνον</span> 
     </span>
    </p>
   </div>
   <div class='ocr_carea' id='block_1_69' title="bbox 991 1263 1791 1300">
    <p class='ocr_par' dir='ltr' id='par_1_69' title="bbox 991 1263 1791 1300">
     <span class='ocr_line' id='line_1_69' title="bbox 991 1263 1791 1300; baseline -0.003 -9"><span class='ocrx_word' id='word_1_498' title='bbox 991 1265 1145 1300; x_wconf 82' lang='grc' dir='ltr'>διέρχονται</span> <span class='ocrx_word' id='word_1_499' title='bbox 1164 1264 1225 1299; x_wconf 80' lang='grc' dir='ltr'>μὲν,</span> <span class='ocrx_word' id='word_1_500' title='bbox 1244 1265 1273 1291; x_wconf 86' lang='grc' dir='ltr'>οὐ</span> <span class='ocrx_word' id='word_1_501' title='bbox 1297 1266 1459 1300; x_wconf 78' lang='grc' dir='ltr'>κατέχονται</span> <span class='ocrx_word' id='word_1_502' title='bbox 1491 1265 1519 1291; x_wconf 81' lang='grc' dir='ltr'>δέ</span> <span class='ocrx_word' id='word_1_503' title='bbox 1533 1271 1540 1279; x_wconf 87' lang='grc'><strong>·</strong></span> <span class='ocrx_word' id='word_1_504' title='bbox 1563 1264 1633 1298; x_wconf 81' lang='grc' dir='ltr'>πλὴν</span> <span class='ocrx_word' id='word_1_505' title='bbox 1660 1264 1713 1290; x_wconf 82' lang='grc' dir='ltr'>τῶν</span> <span class='ocrx_word' id='word_1_506' title='bbox 1727 1263 1791 1290; x_wconf 59' lang='grc' dir='ltr'>ὅσαι</span> 
     </span>
    </p>
   </div>
   <div class='ocr_carea' id='block_1_70' title="bbox 992 1310 1788 1348">
    <p class='ocr_par' dir='ltr' id='par_1_70' title="bbox 992 1310 1788 1348">
     <span class='ocr_line' id='line_1_70' title="bbox 992 1310 1788 1348; baseline -0.004 -9"><span class='ocrx_word' id='word_1_507' title='bbox 992 1312 1025 1348; x_wconf 83' lang='grc' dir='ltr'>τῇ</span> <span class='ocrx_word' id='word_1_508' title='bbox 1045 1311 1117 1339; x_wconf 84' lang='grc' dir='ltr'>κατὰ</span> <span class='ocrx_word' id='word_1_509' title='bbox 1131 1311 1180 1345; x_wconf 68' lang='grc' dir='ltr'>τὸν</span> <span class='ocrx_word' id='word_1_510' title='bbox 1196 1311 1254 1348; x_wconf 84' lang='grc' dir='ltr'>βίον</span> <span class='ocrx_word' id='word_1_511' title='bbox 1271 1312 1396 1348; x_wconf 77' lang='grc' dir='ltr'>ῥᾳστώνῃ</span> <span class='ocrx_word' id='word_1_512' title='bbox 1409 1312 1454 1338; x_wconf 68' lang='grc' dir='ltr'>τὸν</span> <span class='ocrx_word' id='word_1_513' title='bbox 1470 1311 1504 1338; x_wconf 83' lang='grc' dir='ltr'>δι’</span> <span class='ocrx_word' id='word_1_514' title='bbox 1518 1311 1656 1347; x_wconf 77' lang='grc' dir='ltr'>ἁμαρτίας</span> <span class='ocrx_word' id='word_1_515' title='bbox 1669 1310 1788 1337; x_wconf 74' lang='grc' dir='ltr'>θάνατον</span> 
     </span>
    </p>
   </div>
   <div class='ocr_carea' id='block_1_71' title="bbox 993 1355 1791 1393">
    <p class='ocr_par' dir='ltr' id='par_1_71' title="bbox 993 1355 1791 1393">
     <span class='ocr_line' id='line_1_71' title="bbox 993 1355 1791 1393; baseline -0.005 -8"><span class='ocrx_word' id='word_1_516' title='bbox 993 1358 1199 1386; x_wconf 74' lang='grc' dir='ltr'>ἐπεσπάσαντο.</span> <span class='ocrx_word' id='word_1_517' title='bbox 1229 1357 1312 1384; x_wconf 87' lang='grc' dir='ltr'>Ὅσαι</span> <span class='ocrx_word' id='word_1_518' title='bbox 1331 1358 1384 1392; x_wconf 86' lang='grc' dir='ltr'>γὰρ</span> <span class='ocrx_word' id='word_1_519' title='bbox 1408 1358 1496 1393; x_wconf 79' lang='grc' dir='ltr'>δήπου</span> <span class='ocrx_word' id='word_1_520' title='bbox 1523 1357 1604 1392; x_wconf 71' lang='grc' dir='ltr'>τυχὸν</span> <span class='ocrx_word' id='word_1_521' title='bbox 1630 1357 1686 1386; x_wconf 77' lang='grc' dir='ltr'>τοῖς</span> <span class='ocrx_word' id='word_1_522' title='bbox 1706 1355 1791 1387; x_wconf 81' lang='grc' dir='ltr'>θείοις</span> 
     </span>
    </p>
   </div>
   <div class='ocr_carea' id='block_1_72' title="bbox 992 1401 1793 1440">
    <p class='ocr_par' dir='ltr' id='par_1_72' title="bbox 992 1401 1793 1440">
     <span class='ocr_line' id='line_1_72' title="bbox 992 1401 1793 1440; baseline -0.006 -8"><span class='ocrx_word' id='word_1_523' title='bbox 992 1405 1089 1440; x_wconf 84' lang='grc' dir='ltr'>νόμοις</span> <span class='ocrx_word' id='word_1_524' title='bbox 1111 1404 1213 1435; x_wconf 74' lang='grc' dir='ltr'>ἑαυτὰς</span> <span class='ocrx_word' id='word_1_525' title='bbox 1228 1403 1424 1436; x_wconf 78' lang='grc' dir='ltr'>ὑποζεύξασαι,</span> <span class='ocrx_word' id='word_1_526' title='bbox 1442 1404 1492 1437; x_wconf 80' lang='grc' dir='ltr'>τὴν</span> <span class='ocrx_word' id='word_1_527' title='bbox 1513 1403 1542 1429; x_wconf 75' lang='grc' dir='ltr'>ἐν</span> <span class='ocrx_word' id='word_1_528' title='bbox 1561 1403 1688 1437; x_wconf 75' lang='grc' dir='ltr'>οὐρανοῖς</span> <span class='ocrx_word' id='word_1_529' title='bbox 1714 1401 1793 1428; x_wconf 83' lang='grc' dir='ltr'>πολι-</span> 
     </span>
    </p>
   </div>
   <div class='ocr_carea' id='block_1_73' title="bbox 991 1448 1790 1486">
    <p class='ocr_par' dir='ltr' id='par_1_73' title="bbox 991 1448 1790 1486">
     <span class='ocr_line' id='line_1_73' title="bbox 991 1448 1790 1486; baseline -0.006 -7"><span class='ocrx_word' id='word_1_530' title='bbox 991 1451 1068 1479; x_wconf 84' lang='grc' dir='ltr'>τείαν</span> <span class='ocrx_word' id='word_1_531' title='bbox 1096 1452 1125 1479; x_wconf 78' lang='grc' dir='ltr'>ὲν</span> <span class='ocrx_word' id='word_1_532' title='bbox 1156 1451 1294 1486; x_wconf 76' lang='grc' dir='ltr'>πνεύματι</span> <span class='ocrx_word' id='word_1_533' title='bbox 1309 1450 1354 1477; x_wconf 83' lang='grc' dir='ltr'>διὰ</span> <span class='ocrx_word' id='word_1_534' title='bbox 1376 1449 1477 1485; x_wconf 80' lang='grc' dir='ltr'>σαρκὸς</span> <span class='ocrx_word' id='word_1_535' title='bbox 1504 1449 1689 1482; x_wconf 74' lang='grc' dir='ltr'>ἐπεδείξαντο,</span> <span class='ocrx_word' id='word_1_536' title='bbox 1718 1448 1790 1482; x_wconf 81' lang='grc' dir='ltr'>πρὸς</span> 
     </span>
    </p>
   </div>
   <div class='ocr_carea' id='block_1_74' title="bbox 993 1493 1791 1531">
    <p class='ocr_par' dir='ltr' id='par_1_74' title="bbox 993 1493 1791 1531">
     <span class='ocr_line' id='line_1_74' title="bbox 993 1493 1791 1531; baseline -0.006 -7"><span class='ocrx_word' id='word_1_537' title='bbox 993 1497 1095 1529; x_wconf 78' lang='grc' dir='ltr'>τόπους</span> <span class='ocrx_word' id='word_1_538' title='bbox 1115 1497 1196 1531; x_wconf 83' lang='grc' dir='ltr'>δῆλον</span> <span class='ocrx_word' id='word_1_539' title='bbox 1215 1496 1376 1531; x_wconf 80' lang='grc' dir='ltr'>φωτοειδεῖς</span> <span class='ocrx_word' id='word_1_540' title='bbox 1396 1495 1551 1531; x_wconf 80' lang='grc' dir='ltr'>πρέποντας</span> <span class='ocrx_word' id='word_1_541' title='bbox 1574 1496 1607 1530; x_wconf 82' lang='grc' dir='ltr'>τῇ</span> <span class='ocrx_word' id='word_1_542' title='bbox 1631 1495 1721 1529; x_wconf 70' lang='grc' dir='ltr'>τοιᾷδε</span> <span class='ocrx_word' id='word_1_543' title='bbox 1734 1493 1791 1520; x_wconf 83' lang='grc' dir='ltr'>τῶν</span> 
     </span>
    </p>
   </div>
   <div class='ocr_carea' id='block_1_75' title="bbox 992 1541 1789 1579">
    <p class='ocr_par' dir='ltr' id='par_1_75' title="bbox 992 1541 1789 1579">
     <span class='ocr_line' id='line_1_75' title="bbox 992 1541 1789 1579; baseline -0.006 -8"><span class='ocrx_word' id='word_1_544' title='bbox 992 1544 1078 1579; x_wconf 83' lang='grc' dir='ltr'>ἁγίων</span> <span class='ocrx_word' id='word_1_545' title='bbox 1087 1544 1149 1579; x_wconf 79' lang='grc' dir='ltr'>ἱερᾷ</span> <span class='ocrx_word' id='word_1_546' title='bbox 1158 1542 1334 1576; x_wconf 79' lang='grc' dir='ltr'>καταστάσει,</span> <span class='ocrx_word' id='word_1_547' title='bbox 1350 1542 1531 1577; x_wconf 78' lang='grc' dir='ltr'>μετατεθῆναι</span> <span class='ocrx_word' id='word_1_548' title='bbox 1545 1541 1789 1577; x_wconf 67' lang='grc' dir='ltr'>παριπέμπονταιι</span> 
     </span>
    </p>
   </div>
   <div class='ocr_carea' id='block_1_76' title="bbox 995 1589 1791 1625">
    <p class='ocr_par' dir='ltr' id='par_1_76' title="bbox 995 1589 1791 1625">
     <span class='ocr_line' id='line_1_76' title="bbox 995 1589 1791 1625; baseline -0.003 -8"><span class='ocrx_word' id='word_1_549' title='bbox 995 1590 1043 1623; x_wconf 79' lang='grc' dir='ltr'>οὓς</span> <span class='ocrx_word' id='word_1_550' title='bbox 1060 1591 1207 1617; x_wconf 65' lang='grc' dir='ltr'>ἐπισκοπεῖ</span> <span class='ocrx_word' id='word_1_551' title='bbox 1222 1589 1336 1625; x_wconf 82' lang='grc' dir='ltr'>Κύριος,</span> <span class='ocrx_word' id='word_1_552' title='bbox 1359 1590 1407 1616; x_wconf 73' lang='grc' dir='ltr'>καὶ</span> <span class='ocrx_word' id='word_1_553' title='bbox 1421 1589 1445 1616; x_wconf 84' lang='grc' dir='ltr'>οι</span> <span class='ocrx_word' id='word_1_554' title='bbox 1464 1589 1599 1624; x_wconf 82' lang='grc' dir='ltr'>ὀφθαλμοὶ</span> <span class='ocrx_word' id='word_1_555' title='bbox 1615 1589 1698 1616; x_wconf 76' lang='grc' dir='ltr'>αὑτοῦ</span> <span class='ocrx_word' id='word_1_556' title='bbox 1717 1589 1791 1615; x_wconf 79' lang='grc' dir='ltr'>κατὰ</span> 
     </span>
    </p>
   </div>
   <div class='ocr_carea' id='block_1_77' title="bbox 993 1633 1790 1671">
    <p class='ocr_par' dir='ltr' id='par_1_77' title="bbox 993 1633 1790 1671">
     <span class='ocr_line' id='line_1_77' title="bbox 993 1633 1790 1671; baseline -0.003 -7"><span class='ocrx_word' id='word_1_557' title='bbox 993 1640 1024 1664; x_wconf 76' lang='grc' dir='ltr'>τὸ</span> <span class='ocrx_word' id='word_1_558' title='bbox 1038 1637 1129 1671; x_wconf 87' lang='grc' dir='ltr'>λόγιον</span> <span class='ocrx_word' id='word_1_559' title='bbox 1142 1636 1186 1663; x_wconf 82' lang='grc' dir='ltr'>διὰ</span> <span class='ocrx_word' id='word_1_560' title='bbox 1198 1636 1299 1668; x_wconf 77' lang='grc' dir='ltr'>παντὸς</span> <span class='ocrx_word' id='word_1_561' title='bbox 1311 1636 1516 1664; x_wconf 78' lang='grc' dir='ltr'>ὲπιῦλέπουσιν.</span> <span class='ocrx_word' id='word_1_562' title='bbox 1535 1633 1586 1663; x_wconf 81' lang='grc' dir='ltr'>Ὧν</span> <span class='ocrx_word' id='word_1_563' title='bbox 1599 1636 1629 1663; x_wconf 88' lang='grc' dir='ltr'>τό</span> <span class='ocrx_word' id='word_1_564' title='bbox 1644 1645 1674 1663; x_wconf 87' lang='grc' dir='ltr'>τε</span> <span class='ocrx_word' id='word_1_565' title='bbox 1690 1636 1790 1666; x_wconf 82' lang='grc' dir='ltr'>κάλλος</span> 
     </span>
    </p>
   </div>
   <div class='ocr_carea' id='block_1_78' title="bbox 997 1681 1789 1719">
    <p class='ocr_par' dir='ltr' id='par_1_78' title="bbox 997 1681 1789 1719">
     <span class='ocr_line' id='line_1_78' title="bbox 997 1681 1789 1719; baseline -0.003 -9"><span class='ocrx_word' id='word_1_566' title='bbox 997 1682 1045 1710; x_wconf 70' lang='grc' dir='ltr'>καὶ</span> <span class='ocrx_word' id='word_1_567' title='bbox 1062 1681 1190 1718; x_wconf 77' lang='grc' dir='ltr'>μέγεθος,</span> <span class='ocrx_word' id='word_1_568' title='bbox 1206 1683 1255 1710; x_wconf 80' lang='grc' dir='ltr'>καὶ</span> <span class='ocrx_word' id='word_1_569' title='bbox 1267 1682 1317 1718; x_wconf 82' lang='grc' dir='ltr'>τὴν</span> <span class='ocrx_word' id='word_1_570' title='bbox 1333 1683 1375 1713; x_wconf 85' lang='grc' dir='ltr'>είς</span> <span class='ocrx_word' id='word_1_571' title='bbox 1393 1682 1467 1710; x_wconf 63' lang='grc' dir='ltr'>ἅπαν</span> <span class='ocrx_word' id='word_1_572' title='bbox 1482 1682 1688 1719; x_wconf 76' lang='grc' dir='ltr'>μακαριότητος</span> <span class='ocrx_word' id='word_1_573' title='bbox 1701 1683 1789 1716; x_wconf 83' lang='grc' dir='ltr'>θέσιν,</span> 
     </span>
    </p>
   </div>
   <div class='ocr_carea' id='block_1_79' title="bbox 997 1728 1790 1766">
    <p class='ocr_par' dir='ltr' id='par_1_79' title="bbox 997 1728 1790 1766">
     <span class='ocr_line' id='line_1_79' title="bbox 997 1728 1790 1766; baseline -0.003 -9"><span class='ocrx_word' id='word_1_574' title='bbox 997 1729 1147 1766; x_wconf 81' lang='grc' dir='ltr'>προσθήσω</span> <span class='ocrx_word' id='word_1_575' title='bbox 1161 1729 1189 1756; x_wconf 74' lang='grc' dir='ltr'>δὲ</span> <span class='ocrx_word' id='word_1_576' title='bbox 1202 1729 1250 1756; x_wconf 77' lang='grc' dir='ltr'>καὶ</span> <span class='ocrx_word' id='word_1_577' title='bbox 1264 1729 1314 1765; x_wconf 85' lang='grc' dir='ltr'>τῆς</span> <span class='ocrx_word' id='word_1_578' title='bbox 1329 1728 1400 1765; x_wconf 72' lang='grc' dir='ltr'>ὑπὲρ</span> <span class='ocrx_word' id='word_1_579' title='bbox 1422 1729 1486 1757; x_wconf 83' lang='grc' dir='ltr'>νοῦν</span> <span class='ocrx_word' id='word_1_580' title='bbox 1497 1729 1677 1764; x_wconf 80' lang='grc' dir='ltr'>ὡραιότητος,</span> <span class='ocrx_word' id='word_1_581' title='bbox 1693 1729 1790 1756; x_wconf 67' lang='grc' dir='ltr'>εἰδεῖεν</span> 
     </span>
    </p>
   </div>
   <div class='ocr_carea' id='block_1_80' title="bbox 995 1775 1790 1812">
    <p class='ocr_par' dir='ltr' id='par_1_80' title="bbox 995 1775 1790 1812">
     <span class='ocr_line' id='line_1_80' title="bbox 995 1775 1790 1812; baseline 0 -8"><span class='ocrx_word' id='word_1_582' title='bbox 995 1777 1029 1804; x_wconf 78' lang='grc' dir='ltr'>ἂν</span> <span class='ocrx_word' id='word_1_583' title='bbox 1045 1777 1160 1808; x_wconf 78' lang='grc' dir='ltr'>εἰκότως</span> <span class='ocrx_word' id='word_1_584' title='bbox 1172 1775 1349 1812; x_wconf 84' lang='grc' dir='ltr'>τρανώτερόν</span> <span class='ocrx_word' id='word_1_585' title='bbox 1365 1785 1394 1803; x_wconf 91' lang='grc' dir='ltr'>τε</span> <span class='ocrx_word' id='word_1_586' title='bbox 1410 1777 1457 1803; x_wconf 73' lang='grc' dir='ltr'>καὶ</span> <span class='ocrx_word' id='word_1_587' title='bbox 1471 1776 1637 1812; x_wconf 83' lang='grc' dir='ltr'>ὑψηλότερον</span> <span class='ocrx_word' id='word_1_588' title='bbox 1651 1778 1674 1803; x_wconf 73' lang='lat' dir='ltr'>ei</span> <span class='ocrx_word' id='word_1_589' title='bbox 1689 1777 1790 1812; x_wconf 78' lang='grc' dir='ltr'>μᾶλλον</span> 
     </span>
    </p>
   </div>
   <div class='ocr_carea' id='block_1_81' title="bbox 997 1820 1792 1858">
    <p class='ocr_par' dir='ltr' id='par_1_81' title="bbox 997 1820 1792 1858">
     <span class='ocr_line' id='line_1_81' title="bbox 997 1820 1792 1858; baseline 0.001 -9"><span class='ocrx_word' id='word_1_590' title='bbox 997 1822 1078 1858; x_wconf 82' lang='grc' dir='ltr'>ἡμῶν</span> <span class='ocrx_word' id='word_1_591' title='bbox 1091 1821 1152 1856; x_wconf 85' lang='grc' dir='ltr'>Θεῷ</span> <span class='ocrx_word' id='word_1_592' title='bbox 1167 1820 1378 1856; x_wconf 76' lang='grc' dir='ltr'>πλησιάζοντες.</span> <span class='ocrx_word' id='word_1_593' title='bbox 1390 1822 1539 1849; x_wconf 79' lang='grc' dir='ltr'>Κάνταῦθα</span> <span class='ocrx_word' id='word_1_594' title='bbox 1553 1821 1601 1849; x_wconf 80' lang='grc' dir='ltr'>τοῦ</span> <span class='ocrx_word' id='word_1_595' title='bbox 1616 1822 1720 1858; x_wconf 83' lang='grc' dir='ltr'>δρόμου</span> <span class='ocrx_word' id='word_1_596' title='bbox 1744 1822 1792 1857; x_wconf 78' lang='grc' dir='ltr'>λή-</span> 
     </span>
    </p>
   </div>
   <div class='ocr_carea' id='block_1_82' title="bbox 997 1865 1791 1904">
    <p class='ocr_par' dir='ltr' id='par_1_82' title="bbox 997 1865 1791 1904">
     <span class='ocr_line' id='line_1_82' title="bbox 997 1865 1791 1904; baseline 0.001 -10"><span class='ocrx_word' id='word_1_597' title='bbox 997 1867 1104 1901; x_wconf 80' lang='grc' dir='ltr'>ξαντες,</span> <span class='ocrx_word' id='word_1_598' title='bbox 1121 1866 1172 1903; x_wconf 81' lang='grc' dir='ltr'>τὴν</span> <span class='ocrx_word' id='word_1_599' title='bbox 1195 1867 1352 1904; x_wconf 72' lang='grc' dir='ltr'>ικεχειρίαν</span> <span class='ocrx_word' id='word_1_600' title='bbox 1381 1867 1519 1901; x_wconf 68' lang='grc' dir='ltr'>ἐδέξαντο,</span> <span class='ocrx_word' id='word_1_601' title='bbox 1542 1865 1585 1900; x_wconf 80' lang='grc' dir='ltr'>οἷς</span> <span class='ocrx_word' id='word_1_602' title='bbox 1607 1868 1656 1895; x_wconf 78' lang='grc' dir='ltr'>καὶ</span> <span class='ocrx_word' id='word_1_603' title='bbox 1688 1868 1791 1903; x_wconf 60' lang='grc' dir='ltr'>μᾶλλον</span> 
     </span>
    </p>
   </div>
   <div class='ocr_carea' id='block_1_83' title="bbox 998 1913 1791 1950">
    <p class='ocr_par' dir='ltr' id='par_1_83' title="bbox 998 1913 1791 1950">
     <span class='ocr_line' id='line_1_83' title="bbox 998 1913 1791 1950; baseline 0 -9"><span class='ocrx_word' id='word_1_604' title='bbox 998 1915 1166 1950; x_wconf 79' lang='grc' dir='ltr'>ἡτοίμασται</span> <span class='ocrx_word' id='word_1_605' title='bbox 1193 1913 1270 1949; x_wconf 79' lang='grc' dir='ltr'>παρὰ</span> <span class='ocrx_word' id='word_1_606' title='bbox 1294 1915 1345 1949; x_wconf 74' lang='grc' dir='ltr'>τῆς</span> <span class='ocrx_word' id='word_1_607' title='bbox 1372 1915 1463 1942; x_wconf 75' lang='grc' dir='ltr'>πάντα</span> <span class='ocrx_word' id='word_1_608' title='bbox 1487 1914 1577 1950; x_wconf 79' lang='grc' dir='ltr'>σοφῶς</span> <span class='ocrx_word' id='word_1_609' title='bbox 1608 1914 1791 1950; x_wconf 78' lang='grc' dir='ltr'>διεξαγούσης</span> 
     </span>
    </p>
   </div>
   <div class='ocr_carea' id='block_1_84' title="bbox 998 1959 1791 1996">
    <p class='ocr_par' dir='ltr' id='par_1_84' title="bbox 998 1959 1791 1996">
     <span class='ocr_line' id='line_1_84' title="bbox 998 1959 1791 1996; baseline 0.001 -9"><span class='ocrx_word' id='word_1_610' title='bbox 998 1960 1138 1996; x_wconf 84' lang='grc' dir='ltr'>προνοίας.</span> <span class='ocrx_word' id='word_1_611' title='bbox 1156 1969 1165 1986; x_wconf 75' lang='grc' dir='ltr'>ι</span> <span class='ocrx_word' id='word_1_612' title='bbox 1188 1960 1338 1988; x_wconf 80' lang='grc' dir='ltr'>Ἠκούσατε</span> <span class='ocrx_word' id='word_1_613' title='bbox 1369 1961 1417 1988; x_wconf 78' lang='grc' dir='ltr'>καὶ</span> <span class='ocrx_word' id='word_1_614' title='bbox 1440 1959 1488 1988; x_wconf 77' lang='grc' dir='ltr'>τοῦ</span> <span class='ocrx_word' id='word_1_615' title='bbox 1512 1960 1666 1995; x_wconf 86' lang='grc' dir='ltr'>θαυμασίου</span> <span class='ocrx_word' id='word_1_616' title='bbox 1694 1961 1791 1988; x_wconf 78' lang='grc' dir='ltr'>τούτου</span> 
     </span>
    </p>
   </div>
   <div class='ocr_carea' id='block_1_85' title="bbox 999 2008 1793 2044">
    <p class='ocr_par' dir='ltr' id='par_1_85' title="bbox 999 2008 1793 2044">
     <span class='ocr_line' id='line_1_85' title="bbox 999 2008 1793 2044; baseline 0.001 -9"><span class='ocrx_word' id='word_1_617' title='bbox 999 2009 1048 2036; x_wconf 76' lang='grc' dir='ltr'>καὶ</span> <span class='ocrx_word' id='word_1_618' title='bbox 1069 2008 1188 2044; x_wconf 85' lang='grc' dir='ltr'>μεγάλου</span> <span class='ocrx_word' id='word_1_619' title='bbox 1205 2008 1313 2044; x_wconf 78' lang='grc' dir='ltr'>ἀνδρὸς,</span> <span class='ocrx_word' id='word_1_620' title='bbox 1327 2008 1386 2041; x_wconf 86' lang='grc' dir='ltr'>πῶς</span> <span class='ocrx_word' id='word_1_621' title='bbox 1401 2008 1430 2035; x_wconf 84' lang='grc' dir='ltr'>αί</span> <span class='ocrx_word' id='word_1_622' title='bbox 1441 2009 1496 2036; x_wconf 87' lang='grc' dir='ltr'>τῶν</span> <span class='ocrx_word' id='word_1_623' title='bbox 1511 2009 1624 2036; x_wconf 86' lang='grc' dir='ltr'>δικαίων</span> <span class='ocrx_word' id='word_1_624' title='bbox 1642 2010 1690 2037; x_wconf 77' lang='grc' dir='ltr'>καὶ</span> <span class='ocrx_word' id='word_1_625' title='bbox 1705 2010 1793 2044; x_wconf 81' lang='grc' dir='ltr'>ἁγίων</span> 
     </span>
    </p>
   </div>
   <div class='ocr_carea' id='block_1_86' title="bbox 1000 2053 1793 2091">
    <p class='ocr_par' dir='ltr' id='par_1_86' title="bbox 1000 2053 1793 2091">
     <span class='ocr_line' id='line_1_86' title="bbox 1000 2053 1793 2091; baseline 0.001 -10"><span class='ocrx_word' id='word_1_626' title='bbox 1000 2054 1098 2091; x_wconf 74' lang='grc' dir='ltr'>ψυχαὶ,</span> <span class='ocrx_word' id='word_1_627' title='bbox 1115 2053 1256 2089; x_wconf 79' lang='grc' dir='ltr'>ληξάντων</span> <span class='ocrx_word' id='word_1_628' title='bbox 1271 2055 1319 2081; x_wconf 84' lang='grc' dir='ltr'>τοῦ</span> <span class='ocrx_word' id='word_1_629' title='bbox 1332 2055 1433 2090; x_wconf 77' lang='grc' dir='ltr'>δρόμου</span> <span class='ocrx_word' id='word_1_630' title='bbox 1455 2055 1502 2081; x_wconf 85' lang='grc' dir='ltr'>τοῦ</span> <span class='ocrx_word' id='word_1_631' title='bbox 1516 2055 1575 2090; x_wconf 78' lang='grc' dir='ltr'>βίου</span> <span class='ocrx_word' id='word_1_632' title='bbox 1597 2056 1706 2088; x_wconf 82' lang='grc' dir='ltr'>τούτου,</span> <span class='ocrx_word' id='word_1_633' title='bbox 1721 2056 1793 2090; x_wconf 83' lang='grc' dir='ltr'>λαμ-</span> 
     </span>
    </p>
   </div>
   <div class='ocr_carea' id='block_1_87' title="bbox 1002 2100 1794 2136">
    <p class='ocr_par' dir='ltr' id='par_1_87' title="bbox 1002 2100 1794 2136">
     <span class='ocr_line' id='line_1_87' title="bbox 1002 2100 1794 2136; baseline 0 -8"><span class='ocrx_word' id='word_1_634' title='bbox 1002 2100 1116 2128; x_wconf 76' lang='grc' dir='ltr'>ϐάνουσι</span> <span class='ocrx_word' id='word_1_635' title='bbox 1128 2100 1178 2135; x_wconf 81' lang='grc' dir='ltr'>τὴν</span> <span class='ocrx_word' id='word_1_636' title='bbox 1194 2100 1349 2136; x_wconf 70' lang='grc' dir='ltr'>ἱκεχειρίαν</span> <span class='ocrx_word' id='word_1_637' title='bbox 1364 2100 1468 2134; x_wconf 80' lang='grc' dir='ltr'>;Τοῦτο</span> <span class='ocrx_word' id='word_1_638' title='bbox 1481 2100 1503 2127; x_wconf 75' lang='grc' dir='ltr'>δ’</span> <span class='ocrx_word' id='word_1_639' title='bbox 1514 2101 1579 2128; x_wconf 84' lang='grc' dir='ltr'>αὐτό</span> <span class='ocrx_word' id='word_1_640' title='bbox 1592 2101 1650 2127; x_wconf 72' lang='grc' dir='ltr'>ἐστι</span> <span class='ocrx_word' id='word_1_641' title='bbox 1663 2101 1693 2127; x_wconf 83' lang='grc' dir='ltr'>τὸ</span> <span class='ocrx_word' id='word_1_642' title='bbox 1707 2102 1794 2128; x_wconf 78' lang='grc' dir='ltr'>εἰπεῖν</span> 
     </span>
    </p>
   </div>
   <div class='ocr_carea' id='block_1_88' title="bbox 1002 2146 1783 2182">
    <p class='ocr_par' dir='ltr' id='par_1_88' title="bbox 1002 2146 1783 2182">
     <span class='ocr_line' id='line_1_88' title="bbox 1002 2146 1783 2182; baseline 0.001 -9"><span class='ocrx_word' id='word_1_643' title='bbox 1002 2146 1052 2182; x_wconf 79' lang='grc' dir='ltr'>τὴν</span> <span class='ocrx_word' id='word_1_644' title='bbox 1070 2147 1217 2182; x_wconf 84' lang='grc' dir='ltr'>ὑπόσχεσιν</span> <span class='ocrx_word' id='word_1_645' title='bbox 1234 2146 1267 2182; x_wconf 79' lang='grc' dir='ltr'>ἢν</span> <span class='ocrx_word' id='word_1_646' title='bbox 1291 2147 1384 2179; x_wconf 81' lang='grc' dir='ltr'>αὺτοῖς</span> <span class='ocrx_word' id='word_1_647' title='bbox 1411 2146 1547 2182; x_wconf 80' lang='grc' dir='ltr'>μαθηταῖς</span> <span class='ocrx_word' id='word_1_648' title='bbox 1572 2147 1730 2182; x_wconf 84' lang='grc' dir='ltr'>ὲπηγγείλω</span> <span class='ocrx_word' id='word_1_649' title='bbox 1754 2148 1783 2174; x_wconf 81' lang='grc' dir='ltr'>λέ</span> 
     </span>
    </p>
   </div>
   <div class='ocr_carea' id='block_1_89' title="bbox 153 2189 1794 2229">
    <p class='ocr_par' dir='ltr' id='par_1_89' title="bbox 153 2189 1794 2229">
     <span class='ocr_line' id='line_1_89' title="bbox 153 2189 1794 2229; baseline 0.001 -11"><span class='ocrx_word' id='word_1_650' title='bbox 153 2200 220 2227; x_wconf 80' lang='grc' dir='ltr'>των,</span> <span class='ocrx_word' id='word_1_651' title='bbox 240 2192 314 2218; x_wconf 74' lang='grc' dir='ltr'>«Ἵνα</span> <span class='ocrx_word' id='word_1_652' title='bbox 331 2191 399 2218; x_wconf 79' lang='grc' dir='ltr'>ὅπου</span> <span class='ocrx_word' id='word_1_653' title='bbox 413 2191 471 2225; x_wconf 78' lang='grc' dir='ltr'>εἰμὶ</span> <span class='ocrx_word' id='word_1_654' title='bbox 485 2189 551 2224; x_wconf 77' lang='grc' dir='ltr'>ἐγὼ,</span> <span class='ocrx_word' id='word_1_655' title='bbox 574 2190 622 2217; x_wconf 76' lang='grc' dir='ltr'>καὶ</span> <span class='ocrx_word' id='word_1_656' title='bbox 645 2191 725 2226; x_wconf 78' lang='grc' dir='ltr'>ἡμεῖς</span> <span class='ocrx_word' id='word_1_657' title='bbox 737 2189 786 2227; x_wconf 73' lang='grc' dir='ltr'>ἦτε</span> <span class='ocrx_word' id='word_1_658' title='bbox 799 2199 824 2217; x_wconf 81' lang='grc' dir='ltr'>·ι</span> <span class='ocrx_word' id='word_1_659' title='bbox 842 2191 889 2218; x_wconf 79' lang='grc' dir='ltr'>καὶ</span> <span class='ocrx_word' id='word_1_660' title='bbox 912 2191 953 2218; x_wconf 83' lang='grc' dir='ltr'>ὅτι</span> <span class='ocrx_word' id='word_1_661' title='bbox 968 2193 1038 2228; x_wconf 79' lang='grc' dir='ltr'>πρὸς</span> <span class='ocrx_word' id='word_1_662' title='bbox 1053 2193 1155 2225; x_wconf 83' lang='grc' dir='ltr'>τόπους</span> <span class='ocrx_word' id='word_1_663' title='bbox 1183 2194 1340 2228; x_wconf 80' lang='grc' dir='ltr'>φωτοειδεῖς</span> <span class='ocrx_word' id='word_1_664' title='bbox 1365 2193 1609 2229; x_wconf 80' lang='grc' dir='ltr'>παραπέμπονται,</span> <span class='ocrx_word' id='word_1_665' title='bbox 1646 2194 1695 2221; x_wconf 80' lang='grc' dir='ltr'>καὶ</span> <span class='ocrx_word' id='word_1_666' title='bbox 1734 2194 1794 2229; x_wconf 85' lang='grc' dir='ltr'>Θεῷ</span> 
     </span>
    </p>
   </div>
   <div class='ocr_carea' id='block_1_90' title="bbox 155 2236 1792 2276">
    <p class='ocr_par' dir='ltr' id='par_1_90' title="bbox 155 2236 1792 2276">
     <span class='ocr_line' id='line_1_90' title="bbox 155 2236 1792 2276; baseline 0.002 -10"><span class='ocrx_word' id='word_1_667' title='bbox 155 2238 348 2272; x_wconf 71' lang='grc' dir='ltr'>πλησιάζουσι,</span> <span class='ocrx_word' id='word_1_668' title='bbox 375 2237 422 2264; x_wconf 77' lang='grc' dir='ltr'>καὶ</span> <span class='ocrx_word' id='word_1_669' title='bbox 452 2236 503 2272; x_wconf 77' lang='grc' dir='ltr'>τὴν</span> <span class='ocrx_word' id='word_1_670' title='bbox 528 2237 718 2272; x_wconf 77' lang='grc' dir='ltr'>μακαριότητα</span> <span class='ocrx_word' id='word_1_671' title='bbox 756 2238 917 2273; x_wconf 82' lang='grc' dir='ltr'>θαυμασίως</span> <span class='ocrx_word' id='word_1_672' title='bbox 950 2239 1237 2275; x_wconf 76' lang='grc' dir='ltr'>ἀρῤασωνίζονται·ῆ</span> <span class='ocrx_word' id='word_1_673' title='bbox 1263 2240 1376 2276; x_wconf 84' lang='grc' dir='ltr'>μᾶλλον,</span> <span class='ocrx_word' id='word_1_674' title='bbox 1395 2240 1426 2267; x_wconf 84' lang='grc' dir='ltr'>τὸ</span> <span class='ocrx_word' id='word_1_675' title='bbox 1453 2240 1552 2272; x_wconf 78' lang='grc' dir='ltr'>κάλλος</span> <span class='ocrx_word' id='word_1_676' title='bbox 1577 2240 1624 2267; x_wconf 78' lang='grc' dir='ltr'>καὶ</span> <span class='ocrx_word' id='word_1_677' title='bbox 1665 2241 1792 2276; x_wconf 68' lang='grc' dir='ltr'>μέγεθος·</span> 
     </span>
    </p>
   </div>
   <div class='ocr_carea' id='block_1_91' title="bbox 155 2283 1780 2329">
    <p class='ocr_par' dir='ltr' id='par_1_91' title="bbox 155 2283 1780 2329">
     <span class='ocr_line' id='line_1_91' title="bbox 155 2283 1780 2329; baseline 0.001 -17"><span class='ocrx_word' id='word_1_678' title='bbox 155 2285 202 2312; x_wconf 76' lang='grc' dir='ltr'>καὶ</span> <span class='ocrx_word' id='word_1_679' title='bbox 218 2285 267 2320; x_wconf 78' lang='grc' dir='ltr'>τὴν</span> <span class='ocrx_word' id='word_1_680' title='bbox 279 2284 350 2320; x_wconf 81' lang='grc' dir='ltr'>ὑπὲρ</span> <span class='ocrx_word' id='word_1_681' title='bbox 364 2283 428 2310; x_wconf 77' lang='grc' dir='ltr'>νοῦν</span> <span class='ocrx_word' id='word_1_682' title='bbox 443 2283 609 2318; x_wconf 82' lang='grc' dir='ltr'>ὡραιότητα,</span> <span class='ocrx_word' id='word_1_683' title='bbox 623 2284 640 2319; x_wconf 84' lang='grc' dir='ltr'>ἥ</span> <span class='ocrx_word' id='word_1_684' title='bbox 656 2284 730 2311; x_wconf 73' lang='grc' dir='ltr'>ἐστιν</span> <span class='ocrx_word' id='word_1_685' title='bbox 744 2284 825 2316; x_wconf 76' lang='grc' dir='ltr'>αὐτὸς</span> <span class='ocrx_word' id='word_1_686' title='bbox 837 2285 851 2310; x_wconf 82' lang='grc' dir='ltr'><strong>ὸ</strong></span> <span class='ocrx_word' id='word_1_687' title='bbox 865 2285 943 2318; x_wconf 85' lang='grc' dir='ltr'>Θεὸς,</span> <span class='ocrx_word' id='word_1_688' title='bbox 962 2286 1137 2322; x_wconf 83' lang='grc' dir='ltr'>τρανὼτερόν</span> <span class='ocrx_word' id='word_1_689' title='bbox 1160 2295 1191 2313; x_wconf 85' lang='grc' dir='ltr'>τε</span> <span class='ocrx_word' id='word_1_690' title='bbox 1224 2287 1271 2313; x_wconf 70' lang='grc' dir='ltr'>καὶ</span> <span class='ocrx_word' id='word_1_691' title='bbox 1295 2287 1461 2329; x_wconf 54' lang='grc' dir='ltr'>ὑιέηλότερον</span> <span class='ocrx_word' id='word_1_692' title='bbox 1487 2287 1696 2314; x_wconf 81' lang='grc' dir='ltr'>κατοπτεύουσι.</span> <span class='ocrx_word' id='word_1_693' title='bbox 1735 2289 1780 2324; x_wconf 66' lang='lat' dir='ltr'><strong>liti)</strong></span> 
     </span>
    </p>
   </div>
   <div class='ocr_carea' id='block_1_92' title="bbox 155 2329 985 2368">
    <p class='ocr_par' dir='ltr' id='par_1_92' title="bbox 155 2329 985 2368">
     <span class='ocr_line' id='line_1_92' title="bbox 155 2329 985 2368; baseline -0.002 -8"><span class='ocrx_word' id='word_1_694' title='bbox 155 2333 185 2360; x_wconf 82' lang='grc' dir='ltr'>οὐ</span> <span class='ocrx_word' id='word_1_695' title='bbox 199 2331 342 2368; x_wconf 76' lang='grc' dir='ltr'>σχολάζετε</span> <span class='ocrx_word' id='word_1_696' title='bbox 360 2329 407 2357; x_wconf 73' lang='grc' dir='ltr'>ἐπὶ</span> <span class='ocrx_word' id='word_1_697' title='bbox 424 2330 543 2363; x_wconf 82' lang='grc' dir='ltr'>τούτοις,</span> <span class='ocrx_word' id='word_1_698' title='bbox 562 2329 584 2357; x_wconf 79' lang='grc' dir='ltr'>ὦ</span> <span class='ocrx_word' id='word_1_699' title='bbox 602 2331 674 2364; x_wconf 80' lang='grc' dir='ltr'>φίλοι</span> <span class='ocrx_word' id='word_1_700' title='bbox 689 2330 738 2357; x_wconf 72' lang='grc' dir='ltr'>καὶ</span> <span class='ocrx_word' id='word_1_701' title='bbox 753 2330 882 2366; x_wconf 80' lang='grc' dir='ltr'>ἀδελφοί;</span> <span class='ocrx_word' id='word_1_702' title='bbox 917 2331 985 2359; x_wconf 87' lang='grc' dir='ltr'>ἀλλὰ</span> 
     </span>
    </p>
   </div>
   <div class='ocr_carea' id='block_1_93' title="bbox 1002 2332 1791 2370">
    <p class='ocr_par' dir='ltr' id='par_1_93' title="bbox 1002 2332 1791 2370">
     <span class='ocr_line' id='line_1_93' title="bbox 1002 2332 1791 2370; baseline 0.001 -12"><span class='ocrx_word' id='word_1_703' title='bbox 1002 2332 1082 2368; x_wconf 85' lang='grc' dir='ltr'>μόνον</span> <span class='ocrx_word' id='word_1_704' title='bbox 1097 2333 1165 2368; x_wconf 73' lang='grc' dir='ltr'>πρὸς</span> <span class='ocrx_word' id='word_1_705' title='bbox 1194 2333 1224 2359; x_wconf 77' lang='grc' dir='ltr'>τὸ</span> <span class='ocrx_word' id='word_1_706' title='bbox 1246 2333 1424 2370; x_wconf 83' lang='grc' dir='ltr'>κατακρίνειν</span> <span class='ocrx_word' id='word_1_707' title='bbox 1437 2334 1499 2366; x_wconf 82' lang='grc' dir='ltr'>τοὺς</span> <span class='ocrx_word' id='word_1_708' title='bbox 1514 2333 1601 2360; x_wconf 81' lang='grc' dir='ltr'>ταῦτα</span> <span class='ocrx_word' id='word_1_709' title='bbox 1617 2335 1791 2369; x_wconf 62' lang='grc' dir='ltr'>πειθομένουτ</span> 
     </span>
    </p>
   </div>
   <div class='ocr_carea' id='block_1_94' title="bbox 155 2379 1332 2417">
    <p class='ocr_par' dir='ltr' id='par_1_94' title="bbox 155 2379 1332 2417">
     <span class='ocr_line' id='line_1_94' title="bbox 155 2379 1332 2417; baseline 0 -8"><span class='ocrx_word' id='word_1_710' title='bbox 155 2383 203 2410; x_wconf 82' lang='grc' dir='ltr'>καὶ</span> <span class='ocrx_word' id='word_1_711' title='bbox 219 2382 396 2417; x_wconf 82' lang='grc' dir='ltr'>στέργοντας,</span> <span class='ocrx_word' id='word_1_712' title='bbox 420 2380 468 2407; x_wconf 73' lang='grc' dir='ltr'>καὶ</span> <span class='ocrx_word' id='word_1_713' title='bbox 487 2379 660 2415; x_wconf 80' lang='grc' dir='ltr'>βλασφημεῖν</span> <span class='ocrx_word' id='word_1_714' title='bbox 686 2379 787 2412; x_wconf 79' lang='grc' dir='ltr'>αὐτοὺς</span> <span class='ocrx_word' id='word_1_715' title='bbox 800 2381 947 2416; x_wconf 63' lang='grc' dir='ltr'>,ὁσημέραι</span> <span class='ocrx_word' id='word_1_716' title='bbox 967 2382 1011 2409; x_wconf 76' lang='grc' dir='ltr'>διὰ</span> <span class='ocrx_word' id='word_1_717' title='bbox 1029 2382 1129 2414; x_wconf 77' lang='grc' dir='ltr'>παντὸς</span> <span class='ocrx_word' id='word_1_718' title='bbox 1143 2382 1332 2417; x_wconf 74' lang='grc' dir='ltr'>ἐπιμελεῖσθε.</span> 
     </span>
    </p>
   </div>
   <div class='ocr_carea' id='block_1_95' title="bbox 524 2427 582 2455">
    <p class='ocr_par' dir='ltr' id='par_1_95' title="bbox 524 2427 582 2455">
     <span class='ocr_line' id='line_1_95' title="bbox 524 2427 582 2455; baseline 0 0"><span class='ocrx_word' id='word_1_719' title='bbox 524 2427 582 2455; x_wconf 80' lang='lat' dir='ltr'><strong>Vll.</strong></span> 
     </span>
    </p>
   </div>
   <div class='ocr_carea' id='block_1_96' title="bbox 192 2476 950 2506">
    <p class='ocr_par' dir='ltr' id='par_1_96' title="bbox 192 2476 950 2506">
     <span class='ocr_line' id='line_1_96' title="bbox 192 2476 950 2506; baseline -0.001 -1"><span class='ocrx_word' id='word_1_720' title='bbox 192 2477 229 2506; x_wconf 86' lang='lat' dir='ltr'><strong>Ut</strong></span> <span class='ocrx_word' id='word_1_721' title='bbox 243 2482 333 2505; x_wconf 84' lang='lat' dir='ltr'><strong>autem</strong></span> <span class='ocrx_word' id='word_1_722' title='bbox 351 2484 433 2504; x_wconf 90' lang='lat' dir='ltr'><strong>omne</strong></span> <span class='ocrx_word' id='word_1_723' title='bbox 443 2483 475 2504; x_wconf 87' lang='lat' dir='ltr'>os</span> <span class='ocrx_word' id='word_1_724' title='bbox 490 2476 660 2504; x_wconf 82' lang='lat' dir='ltr'><strong>contrarium</strong></span> <span class='ocrx_word' id='word_1_725' title='bbox 675 2476 771 2504; x_wconf 88' lang='lat' dir='ltr'><strong>dicens</strong></span> <span class='ocrx_word' id='word_1_726' title='bbox 791 2477 950 2504; x_wconf 86' lang='lat' dir='ltr'><strong>obstruatur</strong></span> 
     </span>
    </p>
   </div>
   <div class='ocr_carea' id='block_1_97' title="bbox 157 2522 949 2556">
    <p class='ocr_par' dir='ltr' id='par_1_97' title="bbox 157 2522 949 2556">
     <span class='ocr_line' id='line_1_97' title="bbox 157 2522 949 2556; baseline -0.003 -4"><span class='ocrx_word' id='word_1_727' title='bbox 157 2528 185 2552; x_wconf 85' lang='lat' dir='ltr'>et</span> <span class='ocrx_word' id='word_1_728' title='bbox 200 2526 356 2556; x_wconf 85' lang='lat' dir='ltr'><strong>obturetur,</strong></span> <span class='ocrx_word' id='word_1_729' title='bbox 379 2531 464 2551; x_wconf 94' lang='lat' dir='ltr'><strong>unum</strong></span> <span class='ocrx_word' id='word_1_730' title='bbox 478 2527 506 2551; x_wconf 87' lang='lat' dir='ltr'>et</span> <span class='ocrx_word' id='word_1_731' title='bbox 520 2523 610 2550; x_wconf 87' lang='lat' dir='ltr'><strong>solum</strong></span> <span class='ocrx_word' id='word_1_732' title='bbox 635 2523 824 2550; x_wconf 84' lang='lat' dir='ltr'><strong>testimonium</strong></span> <span class='ocrx_word' id='word_1_733' title='bbox 837 2522 949 2555; x_wconf 83' lang='lat' dir='ltr'><strong>addant,</strong></span> 
     </span>
    </p>
   </div>
   <div class='ocr_carea' id='block_1_98' title="bbox 156 2568 954 2599">
    <p class='ocr_par' dir='ltr' id='par_1_98' title="bbox 156 2568 954 2599">
     <span class='ocr_line' id='line_1_98' title="bbox 156 2568 954 2599; baseline -0.004 -1"><span class='ocrx_word' id='word_1_734' title='bbox 156 2569 230 2599; x_wconf 84' lang='lat' dir='ltr'><strong>ouod</strong></span> <span class='ocrx_word' id='word_1_735' title='bbox 250 2573 374 2597; x_wconf 78' lang='lat' dir='ltr'><strong>extremo</strong></span> <span class='ocrx_word' id='word_1_736' title='bbox 389 2570 448 2597; x_wconf 70' lang='lat' dir='ltr'><strong>loco</strong></span> <span class='ocrx_word' id='word_1_737' title='bbox 465 2568 614 2599; x_wconf 80' lang='lat' dir='ltr'><strong>reservavi.</strong></span> <span class='ocrx_word' id='word_1_738' title='bbox 630 2569 660 2596; x_wconf 89' lang='lat' dir='ltr'><strong>Id</strong></span> <span class='ocrx_word' id='word_1_739' title='bbox 671 2573 760 2596; x_wconf 87' lang='lat' dir='ltr'><strong>autem</strong></span> <span class='ocrx_word' id='word_1_740' title='bbox 773 2573 814 2597; x_wconf 88' lang='lat' dir='ltr'>est</span> <span class='ocrx_word' id='word_1_741' title='bbox 826 2576 858 2596; x_wconf 78' lang='lat' dir='ltr'><strong>cx</strong></span> <span class='ocrx_word' id='word_1_742' title='bbox 870 2568 954 2596; x_wconf 88' lang='lat' dir='ltr'><strong>Joan-</strong></span> 
     </span>
    </p>
   </div>
   <div class='ocr_carea' id='block_1_99' title="bbox 157 2614 953 2651">
    <p class='ocr_par' dir='ltr' id='par_1_99' title="bbox 157 2614 953 2651">
     <span class='ocr_line' id='line_1_99' title="bbox 157 2614 953 2651; baseline -0.003 -7"><span class='ocrx_word' id='word_1_743' title='bbox 157 2623 201 2644; x_wconf 85' lang='lat' dir='ltr'>nls</span> <span class='ocrx_word' id='word_1_744' title='bbox 230 2614 406 2649; x_wconf 58' lang='lat' dir='ltr'><strong>evangelista;</strong></span> <span class='ocrx_word' id='word_1_745' title='bbox 442 2614 619 2651; x_wconf 80' lang='lat' dir='ltr'><strong>Apocalypsi,</strong></span> <span class='ocrx_word' id='word_1_746' title='bbox 651 2622 702 2642; x_wconf 83' lang='lat' dir='ltr'>nec</span> <span class='ocrx_word' id='word_1_747' title='bbox 726 2621 842 2641; x_wconf 87' lang='lat' dir='ltr'><strong>renuere</strong></span> <span class='ocrx_word' id='word_1_748' title='bbox 875 2619 953 2649; x_wconf 86' lang='lat' dir='ltr'><strong>pote-</strong></span> 
     </span>
    </p>
   </div>
   <div class='ocr_carea' id='block_1_100' title="bbox 158 2659 953 2696">
    <p class='ocr_par' dir='ltr' id='par_1_100' title="bbox 158 2659 953 2696">
     <span class='ocr_line' id='line_1_100' title="bbox 158 2659 953 2696; baseline -0.005 -6"><span class='ocrx_word' id='word_1_749' title='bbox 158 2659 314 2696; x_wconf 81' lang='lat' dir='ltr'><strong>stis;dicit</strong></span> <span class='ocrx_word' id='word_1_750' title='bbox 342 2660 417 2687; x_wconf 83' lang='lat' dir='ltr'><strong>enim</strong></span> <span class='ocrx_word' id='word_1_751' title='bbox 452 2668 460 2686; x_wconf 88' lang='lat'><strong>:</strong></span> <span class='ocrx_word' id='word_1_752' title='bbox 489 2659 542 2686; x_wconf 78' lang='lat' dir='ltr'><strong>tEt</strong></span> <span class='ocrx_word' id='word_1_753' title='bbox 562 2668 624 2687; x_wconf 88' lang='lat' dir='ltr'>cum</span> <span class='ocrx_word' id='word_1_754' title='bbox 653 2660 808 2695; x_wconf 88' lang='lat' dir='ltr'><strong>aperuisset</strong></span> <span class='ocrx_word' id='word_1_755' title='bbox 832 2659 953 2694; x_wconf 79' lang='lat' dir='ltr'><strong>sigillum</strong></span> 
     </span>
    </p>
   </div>
   <div class='ocr_carea' id='block_1_101' title="bbox 157 2705 950 2743">
    <p class='ocr_par' dir='ltr' id='par_1_101' title="bbox 157 2705 950 2743">
     <span class='ocr_line' id='line_1_101' title="bbox 157 2705 950 2743; baseline -0.004 -7"><span class='ocrx_word' id='word_1_756' title='bbox 157 2709 297 2743; x_wconf 84' lang='lat' dir='ltr'><strong>quintum,</strong></span> <span class='ocrx_word' id='word_1_757' title='bbox 316 2705 371 2733; x_wconf 86' lang='lat' dir='ltr'><strong>vidi</strong></span> <span class='ocrx_word' id='word_1_758' title='bbox 392 2705 490 2732; x_wconf 86' lang='lat' dir='ltr'><strong>subtus</strong></span> <span class='ocrx_word' id='word_1_759' title='bbox 507 2705 594 2733; x_wconf 83' lang='lat' dir='ltr'><strong>altare</strong></span> <span class='ocrx_word' id='word_1_760' title='bbox 609 2706 717 2734; x_wconf 76' lang='lat' dir='ltr'><strong>animus</strong></span> <span class='ocrx_word' id='word_1_761' title='bbox 741 2705 950 2734; x_wconf 78' lang='lat' dir='ltr'><strong>interfectorum</strong></span> 
     </span>
    </p>
   </div>
   <div class='ocr_carea' id='block_1_102' title="bbox 158 2751 950 2790">
    <p class='ocr_par' dir='ltr' id='par_1_102' title="bbox 158 2751 950 2790">
     <span class='ocr_line' id='line_1_102' title="bbox 158 2751 950 2790; baseline -0.004 -8"><span class='ocrx_word' id='word_1_762' title='bbox 158 2760 269 2790; x_wconf 84' lang='lat' dir='ltr'><strong>propter</strong></span> <span class='ocrx_word' id='word_1_763' title='bbox 289 2753 407 2780; x_wconf 80' lang='lat' dir='ltr'><strong>Verbum</strong></span> <span class='ocrx_word' id='word_1_764' title='bbox 423 2751 470 2779; x_wconf 74' lang='lat' dir='ltr'><strong>Dei</strong></span> <span class='ocrx_word' id='word_1_765' title='bbox 497 2755 525 2779; x_wconf 89' lang='lat' dir='ltr'>et</span> <span class='ocrx_word' id='word_1_766' title='bbox 543 2756 655 2786; x_wconf 89' lang='lat' dir='ltr'><strong>propter</strong></span> <span class='ocrx_word' id='word_1_767' title='bbox 672 2753 859 2780; x_wconf 87' lang='lat' dir='ltr'><strong>testimonium</strong></span> <span class='ocrx_word' id='word_1_768' title='bbox 875 2752 950 2787; x_wconf 87' lang='lat' dir='ltr'><strong>quod</strong></span> 
     </span>
    </p>
   </div>
   <div class='ocr_carea' id='block_1_103' title="bbox 160 2798 951 2834">
    <p class='ocr_par' dir='ltr' id='par_1_103' title="bbox 160 2798 951 2834">
     <span class='ocr_line' id='line_1_103' title="bbox 160 2798 951 2834; baseline -0.003 -6"><span class='ocrx_word' id='word_1_769' title='bbox 160 2801 314 2833; x_wconf 78' lang='lat' dir='ltr'><strong>habebant;</strong></span> <span class='ocrx_word' id='word_1_770' title='bbox 339 2805 366 2828; x_wconf 84' lang='lat' dir='ltr'>et</span> <span class='ocrx_word' id='word_1_771' title='bbox 396 2798 553 2827; x_wconf 81' lang='lat' dir='ltr'><strong>clamabant</strong></span> <span class='ocrx_word' id='word_1_772' title='bbox 583 2805 649 2826; x_wconf 82' lang='lat' dir='ltr'><strong>voce</strong></span> <span class='ocrx_word' id='word_1_773' title='bbox 675 2807 773 2834; x_wconf 78' lang='lat' dir='ltr'><strong>magna</strong></span> <span class='ocrx_word' id='word_1_774' title='bbox 805 2799 951 2827; x_wconf 74' lang='lat' dir='ltr'><strong>dicentes:</strong></span> 
     </span>
    </p>
   </div>
   <div class='ocr_carea' id='block_1_104' title="bbox 163 2845 951 2881">
    <p class='ocr_par' dir='ltr' id='par_1_104' title="bbox 163 2845 951 2881">
     <span class='ocr_line' id='line_1_104' title="bbox 163 2845 951 2881; baseline -0.004 -7"><span class='ocrx_word' id='word_1_775' title='bbox 163 2846 320 2881; x_wconf 83' lang='lat' dir='ltr'><strong>Usquequo,</strong></span> <span class='ocrx_word' id='word_1_776' title='bbox 340 2845 465 2877; x_wconf 86' lang='lat' dir='ltr'><strong>Domine.</strong></span> <span class='ocrx_word' id='word_1_777' title='bbox 483 2848 597 2872; x_wconf 82' lang='lat' dir='ltr'><strong>sanctus</strong></span> <span class='ocrx_word' id='word_1_778' title='bbox 609 2848 635 2872; x_wconf 83' lang='lat' dir='ltr'>et</span> <span class='ocrx_word' id='word_1_779' title='bbox 656 2851 739 2872; x_wconf 86' lang='lat' dir='ltr'><strong>verus</strong></span> <span class='ocrx_word' id='word_1_780' title='bbox 755 2852 809 2872; x_wconf 91' lang='lat' dir='ltr'><strong>non</strong></span> <span class='ocrx_word' id='word_1_781' title='bbox 831 2845 951 2880; x_wconf 83' lang='lat' dir='ltr'><strong>judicas,</strong></span> 
     </span>
    </p>
   </div>
   <div class='ocr_carea' id='block_1_105' title="bbox 160 2891 950 2926">
    <p class='ocr_par' dir='ltr' id='par_1_105' title="bbox 160 2891 950 2926">
     <span class='ocr_line' id='line_1_105' title="bbox 160 2891 950 2926; baseline -0.005 -5"><span class='ocrx_word' id='word_1_782' title='bbox 160 2897 187 2921; x_wconf 78' lang='lat' dir='ltr'>et</span> <span class='ocrx_word' id='word_1_783' title='bbox 203 2899 257 2920; x_wconf 91' lang='lat' dir='ltr'><strong>non</strong></span> <span class='ocrx_word' id='word_1_784' title='bbox 273 2892 396 2920; x_wconf 84' lang='lat' dir='ltr'><strong>vindicas</strong></span> <span class='ocrx_word' id='word_1_785' title='bbox 407 2892 568 2926; x_wconf 77' lang='lat' dir='ltr'><strong>sanguinem</strong></span> <span class='ocrx_word' id='word_1_786' title='bbox 584 2896 709 2919; x_wconf 86' lang='lat' dir='ltr'><strong>nostrum</strong></span> <span class='ocrx_word' id='word_1_787' title='bbox 724 2891 758 2919; x_wconf 88' lang='lat' dir='ltr'>de</span> <span class='ocrx_word' id='word_1_788' title='bbox 771 2891 806 2919; x_wconf 86' lang='lat' dir='ltr'>iis</span> <span class='ocrx_word' id='word_1_789' title='bbox 836 2891 883 2925; x_wconf 91' lang='lat' dir='ltr'><strong>qui</strong></span> <span class='ocrx_word' id='word_1_790' title='bbox 902 2891 950 2918; x_wconf 88' lang='lat' dir='ltr'><strong>ha-</strong></span> 
     </span>
    </p>
   </div>
   <div class='ocr_carea' id='block_1_106' title="bbox 966 2432 990 2461">
    <p class='ocr_par' dir='ltr' id='par_1_106' title="bbox 966 2432 990 2461">
     <span class='ocr_line' id='line_1_106' title="bbox 966 2432 990 2461; baseline 0 0"><span class='ocrx_word' id='word_1_791' title='bbox 966 2432 990 2461; x_wconf 88' lang='lat' dir='ltr'><strong>D</strong></span> 
     </span>
    </p>
   </div>
   <div class='ocr_carea' id='block_1_107' title="bbox 1379 2431 1418 2459">
    <p class='ocr_par' dir='ltr' id='par_1_107' title="bbox 1379 2431 1418 2459">
     <span class='ocr_line' id='line_1_107' title="bbox 1379 2431 1418 2459; baseline 0.051 -2"><span class='ocrx_word' id='word_1_792' title='bbox 1379 2431 1418 2459; x_wconf 83' lang='lat' dir='ltr'>Z&#39;.</span> 
     </span>
    </p>
   </div>
   <div class='ocr_carea' id='block_1_108' title="bbox 1041 2476 1797 2514">
    <p class='ocr_par' dir='ltr' id='par_1_108' title="bbox 1041 2476 1797 2514">
     <span class='ocr_line' id='line_1_108' title="bbox 1041 2476 1797 2514; baseline 0.001 -11"><span class='ocrx_word' id='word_1_793' title='bbox 1041 2476 1100 2504; x_wconf 86' lang='grc' dir='ltr'>Ἰνα</span> <span class='ocrx_word' id='word_1_794' title='bbox 1128 2476 1156 2503; x_wconf 76' lang='grc' dir='ltr'>δὲ</span> <span class='ocrx_word' id='word_1_795' title='bbox 1174 2477 1347 2512; x_wconf 83' lang='grc' dir='ltr'>ὲπιστομηθῇ</span> <span class='ocrx_word' id='word_1_796' title='bbox 1378 2477 1425 2504; x_wconf 73' lang='grc' dir='ltr'>καὶ</span> <span class='ocrx_word' id='word_1_797' title='bbox 1452 2478 1610 2514; x_wconf 81' lang='grc' dir='ltr'>ἑμφραγείη</span> <span class='ocrx_word' id='word_1_798' title='bbox 1630 2479 1685 2506; x_wconf 82' lang='grc' dir='ltr'>πᾶν</span> <span class='ocrx_word' id='word_1_799' title='bbox 1710 2479 1797 2512; x_wconf 67' lang='grc' dir='ltr'>στόμα</span> 
     </span>
    </p>
   </div>
   <div class='ocr_carea' id='block_1_109' title="bbox 1004 2523 1799 2561">
    <p class='ocr_par' dir='ltr' id='par_1_109' title="bbox 1004 2523 1799 2561">
     <span class='ocr_line' id='line_1_109' title="bbox 1004 2523 1799 2561; baseline 0.003 -12"><span class='ocrx_word' id='word_1_800' title='bbox 1004 2523 1101 2550; x_wconf 75' lang='grc' dir='ltr'>λαλοῦν</span> <span class='ocrx_word' id='word_1_801' title='bbox 1125 2525 1266 2556; x_wconf 80' lang='grc' dir='ltr'>τάναντία,</span> <span class='ocrx_word' id='word_1_802' title='bbox 1291 2523 1355 2559; x_wconf 86' lang='grc' dir='ltr'>μίαν</span> <span class='ocrx_word' id='word_1_803' title='bbox 1377 2525 1424 2551; x_wconf 78' lang='grc' dir='ltr'>καὶ</span> <span class='ocrx_word' id='word_1_804' title='bbox 1441 2525 1526 2560; x_wconf 88' lang='grc' dir='ltr'>μόνην</span> <span class='ocrx_word' id='word_1_805' title='bbox 1540 2526 1696 2561; x_wconf 80' lang='grc' dir='ltr'>μαρτυρίαν</span> <span class='ocrx_word' id='word_1_806' title='bbox 1714 2533 1799 2559; x_wconf 81' lang='grc' dir='ltr'>προσ-</span> 
     </span>
    </p>
   </div>
   <div class='ocr_carea' id='block_1_110' title="bbox 1005 2570 1795 2606">
    <p class='ocr_par' dir='ltr' id='par_1_110' title="bbox 1005 2570 1795 2606">
     <span class='ocr_line' id='line_1_110' title="bbox 1005 2570 1795 2606; baseline 0.001 -11"><span class='ocrx_word' id='word_1_807' title='bbox 1005 2570 1176 2604; x_wconf 82' lang='grc' dir='ltr'>κομίσομαι”</span> <span class='ocrx_word' id='word_1_808' title='bbox 1201 2570 1234 2606; x_wconf 75' lang='grc' dir='ltr'>ὴν</span> <span class='ocrx_word' id='word_1_809' title='bbox 1258 2571 1417 2597; x_wconf 80' lang='grc' dir='ltr'>τελευταίαν</span> <span class='ocrx_word' id='word_1_810' title='bbox 1456 2572 1679 2606; x_wconf 73' lang='grc' dir='ltr'>ὲταμιευσάμην.</span> <span class='ocrx_word' id='word_1_811' title='bbox 1720 2570 1795 2606; x_wconf 80' lang='grc' dir='ltr'>Αὕτη</span> 
     </span>
    </p>
   </div>
   <div class='ocr_carea' id='block_1_111' title="bbox 1006 2615 1798 2652">
    <p class='ocr_par' dir='ltr' id='par_1_111' title="bbox 1006 2615 1798 2652">
     <span class='ocr_line' id='line_1_111' title="bbox 1006 2615 1798 2652; baseline 0.001 -10"><span class='ocrx_word' id='word_1_812' title='bbox 1006 2615 1029 2642; x_wconf 78' lang='grc' dir='ltr'>δ’</span> <span class='ocrx_word' id='word_1_813' title='bbox 1046 2617 1119 2642; x_wconf 75' lang='grc' dir='ltr'>ἐστὶν</span> <span class='ocrx_word' id='word_1_814' title='bbox 1139 2616 1171 2642; x_wconf 77' lang='grc' dir='ltr'>ἐκ</span> <span class='ocrx_word' id='word_1_815' title='bbox 1188 2616 1236 2652; x_wconf 81' lang='grc' dir='ltr'>τῆς</span> <span class='ocrx_word' id='word_1_816' title='bbox 1257 2617 1471 2652; x_wconf 75' lang='grc' dir='ltr'>’Δποκαλύψεως</span> <span class='ocrx_word' id='word_1_817' title='bbox 1495 2617 1621 2645; x_wconf 80' lang='grc' dir='ltr'>Ἰωάννου</span> <span class='ocrx_word' id='word_1_818' title='bbox 1647 2618 1695 2644; x_wconf 71' lang='grc' dir='ltr'>τοῦ</span> <span class='ocrx_word' id='word_1_819' title='bbox 1712 2617 1798 2652; x_wconf 66' lang='grc' dir='ltr'>Εὐαγ-</span> 
     </span>
    </p>
   </div>
   <div class='ocr_carea' id='block_1_112' title="bbox 1007 2660 1795 2699">
    <p class='ocr_par' dir='ltr' id='par_1_112' title="bbox 1007 2660 1795 2699">
     <span class='ocr_line' id='line_1_112' title="bbox 1007 2660 1795 2699; baseline 0.003 -10"><span class='ocrx_word' id='word_1_820' title='bbox 1007 2661 1145 2697; x_wconf 82' lang='grc' dir='ltr'>γελιστοῦ,</span> <span class='ocrx_word' id='word_1_821' title='bbox 1162 2663 1207 2689; x_wconf 77' lang='grc' dir='ltr'>καὶ</span> <span class='ocrx_word' id='word_1_822' title='bbox 1221 2663 1251 2689; x_wconf 71' lang='grc' dir='ltr'>οὐ</span> <span class='ocrx_word' id='word_1_823' title='bbox 1278 2660 1394 2690; x_wconf 79' lang='grc' dir='ltr'>δύνασθε</span> <span class='ocrx_word' id='word_1_824' title='bbox 1422 2664 1606 2699; x_wconf 79' lang='grc' dir='ltr'>ἀρνήσασθαι.</span> <span class='ocrx_word' id='word_1_825' title='bbox 1631 2665 1700 2699; x_wconf 70' lang='grc' dir='ltr'>Φησὶ</span> <span class='ocrx_word' id='word_1_826' title='bbox 1722 2666 1795 2699; x_wconf 84' lang='grc' dir='ltr'>γάρ·</span> 
     </span>
    </p>
   </div>
   <div class='ocr_carea' id='block_1_113' title="bbox 1007 2708 1797 2745">
    <p class='ocr_par' dir='ltr' id='par_1_113' title="bbox 1007 2708 1797 2745">
     <span class='ocr_line' id='line_1_113' title="bbox 1007 2708 1797 2745; baseline 0.004 -11"><span class='ocrx_word' id='word_1_827' title='bbox 1007 2717 1017 2734; x_wconf 79' lang='grc' dir='ltr'>ι</span> <span class='ocrx_word' id='word_1_828' title='bbox 1036 2708 1090 2735; x_wconf 72' lang='grc' dir='ltr'>Καὶ</span> <span class='ocrx_word' id='word_1_829' title='bbox 1105 2708 1150 2734; x_wconf 83' lang='grc' dir='ltr'>ὅτε</span> <span class='ocrx_word' id='word_1_830' title='bbox 1166 2708 1255 2743; x_wconf 75' lang='grc' dir='ltr'>ἤνοιξε</span> <span class='ocrx_word' id='word_1_831' title='bbox 1269 2709 1318 2744; x_wconf 83' lang='grc' dir='ltr'>τὴν</span> <span class='ocrx_word' id='word_1_832' title='bbox 1333 2709 1462 2744; x_wconf 79' lang='grc' dir='ltr'>πέμπτην</span> <span class='ocrx_word' id='word_1_833' title='bbox 1483 2711 1629 2745; x_wconf 82' lang='grc' dir='ltr'>σφραγῖδα,</span> <span class='ocrx_word' id='word_1_834' title='bbox 1648 2709 1718 2737; x_wconf 75' lang='grc' dir='ltr'>εἶδον</span> <span class='ocrx_word' id='word_1_835' title='bbox 1733 2711 1797 2737; x_wconf 79' lang='grc' dir='ltr'>ὐπο-</span> 
     </span>
    </p>
   </div>
   <div class='ocr_carea' id='block_1_114' title="bbox 1005 2754 1798 2792">
    <p class='ocr_par' dir='ltr' id='par_1_114' title="bbox 1005 2754 1798 2792">
     <span class='ocr_line' id='line_1_114' title="bbox 1005 2754 1798 2792; baseline 0.004 -12"><span class='ocrx_word' id='word_1_836' title='bbox 1005 2754 1081 2781; x_wconf 84' lang='grc' dir='ltr'>κάτω</span> <span class='ocrx_word' id='word_1_837' title='bbox 1098 2754 1145 2781; x_wconf 78' lang='grc' dir='ltr'>τοῦ</span> <span class='ocrx_word' id='word_1_838' title='bbox 1172 2755 1368 2790; x_wconf 76' lang='grc' dir='ltr'>θυσιαστηρίου</span> <span class='ocrx_word' id='word_1_839' title='bbox 1399 2756 1448 2787; x_wconf 83' lang='grc' dir='ltr'>τὰς</span> <span class='ocrx_word' id='word_1_840' title='bbox 1474 2757 1563 2792; x_wconf 74' lang='grc' dir='ltr'>ψυχὰς</span> <span class='ocrx_word' id='word_1_841' title='bbox 1590 2756 1644 2783; x_wconf 85' lang='grc' dir='ltr'>τῶν</span> <span class='ocrx_word' id='word_1_842' title='bbox 1666 2758 1798 2791; x_wconf 74' lang='grc' dir='ltr'>ἐσφραγι-</span> 
     </span>
    </p>
   </div>
   <div class='ocr_carea' id='block_1_115' title="bbox 1005 2800 1796 2836">
    <p class='ocr_par' dir='ltr' id='par_1_115' title="bbox 1005 2800 1796 2836">
     <span class='ocr_line' id='line_1_115' title="bbox 1005 2800 1796 2836; baseline 0 -10"><span class='ocrx_word' id='word_1_843' title='bbox 1005 2800 1112 2835; x_wconf 73' lang='grc' dir='ltr'>σμένων</span> <span class='ocrx_word' id='word_1_844' title='bbox 1131 2800 1174 2826; x_wconf 74' lang='grc' dir='ltr'>διὰ</span> <span class='ocrx_word' id='word_1_845' title='bbox 1189 2800 1234 2827; x_wconf 83' lang='grc' dir='ltr'>τὸν</span> <span class='ocrx_word' id='word_1_846' title='bbox 1258 2800 1345 2834; x_wconf 83' lang='grc' dir='ltr'>Λόγον</span> <span class='ocrx_word' id='word_1_847' title='bbox 1368 2801 1415 2827; x_wconf 81' lang='grc' dir='ltr'>τοῦ</span> <span class='ocrx_word' id='word_1_848' title='bbox 1435 2801 1513 2834; x_wconf 86' lang='grc' dir='ltr'>Θεοῦ,</span> <span class='ocrx_word' id='word_1_849' title='bbox 1532 2803 1579 2828; x_wconf 79' lang='grc' dir='ltr'>καὶ</span> <span class='ocrx_word' id='word_1_850' title='bbox 1599 2801 1643 2828; x_wconf 81' lang='grc' dir='ltr'>διὰ</span> <span class='ocrx_word' id='word_1_851' title='bbox 1661 2801 1710 2836; x_wconf 78' lang='grc' dir='ltr'>τὴν</span> <span class='ocrx_word' id='word_1_852' title='bbox 1727 2810 1796 2835; x_wconf 79' lang='grc' dir='ltr'>μαρ-</span> 
     </span>
    </p>
   </div>
   <div class='ocr_carea' id='block_1_116' title="bbox 1005 2844 1794 2883">
    <p class='ocr_par' dir='ltr' id='par_1_116' title="bbox 1005 2844 1794 2883">
     <span class='ocr_line' id='line_1_116' title="bbox 1005 2844 1794 2883; baseline 0.001 -10"><span class='ocrx_word' id='word_1_853' title='bbox 1005 2847 1104 2881; x_wconf 81' lang='grc' dir='ltr'>τυρίαν</span> <span class='ocrx_word' id='word_1_854' title='bbox 1131 2846 1179 2873; x_wconf 81' lang='grc' dir='ltr'>τοῦ</span> <span class='ocrx_word' id='word_1_855' title='bbox 1207 2847 1300 2882; x_wconf 84' lang='grc' dir='ltr'>ἀρνίου</span> <span class='ocrx_word' id='word_1_856' title='bbox 1328 2847 1362 2882; x_wconf 78' lang='grc' dir='ltr'>ῆν</span> <span class='ocrx_word' id='word_1_857' title='bbox 1387 2844 1470 2882; x_wconf 78' lang='grc' dir='ltr'>εἶχον.</span> <span class='ocrx_word' id='word_1_858' title='bbox 1495 2849 1550 2874; x_wconf 79' lang='lat' dir='ltr'><strong>Kal.</strong></span> <span class='ocrx_word' id='word_1_859' title='bbox 1578 2847 1696 2883; x_wconf 71' lang='grc' dir='ltr'>ἔκραξαν</span> <span class='ocrx_word' id='word_1_860' title='bbox 1720 2849 1794 2883; x_wconf 60' lang='grc' dir='ltr'>κίωνῄ</span> 
     </span>
    </p>
   </div>
   <div class='ocr_carea' id='block_1_117' title="bbox 1004 2892 1796 2929">
    <p class='ocr_par' dir='ltr' id='par_1_117' title="bbox 1004 2892 1796 2929">
     <span class='ocr_line' id='line_1_117' title="bbox 1004 2892 1796 2929; baseline 0.003 -11"><span class='ocrx_word' id='word_1_861' title='bbox 1004 2893 1109 2928; x_wconf 81' lang='grc' dir='ltr'>μεγάλῃ</span> <span class='ocrx_word' id='word_1_862' title='bbox 1135 2892 1279 2926; x_wconf 76' lang='grc' dir='ltr'>λέγοντες⁹</span> <span class='ocrx_word' id='word_1_863' title='bbox 1310 2892 1371 2920; x_wconf 69' lang='lat' dir='ltr'>Eu):</span> <span class='ocrx_word' id='word_1_864' title='bbox 1392 2894 1471 2923; x_wconf 69' lang='grc' dir='ltr'>πότε.</span> <span class='ocrx_word' id='word_1_865' title='bbox 1486 2895 1499 2920; x_wconf 87' lang='grc' dir='ltr'>ό</span> <span class='ocrx_word' id='word_1_866' title='bbox 1523 2895 1661 2929; x_wconf 80' lang='grc' dir='ltr'>Δεσπότης</span> <span class='ocrx_word' id='word_1_867' title='bbox 1681 2895 1696 2921; x_wconf 87' lang='grc' dir='ltr'>ό</span> <span class='ocrx_word' id='word_1_868' title='bbox 1720 2893 1796 2927; x_wconf 64' lang='grc' dir='ltr'>ἄγοος</span> 
     </span>
    </p>
   </div>
  </div>
