1951 3075
164 159 230 191 ifilli

403 165 480 197 PRO
497 166 602 201 CONC.
621 170 804 202 FLOliENT.
825 174 903 206 CAP.
923 177 970 208 IV.
992 180 1040 209 DE
1063 180 1277 212 FRUlTlONE
1296 182 1536 216 SANCTORUM.

1720 184 1789 216 1302

160 218 174 244 ὁ
191 218 256 250 Θεὸς
271 219 328 251 τοῖς
347 223 484 256 πατράσιν
501 225 530 253 ἐν
544 227 600 258 τοῖς
618 229 772 264 προφήτλις
788 232 942 268 ἀναστήσειι

161 264 241 276 _!,__.'.
250 273 259 276 Α
287 266 316 276 \n
409 269 417 276 ι
429 269 435 276 Ι
498 271 504 276 ι
567 273 578 276 ,Α
659 275 662 276 ν

1002 241 1120 264 laturum
1132 246 1141 271 ;
1152 246 1213 265 nam
1228 246 1259 266 ea
1270 239 1430 274 pollicitatio
1459 248 1506 269 seu
1520 241 1667 276 promissio
1676 241 1788 270 dicitur:

160 264 269 312 αὐτούς.
287 266 453 302 Ἐπαγγελία
474 271 538 307 γὰρ,
565 273 624 308 ἦτοι
653 275 797 311 ὑπόσχεσις
821 264 946 312 λέγεταν

161 311 294 361 ὑπέσχετο
309 315 362 350 γὰρ
377 315 391 342 ὁ
409 316 511 353 Κύριος
525 321 690 357 ἀναστήσειν
705 323 754 358 τὴν
769 324 823 351 τῶν
844 311 950 361 ἀνορὼυ

162 367 220 384 πων
236 359 328 393 φύσιν,
343 362 372 387 ἐν
385 361 423 396 τῷ
437 363 561 391 ἀπιστεῖν
573 367 635 398 τοὺς
658 367 818 403 ἀνθρώπους
833 369 882 405 τὴν
895 359 949 398 τῶν

163 405 298 439 σωμάτων
326 406 485 436 ἀνάστασιν.
515 409 601 438 Τοῦτο
631 413 686 448 γάρ
720 414 744 441 εί
771 415 892 450 ἐγεγόνει
919 419 949 444 ἐν

162 451 220 480 τοῖς
253 453 403 487 πατράσιν,
430 454 480 481 οὐκ
504 455 537 482 ἂν
565 457 645 492 ἡμεῖς
659 459 777 495 ἤλθομεν
798 463 838 494 εἰς
865 462 894 488 τὸ
911 459 949 489 εἷ-

161 496 290 542 ναιξκαὶ
318 498 397 526 τοῦτό
423 500 498 527 ἐστιν
525 502 593 538 ὅπερ
621 504 635 531 ό
653 505 756 539 nauta;
781 515 880 542 φησιν’
897 509 947 535 οὐκ

162 540 325 575 ἐκομίσαντο
341 544 364 569 οί
381 544 434 579 πρὸ
451 545 531 580 ήμῶν
557 549 608 584 τὴν
638 549 691 577 τῶν
719 540 853 587 σωμάτων
879 553 947 580 ἀνά·

163 594 280 636 στασιν,
309 588 357 616 τοῦ
380 590 448 617 Θεοῦ
474 593 536 627 περὶ
563 595 641 630 ἡμῶν
675 599 799 632 κρεῖττόν
824 608 849 625 τι
880 608 946 636 προ-

163 630 335 666 ϐλεψαμένου
372 635 415 661 ἵνα
453 637 490 672 μὴ
524 640 608 673 χωρὶς
643 630 721 676 ήμίῦν
744 630 946 670 τελειωθῶσιν

161 682 300 707 τουτέστιν
328 682 371 709 ἵνα
396 683 434 718 μὴ
451 685 535 719 χωρὶς
557 686 634 721 ἡμῶν
654 687 753 715 ἐκεῖνοι
781 689 945 718 ἀναστῶσιν,

160 725 190 751 lii
206 726 260 762 γὰρ
281 728 389 757 ἐγένετο
404 730 432 755 ἐν
456 730 569 762 ἐκείνοις
586 733 601 767 ή
621 733 799 765 ἐξανάστασις
824 735 877 762 τῶν
895 744 948 763 σω-

163 772 267 806 μάτων,
282 773 328 800 καὶ
344 774 478 811 ἀπέλαϐον
496 777 541 805 καὶ
556 777 591 804 τὰ
611 778 724 814 σώματα
743 780 812 814 μετὰ
827 780 880 807 τῶν
896 781 946 816 ψυ-

158 818 224 853 χῶν,
241 819 337 855 οὖτεὴ
362 821 493 856 ἔνσαρκος
520 822 660 860 οἰκονομία
684 825 716 852 ἂν
735 821 857 860 ἐγένετο,
884 827 945 854 οὔτε

159 863 274 896 Πέτρος,
290 863 351 890 οὔτε
375 866 491 900 Παῦλος,
507 868 568 894 οὔτε
583 870 595 896 ὁ
611 869 703 902 λοιπὸς
717 871 770 898 τῶν
787 872 946 899 ἀποστόλων

158 908 246 943 χορὸς.
256 909 317 937 οὔτε
326 911 349 937 οἱ
361 912 478 948 Πατέρες
487 915 566 950 ἡμῶν
577 916 623 942 καὶ
632 916 796 948 διδάσκαλοι,
808 918 868 944 οὕτε
876 919 900 945 οἱ
910 919 944 945 ίε-

159 955 259 990 ρὰρχαι
270 956 317 983 καὶ
329 957 464 993 θεοφόροι,
474 958 520 992 οὓς
533 961 652 996 τήμερον
665 962 834 1000 πλουτοῦμεν
847 964 942 999 ἁγίους

156 1002 203 1046 καὶ
221 1002 379 1037 θεοφόρους,
395 1006 443 1032 καὶ
457 1008 704 1044 χειραγωγούμεοςι
719 1009 752 1036 δι’
768 1010 860 1037 αὐτῶν
875 1010 943 1046 πρὸς

155 1044 334 1079 οεογνωσὶαν,
361 1049 408 1076 καὶ
431 1051 499 1085 πρὸς
527 1051 612 1088 αὐτὴν
636 1052 685 1088 τὴν
701 1054 838 1090 σωτηρίαν
853 1055 941 1090 ἡμῶν.

162 1090 231 1116 Ἀλλ’
249 1092 310 1119 οὗτε
332 1095 412 1128 ἡμεῖς
427 1095 459 1122 ἃν
476 1097 637 1132 ἐγενόμεθα,
652 1099 712 1126 οὗτε
735 1100 795 1136 μεθ’
807 1101 881 1136 ἡμᾶς
896 1102 942 1129 άλ-

155 1136 195 1164 λοι
209 1146 215 1153 ·
234 1138 282 1165 καὶ
299 1139 377 1166 τοῦτό
393 1141 466 1168 ἐστιν
479 1142 492 1169 ὃ
503 1145 567 1178 περὶ
577 1144 654 1179 ἡμῶν
669 1147 791 1180 κρεῖττον
810 1147 823 1173 ὁ
838 1146 942 1178 Παῦλος

154 1183 260 1218 νομίζει
285 1183 354 1213 εἶναι
371 1194 378 1202 ·
406 1186 449 1214 ἵνα
477 1188 515 1224 μὴ
543 1191 627 1224 χωρὶς
656 1191 735 1226 ἡμῶν
760 1191 942 1219 τελειωθῶσιν

155 1231 254 1258 ἐκεῖνοι
267 1239 273 1246 ·
292 1233 349 1259 ἀλλ’
377 1234 419 1260 ἵνα
444 1237 612 1271 περιμένωσι
634 1238 681 1264 καὶ
696 1239 769 1274 ἡμᾶς
795 1239 883 1266 ἐλοετν
902 1239 941 1272 είς

154 1276 183 1302 τδ
199 1275 268 1305 εἶναι
281 1285 288 1293 °
313 1280 359 1305 καὶ
380 1280 441 1307 τότε
457 1279 515 1315 ἅμα
532 1281 580 1308 καὶ
595 1283 674 1317 ἡμεῖς
699 1283 759 1318 μετ’
783 1284 874 1311 αὐτῶν
893 1285 942 1321 τὴν

154 1323 358 1358 τῶν’σο›μάτων
370 1326 519 1354 ἀνάστασιν
530 1328 731 1364 ὲπενδυσόμεθα
744 1338 750 1344 '
764 1330 812 1357 καὶ
827 1331 860 1357 τὰ
873 1331 942 1365 γέρα

156 1370 204 1396 σὺν
222 1371 315 1403 αὐτοῖς
332 1371 380 1398 καὶ
397 1373 460 1404 τοὺς
484 1374 631 1408 στεφάνους
654 1375 851 1411 ἀποληψόμεοσι
868 1376 941 1412 παρὰ

155 1417 202 1443 τοῦ
221 1417 454 1454 ἐπαγγειλαμένου
471 1420 519 1446 καὶ
540 1421 662 1456 ἀρχηγοῦ
685 1421 734 1458 τῆς
754 1422 941 1455 ἀναστάσεως,

155 1465 202 1492 καὶ
217 1465 362 1492 τελειωτοῦ
379 1466 478 1500 Ἰησοῦ.
495 1467 650 1502 Γενομένης
665 1469 717 1505 γὰρ
730 1469 779 1504 τῆς
795 1469 942 1504 καθολικῆς

154 1511 331 1542 ἀναστάσεως
347 1512 402 1539 τῶν
425 1513 569 1548 σωμάτων,
586 1514 647 1541 οὔτε
662 1515 768 1549 γένεσις
789 1515 828 1543 ἔτι
854 1516 940 1549 ἔσται,

154 1556 216 1582 οὗτε
234 1557 285 1592 μὴν
301 1558 389 1593 φθορά
400 1567 406 1572 -
433 1559 501 1585 ἀλλὰ
525 1560 670 1596 ἀμφότερα
691 1561 818 1595 παύεται,
834 1562 882 1589 καὶ
896 1563 942 1589 οὖ-

1004 281 1064 308 ideo
1082 283 1206 317 promisit
1227 283 1359 313 Dominus
1373 293 1403 312 se
1418 285 1563 313 humanam
1589 291 1714 314 naturam
1730 294 1790 314 sus-

1003 328 1162 361 citaturum,
1187 330 1249 364 quia
1281 337 1427 366 corporum
1457 333 1655 360 resurrectioni
1687 333 1789 361 difﬁdi—

1002 383 1079 402 mus:
1098 383 1159 402 nam
1186 375 1208 403 si
1226 377 1250 403 id
1267 377 1387 411 patribus
1399 378 1545 410 evenisset,
1562 386 1612 407 nos
1627 380 1719 413 utique
1733 387 1787 407 non

1001 427 1141 453 eSSemns;
1158 421 1239 456 idque
1250 427 1291 450 est
1307 422 1379 457 quod
1399 423 1465 450 dicit
1476 422 1587 458 Paulus,
1604 431 1658 452 non
1673 432 1787 460 accepe-

1003 469 1078 499 runt,
1091 466 1138 500 qui
1154 467 1265 494 fuerunt
1279 472 1342 495 ante
1368 476 1429 502 nos,
1443 476 1589 504 corporum
1608 471 1789 498 resurrectio-

1001 520 1074 544 nem,
1089 512 1144 542 Deo
1169 521 1219 549 pro
1246 515 1325 542 nobis
1338 515 1435 544 melius
1454 516 1555 552 aliquid
1569 517 1739 551 providente,
1759 521 1788 545 ut

1000 566 1055 585 non
1070 558 1128 585 sine
1158 559 1237 587 nobis
1251 565 1519 593 consummarentur,
1543 561 1571 588 id
1582 566 1635 594 est,
1649 569 1703 589 non
1728 561 1788 589 sine

1000 604 1079 632 nobis
1096 605 1133 631 illi
1155 611 1310 641 resurgant.
1323 606 1350 634 Si
1359 607 1431 634 enim
1444 607 1471 634 in
1486 607 1520 635 iis
1531 615 1676 642 corporum
1693 615 1787 637 resur-

1000 650 1085 678 rectio
1103 651 1274 685 contigisset,
1292 658 1393 686 suaque
1404 660 1520 687 corpora
1538 660 1590 680 una
1608 660 1669 680 eum
1681 653 1787 681 anima-

999 695 1051 723 bus
1077 697 1415 734 recepissent,lincarnata
1451 698 1617 733 dispensatio
1647 706 1784 732 nunquam

1000 741 1107 774 fuisset,
1125 750 1212 778 neque
1219 743 1328 776 Petrus,
1339 751 1428 779 neque
1437 745 1552 777 Paulus,
1564 752 1650 779 neque
1663 744 1785 780 reliquus

999 788 1184 822 apostolorum
1201 789 1314 822 chorus,
1327 798 1413 826 neque
1426 795 1517 825 patres
1534 791 1621 818 n05tri
1639 796 1665 819 et
1691 792 1786 819 docto-

999 840 1053 864 res,
1072 840 1158 868 neque
1183 834 1331 862 bierarcbre
1346 841 1372 862 et
1383 836 1468 864 divini
1498 836 1560 868 viri,
1577 837 1676 872 quibus
1705 837 1785 864 hodie

999 879 1208 914 locupletamur.
1230 881 1318 908 sancti
1335 885 1362 909 et
1388 881 1484 914 divini,
1509 889 1557 917 per
1577 890 1647 917 qttos
1680 882 1713 909 ad
1738 881 1784 908 Dei

957 942 980 972 Β
996 925 1178 960 cognitionem
1196 925 1274 962 quasi
1301 934 1382 954 manu
1412 928 1542 956 ducimur
1557 934 1585 956 et
1600 930 1633 955 ad
1663 932 1783 956 nostram

995 972 1122 1004 salutem,
1137 975 1165 1000 at
1181 979 1269 1007 neque
1282 973 1367 1007 geniti
1382 972 1540 1005 fuissemus,
1557 981 1651 1010 neque
1668 974 1713 1002 alii
1726 978 1785 1008 post

994 1027 1060 1053 nos;
1076 1020 1158 1055 idque
1177 1024 1233 1055 est,
1248 1021 1321 1056 quod
1336 1029 1387 1056 pro
1404 1021 1483 1050 nobis
1497 1021 1593 1050 melius
1609 1022 1706 1049 Paulus
1723 1028 1784 1051 esse

995 1065 1156 1098 arbitratur,
1173 1069 1202 1093 ut
1216 1074 1269 1094 non
1285 1067 1344 1094 sine
1362 1067 1440 1094 nobis
1457 1067 1494 1094 illi
1511 1072 1782 1099 consummarentur,

995 1110 1042 1137 εοὰ
1054 1118 1199 1146 quousque
1213 1119 1263 1139 nos
1286 1119 1448 1146 genercmur
1459 1117 1660 1147 οχερεειςποιιι,
1673 1116 1699 1139 Cl
1718 1116 1782 1139 tunc

995 1163 1046 1184 nos
1061 1157 1144 1184 etiam
1171 1164 1224 1184 una
1253 1164 1315 1184 cum
1340 1157 1395 1185 iilis
1411 1165 1553 1192 corporum
1581 1157 1784 1185 resurrectione

994 1200 1150 1234 induantur,
1163 1201 1329 1236 praemiaque
1345 1206 1372 1229 ct
1398 1209 1515 1230 coronas
1541 1202 1622 1229 simul
1641 1209 1703 1230 cum
1729 1203 1782 1228 illis

993 1246 1177 1281 percipiemus
1191 1255 1206 1275 a
1223 1247 1434 1275 resurrectionis
1451 1248 1628 1283 promissore,
1644 1252 1671 1275 et
1688 1253 1781 1275 aucto-

994 1300 1032 1326 re,
1050 1299 1075 1320 et
1088 1293 1243 1328 perfectore
1251 1293 1327 1322 Jesu.
1339 1293 1406 1321 Nam
1419 1301 1480 1322 cum
1512 1302 1657 1329 corporum
1674 1295 1783 1322 univer-

993 1340 1058 1366 salis
1071 1340 1235 1367 resurrectio
1248 1340 1330 1367 fuerit
1361 1341 1518 1373 subsecuta,
1543 1348 1631 1376 neque
1643 1341 1783 1376 generatio

994 1385 1046 1412 erit
1062 1385 1190 1420 amplius,
1208 1393 1297 1420 neque
1316 1386 1467 1421 corruptio,
1483 1386 1530 1413 sed
1548 1391 1664 1421 utraque
1690 1393 1781 1413 cessa-

994 1431 1074 1463 bunt,
1086 1438 1224 1466 nemoque
1241 1432 1358 1466 amplius
1366 1433 1540 1467 generabitnr
1549 1439 1635 1467 neque
1651 1432 1781 1460 interibit.

993 1477 1099 1505 Idcirco
1118 1482 1185 1505 tunc
1201 1485 1255 1505 non
1274 1477 1346 1505 facta
1365 1482 1408 1505 est
1420 1477 1596 1505 resurrectio.
1614 1478 1647 1505 Et
1672 1482 1782 1513 propter

993 1530 1075 1558 quam
1093 1523 1175 1550 aliam
1189 1523 1223 1551 ob
1250 1523 1381 1551 causam?
1392 1522 1459 1556 Quia
1473 1531 1526 1550 non
1541 1523 1632 1552 adhuc
1666 1525 1782 1560 repletus

993 1573 1035 1596 est
1049 1569 1126 1596 locus
1158 1569 1232 1596 illius
1257 1568 1363 1597 ordinis
1376 1569 1423 1604 qui
1443 1569 1476 1596 de
1491 1569 1561 1596 cmlo
1579 1569 1697 1603 cecidit;
1720 1578 1781 1596 naut

155 1604 210 1635 δεὶς
236 1603 276 1630 ἐτι
295 1605 435 1638 γεννᾶται,
463 1605 525 1633 οὔτε
554 1607 608 1642 μὴν
631 1608 808 1642 ἀποθνήσκει.
832 1609 882 1636 Διά
899 1618 940 1637 τοι

994 1614 1089 1642 scribit
1105 1614 1264 1650 Gregorius,
1279 1619 1462 1650 cognomento
1474 1615 1638 1652 Theologus,
1660 1617 1783 1651 superio-

156 1649 246 1682 τοῦτο,
268 1651 285 1685 ή
311 1651 460 1682 ἀνάστασις
484 1652 535 1678 οὐκ
558 1654 666 1687 ἐγένετο
690 1655 762 1681 τότε.
790 1655 844 1682 Καὶ
857 1655 902 1682 διὰ
918 1656 944 1682 τί

155 1697 219 1724 ἄλλο
231 1706 237 1731 ;
257 1700 328 1725 Διότι
348 1699 398 1725 οὐκ
410 1698 556 1734 ἐπληρώθη
572 1701 585 1727 ὁ
597 1700 788 1735 καταλειφθεὶς
800 1701 882 1733 τόπος
895 1701 943 1728 τοῦ

156 1744 288 1776 πεσόντος
305 1745 411 1772 ἐκείνου
427 1746 577 1781 τάγματος.
593 1746 675 1781 Λέγει
691 1747 744 1782 γὰρ
761 1748 774 1774 ὁ
790 1747 859 1779 θεῖος
875 1748 946 1783 Γρη-

155 1790 272 1824 γόριοςὸ
297 1790 347 1826 τῆς
373 1790 514 1825 οεολογίας
537 1791 693 1828 ἐπώνυμος,
721 1802 731 1819 ι
763 1793 944 1828 Πληρωθῆναι

153 1835 193 1861 δεῖ
215 1837 261 1862 τὸν
278 1837 334 1863 ἅνω
352 1837 465 1870 κόσμον.
487 1837 604 1872 Χριστὸς
629 1838 745 1871 κελεύει,
771 1837 809 1873 μὴ
828 1839 944 1865 ἀντιτείς

153 1890 243 1916 νωμιν
258 1891 264 1897 ·
279 1882 326 1909 καὶ
338 1883 351 1908 ὁ
370 1882 508 1918 ὑπηρέτης
525 1883 593 1918 πρὸς
614 1883 660 1910 τὸν
686 1883 797 1918 Κύριον·
818 1893 827 1910 ι
847 1884 942 1918 Κύριε,

153 1928 263 1962 γέγονεν
279 1927 316 1960 ὡς
331 1929 476 1963 ἐπέταξας,
491 1929 538 1956 καὶ
557 1929 596 1957 ἐτι
614 1931 693 1960 τόπος
712 1931 781 1957 ἐστί.
798 1939 807 1956 ι
830 1931 883 1956 Τοῦ
901 1931 945 1957 τός

154 1983 205 2001 που
222 1972 269 2002 οὖν
296 1974 391 2002 τούτου
421 1976 459 2012 μὴ
484 1976 561 2008 ὄντος
588 1976 650 2003 τότε
677 1976 941 2012 πεπληρωμένου,ή

153 2020 333 2052 ὲξανάσεασις
351 2022 407 2048 τῶν
435 2022 541 2058 νεκρῶν
567 2024 617 2049 οὐκ
640 2024 750 2058 ἐγένετο
776 2031 783 2038 ’
799 2023 847 2050 καὶ
873 2023 942 2058 αὕτη

153 2068 228 2093 ἐστὶν
253 2069 269 2101 ἡ
296 2068 458 2102 ἐπαγγελία,
486 2069 520 2104 ἢν
538 2071 552 2096 ὁ
577 2070 683 2102 Παῦλος
709 2070 776 2105 πρὸς
799 2071 943 2106 Ἐϐραίους

153 2113 246 2147 φησὶν,
271 2114 308 2146 ὡς
328 2115 377 2140 οὐκ
400 2115 563 2149 ἐκομίσαντο
584 2115 608 2142 οἱ
637 2115 688 2151 πρὸ
708 2115 787 2152 ἡμῶν
830 2116 882 2149 ἔτι,
909 2119 942 2153 ἢν

153 2158 208 2191 ἐγὼ
225 2155 303 2193 οἶμαι
319 2160 350 2186 οὐ
371 2159 517 2193 γινώσκειν
531 2160 602 2196 ὑμᾶς
621 2161 672 2188 ἔτι.
690 2161 787 2195 Ἡμεῖς
803 2161 830 2188 δὲ
848 2163 943 2189 ἀναλε-

153 2205 265 2239 ξάμενοι
287 2206 333 2231 καὶ
350 2203 430 2238 αὖθις
454 2207 484 2232 τὸ
501 2207 656 2242 εἰρημένον,
684 2207 854 2243 ἐπιδείξομεν
878 2208 942 2243 ὑμῖν

153 2251 211 2281 πῶς
227 2252 378 2285 ἐπαγγελία
392 2259 401 2268 ⁸
425 2253 473 2278 καὶ
498 2254 562 2280 πότε
584 2254 633 2288 τὴν
658 2254 825 2289 ἐπαγγελίαν
841 2254 941 2289 ταύτην

152 2297 286 2332 ὑπέσχετο
312 2298 413 2332 Κύριος
430 2299 444 2324 ὁ
461 2298 527 2331 Θεός
540 2306 548 2315 ⁵
564 2300 610 2326 καὶ
626 2300 698 2326 τίσιν
719 2300 815 2335 αὐτὴν,
832 2301 878 2327 καὶ
895 2300 939 2327 διὰ

151 2344 232 2371 ποίαν
247 2344 338 2370 αἰτίαν
364 2345 509 2380 ὑπέσχετο,
531 2346 607 2373 ἔνθεν
631 2348 767 2383 ἐροῦμεν·
785 2349 812 2374 ἐν
837 2348 875 2383 τῷ
892 2349 938 2374 τὸν

158 2392 264 2427 Ἰσραὴλ
288 2392 446 2426 ἀπογνῶναι
462 2394 511 2429 τῆς
535 2394 671 2429 σωτηρίας
688 2394 784 2428 αὐτοῦ,
804 2395 832 2420 ἐν
847 2394 885 2429 τῷ
902 2395 938 2430 μὴ

152 2438 274 2471 νομίζειν
288 2439 338 2473 τὴν
351 2439 407 2466 τῶν
419 2440 523 2475 νεκρῶν
536 2440 726 2473 ἐξανάστασιν,
740 2443 769 2467 ἐν
783 2441 822 2476 τῷ
836 2441 936 2475 λέγειν,

154 2492 163 2508 t
182 2484 448 2520 Διαπεφωνήκαμεν,
473 2485 613 2513 ἀπόλωλεν
631 2488 646 2521 ὴ
673 2487 749 2520 ἐλπὶς
766 2487 862 2522 ήμῶν
885 2487 937 2521 φά-

152 2538 262 2565 γωμεν,
291 2532 420 2568 πίωμεν·
453 2531 550 2567 αὔριον
578 2532 802 2568 ἀποθνήσκομεν.
831 2543 840 2559 ι
871 2533 938 2559 Τότε

152 2577 267 2611 ἐμπνέει
282 2578 385 2612 Κύριος
401 2580 445 2605 τὸν
461 2579 606 2614 προφήτην
623 2580 712 2607 εἰπεῖν
727 2580 795 2615 πρὸς
809 2580 855 2606 τὸν
877 2580 938 2606 λαιὸν

152 2623 192 2658 μὴ
204 2623 328 2649 ἀπιστεῖν
341 2625 390 2659 τὴν
398 2625 452 2652 τῶν
465 2626 600 2660 σωμάτων
612 2626 773 2658 ἀνάστασιν,
790 2628 837 2653 καὶ
850 2627 936 2661 ἐπαγ-

151 2667 296 2702 γείλασθαι
311 2668 402 2699 αὐτοῖς
420 2670 460 2696 ὅτι
475 2672 621 2707 ἀναστήσει
637 2672 740 2706 Κύριος
753 2672 786 2698 τὰ
802 2671 871 2698 ὀστᾶ
891 2672 938 2698 αὒ-

150 2715 206 2741 τῶν
219 2714 254 2740 τὰ
272 2713 353 2750 ξηρὰ,
377 2715 427 2741 καὶ.
443 2716 544 2743 ἐνδύσει
570 2718 640 2744 αὐτὰ
666 2719 772 2753 σάρκας
793 2719 840 2744 καὶ
855 2719 939 2753 νεῦρα

152 2760 199 2786 καὶ
214 2759 320 2795 δέρμα·
339 2761 386 2786 καὶ
403 2761 512 2796 πνεῦμα
528 2763 618 2790 δώσει.
640 2764 695 2791 Καὶ
715 2766 939 2801 ἀποκαταστήσει

153 2806 252 2838 αὐτοὺς
269 2808 308 2839 εἰς
321 2807 369 2842 τήν
387 2808 577 2844 Ἰερουσαλήμ.
598 2813 631 2836 “ll
648 2812 742 2846 opaci;
758 2813 869 2847 εἰρήνης
881 2815 938 2839 ἐστί

153 2860 183 2878 τε
205 2853 250 2879 καὶ
265 2853 386 2886 λέγεται.
402 2855 456 2880 Ποῦ
468 2856 554 2882 ταῦτα
568 2858 656 2884 κεῖται
670 2868 676 2891 ;
695 2860 738 2885 Ἐν
756 2860 792 2894 τῷ
809 2860 938 2893 Ἱεζεκιὴλ

154 2900 191 2935 τῷ
207 2899 334 2935 προφήτῃ
347 2908 354 2915 ·
380 2901 408 2927 ἐν
418 2902 556 2938 κεςαλαίῳ
570 2906 726 2941 τριακοστῷ
741 2906 856 2941 ἑῆἧόμῳ.
870 2909 938 2941 Φησὶ

997 1667 1052 1687 rem
1067 1659 1198 1687 mundum
1231 1660 1330 1694 repleri
1346 1666 1484 1695 oportere.
1503 1661 1630 1690 Christus
1643 1662 1730 1697 jubct,
1749 1669 1782 1689 ne

995 1705 1175 1733 obsistamus.
1192 1704 1226 1731 Et
1243 1705 1369 1733 minister
1386 1706 1420 1733 ad
1432 1706 1590 1738 Dominum,
1604 1706 1726 1739 Domine,
1745 1706 1782 1733 la-

995 1758 1068 1779 ctum
1083 1757 1125 1780 est
1143 1756 1172 1778 ut
1195 1752 1347 1786 imperasti,
1374 1757 1401 1778 et
1428 1752 1504 1779 locus
1521 1753 1614 1780 adhuc
1641 1757 1691 1779 cst.
1714 1753 1781 1779 Cum

996 1798 1077 1833 igitur
1091 1797 1168 1825 locus
1181 1797 1284 1825 istunc
1299 1797 1418 1832 repletus
1430 1805 1481 1824 non
1498 1796 1605 1829 fuisset.
1617 1794 1783 1825 resurrectio

995 1849 1168 1872 mortuorum
1183 1851 1236 1871 non
1260 1847 1303 1872 est
1322 1845 1482 1877 subsecuta,
1500 1844 1611 1878 hacque
1635 1844 1782 1878 promissio

993 1896 1037 1920 est
1056 1898 1139 1925 quam
1164 1889 1264 1918 Paulus
1281 1890 1313 1917 ad
1339 1890 1466 1918 Hebraeos
1480 1890 1556 1923 dicit,
1572 1889 1700 1925 quodqui
1721 1894 1782 1917 ante

994 1945 1045 1965 nos
1059 1937 1171 1964 fuerunt
1183 1937 1273 1964 adhuc
1290 1944 1344 1964 non
1359 1941 1535 1971 acceperunt,
1552 1944 1632 1971 quant
1651 1942 1717 1972 pulo
1734 1945 1781 1964 vos

994 1983 1084 2011 adhuc
1100 1990 1154 2010 non
1165 1982 1326 2017 intelligere.
1338 1982 1372 2009 At
1387 1989 1437 2009 nos
1448 1981 1474 2009 id
1487 1982 1591 2009 dictum
1601 1989 1780 2011 resumentes,

994 2028 1131 2064 quomodo
1157 2028 1305 2062 promissio
1334 2028 1369 2055 sit
1399 2027 1584 2061 ostendemus,
1615 2033 1642 2055 ct
1673 2031 1782 2062 quando

994 2075 1204 2110 promissionem
1223 2075 1294 2102 hanc
1319 2074 1457 2109 pollicitus
1476 2074 1508 2101 sit
1537 2073 1670 2101 Dominus
1699 2074 1779 2104 Deus.

995 2121 1151 2156 quibusque
1164 2129 1224 2148 eam
1237 2124 1265 2147 ct
1284 2120 1319 2148 ob
1334 2128 1416 2155 quam
1432 2127 1543 2148 causam
1569 2120 1707 2154 pollicitus
1728 2124 1779 2151 est,

994 2168 1124 2203 deinceps
1139 2167 1273 2195 dicemus.
1287 2166 1354 2194 Cum
1370 2165 1453 2193 lsrael
1466 2167 1578 2193 salutem
1592 2173 1669 2193 suam
1682 2166 1780 2201 despc—

994 2218 1092 2246 rasset,
1116 2221 1166 2241 nec
1191 2218 1360 2241 mortuorum
1390 2212 1514 2240 crederet
1540 2212 1779 2244 resurrectionem,

993 2267 1055 2286 cum
1074 2259 1209 2292 dicerent,
1237 2258 1357 2286 Abscissi
1373 2265 1477 2291 sumus,
1499 2258 1579 2293 pcriit
1594 2266 1656 2293 spes
1674 2264 1778 2288 nostra.

995 2306 1194 2332 manducemus
1207 2309 1233 2333 et
1248 2304 1384 2337 bibamus,
1397 2311 1458 2332 eras
1472 2304 1630 2336 moriemur,
1655 2308 1718 2330 tunc
1740 2304 1780 2330 iu-

993 2351 1106 2386 spiravit
1121 2349 1254 2378 Dominus
1273 2351 1442 2385 prophetam,
1457 2355 1483 2378 ul
1512 2350 1609 2385 populo
1627 2349 1728 2376 diceret
1748 2358 1780 2376 ne

990 2404 1135 2431 corporum
1165 2397 1374 2430 rcsurrectionij
1388 2396 1530 2430 dillidcrel,
1548 2396 1778 2431 polliceretur-que

988 2443 1023 2470 iis
1031 2451 1060 2471 se
1069 2451 1181 2478 corpora
1190 2451 1284 2471 eorum
1291 2443 1367 2470 arida
1377 2442 1618 2475 exsuscitaturum,
1628 2449 1711 2476 seque
1720 2449 1780 2468 car-

988 2490 1080 2523 nibus,
1093 2489 1186 2519 nervis
1194 2496 1226 2516 ac
1239 2494 1302 2516 cute
1318 2489 1488 2522 indulurum,
1510 2489 1692 2523 spiritumque
1703 2487 1781 2514 datu-

990 2545 1050 2565 rum
1069 2542 1096 2565 et
1119 2538 1145 2566 iu
1166 2536 1315 2566 Jerusalem
1341 2537 1530 2564 restituturum
1545 2543 1604 2569 quae
1628 2535 1694 2563 visio
1706 2535 1779 2570 pacis

988 2589 1068 2612 estet
1086 2584 1196 2612 dicitur.
1209 2584 1325 2614 Ubinam
1339 2587 1404 2611 sunt
1417 2582 1492 2610 haec?
1515 2582 1593 2617 Apud
1611 2581 1778 2609 Ezcclticletu

991 2630 1152 2666 prophetam
1168 2630 1258 2665 capite
1286 2630 1425 2658 tricesimo
1452 2629 1588 2663 septimo;
1609 2629 1676 2656 dicit
1705 2629 1777 2655 enim

989 2676 1099 2703 divinus
1114 2676 1158 2703 bic
1174 2676 1324 2710 propheta:
1344 2684 1353 2700 ι
1367 2674 1449 2701 Facta
1465 2678 1508 2701 est
1529 2681 1609 2708 super
1625 2681 1668 2700 tne
1681 2680 1779 2699 manus

991 2722 1108 2755 Domini,
1122 2727 1148 2750 et
1160 2722 1254 2749 eduxit
1267 2729 1310 2748 me
1326 2720 1353 2748 in
1372 2720 1471 2756 spiritu
1500 2719 1617 2751 Domini,
1634 2722 1660 2746 et
1676 2718 1779 2744 dimisit

991 2778 1032 2796 me
1045 2769 1070 2795 in
1085 2769 1174 2796 medio
1186 2768 1274 2802 campi
1285 2768 1329 2804 qui
1341 2774 1400 2796 crat
1413 2768 1508 2802 plenus
1520 2766 1638 2794 ossibus.
1653 2764 1778 2791 Circqu-

992 2816 1066 2841 duxit
1082 2823 1124 2843 tne
1137 2823 1182 2850 per
1194 2822 1224 2842 ea
1246 2815 1272 2841 in
1286 2822 1362 2850 gyro.
1377 2814 1457 2841 Erant
1475 2818 1563 2839 autem
1597 2812 1680 2837 multa
1701 2811 1777 2837 valde

991 2870 1071 2896 super
1103 2862 1198 2889 faciem
1212 2861 1311 2895 campi,
1343 2861 1469 2893 siccaque
1502 2859 1687 2885 vehementer.
1706 2867 1714 2882 ι
1746 2857 1778 2882 lit

991 2907 1059 2935 dixit
1076 2908 1108 2935 ad
1132 2914 1196 2934 me:
1220 2906 1288 2933 «Fili
1313 2905 1431 2933 hominic
1463 2910 1576 2932 ru~"tsuc
1595 2905 1684 2931 \iwnt
1715 2912 1779 2931 0:31
