1951 3075
154 156 222 195 1300
452 166 526 197 PRO
556 166 662 200 CONC.
686 169 963 202 FI.ORENT.CAI‘.
985 173 1018 204 V.
1059 174 1108 204 DE
1130 173 1304 204 PRIMA’I‘U
1323 174 1437 207 PAP/E.

155 245 904 261 .._...______________.

906 255 1096 263 —_..—-

311 322 598 366 ΑΠΟΛΟΓΙΑ
637 326 767 369 ΠΕΡΙ
806 328 921 370 ΤΟΥ
959 329 1247 373 ΠΕΜΠἹὈΥ
1294 323 1623 377 ΚΕΦΑΛΑΙΟῨ

683 421 752 447 ΤΩΝ
775 420 820 447 EN
844 421 888 455 Τῼ
911 419 979 457 ΟΡῼ
996 424 1064 450 ΤΗΣ
1087 425 1245 452 ΣΥΝΟΔΟΥ

184 499 247 526 "Un
272 499 390 535 δικαίως
399 499 506 538 ἑρῤἐθη
519 501 568 529 καὶ
580 500 713 535 ἀληθῶς,
725 501 766 535 ὼς
779 502 796 529 ὀ
824 503 930 538 κάπας
941 503 1007 530 ἐστὶ
1019 506 1136 544 κεφαλὴ
1145 506 1247 542 πάσης
1260 507 1316 543 τῆς
1329 507 1381 535 τοῦ
1396 508 1526 542 Χριστοῦ
1549 508 1742 545 Ἐκκλησίιις.

460 681 935 730 DEMONSTRATIO
973 685 1189 737 QUINTI
1231 684 1464 731 CAPITIS

915 788 1006 810 EOEUI

547 865 636 901 QUAS
658 865 700 896 IN
718 865 896 897 DECRETO
916 867 1057 898 SYNODI
1084 868 1363 911 CONTINENTUR

241 941 331 981 Quod
358 943 445 982 jttste
473 949 602 981 vereque
631 941 749 974 dictum.
792 945 846 982 sit,
877 954 989 985 papam
1014 949 1107 984 caput
1135 954 1198 975 esse
1227 947 1323 977 totius
1350 946 1498 979 Ecclesia:
1529 947 1661 982 Christi.

511 1106 551 1134 A’.

182 1152 246 1180 Ἰδοὺ
261 1153 308 1180 καὶ
325 1153 354 1180 τδ
371 1153 497 1187 πέμπτον
511 1154 559 1181 καὶ
576 1154 728 1182 τελευταῖον
739 1155 786 1182 τοῦ
800 1155 864 1188 ὂρου
881 1163 930 1182 κε-

141 1200 266 1234 φάλαιον,
294 1197 361 1236 ἧκεν
391 1200 542 1234 ἀπολογίαν
569 1201 674 1234 λαϐεῖν,
700 1202 791 1233 καθὼς
817 1202 865 1228 καὶ
896 1201 931 1228 τὰ

141 1246 292 1278 φθάσαντα.
317 1246 393 1272 Ἐπεὶ
412 1243 459 1272 οὖν
481 1246 530 1282 οὐχ
553 1247 757 1282 ὑπεστειλάμην
784 1247 872 1274 είπεῖν
897 1247 930 1274 τὰ

139 1293 269 1319 δοκοῦντα
285 1292 350 1327 περὶ
364 1292 419 1318 τῶν
437 1291 668 1327 παρεληλυθότων
689 1293 828 1328 τεττάρων
844 1301 930 1327 κεφα-

140 1337 234 1371 λαίων,
247 1339 307 1365 οὐδὲ
327 1338 392 1373 περὶ
408 1339 505 1365 τούτου
522 1338 582 1365 δέον
599 1339 674 1366 ἐστὶν
690 1340 763 1374 ἡμᾶς
780 1339 930 1373 σιωπῆσαι,

127 1384 187 1414 ,καὶ
204 1384 241 1419 μὴ
259 1384 351 1412 δοῦναι
366 1384 415 1420 τὴν
429 1385 592 1420 πρέπουσαν
608 1385 768 1419 ἀπολογίαν.
789 1385 868 1416 Εἰκὸς
882 1383 930 1412 οὖν

138 1432 197 1457 ἐστι
214 1432 283 1465 μετὰ
297 1431 389 1466 πάσης
406 1432 564 1466 προθυμίας
579 1431 626 1458 καὶ
644 1433 711 1466 περὶ
724 1431 821 1458 τούτου
838 1432 871 1464 τὰ
885 1432 929 1458 δυ-

138 1478 207 1504 νατὰ
223 1478 317 1511 φάναι.
333 1477 377 1504 ἵνα
394 1479 431 1512 μὴ
452 1478 567 1513 ἄμοιρον
594 1478 673 1514 μείνῃ
685 1486 691 1493 ·
709 1477 776 1504 ἀλλὰ
795 1478 843 1504 καὶ
861 1478 929 1512 μετὰ

137 1524 193 1550 τῶν
209 1524 297 1551 ἄλλων
304 1524 369 1551 αὐτὸ
380 1525 598 1560 συναριθμηθείη
610 1525 794 1560 ὠχυρωμένον
802 1527 861 1556 ταῖς
874 1524 929 1551 τῶν

139 1570 220 1605 ῑξρῶν
235 1570 366 1605 Πατάρων
381 1570 429 1597 καὶ
453 1570 623 1598 διδασκάλων
646 1571 859 1605 ὲκφαντορικαῖς
881 1571 929 1598 καὶ

137 1617 307 1650 θεολογικαῖς
325 1617 493 1652 μαρτυρίαις
508 1625 515 1632 ·
530 1617 594 1644 ὥστ’
610 1613 682 1644 εἶναι
704 1617 929 1652 πεπληρωμένην

137 1663 228 1689 πᾶσαν
243 1662 292 1696 τὴν
308 1662 448 1697 ἡμετέραν
469 1662 628 1697 ὑπόσχεσιν.
645 1662 678 1689 Τί
693 1663 720 1689 δὲ
740 1662 813 1689 τοῦτ’
831 1663 927 1695 ὲστινς

139 1708 172 1735 Ἦ
185 1709 236 1744 τῆς
253 1708 417 1744 Ἐκκλησῖας
439 1708 522 1744 ἀρχὴ,
546 1708 576 1735 τὸ
593 1707 641 1735 τοῦ
671 1709 750 1735 πάπα
772 1708 907 1742 πρωτεῖον
919 1716 926 1723 ·

133 1756 171 1787 ὼς
183 1757 198 1783 ό
215 1755 287 1791 ῐερὺς
301 1755 350 1790 τῆς
366 1755 477 1782 συνόδου
494 1756 557 1790 ὅρος
577 1755 728 1790 διαρρήδην
754 1755 815 1789 βοᾷ·
835 1764 845 1780 ι
865 1755 926 1782 Ἔτι

132 1801 310 1838 διοριζόμεθα
338 1801 389 1836 τὴν
414 1801 600 1836 ἁποστολικὴν
631 1801 776 1836 καθέδραν,
807 1802 855 1828 καὶ
879 1801 926 1828 τὸν

135 1848 291 1884 Ῥωμαῖκδν
312 1847 454 1884 ἀρχιερέα,
470 1848 511 1879 εἰς
531 1848 622 1875 πᾶσαν
643 1847 693 1882 τὴν
709 1847 879 1883 οἰκουμένην
895 1849 926 1875 τὸ

132 1896 269 1931 πρωτεῖον
283 1895 411 1930 κατέχειν
424 1902 432 1911 '
449 1894 533 1922 αὐτόν
547 1902 577 1920 τε
589 1894 635 1921 τὸν
655 1891 812 1928 Ῥωμαϊκὸν
831 1895 925 1930 ἀρχιε-

132 1944 193 1978 ρέα,
210 1942 332 1976 διάδοχον
345 1939 416 1968 ιῐναι
429 1940 477 1968 τοῦ
499 1940 638 1975 μακαρίου
653 1940 759 1975 Πέτρου
777 1940 825 1967 τοῦ
841 1949 925 1975 κορυ-

131 1988 212 2022 φαίου
234 1988 290 2014 τῶν
303 1987 474 2017 ἀποστόλων,
497 1986 546 2013 καὶ
567 1985 651 2013 αὑτοῦ
668 1986 716 2014 τοῦ
739 1986 859 2022 Χριστιιῦ
877 1988 924 2013 ἐπὶ

130 2035 184 2068 γῆς
198 2033 398 2068 τοποτηρητὴν,
416 2033 465 2060 καὶ
488 2033 605 2072 πατέρα,
628 2033 675 2059 καὶ
696 2032 857 2060 διδάσκαλον
870 2033 925 2059 τῶν

130 2080 303 2117 Χριστιανῶν
323 2079 462 2106 ἁπάντων.
481 2088 490 2105 t
511 2079 598 2106 Τοῦτο
615 2079 723 2114 ἀληθῶς
739 2078 790 2105 οὐκ
811 2077 869 2104 οἴδα
881 2077 926 2109 τίς

130 2130 207 2155 ἐστιν
220 2127 234 2153 ὁ
250 2127 400 2160 δυνάμενος
425 2125 610 2161 ἀρνήσασθαι,
630 2125 774 2160 προδήλως
793 2124 840 2151 τοῦ
856 2124 924 2159 Χρι-

131 2173 196 2201 στοῦ
210 2173 325 2200 καὶτῶν
340 2173 510 2200 διδασκάλων
525 2171 651 2206 βοώντων
669 2171 787 2208 βροντῆς
801 2168 924 2205 γεγωνό-

941 1787 962 1814 Β

130 2230 220 2256 τερον.
243 2220 273 2248 '0
300 2220 350 2255 μὶν
366 2217 413 2246 οὖν
431 2219 551 2254 Χριστὸς
578 2219 631 2253 πρὸ
657 2218 756 2252 καιροῦ
786 2217 834 2245 τοῦ
857 2217 923 2244 [δίου

130 2267 247 2299 πάθους,
271 2266 322 2301 τὴν
336 2265 406 2301 πρὸς
422 2266 456 2292 τὰ
474 2266 544 2301 μέρη
570 2265 742 2298 Καισαρείας
759 2264 809 2299 τῆς
829 2265 922 2291 Φιλίπ-

130 2323 182 2341 που
198 2313 257 2340 ὁδὺν
272 2313 446 2347 ποιούμενος,
462 2312 591 2347 ἠρώτησε
605 2312 669 2343 τοὺς
690 2311 815 2346 μαθητὰς
828 2311 922 2344 αὑτοῦ,

127 2362 233 2396 λέγων·
250 2369 259 2386 ι
280 2359 349 2387 Τίνα
367 2367 401 2394 με
425 2359 554 2392 λέγουσιν
569 2359 595 2384 οι
620 2358 761 2392 ἄνθρωποι
786 2355 857 2384 εἶναι
877 2358 923 2384 τὸν

128 2408 187 2434 υἱὸν
203 2407 251 2434 τοῦ
274 2402 422 2441 ἀνθρώπου
433 2413 458 2438 ςι
481 2404 536 2432 Καὶ
551 2404 602 2439 ὅρα
616 2403 774 2440 τδνιάκριόῆ
794 2404 844 2439 τῆς
861 2403 923 2430 Geo-

129 2453 222 2487 λογίας
235 2452 308 2481 νοῦν.
323 2453 410 2479 Ὅταν
423 2452 474 2486 μὲν
488 2451 535 2478 οὖν
547 2451 613 2486 περὶ
626 2451 680 2478 τῶν
696 2452 795 2478 κοινῶν
810 2452 922 2479 ἐννοιῶν
935 2465 956 2494 C

127 2500 183 2526 τῶν
200 2499 353 2534 ἀνθρώπων
380 2498 538 2534 ἠρώτησεν,
561 2499 586 2525 oi
611 2498 757 2525 ἀπόστολοι
787 2499 921 2533 φθάνουσι

126 2546 176 2581 τὴν
191 2546 349 2581 ἀπολογίαν,
367 2546 493 2581 λέγοντες
504 2545 556 2573 ἀνὰ
568 2545 663 2581 μέρος,
689 2546 715 2571 οι
730 2545 780 2580 μὲν
792 2545 920 2581 Ἰωάννην

125 2594 173 2620 τὸν
192 2593 369 2627 Βαπτιστήνο
388 2593 477 2628 ἕτεροι
500 2592 625 2626 λέγουσιν
655 2590 728 2618 εἶναί
754 2600 783 2618 σε
805 2592 899 2620 Ἠλίαν
912 2601 920 2609 ⁸

125 2640 202 2668 ἄλλοι
223 2639 358 2674 Ἰερεμίαν
371 2645 378 2654 ·
403 2639 495 2675 {repet
509 2639 538 2666 δὲ
554 2639 593 2671 ὡς
616 2638 665 2666 ινα
688 2639 744 2670 τῶν
759 2639 920 2674 προφητῶν.

127 2688 214 2714 Ὅταν
229 2686 257 2713 δὲ
271 2685 323 2722 τὴν
338 2685 430 2712 αὐτῶν
441 2687 555 2721 γνώμην
569 2685 664 2722 ἠρώτα
677 2686 784 2720 μαθεῖν,
798 2686 846 2712 καὶ
858 2686 920 2713 τίνα

127 2734 160 2760 ἂν
176 2733 259 2768 ἔχωσι
271 2733 336 2769 περὶ
351 2732 434 2760 αὑτοῦ
447 2732 593 2767 ὑπόληψιν.
607 2733 637 2760 ἑν
653 2729 692 2767 τῷ
704 2733 804 2765 εἰπεῖν,
823 2733 919 2768 Ὑμεῖς

126 2777 166 2810 δὲ,
180 2777 242 2803 τινα
260 2785 295 2811 με
310 2776 405 2810 λέγετε
425 2775 498 2803 εἶναι
512 2785 520 2810 ;
540 2777 607 2805 Τότε
625 2778 715 2810 οὐδεὶς
732 2778 787 2806 τῶν
802 2779 919 2805 ἀποστό-

126 2823 180 2849 λων
195 2822 349 2858 ὲφθέγξατο
361 2830 368 2838 ·
382 2822 471 2854 οὐδεὶς
491 2823 640 2859 ἀπεκρίθη.
665 2824 781 2851 Ἐκεῖνοι
796 2825 845 2859 μὲν
863 2826 918 2860 γὰρ

126 2870 256 2905 πρόεδροι
276 2871 332 2901 τοῖς
350 2870 452 2902 ἄλλοις,
470 2871 484 2896 ό
497 2870 526 2896 δὲ
552 2871 664 2906 Πέτρος,
683 2873 820 2899 κάκείνων
834 2874 917 2908 πρόε-

127 2916 201 2951 δρος,
217 2916 261 2943 καὶ
278 2916 326 2950 τῆς
338 2916 504 2951 οἰκουμένης
524 2917 645 2953 ἁπάσης.
665 2918 794 2946 Κάκεῖνοι
811 2919 861 2954 μὲν
880 2919 918 2952 ὡς

600 3025 636 3041 η..

1019 1157 1089 1185 Ecce
1109 1157 1235 1192 quintum
1247 1162 1274 1185 et
1286 1158 1409 1186 ultimum
1423 1161 1524 1187 decreti
1550 1164 1632 1194 caput
1659 1159 1773 1191 accedit.
1797 1154 1800 1158 ’

983 1208 1012 1229 nt
1030 1211 1108 1231 suam
1126 1204 1333 1239 responsionem
1348 1206 1474 1239 accipiat.
1505 1206 1734 1240 quemadmodum
1749 1210 1776 1233 et

984 1251 1174 1284 praecedentia.
1193 1251 1264 1286 Ergo
1281 1251 1344 1285 quia
1376 1251 1497 1278 laborem
1528 1252 1683 1286 explicandi
1715 1260 1776 1287 qua:

983 1296 1050 1322 ntibi
1066 1296 1099 1323 de
1113 1301 1232 1331 quatuor
1246 1297 1340 1330 primis
1357 1297 1494 1331 capitibus
1528 1297 1693 1330 viderentur,
1720 1306 1785 1325 now

982 1343 1268 1378 defugimeqnaquam
1281 1344 1358 1370 decet
1376 1344 1427 1370 hoc
1441 1348 1489 1371 aut
1501 1344 1611 1371 silentio
1624 1344 1773 1375 involvere,

980 1393 1028 1416 aut
1046 1389 1137 1417 debita
1154 1389 1331 1424 responsione
1347 1389 1483 1419 fraudare.
1497 1390 1616 1424 Equum
1629 1391 1774 1424 estigitur.

981 1436 1056 1463 omni
1073 1435 1196 1463 adhibito
1211 1435 1316 1467 studio.
1333 1441 1360 1463 et
1376 1435 1410 1463 de
1437 1436 1490 1463 hoc
1515 1437 1605 1471 capite
1633 1444 1693 1471 qute
1722 1437 1774 1463 dici

981 1486 1098 1517 possunt
1113 1482 1222 1514 allerre,
1249 1490 1283 1510 ne
1308 1487 1334 1509 et
1365 1483 1455 1517 ipsum
1492 1483 1584 1511 debita
1607 1484 1659 1511 sibi
1685 1489 1774 1512 careat

983 1530 1127 1565 portione;
1145 1528 1201 1556 imo
1214 1534 1240 1556 et
1255 1529 1316 1557 aliis
1331 1529 1496 1564 adjungatur
1509 1537 1649 1557 sacrorum
1664 1529 1774 1557 Patrum

978 1582 1005 1604 et
1020 1577 1165 1604 doctorum
1174 1576 1275 1604 divinis
1289 1581 1317 1604 et
1343 1577 1502 1611 theologicis
1520 1577 1684 1604 testimoniis
1700 1585 1776 1604 com-

979 1624 1128 1655 munitum,
1141 1628 1170 1651 ut
1183 1624 1322 1652 cumulate
1338 1625 1410 1656 quod
1436 1623 1551 1659 polliciti
1582 1631 1676 1651 sumus
1709 1632 1777 1658 prm-

980 1674 1094 1698 stemus.
1108 1670 1242 1702 Quidnam
1257 1678 1322 1697 vero
1351 1671 1403 1697 hoc
1432 1671 1497 1699 est?
1512 1670 1644 1698 ECclesiae
1670 1676 1751 1705 caput
1767 1679 1774 1698 :

979 1723 1056 1751 papae
1071 1716 1215 1750 primatus,
1237 1716 1467 1751 quemadmodum
1491 1725 1576 1744 sacra:
1600 1717 1697 1752 synodi
1729 1717 1778 1744 dc-

979 1765 1087 1790 cretum
1100 1766 1196 1796 aperte
1211 1762 1322 1789 clamat.
1343 1771 1353 1788 ι
1369 1761 1502 1789 Praeterea
1519 1761 1692 1789 decernimus
1710 1769 1776 1796 apo-

977 1807 1104 1835 stolicam
1121 1807 1213 1834 sedem
1226 1811 1254 1835 et
1266 1806 1420 1834 Romanum
1444 1807 1600 1840 pontiﬁcem
1619 1808 1645 1835 in
1662 1809 1776 1835 univer-

977 1861 1038 1881 sum
1056 1853 1148 1881 orbem
1168 1853 1316 1888 primatum
1344 1853 1479 1884 obtinere.
1508 1853 1691 1887 eumdemqne
1710 1861 1773 1880 esse

978 1899 1048 1927 beati
1064 1899 1136 1927 Petri
1149 1899 1280 1934 principis
1306 1899 1493 1934 apostolorum
1527 1907 1728 1933 successorem,
1746 1903 1774 1927 et

976 1947 1065 1980 ipsius
1077 1946 1179 1974 Christi
1198 1947 1225 1973 in
1244 1947 1326 1973 terris
1348 1946 1494 1979 vicarium,
1533 1945 1653 1979 Patrem,
1687 1947 1772 1981 magi-

977 1998 1066 2021 strum
1079 1993 1201 2021 omnium
1213 1993 1462 2020 Christianoruth
1475 1992 1533 2021 Hoc
1547 1993 1669 2028 proiecto
1679 1994 1772 2021 nescio

977 2040 1116 2075 quomodo
1145 2040 1208 2074 quis
1238 2039 1353 2067 inliciari
1380 2039 1476 2074 possit,
1504 2047 1566 2067 cum
1594 2040 1769 2074 apertissime

976 2087 1102 2114 Christus
1118 2091 1145 2113 et
1156 2080 1254 2113 omnes
1280 2086 1408 2112 doctores
1438 2085 1611 2113 manifestius
1638 2093 1720 2120 quam
1747 2087 1769 2114 si

977 2130 1018 2157 vel
1036 2130 1188 2157 tonitruum
1203 2134 1374 2165 personaret,
1389 2130 1440 2157 hoc
1456 2130 1544 2163 ipsum
1575 2130 1769 2163 vociferantur.

975 2177 1102 2204 Christus
1118 2183 1183 2210 ergo
1196 2179 1259 2203 ante
1271 2182 1327 2203 sua:
1337 2175 1475 2209 passionis
1490 2180 1598 2210 tempus
1610 2176 1642 2203 ad
1650 2176 1769 2210 Philippi

976 2222 1130 2250 Ctesaream
1162 2228 1291 2255 pergens,
1319 2221 1500 2255 llthl'l'Ongl.
1527 2221 1676 2257 discipulos
1704 2230 1770 2250 suos

976 2269 1071 2296 dicens
1091 2275 1098 2293 :
1120 2277 1130 2293 ι
1149 2267 1235 2301 Quem
1251 2275 1294 2294 mc
1309 2267 1406 2294 dicunt
1430 2267 1555 2295 homines
1578 2275 1639 2296 esse
1668 2266 1767 2295 Filium

977 2314 1092 2343 hominis
1105 2315 1117 2341 ‘l
1132 2314 1340 2342 «Animadverte
1353 2314 1518 2348 exquisitum
1537 2315 1680 2350 tlteologici
1711 2323 1770 2342 ser-

976 2362 1066 2388 monis
1079 2367 1202 2388 sensum.
1219 2359 1286 2387 Nam
1304 2361 1414 2394 quando
1426 2360 1459 2387 de
1471 2362 1665 2388 communibus
1676 2361 1767 2388 homi-

977 2414 1042 2434 num
1076 2406 1222 2434 sententiis
1257 2411 1452 2440 percontatur.
1483 2407 1598 2440 apostoli
1634 2411 1772 2441 occupant

976 2452 1196 2488 responsionem,
1213 2452 1336 2481 dicentes
1352 2461 1401 2488 per
1411 2454 1543 2488 singulos,
1561 2454 1671 2488 quidam
1686 2453 1771 2481 Joan-

976 2510 1037 2529 nem
1055 2501 1215 2537 Baptistam,
1234 2501 1279 2529 alii
1296 2502 1390 2530 dicunt
1407 2501 1505 2535 Etiam,
1520 2501 1566 2529 alii
1590 2501 1766 2533 Hieremiam.

975 2549 1021 2576 alii
1040 2557 1123 2576 unum
1140 2556 1173 2576 ex
1199 2548 1359 2583 prophetis;
1373 2549 1483 2583 quando
1505 2556 1572 2576 vero
1597 2549 1630 2576 de
1660 2548 1767 2576 illorum

974 2595 1108 2624 sententia
1124 2595 1285 2630 explicanda
1304 2595 1473 2630 interrogat,
1489 2602 1516 2622 et
1531 2602 1612 2630 quam
1629 2595 1771 2622 existima-

977 2640 1079 2668 tionem
1095 2640 1129 2668 de
1147 2647 1180 2668 eo
1195 2640 1337 2674 haberent,
1353 2647 1414 2667 cum
1432 2640 1557 2668 diceret:
1576 2650 1585 2666 ι
1607 2641 1660 2668 Vos
1675 2645 1767 2668 autent

975 2694 1056 2721 quem
1069 2693 1111 2714 me
1122 2694 1184 2715 esse
1198 2686 1290 2714 dicitis
1303 2686 1329 2713 lt
1346 2689 1412 2714 tunc
1436 2693 1518 2714 nemo
1529 2687 1713 2722 apostolorum
1729 2686 1769 2713 lo-

974 2739 1054 2762 cutus
1069 2738 1122 2765 est,
1133 2732 1257 2768 quiaipsi
1274 2731 1388 2760 aliorum
1402 2732 1532 2768 praesides
1547 2738 1625 2761 erant
1639 2741 1648 2767 ;
1670 2731 1773 2767 Petrus

973 2785 1064 2807 autem
1077 2780 1111 2806 iis
1122 2783 1149 2807 et
1164 2779 1213 2806 toti
1231 2779 1290 2806 orbi
1312 2783 1447 2807 terrarum
1477 2778 1650 2814 prtesidebat.
1684 2779 1715 2806 Et
1748 2778 1770 2810 ii,

972 2826 1081 2861 quidem
1098 2829 1227 2859 tanquam
1238 2826 1367 2859 praesides
1383 2825 1511 2858 aliorum,
1527 2825 1643 2852 aliorum
1658 2828 1767 2853 senten-

972 2874 1036 2900 tiatn
1050 2872 1241 2908 cxplicabant;
1260 2876 1287 2900 at
1299 2879 1362 2899 cum
1383 2871 1480 2899 Petrus
1497 2871 1683 2906 apostolorum
1698 2879 1766 2906 pra:-

975 2927 1020 2949 scs
1033 2923 1115 2953 esset,
1129 2926 1178 2956 pro
1195 2919 1249 2950 illis
1276 2918 1354 2946 aﬁcrt
1378 2917 1596 2953 responsionem.
1619 2918 1659 2946 Illi
1689 2919 1763 2951 enim
