1951 3075
115 124 186 158 1313

442 130 518 161 PRO
545 130 652 162 CONC.
674 131 863 163 FLORENT.
888 131 968 161 CAP.
988 132 1022 162 V.
1040 130 1089 161 DE
1107 132 1285 163 PRIMATU
1304 132 1419 163 PApt‘E.

1679 135 1748 168 13M

112 192 166 220 τρᾳ
185 184 354 220 οῖκοδομῆσω
368 194 418 221 μου
432 186 482 222 τὴν
496 187 674 223 Ἐκκλησίαν,
692 199 701 216 t
717 191 763 217 καὶ
776 191 809 218 τὰ
822 191 885 226 ἑξῆς

957 196 989 215 ac
1002 190 1182 224 perturbatio.
1198 191 1226 218 Si
1237 198 1303 226 ergo
1316 198 1346 218 ea
1362 198 1424 219 vera
1451 197 1526 225 sunt,
1544 194 1618 229 quod
1638 197 1751 223 munda-

113 229 156 256 ἵνα
182 229 220 264 μὴ
245 229 358 264 γένηται
376 232 406 258 ὲν
435 233 527 265 αὐτοῖς
547 234 652 270 σχίσμα
675 236 713 267 ὡς
731 236 837 271 ἔφημεν
855 239 903 264 καὶ

110 276 229 310 ταραχή.
248 275 279 302 Et
291 273 339 302 οὖν
354 277 431 304 ταῦτ’
442 278 542 314 ἀληθῆ,
558 281 595 312 ὡς
612 281 641 307 αἱ
661 283 794 316 κοσμικαὶ
806 283 900 317 ἀρχαὶ,

110 321 175 347 ὃταν
192 321 229 355 μὴ
245 323 382 357 ἡνωμέναι
395 320 474 358 ὦσιν,
489 325 600 361 ὄλεθρον
613 329 660 354 καὶ
672 329 826 363 ἀφανισμὸν
841 330 903 364 ὑφί-

111 375 235 399 στανται,
252 368 309 400 πῶς
327 370 477 405 ὸνΧριστδς
491 371 607 406 ὠφειλεν
621 374 703 401 ἐᾶσαι
717 374 765 410 τὴν
787 376 901 411 Ἐκκλη-

111 411 172 438 σῖαν
184 412 268 439 αὐτοῦ
291 415 377 449 χωρὶς
399 417 541 452 κεφαλῆς;
561 418 604 444 ἵνα
625 419 755 454 σύγχυσιν
778 421 838 456 ἒξῃ,
853 421 902 448 καὶ

110 456 142 482 ὲκ
159 457 207 491 τῆς
235 460 394 494 συγχύσεως
409 461 556 498 διαφθαρῇ.
576 464 704 496 Ἀλλ’ὼς
728 466 840 501 ἀπάσης
854 466 902 493 τά-

110 501 178 533 ξξως
196 503 421 540 ὑπεριδρυμένος,
438 508 485 534 καὶ
503 509 541 540 ὡς
557 509 606 544 τὴν
631 510 708 544 τάξιν
732 512 814 544 αὐτὸς
835 512 873 539 ὣν
888 514 901 539 ὀ

110 550 326 584 συστησάμενος,
341 551 371 578 ὲν
385 552 462 585 τάξει
480 554 526 580 καὶ
539 555 569 581 τὸ
591 555 689 583 ἑαυτοῦ
711 559 851 592 σύστημα,
865 559 896 586 τὸ

108 594 335 631 ἐκκλησιαστικὸν
346 598 446 634 δηλαδὴ
458 601 611 636 κατέστησε
624 603 726 636 μένειν.
738 605 791 631 Καὶ
803 605 899 641 ὥσπερ

108 641 189 673 αὐτὸς
204 643 250 669 ἐπὶ
265 643 317 678 γῆς
326 642 360 680 ἦν
376 646 483 682 κορυφὴ
496 647 542 674 καὶ
556 647 659 684 Κύριος
672 652 720 677 καὶ
737 651 900 686 διδάσκαλος

109 686 164 713 τῶν
181 688 323 723 μαθητῶν,
349 690 397 717 καὶ
414 695 507 728 πατὴρ
523 694 571 721 καὶ
586 695 699 731 ποιμὴν,
718 696 790 724 οὕτω
808 699 901 734 βουλό-

111 741 192 767 μενος
217 734 287 769 πρὸς
313 735 360 763 τὸν
379 739 513 773 πατρικὸν
530 740 636 768 ἀνιέναι
662 743 766 778 Θρόνον,
784 745 829 772 τὸν
846 746 899 773 Πέ-

107 787 172 814 τρον
196 780 290 813 αὐτοῖς
313 782 465 819 ἐπιστάτην
487 787 708 823 κατέστησεικαὶ
730 792 837 827 πατέρα
851 793 899 820 καὶ

107 826 270 854 διδάσκαλον
281 835 288 842 ·
302 829 353 855 καὶ
368 830 462 863 ἁπλῶς
476 832 560 859 αὑτοῦ
574 835 764 872 τοποτηρητὴν
776 826 824 877 κθ
839 838 898 866 διά-

107 871 195 908 δοχον.
213 873 340 902 Δείκνυσι
356 876 384 903 δὲ
397 877 444 904 καὶ
458 878 577 914 ἀλλαχοῦ
591 881 645 916 πρὸ
658 882 706 909 τοῦ
721 871 834 921 τέάοουξ,
849 885 899 919 τὴν

108 920 196 955 ἀρχὴν
219 920 316 949 καὶτὸ
331 925 465 958 πρωτεῖον
479 925 589 965 δοθῆναι
615 927 653 963 τῷ
690 929 797 965 Πέτρῳ·
834 931 900 960 ἔνθα

108 967 176 1001 φησί
190 974 198 982 ’
214 977 223 994 ι
241 968 340 1004 Πέτρε,
364 970 497 1003 πολλάκις
513 963 647 1009 ἠθέλησεν
669 975 683 1001 ὁ
700 963 824 1009 Σατανᾶς
838 978 900 1005 ἐπι-

108 1013 229 1041 σινιάσαι
253 1015 326 1049 ὑμᾶς
350 1016 388 1048 ὠς
401 1017 448 1044 τὸν
465 1018 549 1052 σῖτον,
565 1019 622 1054 ἐγὼ
640 1021 668 1059 δε
693 1022 806 1058 ἐδεήθην
828 1024 898 1060 ὑπὲρ

107 1058 168 1091 σοῦ,
186 1059 229 1086 ἵνα
249 1060 287 1096 μὴ
315 1061 430 1098 ἐκλείπῃ
446 1064 462 1097 ἡ
488 1063 580 1096 πίστις
609 1058 679 1092 σου·
706 1068 754 1094 καὶ
774 1068 806 1095 σύ
832 1058 898 1097 ποτε

106 1105 297 1141 ἐπιστραφεὶς,
310 1107 438 1143 στήριξον
451 1110 514 1141 τοὺς
525 1110 658 1146 ἀδελφούς
670 1121 729 1140 σου.
744 1123 754 1140 ι
771 1114 897 1148 Ἀκούεις

106 1151 147 1184 τὸ,
164 1152 235 1186 Ἐγὼ
253 1153 368 1189 ὶδεήοην
385 1155 457 1191 ὑπὲρ
483 1156 529 1183 σοῦ
543 1165 551 1173 ·
571 1158 618 1184 καὶ
639 1159 680 1192 τὸ,
699 1159 734 1186 Σύ
752 1169 817 1187 ποτε
834 1162 896 1188 ἐπι-

107 1199 239 1234 στραφεὶς
258 1200 386 1236 στήριξον
402 1202 465 1233 τοὺς
482 1203 616 1238 ἀδελφούς
636 1213 703 1239 aeu;
718 1205 752 1233 Τί
767 1215 808 1233 σοι
824 1208 898 1236 δοκεῖ

104 1244 144 1277 τὸ,
156 1245 417 1281 ἐπιστηρίζεινξτοὺς
430 1247 574 1282 ἀδελφοὺς,
590 1250 648 1285 ῆτδ
657 1249 726 1278 εἶναι
741 1252 831 1280 αὐτῶν
849 1255 898 1288 ἀρ-

103 1292 164 1326 χὴν,
181 1293 227 1319 καὶ
252 1293 398 1328 στηρίζεινα
414 1295 535 1329 αὐτούς,
557 1296 613 1323 Καὶ
636 1297 754 1332 ἀλλαχοῦ
777 1299 809 1325 τὺ
827 1300 894 1327 αὐτὸ

103 1337 255 1370 δείκνυται,
285 1340 314 1366 ἐν
341 1340 381 1374 τῷ
405 1341 503 1375 εἰπεῖν,
531 1351 541 1368 ι
560 1343 663 1378 Σίμων,
685 1345 831 1379 πορευθεὶς
855 1347 895 1378 εἰς

103 1383 154 1417 τὴν
168 1384 320 1418 θάλασσαν,
337 1385 418 1420 βάλλε
443 1387 603 1424 ἄγκιστρον,
620 1389 668 1416 καὶ
690 1391 736 1416 τὸν
753 1391 895 1419 ἀναϐάντα

105 1437 146 1456 σοι
162 1430 270 1465 πρῶτον
291 1432 368 1467 ἰχθὺν
387 1434 467 1469 ἄρας,
492 1434 602 1467 ἀνοίξας
627 1436 657 1462 τὸ
682 1437 769 1472 στόμα
799 1438 894 1473 αὐτοῦ,

103 1476 232 1511 εὑρήσεις
258 1478 382 1513 στατῆρα
393 1487 401 1495 ·
417 1479 513 1506 τοῦτον
527 1480 572 1512 δὺς
598 1481 659 1508 ἀντὶ
684 1481 753 1517 ἐμοῦ
769 1484 816 1509 καὶ
833 1484 893 1512 σοῦ.

109 1521 156 1548 Ἑν
171 1522 258 1558 τούτῳ
275 1523 399 1557 ἔγνωσαν
413 1525 437 1551 οἱ
452 1525 585 1560 μαθηταὶ,
601 1527 643 1554 ὅτι
660 1528 705 1554 τὸν
724 1529 828 1564 Πέτρον
847 1531 896 1558 αὖ-
909 1537 931 1568 c

102 1569 160 1599 τοῖς
178 1569 285 1603 πρῶτον
299 1570 462 1605 κατέστησε.
483 1581 492 1597 ι
512 1571 607 1599 Ταῦτα
632 1574 683 1613 μὲν
702 1575 783 1607 αὐτὸς
797 1577 811 1602 ὁ
827 1577 895 1612 Χρι-

105 1616 168 1647 στος
186 1617 238 1652 πρδ
251 1617 299 1644 τοῦ
316 1618 421 1650 πάθους
435 1619 473 1650 ὡς
488 1620 596 1655 εἴρηται
618 1620 690 1649 εἷπε.
706 1624 783 1651 Μετὰ
799 1623 827 1651 δὲ
845 1625 896 1661 τὴν
927 1650 931 1654 .

101 1662 261 1695 ἀνάστασιν,
286 1664 324 1695 ὡς
345 1664 459 1701 Ἰωάννῃ
475 1665 514 1700 τῷ
536 1666 586 1702 τῆς
609 1667 725 1702 βροντῆς
742 1669 794 1704 υίῷ
809 1671 893 1703 δοκεῖ,

102 1711 256 1744 γεγραφότι
272 1711 301 1737 τὺ
325 1711 397 1746 ἱερὸν
427 1712 606 1747 Εὐαγγέλιον,
621 1715 636 1741 ὁ
652 1714 754 1749 Πέτρος
780 1716 842 1744 ίδὼν
863 1718 895 1744 τδ

103 1754 274 1788 γλυκύτατον
298 1755 344 1782 τοῦ
356 1756 491 1783 Δεσπότου
506 1758 663 1793 πρόσωπον,
679 1760 757 1794 φησί’
771 1770 781 1787 ι
797 1761 893 1797 Κύριε,

101 1801 129 1827 τί
145 1809 186 1827 σοι
212 1801 328 1836 ἀρεστόν
342 1802 420 1828 ἐστιν
443 1803 494 1837 ὲμὶ
509 1803 642 1839 ποιῆσαι;
658 1806 672 1832 ὁ
687 1806 792 1840 Ἰησοῦς
809 1807 892 1843 ἤρετο

99 1845 207 1881 τοῦτον,
217 1848 288 1882 τρὶς,
305 1848 404 1883 Πέτρε,
420 1849 506 1883 φιλεῖς
520 1858 555 1885 με
569 1858 577 1883 ;
596 1851 650 1878 Καὶ
662 1852 691 1879 ὲν
707 1853 809 1889 ἑκάστῃ
826 1856 893 1889 ἐρω-

99 1892 190 1927 τήσει,
211 1893 329 1928 ποιμένα
348 1895 564 1930 προύχειρίσατο
585 1897 676 1929 αὑτὸν,
696 1898 725 1924 ἐν
739 1898 777 1933 τῷ
791 1898 892 1934 λέγειν,

102 1938 233 1973 Ποίμαινε
248 1939 283 1966 τὰ
300 1940 427 1975 πρόσατά
442 1950 494 1976 μου
508 1949 515 1957 ·
533 1942 662 1978 ποιμαινε
676 1943 710 1971 τά
724 1945 805 1980 ἀρνία
819 1954 873 1980 μου
883 1954 891 1963 ”

99 1982 141 2016 ὃς,
158 1983 303 2019 ἀχθεσθεὶς
317 1986 351 2021 τῇ
371 1987 467 2022 τριττῇ
486 1988 620 2023 ἐρωτήσει
647 1989 714 2024 φησὶ
739 1991 809 2025 μετά
829 1991 892 2026 θερ-

101 2028 161 2064 μῶν
175 2029 230 2056 τῶν
251 2029 389 2066 δακρύων,
409 2039 418 2057 ι
435 2032 532 2069 Κύριε,
558 2034 590 2061 σὺ
607 2035 698 2062 πάντα
736 2033 827 2069 οἶδας·
857 2039 890 2066 σὺ

99 2074 246 2107 γινώσκεις
261 2076 302 2103 ὅτι
333 2075 403 2110 φιλῶ
430 2086 470 2105 σε.
492 2087 502 2104 ι
521 2074 559 2105 Oi:
580 2079 594 2106 ὁ
620 2080 723 2116 Κύριος
737 2082 770 2116 τῇ
793 2084 889 2119 τριττῇ

100 2121 246 2156 ἐρωτήσει,
267 2121 298 2148 τὸ
315 2123 424 2157 τριττὸν
438 2124 487 2158 τῆς
502 2124 645 2160 ἀρνήσεως
670 2126 815 2159 ἐξιάσατο·
829 2126 890 2157 εἶτα

100 2167 149 2202 τῆς
167 2168 333 2203 οίκουμένης
349 2169 557 2205 προχειρίζεται
571 2172 690 2206 ποιμένα
701 2173 748 2200 καὶ
763 2174 889 2203 διδάσκει-

956 242 997 263 nae
1009 239 1167 270 potestates,
1181 238 1292 271 quando
1309 238 1454 272 disiunctae
1472 245 1549 274 sunt,
1567 241 1704 269 interr-unt
1720 248 1749 270 et

954 281 1123 314 dilabuntur,
1150 284 1287 318 quomodo
1315 284 1443 313 Christus
1471 287 1564 314 debuit
1600 287 1750 316 Ecelesiam

954 335 1032 355 suam
1044 328 1169 356 omittere
1185 330 1244 357 sine
1260 331 1358 365 capite,
1380 335 1408 358 ut
1423 332 1550 360 confusio
1575 339 1748 366 sequeretur,

955 377 981 400 et
999 381 1031 401 ex
1047 374 1209 403 confusione
1230 376 1439 404 destrueretur?
1453 378 1506 406 Sed
1532 379 1570 406 uti
1589 387 1670 414 Supra
1689 388 1748 407 ont-

953 427 1015 447 nom
1032 420 1155 448 Ordinem
1180 422 1282 456 potius,
1300 428 1327 450 et
1340 424 1378 450 uti
1399 424 1536 453 exsistetts
1551 426 1573 452 is
1589 426 1634 460 qui
1668 427 1747 453 ordi-

954 474 1015 493 nem
1034 467 1189 500 constituit,
1202 469 1288 496 voluit
1302 474 1331 496 et
1346 471 1441 497 ordine
1471 479 1546 499 suam
1577 473 1747 503 societatem,

955 512 1079 541 videlicet
1095 515 1321 548 ecclesiasticam,
1351 518 1498 544 contineri.
1515 517 1547 544 Et
1570 523 1598 545 ut
1629 519 1686 553 ipse
1720 519 1747 545 itt

953 559 1034 586 terris
1054 564 1218 594 eratcaput,
1237 561 1368 589 Dominus
1399 567 1423 589 et
1452 564 1581 598 magister
1600 565 1748 599 discipulo-

952 614 1024 637 rum,
1038 610 1066 633 ct
1084 605 1166 634 Pater
1180 612 1206 635 et
1215 608 1321 641 Pastor,
1334 610 1373 636 sic
1385 618 1446 637 cum
1460 610 1624 638 decrevisset
1647 612 1679 638 ad
1701 620 1748 646 p.1-

954 655 1063 679 ternum
1093 654 1222 680 thronum
1254 655 1414 689 ascendere,
1445 656 1554 683 Petrum
1587 657 1746 691 praefectum

951 697 1017 732 ipsis
1031 699 1178 727 constituit
1204 700 1311 727 Patrem
1329 705 1355 728 et
1387 702 1567 737 magistrum;
1585 708 1612 730 et
1642 708 1670 730 ut
1692 711 1748 730 uno

950 744 1035 772 verbo
1063 744 1169 777 dicam,
1201 754 1280 773 sttum
1320 747 1451 774 vicarium
1486 755 1518 775 ac
1546 756 1745 776 successorem.

950 789 1077 818 Ostendit
1093 795 1184 818 autem
1200 796 1226 818 et
1243 791 1307 819 alibi
1342 798 1405 820 ante
1429 801 1507 821 suam
1536 795 1702 829 passionem,
1717 802 1748 822 se

951 836 1136 871 principatum
1167 842 1195 865 et
1229 839 1375 872 primatum
1406 839 1488 866 Petro
1517 839 1674 873 tradidisse,
1700 841 1747 868 ubi

951 882 1040 910 dicit:
1060 892 1069 908 ι
1089 882 1178 914 l’etrc.
1207 884 1307 918 saepius
1333 885 1466 919 expetivit
1497 884 1614 913 Satanas
1643 893 1689 913 vos
1716 890 1746 914 ut

951 928 1085 956 cribrarct
1103 918 1386 966 sicut‘triticum.Ego
1400 935 1491 958 autem
1521 932 1614 966 rogavi
1644 940 1695 968 pro
1718 938 1747 960 te

951 979 980 1002 ut
992 983 1044 1001 non
1065 974 1175 1002 deﬁciat
1191 976 1257 1004 fides
1269 981 1333 1010 tua;
1348 983 1376 1004 et
1389 981 1416 1004 tu
1430 978 1578 1013 aliquando
1593 985 1745 1007 converstts

950 1020 1082 1047 confirma
1105 1020 1203 1048 fratres
1228 1013 1300 1050 tuos.
1315 1031 1324 1047 ι
1342 1023 1427 1050 Audis
1458 1023 1521 1056 hoc,
1545 1033 1554 1049 ι
1583 1023 1639 1060 Ego
1652 1025 1744 1060 rogavi

949 1072 1000 1100 pro
1016 1069 1051 1098 te,
1073 1074 1082 1091 ι
1097 1066 1211 1098 etillud,
1232 1075 1241 1092 ι
1259 1066 1299 1094 Tu
1313 1067 1460 1102 aliquando
1476 1076 1624 1097 conversus
1648 1070 1746 1097 confir-

950 1119 993 1137 ttta
1023 1111 1122 1139 fratres
1156 1116 1217 1139 tuos
1234 1112 1269 1139 °?
1286 1122 1295 1138 ι
1315 1113 1385 1145 Quid
1417 1114 1465 1141 tibi
1496 1114 1604 1142 videtur
1628 1116 1742 1149 scilicet.

949 1158 1114 1185 confirmare
1133 1158 1242 1192 fratres,
1259 1159 1310 1187 nisi
1333 1167 1395 1187 cum
1422 1167 1482 1188 esse
1503 1161 1613 1188 illorum
1638 1162 1743 1197 princi-

948 1208 1062 1237 petn,et
1086 1212 1134 1232 eos
1159 1205 1344 1233 confirmare?
1375 1206 1406 1233 Et
1437 1207 1500 1235 alibi
1530 1208 1600 1235 idem
1626 1208 1742 1236 ostendit

947 1249 1051 1283 dicens,
1068 1259 1077 1276 t
1096 1250 1203 1284 Simon,
1219 1252 1286 1279 vade
1299 1252 1331 1279 ad
1357 1260 1442 1285 mare,
1456 1257 1483 1281 et
1513 1254 1590 1281 mitte
1617 1255 1740 1286 hamum,

947 1299 974 1322 ct
987 1303 1048 1322 eum
1066 1296 1169 1331 piscem
1184 1298 1229 1332 qui
1243 1298 1349 1332 printtts
1367 1299 1521 1326 ascenderit
1534 1299 1609 1332 tolle,
1626 1304 1653 1327 et
1675 1307 1741 1334 ape-

948 1341 1022 1368 riens
1037 1349 1068 1370 os
1084 1342 1153 1376 ejus,
1166 1343 1288 1371 invenies
1310 1349 1453 1377 stateram,
1477 1345 1553 1372 illutn
1574 1353 1686 1373 sumens
1704 1346 1739 1373 da

947 1394 997 1421 pro
1026 1395 1068 1415 tne
1100 1393 1127 1415 et
1161 1394 1187 1416 te
1204 1389 1225 1416 ⁷.
1246 1398 1255 1414 ›
1273 1389 1312 1417 Ex
1345 1398 1377 1417 eo
1403 1396 1588 1426 cognoverunt
1611 1392 1739 1426 discipuli

947 1431 1058 1460 Petrum
1075 1433 1142 1469 ipsis
1156 1435 1308 1470 principem
1332 1437 1499 1470 pratfecisse.
1525 1438 1588 1466 Haec
1609 1437 1739 1466 Christus

947 1480 1004 1514 ipse
1018 1485 1163 1516 antequam
1182 1486 1323 1516 pateretur
1337 1484 1500 1518 enuntiavit,
1520 1489 1550 1512 ut
1564 1485 1666 1513 dictum
1684 1490 1737 1514 est.

948 1524 1014 1554 Post
1026 1527 1255 1555 resurrectionem
1271 1532 1361 1556 autent
1378 1530 1420 1564 (ut
1437 1529 1537 1558 Joanni
1555 1531 1666 1559 tonitrui
1682 1532 1738 1559 tilio

948 1572 1066 1605 videtur,
1081 1573 1127 1607 qtti
1153 1573 1264 1608 scripsit
1290 1574 1481 1612 Evangelium)
1499 1576 1597 1605 Petrus
1627 1578 1738 1606 intuens

946 1618 974 1645 in
986 1618 1217 1653 jucundissimum
1236 1620 1342 1649 Domini
1356 1623 1475 1656 vultum,
1491 1623 1600 1658 inquit:
1617 1633 1628 1650 ‹
1644 1625 1738 1652 Domi-

945 1671 990 1697 ne,
1010 1664 1073 1699 quid
1089 1664 1176 1699 placet
1197 1666 1245 1694 tibi
1262 1670 1290 1693 ut
1308 1674 1357 1702 ego
1368 1668 1465 1696 faciam
1482 1670 1505 1696 ?t
1522 1669 1602 1698 Iesus
1622 1671 1739 1700 interro-

945 1708 1020 1742 gavit
1038 1708 1111 1736 hunc
1124 1714 1175 1741 ter.
1190 1719 1200 1736 ι
1217 1714 1307 1744 Petre,
1324 1719 1400 1740 amas
1412 1714 1478 1741 me?
1494 1723 1505 1741 ι
1524 1719 1552 1742 ct
1572 1716 1598 1742 in
1613 1724 1737 1751 unaqua-

944 1761 997 1788 que
1014 1754 1226 1791 interrogatione
1240 1761 1379 1793 pastorem
1393 1758 1447 1787 illis
1462 1760 1616 1795 designavit
1629 1762 1737 1795 dicens,

947 1809 957 1825 ι
980 1799 1064 1828 Pasce
1073 1807 1140 1828 oves
1150 1809 1234 1835 meas,
1250 1810 1333 1838 pasce
1349 1811 1434 1840 agnos
1457 1812 1553 1839 meos;
1571 1816 1582 1833 ι
1595 1808 1641 1842 qui
1660 1814 1736 1836 terna

943 1847 1159 1882 interrogatione
1169 1850 1351 1878 contristatus
1366 1851 1403 1878 ait
1414 1851 1531 1879 ubertim
1555 1852 1635 1887 tiens,
1656 1863 1666 1879 ι
1681 1853 1736 1881 Dea

944 1891 1028 1926 mine,
1042 1897 1069 1920 tu
1085 1894 1139 1922 scis
1155 1895 1257 1928 omnia,
1276 1900 1304 1923 tu
1319 1897 1373 1925 scis
1394 1898 1459 1933 quia
1475 1905 1537 1927 amo
1549 1903 1574 1927 te
1583 1900 1605 1931 ⁸,
1628 1909 1638 1926 ι
1655 1900 1735 1936 cujus

944 1938 1078 1967 Dominus
1093 1941 1194 1975 triplici
1221 1941 1436 1979 interrogatione
1457 1945 1543 1973 voluit
1574 1946 1672 1982 triplici
1688 1948 1736 1976 abs
1779 1970 1782 1972 η

943 1985 1083 2019 ιιεκλιίοιιί
1108 1986 1222 2016 mederi.
1251 1988 1347 2017 Postea
1370 1993 1451 2018 terra:
1475 1993 1618 2020 constituit
1644 1995 1732 2029 ipsum

942 2035 1080 2066 pastorem
1100 2036 1127 2060 et
1142 2033 1316 2068 magistrum,
1334 2035 1416 2071 idque
1431 2038 1525 2066 multis
1557 2040 1733 2068 ostendemus

942 2079 1096 2108 rationibus
1123 2084 1150 2107 et
1179 2081 1315 2115 testibus;
1343 2084 1480 2118 praecipue
1515 2093 1581 2114 Vero
1612 2086 1733 2115 Joannes

941 2124 1068 2153 Damasci
1082 2126 1178 2154 oculus
1193 2127 1218 2154 in
1238 2127 1297 2155 Vita
1313 2128 1436 2157 Bariaam
1451 2135 1480 2158 et
1505 2130 1636 2166 Josaphat
1653 2134 1732 2161 Indo-

941 2177 1003 2198 rum
1019 2175 1135 2199 testatur
1146 2172 1184 2199 ita
1198 2172 1293 2201 dicens
1309 2182 1316 2201 :
1335 2184 1344 2200 I
1368 2175 1481 2210 Aufugit
1496 2177 1582 2205 hostis
1607 2178 1733 2207 diabolus

100 2213 156 2241 λον.
172 2214 226 2240 Καὶ
241 2214 321 2240 τοῦτο
342 2215 451 2248 πολλοῖς
467 2216 516 2251 μὲν
538 2217 719 2252 ἀποδείξομεν
735 2219 825 2254 λόγοις
842 2223 890 2248 καὶ

946 2218 976 2245 ob
992 2217 1064 2245 Petri
1097 2219 1286 2253 pmttitentiam
1312 2222 1416 2256 pudore
1442 2223 1571 2252 suffusus.
1597 2235 1606 2251 ι
1625 2227 1659 2252 At
1687 2226 1732 2253 ille

103 2261 249 2296 μάρτυσιν.
267 2260 323 2295 Οὐχ
346 2258 428 2295 ἦττον
446 2262 474 2288 δὲ
498 2263 546 2288 καὶ
562 2263 690 2299 Ἰωάννης
707 2266 721 2290 ὁ
739 2266 827 2299 μέγας
841 2268 891 2301 τῆς

101 2306 248 2341 Δαμασκοῦ
262 2306 414 2341 ὀφθαλμὸς,
429 2308 457 2334 ὲν
471 2308 509 2346 τῷ
523 2309 573 2343 βίῳ
588 2309 722 2346 Rapiat/hy.
737 2312 782 2338 καὶ
797 2312 890 2341 Ἰωσα-

102 2353 155 2385 φὰτ
171 2353 224 2378 τῶν
242 2352 343 2384 Ἰνδῶν,
364 2344 502 2392 μαρτυρεῖ
519 2354 605 2388 λέγων
626 2356 674 2382 ὡδί
688 2344 719 2382 ’Ἲι
742 2357 863 2392 Ἐφυγεν
878 2361 891 2385 ὁ

102 2398 232 2432 πολέμιος
246 2398 382 2431 διάϐολος,
400 2399 558 2434 αἱσχυνῧεὶς
572 2402 605 2437 τῇ
625 2404 755 2438 μετανοίᾳ
773 2404 889 2439 Πέτρου.

107 2443 136 2469 ’0
151 2443 190 2475 δὲ,
213 2446 364 2479 κορυφαῖος
391 2444 469 2476 αὖθις
487 2443 531 2480 ἦν,
546 2445 640 2481 ὥσπερ
664 2447 825 2480 διδάσκαλος
839 2450 887 2484 τῆς

99 2491 264 2525 οἰκουμένης
276 2491 492 2527 χειροτονηθείς.
507 2501 516 2517 t
530 2493 615 2520 Τοῦτο
627 2494 674 2520 καὶ
684 2496 698 2521 ὁ
716 2497 798 2530 σοφὸς
811 2496 887 2523 Λέων

99 2538 112 2563 ὁ
130 2536 266 2572 βασιλεὺς,
284 2538 313 2564 ὲν
336 2539 393 2569 τοῖς
417 2538 681 2575 ὲξαποοτειλαρίςις,
704 2542 745 2576 Πῆ
767 2542 827 2576 μὲν,
845 2542 888 2569 λέ-

99 2590 154 2616 γει,
174 2580 296 2615 μετάτὴν
313 2581 388 2609 θείαν
399 2583 521 2618 ἔγερσιν,
537 2585 598 2619 τρὶς
611 2585 653 2617 τὸ,
669 2587 786 2620 ιΙΙὲτρε,
801 2587 887 2620 φιλεῖς

96 2636 141 2665 ,με
157 2635 182 2661 gi
203 2627 356 2661 πυθόμενος
371 2629 384 2654 ὁ
397 2629 499 2664 Κύριος
513 2631 568 2657 τῶν
582 2630 654 2657 ἰδίων
669 2631 812 2666 προΰάτων
826 2641 891 2668 προ-

103 2673 230 2700 ϐάλλεται
257 2674 447 2708 ποιμενάρχην
460 2684 466 2690 -
482 2677 518 2710 πῆ
541 2676 580 2709 δὲ,
598 2676 704 2712 Σίμωνι
724 2677 824 2704 δέδωκε
841 2678 890 2714 τὴν

101 2719 155 2746 τῶν
169 2719 313 2753 πιροόάτων
330 2719 436 2754 νομήν·
462 2722 502 2751 εἰς
524 2721 634 2757 ἀγάπης
657 2722 820 2756 ἀντὲκτισιν,
841 2724 890 2758 τὴν

99 2766 146 2793 τοῦ
163 2765 320 2800 ποιμαίνειν
335 2766 462 2800 φροντίδα
483 2767 577 2794 αἰτῶν.
601 2768 648 2795 Διὸ
664 2769 710 2796 καὶ
727 2769 819 2803 ἔλεγεν
832 2778 839 2785 θ
857 2770 889 2796 Et

137 2858 146 2873 ⁶
160 2856 227 2885 Luc.
261 2865 325 2886 xm.
350 2858 396 2885 51.
436 2857 445 2872 ⁷
459 2857 553 2886 Matth.
569 2866 634 2892 χιιι,
650 2859 696 2888 26.

746 2859 757 2875 ⁸
771 2859 851 2887 Joan.
878 2867 935 2893 tm,
954 2860 1049 2888 15-17.

941 2272 1038 2292 rursus
1051 2265 1177 2299 princeps
1191 2266 1296 2294 electus
1307 2272 1375 2302 erat,
1392 2269 1475 2296 veluti
1489 2274 1568 2297 terra:
1588 2272 1729 2306 magister.

940 2309 968 2338 Id
984 2315 1010 2338 et
1024 2311 1134 2345 sapiens
1150 2311 1204 2339 Leo
1216 2314 1366 2348 imperator
1377 2315 1403 2341 in
1432 2317 1629 2350 esapostilariis
1640 2317 1705 2344 dicit
1722 2327 1729 2344 :

939 2356 1040 2383 Partim
1054 2357 1162 2391 quidem
1183 2363 1243 2391 post
1272 2359 1391 2386 divinam
1418 2362 1657 2394 resurrectionem,
1678 2366 1729 2394 ter,

943 2412 951 2428 ι
967 2403 1056 2434 Petre,
1071 2411 1146 2431 amas
1158 2404 1220 2431 me?
1235 2415 1244 2430 ι
1264 2405 1435 2441 interrogans
1451 2406 1589 2439 Dominus.
1617 2416 1728 2436 suarum

944 2450 1035 2478 ovium
1047 2451 1196 2483 constituit
1216 2455 1353 2484 pastorem
1372 2460 1378 2485 ;
1411 2453 1508 2487 partim
1540 2461 1605 2481 vero
1625 2454 1728 2481 Fitnoni

942 2503 1006 2523 oves
1016 2496 1128 2522 tradidit
1142 2496 1175 2522 ad
1192 2496 1368 2530 pascendum,
1383 2504 1412 2524 ut
1430 2497 1590 2526 cltaritaletn
1605 2503 1727 2527 mutuam

941 2542 1110 2576 rependerat,
1127 2543 1269 2576 requirens
1295 2543 1328 2570 ab
1350 2551 1383 2570 eo
1414 2551 1506 2571 curam
1533 2546 1683 2580 pascendi;
1703 2551 1730 2573 et

941 2587 1001 2614 ideo
1035 2587 1115 2619 dixit,
1136 2596 1145 2613 ι
1168 2587 1257 2619 Putre,
1293 2588 1315 2614 si
1344 2596 1419 2616 antas
1450 2597 1503 2622 tne,
1536 2598 1617 2624 pasce
1644 2598 1729 2626 agnos

940 2640 1016 2660 meos
1029 2633 1051 2659 °.
1068 2642 1077 2658 ι
1096 2633 1194 2660 Petrus
1222 2641 1298 2666 vero,
1326 2634 1489 2670 intelligens,
1506 2636 1578 2670 quod
1601 2645 1727 2672 magnum

939 2683 980 2705 est
997 2679 1129 2713 primatus
1144 2682 1170 2705 et
1196 2679 1289 2706 multa:
1317 2680 1426 2708 virtutis
1455 2689 1549 2716 egens,
1578 2683 1728 2717 vidensque

939 2720 1084 2757 Joannem,
1096 2732 1177 2760 quem
1195 2725 1274 2753 valde
1294 2726 1422 2755 Christus
1449 2728 1587 2763 diligebat,
1616 2729 1663 2764 qui
1686 2735 1729 2755 se-

939 2771 1084 2805 quebatur,
1111 2771 1148 2798 ait
1166 2779 1175 2799 :
1207 2780 1215 2797 I
1232 2768 1280 2799 llic
1312 2778 1402 2801 autem
1418 2774 1508 2808 quid?
1526 2783 1536 2800 ι
1554 2774 1633 2809 quasi
1663 2781 1728 2802 vero

1103 2861 1114 2877 '
1131 2862 1198 2890 Ibid.

1796 774 1810 786 ι
