1951 3075
136 108 202 142 1317

471 111 545 141 PRO
564 111 671 142 CONC.
687 111 876 143 FLORENT.
898 112 979 142 CAP.
997 112 1029 142 ν.
1051 111 1099 142 DE
1118 109 1440 143 ΡΒΙΜΑΤΠῬΛΡΙΕ.

1695 113 1761 144 1318

133 168 222 208 ἡμῷν,
240 167 286 194 καὶ
302 167 391 203 πάπης
407 169 454 204 τῆς
472 169 626 204 συγκλήτου
641 171 688 197 καὶ
703 169 757 196 τῶν
768 170 918 205 ἀρχόντων,

973 171 1091 206 satrapis
1106 171 1221 204 nostris,
1234 175 1262 198 et
1293 171 1424 198 universo
1453 174 1561 202 senatu,
1589 171 1766 205 optimatibus

132 214 179 240 καί
196 213 266 248 μετὰ
284 214 384 246 navali;
399 214 446 241 τοῦ
459 214 524 254 λαοῦ
542 216 589 242 τοῦ
604 216 657 243 ὑπὸ
669 216 718 251 τὴν
732 216 858 249 ἐξουσίαν
873 217 922 252 τῆς

137 258 294 294 Ῥωματπιῆς
310 259 399 295 δόξης,
423 255 476 287 ἵνα
486 261 523 293 ὡς
537 262 549 288 ό
563 260 641 296 ἅγιος
657 262 759 296 Πέτρος
793 263 824 289 ἐκ
838 270 922 296 προσ-

130 305 205 332 ώπου
240 305 286 332 τοῦ
302 306 366 333 1⁸ίοῦ
382 306 429 334 τοῦ
447 307 515 334 Θεοῦ
541 309 624 335 ἐστιν.
640 309 680 341 εἰς
692 308 742 343 τὴν
762 309 825 343 γῆν,
851 308 924 336 οὕτω

130 353 178 379 καὶ
198 353 222 379 oi
243 353 387 380 ἐπίσκοποι
411 355 435 381 οε
468 354 588 390 διάδοχοι
613 355 660 382 τοῦ
689 356 840 390 κορυφαίου
866 355 922 382 τῶν

132 399 289 426 ἀποστόλων
323 401 440 436 ἀρχικήν
458 401 584 434 ἐξουσίαν
601 402 640 433 είς
658 401 708 437 τὴν
721 402 773 436 γῆν
790 402 920 436 ὲπέχωσι,

132 446 213 473 πλέον
233 447 299 482 παρ’
312 447 326 474 ὃ
345 448 432 484 ἐχειὴ
452 448 575 483 βασιλεία
592 449 641 484 τῆς
662 448 740 484 δόξης
753 449 846 484 ἡμῶν.
865 449 920 476 Καὶ

131 494 211 520 τοῦτο
227 495 413 530 παρεχωρήθη
434 495 480 529 ἀφ’
493 496 573 531 ἡμῶν
587 495 636 523 καὶ
649 496 702 522 ἀπὸ
721 496 769 530 τῆς
781 496 922 530 βασιλείας

132 539 212 574 ἡμῶν
224 548 230 555 ·
247 541 295 567 καὶ
309 541 423 577 θέλομεν
440 543 521 578 ἡμεῖς
534 543 618 570 αὐτὸν
638 544 684 570 τὸν
700 544 850 579 κορυφαῖον
866 542 921 569 τῶν

132 587 290 614 ἀποστόλων
308 587 355 614 καὶ
370 588 434 620 τοὺς
451 588 591 623 διαδόχους
611 589 704 622 αὐτοῦ,
723 590 755 615 ὲκ
773 590 920 624 προσώπου

131 631 224 666 αὑτοῦ,
251 631 377 668 πρώτους
402 633 470 666 πρὸς
486 633 532 660 τὴν
557 633 624 660 Θεὸν
639 633 764 668 Πατέρας
787 631 921 660 εἶναικαὶ

131 677 304 711 δεφένεορας.
335 678 391 704 Καὶ
405 677 499 713 ὥσπερ
519 679 535 713 ἡ
561 678 689 714 βασιλικὴ
718 677 825 711 ἐξουσία
842 677 922 713 ἡμῶν

131 726 170 755 εἰς
184 724 234 759 τὴν
249 724 302 759 γῆν
318 725 427 751 σέϐεται
448 725 495 752 καὶ
511 727 638 761 τιμᾶται,
665 725 736 753 οὕτω
753 725 920 760 θεσπίζομεν

131 770 258 797 σέϐεσθαι
284 770 332 797 καὶ
357 771 489 806 τιμᾶσθαι
513 772 564 808 τήν
587 773 670 806 ἁγίαν
690 772 745 799 τῶν
773 772 919 806 Ῥωμαίων

135 816 319 852 Ἐκκλησίαν⁸
343 818 390 844 καὶ
408 817 490 845 πλέον
514 819 590 854 παρὰ
611 819 660 853 τὴν
682 818 823 853 βασιλείαν
839 817 919 854 ήμῶν

131 864 178 890 καὶ
205 862 251 890 τὸν
274 863 370 899 γήϊνον
397 863 503 900 θρόνον,
529 865 580 900 τὴν
603 865 685 899 ἁγίαν
716 864 853 900 καθέδραν
870 863 918 891 τοῦ

129 910 208 942 ἁγίου
238 910 342 945 Πέτρου
368 909 530 943 δοξάζεσθαι
555 911 604 938 καὶ
625 910 780 946 ὑψοῦσθαι·
801 910 920 942 διδόντες

129 956 198 991 αὐτῇ
215 956 330 991 δύναμιν
353 958 400 985 καὶ
414 957 493 992 δόξης
514 957 624 993 ἀξίωμα
637 966 645 973 ο
671 958 718 984 καὶ
734 957 919 992 διακρίνοντες

130 1002 296 1038 θεσπίζομεν
321 1003 364 1030 ἵνα
389 1003 439 1040 ἔχῃ
468 1003 594 1035 ἐξουσίαν
616 1002 755 1038 ἀρχικήν
782 1003 829 1030 καὶ
848 1000 920 1030 εἶναι

129 1049 228 1084 ταύτην
257 1050 380 1086 κεφαλὴν
404 1050 459 1077 τῶν
483 1049 626 1086 τεσσάρων
652 1049 765 1085 θρόνων,
784 1049 845 1084 ήτοι
869 1048 918 1075 τοῦ

129 1096 225 1130 θρόνου
252 1097 305 1132 τῆς
331 1096 549 1132 Ἀλεξανδρείας,
581 1096 631 1131 τῆς
656 1095 835 1131 ’Δντιοχείας,
864 1094 919 1121 τῶν

135 1143 344 1179 Ἰεροσολύμων,
358 1144 409 1171 καὶ
421 1144 470 1179 τῆς
488 1143 594 1175 πόλεως
608 1142 663 1170 τῶν
683 1142 856 1174 Βυζαντίων·
871 1141 920 1169 καὶ

128 1191 222 1223 ἁπλῶς
243 1188 282 1222 είς
298 1190 361 1222 ὅλας
373 1191 423 1221 τὰς
446 1190 613 1225 Ἐκκλησίας
631 1190 721 1226 πάσης
731 1190 780 1225 τῆς
793 1189 920 1224 οἰκουμέ-

128 1247 187 1270 νης.
204 1238 257 1265 Καὶ
270 1238 284 1264 ὁ
301 1238 452 1269 ἐπίσκοπος
471 1239 485 1264 ό
499 1237 605 1271 μέλλων
625 1234 696 1264 εἶναι
712 1237 752 1268 είς
773 1236 822 1272 τὴν
838 1236 919 1270 ἁγίαν

128 1284 182 1310 τῶν
201 1283 347 1319 Ῥωμαίων
358 1283 536 1319 Ἐκκλησίαν,
550 1283 651 1318 ὀφείλει
668 1281 738 1310 εἶναι
754 1282 859 1315 ἔνδοξος
872 1281 919 1308 καὶ

128 1329 294 1365 omme
305 1331 381 1365 παρὰ
390 1330 494 1361 πάντας
502 1330 565 1362 τοὺς
575 1330 659 1365 ἱερεῖς
668 1330 716 1356 τοῦ
726 1329 841 1364 κόσμου.
864 1328 919 1355 Καὶ

128 1375 155 1401 εί
163 1377 189 1402 τί
203 1376 260 1402 ἐστι
269 1375 337 1412 πρὸς
346 1376 496 1411 θεραπείαν
505 1376 552 1403 τοῦ
562 1375 629 1402 Θεοῦ
639 1377 686 1401 καὶ
705 1375 852 1410 διόρθωσιν
870 1373 919 1400 καὶ

129 1422 277 1457 στερέωσιν
305 1422 355 1456 τῆς
386 1422 503 1454 πίστεως
529 1422 584 1449 τῶν
601 1421 784 1458 Χριστιανῶν,
798 1421 842 1448 ῐνα
858 1421 920 1456 κρί-

128 1476 210 1503 νηται
222 1469 288 1502 παρ’
305 1468 400 1495 αὑτοῦ.
409 1469 517 1495 Δίκαιον
523 1468 577 1504 γάρ
585 1469 660 1495 ἐστιν
670 1468 715 1495 ἵνα
722 1469 811 1495 ἐκεῖσε
821 1467 919 1502 όᾶγιος

975 222 1002 244 et
1014 221 1113 246 cuncto
1126 216 1228 252 populo
1242 217 1356 251 imperio
1372 215 1502 243 Romanae
1516 216 1609 250 gloriae
1622 216 1766 251 subiacen-

974 265 1005 296 ti,
1024 269 1054 292 ut
1070 265 1141 293 sicut
1152 270 1264 293 sanctus
1278 264 1375 292 Petrus
1389 264 1507 292 vicarius
1518 271 1548 291 cx
1564 271 1680 298 persona
1703 262 1764 290 Filii

974 311 1021 338 Dei
1036 315 1080 339 est
1095 311 1262 339 constitutus
1276 310 1303 338 in
1315 310 1409 342 terris,
1428 311 1464 336 Ita
1482 314 1508 337 et
1522 310 1643 344 episcopi
1657 317 1766 337 succes-

974 364 1053 384 sores
1067 356 1201 391 principis
1216 355 1401 391 apostolorum
1421 355 1581 390 ampliOrcm
1597 356 1765 390 principatus

974 406 1147 438 potestatem,
1172 410 1253 437 quant
1285 409 1399 437 regnum
1423 401 1516 437 gloriae
1545 406 1646 430 nosti-te
1672 402 1763 433 habet,

973 450 1125 477 obtineant.
1139 450 1195 477 Hoc
1210 453 1238 477 et
1264 458 1278 477 a
1300 450 1391 482 nobis,-
1406 453 1432 476 et
1448 457 1462 476 a
1487 454 1581 476 nostro
1604 456 1764 476 concessum

973 501 1015 524 est
1026 496 1151 531 imperio.
1168 496 1199 523 Et
1214 496 1342 524 volumus
1359 496 1449 530 ipsum
1469 496 1622 530 principem
1652 500 1765 529 aposto~

973 543 1061 571 lorum
1072 548 1099 571 et
1114 551 1290 571 successores
1323 543 1422 578 ipsius,
1437 550 1470 570 ex
1484 543 1542 577 ejus
1566 550 1693 577 persona,
1710 542 1765 576 pri-

973 597 1033 618 mOs
1044 590 1114 625 apud
1131 589 1214 617 Deum
1233 597 1295 617 esse
1312 589 1404 617 Patres
1420 594 1446 617 et
1460 589 1629 617 defensores.
1650 589 1682 615 Et
1693 588 1766 615 sicut

973 641 1067 665 nostra
1082 636 1232 672 imperialis
1246 641 1367 670 potestas
1382 636 1409 663 in
1424 635 1505 662 terris
1520 635 1621 662 colitur
1634 640 1660 662 et
1676 634 1764 661 hono-

973 687 1058 714 ratur,
1071 682 1107 709 ita
1124 682 1184 717 ejus
1204 690 1327 710 sanctam
1349 683 1501 710 Romanam
1519 681 1668 709 Ecclesium
1685 686 1765 709 vene-

972 733 1067 756 ranter
1093 729 1223 757 honorari
1254 728 1447 763 decernimus;
1476 733 1504 757 et
1535 728 1652 763 amplius
1681 735 1763 763 quant

973 778 1097 802 nostrum
1113 774 1258 810 imperium
1287 779 1484 810 terrenumque
1508 774 1648 807 thronum,
1671 775 1763 801 sedem

973 820 1189 848 sacratissimam
1212 820 1284 848 beati
1306 820 1378 848 Petri
1392 821 1511 856 gloriose
1541 819 1665 847 exaltari.
1696 819 1765 846 San-

970 866 1058 894 cimus
1069 867 1151 894 etiam
1167 870 1196 893 ut
1207 866 1390 901 principatum
1405 870 1497 893 teneat
1525 871 1579 893 tam
1601 872 1686 901 super
1698 873 1764 900 qua-

971 916 1032 940 tuor
1044 912 1135 945 sedes,
1151 913 1374 947 Alexandrinam,
1386 912 1597 945 Antiochenam,
1609 912 1766 948 Hierosoly-

971 958 1113 992 mitanam,
1127 958 1473 995 Constantinopolitanam,
1486 967 1567 994 quam
1583 958 1666 986 etiam
1682 966 1765 993 super
1787 977 1792 982 .

970 1012 1068 1033 omnes
1086 1006 1216 1034 universo
1230 1006 1298 1034 orbe
1327 1008 1464 1033 terrarum
1485 1004 1622 1033 Ecclesias
1649 1004 1696 1032 Dei
1713 1013 1720 1038 ;
1739 1009 1765 1032 et

970 1052 1094 1088 pontifex
1108 1052 1155 1088 qui
1170 1059 1220 1087 per
1236 1057 1359 1087 tempora
1390 1051 1477 1087 ipsius
1502 1055 1603 1079 sanctae
1634 1051 1766 1078 Rotnanm

971 1097 1102 1126 Ecclesiae
1133 1099 1279 1132 exstiterit,
1314 1098 1415 1126 celsior
1439 1104 1466 1127 et
1499 1099 1627 1134 princeps
1657 1097 1765 1124 cunctis

970 1145 1159 1172 sacerdotibus
1178 1145 1263 1173 totius
1281 1145 1375 1172 mundi
1394 1146 1520 1178 exsistat,
1535 1144 1634 1180 eteius
1660 1144 1765 1179 Iudicio

970 1198 1031 1226 quae
1045 1191 1079 1218 ad
1095 1191 1197 1219 cultum
1216 1191 1279 1224 Dei,
1297 1192 1339 1219 vel
1355 1192 1435 1219 tidem
1463 1191 1695 1222 Christianorum,
1721 1190 1763 1217 vel

970 1237 1148 1265 stabilitatem
1164 1238 1338 1272 procuranda
1367 1238 1481 1271 fuerint,
1508 1237 1700 1272 disponantur.
1715 1236 1764 1263 1E-

970 1289 1055 1319 quum
1071 1287 1114 1312 est
1129 1284 1213 1317 enim,
1231 1287 1260 1311 ιιι
1276 1283 1312 1311 ibi
1328 1284 1422 1312 divina
1438 1285 1481 1311 lex
1508 1283 1632 1311 obtineat
1658 1284 1763 1318 apicem

970 1333 997 1357 et
1013 1330 1172 1364 primatum,
1188 1330 1233 1357 ubi
1248 1335 1360 1358 sanctus
1384 1329 1527 1365 legislator
1542 1329 1669 1357 Christus
1682 1329 1763 1357 Jesus

971 1375 1095 1404 Salvator
1110 1379 1203 1403 noster
1217 1377 1301 1404 misso
1313 1376 1394 1404 beato
1409 1376 1581 1411 Pctrojdssit
1603 1375 1762 1403 cathedram

970 1425 1072 1455 tenere,
1085 1425 1111 1448 et
1127 1421 1173 1449 ubi
1189 1421 1279 1449 crucis
1293 1422 1444 1456 patibulum
1458 1429 1553 1456 passus
1569 1425 1621 1453 est,
1633 1425 1660 1448 et
1676 1421 1763 1448 beatae

970 1469 1069 1496 mortis
1100 1468 1215 1496 calicem
1248 1467 1339 1501 bibit;
1376 1468 1500 1503 vestigiis
1535 1467 1696 1495 inberendo
1721 1468 1762 1495 sui

128 1515 210 1550 νόμος
244 1515 295 1551 ἔχῃ
317 1515 366 1550 τὴν
387 1515 510 1550 κεφαλὴν
527 1515 574 1542 καὶ
582 1515 679 1550 ἀρχὴν,
688 1515 754 1542 ὅπου
766 1515 780 1542 ό
789 1515 866 1549 ἆγιος
875 1523 918 1541 νο-

970 1515 1112 1550 nostrique
1137 1515 1272 1550 magistri,
1290 1519 1316 1542 et
1339 1514 1375 1542 ibi
1397 1518 1492 1550 gentes
1517 1514 1606 1549 capita
1630 1514 1763 1542 inclinare

129 1561 246 1596 μοθέτης
257 1561 373 1596 Χριστὸς
382 1561 488 1596 Ἰησοῦς
496 1561 509 1587 6
521 1562 712 1598 Σωτὴρὴμῶν,
726 1562 772 1589 τὸν
782 1562 918 1597 μακάριον

127 1607 280 1634 ἀπόστολον
293 1607 407 1642 Πέτρον,
425 1607 552 1634 ἐκέλευσε
569 1609 681 1643 κρατεῖν
696 1607 745 1642 τὴν
761 1607 895 1643 καθέδραν
909 1615 915 1622 ·

129 1654 176 1681 καὶ
191 1655 258 1681 ὅπου
280 1653 310 1680 τὸ
324 1653 409 1685 πάθος
429 1653 477 1680 τοῦ
502 1654 622 1689 σταυροῦ
644 1653 739 1686 ἔπαθε,
766 1655 813 1680 καὶ
828 1662 918 1688 μακα-

129 1700 189 1736 ρίου
206 1700 324 1728 θανάτου
339 1700 470 1735 ποτήριον
487 1700 558 1733 ἔπιε,
579 1700 626 1727 καὶ
646 1700 755 1734 ἐγένετο
771 1700 918 1731 ἀκόλουθος

128 1747 176 1774 τοῦ
193 1746 348 1782 ματστωρος
365 1747 412 1773 καὶ
435 1745 531 1782 κυρίου
549 1747 642 1773 αὐτοῦ.
661 1746 716 1773 Καὶ
730 1746 790 1772 εκεῖ
804 1745 837 1772 τὰ
855 1745 918 1780 ἔθνη

129 1794 174 1820 ἴνα
190 1793 303 1820 κλίνωσι
319 1792 370 1824 τὰς
393 1792 516 1827 κεφαλὰς
540 1792 640 1824 αὐτῶν,
658 1791 702 1818 διὰ
717 1791 766 1826 τὴν
789 1790 917 1825 ἐξομολό-

128 1847 209 1873 γησιν
224 1833 271 1866 τοῦ
289 1838 419 1873 ὀνόματος
433 1837 481 1864 τοῦ
493 1837 625 1872 Χριστοῦ,
646 1838 713 1864 ὅπου
726 1839 740 1864 ὁ
756 1837 918 1869 διδάσκαλος

129 1885 219 1911 αὐτῶν
234 1886 248 1911 ὁ
263 1885 398 1920 μακάριος
418 1883 568 1915 ἀπόστολος
585 1883 704 1916 Παῦλος,
729 1883 773 1910 διὰ
788 1883 833 1911 τον
849 1883 916 1918 Χριι

130 1931 192 1957 στὸν
212 1930 334 1961 ἐκτείνας
349 1930 395 1956 τὸν
413 1930 559 1966 τράχηλον,
577 1929 622 1956 τὸν
638 1930 770 1963 στέφανον
783 1928 830 1955 τοῦ
849 1938 919 1964 μαρ-

129 1977 221 2014 τυρίου
235 1977 353 2009 ἐδέξατο.
367 1977 422 2004 Καὶ
514 1964 561 2002 τοῦ
579 1975 671 2007 τέλους
683 1975 728 2002 τοῦ
742 1976 845 2011 κόσμου
873 1977 918 2004 ἵνα

128 2024 283 2058 ἀναζητῶσι
304 2023 349 2050 τὸν
367 2023 537 2055 διδάσκαλον,
556 2023 624 2050 ὅπου
640 2023 672 2051 τὰ
687 2023 742 2050 τῶν
763 2023 849 2058 ἁγίων
867 2026 918 2051 αὐ-

127 2071 182 2097 τῶν
197 2069 310 2105 λείψανα
332 2069 520 2097 ἀναπαύονται
532 2076 541 2085 ·
557 2069 606 2096 καὶ
630 2070 690 2097 ἐκεῖ
710 2069 801 2096 ὕπτιοι
816 2070 864 2098 καὶ
879 2071 918 2101 είς

127 2117 176 2153 τὴν
190 2116 241 2152 γῆν
251 2116 420 2152 ήπλωμένοι,
434 2114 482 2142 τοῦ
498 2115 625 2151 οὐρανίου
640 2115 775 2151 βασιλέως
787 2116 835 2144 καὶ
849 2115 917 2143 Θεοῦ

128 2163 176 2189 καὶ
188 2163 314 2198 Σωτῆρος
327 2161 406 2198 ήμῶν
420 2161 508 2197 Ἰησοῦ
521 2161 641 2197 Χριστοῦ
653 2162 824 2197 δουλεύωμεν
836 2163 917 2198 ὀφφι-

970 1566 1082 1597 propter
1099 1561 1301 1589 confessionem
1320 1561 1440 1588 nominis
1464 1560 1578 1594 Christi,
1598 1560 1644 1588 ubi
1667 1567 1763 1588 eorum

970 1607 1102 1641 magister
1119 1607 1215 1634 beatus
1231 1607 1333 1634 Paulus
1362 1612 1493 1643 protensa
1519 1607 1625 1634 cervice
1652 1611 1763 1642 propter

968 1652 1107 1680 Christum
1125 1660 1256 1680 coronam
1271 1653 1393 1688 martyrii
1409 1653 1530 1687 suscepit
1550 1661 1557 1680 :
1587 1658 1614 1680 et
1633 1657 1660 1680 ut
1675 1660 1763 1687 usque

969 1697 1002 1725 ad
1018 1697 1109 1725 mundi
1126 1698 1389 1725 consummationem
1399 1697 1436 1725 ibi
1452 1703 1574 1733 quaerant
1587 1699 1761 1733 magistrum.

970 1743 1016 1771 ubi
1031 1748 1188 1770 sanctorum
1206 1751 1318 1770 suorum
1341 1743 1464 1778 reliquiae
1494 1744 1714 1779 conquiescunt;
1733 1748 1762 1772 et

969 1789 1006 1817 ibi
1022 1789 1099 1824 proni
1115 1793 1142 1816 et
1158 1789 1183 1816 in
1198 1792 1298 1816 terram
1331 1789 1506 1824 procidentes
1538 1790 1659 1818 caelestis
1689 1792 1762 1826 regis

969 1835 1016 1863 Dei
1027 1839 1054 1862 et
1079 1834 1232 1863 Salvatoris
1262 1835 1348 1863 nostri
1380 1834 1444 1863 Jcsu
1475 1835 1578 1863 Christi
1602 1832 1762 1865 ministeriis

970 1881 1163 1913 inserviamus,
1197 1881 1242 1909 ubi
1272 1881 1435 1910 servivimus
1469 1882 1509 1909 illi
1537 1882 1668 1917 superbo‘
1691 1883 1759 1918 regi.

969 1927 1116 1955 Tradimus
1128 1926 1211 1962 igitur
1226 1926 1293 1962 ipsis
1311 1927 1414 1955 sanctis
1430 1927 1562 1962 apostolis
1578 1927 1666 1956 beatis
1679 1928 1760 1956 Petro

969 1978 995 2000 et
1007 1973 1091 2001 Paulo
1099 1977 1126 2000 et
1135 1977 1196 2008 post
1209 1972 1258 2001 hos
1272 1973 1353 2001 beato
1366 1972 1505 2010 Sylvestro
1513 1977 1541 2001 et
1553 1974 1684 2003 omnibus
1695 1983 1744 2003 suc
1752 1990 1760 1996 -

969 2019 1127 2047 cessoribus
1148 2019 1218 2054 ejus,
1242 2019 1289 2054 qui
1317 2027 1402 2054 usque
1431 2019 1464 2047 ad
1493 2020 1758 2048 consummationem

970 2065 1065 2093 mundi
1084 2067 1226 2093 ascensurl
1239 2069 1302 2093 sunt
1317 2067 1350 2093 ad
1367 2067 1460 2095 sedem
1485 2066 1556 2094 beati
1573 2067 1642 2096 Petri
1661 2068 1694 2096 ah
1707 2068 1760 2096 hoc

968 2111 1022 2145 die,
1036 2111 1166 2146 palatium
1178 2111 1284 2147 imperii
1300 2112 1385 2140 nostri
1400 2112 1595 2146 Lateranent‘te,
1610 2115 1682 2150 quod
1700 2123 1758 2144 om-

969 2158 1049 2185 nibus
1077 2157 1170 2184 mundi
1199 2157 1307 2192 palatiis
1337 2158 1480 2193 praefertur
1502 2163 1529 2187 et
1556 2161 1760 2196 supereminet;

128 2209 209 2241 κίοις,
226 2195 293 2235 ὃπου
308 2195 508 2242 ἐδουλεύσα-μεν
523 2195 563 2243 et;
577 2208 747 2244 ὑπερηφάνῳ
765 2195 916 2244 χητνῳνθα-

970 2203 1066 2232 deinde
1077 2203 1203 2231 diadema
1223 2204 1280 2232 sive
1295 2211 1425 2232 coronam
1447 2206 1545 2241 capitis
1559 2207 1645 2234 nostri
1662 2195 1761 2236 simul-

128 2254 208 2281 σιλεϊ.
229 2253 418 2288 Παραδίδομεν
435 2252 481 2279 οὖν
502 2253 595 2285 αὐτοῖς
612 2254 668 2285 τοῖς
695 2254 785 2288 ἁγίοις
800 2254 917 2281 ἀποστό-

125 2300 193 2333 λοις,
221 2300 277 2330 τοῖς
304 2297 452 2333 μακαρίοις
479 2298 587 2334 κυρίοις
605 2307 656 2334 μου
680 2299 719 2335 τῷ
739 2300 834 2336 Πέτρῳ
868 2301 917 2327 καὶ

128 2346 237 2380 Παύλῳ,
263 2345 310 2371 καὶ
338 2344 510 2379 μετάὺτοὺς
537 2344 577 2380 τῷ
604 2346 733 2381 μακαρίῳ
750 2345 914 2382 Συλὸἐστρῳ

127 2393 173 2418 καὶ
192 2392 279 2426 Πατρὶ
297 2392 385 2427 ήμῶν,
413 2391 452 2424 τῷ
477 2391 590 2426 μεγάλῳ
604 2392 745 2435 ἐπισκόπιρ
762 2392 809 2419 καὶ
835 2393 918 2419 καθο-

128 2438 195 2473 λικῷ
210 2439 288 2473 πάπᾳ
303 2437 353 2473 τῆς
370 2437 474 2468 πόλεως
494 2437 616 2473 Ῥώμης,
634 2438 681 2465 καὶ
704 2440 771 2465 πᾶσι
788 2441 844 2470 τοῖς
858 2440 917 2467 δια-

127 2485 214 2519 δόχοις
237 2485 330 2518 αὑτοῦ,
353 2484 450 2516 οἵτινες
468 2484 521 2516 ἓως
547 2485 594 2511 τοῦ
621 2486 713 2518 τέλους
738 2485 784 2513 τοῦ
812 2486 915 2521 κόσμου

131 2531 257 2567 μέλλουσι
274 2532 464 2567 προκαθῆσθαι
480 2533 520 2563 είς
536 2532 580 2558 τὸν
596 2531 689 2567 θρόνον
708 2532 756 2559 τοῦ
777 2533 915 2568 μακαρίου

130 2578 246 2610 Πέτρου,
264 2577 317 2603 ἀπὸ
342 2578 391 2612 τῆς
412 2579 542 2613 σήμερον,
560 2577 590 2604 τὸ
616 2577 752 2613 ἡμέτερον
777 2578 917 2613 βασιλικὸν

130 2624 260 2650 παλάτιον
275 2622 305 2649 τὸ
322 2624 531 2657 Λατερανὲσιον,
548 2624 578 2650 τὸ
594 2623 758 2660 ὖπερϐαἰνον
771 2625 816 2651 καὶ
832 2624 917 2660 ὑπερ-

130 2669 213 2696 νικῶν
231 2666 264 2694 τὰ
284 2668 331 2694 ὅλα
345 2668 391 2694 τοῦ
405 2669 507 2703 κόσμου
524 2670 654 2697 παλάτια.
669 2670 815 2697 Ἐπέκεινα
829 2671 856 2697 δὲ
869 2671 918 2697 καὶ

128 2715 158 2741 τὸ
175 2714 306 2748 διάδημα,
319 2714 380 2749 ἦτοι
396 2714 442 2740 τδν
456 2716 598 2749 ξστέφανον
615 2715 665 2750 τῆς
686 2716 807 2751 κεφαλῆς
826 2717 917 2751 ήμῶν,

128 2761 188 2796 ἅμα
203 2759 248 2786 καὶ
261 2760 307 2786 τὸν
317 2761 404 2795 λῶρον
426 2760 472 2787 καὶ
488 2761 518 2786 τὸ
534 2761 701 2796 ὠμοιρόριον,
716 2762 783 2797 ὅπερ
799 2770 918 2797 περικυ-

106 2802 109 2813 λ
128 2808 188 2834 κλοῖ
203 2807 247 2833 τὸν
265 2807 404 2842 βασιλικὴν
419 2807 556 2842 τράχηλον
569 2816 576 2824 ·
594 2809 652 2843 ἅμα
669 2809 698 2835 δὲ
724 2809 771 2836 καὶ
785 2809 835 2844 τὴν
851 2818 917 2845 πηρ-

129 2853 218 2888 φυρᾶν
234 2853 368 2889 χλαμύδα,
383 2854 431 2880 καὶ
445 2854 545 2889 χιτῶνα
560 2855 696 2888 κόκκινον,
710 2855 758 2882 καὶ
776 2855 864 2883 πάντυ
883 2855 918 2882 τὰ

968 2257 1022 2285 que
1037 2254 1063 2277 et
1092 2249 1193 2282 locum,
1220 2251 1270 2277 nec
1303 2258 1358 2277 non
1382 2255 1408 2278 et
1441 2251 1664 2286 superhumcrale
1688 2254 1760 2288 quod

969 2297 1108 2331 imperiale
1122 2297 1224 2324 assolet
1242 2297 1411 2324 circmndare
1428 2298 1548 2331 collum;
1568 2307 1660 2326 verum
1678 2300 1759 2326 etiam

968 2342 1139 2378 chlamydem
1152 2350 1328 2377 purpuream,
1347 2348 1428 2378 atque
1442 2345 1561 2372 tunicam
1590 2346 1759 2378 coccineam,

968 2395 994 2418 et
1005 2389 1096 2417 omnia
1108 2388 1256 2423 imperialia
1270 2389 1436 2424 indumenta,
1451 2399 1498 2419 seu
1511 2391 1591 2418 etiam
1601 2392 1758 2427 dign’tatem

968 2436 1137 2472 impcrialent
1170 2435 1373 2469 prmsidentium
1406 2439 1550 2472 equitum;
1584 2439 1760 2466 conferentes

967 2483 991 2510 ei
1009 2482 1090 2510 etiam
1109 2481 1259 2516 imperialia
1275 2487 1394 2516 sceptra,
1407 2484 1542 2518 simulque
1557 2490 1654 2512 cuncta
1669 2485 1758 2520 signa,

968 2532 1106 2564 ctbanda,
1120 2537 1146 2560 et
1166 2533 1269 2567 reliqum
1298 2534 1459 2557 ornamenta
1477 2530 1628 2564 impetialis
1659 2532 1757 2559 culini-

968 2577 1020 2608 nis,
1039 2582 1064 2604 et
1075 2577 1187 2612 gloriam
1205 2576 1347 2612 potestatis
1363 2582 1474 2603 nostrae.
1489 2575 1562 2604 Viris
1579 2576 1659 2604 etiam
1671 2577 1760 2605 diver-

968 2624 990 2651 si
1002 2624 1106 2652 ordinis
1123 2623 1361 2651 reverendissimis
1376 2623 1495 2656 clericis,
1516 2625 1618 2651 sancta:
1632 2623 1760 2651 Romanae

970 2671 1098 2699 Ecclesia
1133 2670 1336 2702 servientibus,
1367 2670 1434 2697 illud
1468 2670 1576 2698 cuhncn
1612 2671 1760 2705 singularis

968 2717 1095 2752 potentiae
1112 2722 1139 2744 et
1157 2717 1348 2752 praecellentia:
1378 2716 1479 2744 habere
1503 2717 1655 2748 sancimus,
1680 2717 1759 2752 cujus

969 2763 1157 2798 amplissimus
1171 2768 1261 2791 noslcr
1278 2767 1388 2791 senatus
1405 2762 1510 2790 videtur
1522 2762 1608 2797 gloria
1620 2762 1761 2794 adornari,

969 2809 995 2836 id
1012 2813 1064 2839 est,
1080 2808 1209 2842 patricios
1221 2813 1247 2835 et
1263 2807 1388 2836 consules
1401 2807 1472 2834 eflici
1487 2815 1495 2837 :
1523 2814 1628 2834 necnon
1656 2813 1683 2834 et
1707 2815 1760 2835 cae—

970 2854 1034 2883 teris
1048 2854 1227 2891 dignitatibus
1261 2853 1449 2892 imperialibus
1479 2860 1526 2881 eos
1555 2854 1760 2891 promulgamus
