1951 3075
193 165 263 199 1355

785 165 954 197 ἹΟΞΕΡΠΙ
976 166 1256 197 METHONENSIS

1753 168 1843 204 1356

180 223 373 260 spotcst'dclcc
387 223 487 251 Christi
504 231 602 251 nomcn
617 223 758 258 proferre?
771 223 799 251 Si
809 231 874 251 vero
886 227 981 258 protu-

1040 223 1181 259 ιίρετικῶν
1196 224 1332 258 στόματα,
1349 225 1569 259 κατεκυρίευσαν
1582 225 1678 260 αὐτῆς,
1696 226 1766 253 ἀλλά
1785 229 1842 253 καὶ

190 268 265 304 lerit,
278 270 304 297 it:
314 273 383 298 duas
396 274 485 305 partes
495 269 678 303 discinditur;
690 278 722 298 eo
738 270 797 297 loco
806 269 852 296 ubi
864 269 887 297 si
898 275 988 296 sacer-

190 315 269 343 dotes
299 315 484 343 sacrificantes
512 315 614 343 inventi
634 315 872 349 fuerint,Christi
895 314 988 342 hostes

163 391 164 394 η
191 359 381 396 ingrediuntur
389 365 471 394 atque
484 361 676 395 subsannantd
692 366 835 395 proterunt
850 360 945 387 altaria
963 364 989 387 et

190 407 336 442 profanant
348 410 375 434 et
385 406 484 434 Sancta
496 406 652 442 projiciuut.
663 412 689 434 et
700 407 792 443 plagas
800 407 988 435 sacerdotibus

154 453 169 476 δ’
191 454 328 488 inﬂigunt,
344 459 369 481 et
380 454 559 489 protrudunt,
577 458 605 481 et
623 453 749 482 derident
765 453 986 482 Christianorum

202 500 384 535 religionem?
397 499 584 535 Nequaquam.
603 499 655 528 Sed
672 500 706 527 ibi
727 505 833 535 oportet
852 506 924 530 esse.
941 499 988 527 ubi

193 546 295 573 Christi
304 545 409 581 signum
421 546 544 582 refulget,
552 550 579 574 et
588 545 718 574 Ecclesia:
726 550 905 576 exornantur,
914 545 987 577 uola,

190 593 340 627 imagines,
357 599 384 620 et
405 592 501 620 altaria
528 593 620 620 omnia
637 601 736 628 magno
751 600 814 621 cum
832 593 909 620 cultu
925 599 990 619 cou-

193 639 358 673 spietuutur,
378 643 406 666 et
418 639 570 666 adorantur
583 643 608 666 et
628 639 816 667 sacerdotibus
827 638 934 666 eminus
948 645 990 665 rc-

192 689 319 711 verenter
339 689 487 720 assurgunt
510 685 601 720 populi
619 693 626 714 :
648 685 686 714 ibi
719 685 766 713 ubi
785 685 873 720 palam
887 684 989 712 Christi

194 730 263 758 ﬁdes
275 729 459 765 praedicatur;
477 731 511 758 ibi
523 730 564 766 (ι)
575 731 620 758 ubi
635 735 713 759 terrae
727 739 803 765 reges
816 736 841 758 et
852 731 990 766 principes

195 776 339 804 venientes
355 776 388 803 ad
406 784 486 804 sacra
503 777 562 805 loca
581 778 751 813 inspicienda
762 781 789 805 et
803 778 988 812 apostolorum

197 822 287 857 capita
322 822 474 857 adoranda,
487 832 540 851 una
555 831 619 851 cum
643 824 696 851 illis
710 827 736 852 et
764 824 880 859 praeside
894 831 989 852 eorum

195 868 353 904 pontiﬁcem
372 868 487 897 adorant
512 875 540 898 et
565 871 624 906 ejus
650 871 766 910 pedibus
785 871 989 904 advolvuntur;

194 915 234 943 ibi
251 914 296 942 ubi
312 913 373 941 festi
390 915 459 948 dies,
488 917 658 951 pgﬂmodiae,
691 923 798 951 preces,
821 916 885 944 sine
914 921 988 943 metu

196 962 381 995 celebrantur,
399 962 445 990 ubi
461 970 540 989 netno
556 961 718 990 reformidat
743 962 796 990 sibi
819 969 987 997 quemquam

197 1009 357 1042 adversari;
376 1009 411 1036 ἱὶή
439 1008 484 1036 ubi
505 1016 630 1036 summus
659 1007 780 1043 pontifex
813 1008 939 1036 doctores
961 1012 989 1036 et

198 1055 391 1089 prazdicatorcs
407 1055 433 1081 in
452 1061 559 1082 omnem
584 1057 686 1081 terram
715 1053 827 1081 dimittit
841 1053 874 1080 ad
892 1053 990 1088 przedi-

194 1100 315 1127 caudum
332 1104 358 1126 et
372 1100 587 1127 annuntiautlum
607 1099 719 1127 verbum
737 1099 796 1132 Dei,
810 1099 911 1127 Christi
928 1099 988 1126 imi-

196 1146 309 1178 tatione,
328 1145 383 1172 imo
396 1145 544 1173 Salvatoris
558 1146 643 1172 nostri
658 1146 729 1173 vices
741 1145 767 1172 iu
781 1145 862 1173 terris
879 1151 987 1180 gerens.

195 1192 264 1220 Nam
290 1193 362 1220 sicut
380 1192 402 1220 is
420 1192 553 1227 apostolis
580 1191 649 1219 dixit
669 1201 675 1219 :
693 1201 702 1218 ι
726 1192 795 1219 Ecce
827 1192 906 1220 mitto
923 1199 986 1224 vos,

194 1242 292 1267 euntes
307 1239 333 1266 in
352 1238 482 1266 mundum
501 1237 670 1270 universum,
697 1238 843 1273 prtedicate
861 1237 987 1273 Evange-

191 1285 261 1313 ~lium
279 1286 352 1313 omni
371 1289 505 1312 creaturae
525 1286 559 1318 ",
577 1294 586 1311 ι
606 1285 642 1312 ita
659 1289 685 1313 et
710 1285 753 1313 hic
771 1285 798 1312 itt
828 1285 986 1313 universum

195 1333 291 1360 orbem
307 1331 453 1366 magistros
470 1331 554 1359 mittit
573 1339 669 1367 magna
686 1339 749 1359 cum
761 1339 838 1364 cura,
853 1331 900 1367 qui
931 1339 986 1359 non

196 1379 284 1407 solum
301 1379 334 1406 ad
347 1378 519 1407 Christianos
535 1379 761 1414 proﬁciscuntur.
780 1379 826 1407 sed
850 1379 933 1406 etiam
950 1378 984 1405 ad

196 1435 294 1454 omnes
310 1431 414 1462 gentes;
431 1426 473 1453 vel
487 1434 519 1453 ex
538 1426 625 1454 sancti
654 1425 796 1454 Francisci
822 1425 930 1458 ordine,
947 1425 988 1453 vel

197 1473 344 1505 Dominici,
360 1472 402 1500 vel
418 1479 449 1499 ex
468 1471 520 1499 alia
550 1472 653 1507 regula.
681 1471 750 1506 Ergo
769 1472 805 1499 ibi
838 1471 985 1499 Ecclesiam

195 1518 400 1552 conlitcbimur,
420 1519 467 1546 tibi
482 1526 536 1546 non
552 1523 595 1545 est
616 1519 736 1550 haeresis,
766 1526 816 1545 nec
844 1518 985 1552 iniquitas,

1008 903 1027 930 Β

1038 269 1148 301 ἀσεϐεῖς
1164 269 1210 296 καὶ
1234 269 1362 304 ἀλλότρια
1391 269 1455 305 ἔθνη
1486 270 1571 305 αὐτῆς
1594 272 1841 307 κατεκράτησανς

1040 317 1098 343 tua!
1112 316 1176 342 ἔνθα
1191 316 1251 343 οὐδὲ
1263 316 1416 350 ἱερουργεῖν
1433 317 1477 342 ἐπ’
1493 316 1586 345 ἁδείας
1599 317 1684 351 ἐστιν,
1695 318 1764 347 ,οὐδὲ
1785 319 1842 352 σή-

1041 371 1170 398 μαντρον,
1191 363 1252 390 οὐδὲ
1265 363 1296 389 τὸ
1309 363 1354 389 τοῦ
1373 360 1497 398 σταυροῦ
1512 364 1625 398 σημεῖον
1641 364 1815 398 ἐμφαίνεται
1830 371 1840 398 ;

1039 409 1106 442 ἐκεῖ,
1124 409 1188 435 ἔνθα
1202 409 1233 436 οὐ
1247 409 1370 436 δύναιταί
1386 418 1428 441 τις
1442 410 1530 437 είπεῖν
1541 411 1685 446 παρρησίᾳ.
1695 410 1726 436 τδ
1740 410 1837 444 γλυκὺ

1039 456 1086 484 τοῦ
1104 456 1222 492 Χριστοῦ
1247 456 1354 490 δνομα;
1383 457 1407 483 εἰ
1433 456 1462 483 δὲ
1477 456 1542 492 εῖπῃ
1569 457 1651 492 διχῶς
1666 457 1839 492 διαιρεῖται·

1040 502 1107 534 ὲκεῖ,
1123 491 1187 529 ἔνθα
1206 502 1418 537 ιερουργοῡντων
1434 502 1489 528 τῶν
1501 491 1707 538 εὑρισκομένων
1720 491 1838 537 ίερέων,

1040 549 1063 575 οἱ
1075 548 1122 575 τοῦ
1134 548 1254 583 Χριστοῦ
1268 548 1362 583 ὶχθροὶ
1374 549 1543 584 εἰσέρχονται
1556 549 1603 576 καὶ
1618 548 1838 583 μυκτηρίζουσι,

1041 595 1089 622 καὶ
1101 593 1290 621 καταπατοῦσι
1306 595 1352 621 καὶ
1364 594 1512 629 βεὸηλοῦσι
1525 594 1560 621 τὰ
1575 591 1769 628 θυσιαστήρια,
1786 596 1839 620 καὶ

1041 641 1169 676 ῥίπτουσι
1186 641 1219 667 τὰ
1237 641 1333 675 Ἅγια,
1362 641 1409 668 καὶ
1439 641 1574 668 τύπτουσι
1594 640 1659 671 τοὺς
1681 641 1766 675 ἱερεῖς
1785 641 1839 666 καὶ

1040 687 1154 718 ὠθοῦσι.
1166 688 1212 715 καὶ
1228 687 1329 721 γελῶσι
1340 687 1390 721 τὴν
1401 686 1455 714 τῶν
1474 687 1648 722 Χριστιανῶν
1663 686 1836 721 θρησκείαν“;

1041 733 1185 768 οΰμενουν.
1207 732 1278 760 Ἀλλ’
1310 734 1367 760 ἐκεῖ
1382 733 1423 760 δεῖ
1454 730 1536 765 εἶναι,
1564 732 1629 759 ἔνθα
1654 733 1702 759 καὶ
1727 732 1759 759 τὸ
1784 732 1837 758 τοῦ

1041 780 1160 816 Χριστοῦ
1171 781 1284 816 σημεῖον
1295 780 1510 814 διαλάμπει,”καὶ
1518 780 1546 807 ai
1560 779 1722 818 Ἐκκλησίαι
1736 787 1838 805 κεκοσ-

1043 828 1166 862 μημέναι
1179 827 1361 862 τυγχάνουσιν
1385 824 1474 859 οὖσαι,
1486 826 1535 853 καὶ
1551 827 1706 862 σήμαντρα,
1722 825 1770 851 καὶ
1784 833 1838 859 ση-

1043 874 1134 908 μαῖαι,
1153 873 1200 900 καὶ
1215 873 1397 908 Θυσιαστήρια
1417 873 1506 900 πάντα
1529 873 1598 907 μετὰ
1612 870 1696 907 τιμῆς
1711 871 1836 907 ὁρῶνται

1041 920 1088 947 καὶ
1105 919 1342 954 προσκυνοῦνται·
1360 920 1410 946 καὶ
1423 919 1479 950 τοῖς
1494 919 1601 953 ίεριῦσι
1614 918 1752 954 μακρόθεν
1769 915 1835 952 μετ’

1039 965 1130 996 αἰδοῦς
1146 966 1338 999 ύπεξίστανται
1353 966 1378 992 οἱ
1397 965 1456 991 λαοί
1470 972 1478 980 ·
1494 965 1562 998 εκεῖ,
1580 964 1645 991 ἔνθα
1662 964 1835 999 κηρύττεται

1034 1013 1217 1049 ’διαρρήδηνὴ
1234 1012 1282 1039 τοῦ
1307 1011 1426 1047 Χριστοῦ
1443 1012 1537 1042 πίστις
1549 1019 1556 1026 ·
1573 1011 1643 1042 ἐκεῖ,
1660 1011 1727 1037 ὅπου
1744 1011 1768 1036 οἱ
1784 1009 1837 1044 βπ-

1040 1060 1123 1093 σιλεῖς
1135 1061 1185 1095 τῆς
1197 1059 1247 1094 γῆς
1281 1060 1330 1087 καὶ
1345 1059 1370 1086 οἱ
1395 1058 1529 1094 ἄρχοντες
1554 1058 1698 1094 ἐρχόμενοι
1721 1057 1835 1092 ἱστορῆ-

1040 1114 1084 1132 σαι
1104 1105 1168 1137 τοὺς
1185 1105 1274 1140 ἱεροὺς
1290 1105 1400 1137 τόπους,
1416 1105 1465 1131 καὶ
1480 1104 1535 1131 τῶν
1564 1104 1722 1139 κορυφαίων
1746 1110 1835 1139 προσ-

1039 1151 1157 1186 κυνῆσαι
1171 1151 1221 1183 τὰς
1252 1150 1352 1186 τιάραςἸ
1370 1150 1419 1177 σὺν
1433 1150 1554 1182 ἐκείναις
1571 1148 1759 1185 προσκυνοῦσι
1783 1149 1835 1176 καὶ

1038 1198 1085 1224 τὸν
1098 1197 1340 1232 προκαθεζόμενον
1369 1198 1513 1233 ἀρχιερέα,
1524 1198 1573 1224 καὶ
1587 1197 1757 1228 ἀσπάζονται
1769 1196 1836 1226 τοὺς

1040 1244 1125 1276 πόδας
1140 1243 1234 1271 αὑτοῦ.
1253 1244 1337 1276 Ἐκεῖ,
1355 1243 1420 1270 ἔνθα
1435 1244 1608 1279 πανηγύρεις
1623 1243 1746 1277 γίνονται
1761 1245 1835 1277 παῤ-

1041 1289 1138 1326 ρησίᾳ,
1152 1290 1199 1316 καὶ
1217 1290 1373 1326 ψαλμῳδίαι
1389 1290 1436 1316 καὶ
1457 1290 1619 1325 προσευχαί.
1636 1289 1726 1316 Ὅπου
1747 1289 1834 1323 φόϐος

1039 1335 1139 1368 οὐδεὶς,
1152 1335 1213 1363 τινὰ
1226 1335 1316 1362 εἰπεῖν
1331 1335 1501 1362 τούναντίον.
1523 1335 1607 1368 Ἐκεῖ,
1623 1335 1688 1362 ἔνθα
1709 1335 1724 1361 ὁ
1743 1335 1832 1370 ἀκρος

1039 1381 1185 1416 ἀρχιερεὺς
1204 1380 1344 1416 ἐκπέμπει
1369 1379 1548 1412 διδασκάλους
1579 1380 1626 1406 καὶ
1644 1379 1771 1413 κήρυκας
1791 1380 1834 1410 εἰς

1039 1429 1131 1455 πᾶσαν
1144 1428 1194 1462 τὴν
1205 1427 1381 1462 οἰκουμένην,
1402 1426 1551 1462 κηρύττειν
1567 1426 1616 1452 καὶ
1633 1425 1833 1459 καταγγέλλειν

1038 1475 1083 1502 τὸν
1097 1474 1144 1500 τοῦ
1163 1474 1231 1500 Θεοῦ
1249 1473 1345 1507 λόγον’
1362 1473 1487 1509 μιμητὴς
1499 1472 1546 1500 τοῦ
1563 1472 1683 1508 Χριστοῦ
1698 1473 1747 1504 ὣν,
1765 1472 1836 1507 μᾶλ-

1039 1520 1084 1547 λον
1109 1520 1138 1546 δὲ
1161 1521 1218 1547 ἀντ’
1234 1519 1317 1546 αὑτοῦ
1341 1519 1389 1546 τοῦ
1404 1519 1532 1555 Σωτῆρος
1548 1519 1629 1555 ἡμῶν
1650 1519 1696 1546 ἐπὶ
1711 1518 1763 1553 τῆς
1780 1521 1835 1553 γῆς

199 1574 290 1601 neque
318 1565 478 1597 inﬁdelitas.
511 1565 567 1592 imo
591 1571 657 1592 vero
673 1564 752 1591 ﬁrma
770 1563 837 1592 ﬁdes
849 1569 876 1592 et
892 1564 986 1592 incon-

1040 1567 1181 1602 ὑπάρχων.
1197 1567 1305 1602 Ὠσπερ
1319 1566 1375 1601 γὰρ
1390 1567 1494 1598 ἐκεῖνος
1511 1567 1567 1597 τοῖς
1589 1565 1750 1596 ἀποστόλοις
1768 1565 1834 1600 ἔφη,

195 1620 288 1640 cussa.
307 1612 342 1639 At
355 1620 409 1639 non
427 1613 463 1639 ita
488 1611 558 1646 apud
585 1611 752 1645 Orientales,
784 1611 831 1638 ubi
860 1611 983 1639 abundat

198 1659 331 1694 iniquitas
359 1663 386 1686 et
411 1658 568 1686 inﬁdelitas.
595 1657 652 1685 Nec
668 1666 746 1686 meus
763 1666 855 1686 sermo
873 1665 916 1687 est
933 1659 987 1691 hic,

199 1706 247 1734 sed
263 1705 422 1733 Theodorus
443 1705 565 1733 Studites
587 1705 700 1740 prodeat
718 1710 744 1733 et
759 1705 833 1733 dicat
848 1706 899 1733 hoc
911 1706 990 1733 testi-

197 1751 331 1785 monium,
357 1752 429 1787 quod
442 1759 522 1780 nemo
548 1751 649 1787 poterit
669 1752 794 1785 inﬁciari,
825 1752 853 1779 in
880 1752 988 1781 decima

198 1798 293 1833 quinta
308 1798 547 1833 catechesi,quam
561 1799 650 1834 legitis
665 1799 786 1834 quidem,
800 1804 828 1826 at.
838 1807 892 1827 non
907 1800 988 1828 intel-

196 1845 293 1880 ligitis,
321 1846 384 1880 quia
403 1853 456 1873 nou
474 1846 566 1874 vultis.
587 1845 702 1874 Videtur
731 1846 803 1873 enim
832 1846 928 1874 doctor
945 1847 988 1874 hic

197 1891 328 1918 adversus
343 1895 543 1926 oppugnatores
559 1891 708 1927 imaginum
725 1899 859 1926 pugnare,
873 1892 987 1926 quando

198 1937 264 1964 dicit
279 1944 288 1964 ;
307 1945 316 1962 ι
334 1937 424 1964 Audio
438 1942 529 1964 autern
550 1940 622 1972 quod
652 1937 755 1971 Romae,
775 1938 906 1973 principis
922 1946 988 1973 apo-

199 1983 332 2010 stolorum
347 1983 419 2010 Petri
434 1983 523 2011 claves
540 1989 733 2019 preponuntur
748 1985 782 2012 ad
799 1986 985 2018 adorandum,

199 2034 282 2064 atque
307 2029 332 2056 iu
363 2029 468 2057 honore
497 2031 592 2058 haberi
610 2041 616 2059 :
632 2039 790 2067 quanquam
817 2041 871 2060 non
897 2033 988 2061 claves

199 2077 346 2105 seusibiles
377 2077 508 2105 Dominus
533 2079 556 2105 ei
575 2078 699 2110 tradidit.
720 2079 767 2106 sed
788 2079 988 2107 iutellectuales

198 2124 232 2151 ad
249 2124 386 2159 ligaudum
400 2130 427 2152 et
438 2124 609 2152 solvendum.
621 2126 653 2152 At
668 2126 705 2152 illi
721 2131 865 2160 argenteas
882 2127 982 2162 populo

198 2175 355 2206 proponunt
374 2172 406 2197 ad
435 2171 614 2204 adorandum,
645 2176 721 2198 tanta
742 2171 825 2206 igitur
851 2171 921 2206 apud
942 2179 988 2199 eos

199 2224 242 2245 est
264 2217 341 2249 ﬁdes,
356 2222 382 2244 et
398 2217 433 2244 ibi
451 2218 536 2245 solida
566 2221 642 2251 petra
674 2218 737 2245 ﬁdei
768 2219 920 2246 secundum
940 2218 987 2246 Dei

169 2295 171 2297 _
200 2265 313 2292 verbum
339 2263 465 2292 fundata.
487 2263 536 2291 llic
555 2272 632 2297 vero,
663 2270 691 2292 ut
715 2265 833 2298 videtur,
866 2265 988 2293 abundat

177 2320 180 2325 '
200 2311 348 2338 inﬁdelitas
378 2319 410 2338 ac
426 2312 596 2346 improbitas.
613 2321 623 2338 ι
654 2311 736 2339 Vides
750 2313 821 2347 quod
840 2317 867 2339 et
893 2312 990 2340 beatus

200 2357 246 2384 hic
259 2358 295 2384 ibi
310 2358 458 2386 confitetur
473 2358 588 2386 solidam
603 2366 665 2386 esse
684 2359 783 2392 ﬁdem;
802 2367 852 2386 nec
868 2360 895 2386 iu
910 2359 990 2386 l‘elro

179 2396 181 2399 ⁴
200 2410 318 2436 tantum,
337 2404 383 2432 sed
402 2409 429 2431 et
445 2405 472 2432 in
491 2405 550 2439 ejus
562 2405 781 2433 successoribus.
798 2405 861 2434 Haec
875 2406 987 2441 quidm

199 2458 263 2477 cum
284 2450 402 2478 audiatis
417 2456 443 2478 et
455 2451 580 2485 videatis,
601 2459 651 2479 net:
663 2453 774 2488 possitis
797 2457 891 2479 contra
905 2453 991 2488 respi—

200 2504 272 2528 cere,
289 2497 360 2524 velut
376 2498 507 2525 adversus
523 2497 660 2533 refulgens
675 2504 702 2526 et
721 2507 869 2527 c0ruscaus
896 2499 988 2527 lumen

200 2541 336 2575 veritatis,
369 2543 401 2570 ad
420 2551 450 2570 ea
475 2543 623 2577 confugitis
641 2552 701 2578 quae
731 2543 808 2571 nefas
831 2550 873 2571 est
899 2544 990 2571 dicere

201 2587 305 2615 scilicut
322 2595 490 2622 peccatorem
517 2598 577 2617 esse
603 2589 756 2618 Romanum
786 2591 942 2625 pontiﬁcem
964 2595 992 2617 ct

201 2633 355 2660 carnalibus
372 2635 560 2668 voluptatibus
574 2636 778 2669 inservientem,
796 2641 823 2663 et
840 2636 900 2663 ideo
913 2627 986 2663 nolle

200 2686 250 2707 vos
267 2679 399 2708 honorem
419 2685 446 2709 et
464 2683 643 2710 reverentiam
656 2682 776 2711 debitam
790 2682 933 2711 exhibere.

207 2811 209 2813 ι
236 2774 257 2789 ¹¹
268 2771 352 2800 Marc.
363 2779 418 2806 xvi,
431 2772 475 2800 l5.

1045 1622 1054 1639 ι
1075 1612 1141 1639 Ἰδοὺ
1161 1611 1321 1639 ἀποστέλλω
1338 1612 1423 1647 ὑμᾶς,
1439 1611 1621 1647 πορευθέντες
1640 1612 1681 1642 εἰς
1707 1610 1752 1638 τὸν
1769 1611 1836 1637 κόσ-

1043 1666 1094 1694 μον
1110 1658 1232 1692 ἅπαντα,
1248 1658 1386 1694 κηρύξατε
1402 1658 1433 1685 τὸ
1448 1658 1616 1692 Εὑαγγέλιον
1632 1658 1708 1694 πάσῃ
1723 1659 1756 1693 τῇ
1773 1658 1833 1685 κτί-

1043 1715 1094 1738 σει,
1122 1716 1131 1733 ι
1157 1705 1228 1733 οὕτω
1247 1707 1292 1733 καὶ
1307 1706 1386 1738 οὗτος
1410 1705 1572 1732 ἀποστέλλει
1589 1705 1769 1736 διδασκάλους
1783 1706 1834 1738 ,εἷς

1043 1753 1132 1779 πάντα
1157 1752 1259 1787 κόσμον
1275 1753 1309 1786 τῇ
1329 1752 1487 1787 προμηθείᾳ
1509 1752 1592 1779 αὐτοῦ
1606 1760 1614 1768 ·
1642 1751 1666 1778 οἳ
1690 1751 1722 1778 οὐ
1751 1753 1835 1786 μόνον

1041 1799 1082 1830 εὶς
1104 1798 1286 1834 Χριστιανοὺς
1304 1798 1484 1834 πορεύονται,
1502 1798 1572 1825 ἀλλὰ
1585 1799 1632 1825 καὶ
1654 1799 1694 1829 εἰς
1709 1798 1744 1825 τὰ
1769 1798 1833 1833 ἔθνη

1041 1846 1131 1872 πάντα
1143 1854 1150 1861 ·
1167 1845 1184 1881 ἦ
1201 1846 1233 1872 ὲκ
1249 1845 1296 1872 τοῦ
1312 1845 1452 1880 σχήματος
1465 1845 1514 1872 τοῦ
1526 1845 1606 1880 ἁγίου
1624 1845 1801 1880 Φραγκίσιου
1815 1845 1832 1881 ἢ

1041 1891 1073 1916 ὲκ
1089 1889 1137 1917 τοῦ
1149 1890 1229 1924 ἁγίου
1243 1891 1403 1926 Δομενίκου,
1420 1891 1436 1925 ἢ
1455 1890 1484 1923 ἐξ
1500 1890 1582 1918 ἄλλου
1607 1899 1658 1917 του
1675 1891 1829 1926 τάγματος.

1047 1937 1120 1963 Ἐκεί
1143 1937 1233 1964 τοίνυν
1249 1938 1455 1973 ὁμολογήσομεν
1478 1935 1551 1964 εἶναι
1580 1937 1630 1973 τὴν
1653 1938 1832 1973 Ἐκκλησίαν,

1040 1984 1104 2010 ἔνθα
1121 1983 1170 2010 οὐκ
1185 1983 1259 2010 ἐστιν
1279 1983 1397 2018 αἵρεσις,
1411 1984 1426 2018 ἢ
1446 1984 1548 2018 ἀνομία
1568 1984 1584 2020 ἤ
1610 1985 1727 2010 ἀπιστία
1740 1992 1747 1999 ·
1764 1984 1834 2012 ἀλλὰ

1042 2029 1143 2064 μᾶλλον
1163 2029 1280 2065 ὑπάρχει
1299 2030 1316 2065 ἡ
1332 2030 1423 2059 πίστις
1445 2030 1572 2066 ἀρραγὴς
1603 2031 1649 2057 καὶ
1665 2031 1812 2066 ἀκλόνητο,
1825 2040 1831 2047 ·

1041 2076 1098 2103 ἀλλ’
1112 2077 1162 2103 οὐκ
1176 2077 1204 2102 ὲν
1219 2078 1252 2112 τῇ
1277 2076 1420 2112 Ἀνατολῇ,
1435 2076 1500 2103 ἔνθα
1522 2076 1664 2108 πλεονάζει
1681 2077 1697 2112 ἡ
1718 2078 1831 2104 ἀπιστία

1041 2123 1087 2150 καὶ
1116 2123 1133 2158 ὴ
1159 2122 1271 2157 ἀνομία.
1287 2122 1344 2150 Καὶ
1358 2123 1409 2149 οὐκ
1436 2122 1502 2158 tua:
1524 2120 1603 2154 οὗτος
1618 2123 1633 2149 ὀ
1645 2122 1724 2156 λόγος
1737 2130 1744 2138 ·
1762 2123 1831 2149 ἀλλα

1042 2169 1148 2204 παρίτω
1163 2168 1302 2204 Θεόδωρος
1315 2170 1328 2196 ό
1341 2169 1498 2204 Στουδίτης,
1513 2169 1561 2196 καὶ
1576 2169 1684 2196 εἰπάτω
1697 2169 1748 2205 τὴν
1763 2178 1833 2204 μαρ-

1043 2216 1140 2251 τυρίαν
1154 2215 1257 2251 ταύτην
1275 2215 1309 2251 ἣν
1326 2215 1356 2242 οὐ
1374 2215 1519 2252 δυνήσεταί
1534 2224 1574 2247 τις
1595 2216 1769 2251 ἀρνήσασθαι
1781 2223 1788 2231 ’
1803 2218 1830 2243 ἐν

1042 2265 1075 2299 τῇ
1093 2263 1326 2300 πεντεκαιδεκάτῃ
1341 2263 1494 2298 κατηχήσει
1511 2262 1607 2294 αὑτοῦ,
1643 2263 1677 2298 ἢν
1701 2263 1831 2296 ἀναγινώ-

1044 2319 1124 2338 σκετε
1144 2311 1202 2346 μὲν,
1216 2310 1246 2336 οὐ
1260 2312 1346 2337 νοεῖτε
1358 2310 1399 2342 δὲ,
1413 2309 1481 2336 διότι
1496 2310 1525 2336 οὐ
1544 2309 1646 2341 θέλετε,
1659 2308 1770 2336 τοιαῦτα
1786 2309 1829 2336 εὓ-

1044 2366 1146 2395 ρομεν·
1165 2358 1292 2393 φαίνεται
1314 2357 1368 2392 γὰρ
1389 2358 1404 2384 ό
1418 2357 1578 2388 διδάσκαλος
1595 2353 1673 2388 οὗτος
1690 2356 1762 2383 κατὰ
1776 2356 1829 2382 τῶν

1044 2406 1238 2442 Εἰκονομάχων
1267 2405 1432 2440 μαχόμενος,
1446 2404 1510 2431 ἔνθα
1527 2404 1612 2439 φησίν
1623 2412 1632 2420 ”
1651 2412 1661 2428 ι
1684 2402 1789 2429 ’Λκούω
1802 2403 1829 2429 δὲ

1044 2452 1084 2478 ὅτι
1097 2453 1125 2478 ἐν
1147 2451 1241 2487 Ῥώμη
1257 2451 1305 2477 καὶ
1330 2450 1380 2481 τὰς
1398 2450 1472 2481 κλεῖς
1495 2450 1541 2476 τοῦ
1564 2449 1718 2477 ἀποστόλου
1738 2448 1830 2484 προτί-

1038 2497 1130 2524 θενται
1145 2497 1186 2527 είς
1204 2497 1402 2532 προσκύνησιν,
1419 2497 1466 2523 καὶ
1481 2496 1525 2522 διὰ
1540 2496 1623 2531 τιμῆς
1639 2495 1755 2530 ἄγουσι·
1772 2495 1829 2521 καί-

1037 2552 1078 2571 τοι
1094 2552 1136 2578 γε,
1153 2545 1184 2570 οὺ
1212 2544 1288 2575 κλεῖς
1316 2543 1390 2580 αὐτῷ
1405 2542 1539 2578 αἰσθητὰς
1565 2544 1579 2569 ὁ
1598 2542 1701 2577 Κύριος
1719 2541 1827 2574 ἔδωκεν,

1037 2590 1105 2617 ἀλλὰ
1121 2590 1169 2622 τὰς
1184 2589 1228 2616 διὰ
1239 2590 1319 2624 λόγου
1333 2589 1401 2625 πρὸς
1412 2588 1443 2615 τὺ
1454 2588 1566 2623 δεσμεῖν
1580 2589 1628 2614 καὶ
1649 2587 1734 2614 λύειν.
1744 2586 1828 2613 Ἐκεῖ-

1034 2645 1077 2675 νοι
1105 2636 1133 2663 δὲ
1157 2637 1282 2672 ἀργυρᾶς
1299 2636 1494 2671 πεποιηκότες,
1518 2632 1695 2670 προτίθενται
1709 2633 1750 2669 τῷ
1773 2633 1828 2668 λαῷ

1037 2685 1076 2714 sl;
1105 2683 1304 2719 προσκύνησιν.
1332 2681 1461 2716 Τοσαύτη
1480 2682 1572 2709 αὐτῶν
1594 2682 1670 2708 ἐστιν
1690 2682 1705 2715 ἡ
1725 2681 1827 2713 πίστις.

237 2863 405 2901 (l)0ppouit
430 2864 634 2900 elegantissime
657 2865 810 2894 Ecclesium
830 2865 981 2893 Romanam
998 2865 1110 2894 (ΙΙ-τοοκ.
1132 2864 1203 2893 ldcm
1230 2869 1319 2901 potest
1341 2865 1394 2894 dici
1418 2865 1451 2894 de
1476 2866 1613 2895 btercticis
1644 2867 1730 2895 nostri
1764 2872 1828 2899 tem-

202 2900 287 2934 poris,
300 2905 325 2925 et
338 2906 431 2927 eorum
447 2900 587 2928 Ecclesiis.
