1951 3075
187 162 258 196 1355

780 162 949 195 ίΙΟΞΕΡΗΙ
971 163 1251 194 METHONENSIS

1748 166 1837 201 13:36

175 220 368 256 .potest'dolce
381 221 482 248 Christi
499 228 597 248 nomen
612 220 753 256 proferre?
765 221 793 248 Si
803 229 868 248 vero
880 224 975 255 protu-

1034 221 1176 256 ιίρετικῶν
1191 221 1325 255 στόματα,
1343 221 1564 256 κατεκυρίευσαν
1576 223 1673 257 αὐτῆς,
1690 223 1763 251 ἀλλὰ
1779 226 1837 251 καὶ

185 265 260 300 lerit,
272 267 377 295 induas
390 271 480 302 partes
490 267 673 300 discinditur;
684 274 716 294 eo
733 267 791 294 loco
800 266 846 294 ubi
859 267 881 294 si
892 273 982 294 sacer-

184 312 263 340 dotes
293 313 479 340 sacriﬁcantes
506 313 609 340 inventi
628 311 866 346 fuerint,Christi
890 311 983 339 hostes

185 357 376 393 ingrediuntur
384 362 465 392 atque
479 358 671 392 subsannantg
686 363 829 392 proterunt
844 357 939 384 altaria
957 361 982 383 et

159 434 162 439 ν
184 404 330 439 profanam
343 406 370 431 et
380 403 479 431 Sancta
490 403 646 438 projiciunt.
657 409 684 431 et
694 404 786 440 plagas
794 404 982 432 sacerdotibus

148 450 163 473 ι’
186 451 322 486 infligunt,
338 455 363 478 et
374 451 553 486 protrudunt,
571 455 599 478 et
617 451 744 478 derident
759 450 980 478 Christianorum

197 497 378 532 religionem?
391 495 579 532 Nequaquam.
597 497 650 525 Sed
666 497 701 524 ibi
722 501 827 532 oportet
846 503 918 528 esse,
936 495 983 524 ubi

187 543 289 570 Christi
299 542 404 578 signum
415 543 538 578 refulget,
547 547 574 571 et
582 542 712 571 Ecclesia:
720 547 899 573 exornantur.
909 542 981 575 nola,

187 589 334 623 imagines,
351 595 378 617 et
400 589 495 617 altaria
523 590 615 617 omnia
631 597 731 625 magno
745 597 809 618 cum
827 589 903 617 cultu
919 596 984 616 cou-

187 636 353 669 spicruntur,
373 640 400 663 et
413 635 564 663 adorantur
578 639 602 662 et
622 636 810 664 sacerdotibus
821 635 929 663 eminus
942 642 985 662 re-

186 686 313 708 verenter
333 686 481 717 assurgunt
504 683 595 717 populi
613 691 621 710 ;
643 682 681 710 ibi
713 682 761 710 ubi
779 682 867 717 palam
881 681 983 709 Christi

188 727 258 754 ﬁdes
269 727 453 762 praedicatur;
471 727 506 754 ibi
518 727 558 763 (ι)
569 728 614 755 ubi
629 732 708 756 terra:
721 736 798 762 reges
810 734 835 756 et
846 728 984 763 principes

189 773 334 800 venientes
350 773 382 800 ad
400 781 480 801 sacra
497 774 556 801 loca
575 775 745 810 inspicienda
756 779 783 802 et
797 775 983 809 apostolorum

191 819 281 854 capita
316 819 468 853 adoranda,
482 829 534 847 una
551 828 614 848 curn
637 821 690 848 illis
704 824 731 848 et
758 821 874 856 praeside
888 828 983 849 eorum

189 865 348 901 pontiﬁcem
366 866 481 894 adorant
506 871 534 894 et
559 868 618 903 ejus
645 867 760 906 pedibus
780 867 983 901 advolvuntur;

189 911 228 940 ibi
245 911 290 938 ubi
306 910 367 938 festi
384 911 453 946 dies,
482 914 652 948 pulmodim,
685 920 792 948 preces,
815 913 879 942 sine
908 919 982 940 metu

189 959 375 992 celebrantur.
393 959 439 987 ubi
455 967 534 987 nemo
550 958 713 987 reformidat
737 959 790 987 sibi
814 966 981 994 quemquam

191 1006 351 1039 adversari;
370 1005 405 1033 illi
433 1005 478 1033 ubi
499 1013 624 1034 summus
653 1005 774 1040 pontifex
808 1005 933 1033 doctores
955 1009 983 1032 et

192 1052 385 1086 praedicatores
402 1051 427 1078 in
446 1058 554 1079 omnem
578 1054 680 1078 terram
709 1050 821 1078 dimittit
834 1050 868 1077 ad
887 1050 983 1085 praedi-

187 1097 309 1124 candum
327 1101 352 1123 et
366 1097 582 1124 annuntiaudum
602 1096 713 1124 verbum
731 1096 790 1129 Dei,
805 1096 905 1124 Christi
922 1096 982 1123 imi-

190 1143 304 1175 tatione,
322 1142 378 1169 imo
390 1141 539 1169 Salvatoris
552 1142 638 1169 nostri
652 1142 723 1169 vices
735 1142 761 1169 iu
776 1143 857 1170 terris
874 1149 981 1177 gerens.

189 1189 258 1217 Nam
284 1190 356 1217 sicut
374 1190 397 1216 is
415 1189 547 1224 apostolis
574 1188 644 1216 dixit
663 1198 669 1216 :
687 1198 696 1214 ι
720 1189 789 1216 Ecce
821 1189 901 1216 mitto
917 1196 980 1221 vos,

188 1239 286 1264 euntes
301 1235 327 1262 in
346 1235 476 1262 mundum
495 1235 665 1267 universum,
691 1235 837 1270 prtedicate
855 1234 981 1270 Evange-

186 1282 255 1310 lium
274 1283 346 1310 omni
365 1286 499 1309 creatura:
520 1283 553 1315 ’³,
571 1291 581 1308 ι
600 1282 636 1309 ita
653 1286 679 1310 et
704 1282 748 1310 hic
765 1282 792 1309 in
821 1282 980 1310 universum

190 1329 285 1357 orbem
302 1328 447 1364 magistros
464 1328 548 1355 mittit
567 1336 664 1364 magna
681 1336 743 1356 cum
755 1336 832 1361 cura.
847 1328 894 1364 qui
924 1335 979 1355 non

190 1376 279 1404 solum
295 1376 329 1403 ad
342 1375 513 1403 Christianos
529 1375 754 1411 proﬁciscuntur.
774 1376 821 1404 sed
845 1376 927 1403 etiam
944 1375 978 1402 ad

190 1431 288 1451 omnes
304 1428 408 1459 gentes;
425 1423 467 1450 Vel
482 1431 513 1450 ex
533 1423 619 1451 sancti
648 1422 790 1450 Francisci
816 1422 924 1455 ordine,
941 1422 982 1450 vel

191 1470 338 1502 Dominici,
354 1469 396 1496 vel
412 1477 443 1496 ex
462 1469 514 1496 alia
544 1469 647 1504 regula.
675 1468 744 1503 Ergo
763 1468 800 1495 ibi
831 1468 979 1496 Ecclesiam

190 1515 394 1548 conﬁtebimur,
414 1515 461 1543 ubi
477 1523 530 1542 non
546 1520 589 1542 est
610 1515 730 1547 haeresis,
760 1523 810 1542 nec
838 1515 979 1549 iniquitas,

1033 266 1142 298 ἀσεϐεῖς
1158 266 1204 293 καὶ
1228 266 1356 301 ἀλλότρια
1386 266 1449 302 ἔθνη
1480 268 1565 302 αὐτῆς
1588 270 1836 305 κατεκράτησαν;

1033 314 1092 341 ἐκεῖ
1107 313 1170 340 ἔνθα
1185 313 1245 340 οὐδὲ
1257 314 1410 347 ἱερουργεῖν
1427 314 1471 340 ἐπ’
1488 314 1580 343 ἀδείας
1593 314 1678 348 ἐστιν,
1689 316 1760 344 ,οὐδὲ
1779 316 1838 349 σή-

1035 368 1165 395 μαντρον.
1186 360 1247 387 οὐδὲ
1260 360 1290 386 τὸ
1303 360 1349 386 τοῦ
1368 358 1491 395 σταυροῦ
1506 361 1619 395 σημεῖον
1635 362 1808 395 ἐμφαίνεται
1825 369 1836 395 ;

1033 407 1100 440 ἐκεῖ,
1118 405 1182 432 ἔνθα
1197 407 1227 433 οὐ
1241 406 1364 434 δύναιταί
1380 415 1421 439 τις
1437 408 1524 434 ιίπείν
1535 408 1679 443 παρῤησέᾳ
1689 408 1720 434 τδ
1733 407 1834 441 γλυκὺ

1033 453 1080 481 τοῦ
1098 453 1216 489 Χριστοῦ
1241 454 1349 488 δνομας
1377 454 1401 480 εί
1428 454 1456 481 δὶ
1471 454 1537 490 εῖπῃ
1563 454 1645 489 διχῶς
1660 455 1814 489 διαιρεῖται
1827 463 1836 470 ·

1034 499 1102 531 εκεῖ,
1117 498 1182 526 ἔνθα
1200 498 1412 534 ἱερουργούντων
1428 499 1483 526 τῶν
1495 488 1701 535 εύρισκομένων
1715 488 1834 535 ίερεξωνἶ

1034 546 1058 572 οἱ
1070 545 1116 572 τοῦ
1128 545 1248 580 Χριστοῦ
1263 545 1356 580 ἐχθροὶ
1368 545 1537 581 εἰσέρχονται
1550 547 1597 573 καὶ
1613 546 1835 581 μυκτηρίζουσι,

1035 593 1083 619 καὶ
1096 591 1284 618 καταπατοῦσι
1300 592 1346 618 καὶ
1359 591 1506 627 βεϐηλοῦσι
1520 591 1554 618 τὰ
1569 589 1766 626 θυσιαστήρια,
1781 594 1837 618 καὶ

1036 638 1164 673 ῥίπτουσι
1180 639 1214 665 τὰ
1231 638 1327 672 Ἀγια,
1356 638 1404 665 καὶ
1433 638 1568 665 τύπτουσι
1588 637 1653 668 τοὺς
1676 638 1762 673 ἱερεῖς
1780 639 1836 664 καὶ

1035 685 1149 716 ὠθοῦσι,
1161 685 1206 713 καὶ
1222 685 1323 719 γελῶσι
1334 684 1384 718 τὴν
1395 683 1450 711 τῶν
1468 684 1642 719 Χριστιανῶν
1657 682 1833 718 θρησκείαν’;

1035 730 1179 766 οΰμενουν.
1201 730 1272 757 Ἀλλ’
1304 731 1361 757 ἐκεῖ
1376 730 1417 757 δεῖ
1449 727 1530 762 εἶναι,
1557 729 1623 756 ἔνθα
1647 730 1697 756 καὶ
1722 730 1754 756 τὸ
1780 730 1834 755 τοῦ

1036 777 1154 814 Χριστοῦ
1165 778 1279 813 σημεῖον
1289 777 1504 812 διαλάμπει,’καὶ
1512 777 1540 804 αί
1554 776 1717 815 Ἐκκλησίαι
1730 784 1834 802 κεκοσ-

1038 825 1160 859 μημέναι
1173 824 1355 859 τυγχάνουσιν
1379 822 1469 857 οὖσαι,
1481 824 1529 851 καὶ
1545 824 1700 859 σήμαντρα,
1716 822 1766 849 καὶ
1780 830 1835 856 οη-

1038 871 1128 906 μαῖαι,
1147 871 1195 897 καὶ
1209 870 1391 906 θυσιαστήρια
1411 871 1499 897 πάντα
1523 869 1593 904 μετὰ
1606 868 1690 905 τιμῆς
1705 868 1832 904 ὁρῶνται

1035 917 1082 944 καὶ
1099 916 1336 951 προσκυνοῦνται·
1354 917 1403 943 καὶ
1417 916 1473 948 τοῖς
1489 916 1591 951 ίεριῦσι
1608 916 1745 951 μακρόθεν
1764 912 1832 950 μετ’

1034 954 1124 993 αἰδοῦς
1141 963 1332 996 ὑπεξίστανται
1347 963 1372 989 oi
1391 962 1450 988 λαοί
1465 969 1472 977 ·
1488 963 1556 995 εκεῖ,
1574 961 1639 988 ἔνθα
1656 961 1832 996 κηρύττεται

1029 1010 1182 1046 ’διαρρήδην
1196 1010 1211 1044 ἡ
1229 1009 1277 1036 τοῦ
1301 1008 1420 1044 Χριστοῦ
1438 1009 1531 1040 πίστις
1543 1016 1550 1023 ·
1567 1009 1637 1040 ἐκεῖ,
1654 1008 1722 1034 ὅπου
1738 1008 1763 1034 oi
1780 1007 1834 1042 βοι-

1034 1057 1117 1090 σιλεῖς
1129 1057 1179 1092 τῆς
1191 1057 1242 1091 γῆς
1275 1057 1323 1084 καὶ
1339 1056 1364 1083 οί
1389 1056 1523 1091 ἄρχοντες
1548 1055 1692 1091 ἐρχόμενοι
1715 1054 1832 1090 ιστορῆ-

1034 1111 1079 1130 σαι
1098 1102 1162 1134 τοὺς
1179 1102 1268 1137 ιεροὺς
1284 1102 1394 1134 τόπους,
1410 1102 1459 1128 καὶ
1474 1101 1530 1128 τῶν
1558 1101 1716 1136 κορυφαίων
1741 1107 1831 1137 προσ-

1034 1148 1151 1183 κυνῆσαι
1165 1148 1215 1180 τὰς
1246 1147 1346 1183 κάραςῖ
1363 1147 1413 1174 σὺν
1427 1147 1548 1179 ἐκείναις
1565 1145 1752 1182 προσκυνοῦσι
1779 1147 1831 1173 καὶ

1033 1195 1079 1221 τὸν
1092 1194 1334 1230 προκαθεζόμενον
1363 1194 1507 1230 ἀρχιερέα,
1519 1195 1566 1221 καὶ
1581 1194 1751 1225 ἀσπάζονται
1764 1193 1832 1223 τοὺς

1034 1241 1119 1272 πόδας
1135 1240 1229 1268 αὑτοῦ.
1247 1241 1331 1272 Ἐκεῖ,
1349 1240 1414 1267 ἔνθα
1429 1240 1602 1276 πανηγύρεις
1617 1241 1740 1274 γίνονται
1756 1243 1831 1274 παρο

1035 1286 1132 1322 ρησίᾳ,
1146 1287 1194 1313 καὶ
1211 1287 1367 1322 ψαλμῳδίαι
1383 1288 1430 1313 καὶ
1451 1288 1613 1322 προσευχαί.
1630 1286 1720 1313 Ὅπου
1742 1286 1830 1320 φόϐος

1033 1332 1133 1365 οὐδεὶς,
1146 1332 1207 1359 τινὰ
1220 1332 1310 1359 εἰπεῖν
1325 1332 1495 1359 τούναντίον.
1517 1332 1601 1365 Ἐκεῖ,
1616 1332 1682 1359 ἔνθα
1703 1332 1718 1358 ό
1737 1332 1827 1368 ἄκρος

1033 1378 1180 1413 ἀρχιερεὺς
1198 1377 1338 1412 ἐκπέμπει
1363 1377 1542 1409 διδασκάλους
1573 1377 1620 1403 καὶ
1638 1377 1765 1411 κήρυκας
1785 1377 1828 1407 εἰς

1033 1425 1125 1452 πᾶσαν
1138 1425 1188 1459 τὴν
1200 1425 1375 1459 οἰκουμένην,
1396 1423 1545 1459 κηρύττειν
1561 1423 1610 1450 καὶ
1627 1423 1829 1457 καταγγέλλειν

1032 1472 1077 1498 τὸν
1091 1471 1138 1497 τοῦ
1157 1471 1225 1498 Θεοῦ
1243 1470 1339 1504 λόγον·
1356 1470 1482 1506 μιμητὴς
1493 1469 1540 1497 τοῦ
1557 1469 1677 1506 Χριστοῦ
1693 1470 1742 1500 ὢν,
1759 1470 1831 1504 μᾶλ-

1033 1517 1078 1544 λον
1103 1517 1131 1543 δὲ
1155 1518 1212 1544 ἀντ’
1228 1517 1311 1543 αὑτοῦ
1335 1517 1383 1543 τοῦ
1398 1517 1526 1552 Σωτῆρος
1542 1517 1623 1552 ἡμῶν
1644 1517 1690 1544 ἐπὶ
1705 1515 1757 1551 τῆς
1775 1518 1830 1551 γῆς

193 1570 285 1598 neque
313 1561 472 1593 inﬁdelitas.
505 1561 561 1588 imo
585 1569 651 1589 vero
667 1561 746 1588 ﬁrma
764 1560 831 1588 ﬁdes
843 1565 870 1589 et
886 1561 980 1589 incen-

1034 1564 1175 1599 ὑπάρχων.
1191 1565 1299 1599 Ὥσπερ
1313 1563 1369 1598 γὰρ
1384 1564 1488 1594 ἐκεῖνος
1505 1564 1561 1594 τοῖς
1583 1562 1744 1594 ἀποστόλοις
1762 1562 1828 1598 ἔφη,

188 1617 282 1637 cussa.
302 1609 336 1636 At
349 1617 404 1636 non
421 1610 457 1636 ita
482 1608 552 1642 apud
579 1608 746 1642 Orientales,
778 1607 825 1635 ubi
854 1608 977 1636 abundat

193 1656 325 1690 iniquitas
353 1660 380 1683 et
405 1654 563 1683 inﬁdelitas.
589 1653 646 1682 Nec
662 1663 739 1683 meus
757 1663 849 1683 sermo
867 1662 910 1684 est
927 1656 981 1688 hic.

192 1703 241 1730 scd
257 1702 417 1730 Theodorus
437 1701 559 1730 Studites
581 1702 694 1737 prodeat
712 1707 738 1730 et
753 1702 827 1730 dicat
842 1703 893 1730 hoc
905 1703 983 1730 testi-

192 1748 325 1783 monium,
351 1749 423 1783 quod
436 1756 517 1776 nemo
542 1749 643 1784 poterit
663 1748 789 1782 inﬁciari,
819 1749 847 1776 in
875 1749 982 1778 decima

192 1795 288 1829 quinta
302 1795 541 1830 catechesi.quam
556 1795 644 1830 legitis
659 1796 780 1830 quidem,
794 1801 822 1824 at
832 1804 886 1824 non
901 1797 982 1825 intel—

190 1842 287 1877 ligitis,
315 1843 378 1876 quia
397 1850 450 1870 non
468 1842 561 1871 vultis.
581 1841 696 1870 Videtur
724 1843 797 1870 enim
826 1843 922 1871 doctor
939 1844 982 1870 hic

191 1888 323 1915 adversus
337 1892 537 1923 oppugnatores
553 1887 702 1923 imaginum
719 1895 853 1923 pugnare,
866 1889 981 1923 quando

192 1933 281 1961 dicit:
301 1942 310 1959 ι
328 1933 417 1960 Audio
432 1939 523 1960 autem
544 1937 616 1968 quod
646 1934 749 1968 llomaz,
769 1935 901 1970 principis
916 1942 982 1970 apo-

193 1979 326 2007 stolorum
341 1980 414 2007 Petri
428 1980 517 2008 claves
534 1986 727 2016 proponuntur
742 1981 776 2008 ad
793 1983 980 2016 adorandum,

193 2031 276 2061 atque
300 2026 327 2053 in
357 2026 462 2054 honore
491 2027 586 2055 haberi
604 2037 610 2056 :
627 2037 784 2064 quanquam
811 2037 865 2057 non
891 2030 982 2058 claves

193 2074 340 2102 seusibiles
371 2073 503 2102 Dominus
527 2076 550 2102 ei
570 2075 693 2106 tradidit,
714 2076 760 2103 sed
781 2076 982 2104 intellectuales

192 2121 227 2148 ad
243 2121 380 2155 ligandum
394 2127 421 2148 et
432 2121 603 2149 solvendum.
615 2123 647 2149 At
662 2123 699 2150 illi
715 2128 859 2157 argenteas
876 2124 976 2158 populo

192 2172 348 2202 proponunt
368 2169 401 2194 ad
429 2168 608 2201 adorandum,
639 2172 714 2195 tanta
736 2168 819 2203 igitur
845 2168 915 2203 apud
936 2177 982 2196 eos

193 2221 236 2242 est
258 2213 335 2245 ﬁdes.
350 2219 376 2240 et
392 2213 427 2241 ibi
445 2214 530 2241 solida
559 2219 636 2248 petra
668 2214 730 2242 ﬁdei
762 2216 914 2243 secundum
934 2215 981 2243 Dei

160 2269 162 2271 ν
194 2261 308 2289 verbum
333 2259 459 2288 fundata.
481 2260 529 2288 llic
549 2268 625 2293 vero,
657 2267 685 2289 ιιι
710 2262 827 2294 videtur,
861 2262 982 2290 abundat

169 2303 174 2321 τ
194 2307 342 2335 inﬁdelitas
372 2316 404 2335 ac
420 2309 590 2343 improbitas.
606 2318 617 2335 ι
648 2307 729 2336 Vides
744 2311 815 2344 quod
834 2314 860 2336 et
887 2309 983 2336 beatus

194 2354 239 2381 hic
253 2354 289 2380 ibi
305 2355 452 2382 conﬁtetur
467 2355 582 2382 solidam
597 2363 659 2383 esse
677 2355 777 2389 ﬁdem;
796 2363 845 2383 nec
862 2357 889 2383 in
904 2356 984 2383 Petro

195 2407 312 2432 tantum,
331 2401 377 2428 sed
396 2405 423 2428 et
439 2401 466 2429 in
485 2402 544 2436 ejus
555 2402 775 2430 successoribus.
792 2402 854 2430 Haec
869 2403 981 2437 quidm

193 2455 256 2474 cum
278 2447 396 2475 audiatis
411 2453 437 2475 et
449 2448 574 2482 videatis,
595 2456 645 2476 nec
657 2449 768 2484 possitis
791 2454 885 2476 contra
898 2450 985 2484 respi-

193 2501 266 2525 cere,
282 2493 354 2521 velut
369 2494 501 2522 adversus
517 2494 654 2530 refulgens
669 2501 695 2523 et
714 2503 863 2523 coruscans
889 2496 982 2524 lumen

194 2538 330 2571 veritatis,
362 2539 395 2566 ad
414 2548 444 2566 ea
468 2539 617 2574 confugitis
634 2549 695 2575 quae
724 2540 802 2568 nefas
825 2546 867 2568 est
893 2541 984 2568 dicere

195 2584 299 2612 scilicet
316 2591 484 2619 peccatorem
510 2594 571 2615 esse
597 2586 750 2615 Roumnum
779 2587 936 2622 pontiﬁcem
957 2592 985 2614 et

195 2629 349 2657 carnalibus
367 2631 554 2665 voluptatibus
568 2633 772 2666 inservientem,
790 2639 817 2660 et
834 2633 893 2660 ideo
906 2624 980 2660 nolle

194 2683 243 2704 νος
261 2676 393 2704 honorem
413 2682 440 2705 et
458 2680 637 2707 reverentiam
649 2679 770 2708 debitam
784 2679 926 2708 exhibere.

201 2806 203 2809 ι
229 2771 251 2786 ³⁸
262 2768 346 2797 Marc.
357 2776 412 2802 va,
424 2769 469 2797 15.

1039 1618 1049 1636 ι
1069 1609 1135 1636 Ἰδοὺ
1155 1609 1316 1636 ἀποστέλλω
1332 1609 1417 1644 ὑμᾶς,
1433 1608 1615 1644 πορευθέντος
1634 1609 1675 1640 είς
1701 1608 1746 1635 τὸν
1763 1608 1831 1634 κόσ-

1037 1663 1088 1691 μον
1103 1655 1226 1690 ἆπαντα,
1242 1655 1380 1691 κηρύξατε
1396 1655 1427 1682 τὸ
1442 1655 1610 1690 Εὑαγγέλιον
1626 1655 1702 1691 πάσῃ
1717 1656 1750 1691 τῇ
1766 1656 1828 1682 κτί-

1037 1712 1087 1735 σει,
1116 1713 1125 1730 ι
1151 1702 1222 1730 οὕτω
1241 1704 1286 1730 καὶ
1302 1703 1380 1735 οὗτος
1404 1701 1566 1729 ἀποστέλλει
1583 1702 1762 1734 διδασκάλους
1777 1703 1829 1736 ,εἰς

1037 1750 1126 1776 πάντα
1151 1749 1253 1784 κόσμον
1270 1751 1303 1784 τῇ
1323 1749 1481 1785 προμηθείᾳ
1503 1749 1586 1776 αὑτοῦ
1600 1757 1608 1765 ·
1636 1748 1661 1775 οἳ
1683 1749 1716 1775 οὐ
1745 1750 1830 1783 μόνον

1035 1796 1076 1826 εἰς
1098 1795 1280 1830 Χριστιανοὺς
1298 1795 1478 1831 πορεύονται,
1496 1796 1566 1822 ἀλλὰ
1579 1795 1626 1823 καὶ
1648 1796 1688 1826 είς
1703 1795 1738 1823 τὰ
1762 1795 1827 1830 ἔθνη

1035 1843 1125 1869 πάντα
1137 1851 1145 1858 υ
1161 1842 1177 1878 ἦ
1196 1843 1227 1869 ὲκ
1243 1842 1290 1869 τοῦ
1306 1843 1446 1877 σχήματος
1459 1842 1508 1869 τοῦ
1520 1842 1599 1877 ἁγίου
1618 1843 1795 1878 Φραγκίσκου
1809 1843 1826 1878 ἢ

1034 1888 1067 1913 ὲκ
1083 1886 1130 1914 τοῦ
1143 1888 1223 1922 ἁγίου
1237 1888 1397 1923 Δομενίκου,
1414 1888 1430 1923 ἢ
1449 1887 1478 1920 ἐξ
1494 1887 1576 1915 ἄλλου
1601 1896 1651 1915 του
1669 1889 1822 1923 τάγματος.

1041 1934 1114 1960 Ἐκεῖ
1137 1934 1227 1961 τοίνυν
1243 1935 1449 1970 ὁμολογήσομεν
1472 1932 1544 1962 εἶναι
1574 1934 1624 1971 τὴν
1646 1935 1826 1970 Ἐκκλησίαν,

1034 1981 1098 2007 ἔνθα
1115 1980 1164 2007 οὐκ
1179 1981 1253 2007 ἐστιν
1273 1981 1391 2016 αἵρεσις,
1405 1981 1420 2016 ἢ
1439 1981 1542 2016 ἀνομία
1563 1981 1578 2017 ἢ
1604 1982 1721 2008 ἀπιστία
1734 1990 1741 1997 ·
1758 1982 1828 2009 ἀλλᾶ

1036 2026 1138 2061 μᾶλλον
1157 2026 1274 2062 ὑπάρχει
1293 2027 1310 2062 ή
1326 2027 1417 2056 πίστις
1439 2027 1566 2063 ἀρραγὴς
1597 2028 1643 2054 καὶ
1659 2028 1806 2063 ἀκλόνητο,
1818 2037 1825 2044 -

1035 2073 1092 2100 ἀλλ’
1106 2073 1156 2100 οὐκ
1170 2074 1198 2099 ὲν
1214 2075 1246 2109 τῇ
1272 2073 1414 2109 Ἀνατολῇ,
1429 2073 1493 2100 ἔνθα
1515 2073 1658 2105 πλεονάζει
1675 2074 1691 2109 ἡ
1711 2075 1825 2101 ἀπιστία

1036 2120 1082 2146 καὶ
1111 2120 1126 2155 ή
1153 2120 1265 2154 ἀνομία.
1281 2120 1338 2147 Καὶ
1352 2120 1403 2146 οὐκ
1430 2119 1495 2154 ἐμὸς
1518 2118 1596 2151 οὗτος
1612 2120 1627 2146 ό
1639 2120 1718 2154 λόγος
1730 2128 1738 2136 ⁸
1756 2120 1825 2146 ἀ).λᾶ

1036 2166 1142 2201 παρίτω
1157 2165 1296 2201 Θεόδωρος
1309 2167 1323 2193 ό
1335 2166 1492 2201 Στουόίτης,
1507 2167 1554 2192 καὶ
1570 2167 1677 2194 εἰπάτω
1692 2166 1742 2202 τὴν
1757 2175 1827 2202 μαρ-

1037 2213 1134 2248 τυρί;ν
1148 2212 1252 2248 ταύτην
1269 2212 1303 2248 ἠν
1320 2212 1350 2239 οὔ
1367 2213 1513 2248 δυνήσεταί
1527 2221 1568 2244 τις
1589 2213 1762 2248 ἀρνήσασθαι
1774 2221 1782 2228 '
1797 2215 1824 2240 ἐν

1036 2262 1069 2296 τῇ
1087 2260 1320 2297 πεντεκαιδεκάτῃ
1336 2260 1488 2295 κατηχήσει
1504 2259 1601 2292 αὑτοῦ,
1637 2260 1671 2296 ὴν
1694 2260 1825 2293 ἀναγινώ-

1038 2316 1117 2334 σκετε
1138 2308 1196 2343 μὲν,
1210 2307 1240 2333 οὐ
1254 2309 1340 2334 νοεῖτε
1352 2307 1392 2339 δὲ,
1407 2307 1474 2334 διότι
1489 2307 1519 2333 οὺ
1537 2306 1640 2339 θέλετε,
1652 2306 1764 2333 τοιαῦτα
1780 2307 1822 2333 εῦ-

1038 2363 1140 2392 ρομεν”
1159 2355 1286 2390 φαίνεται
1308 2354 1362 2389 γὰρ
1383 2355 1398 2381 ό
1412 2354 1572 2385 διδάσκαλος
1589 2351 1667 2385 οὗτος
1684 2354 1756 2380 κατὰ
1770 2353 1823 2380 τῶν

1038 2403 1232 2439 Εἱκονομάχων
1261 2403 1425 2437 μαχόμενος,
1440 2401 1504 2429 ἔνθα
1521 2401 1606 2436 φησίν
1618 2409 1625 2417 ·
1645 2409 1655 2426 ι
1677 2400 1783 2427 Ἀκούω
1796 2401 1823 2426 δὲ

1038 2449 1078 2475 ὅτι
1091 2450 1119 2475 ἐν
1141 2448 1234 2484 Ῥώμῃ
1251 2449 1298 2474 καὶ
1323 2447 1374 2478 τὰς
1392 2447 1466 2478 κλεῖς
1488 2447 1535 2473 τοῦ
1558 2446 1711 2474 ἀποστόλου
1731 2445 1824 2481 προτί-

1032 2494 1124 2521 θενται
1139 2494 1180 2525 είς
1198 2494 1396 2530 προσκύνησιν,
1413 2494 1460 2520 καὶ
1475 2493 1519 2520 διὰ
1533 2494 1617 2529 τιμῆς
1633 2493 1748 2527 ἄγουσι·
1767 2492 1822 2519 καί-

1031 2549 1072 2567 τοι
1088 2549 1130 2575 γε,
1147 2542 1177 2567 οὺ
1205 2541 1282 2573 κλεῖς
1310 2540 1384 2577 αὐτῷ
1399 2540 1533 2575 αἰσθητὰς
1559 2541 1573 2566 ὁ
1591 2539 1695 2574 Κύριος
1713 2539 1821 2571 ἔδωκεν,

1031 2587 1099 2614 ἀλλὰ
1114 2588 1162 2619 τὰς
1177 2587 1222 2614 διὰ
1233 2587 1313 2621 λόγου
1327 2586 1395 2622 πρὸς
1406 2585 1437 2612 τὸ
1449 2586 1560 2620 δεσμεῖν
1573 2586 1622 2612 καὶ
1643 2585 1728 2611 λύειν.
1737 2583 1822 2610 Ἐκεῖ-

1031 2642 1071 2661 νοι
1098 2633 1126 2661 δὲ
1151 2634 1275 2669 ἀργυρᾶς
1293 2633 1487 2668 πεποιηκότες,
1512 2631 1689 2667 προτίθενται
1703 2631 1744 2667 τῷ
1767 2631 1821 2665 λαῷ

1028 2670 1070 2712 είς
1098 2680 1297 2716 προσκύνησιν.
1326 2679 1455 2713 Τοσαύτη
1473 2679 1566 2706 αὐτῶν
1588 2680 1664 2705 εστιν
1684 2679 1699 2712 ἡ
1718 2678 1820 2710 πίστις.

1001 2246 1022 2271 ῐ)

231 2860 399 2898 (l)0pponit
424 2861 627 2898 elegantissime
650 2862 804 2891 Ecclesiam
824 2862 975 2890 Romanam
992 2862 1104 2891 Gratcaa.
1125 2861 1197 2890 idem
1224 2867 1313 2898 potest
1335 2863 1388 2891 dici
1411 2863 1445 2892 de
1469 2863 1607 2892 hmreticis
1637 2864 1724 2892 nostri
1757 2869 1821 2896 tem-

195 2897 281 2931 poris,
294 2901 318 2922 et
331 2903 425 2923 eorum
441 2897 581 2924 Ecclesiis.
