1951 3075
178 170 246 202 189

508 170 582 200 I’lll)
599 170 704 199 CUNC.
721 169 906 200 FLOREN’I‘.
925 169 1004 199 CAP.
1026 169 1059 198 V.
1083 169 1131 199 DE
1149 168 1322 199 PRIMATU
1341 169 1456 199 PAPXE.

1729 168 1798 201 1390

178 227 260 260 μέσον
289 226 353 252 αὐτὸ
382 226 468 252 θεῖναι
497 227 620 262 γλώττης
638 226 726 261 ἁγὼν,
753 226 826 253 οὕτω
852 227 885 261 δὴ
914 226 959 252 καὶ

1022 225 1123 252 nodum
1143 233 1200 253 rem
1220 226 1247 252 in
1266 226 1383 253 medium
1401 233 1554 261 proponere
1579 226 1670 261 lingua
1685 225 1730 254 vix
1746 234 1797 253 au-

176 273 302 303 ἀκοῦσαι,
317 273 411 299 καινόν
428 281 454 299 τι
484 274 530 299 καὶ
559 274 790 308 φρικωδέστατον.
813 273 893 300 Ἀλλὰ
911 274 960 300 καὶ

177 318 322 354 προσέχειν
343 319 402 345 δέον
419 319 464 346 τδν
481 320 544 345 νοῦν
556 328 564 336 υ
581 320 626 346 καὶ
643 321 697 354 γὰρ
720 320 797 346 οὐδὲν
816 316 898 356 ἧττον
914 316 974 346 τοῦ>

176 365 270 398 φόϐου,
293 365 340 392 καὶ
365 365 444 400 ἡδονῇ
475 367 662 400 συγκέκραται
689 367 720 394 τὸ
745 367 889 401 διήγημα·
915 365 962 392 δύο

175 410 248 441 τινὲς
266 410 371 444 ἄνδρες.
389 410 481 437 λευκοὶ
496 413 545 445 τὴν
567 411 674 446 στολὴν,
694 411 805 446 φοϐεροὶ
825 412 874 446 τὴν
888 411 961 446 ὁψιν,

176 457 322 491 οὐρανόθεν
352 457 445 490 ἔδοξαν
461 456 535 492 αὑτῷ
549 457 706 485 κατελθεῖντ
724 458 772 484 καὶ
789 457 828 493 τῷ
845 446 958 492 μεγάλῳ

178 502 276 536 τούτῳ,
304 503 351 529 καὶ
374 503 450 538 αὐτῷ
480 504 681 538 προσεύχεσθαι
709 504 872 539 φαινομένῳ,
891 504 961 530 κατὰ

179 549 325 583 πρόσωπον
343 550 520 584 προσελθεῖν·
538 548 575 578 ὧν
590 551 604 578 ὁ
618 552 679 586 μὲν,
695 551 789 587 τόμον,
810 551 907 586 ἅτερος
922 551 960 582 δὲ,

179 594 254 628 κλεῖς
273 595 400 629 κατέχειν
424 595 518 630 ἑῲκει¹
541 595 586 622 τὸν
606 596 732 630 Ὶωὰννην
755 595 794 629 δὲ,
817 595 848 622 τὸ
869 594 962 621 καινὸν

180 639 270 666 αὐτῶν
299 639 346 666 τοῦ
371 640 459 672 εἴδους
475 640 701 674 καταπλαγέντα,
718 640 792 675 φόϐῳ
805 640 942 676 ληφθῆναι
956 648 962 655 ’

178 687 240 717 τοὺς
257 685 298 718 δι,
314 686 369 712 τῶν
394 687 493 721 χειρῶν
519 687 744 722 ἐπιλαϐομένους,
771 686 962 721 διαναστῆσαι,

179 731 254 758 λύειν
269 741 299 759 τε
318 732 365 758 τον
381 732 465 765 φόϐον
481 725 567 767 αὐτῷ,
586 734 633 759 καὶ
660 733 773 770 θαρρεῖν
788 733 944 768 ὲγκελεὺειν
956 741 962 747 ·

179 777 218 811 τῷ
243 777 283 809 δὶ.
300 778 447 813 πυθομένῳ
471 779 544 810 τινες
563 779 596 806 ἂν
617 777 683 811 εἷεν,
712 780 738 806 οῖ
752 788 784 814 γε
798 780 966 815 τηλικαύτης

179 821 256 856 δῆξιμ
270 823 426 857 ἠξιωμένοι,
445 823 513 857 πρὸς
529 823 611 850 αὑτὸν
629 823 787 858 ἐληλύθασι,
803 823 847 853 Μὴ
867 823 964 858 φοϐοῦ,

181 868 291 900 τούτους
313 869 418 895 εἰπεῖν·
441 869 506 901 οἵδε,
531 870 611 904 ἡμεῖς
634 870 739 904 ἥκομέν
759 879 800 897 σοι
825 869 964 904 πεμφθέν-

182 923 227 941 τες
252 915 328 949 παρὰ
344 915 465 949 Χριστοῦ
479 923 488 931 θ
509 901 567 942 εἶτα
589 915 635 942 τὸν
648 901 704 950 ’μὲν
721 916 770 950 τὴν
786 901 964 951 χεῖρα-ἐκτεί-
981 901 1001 929 Β

182 969 273 993 νοντα,
297 961 341 988 τον
356 962 439 996 τόμον
467 962 623 996 ἐπιδιδόναι,
651 963 731 996 Δέξαι
747 972 777 989 τι
804 963 918 997 λέγοντα
936 964 974 990 τδ,

185 1005 301 1039 βιϐλίον’
320 1007 391 1041 Ἐγὼ
404 1007 458 1042 γὰρ
478 1007 616 1043 Ἰωάννης,
629 1005 705 1044 ᾧπερ
719 1009 735 1043 ἡ
746 1008 792 1035 τοῦ
804 1009 871 1035 Θεοῦ
886 1009 967 1043 σοφία

184 1052 214 1078 ἐδ
225 1053 323 1086 στῆθος
338 1053 436 1087 ἀνῆκε,
459 1053 506 1080 καὶ
529 1054 672 1080 ἐπιπεσεῖν
698 1054 772 1090 αὺτῷ
788 1054 967 1089 παρεδέξατο,

186 1099 265 1129 "list;
281 1099 308 1125 δέ
327 1107 368 1126 σοι
382 1099 430 1126 καὶ
446 1100 480 1126 δι’
497 1099 576 1135 ἡμῶν
594 1099 628 1126 τὰ
641 1099 694 1126 τῶν
713 1099 831 1134 Γραφῶν
844 1099 968 1135 εὔληπτα

186 1143 283 1178 θήσει·
298 1143 344 1170 καὶ
361 1145 564 1179 χειραγωγήσει
578 1144 680 1180 ταύτης
697 1145 766 1180 πρὸς
780 1144 829 1179 τὴν
852 1145 967 1179 ἐπίγνω-

187 1196 245 1216 σιν·
266 1191 312 1217 τον
337 1191 360 1218 δ’
375 1191 464 1223 ἄλλον,
481 1191 571 1224 Δέξαι,
597 1193 643 1219 καὶ
665 1191 714 1227 τὴν
743 1192 822 1227 χεῖρα
836 1191 967 1226 ὀρέγοντα

187 1235 280 1267 φάναι,
301 1234 350 1267 τὰς
369 1235 396 1262 δὲ
413 1235 462 1266 τὰς
489 1236 580 1265 κλεῖς·
599 1236 649 1270 ἐμὲ
673 1236 701 1263 δὲ
720 1234 823 1272 Πέτρον
842 1237 908 1268 ἴσθι,
923 1237 969 1263 τὸν

188 1281 262 1316 παρὰ
292 1281 360 1307 Θεοῦ
389 1282 491 1313 ταύτας
518 1282 784 1317 ἐγχειρισθέντα·ῧν
799 1283 846 1310 καὶ
873 1283 920 1309 νῦν
935 1283 968 1309 δι’

186 1326 252 1361 ἐμοῦ
272 1326 395 1358 πίστευε,
422 1328 472 1362 τῆς
487 1327 572 1362 αὐτῆς
586 1337 615 1354 σε
633 1329 744 1363 χάριτος
753 1329 899 1361 όιξιοῦντα⁸
918 1329 970 1356 ὦσ-

186 1379 215 1398 τε
227 1371 276 1398 ὅσα
290 1372 322 1398 ἂν
339 1373 450 1409 δήσῃςῆ
466 1373 552 1409 λύσῃς
570 1373 616 1399 ἐπὶ
628 1375 676 1408 τῆς
688 1374 750 1408 γῆς,
771 1373 826 1400 ἴσθι
839 1373 972 1409 δεδεμένα

186 1417 272 1445 ταῦτα
286 1415 356 1445 εἶναι
369 1419 385 1453 ἢ
400 1419 533 1453 λελυμένα
551 1420 598 1446 καὶ
610 1419 637 1445 ὲν
651 1421 706 1451 τοῖς
721 1420 970 1454 οὐρανοῖ;.”Εγνω;

187 1464 240 1500 ἄρα
256 1465 307 1491 κάν
322 1465 437 1496 τούτοις,
453 1466 504 1496 ὅτι,
516 1466 530 1492 ὁ
543 1465 602 1499 μὲν,
619 1465 668 1499 τὴν
679 1464 734 1492 τῶν
749 1465 867 1501 Γραφῶν
882 1465 971 1500 ἑρμη-

187 1510 262 1536 νείαν
276 1509 410 1545 εὓληπτον
421 1509 491 1538 εἶναι
507 1511 593 1546 αὐτῷ,
609 1511 657 1538 καὶ
669 1511 719 1546 τὴν
735 1510 837 1538 τούτων
853 1510 970 1545 ἐπιγνω-

1013 271 1086 303 deat.
1104 272 1140 299 ita
1164 277 1191 300 et
1208 273 1303 299 audire
1321 280 1420 300 novum
1437 273 1573 306 videatur,
1590 273 1681 308 itaque
1696 280 1796 300 novum

1013 317 1140 350 quiddam
1158 322 1183 344 et
1203 318 1316 345 horrore
1330 318 1438 352 plenutn
1454 318 1574 346 audisse.
1591 318 1724 346 Caeterum
1740 318 1799 344 ani-

1014 362 1238 390 madvertendum
1257 362 1327 397 quod
1347 363 1410 390 huic
1436 363 1587 391 narrationi
1609 370 1685 398 taque
1713 362 1794 390 mista

1013 414 1078 437 sunt
1098 410 1179 438 timor
1196 415 1222 438 et
1236 411 1339 438 laetitia.
1355 411 1412 438 Duo
1432 411 1542 446 quidam
1563 411 1612 438 viri
1627 410 1688 437 alba
1703 410 1796 437 amicti

1015 460 1098 489 veste,
1117 461 1226 490 aspectu
1257 456 1396 489 horriﬁco,
1422 456 1472 483 visi
1489 461 1553 484 sunt
1577 457 1602 484 ei
1618 456 1652 484 de
1666 456 1737 483 caelo
1752 456 1798 483 dc-

1014 503 1153 535 sccudere,
1165 502 1282 537 huicque
1296 504 1427 536 praeclaro
1439 503 1496 530 viro
1509 503 1574 530 dum
1589 505 1682 530 oraret
1692 502 1720 529 in
1734 509 1799 529 con-

1014 552 1138 582 spectqu
1157 548 1277 581 venisse,
1290 556 1405 583 quorum
1422 548 1489 576 alter
1502 549 1641 582 Volumen,
1658 549 1728 576 alter
1742 547 1798 575 ela-

1015 602 1061 622 ves
1078 594 1205 622 manibus
1216 595 1357 622 continere
1370 594 1523 622 videbatur.
1538 595 1662 630 Cumque
1679 593 1799 622 Joannes

1015 640 1086 667 hanc
1102 647 1200 667 novam
1219 641 1337 676 speciem
1352 641 1510 673 miraretur,
1532 641 1630 668 timore
1648 648 1710 668 esse
1736 648 1800 668 cor-

1016 690 1122 720 reptum
1139 693 1147 713 :
1168 685 1218 712 hos
1238 693 1302 713 vero
1318 687 1444 714 manibus
1462 687 1665 721 apprehensum
1678 686 1801 714 erexisse

1016 736 1043 758 et
1066 736 1167 760 metum
1194 732 1369 764 abstersisse,
1388 730 1513 768 bonoque
1543 733 1635 760 animo
1660 740 1722 760 eum
1740 740 1802 760 esse

1015 777 1131 812 iussisse
1148 786 1156 812 ;
1176 779 1348 813 percontanti
1375 780 1489 814 quinam
1505 784 1599 807 essent
1616 779 1635 806 ii
1656 778 1708 806 viri
1726 782 1800 806 tanta

1021 825 1127 859 praediti
1145 825 1242 860 gloria,
1259 825 1306 859 qui
1320 825 1451 853 accedere
1465 825 1500 853 ad
1516 833 1546 853 se
1567 825 1669 860 dignati
1685 830 1776 852 essent
1793 832 1801 854 ς

1017 870 1054 899 Ne
1064 871 1171 904 timeas,
1180 878 1226 898 eos
1238 871 1351 904 dixisse,
1362 878 1411 899 nos
1420 871 1545 899 venimus
1559 878 1574 898 a
1584 871 1694 898 Christo
1710 869 1800 896 missi.

1018 918 1138 946 Alterum
1153 921 1247 953 postea
1265 925 1348 945 manu
1361 922 1490 952 protensa
1502 918 1630 945 volumen
1646 915 1802 948 tradidisse,

1018 964 1153 992 dicentem
1176 973 1184 992 :
1202 965 1285 992 Sume
1305 965 1417 997 librum,
1440 972 1504 992 nam
1530 971 1580 999 ego
1602 971 1663 991 sum
1684 962 1803 990 Joannes

1019 1011 1062 1038 cui
1079 1011 1211 1046 sapientia
1233 1010 1281 1038 Dei
1307 1014 1402 1046 pectus
1428 1010 1554 1043 tradidit,
1571 1010 1598 1037 in
1618 1009 1690 1045 quod
1707 1014 1734 1036 et
1759 1016 1803 1036 re-

1019 1057 1148 1084 cumbere
1172 1057 1270 1088 voluit,
1297 1064 1356 1090 quae
1375 1056 1486 1090 quidem
1504 1061 1530 1083 te
1555 1060 1583 1083 et
1610 1063 1657 1090 per
1692 1063 1743 1082 nos
1768 1055 1803 1081 ad

1020 1103 1177 1138 Scripturas
1207 1103 1411 1138 pernoscendas
1435 1102 1565 1130 idoneum
1594 1101 1698 1134 reddet,
1724 1104 1751 1128 et
1779 1107 1804 1126 te.

1019 1148 1098 1182 quasi
1114 1155 1196 1174 manu
1226 1146 1310 1179 ducet
1332 1147 1365 1174 ad
1391 1146 1450 1182 ejus
1474 1147 1666 1182 cognitionem.
1683 1146 1803 1174 Alterum

1019 1202 1083 1222 vero
1107 1201 1187 1220 manu
1208 1198 1342 1221 extensa:
1375 1193 1471 1226 Sume,
1496 1192 1611 1226 dixisse,
1629 1193 1678 1220 has
1703 1192 1804 1224 claves,

1021 1247 1118 1274 meque
1131 1239 1243 1266 Petrum
1255 1246 1316 1267 esse
1330 1240 1409 1273 scito,
1424 1239 1469 1267 cui
1482 1238 1554 1266 Deus
1567 1238 1657 1266 claves
1669 1239 1696 1266 iu
1710 1245 1806 1264 manus

1021 1285 1143 1318 tradidit,
1161 1291 1241 1320 quem
1264 1291 1347 1316 nunc,
1364 1291 1412 1319 per
1429 1291 1483 1316 me,
1497 1283 1579 1310 crede
1595 1287 1619 1310 te
1632 1281 1726 1310 eadem
1741 1289 1806 1316 gra-

1020 1331 1058 1358 tia
1074 1339 1128 1365 qua
1152 1338 1207 1362 me,
1232 1330 1394 1366 participem
1411 1329 1511 1366 facere.
1529 1329 1618 1362 Quare
1634 1334 1806 1363 quaecunque

1022 1376 1151 1410 ligaveris
1164 1376 1205 1403 vel
1226 1375 1340 1404 solveris
1355 1383 1436 1410 super
1453 1381 1564 1408 terram,
1579 1379 1661 1402 erunt
1683 1381 1713 1401 ea
1727 1373 1807 1408 ligata

1023 1422 1065 1451 vel
1082 1423 1172 1451 soluta
1184 1427 1212 1449 et
1224 1423 1251 1449 in
1266 1421 1354 1449 cmlis.
1370 1430 1379 1447 ι
1396 1421 1492 1448 Nonne
1505 1419 1689 1455 deprehendis
1705 1426 1737 1446 ex
1753 1418 1806 1448 his.

1022 1469 1146 1501 alterum,
1164 1475 1217 1496 una
1234 1475 1297 1496 eum
1315 1474 1428 1494 munere
1444 1467 1600 1502 Scripturas
1625 1465 1705 1493 facile
1721 1465 1807 1492 inter-

993 1545 998 1550 ,
1023 1514 1161 1550 pretandi,
1177 1518 1204 1541 et
1225 1513 1324 1540 harum
1342 1512 1549 1547 intelligentiam
1562 1520 1577 1539 a
1590 1511 1685 1539 dature
1701 1511 1810 1546 sapien-

188 1564 229 1582 σιν
249 1557 324 1590 παρὰ
340 1555 386 1582 τοῦ
403 1557 452 1590 τῆς
470 1558 566 1590 σοφίας
579 1557 699 1593 χορηγοῦ
717 1558 876 1594 ἐδωρήσατο
888 1566 895 1574 ·
911 1559 925 1585 ὁ
944 1557 969 1585 at

1025 1561 1067 1587 tia:
1090 1559 1246 1594 adiunxisse
1260 1559 1272 1586 τ
1288 1558 1405 1586 alterum
1424 1566 1488 1586 vero
1513 1565 1566 1585 una
1592 1565 1654 1586 cum
1679 1556 1808 1584 facultate

190 1603 239 1629 σὺν
255 1603 294 1638 τῷ
309 1601 383 1629 λὺειν
395 1602 443 1629 καὶ
458 1603 579 1638 δεσμεῖν,
597 1604 645 1631 καὶ
662 1605 701 1638 τῷ
716 1604 817 1637 γνῶναι
831 1605 879 1632 καὶ
894 1605 971 1632 εὗσε-

190 1648 244 1680 ὃῶς
261 1650 398 1675 πιστεύειν
417 1647 522 1683 Ἰησοῦν
545 1650 665 1683 Χριστὸν
689 1649 736 1676 τὸν
763 1651 828 1677 Υιὸν
842 1651 889 1677 τοῦ
905 1651 972 1677 Θεοῦ

190 1695 223 1720 δι’
251 1693 332 1721 αὐτοῦ
349 1693 523 1728 ὲγκελεύεται
537 1703 544 1711 ·
563 1695 688 1730 πείσθητι
718 1695 822 1729 λοιπὸν,
843 1697 884 1722 ὅτι
908 1695 973 1723 ἄνευ

189 1740 239 1775 τῆς
263 1740 310 1767 τοῦ
342 1740 446 1776 Πέτρου
464 1741 606 1775 ὑποταγῆς
630 1741 750 1777 σωθῆναι
776 1741 806 1768 οὐ
829 1741 906 1778 δύνῃ.
927 1742 974 1768 καὶ

189 1786 315 1817 εἰκότωςο
331 1786 433 1819 ἐκεῖνος
458 1788 511 1822 γάρ
528 1787 602 1814 ἐστιν
620 1787 635 1822 ἠ
659 1787 730 1821 θύρα
749 1788 799 1822 τῆς
820 1788 973 1822 σωτηρῖας·

189 1832 203 1858 ὁ
228 1832 264 1867 μὴ
290 1833 480 1868 εἰσερχόμενος
500 1832 534 1860 δι’
558 1831 642 1860 αὑτοῦ
670 1833 709 1864 εἰς
725 1833 774 1868 τὴν
789 1834 840 1868 τῆς
857 1834 972 1865 πῖστεως

189 1878 346 1912 ὲπὶγνωσιν,
359 1879 510 1910 τουτέστιν,
534 1879 577 1905 ἵνα
606 1878 728 1914 γινώσκῃ
753 1879 835 1906 αὑτὸν
852 1887 972 1913 τοποτη-

190 1924 275 1959 ρητὴν
288 1924 335 1950 τοῦ
357 1924 489 1959 Χριστοῦ,
503 1923 533 1950 οὗ
555 1924 668 1951 δύναται
692 1925 781 1960 εὑρεῖν
799 1934 865 1952 ποτε
883 1934 974 1960 σωτηο

191 1971 260 2004 ρῖαν.
278 1969 384 2004 Ὦσπξρ
401 1970 455 2005 γάρ
472 1979 553 2005 φησιν
569 1971 583 1996 ὁ
607 1970 736 2006 Χριστος.
758 1980 767 1996 ι
789 1971 860 2004 Ἐγώ
883 1972 942 2006 εἰμι
957 1973 973 2007 ή

190 2018 272 2050 θύρα,
286 2017 299 2043 ό
314 2017 351 2051 μὴ
366 2017 556 2051 εἰσερχόμενος
571 2017 615 2043 διὰ
632 2017 681 2051 τῆς
696 2017 792 2052 θύρας,
809 2017 877 2044 ἀλλὰ
890 2018 974 2044 ἀλλα-

189 2063 266 2098 χόθεν
277 2062 437 2093 civici/(0v,
452 2063 554 2093 ἐκεῖνος
568 2063 688 2096 κλέπτης
698 2061 758 2089 ἐστὶ
771 2063 817 2089 καὶ
825 2062 926 2098 λῃστής
939 2071 945 2078 ·
962 2073 971 2088 ι

189 2108 262 2135 οὕτω
279 2108 326 2134 καὶ
344 2109 356 2134 ό
371 2107 491 2142 διάδοχος
511 2107 594 2133 αὑτοῦ
613 2106 715 2142 Πέτρος
735 2108 817 2142 φησιν
830 2115 836 2123 ·
855 2117 865 2132 ‹
888 2107 917 2133 ⁸0
937 2107 974 2142 μὴ

190 2152 326 2180 πιστεύων
348 2152 382 2179 δι’
399 2151 465 2185 ἐμοῦ
490 2151 537 2178 τον
552 2152 616 2178 Υῐὸν
633 2153 679 2179 τοῦ
694 2152 812 2187 ἀοράτου
839 2153 907 2179 Θεοῦ
927 2155 975 2180 καὶ

191 2199 296 2234 Harpe;
311 2199 474 2232 γεννηθέντα
500 2199 590 2234 σαρκὶ,
621 2198 666 2225 καὶ
684 2199 816 2231 παθόντα,
833 2199 881 2226 καὶ
905 2200 973 2226 ἀνα-

1025 1604 1146 1633 solvendi
1170 1609 1197 1632 et
1227 1604 1327 1639 ligandi
1345 1609 1372 1631 et
1396 1603 1578 1638 intelligendi,
1596 1602 1761 1637 iniunxisse,
1780 1605 1809 1628 et

1024 1649 1068 1683 pie
1083 1649 1110 1676 in
1123 1648 1215 1676 Jesutn
1231 1647 1370 1675 Christum
1387 1647 1431 1675 Dei
1446 1648 1547 1675 Filium
1560 1655 1607 1682 per
1617 1655 1678 1675 eutn
1692 1647 1808 1674 creden-

1025 1695 1052 1722 di
1066 1694 1196 1722 ?Credite
1210 1694 1236 1721 in
1255 1699 1395 1729 posterum
1412 1695 1483 1728 quod
1502 1695 1561 1722 sine
1576 1694 1730 1722 obedientia
1745 1701 1810 1728 erga

1024 1740 1135 1768 Petrum
1151 1739 1251 1766 salvari
1267 1747 1319 1766 non
1337 1740 1463 1774 potestis.
1482 1739 1585 1773 Etjure
1600 1739 1721 1774 quidem.
1740 1738 1808 1765 Nam

1025 1786 1048 1813 is
1064 1790 1105 1813 est
1121 1790 1197 1820 porta
1224 1785 1331 1812 salutis.
1348 1784 1400 1817 Qui
1424 1791 1473 1818 per
1492 1791 1554 1820 eum
1578 1784 1605 1811 in
1622 1783 1808 1818 cognitionem

1025 1832 1085 1859 lidei
1101 1839 1154 1859 non
1176 1831 1337 1866 ingreditur,
1354 1831 1380 1858 id
1395 1835 1446 1862 est,
1466 1833 1496 1858 ut
1516 1837 1578 1857 eum
1604 1834 1735 1863 agnoscat
1749 1837 1810 1857 esse

1024 1878 1124 1906 Christi
1138 1877 1283 1909 vicarium,
1302 1884 1354 1904 non
1369 1877 1469 1911 poterit
1485 1883 1603 1911 unquam
1618 1876 1732 1904 salutem
1743 1883 1812 1903 cou-

1025 1924 1113 1958 sequi.
1125 1923 1203 1954 Nam.
1215 1928 1244 1950 ut
1256 1923 1379 1950 Christus
1392 1922 1491 1957 inquit.
1506 1930 1515 1948 ι
1537 1922 1592 1956 Ego
1608 1929 1668 1949 sum
1688 1921 1786 1949 ostium
1800 1929 1809 1954 ;

1025 1971 1071 2006 qui
1095 1978 1147 1998 non
1175 1970 1258 1998 intrat
1272 1977 1319 2003 per
1335 1969 1448 2001 ostium,
1463 1968 1511 1996 sed
1532 1967 1642 1995 aliunde
1665 1974 1808 1994 ascensum

1025 2023 1111 2052 parat,
1129 2017 1171 2043 l'ur
1190 2021 1271 2043 estet
1284 2015 1355 2042 latro
1369 2015 1392 2031 “
1406 2023 1414 2049 ;
1431 2024 1440 2041 ι
1461 2015 1497 2042 ita
1515 2019 1541 2043 et
1556 2014 1654 2042 Petrus
1667 2014 1727 2050 ejus
1746 2021 1811 2041 sur-

1025 2071 1118 2091 eessur
1132 2063 1197 2090 dicit
1215 2071 1221 2089 :
1238 2071 1247 2087 ‹
1261 2061 1310 2094 Qui
1328 2069 1380 2088 non
1393 2061 1533 2096 ereditper
1546 2069 1588 2088 me
1604 2060 1702 2088 Filium
1717 2060 1813 2087 invisi-

1026 2109 1087 2137 bilis
1109 2109 1154 2135 Dei
1170 2113 1196 2136 et
1212 2108 1298 2136 Patris
1310 2108 1338 2150 in
1355 2115 1438 2134 carne
1454 2107 1586 2141 genitum,
1600 2106 1646 2141 qui
1662 2113 1758 2141 passus
1771 2111 1814 2132 est

1026 2160 1053 2182 et
1071 2155 1230 2185 resurrexit,
1251 2158 1278 2180 et
1305 2152 1403 2181 cetera
1423 2153 1638 2188 dispensationis
1664 2151 1805 2188 mysteria.

1029 2201 1073 2228 hie
1089 2201 1235 2228 haereticus
1251 2204 1291 2227 est
1305 2205 1332 2227 et
1347 2200 1448 2227 salvari
1466 2199 1539 2226 nullo
1555 2206 1675 2234 unquam
1692 2204 1813 2233 tempore

191 2246 302 2277 στάντα,
321 2245 368 2270 καὶ
385 2243 468 2270 τᾶλλα
483 2243 531 2278 τῆς
546 2243 706 2278 οἰκονομίας
730 2245 879 2280 μυστήρια,
899 2243 969 2275 οὗτος

1030 2246 1138 2281 poterit.
1159 2255 1167 2270 I
1187 2244 1250 2272 Haec
1265 2244 1350 2280 igitur
1365 2248 1392 2271 et
1405 2243 1469 2271 talia
1488 2248 1623 2276 tenentes,
1637 2250 1754 2278 quorum
1771 2250 1814 2269 re-

190 2291 326 2325 σῐρετικός
347 2291 415 2323 ἔστι,
440 2290 487 2316 καὶ
511 2288 632 2324 σωθῆναι
655 2289 783 2316 οὐδέποτε
798 2290 974 2324 δυνήσεται.»

189 2338 282 2364 Ταῦτα
294 2337 384 2363 τοίνυν
398 2337 444 2363 καὶ
461 2335 528 2363 ἄλλα
546 2336 563 2363 ᾱ
579 2336 687 2371 πλήρης
699 2337 774 2363 πᾶσα
785 2335 838 2362 τῶν
851 2335 977 2362 διδασκά-

188 2385 243 2409 λων
259 2383 353 2418 γραφὴ
381 2382 500 2418 ἔχοντες,
518 2382 551 2417 τῇ
575 2381 725 2416 Ἐκκλησία
754 2381 975 2414 ὗποτασσὼμεθα

189 2430 236 2454 καὶ
260 2430 289 2454 ἐν
306 2428 374 2462 αὐτῇ
391 2427 528 2462 μένωμεν,
552 2427 599 2453 καὶ
625 2427 656 2452 ὲν
682 2427 714 2461 τῇ
734 2426 858 2461 ὑποταγῇ
889 2426 976 2460 αὐτῆς

190 2473 334 2507 εὐχώμεθα
350 2472 486 2506 διαμεῖναι
509 2471 550 2502 εἰς
565 2471 612 2497 τὸν
628 2470 714 2498 αἰῶνα
731 2470 776 2497 τὸν
793 2470 912 2509 ἅπαντα,
931 2470 975 2496 ἵνα

190 2517 269 2545 ῑλεων
284 2518 329 2545 ’τὸν
354 2518 456 2553 Κύριον
471 2517 597 2552 εὕρωμεν
613 2517 642 2543 ὲν
665 2517 697 2551 τῇ
715 2516 807 2551 ἡμέρᾳ
822 2517 854 2551 τῇ
870 2515 976 2551 φοϐερᾷ

190 2563 239 2598 τῆς
252 2563 466 2595 ἀνταποδόσεως.
482 2562 601 2595 Γένοιτο,
616 2562 735 2596 γένοιτο.
801 2563 803 2565 ’

558 2610 607 2637 ΙΘ¹.

499 2656 664 2691 Ἐπίλογος.

229 2704 298 2737 Ἤδη
323 2703 393 2729 κατὰ
429 2703 542 2729 δυνατὸν
572 2703 622 2739 τὴν
655 2702 796 2739 ἡμετέραν
825 2703 974 2736 ὑπόσχεσιν

191 2750 403 2785 ἑπληρὼσαμεν,
420 2749 730 2786 ὑπεραπολογησάμενοι
754 2748 808 2775 τῶν
824 2749 851 2776 ἐν
865 2748 903 2783 τῷ
918 2748 974 2784 ὅρῳ

192 2797 240 2830 τῆς
256 2797 284 2821 ὲν
300 2794 455 2830 Φλωρεντίσ.
468 2795 575 2821 συνόδου
591 2797 670 2822 πέντε
684 2794 805 2830 ἄρθρων.
816 2795 977 2829 Εὶρήκαμεν

193 2842 221 2867 δὲ
235 2841 330 2871 ταῦτα,
348 2841 402 2866 ἀπὸ
422 2840 477 2866 τῶν
491 2840 588 2866 κοινῶν
602 2841 731 2877 Πατέρων
747 2840 793 2867 καὶ
811 2839 978 2866 διδασκάλων

195 2886 321 2918 λασόντες
334 2886 472 2921 ἀφορμὰς,
490 2885 537 2918 οὒς
550 2887 567 2921 ἡ
585 2886 732 2922 Ἐκκλησία
749 2885 856 2919 δοξάζει
871 2885 978 2919 ἁγίους,

227 2943 248 2960 “
261 2943 338 2973 .loan.
352 2952 376 2975 κ(
393 2944 416 2972 1.

1029 2292 1104 2318 {erue
1128 2296 1192 2318 sunt
1207 2297 1303 2317 omnes
1330 2290 1474 2317 doctorum
1501 2289 1655 2323 scripturae,
1686 2287 1815 2315 Ecclesia:

1029 2337 1195 2372 subjicimur
1211 2336 1239 2364 in
1255 2343 1341 2371 eaque
1355 2342 1558 2372 permanemus,
1577 2339 1603 2362 et
1620 2334 1647 2361 in
1659 2333 1814 2361 obedi’cntia

1026 2383 1088 2418 ejus
1111 2383 1256 2418 persistere
1284 2383 1310 2409 iu
1328 2382 1420 2410 omnia
1451 2382 1550 2409 smcula
1575 2380 1754 2415 deprecamur
1785 2384 1814 2406 ut

1028 2429 1176 2464 propitium
1192 2428 1277 2456 Deum
1302 2428 1497 2456 nanciscamur
1513 2427 1540 2454 in
1556 2426 1695 2454 tremenda
1711 2426 1755 2453 die
1773 2433 1816 2453 re-

1031 2474 1197 2501 tributionis.
1224 2473 1295 2507 Fiat,
1317 2473 1370 2501 liat.

1382 2606 1453 2634 XIX.

1345 2652 1483 2689 Epilogus.
1637 2681 1645 2687 κ

1063 2701 1123 2729 .lam
1152 2702 1242 2737 quoad
1261 2701 1321 2737 ejus
1346 2699 1405 2728 ﬁeri
1427 2699 1516 2736 potuit
1539 2699 1716 2735 praestitimus
1741 2699 1817 2735 quod

1029 2747 1142 2782 polliciti
1170 2754 1274 2779 sumus,
1292 2746 1373 2774 allata
1413 2745 1446 2773 ad
1477 2745 1598 2780 quinque
1625 2744 1755 2773 articulos
1771 2753 1818 2773 re-

1033 2793 1193 2828 sponsione,
1211 2793 1257 2828 qui
1274 2793 1300 2819 in
1319 2793 1429 2820 decreto
1443 2790 1610 2819 Florentium
1633 2791 1730 2826 synodi
1745 2798 1816 2819 con-

1033 2840 1166 2866 tinentur.
1187 2839 1411 2874 Conscripsimus
1435 2845 1500 2865 vero
1517 2837 1574 2864 haec
1597 2844 1611 2864 a
1625 2839 1817 2867 communibus

1033 2885 1161 2913 Patribus
1186 2892 1218 2912 ac
1249 2884 1405 2913 doctoribus
1432 2883 1574 2918 desumpta
1603 2884 1728 2919 materia,
1745 2893 1816 2921 quos
