4016 6216
327 269 396 335 15
1464 264 1669 329 ’LAON
1676 267 1701 328 Ι
1708 265 1783 328 CI
1823 264 2487 328 CHA‘LCOCONDYLIE
3500 264 3567 329 16

323 387 447 439 dam
481 400 496 437 :
533 396 747 447 verum,
801 387 866 436 ut
912 379 1159 436 historiae
1212 378 1385 435 series
1416 386 1536 434 tuto
1563 380 1797 443 feratur,
1830 395 1882 434 ea

1998 382 2098 450 μὲν
2128 381 2264 450 αὐτῇ
2303 381 2447 451 μέγα
2472 377 2532 430 τὸ
2568 375 2902 447 παραυτίκα,
2936 378 3125 448 μεῖζον
3160 378 3215 432 δὲ
3253 381 3347 433 καὶ
3388 382 3442 445 ἐς
3472 378 3571 438 αὖ·

322 475 616 538 adducam,
651 487 775 544 qua:
812 488 976 543 quam
1008 471 1256 543 proxime
1282 470 1349 524 ad
1380 472 1664 525 veritatem
1699 484 1888 525 acces-

319 567 513 622 serint.
545 565 656 620 Nec
700 564 860 620 nobis
892 564 1025 618 vitio
1070 570 1340 627 vertatur,
1373 562 1519 631 quod
1557 562 1747 618 Graeca
1781 562 1888 617 lin-

318 676 423 729 gua
450 659 602 730 operi
640 658 731 714 isti
771 657 1084 713 adhibetur.
1134 657 1190 711 Si
1226 655 1446 726 quidem
1479 671 1541 710 ea
1586 656 1746 710 hodie
1794 670 1890 724 per

320 763 495 807 totum
547 753 703 822 quasi
767 751 957 806 orbem
1011 757 1094 805 est
1148 750 1420 819 dispersa,
1484 760 1537 803 et
1570 748 1889 803 nationibus

316 845 572 900 omnibus
627 845 739 899 fere
794 844 1034 897 immista
1087 843 1430 912 conspicitur
1465 842 1665 909 :cujus
1717 842 1890 912 gloria

1993 477 2095 536 θις,
2138 473 2301 525 ὁπότε
2333 473 2397 541 δὴ
2435 469 2539 524 ἀνὰ
2574 469 2853 539 βασιλείαν
2878 471 2938 523 οὗ
2995 470 3208 541 φαύλην
3254 471 3455 541 Ἕλλην
3510 493 3570 527 τε

1994 568 2157 626 αὐτὸς
2190 564 2461 635 βασιλεὺς,
2497 563 2592 616 καὶ
2617 562 2676 627 ἐξ
2742 560 2907 615 αὑτοῦ
2948 562 3197 632 ἐσόμενοι
3250 563 3509 632 βασιλεῖς,
3534 565 3568 635 ἢ

1996 655 2059 727 δὴ
2099 656 2195 709 καὶ
2233 656 2283 707 οἱ
2316 653 2423 707 τῶν
2465 652 2731 722 Ἑλλήνων
2763 651 2952 713 παῖδες
2985 650 3389 720 ξυλλεγόμενοι,
3426 654 3570 703 κατὰ

2002 747 2150 813 σφῶν
2174 745 2352 799 αὐτῶν
2390 743 2559 813 ἔθιμα
2620 744 2694 806 ὡς
2744 742 2934 813 ἥδιστα
2994 744 3093 810 μὲν
3137 743 3322 809 σφίσιν
3374 743 3571 803 αὐτοῖς,

1995 842 2108 902 τοῖς
2141 839 2196 892 δὲ
2231 837 2412 899 ἄλλοις
2445 837 2519 899 ὡς
2546 838 2813 906 κράτιστα
2872 836 3263 890 πολιτεύοιντο.

317 950 442 989 cum
500 937 570 991 sit
639 936 939 998 excellens,
999 935 1353 990 excellentior
1403 944 1582 988 tamen
1636 934 1878 993 accedet.
1917 933 2138 1003 quando
2166 946 2333 1000 regno
2358 929 2557 984 alicubi
2629 929 2770 983 haud
2838 930 3240 984 contemnendo
3296 928 3577 997 praefuerit

318 1048 413 1086 rex
444 1031 688 1096 Graccus,
724 1039 779 1083 et
810 1030 902 1099 qui
957 1045 1020 1083 ex
1075 1046 1138 1083 eo
1197 1038 1515 1091 nascentur,
1553 1043 1749 1098 reges,
1823 1036 1919 1082 aut
1952 1026 2174 1097 quando
2230 1026 2541 1080 Graecorum
2604 1022 2698 1077 filii
2764 1024 2816 1077 in
2868 1023 3329 1085 unumrcollecti,
3399 1022 3576 1091 patrio

320 1139 474 1179 more
514 1124 857 1193 respublicas
892 1123 999 1178 sibi
1028 1138 1191 1193 quam
1220 1121 1623 1190 jucundissime
1650 1121 2189 1183 administraverint,
2220 1120 2452 1189 reliquis
2526 1133 2656 1172 vero
2728 1131 2890 1184 quam
2956 1117 3339 1185 potentissime
3407 1116 3577 1184 impe-

320 1220 582 1271 raverint.

388 1310 561 1364 Graeci
590 1309 838 1378 quidem,
878 1307 1155 1378 praeclaris
1198 1308 1537 1362 facinoribus
1567 1309 1753 1372 editis,
1787 1323 1895 1378 quo

316 1412 479 1470 pacto
506 1403 781 1470 ingentem
826 1402 929 1458 sibi
965 1402 1280 1472 pepererint
1328 1402 1577 1471 gloriam,
1628 1412 1682 1456 et
1707 1418 1894 1471 quem-

316 1492 613 1547 admodum
678 1492 824 1546 inter
886 1503 1083 1547 cretera
1145 1490 1309 1544 etiam
1360 1492 1415 1545 in
1482 1491 1754 1561 Eumpam
1805 1492 1893 1546 Li-

315 1584 593 1655 byamque
626 1584 898 1648 venerint,
944 1583 1164 1652 Gangen
1211 1583 1597 1651 Oceanumque
1630 1584 1888 1647 adierint,

316 1689 442 1729 cum
475 1676 543 1728 ad
584 1676 685 1730 ista
728 1675 845 1730 loca
904 1658 1283 1743 processerint
1334 1676 1424 1729 alii
1449 1676 1695 1739 plurimi,
1747 1692 1886 1744 quos

316 1766 773 1835 intersﬂercules,
818 1777 872 1822 et
897 1777 1022 1821 ante
1069 1768 1214 1822 hunc
1272 1768 1519 1822 Bacchus
1545 1769 1784 1823 Semeles
1822 1770 1886 1822 fi-

314 1862 448 1927 lius,
511 1870 772 1929 praeterea
818 1859 1215 1914 Lacedaemonii
1267 1870 1322 1914 et
1373 1860 1757 1925 Athenienses,
1791 1877 1885 1929 po-

314 1964 433 2010 stea
466 1952 827 2007 Macedonum
874 1968 989 2016 rex,
1025 1952 1255 2021 ejusque
1291 1933 1664 2014 successores,
1697 1963 1750 2006 et
1780 1970 1887 2021 quo

312 2048 505 2102 ordine
534 2046 748 2115 singula
802 2046 916 2099 haec
968 2052 1115 2113 gesta
1157 2053 1307 2107 sunt,
1350 2046 1570 2115 plurimi
1600 2048 1887 2101 annalibus

311 2138 698 2194 condiderunt.
742 2136 917 2193 Graeci
952 2148 1132 2191 autem
1171 2141 1441 2207 praecipue
1469 2138 1613 2191 hunc
1645 2138 1883 2192 laborem

311 2230 416 2285 sibi
454 2230 799 2299 delegerunt,
846 2230 984 2297 quia
1037 2245 1146 2297 prae
1199 2231 1413 2282 caeteris
1466 2238 1713 2297 tempore
1772 2231 1886 2282 lon-

310 2323 466 2393 giore
488 2323 783 2384 durarunt,
820 2320 1210 2390 fortunamque
1234 2322 1433 2375 virtute
1464 2336 1717 2384 vacuam,
1749 2337 1888 2373 nun-

309 2430 476 2486 quam
511 2423 692 2468 tamen
740 2413 1080 2466 moderatam
1132 2412 1384 2481 plurimis
1435 2413 1884 2482 generationibus

309 2508 688 2562 obtinuerunt.
724 2503 820 2559 llis
854 2515 1116 2575 praeterea
1163 2521 1258 2573 per
1308 2516 1481 2559 totum
1530 2506 1717 2560 orbem
1760 2522 1885 2574 pro-

310 2615 470 2670 spero
493 2614 672 2653 rerum
691 2613 950 2652 successu
976 2596 1279 2661 utentibus,
1307 2599 1589 2667 comperio
1608 2597 1880 2669 Assyrios,

309 2700 528 2762 gentem
586 2690 1052 2760 antiquissimam,
1119 2692 1435 2744 memoriam
1486 2692 1570 2744 sui
1620 2690 1882 2746 facientes

310 2781 718 2853 longissimam,
755 2780 1228 2849 Asiaeimperium
1264 2795 1583 2849 occupasse.
1620 2781 1749 2835 lleiu
1778 2782 1884 2837 Me-

308 2876 409 2932 dos
459 2875 526 2929 ad
567 2873 715 2927 Asia:
759 2873 1050 2942 imperium
1102 2875 1421 2936 subvectas,
1468 2873 1607 2927 duce
1646 2873 1882 2929 Sarbare

310 2971 494 3039 (quem
548 2966 801 3022 Justinus
841 2964 1137 3020 Arbactum
1175 2975 1229 3020 et
1258 2966 1507 3021 Arbacen
1542 2968 1718 3036 vocat)
1751 2968 1882 3021 Saro

2071 1305 2333 1368 Ἕλληνες
2367 1304 2464 1373 μὲν
2496 1298 2587 1356 οὖν
2634 1303 2733 1355 ὅσα
2774 1301 3219 1371 ἀποδεικνύμενοι
3280 1300 3416 1371 ἔργα
3479 1319 3575 1371 μεσ-

1997 1398 2140 1464 γὰλα
2181 1414 2239 1449 τε
2303 1397 2396 1448 καὶ
2429 1395 2728 1465 περιφανῆ,
2784 1396 2877 1446 ἐπὶ
2903 1395 3045 1462 μέγα
3096 1396 3354 1461 ἀφίκοντο
3418 1395 3574 1457 κλέος

1995 1488 2138 1542 κατά
2191 1504 2249 1541 τε
2312 1486 2446 1540 ἄλλα
2496 1488 2592 1538 καὶ
2628 1484 2919 1554 Εὐρώπην,
2952 1487 3046 1537 καί
3079 1484 3143 1553 δὴ
3201 1485 3296 1537 καὶ
3340 1485 3567 1555 Λιϐύην,

1996 1582 2086 1632 ἐπὶ
2109 1580 2327 1647 Γάγγην
2360 1580 2531 1631 τεκαὶ
2575 1572 2847 1638 Ὠκεανὸν,
2887 1581 2980 1628 καὶ
3011 1576 3104 1628 ἐπὶ
3151 1574 3436 1628 Καύκασον
3489 1577 3569 1628 ἔτι

1992 1672 2306 1735 ἐλαύνοντες
2336 1689 2349 1702 ·
2414 1673 2507 1724 ἐπὶ
2558 1670 2736 1724 ταῦτα
2785 1670 2841 1723 δὲ
2897 1669 3342 1739 προεληλυθότων
3382 1670 3569 1724 ⁴ἄλλων

1994 1779 2054 1814 τε
2081 1755 2290 1815 πολλῶν
2313 1761 2408 1815 καὶ
2440 1761 2503 1832 δὴ
2528 1762 2621 1813 καὶ
2664 1759 3020 1829 Ἡρακλέους,
3055 1762 3149 1811 καὶ
3172 1759 3251 1811 ἔτι
3305 1761 3569 1831 πρότερον

1993 1854 2088 1906 τοῦ
2116 1855 2376 1907 Διονύσου
2404 1853 2495 1905 τοῦ
2565 1855 2810 1920 Σεμέλης
2843 1856 3006 1916 υἱέος,
3044 1854 3141 1906 καὶ
3192 1854 3327 1921 πρός
3377 1871 3439 1921 γε
3488 1855 3568 1908 ἔτι

1994 1944 2434 2012 Λακεδαιμονῐων
2466 1943 2559 1994 καὶ
2604 1943 2925 2012 ’Λθηναίιι›ν,
2959 1944 3099 2011 μετὰ
3121 1944 3179 1997 δὲ
3238 1944 3411 1997 ταῦτα
3451 1948 3568 1998 Μα-

1994 2034 2227 2087 κεδόνων
2285 2034 2378 2087 τοῦ
2436 2033 2736 2102 βασιλέως,
2797 2036 2890 2087 καὶ
2938 2038 3036 2105 τὴν
3090 2036 3279 2089 τούτου
3343 2036 3568 2105 ὕστερον

1994 2126 2291 2196 ἠγεμονίαν
2363 2126 2646 2196 ἑχόντων,
2701 2127 2884 2179 πολλοὶ
2941 2128 3182 2198 πολλαχῆ
3233 2130 3439 2182 ἕκαστα
3493 2132 3570 2195 ὡς

1993 2221 2260 2287 ἐγένοντο,
2302 2220 2454 2274 ἄλλοι
2494 2221 2927 2290 ἐπιμνησὰμενοι
2986 2223 3088 2274 ικαὶ
3135 2224 3565 2291 συνεγράψαντο.

1996 2313 2258 2382 ’Έλληνες
2285 2311 2383 2381 μὲν
2412 2308 2505 2365 οὖν
2522 2310 2694 2364 ταῦτα
2735 2314 3135 2382 διεπράττοντο,
3179 2317 3267 2367 ἐπὶ
3321 2317 3455 2367 πολὺ
3491 2317 3567 2377 ὡς

1996 2406 2233 2473 μάλιστα
2265 2404 2357 2457 τοῦ
2411 2404 2605 2473 χρόνου
2655 2404 3027 2472 διαγενόμενοι
3069 2407 3161 2457 καὶ
3220 2405 3313 2458 ἐπὶ
3366 2406 3563 2475 συχνὰς

1990 2498 2184 2564 γενεὰς
2233 2496 2405 2565 τύχην
2454 2495 2656 2563 ἀρετῆς
2722 2496 2878 2548 ἐνδεᾶ
2930 2496 3150 2565 σχόντες
3205 2498 3518 2567 ἁπανταχοῦ
3548 2537 3565 2558 ,

1992 2590 2305 2659 ξύμμετρον
2328 2589 2383 2641 δὲ
2411 2588 2669 2656 οὐδαμοῦ.
2721 2589 2845 2640 Ἐπὶ
2879 2589 3082 2640 τούτων
3116 2606 3175 2641 τε
3206 2591 3315 2659 γὰρ
3367 2590 3569 2643 πολλα-

1990 2682 2061 2753 χῆ
2082 2682 2186 2734 ἀνὰ
2219 2682 2317 2749 τὴν
2346 2681 2675 2748 οἰκουμένην
2710 2679 3191 2747 εὐδαιμονούντων,
3244 2680 3569 2750 Ἀσσυρίους

1994 2776 2095 2845 μὲν
2120 2776 2181 2829 τὸ
2200 2775 2568 2828 παλαιότατον
2623 2771 2940 2840 ἐπυθόμεθα
2972 2772 3142 2840 ἀκοῆς
3181 2773 3273 2826 ἐπὶ
3308 2775 3373 2826 τὸ
3431 2777 3573 2843 μνή..

1993 2889 2099 2940 μης
2136 2871 2473 2939 μακρότατον
2500 2866 2879 2935 ἀφικομένους,
2937 2866 3029 2918 ἐπὶ
3079 2869 3178 2937 τὴν
3222 2869 3322 2936 τῆς
3379 2870 3569 2933 Ἀσίας

1987 2964 2165 3032 ἀρχὴν
2186 2961 2654 3032 προεληλυθέναι*
2707 2958 2842 3027 μετὰ
2899 2956 2953 3016 δὲ
2998 2960 3169 3016 ταῦτα
3232 2962 3449 3027 Μήδους
3507 2965 3599 3024 ἐς’

315 3058 644 3127 danapalum
680 3057 1031 3125 Assyriorum
1069 3071 1249 3124 regem
1304 3057 1880 3125 regnmdeturbantes.

1989 3052 2144 3107 τοῦτο
2202 3053 2634 3123 καθισταμένους
2687 3055 3039 3127 ἡγησαμένου
3097 3055 3398 3123 Σαρὸἁρεω
3465 3055 3569 3109 τοῦ

309 3150 416 3206 Sed
444 3151 585 3206 Asiae
638 3151 1013 3205 monarchiam
1062 3149 1277 3204 tandem
1333 3152 1661 3213 amiserunt,
1696 3154 1823 3205 victi
1854 3169 1883 3208 a

310 3242 453 3312 Cyro
475 3241 767 3297 Persarum
793 3258 945 3308 rege.
971 3241 1041 3294 At
1078 3241 1203 3296 hinc
1233 3240 1527 3296 Persarum
1560 3258 1713 3309 reges
1740 3243 1880 3299 adeo

310 3332 367 3387 in
400 3333 732 3388 immensum
791 3333 934 3387 aucti
979 3341 1132 3394 sunt,
1175 3341 1233 3386 ut
1290 3331 1456 3386 etiam
1508 3334 1561 3385 in
1608 3334 1882 3401 Europam

313 3424 662 3493 trajecerint.
695 3423 924 3488 Deinde,
965 3423 1107 3479 haud
1133 3422 1319 3478 multis
1340 3423 1555 3478 saeculis
1590 3432 1736 3493 post,
1760 3424 1886 3479 Ale-

312 3514 521 3571 xander
556 3515 912 3572 Macedonum
948 3531 1069 3581 rex,
1115 3525 1299 3586 erepta
1350 3517 1532 3571 Persis
1579 3517 1719 3571 Asia:
1766 3533 1882 3571 mo-

307 3610 561 3672 narcliia,
622 3608 770 3663 Indis
819 3609 1073 3671 devictis,
1135 3608 1365 3679 Europa:
1425 3610 1679 3680 Asiaeque
1725 3620 1881 3681 parte

310 3699 454 3754 haud
484 3700 800 3770 pmnitenda
830 3700 1117 3762 debellata,
1152 3701 1270 3755 suis
1310 3701 1532 3770 reliquit
1560 3703 1879 3772 imperium.

308 3789 523 3845 Exinde
572 3790 803 3846 Romani
873 3807 996 3846 cum
1044 3802 1245 3848 essent
1301 3794 1445 3848 nacti
1491 3794 1780 3862 imperium
1822 3796 1877 3849 in

308 3887 443 3939 orbe
476 3886 636 3953 longe
692 3886 910 3955 lateque
960 3887 1284 3951 maximum,
1317 3895 1570 3942 tenentes
1603 3888 1877 3942 fortunam

307 3974 502 4029 virtuti
537 3974 589 4045 3
615 3976 988 4045 aaqnilibrem,
1022 3975 1421 4031 commiserunt
1462 3973 1686 4027 Romani
1736 3973 1884 4026 Pon-

308 4065 441 4120 tifici
477 4068 737 4123 maximo.
771 4067 874 4137 Ipsi
916 4083 1046 4123 vero
1070 4068 1239 4123 ductu
1279 4068 1515 4123 Caesaris
1538 4067 1880 4121 transierunt

304 4157 362 4213 in
387 4158 678 4214 Thraciam
705 4160 826 4230 (-1);
867 4168 922 4214 et
967 4161 1017 4215 in
1066 4176 1129 4216 ea
1184 4160 1410 4230 regione
1456 4160 1544 4214 ubi
1584 4160 1727 4212 Asiae
1754 4173 1881 4228 pro-

304 4249 454 4304 xima
489 4259 595 4314 est,
644 4250 970 4321 Byzantium
1019 4251 1211 4306 urbem
1257 4249 1503 4306 Graecam
1556 4247 1699 4317 (quae
1731 4261 1879 4301 nunc

301 4344 813 4415 Constantanpolis
878 4345 1006 4416 est).
1047 4346 1299 4401 Thracia
1346 4326 1691 4413 metrOpolim
1748 4358 1880 4395 con-

1988 3144 2431 3215 Σαρδαναπάλου,
2493 3145 2795 3217 Ἀσσυρίων
2849 3149 3133 3216 βασιλέως,
3202 3147 3298 3217 τὴν
3359 3150 3569 3217 ήγεμου

1988 3235 2107 3287 νίαν
2155 3234 2515 3302 ἀφελομένου,
2553 3236 2781 3307 ὕστερον
2808 3238 2913 3292 ὑπὸ
2984 3239 3212 3309 Περσῶν
3264 3239 3362 3305 τὴν
3404 3238 3567 3305 βασι-

1986 3326 2138 3379 λείαν
2175 3326 2495 3387 ἀπεϐαλεῖν.
2530 3330 2837 3397 ἡγουμένου
2874 3330 3059 3399 Κύρου
3100 3328 3194 3384 τοῦ
3222 3331 3560 3401 Καμῦύσεω.

1986 3418 2082 3471 καὶ
2112 3418 2330 3486 Πέρσας
2362 3420 2419 3471 τὸ
2448 3420 2554 3472 ἀπὸ
2598 3421 2751 3474 τοῦδε
2782 3422 2875 3475 ἐπὶ
2911 3422 3056 3493 μέγα
3104 3423 3358 3493 χωρῆσαι
3404 3424 3568 3478 δυνά-

1990 3528 2155 3579 μεως,
2181 3511 2250 3563 τά
2278 3528 2335 3562 τε
2370 3510 2504 3564 ἄλλα
2535 3515 2631 3566 καὶ
2666 3514 2724 3574 ἐς
2771 3514 3041 3584 Εὐρώπην
3069 3516 3374 3578 διαϐάντες.
3407 3519 3566 3571 Μετὰ

1984 3602 2234 3655 δὲταῦτα
2268 3602 2493 3672 ὕστερον
2547 3604 2607 3655 ού
2664 3606 2889 3668 πολλαῖς
2930 3610 3151 3674 γενεαῖς
3211 3607 3566 3674 Ἀλέξανδρον

1983 3693 2074 3747 τὸν
2095 3693 2363 3747 Φιλίππου
2414 3695 2742 3747 Μακεδόνων
2808 3698 3055 3764 βασιλέα,
3116 3698 3323 3766 Πέρσας
3365 3698 3566 3764 ἀφελό-

1987 3804 2149 3858 μενον
2171 3787 2267 3856 τὴν
2292 3787 2611 3857 ἠγεμονίαν,
2647 3789 2745 3841 καὶ
2778 3789 2976 3852 Ἰνδοὺς
3013 3791 3565 3860 καταστρεψάμενον,

1983 3880 2079 3933 καὶ
2113 3877 2322 3948 Λιϐύης
2340 3881 2538 3950 μοτραν
2561 3881 2662 3933 οὐκ
2683 3880 2894 3949 ὀλίγην,
2920 3882 3052 3948 πρὸς
3078 3884 3132 3934 δὲ
3156 3885 3249 3935 καὶ
3266 3882 3563 3954 Εὐρώπης,

1981 3972 2095 4031 τοῖς
2132 3970 2251 4039 μεθ’
2281 3971 2475 4023 έαυτὺν
2527 3971 2806 4040 βασιλείαν
2835 3975 2855 4004 ⁸
2889 3975 3232 4029 καταλιπεῖν.
3276 3975 3363 4039 Ἐς
3414 3975 3443 4028 ὃ
3495 3978 3566 4046 δὴ

1991 4061 2296 4129 Ῥωμαίους
2330 4064 2419 4116 ἐπὶ
2444 4062 2541 4132 τὴν
2565 4065 2663 4133 τῆς
2689 4066 3016 4136 οἰκουμένης
3051 4068 3319 4135 μεγίστην
3380 4068 3567 4137 ἀρχὴν

1981 4154 2367 4223 ἀφικομένους,
2399 4155 2740 4209 [σο-τάλαντον
2789 4156 3011 4226 ἔχοντας
3058 4158 3229 4228 τύχην
3264 4162 3329 4229 τῇ
3364 4160 3565 4231 ἀρετῇ,

1981 4247 2377 4317 ἐπιτρέψαντας
2414 4247 2630 4317 Ῥώμην
2647 4249 2725 4319 τῷ
2758 4253 3003 4320 μεγίστῳ
3054 4252 3235 4304 αὐτῶν
3286 4253 3563 4325 ἀρχιερεῖ,

1983 4343 2074 4393 καὶ
2105 4342 2399 4406 διαῆάντας
2424 4344 2478 4404 ές
2529 4342 2752 4413 Θρᾴκην
2787 4346 3167 4413 ὑφηγουμένου
3195 4346 3288 4398 ἐπὶ
3310 4346 3436 4399 τάδε
3462 4348 3565 4400 τοῦ

304 4436 618 4502 stituentes,
644 4453 767 4492 cum
800 4436 1003 4501 Persis,
1057 4453 1087 4491 a
1138 4437 1343 4507 quibus
1377 4436 1703 4506 gravissime
1744 4436 1880 4489 aﬂli-

1989 4435 2266 4502 βασιλέως,
2335 4435 2427 4486 καὶ
2483 4436 2703 4506 Θρᾴκης
2773 4438 2863 4489 ἐπὶ
2923 4436 3127 4508 χώραν,
3191 4438 3313 4501 ἣτις
3361 4442 3416 4501 ἐς
3458 4440 3569 4507 τὴν

304 4526 592 4595 gebantur,
648 4527 887 4597 plurima
933 4529 1127 4596 praelia
1180 4528 1453 4582 fecerunt.
1484 4526 1658 4581 Graeci
1698 4538 1876 4581 autem

303 4633 369 4672 ex
401 4634 468 4673 eo
530 4629 777 4689 tempore
843 4618 1108 4673 Romanis
1157 4619 1457 4677 commisti.
1508 4618 1749 4671 cumbis
1782 4618 1880 4671 ali-

304 4720 514 4781 quanto
547 4711 737 4782 plures
779 4727 1008 4768 numero
1049 4721 1259 4779 essent,
1308 4711 1550 4776 linguam
1591 4727 1745 4766 suam
1783 4726 1878 4781 pa-

307 4806 559 4875 triosque
591 4822 774 4862 mores
826 4806 892 4862 ad
951 4808 1113 4863 tinem
1170 4822 1344 4877 usque
1394 4814 1713 4862 constanter
1744 4805 1875 4861 reti-

306 4905 587 4961 nuerunt;
634 4912 736 4952 nec
769 4907 948 4953 tamen
1000 4899 1235 4968 patrium
1268 4914 1466 4953 nomen
1500 4899 1635 4968 ipsis
1663 4914 1876 4952 reman-

307 4988 401 5048 sit,
445 4999 634 5042 verum
668 4995 940 5043 mutatum
972 4999 1080 5045 est.
1115 4989 1250 5044 Nam
1286 4988 1536 5060 Byzantii
1574 5005 1728 5058 reges
1762 5006 1868 5043 non

307 5078 547 5150 amplius
577 5078 723 5135 istud
759 5096 959 5136 nomen
988 5092 1362 5151 gestaverunt,
1393 5083 1487 5138 sed
1522 5098 1717 5152 magna
1746 5096 1870 5135 cum

307 5172 661 5229 veneratione
692 5175 905 5244 seipsos
946 5174 1227 5229 Romanos
1260 5157 1725 5246 imperatoremet
1756 5174 1870 5227 Cae-

307 5278 479 5329 sares,
514 5278 616 5322 nec
653 5265 969 5322 Graecorum
1017 5283 1197 5336 reges,
1244 5277 1724 5336 nuncupaverunt.
1757 5266 1865 5319 Ro-

1996 4527 2185 4579 Ἀσίαν
2234 4527 2519 4592 ἐγγυτάτω
2572 4532 2844 4591 οἰκεῖται,
2908 4531 3202 4594 Βυζάντιον
3274 4530 3566 4597 Ἑλληνίδα

1982 4620 2159 4682 πόλιν,
2186 4619 2523 4689 μητρόπολιν
2553 4623 2705 4688 σφῶν
2755 4622 3180 4685 ἀποδεικνύντας
3227 4622 3363 4691 πρὸς
3419 4623 3569 4693 Πέρ-

1984 4728 2107 4774 σας,
2172 4712 2265 4779 big’
2322 4704 2397 4762 ὧν
2445 4712 2718 4779 ἀνήκεστα
2768 4714 3161 4774 ἐπεπόνθεσαν,
3215 4715 3305 4765 τὸν
3364 4714 3567 4781 ἀγῶνα

1981 4802 2281 4866 ποιεῖσθαι,
2321 4802 2588 4872 Ἕλληνάς
2619 4820 2678 4855 τε
2705 4805 2766 4855 τὸ
2790 4806 2899 4856 ἀπὸ
2937 4804 3088 4857 τοῦδε
3134 4803 3431 4871 Ῥωμαίοις
3463 4805 3568 4859 αὐ-

1979 4893 2071 4948 τοῦ
2096 4895 2518 4961 ὲπιμιγγύντας,
2543 4893 2792 4961 γλῶτταν
2819 4895 2917 4963 μὲν
2949 4897 3040 4947 καὶ
3072 4894 3175 4962 ἤθη
3198 4896 3265 4947 τὰ
3303 4896 3560 4969 ἑαυτῶν,

1985 4985 2063 5055 τῷ
2095 4984 2279 5052 πο).λῷ
2304 4986 2538 5044 πλέονας
2571 4983 2867 5052 Ῥωμαίων
2911 4984 3180 5054 ’Έλληνας
3223 4985 3390 5037 αὐτοῦ
3430 4990 3566 5043 ἐπι-

1991 5080 2240 5148 κρατεῖν,
2272 5076 2360 5130 διὰ
2378 5077 2566 5138 τέλους
2591 5075 2823 5146 φυλάξαι
2843 5092 2857 5107 σ
2877 5076 3113 5145 τοῦνομα
3140 5075 3322 5145 μέντοι
3356 5082 3569 5147 μηκέτι

1984 5174 2123 5226 κατὰ
2146 5172 2206 5225 τδ
2226 5174 2458 5241 πάτριον
2488 5172 2857 5240 καλουμένους
2878 5170 3210 5237 ἀλλάξασθαι
3242 5186 3256 5201 ⁸
3296 5175 3393 5225 καὶ
3433 5177 3567 5238 τούς

1983 5281 2045 5330 γε
2075 5264 2313 5333 βασιλεῖς
2372 5263 2666 5328 Βυζαντίου
2720 5264 2811 5316 ἐπὶ
2872 5264 2933 5316 τὸ
2987 5265 3125 5333 σφᾶς
3166 5263 3366 5327 αὐτοὺς
3427 5266 3565 5319 Ῥωο

1577 5407 1825 5469 Νοιυίω
1859 5407 2267 5486 marginales.

375 5523 452 5593 (Ι)
484 5524 871 5584 Constantinus
898 5531 1180 5600 imperium
1214 5532 1279 5585 ad
1310 5531 1528 5587 Graecos
1576 5533 1834 5587 transfert
1876 5549 2004 5587 ann.
2034 5532 2155 5587 533.

374 5678 395 5712 ⁸
417 5681 514 5753 τὴν
543 5683 719 5753 βασιλ.
