4016 6216
355 256 427 315 2'3
1469 266 1773 325 LAONICI
1812 267 2476 329 CHALCOCONDYLiE
3511 263 3584 328 ‘24

356 367 499 418 rium
560 367 1092 435 acclpercnt,brevi
1154 372 1268 427 suis
1322 375 1683 428 maximarum
1746 393 1909 446 opum

2020 379 2270 443 λαϐόντα,
2310 383 2402 433 ἐπὶ
2441 381 2536 448 τῆς
2567 378 2740 449 ταύτῃ
2770 379 2969 449 ὁμόρου
2999 377 3184 449 χώρας
3224 385 3582 452 καταστροφῇ

354 467 544 510 auctor
585 459 707 512 fuit.
764 459 967 515 Deinde
1022 479 1144 516 cum
1174 463 1419 533 quotidie
1466 464 1737 520 Nomades
1793 471 1913 536 plu-

351 548 477 602 rimi
505 549 573 604 ad
601 552 780 619 ipsum
837 553 1197 618 conﬂuerent,
1253 565 1304 609 et
1333 557 1388 608 in
1443 557 1565 609 belli
1601 560 1912 614 societatem

353 631 618 697 adversus
674 645 937 700 ﬁnitimos
982 649 1425 713 admitterentur,
1461 650 1680 704 tandem
1717 654 1912 706 mirum

352 733 406 785 in
442 734 657 788 modum
683 736 895 806 imperii
941 739 1024 791 sui
1067 740 1330 806 pomoeria
1355 753 1759 810 promoverunt.
1787 741 1917 796 Pro-

353 833 476 893 pter
515 844 602 880 res
640 828 856 882 fcititer
883 841 1062 899 gestas
1094 833 1257 884 etiam
1304 833 1548 888 Aladina:
1574 836 1771 890 Charus
1824 850 1916 888 ac-

352 929 659 989 ceptusque
698 934 834 976 erat.
887 923 1024 976 Sunt
1049 924 1139 991 qui
1193 925 1495 981 litterarum
1535 927 1914 984 monumentis

353 1010 616 1078 scriptum
675 1015 962 1083 reliquere,
1008 1016 1334 1084 Ogusiorum
1399 1019 1599 1071 tribum
1653 1018 1913 1086 auspiciis

350 1103 630 1171 ductuque
663 1107 982 1175 ()rthogulis
1030 1110 1144 1164 loca
1200 1111 1354 1178 juxta
1402 1110 1640 1164 Taurum
1709 1112 1914 1165 munita

2025 473 2269 525 ἐντεῦθεν
2295 472 2606 542 ὡρμῆσθαι,
2628 475 2720 524 καὶ
2742 470 2865 532 τούς
2891 487 2952 538 γε
2989 471 3256 541 Ἐλλήνων
3278 474 3588 541 περιοίκους

2027 565 2202 630 ἄγειν,
2243 567 2336 616 καὶ
2385 563 2479 616 ἐπὶ
2528 564 2671 632 μέγα
2706 565 2956 632 χωρῆσαι
3001 562 3305 631 δυνάμεως.
3355 565 3441 626 Ὠς
3490 565 3589 634 μὲν

2024 650 2117 708 οὖν
2156 653 2329 722 ἀρχὴν
2357 651 2480 722 ἔσχε
2514 652 2725 714 τούτοις
2753 651 2821 703 τὰ
2848 649 3175 720 πράγματα,
3201 651 3294 702 καὶ
3319 653 3394 713 ὡς
3417 652 3588 722 ταύτῃ

2023 746 2055 814 ἦ
2084 745 2216 814 ἄλλῃ
2253 743 2487 811 ἐγένετο,
2533 742 2630 794 οὐκ
2675 742 2741 794 ἂν
2784 739 2925 792 οὕτω
2958 741 3156 810 ῥᾳδίως
3182 742 3357 792 εἰπεῖν
3388 742 3587 810 ἔχοιμι,

2025 836 2130 888 ὑπὸ
2165 835 2374 887 πολλῶν
2402 834 2585 904 μέντοι
2616 831 2910 900 λεγόμενα.
2939 829 3130 882 Ταῦτα
3162 829 3219 882 δὲ
3249 830 3307 891 ἐς
3333 828 3589 881 τοσοῦτον

2025 925 2470 995 ἑπιμνησάμενος
2511 923 2773 991 παρίημι.
2817 921 2904 983 Ὠς
2956 921 3012 973 δὲ
3058 920 3447 990 Ὀτουμανίδας
3489 920 3589 986 τῆς

2035 1022 2334 1088 Ὀγουζίων
2384 1021 2577 1089 μοίρας
2624 1018 2717 1070 ἐπὶ
2750 1017 2907 1087 τήνδε
2956 1017 3214 1086 ἀφίκοντο
3245 1015 3344 1084 τὴν
3389 1013 3587 1084 ἀρχὴν,

2023 1105 2124 1165 ὦδε
2161 1113 2416 1178 γενέσθαι
2448 1112 2754 1180 ἐπυθόμην.

352 1210 692 1264 occupasse,
739 1213 791 1256 et
841 1202 970 1256 hinc
1000 1205 1168 1257 armis
1196 1205 1494 1258 instructos
1522 1212 1930 1272 procurrentes,
1973 1203 2262 1259 ﬁnitimam
2316 1207 2588 1273 regionem
2644 1203 2969 1272 subjugasse
3000 1220 3013 1256 :
3049 1202 3267 1258 ϐιαιοοε
3331 1200 3448 1270 ejus
3499 1215 3588 1254 re-

349 1290 529 1359 gionis
561 1295 776 1349 accolas
826 1295 1116 1360 devicisse,
1191 1311 1403 1364 suoque
1473 1299 1702 1368 imperio
1754 1299 1989 1352 maxima
2032 1299 2297 1368 adjecisse
2334 1299 2691 1353 incrementa.
2732 1296 2866 1363 Qua:
2899 1307 3082 1351 autem
3141 1297 3332 1350 horum
3367 1296 3434 1348 ah
3482 1293 3587 1346 ini-

346 1383 426 1435 ιίο
487 1383 651 1444 fuerit
680 1389 949 1453 conditio,
1016 1389 1227 1454 adhaac,
1266 1404 1465 1442 verane
1509 1391 1619 1442 sint
1650 1404 1718 1442 an
1786 1389 1917 1443 falsa
1957 1406 2076 1458 quae
2115 1390 2180 1444 de
2217 1390 2351 1458 ipsis
2401 1392 2560 1444 modo
2626 1390 3006 1457 exposuimus,
3067 1404 3173 1442 non
3237 1386 3395 1440 facile
3445 1386 3587 1438 afﬁr-

347 1489 500 1529 mare
531 1480 748 1534 ausim:
782 1482 1032 1550 quamvis
1080 1482 1298 1550 plurimi
1341 1483 1636 1552 scriptores
1684 1500 1745 1538 ea
1799 1487 2316 1552 commemorarint;
2361 1487 2586 1556 proinde
2633 1501 2756 1539 cum
2819 1501 2881 1538 ea
2931 1486 3194 1538 hactenus
3249 1487 3315 1539 ab
3377 1483 3586 1555 origine

347 1571 678 1637 repetierim,
713 1589 853 1628 nunc
887 1573 1120 1642 amplius
1152 1575 1217 1627 de
1251 1573 1336 1628 his
1397 1575 1564 1629 verba
1625 1577 1808 1629 facere
1883 1580 2237 1644 supersedeo.
2304 1579 2576 1644 Quantum
2648 1592 2778 1631 vero
2830 1578 3023 1630 attinet
3079 1575 3148 1628 ad
3203 1576 3582 1641 Otomanidas,

347 1679 410 1716 ex
467 1665 670 1719 familia
721 1665 1052 1734 Oguziurum
1088 1679 1257 1732 ortos,
1316 1680 1372 1723 ut
1421 1670 1486 1722 ad
1548 1670 1913 1724 clarissimum
1955 1672 2057 1725 hoc
2083 1671 2370 1740 imperium
2401 1671 2693 1734 evaserint,
2733 1683 2876 1722 nunc
2917 1668 3212 1738 explanare
3259 1668 3508 1722 instituo.

422 1758 588 1813 Vicus
619 1769 703 1816 est
742 1761 893 1829 juxta
920 1761 1167 1830 Mysiam,
1196 1776 1358 1832 quem
1415 1760 1677 1832 Sogutam
1726 1760 1914 1815 incolae

2091 1763 2243 1814 Ἐστι
2274 1764 2512 1831 Σογούτη
2562 1760 2716 1831 παρὰ
2754 1761 2968 1814 Μυσίαν
3015 1759 3178 1828 κώμη
3204 1759 3344 1812 οὕτω
3383 1761 3583 1814 καλου-

345 1859 570 1909 vocant.
605 1851 698 1905 ubi
735 1861 818 1903 est
846 1859 897 1905 et
923 1850 1123 1904 ﬂuvius
1160 1852 1400 1921 ejusdem
1454 1851 1713 1916 nominis,
1749 1849 1914 1905 Vicus

344 1939 441 1992 ille
472 1957 651 1993 rerum
682 1943 927 1994 omnium
1000 1941 1290 1995 adﬂuentia
1343 1941 1529 2010 pollet,
1577 1949 1820 1995 remotus
1885 1957 1914 1994 a

346 2031 484 2084 mari
512 2031 728 2086 Euxino
765 2033 1018 2086 ducentis
1045 2033 1443 2102 quinquaginta
1481 2032 1695 2086 stadiis.
1729 2031 1915 2087 Potest

344 2122 488 2174 idem
517 2120 669 2174 locus
696 2120 821 2174 itere
848 2121 1007 2176 vicus
1044 2123 1335 2175 nominari.
1373 2123 1432 2176 ln
1470 2122 1608 2176 hanc
1636 2122 1909 2191 regionem

344 2228 469 2266 cum
510 2213 697 2282 Oguz-li
725 2224 1122 2280 penetrassent,
1153 2214 1225 2269 ibi
1243 2214 1521 2282 aliquanto
1550 2222 1795 2284 tempore
1815 2213 1910 2267 ha-

347 2305 615 2359 bitarunt.
653 2306 700 2374 7
730 2303 1061 2360 Ottomanus
1094 2318 1270 2360 autem
1297 2306 1396 2376 t9),
1417 2304 1729 2373 Orthogulis
1750 2305 1910 2369 titius,

354 2396 514 2448 initio
537 2410 638 2450 non
660 2397 949 2451 admodum
975 2397 1232 2452 secundis
1251 2398 1512 2468 agebatur
1529 2398 1755 2452 fortunae
1780 2395 1915 2450 ﬂati-

342 2487 471 2542 bus.
493 2487 724 2550 Proinde
746 2505 865 2543 cum
885 2498 1027 2545 esset
1049 2490 1231 2545 animo
1256 2490 1461 2544 liberali
1488 2499 1540 2545 et
1573 2490 1693 2544 forti
1721 2489 1911 2560 prtedi-

345 2591 457 2645 tus,
493 2583 705 2635 animos
737 2597 924 2636 eorum
948 2583 1039 2652 qui
1069 2583 1122 2636 in
1154 2582 1275 2635 vico
1301 2583 1555 2652 agebant,
1587 2583 1781 2652 opibus
1811 2581 1912 2636 sibi

348 2674 624 2738 conciliat,
660 2673 922 2744 brevique
966 2675 1071 2729 sibi
1104 2675 1489 2729 devotissimos
1527 2676 1737 2729 habuit.
1778 2674 1913 2728 Hinc

347 2779 473 2818 cum
516 2765 659 2821 odiis
703 2775 983 2820 certarent
1042 2765 1319 2821 continuis
1354 2767 1613 2822 adversos
1657 2765 1910 2830 Graecos,

345 2855 593 2910 omnium
628 2873 856 2913 assensu
922 2859 1222 2927 imperator
1253 2860 1561 2914 declaratus
1598 2871 1703 2915 est.
1761 2857 1912 2912 Bello

346 2951 535 3018 itaque
566 2949 792 3004 adortus
823 2948 1068 3014 Graecos,
1096 2950 1187 3019 qui
1223 2950 1280 3004 in
1332 2965 1396 3005 ea
1434 2949 1656 3021 regione
1703 2948 1914 3002 habita-

349 3043 502 3105 bant,
527 3056 635 3095 non
673 3040 822 3108 prius
847 3041 1040 3110 proelio
1071 3042 1326 3110 excessit,
1360 3057 1521 3112 quam
1555 3056 1677 3096 cum
1724 3055 1913 3095 omnes

348 3146 438 3190 aut
487 3136 800 3204 cecidisset,
840 3145 934 3194 aut
984 3137 1247 3208 fugasset.

351 3231 538 3286 torsit.

1329 3137 1466 3194 Hinc
1521 3154 1776 3210 prospere
1834 3137 2260 3192 succedentibus
2329 3137 2509 3202 rebus,

2019 1852 2161 1920 μένη
2200 1854 2495 1922 εὐδαίμων,
2547 1853 2642 1906 καὶ
2696 1851 2938 1919 ποταμὸς
2989 1854 3116 1921 παρ’
3144 1851 3281 1920 αὐτῇ
3311 1851 3454 1904 οὓτω
3477 1869 3580 1903 κα-

2017 1943 2296 2012 λούμενος.
2329 1946 2507 2012 Διέχει
2541 1944 2597 1996 δὲ
2629 1945 2736 1997 ἀπὸ
2771 1943 3042 2013 θαλάττης
3073 1943 3174 2010 τῆς
3201 1943 3294 1995 τοῦ
3327 1941 3579 2004 Εὐξείνου

2017 2039 2214 2089 πόντου
2252 2038 2499 2100 σταδίους
2545 2036 2677 2088 ὡσεὶ
2725 2036 3070 2105 πεντήκοντα
3115 2036 3209 2087 καὶ
3251 2035 3578 2097 διακοσίους·

2017 2131 2233 2186 καλοῖτο
2276 2132 2321 2184 δ’
2370 2133 2436 2185 ἂν
2484 2131 2623 2202 αὕτη
2681 2131 2881 2193 Ἰταίας
2923 2130 3103 2201 κώμη.
3160 2131 3244 2192 Ἐς
3278 2129 3484 2200 ταύτην
3526 2130 3583 2182 δὲ

2015 2225 2113 2291 τὴν
2152 2223 2340 2294 χώραν
2365 2225 2733 2294 ἀφικομένους
2770 2223 2896 2285 τοὺς
2943 2223 3254 2289 Ὀγουζίους
3305 2224 3582 2290 ἐνοικῆσαι

2015 2316 2108 2368 ἐπί
2135 2332 2257 2368 τινα
2293 2315 2506 2384 χρόνον.
2569 2315 2904 2384 Ὄτουμάνου
2944 2313 3002 2364 δὲ
3047 2313 3139 2365 τὸν
3172 2311 3580 2382 Ὀρθογρούλεω

2016 2407 2200 2469 παῖδα,
2247 2405 2308 2457 ού
2358 2407 2498 2458 πάνυ
2538 2420 2618 2457 τοι
2664 2403 2723 2457 εὖ
2763 2404 3073 2474 πράττοντα
3121 2403 3218 2474 τὴν
3271 2403 3446 2473 ἀρχὴν
3491 2420 3583 2471 γε-

2015 2498 2203 2550 νέσθαι
2232 2499 2329 2566 τήν
2363 2514 2424 2548 τε
2468 2495 2652 2567 ψυχὴν
2689 2493 3175 2566 ἐλευθερώτατον,
3209 2496 3302 2548 καὶ
3347 2494 3474 2558 τοὺς
3521 2495 3580 2546 ὲν

2014 2591 2080 2659 τῇ
2107 2587 2267 2658 κώμῃ
2294 2585 2788 2657 φιλοφρονούμενον
2809 2589 2872 2640 ὲκ
2895 2587 3003 2639 τών
3029 2587 3344 2656 προσόντων
3371 2585 3447 2646 ώς
3469 2581 3580 2638 οἷόν

2013 2681 2060 2731 τ’
2089 2674 2156 2750 ἦν
2195 2680 2434 2749 μάλιστα
2482 2679 2632 2750 αύτῷ
2674 2679 2800 2742 τούς
2829 2696 2889 2732 τε
2932 2680 2989 2732 ὲν
3035 2683 3099 2748 τῇ
3150 2679 3313 2751 κώμῃ
3343 2679 3580 2748 ἀνακτή-

2015 2765 2232 2819 σασθαι.
2273 2766 2429 2818 Ὥστε
2475 2768 2742 2835 διαφορᾶς
2773 2767 2926 2836 σφίσι
2975 2766 3111 2837 πρὸς
3147 2769 3273 2828 τοὺς
3310 2767 3581 2838 Ἐλλήνων

2015 2858 2192 2912 αὐτῶν
2216 2857 2531 2929 περιοίκους
2563 2859 2882 2928 γενομένης,
2909 2859 3164 2930 ἡγεῖσθαι
3191 2859 3434 2912 κελεύειν
3454 2861 3582 2924 τοὺς

2015 2948 2071 3000 ὲν
2099 2950 2164 3018 τῇ
2187 2948 2340 3001 πόλει
2380 2947 2714 3018 Ὀτουμάνον
2754 2951 2844 3003 τὸν
2878 2950 3308 3020 Ὀρθογρούλεω·
3346 2951 3438 3003 καὶ
3478 2968 3581 3020 μα-

2015 3040 2338 3110 χεσάμενον,
2374 3040 2685 3110 τρέψασθαι
2718 3059 2776 3095 τε
2811 3042 2935 3103 τοὺς
2975 3044 3148 3113 ταύτῃ
3181 3042 3471 3108 Ἕλληνας.

2586 3137 2846 3194 victorias
2904 3140 3168 3209 plurimas
3224 3141 3430 3197 Graecis
3473 3155 3568 3196 ex-

421 3327 557 3380 Cum
591 3335 772 3382 autem
807 3329 945 3382 fama
976 3331 1215 3386 nominis
1250 3329 1332 3383 sui
1370 3329 1620 3399 regiones
1645 3329 1908 3399 plurimas

2083 3324 2196 3378 Καὶ
2227 3321 2335 3377 ἀπὸ
2364 3323 2553 3378 τούτου
2587 3325 2942 3394 ὁρμωμένους
2982 3327 3231 3393 ἐπιπολὺ,
3264 3328 3574 3393 ἐπεξελθεῖν

351 3419 708 3492 implevisset,
740 3423 903 3477 etiam
964 3422 1105 3490 apud
1149 3422 1431 3477 Aladinam
1469 3423 1706 3476 maxima
1746 3421 1915 3490 gloria

349 3514 545 3581 viguit,
575 3525 790 3569 creatus
821 3517 886 3568 ah
916 3517 1034 3586 ipso
1066 3515 1197 3579 dux,
1230 3532 1351 3570 cum
1384 3515 1626 3583 undique
1645 3514 1917 3584 praeclaris

352 3604 514 3658 editis
551 3603 888 3659 facinoribus
937 3621 1025 3660 res
1065 3605 1276 3660 fortiter
1317 3607 1595 3674 gessisset.
1654 3604 1917 3659 Defuncto

351 3713 480 3766 rege
547 3698 800 3762 Aladina,
869 3699 1145 3752 discordia
1219 3701 1361 3753 inter
1421 3701 1568 3771 regni
1629 3702 1916 3769 optimates

351 3805 538 3845 exorta
589 3801 694 3846 est.
750 3789 1086 3861 Orthogulus
1141 3793 1418 3848 adhibitus
1455 3794 1506 3846 in
1558 3791 1915 3860 colloquium,

356 3899 481 3937 cum
521 3882 748 3936 multum
801 3885 1060 3952 temporis
1118 3883 1465 3938 deliberando
1501 3891 1646 3939 esset
1697 3884 1918 3938 absum-

355 3984 532 4046 ptum,
587 3975 803 4031 tandem
855 3976 965 4031 icto
1024 3976 1227 4031 findere
1276 3977 1545 4045 promisit,
1599 3993 1656 4032 se
1701 3977 1836 4045 ipsis
1866 3982 1919 4028 et

355 4070 565 4126 socium
620 4069 934 4125 auxiliarem
982 4069 1119 4134 fore,
1177 4086 1502 4140 quocunque
1557 4071 1611 4126 in
1671 4071 1917 4125 militiam

354 4162 819 4232 proficiscantur:
862 4163 963 4217 hac
1018 4172 1196 4218 tamen
1238 4163 1575 4227 conditione,
1635 4173 1695 4218 ut
1754 4179 1920 4233 quas-

353 4271 571 4325 cunque
602 4256 873 4327 regiones,
930 4256 1242 4326 conjunctis
1294 4258 1489 4326 copiis,
1547 4271 1646 4310 suo
1695 4258 1919 4327 imperio

353 4349 726 4418 adjunxerint,
797 4363 890 4402 eas
950 4347 1090 4402 inter
1148 4363 1269 4404 sese
1326 4347 1516 4415 partiri
1539 4347 1726 4402 Velint.
1782 4347 1917 4402 Cum

355 4441 542 4508 igitur,
597 4421 656 4491 ut
700 4439 902 4493 foedere
962 4439 1269 4503 tenebatur,
1330 4439 1608 4493 communi
1645 4453 1918 4492 consensu

354 4532 674 4599 viribusque
707 4530 1094 4584 communibus
1125 4530 1264 4583 bella
1290 4529 1737 4598 aggrederentur,
1770 4537 1916 4582 tanta

356 4620 530 4690 ipsius
567 4619 710 4671 inter
748 4631 938 4671 omnes
971 4617 1148 4670 virtus
1180 4615 1424 4678 emicuit,
1485 4622 1544 4667 ut
1572 4613 1718 4666 brevi
1750 4611 1920 4682 pluri-

2018 3434 2076 3468 τε
2108 3417 2233 3476 τοὺς
2283 3415 2570 3485 Ἕλληνας,
2625 3417 2717 3468 καὶ
2766 3419 2916 3487 παρὰ
2951 3417 3199 3489 Ἀλαδίνῃ
3229 3415 3288 3472 εὖ
3320 3421 3464 3490 μάλα
3489 3422 3577 3475 εὐ-

2019 3507 2371 3578 φημούμενον
2406 3509 2547 3576 μέγα
2595 3509 2979 3578 εὐδοκιμῆσαι,
3018 3512 3110 3563 ἐπὶ
3157 3515 3487 3583 στρατηγίας
3515 3533 3576 3568 τε

2019 3600 2436 3668 καθιστάμενον,
2466 3603 2560 3655 καὶ
2594 3601 2728 3671 ἔργα
2752 3603 3210 3672 ἀποδεικνύμενον
3242 3606 3369 3669 ἄξια
3394 3607 3576 3674 λόγου.

2019 3693 2452 3762 Τελευτήσαντος
2505 3695 2561 3745 δὲ
2622 3694 2911 3748 ’Λλαδίνεω
2974 3696 3256 3764 βασιλέως,
3313 3703 3407 3752 καὶ
3472 3701 3580 3754 τῶν

2019 3786 2254 3854 ἀρίστων
2284 3785 2446 3838 αὐτοῦ
2497 3788 2551 3848 ές
2603 3787 2867 3857 διαφορὰν
2919 3790 3103 3857 σφίσιν
3138 3792 3576 3861 ἀφικνουμένων,

2017 3877 2234 3942 λέγεται
2277 3877 2568 3944 ἀφικέσθαι
2615 3878 2672 3940 ἐς
2713 3879 2903 3946 λόγους
2950 3883 3154 3947 αὐτοῖς,
3207 3886 3300 3936 καὶ
3349 3886 3580 3951 ἐκείνοις

2017 3967 2287 4036 ἀλλήλοις,
2355 3969 2668 4038 ξυμμαχίαν
2723 3987 2782 4022 τε
2837 3973 2932 4024 καὶ
2979 3975 3278 4044 ὁμαιχμίαν
3343 3957 3578 4040 ἐκείνοις

2020 4059 2365 4129 συνθέμενον,
2419 4061 2690 4132 ξυμϐῆναι
2743 4064 2928 4128 αὐτοῖς
2976 4067 3135 4135 ὅρκια
3185 4067 3577 4136 ποιησάμενον,

2019 4153 2104 4221 ἐφ’
2209 4155 2343 4211 ὁμοῦ
2371 4155 2574 4218 πάντας
2605 4158 2758 4226 κοινῇ
2805 4157 3179 4228 συνδιαφέρειν
3200 4161 3290 4212 τὸν
3319 4161 3580 4231 πόλεμον,

2021 4248 2114 4298 καὶ
2145 4248 2614 4318 καταστρέφεσθαι
2636 4249 2731 4319 τὴν
2753 4250 2958 4318 χώραν,
2983 4251 3114 4320 ὅσην
3140 4252 3183 4304 δ’
3202 4251 3267 4306 ἂν
3292 4253 3578 4318 δύνωνται,

2018 4339 2147 4408 ὅσην
2176 4339 2220 4391 δ’
2267 4338 2332 4391 ἂν
2394 4339 2734 4408 ὑπάγωνται,
2786 4341 3115 4408 ἐπιελέσθαι,
3158 4345 3307 4412 σφίσι
3337 4349 3477 4400 κατὰ
3511 4351 3580 4403 τὰ

2020 4433 2174 4498 κοινῆ
2203 4434 2383 4500 σφίσιν
2417 4436 2601 4497 αὐτοῖς
2651 4435 2982 4506 δεδογμένα’
3018 4441 3112 4492 καὶ
3157 4441 3299 4494 οὕτω
3353 4445 3415 4509 δὴ
3465 4442 3580 4508 ἄρα

2019 4521 2249 4583 ἐκείνοις
2289 4522 2582 4576 ἐλαύνοντα
2612 4528 3090 4597 καταστρέψασθαι
3135 4531 3319 4600 χώραν
3351 4533 3450 4584 ούκ
3473 4532 3581 4582 ὀλί-

2021 4627 2144 4679 γην,
2170 4613 2265 4664 καὶ
2288 4612 2425 4682 ἔργα
2456 4614 2917 4686 ἀποδεικνύμενον
2942 4621 3171 4687 μεγάλα.
3204 4623 3298 4673 καὶ
3322 4622 3581 4692 χρήματα

355 4687 474 4764 mas
499 4724 630 4778 opes
660 4707 992 4777 acquireret,
1021 4719 1359 4776 regnumque
1383 4703 1486 4759 sibi
1521 4713 1733 4774 pararet
1770 4702 1915 4757 haud

2025 4701 2194 4769 συχνὰ
2227 4703 2596 4773 ὲπικτώμενον
2616 4724 2632 4739 ο
2669 4707 2808 4759 ὥστε
2846 4711 2902 4762 ὲν
2935 4711 3126 4779 βραχεί
3150 4714 3241 4764 ἐπὶ
3477 4731 3582 4766 πα-

356 4799 784 4871 aspernandum.
817 4797 881 4852 Hi
909 4807 1088 4853 autem
1125 4813 1245 4852 cum
1280 4795 1452 4851 forent
1501 4797 1668 4850 duces
1699 4809 1922 4849 numero

356 4909 587 4968 septem,
637 4896 795 4950 initio
829 4896 1128 4965 regionem,
1165 4909 1328 4961 quam
1371 4901 1484 4946 tum
1522 4892 1690 4948 armis
1741 4891 1922 4961 subje-

361 4998 575 5052 cerant,
614 4987 758 5041 inter
790 5001 910 5040 sese
943 4985 1243 5039 diviserunt
1279 5001 1292 5037 :
1347 4991 1532 5052 postea
1574 4982 1917 5052 partitionem

357 5084 490 5136 sorti
529 5079 958 5141 committentes,
995 5076 1300 5130 Caramano
1334 5076 1602 5144 obtigisse
1656 5073 1921 5128 mediter-

352 5189 575 5228 raneam
600 5171 867 5244 Phrygia,
897 5169 1144 5224 Ciliciam
1172 5182 1367 5237 usque.
1393 5175 1446 5220 et
1470 5165 1916 5235 Philadelphiam.

357 5266 623 5320 Sarchani
657 5281 776 5320 sors
809 5263 1014 5318 addixit
1049 5263 1378 5316 maritimam
1428 5259 1593 5314 Ioniae
1623 5259 1918 5328 regionem,

356 5375 465 5428 qua
497 5357 787 5427 Smyrnam
822 5371 994 5425 usque
1021 5363 1187 5424 patet.
1217 5352 1384 5424 Lydia
1409 5366 1578 5421 usque
1601 5350 1668 5404 ad
1693 5349 1919 5420 Mysiam

353 5450 578 5508 obvenit
605 5449 836 5515 Calami,
866 5459 921 5504 et
944 5448 1053 5502 ﬁlio
1087 5462 1188 5503 suo
1215 5443 1428 5502 Carasi.
1481 5443 1788 5513 Bithyniam
1822 5455 1922 5494 au-

2029 4794 2379 4863 ρεληλυθέναι
2409 4797 2470 4849 ού
2507 4799 2736 4867 φαύλην.
2770 4803 3004 4861 Τούτους
3034 4804 3090 4854 δὲ
3139 4805 3412 4874 ἡγεμόνας
3441 4806 3584 4860 ἑπτὰ

2024 4889 2368 4957 γενομένους,
2406 4892 2536 4959 ὅσην
2572 4891 2920 4960 ὑπηγάγοντο
2947 4896 3119 4966 ἀρχὴν
3165 4897 3584 4970 διανενεμῆσθαι

2027 4980 2165 5049 μετὰ
2201 4980 2376 5034 ταῦτα
2417 4982 2601 5052 σφίσιν
2646 4985 2830 5048 αὐτοῖς
2855 5004 2870 5018 ·
2926 4987 3113 5058 λαχεῖν
3154 4989 3220 5058 δὴ
3251 4991 3586 5062 Καραμάνον

2021 5069 2119 5140 τὴν
2154 5073 2452 5140 μεσόγαιαν
2481 5074 2579 5142 τῆς
2610 5075 2848 5144 Φρυγίας
2882 5077 3010 5146 ἄχρι
3066 5079 3320 5144 Κιλικίας
3373 5084 3466 5136 καὶ
3494 5085 3588 5136 dti-

2023 5163 2312 5231 λαδελφίας
2335 5182 2350 5195 ο
2387 5167 2676 5236 Σαρχανην
2703 5168 2758 5220 δὲ
2791 5169 3036 5223 ἐντεῦθεν
3055 5172 3153 5241 τὴν
3186 5174 3454 5243 παράλιον
3485 5178 3582 5244 τῆς

2034 5256 2242 5317 Ἰωνίας
2287 5259 2490 5329 χώραν,
2559 5259 2679 5312 ἔστε
2724 5261 2816 5314 ἐπὶ
2861 5262 3114 5333 Σμύρνην
3160 5265 3369 5319 ἐλθεῖνο
3405 5270 3470 5321 τὰ
3523 5270 3578 5322 δὲ

2025 5347 2222 5410 Λυδίας
2253 5348 2376 5402 ἔστε
2416 5352 2507 5404 ἐπὶ
2531 5353 2744 5406 Μυσίαν
2771 5355 3038 5425 Καλάμην
3073 5359 3170 5412 σὺν
3207 5361 3284 5431 τῷ
3309 5363 3460 5414 παιδὶ
3487 5364 3580 5416 αὖ·

2025 5439 2120 5493 τοῦ
2159 5442 2415 5515 Καρασῇ.
2462 5444 2542 5500 Τὰ
2577 5445 2713 5514 πρὸς
2751 5447 3030 5518 Ὄλυμπόν
3059 5467 3119 5503 τε
3163 5452 3256 5506 καὶ
3305 5449 3555 5504 Βιθυνίαν

1614 5583 1860 5648 Νοιυιω
1903 5585 2303 5664 marginales.

427 5716 507 5790 (9)
534 5715 765 5772 Circitcr
793 5731 919 5770 ann.
963 5716 1110 5770 i500.
