  <div class='ocr_page' id='page_1' title='image "/cluster/home/n/w/nwhite01/storage/ocr_20150623/159/hvd.32044073502684/022.png"; bbox 0 0 4016 6216; ppageno 0'>
   <div class='ocr_carea' id='block_1_1' title="bbox 378 288 1960 383">
    <p class='ocr_par' dir='ltr' id='par_1_1' title="bbox 378 295 1960 365">
     <span class='ocr_line' id='line_1_1' title="bbox 378 295 1960 365; baseline -0.007 -1"><span class='ocrx_word' id='word_1_1' title='bbox 378 301 463 365; x_wconf 76' lang='grc'><strong>25</strong></span> <span class='ocrx_word' id='word_1_2' title='bbox 1500 297 1594 357; x_wconf 87' lang='lat' dir='ltr'><strong>DE</strong></span> <span class='ocrx_word' id='word_1_3' title='bbox 1638 296 1887 356; x_wconf 75' lang='lat' dir='ltr'><strong>HEllUS</strong></span> <span class='ocrx_word' id='word_1_4' title='bbox 1923 295 1960 353; x_wconf 82' lang='grc' dir='ltr'>Ἰ</span> 
     </span>
    </p>
   </div>
   <div class='ocr_carea' id='block_1_2' title="bbox 2063 288 3635 383">
    <p class='ocr_par' dir='ltr' id='par_1_2' title="bbox 2063 288 3635 383">
     <span class='ocr_line' id='line_1_2' title="bbox 2063 288 3635 383; baseline 0.001 -29"><span class='ocrx_word' id='word_1_5' title='bbox 2063 293 2287 354; x_wconf 73' lang='lat' dir='ltr'><strong>tomis</strong></span> <span class='ocrx_word' id='word_1_6' title='bbox 2324 293 2475 355; x_wconf 84' lang='lat' dir='ltr'><strong>LIB.</strong></span> <span class='ocrx_word' id='word_1_7' title='bbox 2508 295 2557 355; x_wconf 89' lang='lat'><strong>1.</strong></span> <span class='ocrx_word' id='word_1_8' title='bbox 3436 380 3439 383; x_wconf 12' lang='grc' dir='ltr'>δ</span> <span class='ocrx_word' id='word_1_9' title='bbox 3560 288 3635 356; x_wconf 74' lang='lat'><strong>26</strong></span> 
     </span>
    </p>
   </div>
   <div class='ocr_carea' id='block_1_3' title="bbox 393 404 1960 488">
    <p class='ocr_par' dir='ltr' id='par_1_3' title="bbox 393 407 1956 488">
     <span class='ocr_line' id='line_1_3' title="bbox 393 407 1956 488; baseline -0.009 -15"><span class='ocrx_word' id='word_1_10' title='bbox 393 412 739 488; x_wconf 81' lang='grc' dir='ltr'>Ὀτουμάνον</span> <span class='ocrx_word' id='word_1_11' title='bbox 786 415 969 483; x_wconf 82' lang='grc' dir='ltr'>λαχεῖν</span> <span class='ocrx_word' id='word_1_12' title='bbox 1021 410 1158 481; x_wconf 71' lang='grc' dir='ltr'>μετὰ</span> <span class='ocrx_word' id='word_1_13' title='bbox 1208 411 1453 465; x_wconf 75' lang='grc' dir='ltr'>Τεκξεωο</span> <span class='ocrx_word' id='word_1_14' title='bbox 1486 413 1554 466; x_wconf 74' lang='grc' dir='ltr'>τὰ</span> <span class='ocrx_word' id='word_1_15' title='bbox 1592 412 1650 464; x_wconf 74' lang='grc' dir='ltr'>δὲ</span> <span class='ocrx_word' id='word_1_16' title='bbox 1697 410 1834 478; x_wconf 77' lang='grc' dir='ltr'>πρὸς</span> <span class='ocrx_word' id='word_1_17' title='bbox 1868 407 1956 459; x_wconf 67' lang='grc' dir='ltr'><strong>τόν</strong></span> 
     </span>
    </p>
   </div>
   <div class='ocr_carea' id='block_1_4' title="bbox 2063 404 3639 488">
    <p class='ocr_par' dir='ltr' id='par_1_4' title="bbox 2064 404 3639 476">
     <span class='ocr_line' id='line_1_4' title="bbox 2064 404 3639 476; baseline 0.001 -18"><span class='ocrx_word' id='word_1_18' title='bbox 2064 414 2170 459; x_wconf 71' lang='lat' dir='ltr'><strong>tem</strong></span> <span class='ocrx_word' id='word_1_19' title='bbox 2205 422 2327 460; x_wconf 88' lang='lat' dir='ltr'><strong>cum</strong></span> <span class='ocrx_word' id='word_1_20' title='bbox 2373 406 2455 459; x_wconf 85' lang='lat' dir='ltr'><strong>his</strong></span> <span class='ocrx_word' id='word_1_21' title='bbox 2479 406 2796 475; x_wconf 86' lang='lat' dir='ltr'><strong>regionibus</strong></span> <span class='ocrx_word' id='word_1_22' title='bbox 2828 420 2952 474; x_wconf 71' lang='lat' dir='ltr'><strong>qua:</strong></span> <span class='ocrx_word' id='word_1_23' title='bbox 2982 405 3271 476; x_wconf 82' lang='lat' dir='ltr'><strong>Olympum</strong></span> <span class='ocrx_word' id='word_1_24' title='bbox 3314 404 3639 474; x_wconf 86' lang='lat' dir='ltr'><strong>respiciunt.</strong></span> 
     </span>
    </p>
   </div>
   <div class='ocr_carea' id='block_1_5' title="bbox 382 504 1961 578">
    <p class='ocr_par' dir='ltr' id='par_1_5' title="bbox 382 504 1961 578">
     <span class='ocr_line' id='line_1_5' title="bbox 382 504 1961 578; baseline -0.006 -13"><span class='ocrx_word' id='word_1_25' title='bbox 382 512 653 578; x_wconf 74' lang='grc' dir='ltr'><strong>Εὔξεινον</strong></span> <span class='ocrx_word' id='word_1_26' title='bbox 714 509 911 561; x_wconf 69' lang='grc' dir='ltr'>πόντον</span> <span class='ocrx_word' id='word_1_27' title='bbox 965 508 1057 558; x_wconf 80' lang='grc' dir='ltr'>καὶ</span> <span class='ocrx_word' id='word_1_28' title='bbox 1134 504 1517 572; x_wconf 76' lang='grc' dir='ltr'><strong>Παφλαγονίαν</strong></span> <span class='ocrx_word' id='word_1_29' title='bbox 1578 504 1764 573; x_wconf 80' lang='grc' dir='ltr'>λαχεῖν</span> <span class='ocrx_word' id='word_1_30' title='bbox 1832 504 1961 563; x_wconf 80' lang='grc' dir='ltr'>τοὺς</span> 
     </span>
    </p>
   </div>
   <div class='ocr_carea' id='block_1_6' title="bbox 394 596 1965 672">
    <p class='ocr_par' dir='ltr' id='par_1_6' title="bbox 394 596 1965 672">
     <span class='ocr_line' id='line_1_6' title="bbox 394 596 1965 672; baseline -0.006 -14"><span class='ocrx_word' id='word_1_31' title='bbox 394 605 693 672; x_wconf 79' lang='grc' dir='ltr'>Ἀμούρεω</span> <span class='ocrx_word' id='word_1_32' title='bbox 744 602 960 661; x_wconf 86' lang='grc' dir='ltr'>παῖδας.</span> <span class='ocrx_word' id='word_1_33' title='bbox 996 600 1101 650; x_wconf 80' lang='grc' dir='ltr'><strong>Τὸν</strong></span> <span class='ocrx_word' id='word_1_34' title='bbox 1132 600 1185 651; x_wconf 78' lang='grc' dir='ltr'>δὲ</span> <span class='ocrx_word' id='word_1_35' title='bbox 1237 600 1547 668; x_wconf 81' lang='grc' dir='ltr'>Κερμιανδν</span> <span class='ocrx_word' id='word_1_36' title='bbox 1589 600 1651 651; x_wconf 83' lang='grc' dir='ltr'>οὐ</span> <span class='ocrx_word' id='word_1_37' title='bbox 1682 597 1791 649; x_wconf 84' lang='grc' dir='ltr'><strong>τῶν</strong></span> <span class='ocrx_word' id='word_1_38' title='bbox 1824 596 1965 648; x_wconf 66' lang='grc' dir='ltr'>ἑπτὰ</span> 
     </span>
    </p>
   </div>
   <div class='ocr_carea' id='block_1_7' title="bbox 384 688 1963 762">
    <p class='ocr_par' dir='ltr' id='par_1_7' title="bbox 384 688 1963 762">
     <span class='ocr_line' id='line_1_7' title="bbox 384 688 1963 762; baseline -0.007 -12"><span class='ocrx_word' id='word_1_39' title='bbox 384 698 603 750; x_wconf 78' lang='grc' dir='ltr'>τούτων</span> <span class='ocrx_word' id='word_1_40' title='bbox 656 694 941 762; x_wconf 81' lang='grc' dir='ltr'>γεγονέναι</span> <span class='ocrx_word' id='word_1_41' title='bbox 1000 694 1197 760; x_wconf 75' lang='grc' dir='ltr'>φασίν·</span> <span class='ocrx_word' id='word_1_42' title='bbox 1252 692 1388 744; x_wconf 77' lang='grc' dir='ltr'>άλλὰ</span> <span class='ocrx_word' id='word_1_43' title='bbox 1449 690 1675 761; x_wconf 82' lang='grc' dir='ltr'>βασιλέα</span> <span class='ocrx_word' id='word_1_44' title='bbox 1724 688 1963 758; x_wconf 77' lang='grc' dir='ltr'>πρόσθεν</span> 
     </span>
    </p>
   </div>
   <div class='ocr_carea' id='block_1_8' title="bbox 393 776 1965 853">
    <p class='ocr_par' dir='ltr' id='par_1_8' title="bbox 393 776 1965 853">
     <span class='ocr_line' id='line_1_8' title="bbox 393 776 1965 853; baseline -0.004 -14"><span class='ocrx_word' id='word_1_45' title='bbox 393 788 688 853; x_wconf 79' lang='grc' dir='ltr'>γενόμενον</span> <span class='ocrx_word' id='word_1_46' title='bbox 739 784 951 837; x_wconf 77' lang='grc' dir='ltr'>Κωνίου</span> <span class='ocrx_word' id='word_1_47' title='bbox 1014 784 1112 852; x_wconf 80' lang='grc' dir='ltr'>τῆς</span> <span class='ocrx_word' id='word_1_48' title='bbox 1177 783 1393 853; x_wconf 79' lang='grc' dir='ltr'>Καρίας</span> <span class='ocrx_word' id='word_1_49' title='bbox 1443 784 1673 845; x_wconf 75' lang='grc' dir='ltr'>πόλεως,</span> <span class='ocrx_word' id='word_1_50' title='bbox 1719 784 1776 834; x_wconf 75' lang='grc' dir='ltr'>ὲν</span> <span class='ocrx_word' id='word_1_51' title='bbox 1832 776 1965 852; x_wconf 79' lang='grc' dir='ltr'>ᾖτά</span> 
     </span>
    </p>
   </div>
   <div class='ocr_carea' id='block_1_9' title="bbox 404 872 1966 947">
    <p class='ocr_par' dir='ltr' id='par_1_9' title="bbox 404 872 1966 947">
     <span class='ocr_line' id='line_1_9' title="bbox 404 872 1966 947; baseline -0.003 -17"><span class='ocrx_word' id='word_1_52' title='bbox 404 879 650 947; x_wconf 74' lang='grc' dir='ltr'>βασίλεια</span> <span class='ocrx_word' id='word_1_53' title='bbox 709 878 801 929; x_wconf 68' lang='grc' dir='ltr'><strong>ἐπὶ</strong></span> <span class='ocrx_word' id='word_1_54' title='bbox 854 876 1047 944; x_wconf 85' lang='grc' dir='ltr'>συχνόν</span> <span class='ocrx_word' id='word_1_55' title='bbox 1096 893 1221 928; x_wconf 86' lang='grc' dir='ltr'>τινα</span> <span class='ocrx_word' id='word_1_56' title='bbox 1267 875 1458 945; x_wconf 81' lang='grc' dir='ltr'>χρόνον</span> <span class='ocrx_word' id='word_1_57' title='bbox 1501 876 1789 942; x_wconf 78' lang='grc' dir='ltr'>διεγένετο.</span> <span class='ocrx_word' id='word_1_58' title='bbox 1832 872 1966 926; x_wconf 82' lang='grc' dir='ltr'>Τού-</span> 
     </span>
    </p>
   </div>
   <div class='ocr_carea' id='block_1_10' title="bbox 403 967 1962 1039">
    <p class='ocr_par' dir='ltr' id='par_1_10' title="bbox 403 967 1962 1039">
     <span class='ocr_line' id='line_1_10' title="bbox 403 967 1962 1039; baseline -0.003 -15"><span class='ocrx_word' id='word_1_59' title='bbox 403 989 524 1034; x_wconf 89' lang='grc' dir='ltr'>τοις</span> <span class='ocrx_word' id='word_1_60' title='bbox 583 970 990 1039; x_wconf 77' lang='grc' dir='ltr'>ἀπεληλαμένον</span> <span class='ocrx_word' id='word_1_61' title='bbox 1055 968 1305 1021; x_wconf 67' lang='grc' dir='ltr'>ἐντεῦθεν</span> <span class='ocrx_word' id='word_1_62' title='bbox 1370 968 1461 1020; x_wconf 79' lang='grc' dir='ltr'><strong>ἐπὶ</strong></span> <span class='ocrx_word' id='word_1_63' title='bbox 1533 967 1740 1020; x_wconf 83' lang='grc' dir='ltr'>’ἰωνίαν</span> <span class='ocrx_word' id='word_1_64' title='bbox 1816 968 1962 1021; x_wconf 65' lang='grc' dir='ltr'>άπά-</span> 
     </span>
    </p>
   </div>
   <div class='ocr_carea' id='block_1_11' title="bbox 413 1057 1964 1128">
    <p class='ocr_par' dir='ltr' id='par_1_11' title="bbox 413 1057 1964 1128">
     <span class='ocr_line' id='line_1_11' title="bbox 413 1057 1964 1128; baseline -0.003 -14"><span class='ocrx_word' id='word_1_65' title='bbox 413 1080 528 1127; x_wconf 76' lang='grc' dir='ltr'>ρας,</span> <span class='ocrx_word' id='word_1_66' title='bbox 569 1063 722 1113; x_wconf 63' lang='grc' dir='ltr'>κάκεῖ</span> <span class='ocrx_word' id='word_1_67' title='bbox 774 1058 1114 1112; x_wconf 79' lang='grc' dir='ltr'>ίδιωτεύοντα</span> <span class='ocrx_word' id='word_1_68' title='bbox 1173 1058 1401 1128; x_wconf 82' lang='grc' dir='ltr'>ήσυχιαν</span> <span class='ocrx_word' id='word_1_69' title='bbox 1456 1057 1629 1125; x_wconf 78' lang='grc' dir='ltr'>ἄγειν.</span> <span class='ocrx_word' id='word_1_70' title='bbox 1679 1059 1741 1110; x_wconf 79' lang='grc' dir='ltr'><strong>Εἰ</strong></span> <span class='ocrx_word' id='word_1_71' title='bbox 1778 1058 1964 1127; x_wconf 79' lang='grc' dir='ltr'>μέντοι</span> 
     </span>
    </p>
   </div>
   <div class='ocr_carea' id='block_1_12' title="bbox 410 1151 1959 1221">
    <p class='ocr_par' dir='ltr' id='par_1_12' title="bbox 410 1151 1959 1221">
     <span class='ocr_line' id='line_1_12' title="bbox 410 1151 1959 1221; baseline -0.002 -15"><span class='ocrx_word' id='word_1_72' title='bbox 410 1154 543 1206; x_wconf 74' lang='grc' dir='ltr'>ἑπτά</span> <span class='ocrx_word' id='word_1_73' title='bbox 590 1152 880 1221; x_wconf 64' lang='grc' dir='ltr'>ἐτύγχανον</span> <span class='ocrx_word' id='word_1_74' title='bbox 929 1152 1082 1214; x_wconf 71' lang='grc' dir='ltr'>ὄντες</span> <span class='ocrx_word' id='word_1_75' title='bbox 1126 1153 1177 1205; x_wconf 81' lang='grc' dir='ltr'>οἱ</span> <span class='ocrx_word' id='word_1_76' title='bbox 1232 1152 1527 1220; x_wconf 83' lang='grc' dir='ltr'>σύμπασαν</span> <span class='ocrx_word' id='word_1_77' title='bbox 1591 1151 1751 1220; x_wconf 82' lang='grc' dir='ltr'>τήνδε</span> <span class='ocrx_word' id='word_1_78' title='bbox 1804 1154 1959 1221; x_wconf 78' lang='grc' dir='ltr'>κοινῇ</span> 
     </span>
    </p>
   </div>
   <div class='ocr_carea' id='block_1_13' title="bbox 410 1243 1958 1313">
    <p class='ocr_par' dir='ltr' id='par_1_13' title="bbox 410 1243 1958 1313">
     <span class='ocr_line' id='line_1_13' title="bbox 410 1243 1958 1313; baseline 0.001 -17"><span class='ocrx_word' id='word_1_79' title='bbox 410 1246 726 1311; x_wconf 72' lang='grc' dir='ltr'>ὑπαγόμενοι</span> <span class='ocrx_word' id='word_1_80' title='bbox 774 1245 922 1307; x_wconf 79' lang='grc' dir='ltr'>σφίσι</span> <span class='ocrx_word' id='word_1_81' title='bbox 964 1244 1060 1312; x_wconf 77' lang='grc' dir='ltr'><strong>τήν</strong></span> <span class='ocrx_word' id='word_1_82' title='bbox 1090 1243 1298 1312; x_wconf 78' lang='grc' dir='ltr'>χώραν,</span> <span class='ocrx_word' id='word_1_83' title='bbox 1333 1243 1369 1313; x_wconf 73' lang='grc' dir='ltr'>ἢ</span> <span class='ocrx_word' id='word_1_84' title='bbox 1398 1245 1568 1312; x_wconf 74' lang='grc' dir='ltr'>χωρὶς</span> <span class='ocrx_word' id='word_1_85' title='bbox 1594 1243 1669 1305; x_wconf 88' lang='grc' dir='ltr'><strong>ώς</strong></span> <span class='ocrx_word' id='word_1_86' title='bbox 1702 1244 1958 1309; x_wconf 78' lang='grc' dir='ltr'>ἕκαστος,</span> 
     </span>
    </p>
   </div>
   <div class='ocr_carea' id='block_1_14' title="bbox 406 1331 1964 1411">
    <p class='ocr_par' dir='ltr' id='par_1_14' title="bbox 406 1331 1964 1411">
     <span class='ocr_line' id='line_1_14' title="bbox 406 1331 1964 1411; baseline 0 -21"><span class='ocrx_word' id='word_1_87' title='bbox 406 1340 497 1392; x_wconf 78' lang='grc' dir='ltr'><strong>καὶ</strong></span> <span class='ocrx_word' id='word_1_88' title='bbox 582 1337 724 1406; x_wconf 72' lang='grc' dir='ltr'>ἄλλῳ</span> <span class='ocrx_word' id='word_1_89' title='bbox 755 1336 891 1405; x_wconf 72' lang='grc' dir='ltr'>ἄλλῃ</span> <span class='ocrx_word' id='word_1_90' title='bbox 947 1335 1265 1402; x_wconf 78' lang='grc' dir='ltr'>ξυνέὃαινεν</span> <span class='ocrx_word' id='word_1_91' title='bbox 1315 1336 1409 1389; x_wconf 75' lang='grc' dir='ltr'><strong>ἐπὶ</strong></span> <span class='ocrx_word' id='word_1_92' title='bbox 1438 1336 1537 1405; x_wconf 81' lang='grc' dir='ltr'>τὴν</span> <span class='ocrx_word' id='word_1_93' title='bbox 1573 1336 1738 1390; x_wconf 78' lang='grc' dir='ltr'>αὐτοῦ</span> <span class='ocrx_word' id='word_1_94' title='bbox 1787 1338 1964 1407; x_wconf 72' lang='grc' dir='ltr'>ἀρχὴν</span> 
     </span>
    </p>
   </div>
   <div class='ocr_carea' id='block_1_15' title="bbox 407 1427 1963 1500">
    <p class='ocr_par' dir='ltr' id='par_1_15' title="bbox 407 1427 1963 1500">
     <span class='ocr_line' id='line_1_15' title="bbox 407 1427 1963 1500; baseline 0.001 -19"><span class='ocrx_word' id='word_1_95' title='bbox 407 1431 739 1500; x_wconf 79' lang='grc' dir='ltr'>παρεγένετο</span> <span class='ocrx_word' id='word_1_96' title='bbox 771 1429 1029 1490; x_wconf 71' lang='grc' dir='ltr'>ἕκαστος,</span> <span class='ocrx_word' id='word_1_97' title='bbox 1057 1428 1158 1480; x_wconf 83' lang='grc' dir='ltr'><strong>ούκ</strong></span> <span class='ocrx_word' id='word_1_98' title='bbox 1193 1429 1259 1481; x_wconf 77' lang='grc' dir='ltr'>ἂν</span> <span class='ocrx_word' id='word_1_99' title='bbox 1298 1429 1363 1497; x_wconf 77' lang='grc' dir='ltr'>δὴ</span> <span class='ocrx_word' id='word_1_100' title='bbox 1391 1427 1534 1481; x_wconf 76' lang='grc' dir='ltr'>οὕτω</span> <span class='ocrx_word' id='word_1_101' title='bbox 1565 1430 1623 1480; x_wconf 78' lang='grc' dir='ltr'>ἐν</span> <span class='ocrx_word' id='word_1_102' title='bbox 1648 1430 1824 1483; x_wconf 84' lang='grc' dir='ltr'>δέοντι</span> <span class='ocrx_word' id='word_1_103' title='bbox 1867 1447 1963 1483; x_wconf 83' lang='grc' dir='ltr'>πο-</span> 
     </span>
    </p>
   </div>
   <div class='ocr_carea' id='block_1_16' title="bbox 406 1519 1959 1591">
    <p class='ocr_par' dir='ltr' id='par_1_16' title="bbox 406 1519 1959 1591">
     <span class='ocr_line' id='line_1_16' title="bbox 406 1519 1959 1591; baseline 0.002 -20"><span class='ocrx_word' id='word_1_104' title='bbox 406 1520 863 1591; x_wconf 76' lang='grc' dir='ltr'>λυπραγμονοὶην.</span> <span class='ocrx_word' id='word_1_105' title='bbox 896 1519 1173 1589; x_wconf 83' lang='grc' dir='ltr'>Σογούτην</span> <span class='ocrx_word' id='word_1_106' title='bbox 1205 1519 1389 1590; x_wconf 78' lang='grc' dir='ltr'>μέντοι</span> <span class='ocrx_word' id='word_1_107' title='bbox 1416 1522 1719 1589; x_wconf 74' lang='grc' dir='ltr'>ἐπίσταμαι</span> <span class='ocrx_word' id='word_1_108' title='bbox 1742 1521 1959 1591; x_wconf 87' lang='grc' dir='ltr'>κώμην,</span> 
     </span>
    </p>
   </div>
   <div class='ocr_carea' id='block_1_17' title="bbox 405 1612 1963 1683">
    <p class='ocr_par' dir='ltr' id='par_1_17' title="bbox 405 1612 1963 1683">
     <span class='ocr_line' id='line_1_17' title="bbox 405 1612 1963 1683; baseline 0.001 -18"><span class='ocrx_word' id='word_1_109' title='bbox 405 1614 475 1675; x_wconf 86' lang='grc' dir='ltr'>ὡς</span> <span class='ocrx_word' id='word_1_110' title='bbox 498 1615 543 1665; x_wconf 80' lang='lat' dir='ltr'><strong>oi</strong></span> <span class='ocrx_word' id='word_1_111' title='bbox 579 1614 671 1666; x_wconf 86' lang='grc' dir='ltr'><strong>ἀπ’</strong></span> <span class='ocrx_word' id='word_1_112' title='bbox 700 1613 918 1681; x_wconf 77' lang='grc' dir='ltr'><strong>ἐκείνης</strong></span> <span class='ocrx_word' id='word_1_113' title='bbox 950 1612 1231 1679; x_wconf 84' lang='grc' dir='ltr'>γενόμενοι</span> <span class='ocrx_word' id='word_1_114' title='bbox 1273 1614 1678 1681; x_wconf 86' lang='grc' dir='ltr'>Ὀτουμανίδων</span> <span class='ocrx_word' id='word_1_115' title='bbox 1722 1616 1963 1683; x_wconf 75' lang='grc' dir='ltr'>βασιλεῖς</span> 
     </span>
    </p>
   </div>
   <div class='ocr_carea' id='block_1_18' title="bbox 406 1699 1957 1775">
    <p class='ocr_par' dir='ltr' id='par_1_18' title="bbox 406 1699 1957 1775">
     <span class='ocr_line' id='line_1_18' title="bbox 406 1699 1957 1775; baseline 0.001 -24"><span class='ocrx_word' id='word_1_116' title='bbox 406 1702 601 1771; x_wconf 70' lang='grc' dir='ltr'>ῖτίμων</span> <span class='ocrx_word' id='word_1_117' title='bbox 626 1719 684 1754; x_wconf 82' lang='grc' dir='ltr'><strong>τε</strong></span> <span class='ocrx_word' id='word_1_118' title='bbox 750 1702 844 1754; x_wconf 73' lang='grc' dir='ltr'><strong>ἐπὶ</strong></span> <span class='ocrx_word' id='word_1_119' title='bbox 900 1700 1153 1753; x_wconf 84' lang='grc' dir='ltr'>πλεῖστον</span> <span class='ocrx_word' id='word_1_120' title='bbox 1201 1699 1603 1769; x_wconf 77' lang='grc' dir='ltr'>ἐπιφοιτῶντες</span> <span class='ocrx_word' id='word_1_121' title='bbox 1655 1701 1825 1775; x_wconf 79' lang='grc' dir='ltr'>ταύτῃ</span> <span class='ocrx_word' id='word_1_122' title='bbox 1891 1704 1957 1771; x_wconf 79' lang='grc' dir='ltr'>τῇ</span> 
     </span>
    </p>
   </div>
   <div class='ocr_carea' id='block_1_19' title="bbox 2067 496 3639 564">
    <p class='ocr_par' dir='ltr' id='par_1_19' title="bbox 2067 496 3639 564">
     <span class='ocr_line' id='line_1_19' title="bbox 2067 496 3639 564; baseline 0 -16"><span class='ocrx_word' id='word_1_123' title='bbox 2067 510 2261 554; x_wconf 84' lang='lat' dir='ltr'><strong>nactus</strong></span> <span class='ocrx_word' id='word_1_124' title='bbox 2314 509 2397 553; x_wconf 88' lang='lat' dir='ltr'><strong>est</strong></span> <span class='ocrx_word' id='word_1_125' title='bbox 2446 497 2745 554; x_wconf 87' lang='lat' dir='ltr'><strong>Otomantts</strong></span> <span class='ocrx_word' id='word_1_126' title='bbox 2799 513 2922 550; x_wconf 90' lang='lat' dir='ltr'><strong>cum</strong></span> <span class='ocrx_word' id='word_1_127' title='bbox 2973 496 3152 551; x_wconf 85' lang='lat' dir='ltr'><strong>Tecie.</strong></span> <span class='ocrx_word' id='word_1_128' title='bbox 3214 496 3639 564; x_wconf 78' lang='lat' dir='ltr'><strong>Paphlagoniam</strong></span> 
     </span>
    </p>
   </div>
   <div class='ocr_carea' id='block_1_20' title="bbox 2066 589 3642 661">
    <p class='ocr_par' dir='ltr' id='par_1_20' title="bbox 2066 589 3642 661">
     <span class='ocr_line' id='line_1_20' title="bbox 2066 589 3642 661; baseline -0.003 -16"><span class='ocrx_word' id='word_1_129' title='bbox 2066 609 2187 645; x_wconf 86' lang='lat' dir='ltr'><strong>cum</strong></span> <span class='ocrx_word' id='word_1_130' title='bbox 2223 594 2305 646; x_wconf 85' lang='lat' dir='ltr'><strong>his</strong></span> <span class='ocrx_word' id='word_1_131' title='bbox 2339 592 2652 661; x_wconf 70' lang='lat' dir='ltr'><strong>regionibus</strong></span> <span class='ocrx_word' id='word_1_132' title='bbox 2689 608 2810 661; x_wconf 69' lang='lat' dir='ltr'><strong>quae</strong></span> <span class='ocrx_word' id='word_1_133' title='bbox 2846 600 3075 661; x_wconf 84' lang='lat' dir='ltr'><strong>vergunt</strong></span> <span class='ocrx_word' id='word_1_134' title='bbox 3107 590 3171 641; x_wconf 86' lang='lat' dir='ltr'><strong>ad</strong></span> <span class='ocrx_word' id='word_1_135' title='bbox 3206 589 3476 643; x_wconf 77' lang='lat' dir='ltr'><strong>Euxinum</strong></span> <span class='ocrx_word' id='word_1_136' title='bbox 3506 603 3642 657; x_wconf 89' lang='lat' dir='ltr'><strong>pou-</strong></span> 
     </span>
    </p>
   </div>
   <div class='ocr_carea' id='block_1_21' title="bbox 2068 680 3639 752">
    <p class='ocr_par' dir='ltr' id='par_1_21' title="bbox 2068 680 3639 752">
     <span class='ocr_line' id='line_1_21' title="bbox 2068 680 3639 752; baseline -0.004 -14"><span class='ocrx_word' id='word_1_137' title='bbox 2068 693 2205 746; x_wconf 90' lang='lat' dir='ltr'><strong>tum,</strong></span> <span class='ocrx_word' id='word_1_138' title='bbox 2244 692 2575 752; x_wconf 78' lang='lat' dir='ltr'><strong>acceperunt</strong></span> <span class='ocrx_word' id='word_1_139' title='bbox 2599 687 2817 739; x_wconf 66' lang='lat' dir='ltr'><strong>Amuru-</strong></span> <span class='ocrx_word' id='word_1_140' title='bbox 2849 683 2965 746; x_wconf 84' lang='lat' dir='ltr'><strong>ﬁlii,</strong></span> <span class='ocrx_word' id='word_1_141' title='bbox 2997 682 3079 736; x_wconf 88' lang='lat' dir='ltr'><strong>sic</strong></span> <span class='ocrx_word' id='word_1_142' title='bbox 3114 690 3262 736; x_wconf 86' lang='lat' dir='ltr'><strong>sorte</strong></span> <span class='ocrx_word' id='word_1_143' title='bbox 3290 680 3639 749; x_wconf 86' lang='lat' dir='ltr'><strong>partitionem</strong></span> 
     </span>
    </p>
   </div>
   <div class='ocr_carea' id='block_1_22' title="bbox 2069 772 3642 845">
    <p class='ocr_par' dir='ltr' id='par_1_22' title="bbox 2069 772 3642 845">
     <span class='ocr_line' id='line_1_22' title="bbox 2069 772 3642 845; baseline -0.006 -15"><span class='ocrx_word' id='word_1_144' title='bbox 2069 787 2313 845; x_wconf 78' lang='lat' dir='ltr'><strong>regente.</strong></span> <span class='ocrx_word' id='word_1_145' title='bbox 2341 774 2687 829; x_wconf 90' lang='lat' dir='ltr'><strong>Cermianum</strong></span> <span class='ocrx_word' id='word_1_146' title='bbox 2722 774 2915 828; x_wconf 88' lang='lat' dir='ltr'><strong>dicunt</strong></span> <span class='ocrx_word' id='word_1_147' title='bbox 2952 774 3269 827; x_wconf 80' lang='lat' dir='ltr'><strong>non‘fuisse</strong></span> <span class='ocrx_word' id='word_1_148' title='bbox 3313 772 3381 826; x_wconf 86' lang='lat' dir='ltr'><strong>de</strong></span> <span class='ocrx_word' id='word_1_149' title='bbox 3412 786 3642 825; x_wconf 88' lang='lat' dir='ltr'><strong>numero</strong></span> 
     </span>
    </p>
   </div>
   <div class='ocr_carea' id='block_1_23' title="bbox 2065 863 3643 935">
    <p class='ocr_par' dir='ltr' id='par_1_23' title="bbox 2065 863 3643 935">
     <span class='ocr_line' id='line_1_23' title="bbox 2065 863 3643 935; baseline -0.005 -12"><span class='ocrx_word' id='word_1_150' title='bbox 2065 878 2268 935; x_wconf 83' lang='lat' dir='ltr'><strong>septem</strong></span> <span class='ocrx_word' id='word_1_151' title='bbox 2304 866 2517 922; x_wconf 90' lang='lat' dir='ltr'><strong>illorum</strong></span> <span class='ocrx_word' id='word_1_152' title='bbox 2536 866 2760 931; x_wconf 87' lang='lat' dir='ltr'><strong>ducum,</strong></span> <span class='ocrx_word' id='word_1_153' title='bbox 2792 882 2977 919; x_wconf 90' lang='lat' dir='ltr'><strong>verum</strong></span> <span class='ocrx_word' id='word_1_154' title='bbox 3014 864 3313 933; x_wconf 81' lang='lat' dir='ltr'><strong>imperasse</strong></span> <span class='ocrx_word' id='word_1_155' title='bbox 3342 863 3643 933; x_wconf 85' lang='lat' dir='ltr'><strong>Conio(lO)</strong></span> 
     </span>
    </p>
   </div>
   <div class='ocr_carea' id='block_1_24' title="bbox 2065 957 3642 1029">
    <p class='ocr_par' dir='ltr' id='par_1_24' title="bbox 2065 957 3642 1029">
     <span class='ocr_line' id='line_1_24' title="bbox 2065 957 3642 1029; baseline -0.002 -16"><span class='ocrx_word' id='word_1_156' title='bbox 2065 962 2240 1016; x_wconf 71' lang='lat' dir='ltr'><strong>Cariae</strong></span> <span class='ocrx_word' id='word_1_157' title='bbox 2280 962 2422 1022; x_wconf 83' lang='lat' dir='ltr'><strong>urbi,</strong></span> <span class='ocrx_word' id='word_1_158' title='bbox 2449 961 2503 1013; x_wconf 92' lang='lat' dir='ltr'><strong>in</strong></span> <span class='ocrx_word' id='word_1_159' title='bbox 2541 976 2647 1027; x_wconf 88' lang='lat' dir='ltr'><strong>qua</strong></span> <span class='ocrx_word' id='word_1_160' title='bbox 2685 960 2834 1029; x_wconf 87' lang='lat' dir='ltr'><strong>regia</strong></span> <span class='ocrx_word' id='word_1_161' title='bbox 2863 968 3020 1012; x_wconf 80' lang='lat' dir='ltr'><strong>erat:</strong></span> <span class='ocrx_word' id='word_1_162' title='bbox 3056 957 3274 1025; x_wconf 88' lang='lat' dir='ltr'><strong>tandem</strong></span> <span class='ocrx_word' id='word_1_163' title='bbox 3318 974 3422 1011; x_wconf 90' lang='lat' dir='ltr'><strong>suo</strong></span> <span class='ocrx_word' id='word_1_164' title='bbox 3447 959 3642 1012; x_wconf 90' lang='lat' dir='ltr'><strong>detur-</strong></span> 
     </span>
    </p>
   </div>
   <div class='ocr_carea' id='block_1_25' title="bbox 2066 1049 3641 1119">
    <p class='ocr_par' dir='ltr' id='par_1_25' title="bbox 2066 1049 3641 1119">
     <span class='ocr_line' id='line_1_25' title="bbox 2066 1049 3641 1119; baseline -0.003 -14"><span class='ocrx_word' id='word_1_165' title='bbox 2066 1053 2250 1105; x_wconf 87' lang='lat' dir='ltr'><strong>batum</strong></span> <span class='ocrx_word' id='word_1_166' title='bbox 2300 1067 2490 1119; x_wconf 81' lang='lat' dir='ltr'><strong>regno,</strong></span> <span class='ocrx_word' id='word_1_167' title='bbox 2528 1052 2729 1105; x_wconf 83' lang='lat' dir='ltr'><strong>abiisse</strong></span> <span class='ocrx_word' id='word_1_168' title='bbox 2781 1051 2834 1102; x_wconf 91' lang='lat' dir='ltr'><strong>in</strong></span> <span class='ocrx_word' id='word_1_169' title='bbox 2888 1050 3125 1113; x_wconf 79' lang='lat' dir='ltr'><strong>Ioniam,</strong></span> <span class='ocrx_word' id='word_1_170' title='bbox 3160 1058 3513 1117; x_wconf 82' lang='lat' dir='ltr'><strong>sectatusque</strong></span> <span class='ocrx_word' id='word_1_171' title='bbox 3568 1049 3641 1103; x_wconf 91' lang='lat' dir='ltr'><strong>ibi</strong></span> 
     </span>
    </p>
   </div>
   <div class='ocr_carea' id='block_1_26' title="bbox 2069 1142 3639 1213">
    <p class='ocr_par' dir='ltr' id='par_1_26' title="bbox 2069 1142 3639 1213">
     <span class='ocr_line' id='line_1_26' title="bbox 2069 1142 3639 1213; baseline -0.002 -15"><span class='ocrx_word' id='word_1_172' title='bbox 2069 1146 2232 1198; x_wconf 81' lang='lat' dir='ltr'><strong>vitam</strong></span> <span class='ocrx_word' id='word_1_173' title='bbox 2260 1144 2551 1213; x_wconf 86' lang='lat' dir='ltr'><strong>privatam.</strong></span> <span class='ocrx_word' id='word_1_174' title='bbox 2592 1145 2834 1211; x_wconf 82' lang='lat' dir='ltr'><strong>quietem</strong></span> <span class='ocrx_word' id='word_1_175' title='bbox 2870 1142 3155 1212; x_wconf 77' lang='lat' dir='ltr'><strong>amplexus</strong></span> <span class='ocrx_word' id='word_1_176' title='bbox 3183 1152 3290 1197; x_wconf 92' lang='lat' dir='ltr'><strong>est.</strong></span> <span class='ocrx_word' id='word_1_177' title='bbox 3324 1144 3401 1195; x_wconf 75' lang='lat' dir='ltr'><strong>An</strong></span> <span class='ocrx_word' id='word_1_178' title='bbox 3432 1151 3639 1210; x_wconf 81' lang='lat' dir='ltr'><strong>septem</strong></span> 
     </span>
    </p>
   </div>
   <div class='ocr_carea' id='block_1_27' title="bbox 2067 1235 3645 1307">
    <p class='ocr_par' dir='ltr' id='par_1_27' title="bbox 2067 1235 3645 1307">
     <span class='ocr_line' id='line_1_27' title="bbox 2067 1235 3645 1307; baseline -0.002 -15"><span class='ocrx_word' id='word_1_179' title='bbox 2067 1239 2140 1292; x_wconf 83' lang='lat' dir='ltr'><strong>illi</strong></span> <span class='ocrx_word' id='word_1_180' title='bbox 2170 1238 2339 1292; x_wconf 87' lang='lat' dir='ltr'><strong>duces</strong></span> <span class='ocrx_word' id='word_1_181' title='bbox 2368 1237 2637 1305; x_wconf 74' lang='lat' dir='ltr'><strong>adjunctis</strong></span> <span class='ocrx_word' id='word_1_182' title='bbox 2658 1236 2859 1305; x_wconf 79' lang='lat' dir='ltr'><strong>cupiis,</strong></span> <span class='ocrx_word' id='word_1_183' title='bbox 2882 1246 2977 1287; x_wconf 87' lang='lat' dir='ltr'><strong>aut</strong></span> <span class='ocrx_word' id='word_1_184' title='bbox 3004 1236 3203 1307; x_wconf 78' lang='lat' dir='ltr'><strong>singuli</strong></span> <span class='ocrx_word' id='word_1_185' title='bbox 3232 1252 3325 1305; x_wconf 91' lang='lat' dir='ltr'><strong>per</strong></span> <span class='ocrx_word' id='word_1_186' title='bbox 3356 1250 3435 1299; x_wconf 89' lang='lat' dir='ltr'><strong>se,</strong></span> <span class='ocrx_word' id='word_1_187' title='bbox 3466 1235 3645 1301; x_wconf 82' lang='lat' dir='ltr'><strong>regio-</strong></span> 
     </span>
    </p>
   </div>
   <div class='ocr_carea' id='block_1_28' title="bbox 2066 1330 3642 1400">
    <p class='ocr_par' dir='ltr' id='par_1_28' title="bbox 2066 1330 3642 1400">
     <span class='ocr_line' id='line_1_28' title="bbox 2066 1330 3642 1400; baseline -0.001 -15"><span class='ocrx_word' id='word_1_188' title='bbox 2066 1347 2163 1385; x_wconf 85' lang='lat' dir='ltr'><strong>nes</strong></span> <span class='ocrx_word' id='word_1_189' title='bbox 2188 1330 2322 1385; x_wconf 88' lang='lat' dir='ltr'><strong>istas</strong></span> <span class='ocrx_word' id='word_1_190' title='bbox 2354 1330 2688 1399; x_wconf 75' lang='lat' dir='ltr'><strong>subiecerint</strong></span> <span class='ocrx_word' id='word_1_191' title='bbox 2719 1347 2732 1382; x_wconf 91' lang='lat'>:</span> <span class='ocrx_word' id='word_1_192' title='bbox 2769 1340 3027 1400; x_wconf 68' lang='lat' dir='ltr'><strong>praeterea</strong></span> <span class='ocrx_word' id='word_1_193' title='bbox 3062 1339 3120 1383; x_wconf 89' lang='lat' dir='ltr'><strong>nt</strong></span> <span class='ocrx_word' id='word_1_194' title='bbox 3148 1331 3286 1385; x_wconf 90' lang='lat' dir='ltr'><strong>alius</strong></span> <span class='ocrx_word' id='word_1_195' title='bbox 3319 1331 3373 1384; x_wconf 88' lang='lat' dir='ltr'><strong>in</strong></span> <span class='ocrx_word' id='word_1_196' title='bbox 3410 1330 3642 1383; x_wconf 81' lang='lat' dir='ltr'><strong>alterius</strong></span> 
     </span>
    </p>
   </div>
   <div class='ocr_carea' id='block_1_29' title="bbox 2065 1423 3645 1493">
    <p class='ocr_par' dir='ltr' id='par_1_29' title="bbox 2065 1423 3645 1493">
     <span class='ocr_line' id='line_1_29' title="bbox 2065 1423 3645 1493; baseline -0.002 -16"><span class='ocrx_word' id='word_1_197' title='bbox 2065 1424 2398 1478; x_wconf 88' lang='lat' dir='ltr'><strong>successerit</strong></span> <span class='ocrx_word' id='word_1_198' title='bbox 2438 1438 2570 1493; x_wconf 80' lang='lat' dir='ltr'><strong>opes</strong></span> <span class='ocrx_word' id='word_1_199' title='bbox 2600 1432 2653 1475; x_wconf 89' lang='lat' dir='ltr'><strong>et</strong></span> <span class='ocrx_word' id='word_1_200' title='bbox 2701 1439 2948 1493; x_wconf 82' lang='lat' dir='ltr'><strong>regnum.</strong></span> <span class='ocrx_word' id='word_1_201' title='bbox 3008 1439 3116 1477; x_wconf 91' lang='lat' dir='ltr'><strong>non</strong></span> <span class='ocrx_word' id='word_1_202' title='bbox 3162 1423 3366 1478; x_wconf 84' lang='lat' dir='ltr'><strong>referre</strong></span> <span class='ocrx_word' id='word_1_203' title='bbox 3402 1424 3645 1476; x_wconf 84' lang='lat' dir='ltr'><strong>arbitror</strong></span> 
     </span>
    </p>
   </div>
   <div class='ocr_carea' id='block_1_30' title="bbox 2065 1516 3644 1584">
    <p class='ocr_par' dir='ltr' id='par_1_30' title="bbox 2065 1516 3644 1584">
     <span class='ocr_line' id='line_1_30' title="bbox 2065 1516 3644 1584; baseline -0.001 -14"><span class='ocrx_word' id='word_1_204' title='bbox 2065 1516 2341 1570; x_wconf 81' lang='lat' dir='ltr'><strong>curiosius</strong></span> <span class='ocrx_word' id='word_1_205' title='bbox 2370 1516 2705 1571; x_wconf 82' lang='lat' dir='ltr'><strong>describere.</strong></span> <span class='ocrx_word' id='word_1_206' title='bbox 2740 1516 2876 1569; x_wconf 84' lang='lat' dir='ltr'><strong>Illud</strong></span> <span class='ocrx_word' id='word_1_207' title='bbox 2908 1526 3088 1570; x_wconf 83' lang='lat' dir='ltr'><strong>autem</strong></span> <span class='ocrx_word' id='word_1_208' title='bbox 3114 1525 3325 1571; x_wconf 89' lang='lat' dir='ltr'><strong>certum</strong></span> <span class='ocrx_word' id='word_1_209' title='bbox 3353 1524 3459 1579; x_wconf 85' lang='lat' dir='ltr'><strong>est,</strong></span> <span class='ocrx_word' id='word_1_210' title='bbox 3488 1529 3644 1584; x_wconf 70' lang='lat' dir='ltr'><strong>reges</strong></span> 
     </span>
    </p>
   </div>
   <div class='ocr_carea' id='block_1_31' title="bbox 2063 1606 3642 1678">
    <p class='ocr_par' dir='ltr' id='par_1_31' title="bbox 2063 1606 3642 1678">
     <span class='ocr_line' id='line_1_31' title="bbox 2063 1606 3642 1678; baseline -0.003 -15"><span class='ocrx_word' id='word_1_211' title='bbox 2063 1606 2515 1663; x_wconf 87' lang='lat' dir='ltr'><strong>Otomanidarum</strong></span> <span class='ocrx_word' id='word_1_212' title='bbox 2537 1608 2835 1678; x_wconf 83' lang='lat' dir='ltr'><strong>Sogutham</strong></span> <span class='ocrx_word' id='word_1_213' title='bbox 2856 1608 3036 1661; x_wconf 80' lang='lat' dir='ltr'><strong>vicum</strong></span> <span class='ocrx_word' id='word_1_214' title='bbox 3062 1608 3291 1661; x_wconf 90' lang='lat' dir='ltr'><strong>multum</strong></span> <span class='ocrx_word' id='word_1_215' title='bbox 3313 1608 3642 1671; x_wconf 80' lang='lat' dir='ltr'><strong>honorasse,</strong></span> 
     </span>
    </p>
   </div>
   <div class='ocr_carea' id='block_1_32' title="bbox 2065 1702 3645 1772">
    <p class='ocr_par' dir='ltr' id='par_1_32' title="bbox 2065 1702 3645 1772">
     <span class='ocr_line' id='line_1_32' title="bbox 2065 1702 3645 1772; baseline 0.003 -18"><span class='ocrx_word' id='word_1_216' title='bbox 2065 1718 2184 1755; x_wconf 85' lang='lat' dir='ltr'><strong>cum</strong></span> <span class='ocrx_word' id='word_1_217' title='bbox 2215 1718 2279 1756; x_wconf 91' lang='lat' dir='ltr'><strong>eo</strong></span> <span class='ocrx_word' id='word_1_218' title='bbox 2312 1702 2629 1772; x_wconf 87' lang='lat' dir='ltr'><strong>frequenter</strong></span> <span class='ocrx_word' id='word_1_219' title='bbox 2666 1704 3007 1764; x_wconf 84' lang='lat' dir='ltr'><strong>accederent.</strong></span> <span class='ocrx_word' id='word_1_220' title='bbox 3036 1702 3325 1760; x_wconf 88' lang='lat' dir='ltr'><strong>reddentes</strong></span> <span class='ocrx_word' id='word_1_221' title='bbox 3356 1705 3456 1759; x_wconf 90' lang='lat' dir='ltr'><strong>vici</strong></span> <span class='ocrx_word' id='word_1_222' title='bbox 3488 1704 3645 1759; x_wconf 83' lang='lat' dir='ltr'><strong>inco-</strong></span> 
     </span>
    </p>
   </div>
   <div class='ocr_carea' id='block_1_33' title="bbox 405 1771 1960 1867">
    <p class='ocr_par' dir='ltr' id='par_1_33' title="bbox 405 1771 1960 1864">
     <span class='ocr_line' id='line_1_33' title="bbox 405 1771 1960 1864; baseline 0 -18"><span class='ocrx_word' id='word_1_223' title='bbox 405 1792 579 1864; x_wconf 74' lang='grc' dir='ltr'>κώμῃ.</span> <span class='ocrx_word' id='word_1_224' title='bbox 605 1795 699 1846; x_wconf 73' lang='grc' dir='ltr'>καὶ</span> <span class='ocrx_word' id='word_1_225' title='bbox 727 1795 836 1855; x_wconf 77' lang='grc' dir='ltr'>τοῖς</span> <span class='ocrx_word' id='word_1_226' title='bbox 865 1790 1170 1844; x_wconf 76' lang='grc' dir='ltr'>ἐνοικοῦσιν</span> <span class='ocrx_word' id='word_1_227' title='bbox 1192 1792 1359 1861; x_wconf 75' lang='grc' dir='ltr'>αὐτὴν</span> <span class='ocrx_word' id='word_1_228' title='bbox 1383 1792 1700 1845; x_wconf 80' lang='grc' dir='ltr'>ἀποδιδόασι</span> <span class='ocrx_word' id='word_1_229' title='bbox 1724 1771 1867 1863; x_wconf 71' lang='grc' dir='ltr'>γέρα</span> <span class='ocrx_word' id='word_1_230' title='bbox 1894 1795 1960 1846; x_wconf 83' lang='grc' dir='ltr'>τὰ</span> 
     </span>
    </p>
   </div>
   <div class='ocr_carea' id='block_1_34' title="bbox 2063 1771 3644 1867">
    <p class='ocr_par' dir='ltr' id='par_1_34' title="bbox 2064 1796 3644 1867">
     <span class='ocr_line' id='line_1_34' title="bbox 2064 1796 3644 1867; baseline 0 -18"><span class='ocrx_word' id='word_1_231' title='bbox 2064 1796 2131 1849; x_wconf 87' lang='lat' dir='ltr'><strong>lis</strong></span> <span class='ocrx_word' id='word_1_232' title='bbox 2160 1796 2424 1849; x_wconf 85' lang='lat' dir='ltr'><strong>solemnia</strong></span> <span class='ocrx_word' id='word_1_233' title='bbox 2478 1812 2726 1849; x_wconf 80' lang='lat' dir='ltr'><strong>munera.</strong></span> <span class='ocrx_word' id='word_1_234' title='bbox 2769 1797 2966 1865; x_wconf 78' lang='lat' dir='ltr'><strong>Accepi</strong></span> <span class='ocrx_word' id='word_1_235' title='bbox 3004 1798 3061 1866; x_wconf 74' lang='lat'><strong>8</strong></span> <span class='ocrx_word' id='word_1_236' title='bbox 3096 1809 3379 1867; x_wconf 68' lang='lat' dir='ltr'><strong>praeterea,</strong></span> <span class='ocrx_word' id='word_1_237' title='bbox 3418 1798 3644 1851; x_wconf 85' lang='lat' dir='ltr'><strong>Otoma-</strong></span> 
     </span>
    </p>
   </div>
   <div class='ocr_carea' id='block_1_35' title="bbox 406 1882 1961 1954">
    <p class='ocr_par' dir='ltr' id='par_1_35' title="bbox 406 1882 1961 1954">
     <span class='ocr_line' id='line_1_35' title="bbox 406 1882 1961 1954; baseline 0.001 -19"><span class='ocrx_word' id='word_1_238' title='bbox 406 1886 751 1954; x_wconf 72' lang='grc' dir='ltr'>νομιζόμενα.</span> <span class='ocrx_word' id='word_1_239' title='bbox 792 1884 921 1936; x_wconf 65' lang='grc' dir='ltr'><strong>Ἀπὸ</strong></span> <span class='ocrx_word' id='word_1_240' title='bbox 952 1882 1160 1952; x_wconf 80' lang='grc' dir='ltr'><strong>ταύτης</strong></span> <span class='ocrx_word' id='word_1_241' title='bbox 1195 1882 1251 1935; x_wconf 74' lang='grc' dir='ltr'>δὲ</span> <span class='ocrx_word' id='word_1_242' title='bbox 1283 1884 1585 1952; x_wconf 74' lang='grc' dir='ltr'>ἐπίσταμαι</span> <span class='ocrx_word' id='word_1_243' title='bbox 1618 1885 1757 1954; x_wconf 73' lang='grc' dir='ltr'>ἀκοῇ</span> <span class='ocrx_word' id='word_1_244' title='bbox 1809 1887 1961 1952; x_wconf 78' lang='grc' dir='ltr'>γενέ-</span> 
     </span>
    </p>
   </div>
   <div class='ocr_carea' id='block_1_36' title="bbox 420 1974 1961 2046">
    <p class='ocr_par' dir='ltr' id='par_1_36' title="bbox 420 1974 1961 2046">
     <span class='ocr_line' id='line_1_36' title="bbox 420 1974 1961 2046; baseline 0.002 -19"><span class='ocrx_word' id='word_1_245' title='bbox 420 1976 875 2044; x_wconf 82' lang='grc' dir='ltr'>σθαιύτουμάνον</span> <span class='ocrx_word' id='word_1_246' title='bbox 898 1976 990 2027; x_wconf 80' lang='grc' dir='ltr'>τὸν</span> <span class='ocrx_word' id='word_1_247' title='bbox 1022 1974 1430 2044; x_wconf 81' lang='grc' dir='ltr'>Ὀρθογρούλεω</span> <span class='ocrx_word' id='word_1_248' title='bbox 1456 1978 1618 2028; x_wconf 80' lang='grc' dir='ltr'>παῖδα</span> <span class='ocrx_word' id='word_1_249' title='bbox 1649 1980 1866 2044; x_wconf 80' lang='grc' dir='ltr'>πρῶτον</span> <span class='ocrx_word' id='word_1_250' title='bbox 1896 1977 1961 2046; x_wconf 79' lang='grc' dir='ltr'>δὴ</span> 
     </span>
    </p>
   </div>
   <div class='ocr_carea' id='block_1_37' title="bbox 416 2068 1961 2137">
    <p class='ocr_par' dir='ltr' id='par_1_37' title="bbox 416 2068 1961 2137">
     <span class='ocr_line' id='line_1_37' title="bbox 416 2068 1961 2137; baseline -0.001 -15"><span class='ocrx_word' id='word_1_251' title='bbox 416 2068 508 2122; x_wconf 73' lang='grc' dir='ltr'><strong>τοῦ</strong></span> <span class='ocrx_word' id='word_1_252' title='bbox 537 2071 720 2133; x_wconf 76' lang='grc' dir='ltr'>γένους</span> <span class='ocrx_word' id='word_1_253' title='bbox 749 2069 954 2132; x_wconf 79' lang='grc' dir='ltr'>τούτου,</span> <span class='ocrx_word' id='word_1_254' title='bbox 984 2069 1147 2129; x_wconf 79' lang='grc' dir='ltr'>άλλας</span> <span class='ocrx_word' id='word_1_255' title='bbox 1179 2068 1239 2119; x_wconf 83' lang='grc' dir='ltr'><em>τέ</em></span> <span class='ocrx_word' id='word_1_256' title='bbox 1281 2070 1328 2120; x_wconf 80' lang='lat' dir='ltr'><strong>oi</strong></span> <span class='ocrx_word' id='word_1_257' title='bbox 1374 2068 1561 2130; x_wconf 81' lang='grc' dir='ltr'>πόλεις</span> <span class='ocrx_word' id='word_1_258' title='bbox 1609 2069 1961 2137; x_wconf 83' lang='grc' dir='ltr'>ύπαγόμενον</span> 
     </span>
    </p>
   </div>
   <div class='ocr_carea' id='block_1_38' title="bbox 418 2161 1962 2233">
    <p class='ocr_par' dir='ltr' id='par_1_38' title="bbox 418 2161 1962 2233">
     <span class='ocr_line' id='line_1_38' title="bbox 418 2161 1962 2233; baseline 0 -20"><span class='ocrx_word' id='word_1_259' title='bbox 418 2164 479 2214; x_wconf 73' lang='grc' dir='ltr'>ἑν</span> <span class='ocrx_word' id='word_1_260' title='bbox 507 2163 570 2231; x_wconf 75' lang='grc' dir='ltr'><strong>τῇ</strong></span> <span class='ocrx_word' id='word_1_261' title='bbox 612 2163 783 2230; x_wconf 67' lang='grc' dir='ltr'>Ἀσίᾳ,</span> <span class='ocrx_word' id='word_1_262' title='bbox 817 2163 872 2213; x_wconf 75' lang='grc' dir='ltr'>ὲν</span> <span class='ocrx_word' id='word_1_263' title='bbox 902 2162 955 2214; x_wconf 76' lang='grc' dir='ltr'>δὲ</span> <span class='ocrx_word' id='word_1_264' title='bbox 985 2162 1039 2231; x_wconf 78' lang='grc' dir='ltr'>δὴ</span> <span class='ocrx_word' id='word_1_265' title='bbox 1071 2162 1169 2214; x_wconf 78' lang='grc' dir='ltr'>καὶ</span> <span class='ocrx_word' id='word_1_266' title='bbox 1223 2161 1474 2233; x_wconf 80' lang='grc' dir='ltr'>Προῦσαν</span> <span class='ocrx_word' id='word_1_267' title='bbox 1530 2162 1627 2232; x_wconf 77' lang='grc' dir='ltr'><strong>τήν</strong></span> <span class='ocrx_word' id='word_1_268' title='bbox 1684 2163 1739 2214; x_wconf 78' lang='grc' dir='ltr'>ὲν</span> <span class='ocrx_word' id='word_1_269' title='bbox 1773 2162 1962 2233; x_wconf 60' lang='grc' dir='ltr'><strong>Μυσίᾳ⁸</strong></span> 
     </span>
    </p>
   </div>
   <div class='ocr_carea' id='block_1_39' title="bbox 411 2254 1964 2325">
    <p class='ocr_par' dir='ltr' id='par_1_39' title="bbox 411 2254 1964 2325">
     <span class='ocr_line' id='line_1_39' title="bbox 411 2254 1964 2325; baseline 0.001 -18"><span class='ocrx_word' id='word_1_270' title='bbox 411 2255 583 2316; x_wconf 77' lang='grc' dir='ltr'>πόλιν,</span> <span class='ocrx_word' id='word_1_271' title='bbox 631 2256 721 2308; x_wconf 72' lang='grc' dir='ltr'>καὶ</span> <span class='ocrx_word' id='word_1_272' title='bbox 755 2254 871 2306; x_wconf 84' lang='grc' dir='ltr'>τότε</span> <span class='ocrx_word' id='word_1_273' title='bbox 931 2255 1223 2324; x_wconf 81' lang='grc' dir='ltr'>εὐδαίμονα</span> <span class='ocrx_word' id='word_1_274' title='bbox 1280 2254 1797 2325; x_wconf 67' lang='grc' dir='ltr'>παραστησάμενον,</span> <span class='ocrx_word' id='word_1_275' title='bbox 1855 2256 1964 2309; x_wconf 72' lang='grc' dir='ltr'>ὑπὸ</span> 
     </span>
    </p>
   </div>
   <div class='ocr_carea' id='block_1_40' title="bbox 392 2347 1957 2420">
    <p class='ocr_par' dir='ltr' id='par_1_40' title="bbox 392 2347 1957 2420">
     <span class='ocr_line' id='line_1_40' title="bbox 392 2347 1957 2420; baseline 0.003 -22"><span class='ocrx_word' id='word_1_276' title='bbox 392 2347 551 2416; x_wconf 74' lang='grc' dir='ltr'>λιμοῦ</span> <span class='ocrx_word' id='word_1_277' title='bbox 581 2347 1006 2417; x_wconf 66' lang='grc' dir='ltr'>ἐκπολιορκῆσαι</span> <span class='ocrx_word' id='word_1_278' title='bbox 1047 2347 1236 2401; x_wconf 80' lang='grc' dir='ltr'>ἑλόντα</span> <span class='ocrx_word' id='word_1_279' title='bbox 1267 2347 1367 2416; x_wconf 81' lang='grc' dir='ltr'>τὴν</span> <span class='ocrx_word' id='word_1_280' title='bbox 1397 2347 1575 2408; x_wconf 82' lang='grc' dir='ltr'>πόλιν.</span> <span class='ocrx_word' id='word_1_281' title='bbox 1606 2348 1703 2402; x_wconf 74' lang='grc' dir='ltr'>καὶ</span> <span class='ocrx_word' id='word_1_282' title='bbox 1743 2350 1799 2401; x_wconf 82' lang='grc' dir='ltr'>ὲν</span> <span class='ocrx_word' id='word_1_283' title='bbox 1822 2349 1957 2420; x_wconf 74' lang='grc' dir='ltr'><strong>αἰτῇ</strong></span> 
     </span>
    </p>
   </div>
   <div class='ocr_carea' id='block_1_41' title="bbox 390 2438 1961 2510">
    <p class='ocr_par' dir='ltr' id='par_1_41' title="bbox 390 2438 1961 2510">
     <span class='ocr_line' id='line_1_41' title="bbox 390 2438 1961 2510; baseline 0 -19"><span class='ocrx_word' id='word_1_284' title='bbox 390 2439 459 2492; x_wconf 75' lang='grc' dir='ltr'><strong>τὰ</strong></span> <span class='ocrx_word' id='word_1_285' title='bbox 492 2440 739 2507; x_wconf 85' lang='grc' dir='ltr'>βασίλεια</span> <span class='ocrx_word' id='word_1_286' title='bbox 768 2438 1164 2510; x_wconf 67' lang='grc' dir='ltr'>ποιησάμενον,</span> <span class='ocrx_word' id='word_1_287' title='bbox 1209 2439 1304 2492; x_wconf 77' lang='grc' dir='ltr'>καὶ</span> <span class='ocrx_word' id='word_1_288' title='bbox 1335 2440 1441 2493; x_wconf 73' lang='grc' dir='ltr'><strong>ἀπὸ</strong></span> <span class='ocrx_word' id='word_1_289' title='bbox 1476 2440 1681 2510; x_wconf 78' lang='grc' dir='ltr'><strong>ταύτης</strong></span> <span class='ocrx_word' id='word_1_290' title='bbox 1704 2439 1961 2510; x_wconf 82' lang='grc' dir='ltr'>ὁρμώμε-</span> 
     </span>
    </p>
   </div>
   <div class='ocr_carea' id='block_1_42' title="bbox 390 2531 1958 2602">
    <p class='ocr_par' dir='ltr' id='par_1_42' title="bbox 390 2531 1958 2602">
     <span class='ocr_line' id='line_1_42' title="bbox 390 2531 1958 2602; baseline 0 -17"><span class='ocrx_word' id='word_1_291' title='bbox 390 2550 481 2585; x_wconf 87' lang='grc' dir='ltr'><strong>νον</strong></span> <span class='ocrx_word' id='word_1_292' title='bbox 530 2532 668 2601; x_wconf 75' lang='grc' dir='ltr'>εργα</span> <span class='ocrx_word' id='word_1_293' title='bbox 720 2532 926 2599; x_wconf 81' lang='grc' dir='ltr'>μεγάλα</span> <span class='ocrx_word' id='word_1_294' title='bbox 954 2548 1018 2582; x_wconf 88' lang='grc' dir='ltr'><strong>τε</strong></span> <span class='ocrx_word' id='word_1_295' title='bbox 1062 2533 1156 2583; x_wconf 74' lang='grc' dir='ltr'><strong>καὶ</strong></span> <span class='ocrx_word' id='word_1_296' title='bbox 1189 2531 1467 2602; x_wconf 77' lang='grc' dir='ltr'>περιφανῆ</span> <span class='ocrx_word' id='word_1_297' title='bbox 1513 2532 1958 2601; x_wconf 74' lang='grc' dir='ltr'><strong>ἀποδειξάμενον,</strong></span> 
     </span>
    </p>
   </div>
   <div class='ocr_carea' id='block_1_43' title="bbox 392 2620 1960 2692">
    <p class='ocr_par' dir='ltr' id='par_1_43' title="bbox 392 2620 1960 2692">
     <span class='ocr_line' id='line_1_43' title="bbox 392 2620 1960 2692; baseline 0.001 -18"><span class='ocrx_word' id='word_1_298' title='bbox 392 2622 592 2683; x_wconf 77' lang='grc' dir='ltr'>παῖδάς</span> <span class='ocrx_word' id='word_1_299' title='bbox 628 2639 685 2674; x_wconf 86' lang='grc' dir='ltr'><strong>τε</strong></span> <span class='ocrx_word' id='word_1_300' title='bbox 720 2621 817 2675; x_wconf 74' lang='grc' dir='ltr'><strong>καὶ</strong></span> <span class='ocrx_word' id='word_1_301' title='bbox 859 2622 1033 2691; x_wconf 78' lang='grc' dir='ltr'>ἀρχὴν</span> <span class='ocrx_word' id='word_1_302' title='bbox 1066 2620 1127 2674; x_wconf 83' lang='grc' dir='ltr'><strong>ού</strong></span> <span class='ocrx_word' id='word_1_303' title='bbox 1173 2621 1386 2692; x_wconf 79' lang='grc' dir='ltr'>φαύλην</span> <span class='ocrx_word' id='word_1_304' title='bbox 1440 2623 1833 2688; x_wconf 80' lang='grc' dir='ltr'>καταλιπόντα,</span> <span class='ocrx_word' id='word_1_305' title='bbox 1874 2641 1960 2676; x_wconf 82' lang='grc' dir='ltr'>τε·</span> 
     </span>
    </p>
   </div>
   <div class='ocr_carea' id='block_1_44' title="bbox 395 2708 1960 2783">
    <p class='ocr_par' dir='ltr' id='par_1_44' title="bbox 395 2708 1960 2783">
     <span class='ocr_line' id='line_1_44' title="bbox 395 2708 1960 2783; baseline 0.004 -23"><span class='ocrx_word' id='word_1_306' title='bbox 395 2708 650 2777; x_wconf 78' lang='grc' dir='ltr'>λιυτῆσαι</span> <span class='ocrx_word' id='word_1_307' title='bbox 710 2711 766 2761; x_wconf 80' lang='grc' dir='ltr'>ὲν</span> <span class='ocrx_word' id='word_1_308' title='bbox 800 2710 1039 2783; x_wconf 81' lang='grc' dir='ltr'>Προύσῃ.</span> <span class='ocrx_word' id='word_1_309' title='bbox 1088 2709 1292 2764; x_wconf 80' lang='grc' dir='ltr'>Τοῦτον</span> <span class='ocrx_word' id='word_1_310' title='bbox 1343 2710 1399 2764; x_wconf 82' lang='grc' dir='ltr'>δὲ</span> <span class='ocrx_word' id='word_1_311' title='bbox 1456 2711 1613 2781; x_wconf 75' lang='grc' dir='ltr'>ἴσμεν</span> <span class='ocrx_word' id='word_1_312' title='bbox 1650 2714 1812 2783; x_wconf 76' lang='grc' dir='ltr'>ἡμεῖς</span> <span class='ocrx_word' id='word_1_313' title='bbox 1864 2714 1960 2767; x_wconf 78' lang='grc' dir='ltr'><strong>τοῦ</strong></span> 
     </span>
    </p>
   </div>
   <div class='ocr_carea' id='block_1_45' title="bbox 394 2800 1959 2876">
    <p class='ocr_par' dir='ltr' id='par_1_45' title="bbox 394 2800 1959 2876">
     <span class='ocr_line' id='line_1_45' title="bbox 394 2800 1959 2876; baseline 0.004 -22"><span class='ocrx_word' id='word_1_314' title='bbox 394 2802 579 2870; x_wconf 73' lang='grc' dir='ltr'>γένους</span> <span class='ocrx_word' id='word_1_315' title='bbox 615 2800 769 2854; x_wconf 82' lang='grc' dir='ltr'>τοῦδε</span> <span class='ocrx_word' id='word_1_316' title='bbox 816 2804 885 2855; x_wconf 74' lang='grc' dir='ltr'><strong>τά</strong></span> <span class='ocrx_word' id='word_1_317' title='bbox 916 2820 975 2856; x_wconf 89' lang='grc' dir='ltr'><strong>τε</strong></span> <span class='ocrx_word' id='word_1_318' title='bbox 1027 2803 1165 2859; x_wconf 72' lang='grc' dir='ltr'>ἄλλα</span> <span class='ocrx_word' id='word_1_319' title='bbox 1203 2804 1280 2864; x_wconf 86' lang='grc' dir='ltr'><strong>ώς</strong></span> <span class='ocrx_word' id='word_1_320' title='bbox 1337 2800 1446 2857; x_wconf 74' lang='grc' dir='ltr'>οἷόν</span> <span class='ocrx_word' id='word_1_321' title='bbox 1473 2824 1531 2858; x_wconf 85' lang='grc' dir='ltr'><strong>τε</strong></span> <span class='ocrx_word' id='word_1_322' title='bbox 1556 2805 1754 2876; x_wconf 80' lang='grc' dir='ltr'>ἄριστα</span> <span class='ocrx_word' id='word_1_323' title='bbox 1788 2807 1959 2860; x_wconf 84' lang='grc' dir='ltr'>καθι-</span> 
     </span>
    </p>
   </div>
   <div class='ocr_carea' id='block_1_46' title="bbox 2063 1886 3642 1958">
    <p class='ocr_par' dir='ltr' id='par_1_46' title="bbox 2063 1886 3642 1958">
     <span class='ocr_line' id='line_1_46' title="bbox 2063 1886 3642 1958; baseline 0.003 -18"><span class='ocrx_word' id='word_1_324' title='bbox 2063 1902 2194 1940; x_wconf 82' lang='lat' dir='ltr'><strong>nunt</strong></span> <span class='ocrx_word' id='word_1_325' title='bbox 2246 1886 2564 1957; x_wconf 88' lang='lat' dir='ltr'><strong>Orthognlis</strong></span> <span class='ocrx_word' id='word_1_326' title='bbox 2597 1888 2764 1940; x_wconf 86' lang='lat' dir='ltr'><strong>filium</strong></span> <span class='ocrx_word' id='word_1_327' title='bbox 2825 1889 3058 1957; x_wconf 85' lang='lat' dir='ltr'><strong>primum</strong></span> <span class='ocrx_word' id='word_1_328' title='bbox 3114 1890 3329 1956; x_wconf 81' lang='lat' dir='ltr'><strong>generis</strong></span> <span class='ocrx_word' id='word_1_329' title='bbox 3384 1891 3544 1958; x_wconf 85' lang='lat' dir='ltr'><strong>hujus</strong></span> <span class='ocrx_word' id='word_1_330' title='bbox 3574 1905 3642 1945; x_wconf 77' lang='lat' dir='ltr'><strong>ex</strong></span> 
     </span>
    </p>
   </div>
   <div class='ocr_carea' id='block_1_47' title="bbox 2061 1980 3642 2050">
    <p class='ocr_par' dir='ltr' id='par_1_47' title="bbox 2061 1980 3642 2050">
     <span class='ocr_line' id='line_1_47' title="bbox 2061 1980 3642 2050; baseline 0.001 -17"><span class='ocrx_word' id='word_1_331' title='bbox 2061 1980 2169 2033; x_wconf 91' lang='lat' dir='ltr'><strong>isto</strong></span> <span class='ocrx_word' id='word_1_332' title='bbox 2202 1980 2322 2034; x_wconf 87' lang='lat' dir='ltr'><strong>vico</strong></span> <span class='ocrx_word' id='word_1_333' title='bbox 2346 1981 2640 2034; x_wconf 77' lang='lat' dir='ltr'><strong>oriundum</strong></span> <span class='ocrx_word' id='word_1_334' title='bbox 2673 1981 2957 2035; x_wconf 77' lang='lat' dir='ltr'><strong>exstitisse</strong></span> <span class='ocrx_word' id='word_1_335' title='bbox 2984 1995 2997 2031; x_wconf 89' lang='lat'><strong>:</strong></span> <span class='ocrx_word' id='word_1_336' title='bbox 3038 1982 3131 2049; x_wconf 86' lang='lat' dir='ltr'><strong>qui</strong></span> <span class='ocrx_word' id='word_1_337' title='bbox 3169 1982 3294 2034; x_wconf 91' lang='lat' dir='ltr'><strong>inde</strong></span> <span class='ocrx_word' id='word_1_338' title='bbox 3336 1980 3642 2050; x_wconf 75' lang='lat' dir='ltr'><strong>profectus,</strong></span> 
     </span>
    </p>
   </div>
   <div class='ocr_carea' id='block_1_48' title="bbox 2062 2071 3641 2143">
    <p class='ocr_par' dir='ltr' id='par_1_48' title="bbox 2062 2071 3641 2143">
     <span class='ocr_line' id='line_1_48' title="bbox 2062 2071 3641 2143; baseline 0.003 -20"><span class='ocrx_word' id='word_1_339' title='bbox 2062 2073 2225 2125; x_wconf 85' lang='lat' dir='ltr'><strong>urbes</strong></span> <span class='ocrx_word' id='word_1_340' title='bbox 2258 2073 2400 2125; x_wconf 66' lang='lat' dir='ltr'><strong>Asiae</strong></span> <span class='ocrx_word' id='word_1_341' title='bbox 2433 2072 2575 2141; x_wconf 85' lang='lat' dir='ltr'><strong>cepit</strong></span> <span class='ocrx_word' id='word_1_342' title='bbox 2608 2091 2622 2126; x_wconf 89' lang='lat'><strong>:</strong></span> <span class='ocrx_word' id='word_1_343' title='bbox 2654 2081 2709 2126; x_wconf 89' lang='lat' dir='ltr'><strong>et</strong></span> <span class='ocrx_word' id='word_1_344' title='bbox 2739 2073 2969 2127; x_wconf 88' lang='lat' dir='ltr'><strong>Prnsam</strong></span> <span class='ocrx_word' id='word_1_345' title='bbox 3002 2071 3188 2143; x_wconf 73' lang='lat' dir='ltr'><strong>Mysia:</strong></span> <span class='ocrx_word' id='word_1_346' title='bbox 3218 2073 3411 2126; x_wconf 89' lang='lat' dir='ltr'><strong>urbem</strong></span> <span class='ocrx_word' id='word_1_347' title='bbox 3442 2072 3641 2141; x_wconf 86' lang='lat' dir='ltr'><strong>opibus</strong></span> 
     </span>
    </p>
   </div>
   <div class='ocr_carea' id='block_1_49' title="bbox 2060 2161 3646 2234">
    <p class='ocr_par' dir='ltr' id='par_1_49' title="bbox 2060 2161 3646 2234">
     <span class='ocr_line' id='line_1_49' title="bbox 2060 2161 3646 2234; baseline 0.001 -18"><span class='ocrx_word' id='word_1_348' title='bbox 2060 2161 2366 2225; x_wconf 84' lang='lat' dir='ltr'><strong>ﬂorentem,</strong></span> <span class='ocrx_word' id='word_1_349' title='bbox 2413 2165 2553 2219; x_wconf 82' lang='lat' dir='ltr'><strong>fatue</strong></span> <span class='ocrx_word' id='word_1_350' title='bbox 2586 2176 2972 2234; x_wconf 78' lang='lat' dir='ltr'><strong>expugnatam,</strong></span> <span class='ocrx_word' id='word_1_351' title='bbox 3027 2165 3180 2233; x_wconf 82' lang='lat' dir='ltr'><strong>regni</strong></span> <span class='ocrx_word' id='word_1_352' title='bbox 3222 2166 3403 2220; x_wconf 86' lang='lat' dir='ltr'><strong>sedem</strong></span> <span class='ocrx_word' id='word_1_353' title='bbox 3435 2166 3646 2219; x_wconf 82' lang='lat' dir='ltr'><strong>consti-</strong></span> 
     </span>
    </p>
   </div>
   <div class='ocr_carea' id='block_1_50' title="bbox 2064 2253 3641 2324">
    <p class='ocr_par' dir='ltr' id='par_1_50' title="bbox 2064 2253 3641 2324">
     <span class='ocr_line' id='line_1_50' title="bbox 2064 2253 3641 2324; baseline 0.003 -19"><span class='ocrx_word' id='word_1_354' title='bbox 2064 2253 2189 2306; x_wconf 92' lang='lat' dir='ltr'><strong>tuit.</strong></span> <span class='ocrx_word' id='word_1_355' title='bbox 2222 2253 2506 2308; x_wconf 79' lang='lat' dir='ltr'><strong>Postremo</strong></span> <span class='ocrx_word' id='word_1_356' title='bbox 2536 2256 2797 2324; x_wconf 67' lang='lat' dir='ltr'><strong>Operibus</strong></span> <span class='ocrx_word' id='word_1_357' title='bbox 2823 2256 3008 2309; x_wconf 89' lang='lat' dir='ltr'><strong>multis</strong></span> <span class='ocrx_word' id='word_1_358' title='bbox 3029 2255 3247 2309; x_wconf 86' lang='lat' dir='ltr'><strong>fortiter</strong></span> <span class='ocrx_word' id='word_1_359' title='bbox 3274 2266 3328 2310; x_wconf 88' lang='lat' dir='ltr'><strong>et</strong></span> <span class='ocrx_word' id='word_1_360' title='bbox 3353 2254 3641 2323; x_wconf 79' lang='lat' dir='ltr'><strong>splendide</strong></span> 
     </span>
    </p>
   </div>
   <div class='ocr_carea' id='block_1_51' title="bbox 2062 2346 3642 2417">
    <p class='ocr_par' dir='ltr' id='par_1_51' title="bbox 2062 2346 3642 2417">
     <span class='ocr_line' id='line_1_51' title="bbox 2062 2346 3642 2417; baseline 0 -18"><span class='ocrx_word' id='word_1_361' title='bbox 2062 2346 2322 2415; x_wconf 80' lang='lat' dir='ltr'><strong>peractis,</strong></span> <span class='ocrx_word' id='word_1_362' title='bbox 2385 2348 2700 2416; x_wconf 80' lang='lat' dir='ltr'><strong>relinquens</strong></span> <span class='ocrx_word' id='word_1_363' title='bbox 2743 2348 2949 2403; x_wconf 91' lang='lat' dir='ltr'><strong>liberos</strong></span> <span class='ocrx_word' id='word_1_364' title='bbox 3008 2356 3064 2402; x_wconf 90' lang='lat' dir='ltr'><strong>et</strong></span> <span class='ocrx_word' id='word_1_365' title='bbox 3122 2363 3348 2417; x_wconf 81' lang='lat' dir='ltr'><strong>regnum</strong></span> <span class='ocrx_word' id='word_1_366' title='bbox 3400 2347 3642 2412; x_wconf 85' lang='lat' dir='ltr'><strong>illustre,</strong></span> 
     </span>
    </p>
   </div>
   <div class='ocr_carea' id='block_1_52' title="bbox 2064 2437 3642 2507">
    <p class='ocr_par' dir='ltr' id='par_1_52' title="bbox 2064 2437 3642 2507">
     <span class='ocr_line' id='line_1_52' title="bbox 2064 2437 3642 2507; baseline -0.002 -15"><span class='ocrx_word' id='word_1_367' title='bbox 2064 2447 2272 2493; x_wconf 70' lang='lat' dir='ltr'><strong>natura:</strong></span> <span class='ocrx_word' id='word_1_368' title='bbox 2318 2439 2561 2494; x_wconf 87' lang='lat' dir='ltr'><strong>debitum</strong></span> <span class='ocrx_word' id='word_1_369' title='bbox 2590 2439 2828 2494; x_wconf 78' lang='lat' dir='ltr'><strong>exsolvit</strong></span> <span class='ocrx_word' id='word_1_370' title='bbox 2850 2438 3061 2494; x_wconf 63' lang='lat' dir='ltr'><strong>Prusa.</strong></span> <span class='ocrx_word' id='word_1_371' title='bbox 3104 2437 3203 2493; x_wconf 83' lang='lat' dir='ltr'><strong>llic</strong></span> <span class='ocrx_word' id='word_1_372' title='bbox 3236 2439 3449 2507; x_wconf 89' lang='lat' dir='ltr'><strong>primus</strong></span> <span class='ocrx_word' id='word_1_373' title='bbox 3481 2438 3642 2493; x_wconf 87' lang='lat' dir='ltr'><strong>istius</strong></span> 
     </span>
    </p>
   </div>
   <div class='ocr_carea' id='block_1_53' title="bbox 2060 2531 3641 2601">
    <p class='ocr_par' dir='ltr' id='par_1_53' title="bbox 2060 2531 3641 2601">
     <span class='ocr_line' id='line_1_53' title="bbox 2060 2531 3641 2601; baseline -0.001 -17"><span class='ocrx_word' id='word_1_374' title='bbox 2060 2533 2276 2600; x_wconf 85' lang='lat' dir='ltr'><strong>generis</strong></span> <span class='ocrx_word' id='word_1_375' title='bbox 2328 2533 2533 2601; x_wconf 87' lang='lat' dir='ltr'><strong>optime</strong></span> <span class='ocrx_word' id='word_1_376' title='bbox 2578 2547 2700 2601; x_wconf 69' lang='lat' dir='ltr'><strong>quae</strong></span> <span class='ocrx_word' id='word_1_377' title='bbox 2752 2531 2818 2586; x_wconf 79' lang='lat' dir='ltr'><strong>ad</strong></span> <span class='ocrx_word' id='word_1_378' title='bbox 2878 2531 3029 2601; x_wconf 80' lang='lat' dir='ltr'><strong>regni</strong></span> <span class='ocrx_word' id='word_1_379' title='bbox 3086 2532 3318 2587; x_wconf 81' lang='lat' dir='ltr'><strong>salutem</strong></span> <span class='ocrx_word' id='word_1_380' title='bbox 3365 2531 3641 2596; x_wconf 86' lang='lat' dir='ltr'><strong>attinent,</strong></span> 
     </span>
    </p>
   </div>
   <div class='ocr_carea' id='block_1_54' title="bbox 2062 2620 3644 2692">
    <p class='ocr_par' dir='ltr' id='par_1_54' title="bbox 2062 2620 3644 2692">
     <span class='ocr_line' id='line_1_54' title="bbox 2062 2620 3644 2692; baseline 0.001 -19"><span class='ocrx_word' id='word_1_381' title='bbox 2062 2620 2356 2689; x_wconf 80' lang='lat' dir='ltr'><strong>disposuit.</strong></span> <span class='ocrx_word' id='word_1_382' title='bbox 2389 2620 2455 2674; x_wconf 84' lang='lat' dir='ltr'><strong>Et</strong></span> <span class='ocrx_word' id='word_1_383' title='bbox 2477 2630 2534 2675; x_wconf 90' lang='lat' dir='ltr'><strong>ut</strong></span> <span class='ocrx_word' id='word_1_384' title='bbox 2568 2637 2794 2691; x_wconf 79' lang='lat' dir='ltr'><strong>regnum</strong></span> <span class='ocrx_word' id='word_1_385' title='bbox 2821 2622 2926 2677; x_wconf 88' lang='lat' dir='ltr'><strong>sibi</strong></span> <span class='ocrx_word' id='word_1_386' title='bbox 2962 2622 3171 2677; x_wconf 86' lang='lat' dir='ltr'><strong>faceret</strong></span> <span class='ocrx_word' id='word_1_387' title='bbox 3206 2637 3368 2692; x_wconf 87' lang='lat' dir='ltr'><strong>quam</strong></span> <span class='ocrx_word' id='word_1_388' title='bbox 3402 2623 3644 2676; x_wconf 74' lang='lat' dir='ltr'><strong>maxime</strong></span> 
     </span>
    </p>
   </div>
   <div class='ocr_carea' id='block_1_55' title="bbox 2062 2696 3642 2786">
    <p class='ocr_par' dir='ltr' id='par_1_55' title="bbox 2062 2696 3642 2786">
     <span class='ocr_line' id='line_1_55' title="bbox 2062 2696 3642 2786; baseline 0.003 -20"><span class='ocrx_word' id='word_1_389' title='bbox 2062 2712 2277 2766; x_wconf 80' lang='lat' dir='ltr'><strong>firmum</strong></span> <span class='ocrx_word' id='word_1_390' title='bbox 2339 2724 2393 2769; x_wconf 90' lang='lat' dir='ltr'><strong>et</strong></span> <span class='ocrx_word' id='word_1_391' title='bbox 2442 2696 2839 2786; x_wconf 81' lang='lat' dir='ltr'><strong>opportunum,</strong></span> <span class='ocrx_word' id='word_1_392' title='bbox 2902 2715 3169 2772; x_wconf 83' lang='lat' dir='ltr'><strong>satellites</strong></span> <span class='ocrx_word' id='word_1_393' title='bbox 3228 2714 3449 2785; x_wconf 83' lang='lat' dir='ltr'><strong>aliegit.</strong></span> <span class='ocrx_word' id='word_1_394' title='bbox 3500 2731 3642 2785; x_wconf 84' lang='lat' dir='ltr'><strong>quos</strong></span> 
     </span>
    </p>
   </div>
   <div class='ocr_carea' id='block_1_56' title="bbox 2061 2805 3639 2879">
    <p class='ocr_par' dir='ltr' id='par_1_56' title="bbox 2061 2805 3639 2879">
     <span class='ocr_line' id='line_1_56' title="bbox 2061 2805 3639 2879; baseline 0.002 -20"><span class='ocrx_word' id='word_1_395' title='bbox 2061 2807 2207 2875; x_wconf 86' lang='lat' dir='ltr'><strong>regis</strong></span> <span class='ocrx_word' id='word_1_396' title='bbox 2238 2807 2351 2877; x_wconf 81' lang='grc' dir='ltr'><strong>(Η)</strong></span> <span class='ocrx_word' id='word_1_397' title='bbox 2384 2805 2595 2864; x_wconf 77' lang='lat' dir='ltr'><strong>Januas</strong></span> <span class='ocrx_word' id='word_1_398' title='bbox 2630 2809 2747 2863; x_wconf 86' lang='lat' dir='ltr'><strong>sive</strong></span> <span class='ocrx_word' id='word_1_399' title='bbox 2783 2818 2970 2877; x_wconf 86' lang='lat' dir='ltr'><strong>portas</strong></span> <span class='ocrx_word' id='word_1_400' title='bbox 3001 2808 3360 2879; x_wconf 81' lang='lat' dir='ltr'><strong>nuncupavit.</strong></span> <span class='ocrx_word' id='word_1_401' title='bbox 3416 2808 3485 2862; x_wconf 88' lang='lat' dir='ltr'><strong>Et</strong></span> <span class='ocrx_word' id='word_1_402' title='bbox 3512 2822 3639 2861; x_wconf 88' lang='lat' dir='ltr'><strong>cum</strong></span> 
     </span>
    </p>
   </div>
   <div class='ocr_carea' id='block_1_57' title="bbox 390 2894 1960 2970">
    <p class='ocr_par' dir='ltr' id='par_1_57' title="bbox 390 2894 1959 2969">
     <span class='ocr_line' id='line_1_57' title="bbox 390 2894 1959 2969; baseline 0.003 -24"><span class='ocrx_word' id='word_1_403' title='bbox 390 2894 611 2953; x_wconf 79' lang='grc' dir='ltr'>στάντα,</span> <span class='ocrx_word' id='word_1_404' title='bbox 648 2895 742 2946; x_wconf 67' lang='grc' dir='ltr'>καὶ</span> <span class='ocrx_word' id='word_1_405' title='bbox 789 2897 891 2965; x_wconf 80' lang='grc' dir='ltr'><strong>τήν</strong></span> <span class='ocrx_word' id='word_1_406' title='bbox 922 2895 1101 2966; x_wconf 73' lang='grc' dir='ltr'>ἀρχὴν</span> <span class='ocrx_word' id='word_1_407' title='bbox 1144 2897 1200 2959; x_wconf 79' lang='grc' dir='ltr'>ἐς</span> <span class='ocrx_word' id='word_1_408' title='bbox 1227 2895 1286 2949; x_wconf 82' lang='grc' dir='ltr'>τὸ</span> <span class='ocrx_word' id='word_1_409' title='bbox 1332 2895 1773 2969; x_wconf 76' lang='grc' dir='ltr'>ἐπιτηδειότατον</span> <span class='ocrx_word' id='word_1_410' title='bbox 1809 2896 1959 2967; x_wconf 76' lang='grc' dir='ltr'>αὐτῷ</span> 
     </span>
    </p>
   </div>
   <div class='ocr_carea' id='block_1_58' title="bbox 2063 2894 3640 2970">
    <p class='ocr_par' dir='ltr' id='par_1_58' title="bbox 2063 2895 3640 2970">
     <span class='ocr_line' id='line_1_58' title="bbox 2063 2895 3640 2970; baseline 0.001 -20"><span class='ocrx_word' id='word_1_411' title='bbox 2063 2895 2169 2965; x_wconf 85' lang='lat' dir='ltr'><strong>iam</strong></span> <span class='ocrx_word' id='word_1_412' title='bbox 2207 2899 2464 2952; x_wconf 88' lang='lat' dir='ltr'><strong>omnibus</strong></span> <span class='ocrx_word' id='word_1_413' title='bbox 2514 2912 2735 2969; x_wconf 82' lang='lat' dir='ltr'><strong>propter</strong></span> <span class='ocrx_word' id='word_1_414' title='bbox 2791 2901 2955 2956; x_wconf 86' lang='lat' dir='ltr'><strong>istam</strong></span> <span class='ocrx_word' id='word_1_415' title='bbox 3017 2901 3316 2970; x_wconf 83' lang='lat' dir='ltr'><strong>potentiam</strong></span> <span class='ocrx_word' id='word_1_416' title='bbox 3356 2899 3640 2956; x_wconf 85' lang='lat' dir='ltr'><strong>formidini</strong></span> 
     </span>
    </p>
   </div>
   <div class='ocr_carea' id='block_1_59' title="bbox 385 2983 1956 3055">
    <p class='ocr_par' dir='ltr' id='par_1_59' title="bbox 385 2983 1956 3055">
     <span class='ocr_line' id='line_1_59' title="bbox 385 2983 1956 3055; baseline 0.001 -18"><span class='ocrx_word' id='word_1_417' title='bbox 385 2985 911 3053; x_wconf 77' lang='grc' dir='ltr'>καταστησάμενον,</span> <span class='ocrx_word' id='word_1_418' title='bbox 976 2984 1132 3050; x_wconf 80' lang='grc' dir='ltr'>τάξιν</span> <span class='ocrx_word' id='word_1_419' title='bbox 1177 3001 1237 3037; x_wconf 89' lang='grc' dir='ltr'><strong>τε</strong></span> <span class='ocrx_word' id='word_1_420' title='bbox 1290 2984 1519 3055; x_wconf 84' lang='grc' dir='ltr'>ἀρίστην</span> <span class='ocrx_word' id='word_1_421' title='bbox 1570 2983 1956 3047; x_wconf 79' lang='grc' dir='ltr'>ἀποδείξασθαι</span> 
     </span>
    </p>
   </div>
   <div class='ocr_carea' id='block_1_60' title="bbox 2060 2990 3638 3060">
    <p class='ocr_par' dir='ltr' id='par_1_60' title="bbox 2060 2990 3638 3060">
     <span class='ocr_line' id='line_1_60' title="bbox 2060 2990 3638 3060; baseline -0.003 -16"><span class='ocrx_word' id='word_1_422' title='bbox 2060 2998 2228 3051; x_wconf 85' lang='lat' dir='ltr'><strong>esset,</strong></span> <span class='ocrx_word' id='word_1_423' title='bbox 2282 2990 2537 3045; x_wconf 87' lang='lat' dir='ltr'><strong>subditos</strong></span> <span class='ocrx_word' id='word_1_424' title='bbox 2583 2992 2740 3045; x_wconf 78' lang='lat' dir='ltr'><strong>facile</strong></span> <span class='ocrx_word' id='word_1_425' title='bbox 2792 2991 2845 3044; x_wconf 94' lang='lat' dir='ltr'><strong>in</strong></span> <span class='ocrx_word' id='word_1_426' title='bbox 2898 2990 3131 3060; x_wconf 85' lang='lat' dir='ltr'><strong>imperio</strong></span> <span class='ocrx_word' id='word_1_427' title='bbox 3178 2990 3472 3051; x_wconf 79' lang='lat' dir='ltr'><strong>continuit.</strong></span> <span class='ocrx_word' id='word_1_428' title='bbox 3513 3004 3638 3043; x_wconf 89' lang='lat' dir='ltr'><strong>cum</strong></span> 
     </span>
    </p>
   </div>
   <div class='ocr_carea' id='block_1_61' title="bbox 384 3075 1960 3166">
    <p class='ocr_par' dir='ltr' id='par_1_61' title="bbox 384 3075 1956 3148">
     <span class='ocr_line' id='line_1_61' title="bbox 384 3075 1956 3148; baseline -0.001 -19"><span class='ocrx_word' id='word_1_429' title='bbox 384 3076 523 3146; x_wconf 81' lang='grc' dir='ltr'>ἀμφ’</span> <span class='ocrx_word' id='word_1_430' title='bbox 550 3076 736 3140; x_wconf 76' lang='grc' dir='ltr'>αὑτὸν,</span> <span class='ocrx_word' id='word_1_431' title='bbox 769 3078 837 3148; x_wconf 76' lang='grc' dir='ltr'>ἣν</span> <span class='ocrx_word' id='word_1_432' title='bbox 862 3075 1047 3147; x_wconf 87' lang='grc' dir='ltr'>Θύρας</span> <span class='ocrx_word' id='word_1_433' title='bbox 1078 3077 1342 3146; x_wconf 83' lang='grc' dir='ltr'>βασιλέως</span> <span class='ocrx_word' id='word_1_434' title='bbox 1367 3077 1613 3140; x_wconf 81' lang='grc' dir='ltr'>καλοῦσι,</span> <span class='ocrx_word' id='word_1_435' title='bbox 1658 3076 1751 3129; x_wconf 76' lang='grc' dir='ltr'>καὶ</span> <span class='ocrx_word' id='word_1_436' title='bbox 1782 3076 1956 3146; x_wconf 78' lang='grc' dir='ltr'>ταύτῃ</span> 
     </span>
    </p>
   </div>
   <div class='ocr_carea' id='block_1_62' title="bbox 2063 3075 3641 3166">
    <p class='ocr_par' dir='ltr' id='par_1_62' title="bbox 2064 3083 3641 3153">
     <span class='ocr_line' id='line_1_62' title="bbox 2064 3083 3641 3153; baseline 0.001 -19"><span class='ocrx_word' id='word_1_437' title='bbox 2064 3098 2255 3137; x_wconf 88' lang='lat' dir='ltr'><strong>omnes</strong></span> <span class='ocrx_word' id='word_1_438' title='bbox 2289 3083 2357 3136; x_wconf 90' lang='lat' dir='ltr'><strong>ad</strong></span> <span class='ocrx_word' id='word_1_439' title='bbox 2395 3092 2613 3148; x_wconf 84' lang='lat' dir='ltr'><strong>nutum,</strong></span> <span class='ocrx_word' id='word_1_440' title='bbox 2656 3085 2878 3153; x_wconf 79' lang='lat' dir='ltr'><strong>quando</strong></span> <span class='ocrx_word' id='word_1_441' title='bbox 2909 3093 3265 3148; x_wconf 84' lang='lat' dir='ltr'><strong>vocarentur,</strong></span> <span class='ocrx_word' id='word_1_442' title='bbox 3323 3093 3522 3152; x_wconf 69' lang='lat' dir='ltr'><strong>praesto</strong></span> <span class='ocrx_word' id='word_1_443' title='bbox 3549 3098 3641 3136; x_wconf 85' lang='lat' dir='ltr'><strong>es-</strong></span> 
     </span>
    </p>
   </div>
   <div class='ocr_carea' id='block_1_63' title="bbox 383 3167 1960 3241">
    <p class='ocr_par' dir='ltr' id='par_1_63' title="bbox 383 3167 1960 3241">
     <span class='ocr_line' id='line_1_63' title="bbox 383 3167 1960 3241; baseline -0.002 -19"><span class='ocrx_word' id='word_1_444' title='bbox 383 3187 448 3237; x_wconf 88' lang='grc' dir='ltr'><strong>γε</strong></span> <span class='ocrx_word' id='word_1_445' title='bbox 476 3173 542 3241; x_wconf 75' lang='grc' dir='ltr'>τῇ</span> <span class='ocrx_word' id='word_1_446' title='bbox 572 3169 804 3237; x_wconf 83' lang='grc' dir='ltr'>δυνάμει</span> <span class='ocrx_word' id='word_1_447' title='bbox 855 3168 919 3221; x_wconf 82' lang='grc' dir='ltr'>τὸ</span> <span class='ocrx_word' id='word_1_448' title='bbox 970 3170 1077 3222; x_wconf 75' lang='grc' dir='ltr'><strong>ἀπὸ</strong></span> <span class='ocrx_word' id='word_1_449' title='bbox 1127 3168 1284 3222; x_wconf 79' lang='grc' dir='ltr'>τοῦδε</span> <span class='ocrx_word' id='word_1_450' title='bbox 1325 3169 1695 3238; x_wconf 83' lang='grc' dir='ltr'>δεδιττόμενον</span> <span class='ocrx_word' id='word_1_451' title='bbox 1747 3170 1855 3221; x_wconf 74' lang='grc' dir='ltr'>δέει</span> <span class='ocrx_word' id='word_1_452' title='bbox 1882 3167 1960 3238; x_wconf 81' lang='grc' dir='ltr'>τῷ</span> 
     </span>
    </p>
   </div>
   <div class='ocr_carea' id='block_1_64' title="bbox 380 3260 1958 3333">
    <p class='ocr_par' dir='ltr' id='par_1_64' title="bbox 380 3260 1958 3333">
     <span class='ocr_line' id='line_1_64' title="bbox 380 3260 1958 3333; baseline -0.003 -16"><span class='ocrx_word' id='word_1_453' title='bbox 380 3261 525 3333; x_wconf 62' lang='grc' dir='ltr'>ἀμφ’</span> <span class='ocrx_word' id='word_1_454' title='bbox 573 3261 765 3326; x_wconf 72' lang='grc' dir='ltr'>αὖτὸν,</span> <span class='ocrx_word' id='word_1_455' title='bbox 817 3261 1079 3331; x_wconf 81' lang='grc' dir='ltr'>κατέχειν</span> <span class='ocrx_word' id='word_1_456' title='bbox 1112 3262 1240 3327; x_wconf 71' lang='grc' dir='ltr'>τοὺς</span> <span class='ocrx_word' id='word_1_457' title='bbox 1274 3262 1380 3314; x_wconf 82' lang='grc' dir='ltr'><strong>ὑπὸ</strong></span> <span class='ocrx_word' id='word_1_458' title='bbox 1430 3260 1530 3332; x_wconf 80' lang='grc' dir='ltr'>τὴν</span> <span class='ocrx_word' id='word_1_459' title='bbox 1575 3262 1753 3332; x_wconf 74' lang='grc' dir='ltr'>ἀρχὴν</span> <span class='ocrx_word' id='word_1_460' title='bbox 1794 3261 1958 3314; x_wconf 77' lang='grc' dir='ltr'>αὐτοῦ</span> 
     </span>
    </p>
   </div>
   <div class='ocr_carea' id='block_1_65' title="bbox 381 3354 1960 3425">
    <p class='ocr_par' dir='ltr' id='par_1_65' title="bbox 381 3354 1960 3425">
     <span class='ocr_line' id='line_1_65' title="bbox 381 3354 1960 3425; baseline -0.001 -17"><span class='ocrx_word' id='word_1_461' title='bbox 381 3356 707 3425; x_wconf 77' lang='grc' dir='ltr'>ξύμπαντας</span> <span class='ocrx_word' id='word_1_462' title='bbox 733 3357 793 3407; x_wconf 77' lang='grc' dir='ltr'>ὲν</span> <span class='ocrx_word' id='word_1_463' title='bbox 838 3354 1001 3425; x_wconf 80' lang='grc' dir='ltr'>τάχει</span> <span class='ocrx_word' id='word_1_464' title='bbox 1031 3355 1534 3424; x_wconf 79' lang='grc' dir='ltr'>παραγενομένους,</span> <span class='ocrx_word' id='word_1_465' title='bbox 1567 3355 1672 3425; x_wconf 79' lang='grc' dir='ltr'>ὅπη</span> <span class='ocrx_word' id='word_1_466' title='bbox 1708 3355 1774 3408; x_wconf 83' lang='grc' dir='ltr'>ἂν</span> <span class='ocrx_word' id='word_1_467' title='bbox 1809 3355 1960 3424; x_wconf 80' lang='grc' dir='ltr'>αὐτῷ</span> 
     </span>
    </p>
   </div>
   <div class='ocr_carea' id='block_1_66' title="bbox 381 3446 1959 3519">
    <p class='ocr_par' dir='ltr' id='par_1_66' title="bbox 381 3446 1959 3519">
     <span class='ocr_line' id='line_1_66' title="bbox 381 3446 1959 3519; baseline 0.001 -19"><span class='ocrx_word' id='word_1_468' title='bbox 381 3449 587 3519; x_wconf 77' lang='grc' dir='ltr'>δοκοίη,</span> <span class='ocrx_word' id='word_1_469' title='bbox 622 3449 725 3501; x_wconf 77' lang='grc' dir='ltr'>καὶ</span> <span class='ocrx_word' id='word_1_470' title='bbox 765 3447 1148 3509; x_wconf 75' lang='grc' dir='ltr'>ἐπιτελοῦντας</span> <span class='ocrx_word' id='word_1_471' title='bbox 1187 3448 1271 3501; x_wconf 78' lang='grc' dir='ltr'><strong>ἆτ’</strong></span> <span class='ocrx_word' id='word_1_472' title='bbox 1305 3448 1371 3501; x_wconf 80' lang='grc' dir='ltr'>ἂν</span> <span class='ocrx_word' id='word_1_473' title='bbox 1419 3449 1697 3501; x_wconf 73' lang='grc' dir='ltr'>ἐπιτάττοι</span> <span class='ocrx_word' id='word_1_474' title='bbox 1742 3451 1769 3502; x_wconf 84' lang='grc' dir='ltr'><strong><em>ὁ</em></strong></span> <span class='ocrx_word' id='word_1_475' title='bbox 1810 3446 1959 3517; x_wconf 80' lang='grc' dir='ltr'>βασι-</span> 
     </span>
    </p>
   </div>
   <div class='ocr_carea' id='block_1_67' title="bbox 381 3538 1959 3610">
    <p class='ocr_par' dir='ltr' id='par_1_67' title="bbox 381 3538 1959 3610">
     <span class='ocr_line' id='line_1_67' title="bbox 381 3538 1959 3610; baseline 0.001 -18"><span class='ocrx_word' id='word_1_476' title='bbox 381 3540 527 3602; x_wconf 74' lang='grc' dir='ltr'>λεὺς,</span> <span class='ocrx_word' id='word_1_477' title='bbox 553 3542 648 3592; x_wconf 71' lang='grc' dir='ltr'>καὶ</span> <span class='ocrx_word' id='word_1_478' title='bbox 678 3540 775 3593; x_wconf 72' lang='grc' dir='ltr'><strong>ἐπὶ</strong></span> <span class='ocrx_word' id='word_1_479' title='bbox 800 3541 870 3592; x_wconf 84' lang='grc' dir='ltr'><strong>τά</strong></span> <span class='ocrx_word' id='word_1_480' title='bbox 900 3539 1396 3610; x_wconf 82' lang='grc' dir='ltr'>παραγγελλόμενα</span> <span class='ocrx_word' id='word_1_481' title='bbox 1423 3540 1526 3593; x_wconf 81' lang='grc' dir='ltr'><strong>ὑπὸ</strong></span> <span class='ocrx_word' id='word_1_482' title='bbox 1558 3540 1666 3592; x_wconf 83' lang='grc' dir='ltr'><strong>τῶν</strong></span> <span class='ocrx_word' id='word_1_483' title='bbox 1690 3538 1959 3610; x_wconf 78' lang='grc' dir='ltr'>βασιλέως</span> 
     </span>
    </p>
   </div>
   <div class='ocr_carea' id='block_1_68' title="bbox 380 3631 1962 3702">
    <p class='ocr_par' dir='ltr' id='par_1_68' title="bbox 380 3631 1962 3702">
     <span class='ocr_line' id='line_1_68' title="bbox 380 3631 1962 3702; baseline 0.001 -18"><span class='ocrx_word' id='word_1_484' title='bbox 380 3632 562 3701; x_wconf 80' lang='grc' dir='ltr'>θυρῶν</span> <span class='ocrx_word' id='word_1_485' title='bbox 612 3632 760 3685; x_wconf 69' lang='grc' dir='ltr'>κατὰ</span> <span class='ocrx_word' id='word_1_486' title='bbox 808 3631 974 3702; x_wconf 84' lang='grc' dir='ltr'>τάχος</span> <span class='ocrx_word' id='word_1_487' title='bbox 1033 3634 1232 3695; x_wconf 83' lang='grc' dir='ltr'>ἰόντας.</span> <span class='ocrx_word' id='word_1_488' title='bbox 1283 3631 1488 3686; x_wconf 83' lang='grc' dir='ltr'>Τοῦτον</span> <span class='ocrx_word' id='word_1_489' title='bbox 1525 3632 1589 3702; x_wconf 85' lang='grc' dir='ltr'>δὴ</span> <span class='ocrx_word' id='word_1_490' title='bbox 1638 3632 1732 3685; x_wconf 75' lang='grc' dir='ltr'>οὖν</span> <span class='ocrx_word' id='word_1_491' title='bbox 1763 3633 1962 3686; x_wconf 75' lang='grc' dir='ltr'>ἐπυθό-</span> 
     </span>
    </p>
   </div>
   <div class='ocr_carea' id='block_1_69' title="bbox 378 3720 1960 3797">
    <p class='ocr_par' dir='ltr' id='par_1_69' title="bbox 378 3720 1960 3797">
     <span class='ocr_line' id='line_1_69' title="bbox 378 3720 1960 3797; baseline -0.001 -18"><span class='ocrx_word' id='word_1_492' title='bbox 378 3728 521 3795; x_wconf 85' lang='grc' dir='ltr'>μεθα</span> <span class='ocrx_word' id='word_1_493' title='bbox 547 3725 938 3794; x_wconf 80' lang='grc' dir='ltr'>γενναιότατόν</span> <span class='ocrx_word' id='word_1_494' title='bbox 969 3741 1029 3777; x_wconf 88' lang='grc' dir='ltr'><strong>τε</strong></span> <span class='ocrx_word' id='word_1_495' title='bbox 1054 3726 1110 3788; x_wconf 78' lang='grc' dir='ltr'>ἐς</span> <span class='ocrx_word' id='word_1_496' title='bbox 1138 3725 1205 3778; x_wconf 82' lang='grc' dir='ltr'><strong>τά</strong></span> <span class='ocrx_word' id='word_1_497' title='bbox 1238 3726 1415 3779; x_wconf 85' lang='grc' dir='ltr'>πάντα</span> <span class='ocrx_word' id='word_1_498' title='bbox 1443 3727 1758 3795; x_wconf 81' lang='grc' dir='ltr'>γενόμενον,</span> <span class='ocrx_word' id='word_1_499' title='bbox 1786 3720 1960 3797; x_wconf 81' lang='grc' dir='ltr'>ταύτῃ</span> 
     </span>
    </p>
   </div>
   <div class='ocr_carea' id='block_1_70' title="bbox 378 3817 1961 3889">
    <p class='ocr_par' dir='ltr' id='par_1_70' title="bbox 378 3817 1961 3889">
     <span class='ocr_line' id='line_1_70' title="bbox 378 3817 1961 3889; baseline 0 -19"><span class='ocrx_word' id='word_1_500' title='bbox 378 3836 444 3871; x_wconf 82' lang='grc' dir='ltr'><strong>τε</strong></span> <span class='ocrx_word' id='word_1_501' title='bbox 487 3819 560 3881; x_wconf 82' lang='grc' dir='ltr'>ὡς</span> <span class='ocrx_word' id='word_1_502' title='bbox 603 3819 696 3871; x_wconf 74' lang='grc' dir='ltr'><strong>ὲπὶ</strong></span> <span class='ocrx_word' id='word_1_503' title='bbox 744 3818 1004 3870; x_wconf 84' lang='grc' dir='ltr'>πλεῖστον</span> <span class='ocrx_word' id='word_1_504' title='bbox 1050 3817 1376 3889; x_wconf 77' lang='grc' dir='ltr'>νομισθῆναι</span> <span class='ocrx_word' id='word_1_505' title='bbox 1410 3817 1690 3886; x_wconf 84' lang='grc' dir='ltr'>δαιμόνιον</span> <span class='ocrx_word' id='word_1_506' title='bbox 1737 3819 1961 3871; x_wconf 78' lang='grc' dir='ltr'>καταλιο</span> 
     </span>
    </p>
   </div>
   <div class='ocr_carea' id='block_1_71' title="bbox 382 3910 1956 3980">
    <p class='ocr_par' dir='ltr' id='par_1_71' title="bbox 382 3910 1956 3980">
     <span class='ocr_line' id='line_1_71' title="bbox 382 3910 1956 3980; baseline 0.001 -16"><span class='ocrx_word' id='word_1_507' title='bbox 382 3913 511 3964; x_wconf 80' lang='grc' dir='ltr'>πεῖν</span> <span class='ocrx_word' id='word_1_508' title='bbox 534 3929 591 3963; x_wconf 87' lang='grc' dir='ltr'><strong>τε</strong></span> <span class='ocrx_word' id='word_1_509' title='bbox 619 3912 727 3965; x_wconf 77' lang='grc' dir='ltr'><strong>ἀπὸ</strong></span> <span class='ocrx_word' id='word_1_510' title='bbox 753 3910 952 3963; x_wconf 86' lang='grc' dir='ltr'>τούτου</span> <span class='ocrx_word' id='word_1_511' title='bbox 992 3911 1092 3980; x_wconf 75' lang='grc' dir='ltr'>τὴν</span> <span class='ocrx_word' id='word_1_512' title='bbox 1117 3911 1439 3980; x_wconf 76' lang='grc' dir='ltr'>ἐπωνυμίαν</span> <span class='ocrx_word' id='word_1_513' title='bbox 1474 3915 1588 3973; x_wconf 87' lang='grc' dir='ltr'>τοῖς</span> <span class='ocrx_word' id='word_1_514' title='bbox 1617 3912 1712 3964; x_wconf 82' lang='grc' dir='ltr'><strong>ἀπ’</strong></span> <span class='ocrx_word' id='word_1_515' title='bbox 1745 3911 1956 3966; x_wconf 79' lang='grc' dir='ltr'>ἐκείνου</span> 
     </span>
    </p>
   </div>
   <div class='ocr_carea' id='block_1_72' title="bbox 384 4001 1957 4072">
    <p class='ocr_par' dir='ltr' id='par_1_72' title="bbox 384 4001 1957 4072">
     <span class='ocr_line' id='line_1_72' title="bbox 384 4001 1957 4072; baseline 0 -17"><span class='ocrx_word' id='word_1_516' title='bbox 384 4004 722 4071; x_wconf 76' lang='grc' dir='ltr'>γενομένοις,</span> <span class='ocrx_word' id='word_1_517' title='bbox 770 4002 1111 4072; x_wconf 75' lang='grc' dir='ltr'>Ὀτουμάνου</span> <span class='ocrx_word' id='word_1_518' title='bbox 1156 4003 1356 4065; x_wconf 81' lang='grc' dir='ltr'>παῖδας</span> <span class='ocrx_word' id='word_1_519' title='bbox 1401 4001 1483 4054; x_wconf 75' lang='grc' dir='ltr'>ἔτι</span> <span class='ocrx_word' id='word_1_520' title='bbox 1535 4003 1630 4056; x_wconf 77' lang='grc' dir='ltr'>καὶ</span> <span class='ocrx_word' id='word_1_521' title='bbox 1653 4005 1748 4056; x_wconf 75' lang='grc' dir='ltr'>νῦν</span> <span class='ocrx_word' id='word_1_522' title='bbox 1778 4002 1957 4055; x_wconf 84' lang='grc' dir='ltr'>καλεῖ-</span> 
     </span>
    </p>
   </div>
   <div class='ocr_carea' id='block_1_73' title="bbox 376 4094 1961 4165">
    <p class='ocr_par' dir='ltr' id='par_1_73' title="bbox 376 4094 1961 4165">
     <span class='ocr_line' id='line_1_73' title="bbox 376 4094 1961 4165; baseline -0.002 -15"><span class='ocrx_word' id='word_1_523' title='bbox 376 4097 528 4150; x_wconf 86' lang='grc' dir='ltr'>σθαι.</span> <span class='ocrx_word' id='word_1_524' title='bbox 570 4098 694 4150; x_wconf 75' lang='grc' dir='ltr'>Ἐπὶ</span> <span class='ocrx_word' id='word_1_525' title='bbox 721 4095 916 4151; x_wconf 85' lang='grc' dir='ltr'>τούτου</span> <span class='ocrx_word' id='word_1_526' title='bbox 959 4094 1339 4164; x_wconf 78' lang='grc' dir='ltr'>βασιλεύοντος</span> <span class='ocrx_word' id='word_1_527' title='bbox 1372 4095 1766 4165; x_wconf 82' lang='grc' dir='ltr'>ὀκτακισχίλιοι</span> <span class='ocrx_word' id='word_1_528' title='bbox 1791 4094 1961 4165; x_wconf 84' lang='grc' dir='ltr'>Τούρ-</span> 
     </span>
    </p>
   </div>
   <div class='ocr_carea' id='block_1_74' title="bbox 373 4187 1961 4260">
    <p class='ocr_par' dir='ltr' id='par_1_74' title="bbox 373 4187 1961 4260">
     <span class='ocr_line' id='line_1_74' title="bbox 373 4187 1961 4260; baseline -0.004 -18"><span class='ocrx_word' id='word_1_529' title='bbox 373 4207 491 4243; x_wconf 75' lang='grc' dir='ltr'><strong>κων</strong></span> <span class='ocrx_word' id='word_1_530' title='bbox 522 4191 579 4252; x_wconf 67' lang='grc' dir='ltr'>ἐς</span> <span class='ocrx_word' id='word_1_531' title='bbox 607 4189 708 4260; x_wconf 79' lang='grc' dir='ltr'>τὴν</span> <span class='ocrx_word' id='word_1_532' title='bbox 740 4188 1017 4259; x_wconf 80' lang='grc' dir='ltr'>Εὐρώπην</span> <span class='ocrx_word' id='word_1_533' title='bbox 1047 4187 1332 4250; x_wconf 74' lang='grc' dir='ltr'>διαϐάντες</span> <span class='ocrx_word' id='word_1_534' title='bbox 1364 4188 1494 4257; x_wconf 79' lang='grc' dir='ltr'>περὶ</span> <span class='ocrx_word' id='word_1_535' title='bbox 1539 4187 1961 4255; x_wconf 76' lang='grc' dir='ltr'>Ἑλλήσποντον,</span> 
     </span>
    </p>
   </div>
   <div class='ocr_carea' id='block_1_75' title="bbox 371 4278 1959 4353">
    <p class='ocr_par' dir='ltr' id='par_1_75' title="bbox 371 4278 1959 4353">
     <span class='ocr_line' id='line_1_75' title="bbox 371 4278 1959 4353; baseline -0.003 -17"><span class='ocrx_word' id='word_1_536' title='bbox 371 4285 474 4336; x_wconf 75' lang='grc' dir='ltr'>καὶ</span> <span class='ocrx_word' id='word_1_537' title='bbox 529 4283 587 4336; x_wconf 72' lang='grc' dir='ltr'>ὲν</span> <span class='ocrx_word' id='word_1_538' title='bbox 628 4282 969 4353; x_wconf 78' lang='grc' dir='ltr'>Χερῤονήσῳ</span> <span class='ocrx_word' id='word_1_539' title='bbox 1012 4282 1381 4352; x_wconf 81' lang='grc' dir='ltr'>κατασχόντες</span> <span class='ocrx_word' id='word_1_540' title='bbox 1432 4278 1691 4351; x_wconf 83' lang='grc' dir='ltr'>φρούριον</span> <span class='ocrx_word' id='word_1_541' title='bbox 1721 4280 1959 4350; x_wconf 80' lang='grc' dir='ltr'>Ἐλληνι-</span> 
     </span>
    </p>
   </div>
   <div class='ocr_carea' id='block_1_76' title="bbox 368 4373 1958 4444">
    <p class='ocr_par' dir='ltr' id='par_1_76' title="bbox 368 4373 1958 4444">
     <span class='ocr_line' id='line_1_76' title="bbox 368 4373 1958 4444; baseline -0.003 -15"><span class='ocrx_word' id='word_1_542' title='bbox 368 4376 495 4441; x_wconf 85' lang='grc' dir='ltr'>κδν,</span> <span class='ocrx_word' id='word_1_543' title='bbox 534 4375 632 4428; x_wconf 72' lang='grc' dir='ltr'>καὶ</span> <span class='ocrx_word' id='word_1_544' title='bbox 660 4375 768 4428; x_wconf 80' lang='grc' dir='ltr'><strong>ἀπὸ</strong></span> <span class='ocrx_word' id='word_1_545' title='bbox 793 4374 991 4429; x_wconf 82' lang='grc' dir='ltr'>τούτου</span> <span class='ocrx_word' id='word_1_546' title='bbox 1027 4376 1363 4444; x_wconf 80' lang='grc' dir='ltr'>ὁρμώμενοι,</span> <span class='ocrx_word' id='word_1_547' title='bbox 1401 4374 1504 4443; x_wconf 86' lang='grc' dir='ltr'><strong>τήν</strong></span> <span class='ocrx_word' id='word_1_548' title='bbox 1532 4391 1592 4425; x_wconf 89' lang='grc' dir='ltr'><strong>τε</strong></span> <span class='ocrx_word' id='word_1_549' title='bbox 1635 4373 1857 4443; x_wconf 72' lang='grc' dir='ltr'>Θρᾴκην</span> <span class='ocrx_word' id='word_1_550' title='bbox 1901 4373 1958 4435; x_wconf 75' lang='grc' dir='ltr'>ἐς</span> 
     </span>
    </p>
   </div>
   <div class='ocr_carea' id='block_1_77' title="bbox 2064 3175 3638 3246">
    <p class='ocr_par' dir='ltr' id='par_1_77' title="bbox 2064 3175 3638 3246">
     <span class='ocr_line' id='line_1_77' title="bbox 2064 3175 3638 3246; baseline -0.001 -17"><span class='ocrx_word' id='word_1_551' title='bbox 2064 3185 2186 3229; x_wconf 88' lang='lat' dir='ltr'><strong>sent</strong></span> <span class='ocrx_word' id='word_1_552' title='bbox 2221 3195 2234 3230; x_wconf 89' lang='lat'><strong>:</strong></span> <span class='ocrx_word' id='word_1_553' title='bbox 2279 3184 2333 3231; x_wconf 91' lang='lat' dir='ltr'><strong>et</strong></span> <span class='ocrx_word' id='word_1_554' title='bbox 2363 3178 2591 3245; x_wconf 80' lang='lat' dir='ltr'><strong>impigre</strong></span> <span class='ocrx_word' id='word_1_555' title='bbox 2615 3191 2675 3230; x_wconf 89' lang='lat' dir='ltr'><strong>ea</strong></span> <span class='ocrx_word' id='word_1_556' title='bbox 2705 3193 2827 3246; x_wconf 73' lang='lat' dir='ltr'><strong>qum</strong></span> <span class='ocrx_word' id='word_1_557' title='bbox 2874 3175 3067 3231; x_wconf 68' lang='lat' dir='ltr'><strong>Ianua:</strong></span> <span class='ocrx_word' id='word_1_558' title='bbox 3108 3178 3249 3246; x_wconf 87' lang='lat' dir='ltr'><strong>regis</strong></span> <span class='ocrx_word' id='word_1_559' title='bbox 3281 3176 3638 3245; x_wconf 87' lang='lat' dir='ltr'><strong>imperarent,</strong></span> 
     </span>
    </p>
   </div>
   <div class='ocr_carea' id='block_1_78' title="bbox 2061 3268 3633 3339">
    <p class='ocr_par' dir='ltr' id='par_1_78' title="bbox 2061 3268 3633 3339">
     <span class='ocr_line' id='line_1_78' title="bbox 2061 3268 3633 3339; baseline -0.001 -19"><span class='ocrx_word' id='word_1_560' title='bbox 2061 3269 2299 3322; x_wconf 88' lang='lat' dir='ltr'><strong>obirent.</strong></span> <span class='ocrx_word' id='word_1_561' title='bbox 2340 3268 2805 3333; x_wconf 87' lang='lat' dir='ltr'><strong>Commemoraut,</strong></span> <span class='ocrx_word' id='word_1_562' title='bbox 2848 3268 3202 3339; x_wconf 80' lang='lat' dir='ltr'><strong>Orthogulem</strong></span> <span class='ocrx_word' id='word_1_563' title='bbox 3257 3270 3422 3325; x_wconf 86' lang='lat' dir='ltr'><strong>istum</strong></span> <span class='ocrx_word' id='word_1_564' title='bbox 3461 3269 3633 3322; x_wconf 87' lang='lat' dir='ltr'><strong>virum</strong></span> 
     </span>
    </p>
   </div>
   <div class='ocr_carea' id='block_1_79' title="bbox 2063 3360 3633 3430">
    <p class='ocr_par' dir='ltr' id='par_1_79' title="bbox 2063 3360 3633 3430">
     <span class='ocr_line' id='line_1_79' title="bbox 2063 3360 3633 3430; baseline -0.003 -17"><span class='ocrx_word' id='word_1_565' title='bbox 2063 3375 2158 3426; x_wconf 88' lang='lat' dir='ltr'><strong>per</strong></span> <span class='ocrx_word' id='word_1_566' title='bbox 2220 3360 2403 3413; x_wconf 88' lang='lat' dir='ltr'><strong>omnia</strong></span> <span class='ocrx_word' id='word_1_567' title='bbox 2467 3360 2748 3415; x_wconf 72' lang='lat' dir='ltr'><strong>exsutisse</strong></span> <span class='ocrx_word' id='word_1_568' title='bbox 2806 3361 3342 3430; x_wconf 87' lang='lat' dir='ltr'><strong>generosissimum:</strong></span> <span class='ocrx_word' id='word_1_569' title='bbox 3397 3367 3449 3413; x_wconf 88' lang='lat' dir='ltr'><strong>et</strong></span> <span class='ocrx_word' id='word_1_570' title='bbox 3508 3373 3633 3411; x_wconf 90' lang='lat' dir='ltr'><strong>cum</strong></span> 
     </span>
    </p>
   </div>
   <div class='ocr_carea' id='block_1_80' title="bbox 2063 3451 3638 3520">
    <p class='ocr_par' dir='ltr' id='par_1_80' title="bbox 2063 3451 3638 3520">
     <span class='ocr_line' id='line_1_80' title="bbox 2063 3451 3638 3520; baseline 0.001 -18"><span class='ocrx_word' id='word_1_571' title='bbox 2063 3462 2285 3519; x_wconf 83' lang='lat' dir='ltr'><strong>propter</strong></span> <span class='ocrx_word' id='word_1_572' title='bbox 2314 3466 2400 3505; x_wconf 87' lang='lat' dir='ltr'><strong>res</strong></span> <span class='ocrx_word' id='word_1_573' title='bbox 2425 3467 2556 3506; x_wconf 87' lang='lat' dir='ltr'><strong>snas</strong></span> <span class='ocrx_word' id='word_1_574' title='bbox 2613 3452 2872 3519; x_wconf 71' lang='lat' dir='ltr'><strong>prmclare</strong></span> <span class='ocrx_word' id='word_1_575' title='bbox 2902 3451 3317 3505; x_wconf 83' lang='lat' dir='ltr'><strong>administratas</strong></span> <span class='ocrx_word' id='word_1_576' title='bbox 3353 3451 3638 3520; x_wconf 85' lang='lat' dir='ltr'><strong>augustior</strong></span> 
     </span>
    </p>
   </div>
   <div class='ocr_carea' id='block_1_81' title="bbox 2062 3544 3643 3612">
    <p class='ocr_par' dir='ltr' id='par_1_81' title="bbox 2062 3544 3643 3612">
     <span class='ocr_line' id='line_1_81' title="bbox 2062 3544 3643 3612; baseline -0.001 -14"><span class='ocrx_word' id='word_1_577' title='bbox 2062 3544 2303 3608; x_wconf 88' lang='lat' dir='ltr'><strong>homine,</strong></span> <span class='ocrx_word' id='word_1_578' title='bbox 2351 3553 2405 3597; x_wconf 91' lang='lat' dir='ltr'><strong>et</strong></span> <span class='ocrx_word' id='word_1_579' title='bbox 2461 3544 2616 3612; x_wconf 87' lang='lat' dir='ltr'><strong>quasi</strong></span> <span class='ocrx_word' id='word_1_580' title='bbox 2669 3545 2890 3598; x_wconf 87' lang='lat' dir='ltr'><strong>divinus</strong></span> <span class='ocrx_word' id='word_1_581' title='bbox 2951 3551 3323 3612; x_wconf 83' lang='lat' dir='ltr'><strong>reputaretur,</strong></span> <span class='ocrx_word' id='word_1_582' title='bbox 3406 3544 3643 3612; x_wconf 77' lang='lat' dir='ltr'><strong>posteris</strong></span> 
     </span>
    </p>
   </div>
   <div class='ocr_carea' id='block_1_82' title="bbox 2063 3634 3639 3705">
    <p class='ocr_par' dir='ltr' id='par_1_82' title="bbox 2063 3634 3639 3705">
     <span class='ocr_line' id='line_1_82' title="bbox 2063 3634 3639 3705; baseline -0.001 -16"><span class='ocrx_word' id='word_1_583' title='bbox 2063 3636 2284 3705; x_wconf 86' lang='lat' dir='ltr'><strong>reliquit</strong></span> <span class='ocrx_word' id='word_1_584' title='bbox 2318 3635 2532 3705; x_wconf 78' lang='lat' dir='ltr'><strong>insigne</strong></span> <span class='ocrx_word' id='word_1_585' title='bbox 2565 3645 3009 3704; x_wconf 73' lang='lat' dir='ltr'><strong>cogumnentum,</strong></span> <span class='ocrx_word' id='word_1_586' title='bbox 3064 3646 3121 3688; x_wconf 89' lang='lat' dir='ltr'><strong>ut</strong></span> <span class='ocrx_word' id='word_1_587' title='bbox 3150 3634 3494 3689; x_wconf 72' lang='lat' dir='ltr'><strong>Otomanidae</strong></span> <span class='ocrx_word' id='word_1_588' title='bbox 3520 3636 3639 3688; x_wconf 64' lang='lat' dir='ltr'><strong>sive</strong></span> 
     </span>
    </p>
   </div>
   <div class='ocr_carea' id='block_1_83' title="bbox 2061 3727 3635 3797">
    <p class='ocr_par' dir='ltr' id='par_1_83' title="bbox 2061 3727 3635 3797">
     <span class='ocr_line' id='line_1_83' title="bbox 2061 3727 3635 3797; baseline -0.004 -12"><span class='ocrx_word' id='word_1_589' title='bbox 2061 3729 2438 3785; x_wconf 78' lang='lat' dir='ltr'><strong>Otomaniﬂlii</strong></span> <span class='ocrx_word' id='word_1_590' title='bbox 2498 3740 2783 3784; x_wconf 89' lang='lat' dir='ltr'><strong>vocentur.</strong></span> <span class='ocrx_word' id='word_1_591' title='bbox 2850 3727 2962 3784; x_wconf 76' lang='lat' dir='ltr'><strong>Hoc</strong></span> <span class='ocrx_word' id='word_1_592' title='bbox 3021 3740 3284 3797; x_wconf 81' lang='lat' dir='ltr'><strong>regnante</strong></span> <span class='ocrx_word' id='word_1_593' title='bbox 3328 3728 3635 3781; x_wconf 87' lang='lat' dir='ltr'><strong>Turcorum</strong></span> 
     </span>
    </p>
   </div>
   <div class='ocr_carea' id='block_1_84' title="bbox 2060 3821 3639 3891">
    <p class='ocr_par' dir='ltr' id='par_1_84' title="bbox 2060 3821 3639 3891">
     <span class='ocr_line' id='line_1_84' title="bbox 2060 3821 3639 3891; baseline -0.003 -13"><span class='ocrx_word' id='word_1_594' title='bbox 2060 3831 2185 3878; x_wconf 85' lang='lat' dir='ltr'><strong>octo</strong></span> <span class='ocrx_word' id='word_1_595' title='bbox 2211 3822 2377 3876; x_wconf 85' lang='lat' dir='ltr'><strong>millia</strong></span> <span class='ocrx_word' id='word_1_596' title='bbox 2419 3822 2755 3891; x_wconf 80' lang='lat' dir='ltr'><strong>trajecernnt</strong></span> <span class='ocrx_word' id='word_1_597' title='bbox 2784 3822 2834 3874; x_wconf 91' lang='lat' dir='ltr'><strong>in</strong></span> <span class='ocrx_word' id='word_1_598' title='bbox 2867 3821 3146 3891; x_wconf 82' lang='lat' dir='ltr'><strong>Europam</strong></span> <span class='ocrx_word' id='word_1_599' title='bbox 3182 3837 3275 3890; x_wconf 90' lang='lat' dir='ltr'><strong>per</strong></span> <span class='ocrx_word' id='word_1_600' title='bbox 3317 3822 3639 3888; x_wconf 77' lang='lat' dir='ltr'><strong>Hellespon-</strong></span> 
     </span>
    </p>
   </div>
   <div class='ocr_carea' id='block_1_85' title="bbox 2064 3913 3636 3984">
    <p class='ocr_par' dir='ltr' id='par_1_85' title="bbox 2064 3913 3636 3984">
     <span class='ocr_line' id='line_1_85' title="bbox 2064 3913 3636 3984; baseline 0.001 -19"><span class='ocrx_word' id='word_1_601' title='bbox 2064 3922 2216 3975; x_wconf 89' lang='lat' dir='ltr'><strong>tum.</strong></span> <span class='ocrx_word' id='word_1_602' title='bbox 2273 3926 2544 3984; x_wconf 89' lang='lat' dir='ltr'><strong>captoquc</strong></span> <span class='ocrx_word' id='word_1_603' title='bbox 2600 3914 2916 3968; x_wconf 65' lang='lat' dir='ltr'><strong>Graecorum</strong></span> <span class='ocrx_word' id='word_1_604' title='bbox 2980 3913 3233 3982; x_wconf 68' lang='lat' dir='ltr'><strong>prazsidio</strong></span> <span class='ocrx_word' id='word_1_605' title='bbox 3290 3913 3636 3968; x_wconf 85' lang='lat' dir='ltr'><strong>Chersoneso</strong></span> 
     </span>
    </p>
   </div>
   <div class='ocr_carea' id='block_1_86' title="bbox 2061 4003 3635 4074">
    <p class='ocr_par' dir='ltr' id='par_1_86' title="bbox 2061 4003 3635 4074">
     <span class='ocr_line' id='line_1_86' title="bbox 2061 4003 3635 4074; baseline -0.001 -17"><span class='ocrx_word' id='word_1_606' title='bbox 2061 4005 2338 4074; x_wconf 86' lang='lat' dir='ltr'><strong>imposito,</strong></span> <span class='ocrx_word' id='word_1_607' title='bbox 2374 4014 2737 4074; x_wconf 81' lang='lat' dir='ltr'><strong>perrexerunt</strong></span> <span class='ocrx_word' id='word_1_608' title='bbox 2769 4005 2820 4057; x_wconf 91' lang='lat' dir='ltr'><strong>in</strong></span> <span class='ocrx_word' id='word_1_609' title='bbox 2860 4003 3172 4065; x_wconf 83' lang='lat' dir='ltr'><strong>Thraciam,</strong></span> <span class='ocrx_word' id='word_1_610' title='bbox 3202 4011 3256 4057; x_wconf 90' lang='lat' dir='ltr'><strong>et</strong></span> <span class='ocrx_word' id='word_1_611' title='bbox 3283 4004 3347 4057; x_wconf 89' lang='lat' dir='ltr'><strong>ad</strong></span> <span class='ocrx_word' id='word_1_612' title='bbox 3383 4003 3580 4056; x_wconf 80' lang='lat' dir='ltr'><strong>Istrum</strong></span> <span class='ocrx_word' id='word_1_613' title='bbox 3619 4020 3635 4056; x_wconf 88' lang='lat'><strong>:</strong></span> 
     </span>
    </p>
   </div>
   <div class='ocr_carea' id='block_1_87' title="bbox 2061 4094 3635 4168">
    <p class='ocr_par' dir='ltr' id='par_1_87' title="bbox 2061 4094 3635 4168">
     <span class='ocr_line' id='line_1_87' title="bbox 2061 4094 3635 4168; baseline -0.004 -17"><span class='ocrx_word' id='word_1_614' title='bbox 2061 4098 2581 4168; x_wconf 85' lang='lat' dir='ltr'><strong>incursionibusque</strong></span> <span class='ocrx_word' id='word_1_615' title='bbox 2628 4098 2880 4165; x_wconf 88' lang='lat' dir='ltr'><strong>plurimis</strong></span> <span class='ocrx_word' id='word_1_616' title='bbox 2913 4097 3095 4160; x_wconf 88' lang='lat' dir='ltr'><strong>factis,</strong></span> <span class='ocrx_word' id='word_1_617' title='bbox 3153 4096 3425 4163; x_wconf 77' lang='lat' dir='ltr'><strong>regionem</strong></span> <span class='ocrx_word' id='word_1_618' title='bbox 3477 4094 3635 4149; x_wconf 79' lang='lat' dir='ltr'><strong>istam</strong></span> 
     </span>
    </p>
   </div>
   <div class='ocr_carea' id='block_1_88' title="bbox 2061 4185 3632 4255">
    <p class='ocr_par' dir='ltr' id='par_1_88' title="bbox 2061 4185 3632 4255">
     <span class='ocr_line' id='line_1_88' title="bbox 2061 4185 3632 4255; baseline -0.001 -15"><span class='ocrx_word' id='word_1_619' title='bbox 2061 4197 2364 4252; x_wconf 88' lang='lat' dir='ltr'><strong>vastarunt,</strong></span> <span class='ocrx_word' id='word_1_620' title='bbox 2405 4196 2458 4241; x_wconf 90' lang='lat' dir='ltr'><strong>et</strong></span> <span class='ocrx_word' id='word_1_621' title='bbox 2494 4190 2785 4241; x_wconf 78' lang='lat' dir='ltr'><strong>tnaximam</strong></span> <span class='ocrx_word' id='word_1_622' title='bbox 2816 4188 2943 4242; x_wconf 89' lang='lat' dir='ltr'><strong>hinc</strong></span> <span class='ocrx_word' id='word_1_623' title='bbox 2968 4193 3321 4255; x_wconf 83' lang='lat' dir='ltr'><strong>reportarunt</strong></span> <span class='ocrx_word' id='word_1_624' title='bbox 3374 4185 3632 4253; x_wconf 70' lang='lat' dir='ltr'><strong>praedam.</strong></span> 
     </span>
    </p>
   </div>
   <div class='ocr_carea' id='block_1_89' title="bbox 2059 4277 3635 4351">
    <p class='ocr_par' dir='ltr' id='par_1_89' title="bbox 2059 4277 3635 4351">
     <span class='ocr_line' id='line_1_89' title="bbox 2059 4277 3635 4351; baseline -0.005 -17"><span class='ocrx_word' id='word_1_625' title='bbox 2059 4279 2347 4348; x_wconf 76' lang='lat' dir='ltr'><strong>Mancipia,</strong></span> <span class='ocrx_word' id='word_1_626' title='bbox 2402 4297 2525 4349; x_wconf 77' lang='lat' dir='ltr'><strong>qua:</strong></span> <span class='ocrx_word' id='word_1_627' title='bbox 2569 4290 2725 4333; x_wconf 88' lang='lat' dir='ltr'><strong>erant</strong></span> <span class='ocrx_word' id='word_1_628' title='bbox 2779 4278 3038 4351; x_wconf 89' lang='lat' dir='ltr'><strong>plurima,</strong></span> <span class='ocrx_word' id='word_1_629' title='bbox 3090 4278 3215 4347; x_wconf 88' lang='lat' dir='ltr'><strong>jure</strong></span> <span class='ocrx_word' id='word_1_630' title='bbox 3277 4277 3407 4331; x_wconf 86' lang='lat' dir='ltr'><strong>belli</strong></span> <span class='ocrx_word' id='word_1_631' title='bbox 3454 4286 3635 4346; x_wconf 79' lang='lat' dir='ltr'><strong>capta,</strong></span> 
     </span>
    </p>
   </div>
   <div class='ocr_carea' id='block_1_90' title="bbox 2062 4368 3639 4439">
    <p class='ocr_par' dir='ltr' id='par_1_90' title="bbox 2062 4368 3639 4439">
     <span class='ocr_line' id='line_1_90' title="bbox 2062 4368 3639 4439; baseline -0.001 -14"><span class='ocrx_word' id='word_1_632' title='bbox 2062 4372 2483 4427; x_wconf 89' lang='lat' dir='ltr'><strong>transmiserunt</strong></span> <span class='ocrx_word' id='word_1_633' title='bbox 2507 4373 2560 4425; x_wconf 89' lang='lat' dir='ltr'><strong>in</strong></span> <span class='ocrx_word' id='word_1_634' title='bbox 2583 4372 2788 4426; x_wconf 81' lang='lat' dir='ltr'><strong>Asiam.</strong></span> <span class='ocrx_word' id='word_1_635' title='bbox 2814 4372 3127 4426; x_wconf 60' lang='lat' dir='ltr'><strong>Graecorum</strong></span> <span class='ocrx_word' id='word_1_636' title='bbox 3159 4368 3639 4439; x_wconf 82' lang='lat' dir='ltr'><strong>Triballorumque</strong></span> 
     </span>
    </p>
   </div>
   <div class='ocr_carea' id='block_1_91' title="bbox 373 4453 1960 4539">
    <p class='ocr_par' dir='ltr' id='par_1_91' title="bbox 373 4464 1954 4539">
     <span class='ocr_line' id='line_1_91' title="bbox 373 4464 1954 4539; baseline -0.004 -16"><span class='ocrx_word' id='word_1_637' title='bbox 373 4472 603 4539; x_wconf 85' lang='grc' dir='ltr'>Ἴστρον</span> <span class='ocrx_word' id='word_1_638' title='bbox 636 4466 974 4533; x_wconf 79' lang='grc' dir='ltr'>ἐλαύνοντες,</span> <span class='ocrx_word' id='word_1_639' title='bbox 1030 4466 1311 4529; x_wconf 70' lang='grc' dir='ltr'>ἐληΐζοντο</span> <span class='ocrx_word' id='word_1_640' title='bbox 1364 4466 1463 4536; x_wconf 78' lang='grc' dir='ltr'>τὴν</span> <span class='ocrx_word' id='word_1_641' title='bbox 1497 4464 1684 4536; x_wconf 90' lang='grc' dir='ltr'>χώραν</span> <span class='ocrx_word' id='word_1_642' title='bbox 1729 4466 1954 4535; x_wconf 76' lang='grc' dir='ltr'>ἐπιδραο</span> 
     </span>
    </p>
   </div>
   <div class='ocr_carea' id='block_1_92' title="bbox 2063 4453 3641 4539">
    <p class='ocr_par' dir='ltr' id='par_1_92' title="bbox 2066 4464 3641 4536">
     <span class='ocr_line' id='line_1_92' title="bbox 2066 4464 3641 4536; baseline -0.001 -18"><span class='ocrx_word' id='word_1_643' title='bbox 2066 4465 2178 4536; x_wconf 84' lang='lat' dir='ltr'><strong>(qui</strong></span> <span class='ocrx_word' id='word_1_644' title='bbox 2213 4482 2359 4519; x_wconf 90' lang='lat' dir='ltr'><strong>nunc</strong></span> <span class='ocrx_word' id='word_1_645' title='bbox 2394 4465 2612 4534; x_wconf 82' lang='lat' dir='ltr'><strong>Bulgari</strong></span> <span class='ocrx_word' id='word_1_646' title='bbox 2640 4465 2918 4533; x_wconf 88' lang='lat' dir='ltr'><strong>dicuntur)</strong></span> <span class='ocrx_word' id='word_1_647' title='bbox 2946 4481 3034 4519; x_wconf 84' lang='lat' dir='ltr'><strong>res</strong></span> <span class='ocrx_word' id='word_1_648' title='bbox 3068 4466 3368 4533; x_wconf 89' lang='lat' dir='ltr'><strong>agebantur</strong></span> <span class='ocrx_word' id='word_1_649' title='bbox 3393 4464 3641 4518; x_wconf 73' lang='lat' dir='ltr'><strong>fereban-</strong></span> 
     </span>
    </p>
   </div>
   <div class='ocr_carea' id='block_1_93' title="bbox 366 4558 1963 4632">
    <p class='ocr_par' dir='ltr' id='par_1_93' title="bbox 366 4558 1963 4632">
     <span class='ocr_line' id='line_1_93' title="bbox 366 4558 1963 4632; baseline 0.006 -22"><span class='ocrx_word' id='word_1_650' title='bbox 366 4564 596 4632; x_wconf 70' lang='grc' dir='ltr'>μόντες,</span> <span class='ocrx_word' id='word_1_651' title='bbox 639 4560 705 4613; x_wconf 88' lang='grc' dir='ltr'><strong>τά</strong></span> <span class='ocrx_word' id='word_1_652' title='bbox 736 4578 795 4613; x_wconf 86' lang='grc' dir='ltr'><strong>τε</strong></span> <span class='ocrx_word' id='word_1_653' title='bbox 827 4559 1002 4612; x_wconf 74' lang='grc' dir='ltr'>πολλὰ</span> <span class='ocrx_word' id='word_1_654' title='bbox 1030 4559 1355 4630; x_wconf 76' lang='grc' dir='ltr'>διήρπαζον,</span> <span class='ocrx_word' id='word_1_655' title='bbox 1404 4559 1497 4611; x_wconf 74' lang='grc' dir='ltr'>καὶ</span> <span class='ocrx_word' id='word_1_656' title='bbox 1529 4558 1839 4628; x_wconf 76' lang='grc' dir='ltr'>ἀνδράποδα</span> <span class='ocrx_word' id='word_1_657' title='bbox 1888 4558 1963 4620; x_wconf 77' lang='grc' dir='ltr'><strong>ὡς</strong></span> 
     </span>
    </p>
   </div>
   <div class='ocr_carea' id='block_1_94' title="bbox 366 4648 1961 4722">
    <p class='ocr_par' dir='ltr' id='par_1_94' title="bbox 366 4648 1961 4722">
     <span class='ocr_line' id='line_1_94' title="bbox 366 4648 1961 4722; baseline -0.004 -16"><span class='ocrx_word' id='word_1_658' title='bbox 366 4656 609 4707; x_wconf 54' lang='grc' dir='ltr'>πλεῖστα</span> <span class='ocrx_word' id='word_1_659' title='bbox 660 4653 935 4721; x_wconf 76' lang='grc' dir='ltr'>ἑλόμενοι,</span> <span class='ocrx_word' id='word_1_660' title='bbox 972 4654 1029 4714; x_wconf 79' lang='grc' dir='ltr'>ἐς</span> <span class='ocrx_word' id='word_1_661' title='bbox 1070 4651 1170 4722; x_wconf 79' lang='grc' dir='ltr'><strong>τήν</strong></span> <span class='ocrx_word' id='word_1_662' title='bbox 1209 4650 1395 4702; x_wconf 77' lang='grc' dir='ltr'>Ἀσίαν</span> <span class='ocrx_word' id='word_1_663' title='bbox 1442 4649 1779 4713; x_wconf 76' lang='grc' dir='ltr'>διεϐίϐαζον,</span> <span class='ocrx_word' id='word_1_664' title='bbox 1832 4648 1961 4711; x_wconf 88' lang='grc' dir='ltr'>τούς</span> 
     </span>
    </p>
   </div>
   <div class='ocr_carea' id='block_1_95' title="bbox 360 4738 1961 4814">
    <p class='ocr_par' dir='ltr' id='par_1_95' title="bbox 360 4738 1961 4814">
     <span class='ocr_line' id='line_1_95' title="bbox 360 4738 1961 4814; baseline -0.004 -14"><span class='ocrx_word' id='word_1_665' title='bbox 360 4765 429 4800; x_wconf 82' lang='grc' dir='ltr'><strong>τε</strong></span> <span class='ocrx_word' id='word_1_666' title='bbox 463 4746 739 4814; x_wconf 83' lang='grc' dir='ltr'>Ἕλληνας</span> <span class='ocrx_word' id='word_1_667' title='bbox 771 4746 867 4797; x_wconf 78' lang='grc' dir='ltr'>καὶ</span> <span class='ocrx_word' id='word_1_668' title='bbox 931 4744 1269 4813; x_wconf 76' lang='grc' dir='ltr'>Τριϐαλλοὺς</span> <span class='ocrx_word' id='word_1_669' title='bbox 1318 4738 1452 4812; x_wconf 77' lang='grc' dir='ltr'>ἦγον</span> <span class='ocrx_word' id='word_1_670' title='bbox 1486 4741 1578 4795; x_wconf 68' lang='grc' dir='ltr'>καὶ</span> <span class='ocrx_word' id='word_1_671' title='bbox 1619 4742 1837 4812; x_wconf 76' lang='grc' dir='ltr'>ἔφερον.</span> <span class='ocrx_word' id='word_1_672' title='bbox 1872 4741 1961 4795; x_wconf 84' lang='grc' dir='ltr'>Ἐν</span> 
     </span>
    </p>
   </div>
   <div class='ocr_carea' id='block_1_96' title="bbox 363 4834 1960 4906">
    <p class='ocr_par' dir='ltr' id='par_1_96' title="bbox 363 4834 1960 4906">
     <span class='ocr_line' id='line_1_96' title="bbox 363 4834 1960 4906; baseline -0.003 -16"><span class='ocrx_word' id='word_1_673' title='bbox 363 4837 553 4906; x_wconf 85' lang='grc' dir='ltr'>τούτῳ</span> <span class='ocrx_word' id='word_1_674' title='bbox 581 4836 648 4904; x_wconf 80' lang='grc' dir='ltr'>δὴ</span> <span class='ocrx_word' id='word_1_675' title='bbox 681 4834 907 4888; x_wconf 83' lang='grc' dir='ltr'>Σκυθῶν</span> <span class='ocrx_word' id='word_1_676' title='bbox 936 4836 1099 4904; x_wconf 86' lang='grc' dir='ltr'>μοῖρα</span> <span class='ocrx_word' id='word_1_677' title='bbox 1148 4834 1247 4887; x_wconf 74' lang='grc' dir='ltr'>οὐκ</span> <span class='ocrx_word' id='word_1_678' title='bbox 1278 4834 1459 4903; x_wconf 81' lang='grc' dir='ltr'>ὀλίγη,</span> <span class='ocrx_word' id='word_1_679' title='bbox 1495 4834 1605 4886; x_wconf 69' lang='grc' dir='ltr'>ἀπὸ</span> <span class='ocrx_word' id='word_1_680' title='bbox 1639 4834 1960 4904; x_wconf 85' lang='grc' dir='ltr'>Σαρματίας</span> 
     </span>
    </p>
   </div>
   <div class='ocr_carea' id='block_1_97' title="bbox 366 4925 1948 4999">
    <p class='ocr_par' dir='ltr' id='par_1_97' title="bbox 366 4925 1948 4999">
     <span class='ocr_line' id='line_1_97' title="bbox 366 4925 1948 4999; baseline -0.001 -20"><span class='ocrx_word' id='word_1_681' title='bbox 366 4930 468 4980; x_wconf 71' lang='grc' dir='ltr'><strong>ἐπὶ</strong></span> <span class='ocrx_word' id='word_1_682' title='bbox 496 4929 591 4981; x_wconf 64' lang='grc' dir='ltr'>τὶν</span> <span class='ocrx_word' id='word_1_683' title='bbox 616 4926 831 4999; x_wconf 82' lang='grc' dir='ltr'>Ἵστρον</span> <span class='ocrx_word' id='word_1_684' title='bbox 882 4926 1197 4989; x_wconf 81' lang='grc' dir='ltr'>ἐλάσαντες,</span> <span class='ocrx_word' id='word_1_685' title='bbox 1233 4926 1328 4979; x_wconf 71' lang='grc' dir='ltr'><strong>καὶ</strong></span> <span class='ocrx_word' id='word_1_686' title='bbox 1363 4926 1454 4978; x_wconf 88' lang='grc' dir='ltr'><strong>τόν</strong></span> <span class='ocrx_word' id='word_1_687' title='bbox 1485 4942 1549 4991; x_wconf 89' lang='grc' dir='ltr'><strong>γε</strong></span> <span class='ocrx_word' id='word_1_688' title='bbox 1578 4926 1796 4998; x_wconf 86' lang='grc' dir='ltr'>Ἵστρον</span> <span class='ocrx_word' id='word_1_689' title='bbox 1839 4925 1948 4978; x_wconf 83' lang='grc' dir='ltr'>δια·</span> 
     </span>
    </p>
   </div>
   <div class='ocr_carea' id='block_1_98' title="bbox 368 5014 1955 5088">
    <p class='ocr_par' dir='ltr' id='par_1_98' title="bbox 368 5014 1955 5088">
     <span class='ocr_line' id='line_1_98' title="bbox 368 5014 1955 5088; baseline -0.004 -17"><span class='ocrx_word' id='word_1_690' title='bbox 368 5018 592 5083; x_wconf 72' lang='grc' dir='ltr'>ϐάντες,</span> <span class='ocrx_word' id='word_1_691' title='bbox 632 5018 761 5081; x_wconf 87' lang='grc' dir='ltr'>τούς</span> <span class='ocrx_word' id='word_1_692' title='bbox 793 5036 854 5071; x_wconf 88' lang='grc' dir='ltr'><strong>τε</strong></span> <span class='ocrx_word' id='word_1_693' title='bbox 882 5017 1165 5087; x_wconf 80' lang='grc' dir='ltr'>Τούρκους</span> <span class='ocrx_word' id='word_1_694' title='bbox 1197 5019 1255 5070; x_wconf 85' lang='grc' dir='ltr'>ὲν</span> <span class='ocrx_word' id='word_1_695' title='bbox 1307 5018 1373 5088; x_wconf 77' lang='grc' dir='ltr'><strong>τῇ</strong></span> <span class='ocrx_word' id='word_1_696' title='bbox 1404 5016 1599 5088; x_wconf 77' lang='grc' dir='ltr'>Θράκῃ</span> <span class='ocrx_word' id='word_1_697' title='bbox 1628 5014 1955 5081; x_wconf 78' lang='grc' dir='ltr'>κατέλαδον,</span> 
     </span>
    </p>
   </div>
   <div class='ocr_carea' id='block_1_99' title="bbox 365 5106 1959 5177">
    <p class='ocr_par' dir='ltr' id='par_1_99' title="bbox 365 5106 1959 5177">
     <span class='ocr_line' id='line_1_99' title="bbox 365 5106 1959 5177; baseline -0.001 -17"><span class='ocrx_word' id='word_1_698' title='bbox 365 5109 475 5161; x_wconf 76' lang='grc' dir='ltr'>καὶ</span> <span class='ocrx_word' id='word_1_699' title='bbox 522 5109 893 5177; x_wconf 79' lang='grc' dir='ltr'>μαχεσάμενοι</span> <span class='ocrx_word' id='word_1_700' title='bbox 931 5107 1262 5177; x_wconf 71' lang='grc' dir='ltr'>ἐτρέψαντο,</span> <span class='ocrx_word' id='word_1_701' title='bbox 1321 5106 1417 5160; x_wconf 70' lang='grc' dir='ltr'>καὶ</span> <span class='ocrx_word' id='word_1_702' title='bbox 1463 5106 1605 5176; x_wconf 80' lang='grc' dir='ltr'>πλὴν</span> <span class='ocrx_word' id='word_1_703' title='bbox 1651 5106 1850 5172; x_wconf 82' lang='grc' dir='ltr'>ὀλίγων</span> <span class='ocrx_word' id='word_1_704' title='bbox 1875 5123 1959 5158; x_wconf 89' lang='grc' dir='ltr'>τι-</span> 
     </span>
    </p>
   </div>
   <div class='ocr_carea' id='block_1_100' title="bbox 363 5197 1956 5273">
    <p class='ocr_par' dir='ltr' id='par_1_100' title="bbox 363 5197 1956 5273">
     <span class='ocr_line' id='line_1_100' title="bbox 363 5197 1956 5273; baseline -0.001 -20"><span class='ocrx_word' id='word_1_705' title='bbox 363 5199 507 5263; x_wconf 83' lang='grc' dir='ltr'>νῶν,</span> <span class='ocrx_word' id='word_1_706' title='bbox 538 5200 902 5273; x_wconf 81' lang='grc' dir='ltr'>διεχρήσαντο</span> <span class='ocrx_word' id='word_1_707' title='bbox 934 5200 1258 5271; x_wconf 85' lang='grc' dir='ltr'>σύμπαντας</span> <span class='ocrx_word' id='word_1_708' title='bbox 1292 5199 1673 5267; x_wconf 78' lang='grc' dir='ltr'>ἀφειδέστατα.</span> <span class='ocrx_word' id='word_1_709' title='bbox 1707 5197 1866 5252; x_wconf 85' lang='grc' dir='ltr'>Ὅσοι</span> <span class='ocrx_word' id='word_1_710' title='bbox 1899 5200 1956 5252; x_wconf 81' lang='grc' dir='ltr'>δὲ</span> 
     </span>
    </p>
   </div>
   <div class='ocr_carea' id='block_1_101' title="bbox 362 5290 2625 5368">
    <p class='ocr_par' dir='ltr' id='par_1_101' title="bbox 362 5290 2625 5368">
     <span class='ocr_line' id='line_1_101' title="bbox 362 5290 2625 5368; baseline 0.004 -23"><span class='ocrx_word' id='word_1_711' title='bbox 362 5294 475 5346; x_wconf 75' lang='grc' dir='ltr'>οὐκ</span> <span class='ocrx_word' id='word_1_712' title='bbox 520 5293 865 5365; x_wconf 74' lang='grc' dir='ltr'>ἐφθάρησαν,</span> <span class='ocrx_word' id='word_1_713' title='bbox 913 5294 1277 5357; x_wconf 83' lang='grc' dir='ltr'>διασωθέντες</span> <span class='ocrx_word' id='word_1_714' title='bbox 1340 5295 1398 5357; x_wconf 72' lang='grc' dir='ltr'>ἐς</span> <span class='ocrx_word' id='word_1_715' title='bbox 1454 5291 1553 5364; x_wconf 79' lang='grc' dir='ltr'>τὴν</span> <span class='ocrx_word' id='word_1_716' title='bbox 1583 5290 1959 5363; x_wconf 66' lang='grc' dir='ltr'>Χερρόνησον,</span> <span class='ocrx_word' id='word_1_717' title='bbox 1996 5296 2054 5356; x_wconf 76' lang='grc' dir='ltr'>ἐς</span> <span class='ocrx_word' id='word_1_718' title='bbox 2083 5298 2186 5368; x_wconf 80' lang='grc' dir='ltr'>τὴν</span> <span class='ocrx_word' id='word_1_719' title='bbox 2236 5300 2424 5353; x_wconf 83' lang='grc' dir='ltr'>Ἀσίαν</span> <span class='ocrx_word' id='word_1_720' title='bbox 2471 5296 2625 5364; x_wconf 78' lang='grc' dir='ltr'>αὖθις</span> 
     </span>
    </p>
   </div>
   <div class='ocr_carea' id='block_1_102' title="bbox 361 5405 558 5443">
    <p class='ocr_par' dir='ltr' id='par_1_102' title="bbox 361 5405 558 5443">
     <span class='ocr_line' id='line_1_102' title="bbox 361 5405 558 5443; baseline 0 -1"><span class='ocrx_word' id='word_1_721' title='bbox 361 5405 558 5443; x_wconf 70' lang='grc' dir='ltr'>κοντο.</span> 
     </span>
    </p>
   </div>
   <div class='ocr_carea' id='block_1_103' title="bbox 440 5483 1959 5555">
    <p class='ocr_par' dir='ltr' id='par_1_103' title="bbox 440 5483 1959 5555">
     <span class='ocr_line' id='line_1_103' title="bbox 440 5483 1959 5555; baseline 0.001 -17"><span class='ocrx_word' id='word_1_722' title='bbox 440 5484 587 5538; x_wconf 82' lang='grc' dir='ltr'>Τότε</span> <span class='ocrx_word' id='word_1_723' title='bbox 642 5483 737 5536; x_wconf 75' lang='grc' dir='ltr'>οὖν</span> <span class='ocrx_word' id='word_1_724' title='bbox 789 5485 859 5537; x_wconf 71' lang='grc' dir='ltr'><strong>τά</strong></span> <span class='ocrx_word' id='word_1_725' title='bbox 898 5483 1168 5553; x_wconf 84' lang='grc' dir='ltr'>Ἐλλήνων</span> <span class='ocrx_word' id='word_1_726' title='bbox 1214 5483 1519 5555; x_wconf 82' lang='grc' dir='ltr'>πράγματα</span> <span class='ocrx_word' id='word_1_727' title='bbox 1568 5485 1959 5540; x_wconf 78' lang='grc' dir='ltr'>ὲταλαντεύετο</span> 
     </span>
    </p>
   </div>
   <div class='ocr_carea' id='block_1_104' title="bbox 361 5576 1961 5647">
    <p class='ocr_par' dir='ltr' id='par_1_104' title="bbox 361 5576 1961 5647">
     <span class='ocr_line' id='line_1_104' title="bbox 361 5576 1961 5647; baseline -0.003 -14"><span class='ocrx_word' id='word_1_728' title='bbox 361 5580 458 5633; x_wconf 74' lang='grc' dir='ltr'><strong>ἐπ’</strong></span> <span class='ocrx_word' id='word_1_729' title='bbox 513 5576 833 5647; x_wconf 80' lang='grc' dir='ltr'>ἀμφότερα,</span> <span class='ocrx_word' id='word_1_730' title='bbox 865 5577 1280 5647; x_wconf 82' lang='grc' dir='ltr'>διαφερομένων</span> <span class='ocrx_word' id='word_1_731' title='bbox 1334 5576 1487 5643; x_wconf 83' lang='grc' dir='ltr'>σφίσι</span> <span class='ocrx_word' id='word_1_732' title='bbox 1516 5578 1656 5631; x_wconf 81' lang='grc' dir='ltr'>κατὰ</span> <span class='ocrx_word' id='word_1_733' title='bbox 1712 5578 1810 5647; x_wconf 78' lang='grc' dir='ltr'>τὴν</span> <span class='ocrx_word' id='word_1_734' title='bbox 1857 5578 1961 5629; x_wconf 82' lang='grc' dir='ltr'><strong>Βυ-</strong></span> 
     </span>
    </p>
   </div>
   <div class='ocr_carea' id='block_1_105' title="bbox 2069 4556 3638 4628">
    <p class='ocr_par' dir='ltr' id='par_1_105' title="bbox 2069 4556 3638 4628">
     <span class='ocr_line' id='line_1_105' title="bbox 2069 4556 3638 4628; baseline -0.002 -17"><span class='ocrx_word' id='word_1_735' title='bbox 2069 4568 2284 4628; x_wconf 80' lang='lat' dir='ltr'><strong>turque.</strong></span> <span class='ocrx_word' id='word_1_736' title='bbox 2323 4558 2397 4611; x_wconf 83' lang='lat' dir='ltr'><strong>Ea</strong></span> <span class='ocrx_word' id='word_1_737' title='bbox 2425 4566 2749 4626; x_wconf 77' lang='lat' dir='ltr'><strong>tempestate</strong></span> <span class='ocrx_word' id='word_1_738' title='bbox 2786 4557 3000 4627; x_wconf 75' lang='lat' dir='ltr'><strong>Seytlta:</strong></span> <span class='ocrx_word' id='word_1_739' title='bbox 3045 4574 3210 4628; x_wconf 83' lang='lat' dir='ltr'><strong>parva</strong></span> <span class='ocrx_word' id='word_1_740' title='bbox 3239 4572 3399 4610; x_wconf 91' lang='lat' dir='ltr'><strong>manu</strong></span> <span class='ocrx_word' id='word_1_741' title='bbox 3441 4573 3471 4612; x_wconf 79' lang='grc' dir='ltr'><strong>α</strong></span> <span class='ocrx_word' id='word_1_742' title='bbox 3506 4556 3638 4611; x_wconf 73' lang='grc' dir='ltr'>επ-</span> 
     </span>
    </p>
   </div>
   <div class='ocr_carea' id='block_1_106' title="bbox 2068 4649 3642 4720">
    <p class='ocr_par' dir='ltr' id='par_1_106' title="bbox 2068 4649 3642 4720">
     <span class='ocr_line' id='line_1_106' title="bbox 2068 4649 3642 4720; baseline -0.001 -16"><span class='ocrx_word' id='word_1_743' title='bbox 2068 4652 2233 4704; x_wconf 83' lang='lat' dir='ltr'><strong>tnatia</strong></span> <span class='ocrx_word' id='word_1_744' title='bbox 2296 4655 2665 4720; x_wconf 86' lang='lat' dir='ltr'><strong>prodeuntes.</strong></span> <span class='ocrx_word' id='word_1_745' title='bbox 2733 4650 3067 4706; x_wconf 70' lang='lat' dir='ltr'><strong>festinabant</strong></span> <span class='ocrx_word' id='word_1_746' title='bbox 3124 4650 3191 4704; x_wconf 81' lang='lat' dir='ltr'><strong>ad</strong></span> <span class='ocrx_word' id='word_1_747' title='bbox 3240 4649 3470 4705; x_wconf 63' lang='lat' dir='ltr'><strong>Istrum;</strong></span> <span class='ocrx_word' id='word_1_748' title='bbox 3519 4651 3642 4715; x_wconf 80' lang='lat' dir='ltr'><strong>Quo</strong></span> 
     </span>
    </p>
   </div>
   <div class='ocr_carea' id='block_1_107' title="bbox 2067 4742 3637 4812">
    <p class='ocr_par' dir='ltr' id='par_1_107' title="bbox 2067 4742 3637 4812">
     <span class='ocr_line' id='line_1_107' title="bbox 2067 4742 3637 4812; baseline -0.001 -17"><span class='ocrx_word' id='word_1_749' title='bbox 2067 4746 2419 4807; x_wconf 88' lang='lat' dir='ltr'><strong>transmisso,</strong></span> <span class='ocrx_word' id='word_1_750' title='bbox 2452 4744 2685 4806; x_wconf 77' lang='lat' dir='ltr'><strong>Turcos.</strong></span> <span class='ocrx_word' id='word_1_751' title='bbox 2724 4759 2864 4812; x_wconf 88' lang='lat' dir='ltr'><strong>quos</strong></span> <span class='ocrx_word' id='word_1_752' title='bbox 2905 4759 2970 4797; x_wconf 86' lang='lat' dir='ltr'><strong>eo</strong></span> <span class='ocrx_word' id='word_1_753' title='bbox 3004 4743 3109 4797; x_wconf 92' lang='lat' dir='ltr'><strong>loci</strong></span> <span class='ocrx_word' id='word_1_754' title='bbox 3142 4742 3637 4812; x_wconf 81' lang='lat' dir='ltr'><strong>deprehenderant,</strong></span> 
     </span>
    </p>
   </div>
   <div class='ocr_carea' id='block_1_108' title="bbox 2067 4837 3640 4906">
    <p class='ocr_par' dir='ltr' id='par_1_108' title="bbox 2067 4837 3640 4906">
     <span class='ocr_line' id='line_1_108' title="bbox 2067 4837 3640 4906; baseline 0.001 -18"><span class='ocrx_word' id='word_1_755' title='bbox 2067 4837 2235 4891; x_wconf 86' lang='lat' dir='ltr'><strong>atroci</strong></span> <span class='ocrx_word' id='word_1_756' title='bbox 2272 4839 2469 4906; x_wconf 56' lang='lat' dir='ltr'><strong>praelia</strong></span> <span class='ocrx_word' id='word_1_757' title='bbox 2497 4840 2632 4893; x_wconf 68' lang='lat' dir='ltr'><strong>inito</strong></span> <span class='ocrx_word' id='word_1_758' title='bbox 2673 4839 2931 4893; x_wconf 84' lang='lat' dir='ltr'><strong>fuderunt</strong></span> <span class='ocrx_word' id='word_1_759' title='bbox 2963 4854 2976 4889; x_wconf 92' lang='lat'><strong>:</strong></span> <span class='ocrx_word' id='word_1_760' title='bbox 3005 4847 3059 4891; x_wconf 87' lang='lat' dir='ltr'><strong>et</strong></span> <span class='ocrx_word' id='word_1_761' title='bbox 3102 4837 3494 4906; x_wconf 85' lang='lat' dir='ltr'><strong>propemodum</strong></span> <span class='ocrx_word' id='word_1_762' title='bbox 3523 4851 3640 4890; x_wconf 88' lang='lat' dir='ltr'><strong>om-</strong></span> 
     </span>
    </p>
   </div>
   <div class='ocr_carea' id='block_1_109' title="bbox 2067 4927 3639 5000">
    <p class='ocr_par' dir='ltr' id='par_1_109' title="bbox 2067 4927 3639 5000">
     <span class='ocr_line' id='line_1_109' title="bbox 2067 4927 3639 5000; baseline -0.003 -17"><span class='ocrx_word' id='word_1_763' title='bbox 2067 4944 2187 4994; x_wconf 88' lang='lat' dir='ltr'><strong>nes,</strong></span> <span class='ocrx_word' id='word_1_764' title='bbox 2221 4931 2456 4998; x_wconf 87' lang='lat' dir='ltr'><strong>demptis</strong></span> <span class='ocrx_word' id='word_1_765' title='bbox 2490 4931 2700 5000; x_wconf 84' lang='lat' dir='ltr'><strong>paucis,</strong></span> <span class='ocrx_word' id='word_1_766' title='bbox 2730 4940 3077 4985; x_wconf 85' lang='lat' dir='ltr'><strong>necaverunt.</strong></span> <span class='ocrx_word' id='word_1_767' title='bbox 3108 4929 3212 4995; x_wconf 87' lang='lat' dir='ltr'><strong>Qui</strong></span> <span class='ocrx_word' id='word_1_768' title='bbox 3236 4938 3416 4983; x_wconf 89' lang='lat' dir='ltr'><strong>autem</strong></span> <span class='ocrx_word' id='word_1_769' title='bbox 3443 4927 3639 4996; x_wconf 81' lang='lat' dir='ltr'><strong>integri</strong></span> 
     </span>
    </p>
   </div>
   <div class='ocr_carea' id='block_1_110' title="bbox 2064 5018 3638 5092">
    <p class='ocr_par' dir='ltr' id='par_1_110' title="bbox 2064 5018 3638 5092">
     <span class='ocr_line' id='line_1_110' title="bbox 2064 5018 3638 5092; baseline -0.002 -19"><span class='ocrx_word' id='word_1_770' title='bbox 2064 5034 2129 5073; x_wconf 82' lang='lat' dir='ltr'><strong>ex</strong></span> <span class='ocrx_word' id='word_1_771' title='bbox 2152 5035 2217 5071; x_wconf 86' lang='lat' dir='ltr'><strong>eo</strong></span> <span class='ocrx_word' id='word_1_772' title='bbox 2249 5022 2446 5089; x_wconf 70' lang='lat' dir='ltr'><strong>prmlio</strong></span> <span class='ocrx_word' id='word_1_773' title='bbox 2479 5021 2724 5075; x_wconf 83' lang='lat' dir='ltr'><strong>abierant</strong></span> <span class='ocrx_word' id='word_1_774' title='bbox 2757 5021 2908 5092; x_wconf 84' lang='lat' dir='ltr'><strong>fuga,</strong></span> <span class='ocrx_word' id='word_1_775' title='bbox 2947 5021 3000 5075; x_wconf 90' lang='lat' dir='ltr'><strong>in</strong></span> <span class='ocrx_word' id='word_1_776' title='bbox 3019 5020 3419 5075; x_wconf 83' lang='lat' dir='ltr'><strong>Chersonesum</strong></span> <span class='ocrx_word' id='word_1_777' title='bbox 3450 5018 3638 5080; x_wconf 85' lang='lat' dir='ltr'><strong>delati,</strong></span> 
     </span>
    </p>
   </div>
   <div class='ocr_carea' id='block_1_111' title="bbox 2064 5108 3639 5179">
    <p class='ocr_par' dir='ltr' id='par_1_111' title="bbox 2064 5108 3639 5179">
     <span class='ocr_line' id='line_1_111' title="bbox 2064 5108 3639 5179; baseline -0.003 -14"><span class='ocrx_word' id='word_1_778' title='bbox 2064 5120 2116 5165; x_wconf 89' lang='lat' dir='ltr'><strong>et</strong></span> <span class='ocrx_word' id='word_1_779' title='bbox 2144 5110 2272 5165; x_wconf 85' lang='lat' dir='ltr'><strong>hinc</strong></span> <span class='ocrx_word' id='word_1_780' title='bbox 2301 5113 2355 5165; x_wconf 89' lang='lat' dir='ltr'><strong>in</strong></span> <span class='ocrx_word' id='word_1_781' title='bbox 2376 5112 2557 5166; x_wconf 71' lang='lat' dir='ltr'><strong>Asiam</strong></span> <span class='ocrx_word' id='word_1_782' title='bbox 2585 5112 2905 5179; x_wconf 85' lang='lat' dir='ltr'><strong>transvecti,</strong></span> <span class='ocrx_word' id='word_1_783' title='bbox 2934 5111 3151 5165; x_wconf 87' lang='lat' dir='ltr'><strong>tandem</strong></span> <span class='ocrx_word' id='word_1_784' title='bbox 3179 5110 3248 5164; x_wconf 86' lang='lat' dir='ltr'><strong>ab</strong></span> <span class='ocrx_word' id='word_1_785' title='bbox 3268 5109 3485 5176; x_wconf 81' lang='lat' dir='ltr'><strong>Europa</strong></span> <span class='ocrx_word' id='word_1_786' title='bbox 3510 5108 3639 5161; x_wconf 82' lang='lat' dir='ltr'><strong>abs-</strong></span> 
     </span>
    </p>
   </div>
   <div class='ocr_carea' id='block_1_112' title="bbox 2068 5203 2372 5258">
    <p class='ocr_par' dir='ltr' id='par_1_112' title="bbox 2068 5203 2372 5258">
     <span class='ocr_line' id='line_1_112' title="bbox 2068 5203 2372 5258; baseline 0.007 -2"><span class='ocrx_word' id='word_1_787' title='bbox 2068 5203 2372 5258; x_wconf 83' lang='lat' dir='ltr'><strong>tinuerunt.</strong></span> 
     </span>
    </p>
   </div>
   <div class='ocr_carea' id='block_1_113' title="bbox 2708 5293 3638 5365">
    <p class='ocr_par' dir='ltr' id='par_1_113' title="bbox 2708 5293 3638 5365">
     <span class='ocr_line' id='line_1_113' title="bbox 2708 5293 3638 5365; baseline -0.008 -11"><span class='ocrx_word' id='word_1_788' title='bbox 2708 5300 3014 5365; x_wconf 77' lang='grc' dir='ltr'>διαὸάντες,</span> <span class='ocrx_word' id='word_1_789' title='bbox 3062 5298 3245 5351; x_wconf 71' lang='grc' dir='ltr'>οὐκέτι</span> <span class='ocrx_word' id='word_1_790' title='bbox 3315 5297 3479 5352; x_wconf 76' lang='grc' dir='ltr'>πάλιν</span> <span class='ocrx_word' id='word_1_791' title='bbox 3514 5293 3638 5364; x_wconf 78' lang='grc' dir='ltr'>ἀφί-</span> 
     </span>
    </p>
   </div>
   <div class='ocr_carea' id='block_1_114' title="bbox 2140 5480 3639 5552">
    <p class='ocr_par' dir='ltr' id='par_1_114' title="bbox 2140 5480 3639 5552">
     <span class='ocr_line' id='line_1_114' title="bbox 2140 5480 3639 5552; baseline -0.006 -14"><span class='ocrx_word' id='word_1_792' title='bbox 2140 5484 2342 5538; x_wconf 82' lang='lat' dir='ltr'><strong>Eodem</strong></span> <span class='ocrx_word' id='word_1_793' title='bbox 2386 5494 2629 5552; x_wconf 86' lang='lat' dir='ltr'><strong>tempore</strong></span> <span class='ocrx_word' id='word_1_794' title='bbox 2667 5482 2980 5537; x_wconf 67' lang='lat' dir='ltr'><strong>Graecorum</strong></span> <span class='ocrx_word' id='word_1_795' title='bbox 3006 5497 3093 5536; x_wconf 91' lang='lat' dir='ltr'><strong>res</strong></span> <span class='ocrx_word' id='word_1_796' title='bbox 3124 5481 3347 5552; x_wconf 84' lang='lat' dir='ltr'><strong>ancipiti</strong></span> <span class='ocrx_word' id='word_1_797' title='bbox 3385 5480 3639 5535; x_wconf 86' lang='lat' dir='ltr'><strong>frueban-</strong></span> 
     </span>
    </p>
   </div>
   <div class='ocr_carea' id='block_1_115' title="bbox 2068 5574 3641 5644">
    <p class='ocr_par' dir='ltr' id='par_1_115' title="bbox 2068 5574 3641 5644">
     <span class='ocr_line' id='line_1_115' title="bbox 2068 5574 3641 5644; baseline -0.004 -13"><span class='ocrx_word' id='word_1_798' title='bbox 2068 5586 2156 5632; x_wconf 89' lang='lat' dir='ltr'><strong>tur</strong></span> <span class='ocrx_word' id='word_1_799' title='bbox 2216 5577 2454 5641; x_wconf 84' lang='lat' dir='ltr'><strong>fortuna,</strong></span> <span class='ocrx_word' id='word_1_800' title='bbox 2508 5591 2630 5630; x_wconf 89' lang='lat' dir='ltr'><strong>cum</strong></span> <span class='ocrx_word' id='word_1_801' title='bbox 2686 5574 2957 5630; x_wconf 78' lang='lat' dir='ltr'><strong>intestinis</strong></span> <span class='ocrx_word' id='word_1_802' title='bbox 3005 5574 3264 5629; x_wconf 73' lang='lat' dir='ltr'><strong>discordii</strong></span> <span class='ocrx_word' id='word_1_803' title='bbox 3306 5574 3641 5644; x_wconf 83' lang='lat' dir='ltr'><strong>agitarentur</strong></span> 
     </span>
    </p>
   </div>
   <div class='ocr_carea' id='block_1_116' title="bbox 1656 5670 2347 5750">
    <p class='ocr_par' dir='ltr' id='par_1_116' title="bbox 1656 5670 2347 5750">
     <span class='ocr_line' id='line_1_116' title="bbox 1656 5670 2347 5750; baseline -0.006 -16"><span class='ocrx_word' id='word_1_804' title='bbox 1656 5671 1901 5735; x_wconf 66' lang='lat' dir='ltr'><strong>Nolulte</strong></span> <span class='ocrx_word' id='word_1_805' title='bbox 1943 5670 2347 5750; x_wconf 75' lang='lat' dir='ltr'><strong>marginales.</strong></span> 
     </span>
    </p>
   </div>
   <div class='ocr_carea' id='block_1_117' title="bbox 440 5769 1493 5843">
    <p class='ocr_par' dir='ltr' id='par_1_117' title="bbox 440 5769 1493 5843">
     <span class='ocr_line' id='line_1_117' title="bbox 440 5769 1493 5843; baseline 0.004 -18"><span class='ocrx_word' id='word_1_806' title='bbox 440 5769 559 5842; x_wconf 81' lang='lat' dir='ltr'><strong>(i0)</strong></span> <span class='ocrx_word' id='word_1_807' title='bbox 585 5772 833 5827; x_wconf 78' lang='lat' dir='ltr'><strong>Iconium</strong></span> <span class='ocrx_word' id='word_1_808' title='bbox 862 5773 1011 5839; x_wconf 67' lang='lat' dir='ltr'><strong>aliut,</strong></span> <span class='ocrx_word' id='word_1_809' title='bbox 1044 5790 1177 5828; x_wconf 74' lang='lat' dir='ltr'><strong>nunc</strong></span> <span class='ocrx_word' id='word_1_810' title='bbox 1211 5773 1493 5843; x_wconf 81' lang='lat' dir='ltr'><strong>Cougium.</strong></span> 
     </span>
    </p>
   </div>
   <div class='ocr_carea' id='block_1_118' title="bbox 2139 5767 3567 5844">
    <p class='ocr_par' dir='ltr' id='par_1_118' title="bbox 2139 5767 3567 5844">
     <span class='ocr_line' id='line_1_118' title="bbox 2139 5767 3567 5844; baseline 0 -19"><span class='ocrx_word' id='word_1_811' title='bbox 2139 5774 2248 5844; x_wconf 73' lang='grc' dir='ltr'>(ιι)</span> <span class='ocrx_word' id='word_1_812' title='bbox 2284 5773 2443 5842; x_wconf 72' lang='lat' dir='ltr'><strong>ltcgis</strong></span> <span class='ocrx_word' id='word_1_813' title='bbox 2470 5772 2680 5838; x_wconf 72' lang='lat' dir='ltr'><strong>Januce,</strong></span> <span class='ocrx_word' id='word_1_814' title='bbox 2712 5767 2968 5826; x_wconf 79' lang='lat' dir='ltr'><strong>custodes</strong></span> <span class='ocrx_word' id='word_1_815' title='bbox 2998 5769 3268 5842; x_wconf 85' lang='lat' dir='ltr'><strong>corporis,</strong></span> <span class='ocrx_word' id='word_1_816' title='bbox 3310 5767 3567 5825; x_wconf 65' lang='lat' dir='ltr'><strong>laniari.</strong></span> 
     </span>
    </p>
   </div>
  </div>
