4016 6216
387 258 457 325 35
1523 253 1835 314 LAONICI
1879 249 2315 309 (IHALCOCON
2329 247 2537 308 DYL/E
3568 237 3638 305 τις

389 386 491 454 13
549 382 823 450 Europam
885 376 1292 433 contenderunt
1346 374 1412 428 ad
1471 373 1866 433 Sulaimanem,
1912 376 1959 422 et

2068 367 2263 430 ταῦτα,
2306 367 2504 417 αὐτίκα
2537 365 2594 430 ές
2629 362 2726 432 τὴν
2770 361 3040 432 Εὐρώπην
3079 360 3232 428 παρὰ
3260 359 3640 429 Σουλαιμάνην

385 475 620 528 maxima
649 471 799 525 brevi
827 469 1110 523 hominum
1137 466 1438 520 multitudo
1487 465 1541 518 in
1579 463 1959 519 Chersoncsou

2065 460 2356 522 διέϐαινον,
2392 460 2488 510 καὶ
2513 456 2870 524 συνελέγοντο
2909 457 2989 520 είς
3020 455 3126 525 τὴν
3153 455 3505 524 Χερρόνησον
3537 454 3638 506 οὐκ

383 566 447 618 ad
486 565 666 632 ipsum
699 561 1018 617 confluebat
1059 562 1307 628 undique
1355 575 1423 613 ex
1481 558 1610 620 Asia
1645 573 1660 610 :
1690 562 1744 608 et
1773 570 1836 608 eo
1866 553 1969 605 loci
2067 553 2268 620 ὀλίγοι.

381 655 733 727 agricultura:
765 669 985 722 operam
1021 652 1416 722 dabant,agris
1442 651 1557 705 suis
1587 650 1639 702 in
1677 648 1807 702 Asia
1841 656 2154 715 parcentes.

453 746 658 800 Deinde
701 763 790 798 rex
817 745 1161 810 Graecorum,
1203 746 1397 815 legatis
1435 744 1642 807 missis,
1676 757 1801 797 cum
1848 741 1956 795 Su.

381 842 615 895 laimane
651 838 923 893 Orchauis
954 839 1067 894 ﬁlio
1107 854 1295 908 pacem
1328 839 1478 902 fecit,
1534 835 1850 904 amicosque
1908 842 1962 888 et

381 935 622 1002 hospites
650 933 703 985 in
733 933 977 985 futurum
1020 947 1080 986 se
1109 941 1302 985 mutuo
1353 930 1470 984 fore
1522 930 1708 985 testati
1769 937 1903 982 sunt
1941 945 1956 982 :

378 1036 432 1082 et
463 1027 779 1096 conjunctis
838 1026 1010 1096 copiis
1060 1024 1263 1079 bellum
1316 1023 1368 1077 in
1408 1022 1680 1078 Triballos
1747 1023 1860 1091 (qui
1907 1029 1962 1076 et

380 1120 621 1191 Bnlgari)
663 1119 1085 1174 transtulerunt.
1110 1117 1345 1182 Quidam
1407 1116 1720 1186 perhibent,
1785 1117 1961 1171 adhuc

381 1215 681 1282 superatne
721 1213 1002 1276 Orchane,
1036 1210 1411 1265 Sulaimanem
1475 1209 1641 1263 tilium
1695 1211 1960 1266 transisse

383 1305 434 1357 in
462 1303 761 1373 Europam,
794 1304 1118 1358 accersitum
1143 1301 1696 1357 adversusTriballos
1729 1303 1962 1356 abGrat-

380 1410 573 1450 corum
608 1411 753 1464 rege.
800 1395 1026 1450 Triballi
1089 1401 1270 1449 autem
1322 1410 1390 1449 eo
1452 1411 1615 1464 quem
1681 1395 1961 1451 trademus

381 1484 562 1549 modo,
593 1486 659 1539 ad
682 1485 911 1554 Europa:
936 1484 1219 1553 imperium
1257 1483 1620 1538 devenerunt.
1652 1484 1961 1554 Stephanus

380 1577 562 1642 (quem
618 1575 915 1648 Stepanum
978 1573 1096 1643 alii)
1132 1572 1498 1627 Triballorum
1534 1587 1628 1628 rex
1681 1574 1960 1644 proiectus

380 1664 448 1717 ab
487 1679 549 1717 ea
584 1665 804 1732 regione
844 1679 966 1732 quae
995 1679 1190 1719 versus
1216 1663 1426 1718 Ionium
1492 1673 1661 1734 patet,
1704 1666 1831 1736 igne
1873 1667 1959 1720 in-

378 1756 703 1824 cendiisque
733 1757 987 1826 plurimis
1022 1758 1304 1828 Epidamni
1342 1758 1616 1828 regionem
1641 1760 1957 1823 devastans,

378 1848 546 1903 etiam
577 1848 942 1917 Epidamnum
974 1849 1142 1922 {quod
1173 1858 1226 1903 et
1258 1849 1677 1920 Dyrrhachium)
1707 1853 1957 1924 subegit:

379 1953 431 1996 et
449 1942 575 1996 hinc
617 1941 672 1994 in
696 1939 1069 1996 Macedoniam
1099 1943 1377 1998 exercitus
1396 1945 1465 1998 du
1479 1946 1576 2008 sit,
1606 1945 1964 2014 Scopiorum-

380 2051 489 2105 que
513 2036 701 2090 urbem
741 2036 892 2103 regni
924 2034 1106 2088 sedem
1141 2036 1465 2090 declaravit.
1493 2037 1739 2091 Fuerunt
1777 2049 1960 2092 autem

382 2129 497 2194 isti,
526 2136 797 2197 quantum
831 2129 1109 2196 conjicere
1139 2127 1266 2182 licet
1292 2144 1358 2182 ex
1403 2129 1745 2197 profectione
1767 2146 1960 2186 eorum

381 2239 487 2294 qua
532 2222 697 2277 delati
721 2231 851 2276 sunt
879 2222 944 2274 ad
982 2221 1212 2290 Europae
1244 2222 1559 2290 imperium,
1605 2238 1779 2292 genus
1839 2226 1962 2295 illy-

381 2317 614 2381 riorum,
638 2317 730 2383 qui
756 2313 1033 2384 progressi
1069 2312 1136 2366 ab
1164 2312 1502 2366 Occidentali
1527 2328 1722 2368 versus
1749 2314 1958 2368 iunium

382 2408 622 2477 regione,
676 2415 945 2461 venerunt
1004 2406 1071 2460 ad
1133 2403 1456 2472 Scepiorum
1503 2406 1716 2470 urbem,
1773 2406 1958 2475 lingua

383 2502 686 2554 etiamnum
725 2513 833 2552 non
867 2495 1122 2552 dissimili
1157 2505 1397 2550 utentes.
1434 2496 1579 2551 istud
1618 2497 1957 2568 Illyricorum

381 2608 575 2662 genus,
603 2607 726 2646 cum
746 2589 906 2660 longe
927 2590 1139 2660 lateque
1159 2599 1366 2643 teneret
1386 2604 1532 2643 mare
1549 2589 1777 2652 ionium.
1795 2591 1957 2644 etiam

383 2685 622 2741 Venetos
651 2685 849 2754 attigit.
882 2683 1096 2752 Reliqui
1138 2685 1207 2735 ab
1244 2681 1314 2735 iis
1370 2684 1662 2753 segregati,
1728 2698 1825 2751 per
1852 2681 1959 2736 En-

383 2793 570 2847 ropam
605 2777 838 2848 dispersi
873 2784 1026 2838 sunt,
1061 2774 1224 2829 etiam
1254 2774 1420 2829 hodie
1454 2787 1561 2830 non
1588 2777 1818 2828 multum
1856 2775 1958 2829 lin-

379 2886 483 2940 gua
499 2869 855 2939 moribusque
884 2869 1134 2923 eti-ictus
1162 2867 1376 2922 ratione
1409 2865 1959 2922 abhorrentes.Con-

381 2971 493 3020 stat
517 2967 700 3033 itaque
716 2976 906 3016 eorum
929 2961 1254 3016 sententiam
1281 2961 1424 3015 haud
1456 2961 1704 3026 veritate,
1724 2961 1844 3024 niti,
1862 2960 1956 3030 qui

384 3056 745 3126 pronuntiant
772 3051 987 3123 lllyrios
1011 3067 1132 3108 esse
1155 3067 1253 3107 eos
1277 3067 1416 3123 quos
1441 3053 1682 3107 Albanos
1705 3053 1958 3107 nomina-

2140 742 2310 796 Ἐνθα
2339 743 2403 810 δὴ
2432 743 2526 795 καὶ⁹
2575 743 2670 794 ἐπὶ
2719 739 2994 809 γεωργίαν
3035 739 3144 790 τῶν
3174 736 3282 791 άπὸ
3311 736 3408 806 τῆς
3454 735 3640 798 Ἀσίας

2067 831 2241 898 φειδοῖ
2265 831 2365 900 τῆς
2389 831 2597 884 ἑαυτῶν
2634 831 2819 901 χώρας
2850 829 3174 901 ἐτράποντο.
3214 828 3484 897 ’Ὕστερον
3515 827 3641 896 μέν·

2064 942 2148 978 τοι
2178 928 2206 979 ό
2243 926 2514 996 Ἑλλήνων
2555 925 2812 994 βασιλεὺς
2843 923 3443 994 διαπρεσϐευσάμενος,
3475 939 3640 974 σπον-

2067 1019 2164 1081 δάς
2191 1035 2249 1072 τε
2277 1020 2572 1088 ἐποιήσατο
2612 1017 2749 1088 πρὸς
2793 1016 3171 1083 Σουλαιμάνην
3215 1014 3307 1066 τὸν
3341 1013 3637 1083 Ὀρχάνεω,

2065 1110 2164 1163 καὶ
2194 1111 2389 1180 ἐνῆγεν
2427 1112 2520 1162 ἐπὶ
2573 1111 2698 1173 τοὺς
2729 1108 3096 1178 Τριϐαλλοὺς,
3143 1105 3227 1175 ἐφ’
3256 1099 3300 1172 ᾧ
3347 1121 3407 1157 τε
3441 1105 3639 1166 αὐτοὺς

2070 1201 2252 1266 ξένους
2279 1220 2338 1254 τε
2389 1204 2483 1254 καὶ
2527 1204 2712 1270 φίλους
2741 1197 2881 1254 εἶναι
2907 1201 3159 1270 ἀλλήλοις
3180 1240 3194 1262 ,
3245 1204 3342 1251 καὶ
3375 1196 3468 1250 τὸν
3501 1196 3640 1266 πρός

2067 1295 2195 1356 τοὺς
2239 1293 2575 1364 Τριϐαλλοὺς
2608 1295 2844 1363 πόλεμον
2900 1292 3278 1361 συνδιαφέρειν
3310 1291 3426 1359 ἅμα
3461 1291 3639 1359 ἀμφο-

2066 1385 2276 1454 τέρους.
2314 1386 2487 1439 Ἔνιοι
2519 1369 2616 1455 μὲν
2641 1383 2735 1440 οὖν
2770 1386 2934 1454 φασὶν
2957 1384 3031 1448 ώς
3076 1385 3157 1437 ἔτι
3186 1383 3470 1451 περιόντος
3513 1381 3635 1452 Ὀρ-

2067 1481 2246 1548 χάνεω
2283 1479 2340 1532 ὲν
2369 1481 2436 1549 τῇ
2492 1479 2651 1547 Ἀσία
2696 1478 2787 1530 τὸν
2826 1477 2989 1530 παῖδα
3040 1474 3204 1531 αὐτοῦ
3253 1472 3636 1542 Σουλαιμάνην

2024 1648 2030 1653 1
2066 1571 2168 1639 τὴν
2199 1569 2467 1643 Εὐρώπην
2522 1571 2775 1641 διαϐῆναι
2837 1567 3334 1640 μεταπεμπομένου
3389 1568 3482 1618 ἐπὶ
3509 1565 3636 1626 τοὺς

2068 1662 2402 1735 Τριϐαλλοὺς
2424 1661 2517 1717 τοῦ
2550 1664 2658 1719 τῶν
2700 1663 2971 1733 Ἐλλήνων
3006 1661 3290 1732 βασιλέως.
3334 1661 3472 1722 Τοὺς
3505 1660 3634 1728 μὲν-

2067 1773 2147 1811 τοι
2175 1757 2494 1828 Τριϐαλλῶν
2545 1756 2821 1826 ἡγεμόνας
2854 1750 2956 1809 ὦδε
2980 1755 3156 1807 ἐλθεῖν
3189 1752 3284 1804 ἐπὶ
3309 1753 3376 1805 τά
3402 1751 3502 1820 τῆς
3535 1751 3636 1803 Εὐ-

1994 1815 2034 1869 B
2067 1815 2260 1918 ρώπης
2285 1815 2604 1918 πράγματα.
2637 1815 2968 1916 ἐπυθόμεθα.
2999 1847 3269 1908 Στέπανος
3303 1815 3516 1912 ἐγένετο
3541 1842 3636 1912 βα-

2067 1938 2247 2002 σιλεὺς
2279 1939 2620 2008 Τριϐαλλῶν,
2649 1938 2707 2002 ὃς
2740 1937 3061 2009 ὁρμώμενος
3104 1934 3172 2008 ἦν
3204 1936 3310 1990 άπὸ
3339 1935 3436 2002 τῆς
3460 1936 3517 1996 ές
3545 1934 3636 1986 τὸν

2077 2030 2257 2084 Ἰόνιον
2292 2031 2496 2101 χώρας,
2529 2034 2591 2086 τὸ
2623 2032 2758 2100 πυρὶ
2799 2031 3126 2098 Ἐπίδαμνον
3175 2025 3636 2098 καταστρεψάμε-

2063 2143 2172 2191 νος,
2206 2129 2301 2182 καὶ
2327 2134 2383 2195 ἐς
2410 2130 2509 2198 τὴν
2537 2129 2877 2183 Μακεδονίαν
2915 2129 3169 2189 ἐλάσατο.
3194 2129 3291 2180 καὶ
3312 2128 3368 2188 ἐς
3400 2125 3500 2194 τὴν
3521 2122 3632 2176 τῶν

2062 2222 2312 2274 Σκοπίων
2337 2223 2406 2276 τὰ
2431 2223 2678 2292 βασίλεια
2701 2224 3016 2291 ἐποιήσατο.
3049 2217 3173 2274 Εἶεν
3205 2221 3250 2272 δ’
3279 2220 3345 2272 ἂν
3366 2212 3511 2272 οὗτοι
3533 2219 3634 2270 ὅσα

2061 2329 2124 2380 γε
2148 2313 2326 2376 ἔξεστι
2358 2315 2752 2384 τεκμαίρεσθαι
2775 2316 2896 2368 ὅθεν
2922 2316 3262 2382 προαγαγεῖν
3289 2313 3328 2342 ⁸¹
3360 2310 3632 2380 Εὐρώπης

2061 2405 2361 2474 ἡγεμονίαν
2403 2406 2661 2475 ἀφίκοντο
2705 2405 2983 2477 Ἰλλυριῶν
3056 2407 3244 2474 γένους
3279 2405 3341 2468 ι’,
3378 2404 3486 2456 ἀπὸ
3530 2400 3631 2470 τῆς

2063 2498 2201 2568 πρὸς
2230 2498 2467 2569 ἑσπέραν
2496 2498 2594 2569 τῆς
2619 2501 2676 2561 ἐς
2704 2501 2800 2552 τὸν
2831 2499 3013 2553 Ἰόνιον
3041 2498 3249 2569 χώρας,
3275 2496 3628 2567 προελθόντες

2059 2592 2156 2645 ἐπὶ
2186 2593 2284 2669 τὴν
2311 2593 2418 2645 τῶν
2455 2593 2708 2646 Σκοπίων
2738 2594 2914 2658 πόλιν,
2949 2594 3018 2662 τῇ
3048 2608 3108 2644 τε
3147 2592 3300 2660 φωνῇ
3342 2587 3636 2657 παραπλη-

2061 2684 2154 2754 σία
2185 2684 2483 2754 χρωμένων
2510 2685 2761 2749 ἐκείνοις,
2791 2687 2888 2739 καὶ
2909 2686 3063 2754 γένος
3099 2685 3158 2737 δὲ
3184 2686 3358 2737 έκεῖνο
3379 2684 3486 2736 τῶν
3528 2683 3632 2736 ἰλ-

2059 2774 2287 2846 λυριῶν,
2330 2776 2472 2844 μέγα
2505 2793 2564 2829 τε
2622 2779 2715 2830 καὶ
2761 2779 2854 2830 ἐπὶ
2884 2777 3141 2830 πλεῖστον
3175 2776 3362 2844 διῆκον
3397 2774 3494 2828 τοῦ
3536 2775 3632 2827 ‘lo.

2059 2867 2174 2919 νίου
2208 2868 2499 2936 πελάγους,
2545 2868 2676 2922 ἔστε
2733 2870 2827 2925 ἐπὶ
2866 2870 3114 2935 Ἐνετοὺς
3150 2871 3226 2935 ῶς
3274 2871 3342 2924 ἂν
3369 2869 3534 2939 ἔχειν,
3569 2869 3630 2920 οὐ

2057 2961 2307 3029 χαλεπῶς
2356 2962 2772 3032 τεκμαίρεσθαι.
2835 2963 2958 3017 Ἀπ’
2988 2966 3215 3018 ἐκείνων
3253 2964 3310 3016 δὲ
3363 2964 3492 3017 τότε
3530 2964 3631 3016 ἀνά

2057 3053 2156 3124 τὴν
2186 3054 2461 3127 Εὐρώπην
2502 3055 2901 3119 σκεδασθέντας
2928 3057 3181 3127 ἀχθῆναι.
3237 3058 3390 3127 Φωνῇ
3434 3074 3492 3108 τε
3522 3057 3632 3125 γὰρ

383 3165 526 3205 mus.
559 3148 670 3202 Nec
710 3161 840 3202 vero
871 3147 1203 3217 principium
1239 3147 1356 3215 ejus
1390 3148 1672 3201 sermonis
1707 3145 1954 3212 admitto,

2065 3149 2368 3218 ἀμφότεροι
2397 3151 2463 3220 τῇ
2511 3148 2650 3219 αὐτῇ
2681 3149 2914 3220 χρῶνται
2943 3151 3024 3203 ζτι
3052 3151 3146 3204 καὶ
3188 3153 3305 3217 νῦν,
3333 3151 3430 3204 καὶ
3475 3150 3630 3222 ἤθεσι

382 3241 476 3308 qui
511 3250 757 3293 astruere
783 3237 1291 3302 conatur,Albanos
1315 3252 1440 3292 esse
1477 3237 1676 3306 Illyrici
1715 3238 1953 3305 generis.

383 3333 538 3399 Quod
580 3343 759 3386 autem
790 3339 845 3386 et
874 3330 1074 3385 Albani
1123 3330 1192 3384 ab
1229 3331 1537 3398 Epidamno
1599 3331 1953 3402 prodeuntes,

385 3427 441 3481 in
493 3427 722 3494 Europa:
779 3424 1056 3494 regionem
1118 3423 1470 3487 maritimam,
1522 3439 1644 3493 qua:
1689 3425 1955 3478 orientem

387 3519 635 3588 respicit,
663 3516 911 3570 venerint
943 3535 956 3570 :
991 3515 1307 3586 Etoliaque
1338 3517 1672 3582 Acarnania,
1696 3533 1798 3574 nec
1847 3537 1956 3575 non

385 3626 578 3681 magna
604 3608 963 3663 Macedonum
981 3611 1223 3677 regionis
1251 3618 1408 3679 parte
1436 3611 1689 3675 subacta,
1745 3611 1818 3665 ibi
1852 3611 1946 3666 ha-

385 3701 814 3766 bitarint,etia
847 3700 964 3769 ipse
996 3700 1146 3765 novi,
1188 3701 1372 3755 multis
1416 3703 1828 3772 conjecturiseo
1856 3703 1953 3760 de-

329 3813 332 3816 ’
367 3781 614 3859 ductus,
651 3795 950 3862 multisque
996 3809 1164 3864 super
1213 3809 1276 3848 ea
1309 3809 1369 3850 re
1405 3796 1625 3850 auditis.
1686 3799 1766 3852 Au
1827 3813 1958 3853 vero

388 3891 458 3944 ab
488 3889 704 3961 Iapygia
729 3889 1109 3943 iteriacientes
1135 3889 1219 3960 (ut
1248 3889 1468 3959 quidam
1489 3893 1736 3963 censent)
1763 3893 1815 3948 in
1836 3893 1959 3964 Epi—

387 3989 649 4038 damnum
708 3980 1050 4046 transierint,
1105 3989 1160 4036 et
1205 3983 1332 4036 hinc
1385 3985 1439 4035 in
1489 3999 1609 4037 eam
1657 3985 1956 4055 regionem,

388 4092 551 4148 quam
602 4074 822 4129 tandem
880 4074 1182 4144 subjecerc,
1249 4077 1614 4144 pervenerint,
1671 4077 1789 4132 sive
1834 4093 1958 4132 cum

389 4177 574 4224 essent
597 4168 814 4222 ﬁnitimi
835 4167 1064 4239 Illyricis
1104 4166 1467 4236 Epidamnum
1504 4169 1832 4237 colentibus,
1866 4188 1960 4227 ac-

387 4263 648 4319 cedentes
709 4262 976 4334 "paulatim
1029 4261 1314 4330 regionem
1383 4261 1696 4333 Epidamni,
1747 4279 1851 4334 qua
1904 4266 1957 4320 in

387 4355 658 4409 orientem
711 4361 881 4424 patet,
911 4352 1328 4423 occupaverint,
1377 4353 1567 4408 nescio
1612 4371 1720 4426 qua
1750 4360 1961 4413 ratione

387 4460 556 4514 quam
585 4445 870 4504 verissime
894 4459 1183 4513 assequar.
1217 4445 1286 4497 At
1333 4461 1435 4499 nos
1464 4447 1875 4514 explanavimus
1900 4460 1959 4504 ut

2068 3244 2178 3304 τοῖς
2215 3243 2401 3305 αὐτοῖς
2431 3243 2527 3296 καὶ
2553 3242 2757 3316 διαίτῃ,
2788 3241 2931 3295 ὥστε
2956 3243 3056 3296 οὐκ
3094 3243 3270 3314 ὀρθῶς
3319 3242 3388 3297 ἂν
3421 3243 3635 3312 λέγοιεν

2064 3334 2114 3386 ol
2149 3335 2374 3404 γνώμην
2403 3334 2854 3405 ἀποδεικνύμενοι
2889 3337 3016 3407 περὶ
3059 3336 3361 3406 Ἱλλυριῶν,
3391 3338 3467 3398 ώς
3521 3335 3636 3406 εἴη·

2066 3442 2166 3480 σαν
2193 3427 2244 3479 οί
2273 3425 2370 3479 νῦν
2415 3427 2687 3482 ’Δλϐανοί.
2731 3427 2935 3498 Ἀρχὴν
2955 3428 3013 3482 δὲ
3042 3430 3154 3497 ἐγὼ
3183 3428 3303 3482 οὐδὲ
3333 3427 3633 3500 προσίεμαι

2064 3515 2156 3572 τδν
2183 3519 2362 3587 λόγον,
2416 3518 2494 3583 ώς
2530 3519 2724 3591 εἴησαν
2771 3521 3046 3590 Ἰλλυριῶν
3074 3524 3228 3591 γένος
3261 3522 3312 3574 oi
3357 3523 3628 3580 Ἀλϐανοί.

2080 3609 2169 3674 Ὠς
2207 3613 2306 3682 μὲν
2332 3607 2425 3666 οὖν
2451 3611 2546 3665 ἀπ’
2598 3612 2928 3680 Ἐπιδάμνου
2960 3615 3053 3666 καὶ
3087 3613 3235 3667 οὗτοι
3270 3613 3546 3685 ὥρμηντο.
3577 3621 3632 3678 ές

2066 3707 2166 3775 τὴν
2200 3707 2337 3777 πρὸς
2357 3704 2436 3760 tu)
2456 3705 2640 3778 χώραν
2669 3708 2768 3776 τῆς
2793 3707 3091 3777 Εὐρώπης,
3123 3709 3216 3760 ἐπὶ
3247 3708 3544 3763 Θετταλίαν
3572 3726 3632 3761 τε

2066 3799 2414 3868 ἀφικόμενοι,
2450 3801 2542 3853 καὶ
2570 3801 2663 3853 επὶ
2692 3800 2978 3863 Αἰτωλίαν,
3005 3801 3100 3853 καὶ
3139 3801 3635 3872 ’Δκαρνανίαν,οὐκ

2064 3891 2222 3960 ὀλίγα
2236 3891 2374 3945 ἄττα
2399 3891 2496 3962 τῆς
2517 3892 2852 3956 Μακεδονίας
2879 3891 3063 3963 χώρας
3089 3891 3181 3960 ὐφ’
3196 3892 3379 3956 αὐτοῖς
3406 3907 3637 3962 πεποιη-

2070 3983 2247 4054 μένοι,
2267 3983 2469 4055 ᾠκουν,
2491 3979 2608 4038 οἶδά
2629 4001 2688 4038 τε
2719 3985 2882 4046 αὐτὸς
2906 3985 3268 4056 έπιστάμενος
3293 3983 3397 4036 άπὸ
3427 3984 3634 4036 πολλῶν

2067 4078 2538 4148 τεκμαιρόμενος,
2575 4077 2673 4131 καὶ
2706 4077 2918 4132 πολλῶν
2970 4076 3037 4145 δὴ
3089 4077 3325 4147 ἀκήκοα.
3369 4075 3490 4129 Εἴτε
3534 4075 3633 4145 μὲν

2067 4171 2160 4226 οὖν
2185 4171 2293 4224 άπὸ
2349 4171 2648 4239 Ἰαπυγίας,
2681 4171 2757 4234 ώς
2805 4170 2936 4225 ενιοί
2969 4186 3150 4240 φασιν,
3191 4171 3247 4230 ις
3300 4167 3635 4237 Ἐπίδαμνον

2066 4263 2373 4327 διαϐάντες,
2402 4263 2498 4316 ἐπὶ
2555 4263 2653 4334 τὴν
2701 4261 2887 4332 χώραν
2935 4262 3003 4334 ἢν
3049 4246 3400 4332 ὑπηγάγοντο
3452 4259 3635 4330 σφίσιν

2068 4356 2223 4420 ἄλλος
2257 4356 2393 4427 ἄλλῃ
2427 4357 2708 4424 ἀφίκοντο,
2753 4355 2864 4406 εἴτε
2895 4353 3062 4409 αὐτοῦ
3125 4354 3251 4424 περὶ
3313 4354 3635 4423 Ἐπίδαμνον

2071 4449 2171 4518 τὴν
2227 4449 2402 4520 ἀρχὴν
2443 4449 2718 4519 Ἱλλυριῶν
2744 4449 2936 4517 ὅμοροι
2990 4447 3275 4520 προϊόντες
3320 4445 3633 4515 καταϐραχὺ

393 4548 636 4606 utraque
679 4537 794 4589 haec
831 4536 1111 4589 hominum
1146 4552 1370 4605 genera,
1408 4535 1636 4590 Triballi
1661 4549 1711 4592 ct
1741 4541 1957 4609 Albani,

2072 4541 2334 4612 κατέσχον
2366 4541 2467 4609 τὴν
2496 4541 2634 4610 πρὸς
2661 4541 2736 4593 Eu)
2762 4541 2859 4609 τῆς
2911 4540 3242 4610 Ἐπιδάμνου
3282 4539 3485 4608 χώραν,
3535 4536 3634 4587 οὐκ

390 4627 607 4696 egressi
637 4629 705 4680 ab
724 4641 787 4680 ea
821 4627 1043 4696 regione
1081 4641 1203 4695 quae
1230 4635 1444 4696 spectat
1474 4627 1708 4692 lonium,
1733 4633 1966 4688 transie-

393 4720 510 4774 rint
544 4735 642 4790 per
689 4719 964 4781 regionem
1006 4717 1236 4790 Europae
1264 4733 1382 4789 quae
1437 4720 1490 4776 in
1533 4723 1801 4778 orientem
1846 4742 1968 4780 ver-

394 4814 494 4884 git,
525 4814 708 4883 ibique
734 4812 1121 4877 habitaverint,
1166 4828 1267 4868 nec
1319 4815 1562 4869 modicas
1592 4818 1843 4885 regiones
1867 4835 1969 4875 suo

394 4903 504 4976 14,
537 4905 766 4975 imperio
795 4904 1119 4974 adjecerint,
1159 4906 1706 4962 versusoccidentem
1740 4909 1842 4964 iter
1888 4913 1970 4966 in-

390 5002 682 5054 stitueutes
715 5013 730 5050 :
783 5012 907 5050 cum
961 4998 1124 5051 etiam
1173 4997 1567 5068 propemodum
1598 5001 1664 5053 ad
1697 5001 1966 5059 Euxinum

399 5108 548 5146 mare
579 5091 934 5153 accesserint,
969 5090 1168 5145 lstrum
1213 5102 1270 5144 et
1331 5089 1673 5148 Thessaliam
1711 5096 1965 5151 adierint.

391 5185 525 5249 Qua:
563 5183 752 5238 omnia
789 5184 844 5237 in
895 5183 1042 5237 hunc
1084 5183 1301 5238 modum
1363 5197 1682 5242 evenerunt.

466 5364 582 5419 Rex
615 5365 1150 5437 horumdigrediens
1186 5367 1255 5420 ab
1292 5368 1426 5422 urbe
1472 5367 1959 5440 Scopiorum,mu-

392 5457 548 5514 nitus
582 5459 715 5515 viris
740 5461 821 5515 rei
848 5460 1104 5516 militaris
1139 5461 1514 5531 peritissimis,
1545 5471 1599 5516 ct
1626 5464 1962 5519 validissimo

2067 4634 2175 4704 ἔχω
2208 4635 2316 4704 ὅπη
2354 4633 2724 4710 συμϐάλώμαι
2770 4633 3054 4700 ἀσφαλῶς.
3100 4632 3164 4683 Ὦ
3208 4629 3307 4700 μὲν
3344 4630 3511 4698 ἄμφω
3558 4625 3634 4680 τὼ

2069 4727 2221 4794 γένεε
2241 4726 2437 4791 τούτω,
2473 4724 2763 4796 Τριϐαλλοί
2795 4742 2854 4778 τε
2887 4725 2980 4777 καὶ
3021 4722 3287 4788 Ἀλϐανοὶ,
3309 4720 3418 4773 άπὸ
3448 4719 3548 4787 τῆς
3578 4719 3634 4783 ἐς

2067 4820 2128 4873 τὸ
2178 4821 2361 4872 Ἰόνιον
2405 4816 2586 4889 χώρας
2635 4818 2971 4886 ώρμημένω,
3029 4816 3089 4867 τὸ
3123 4814 3222 4884 μὲν
3274 4813 3407 4880 πρὸς
3430 4813 3507 4864 ἔω
3536 4811 3634 4880 τῆς

2073 4912 2346 4982 Εὐρώπης
2388 4911 2576 4977 ἰόντες,
2605 4908 2704 4976 τὴν
2732 4907 2905 4978 ταύτῃ
2935 4907 3118 4979 χώραν
3135 4906 3382 4976 ᾤκησαν,
3419 4908 3512 4958 καὶ
3536 4905 3636 4959 οὐκ

2074 5005 2230 5074 ὀλίγα
2262 5004 2446 5072 σφίσιν
2475 5004 2531 5065 ές
2557 5001 2654 5072 τὴν
2684 5000 2856 5070 ἀρχὴν
2898 5000 3246 5069 ὑπηγάγοντο
3265 5013 3279 5029 ο
3316 4999 3376 5052 τὸ
3405 4999 3462 5051 δὲ
3503 4998 3638 5069 πρὸς

2073 5098 2309 5166 ἑσπέραν
2339 5095 2669 5166 ὡρμημένον
2720 5093 2907 5162 σχεδὸν
2956 5092 3014 5155 ἔς
3040 5108 3114 5147 τε.
3144 5090 3397 5155 Εὔξεινον
3445 5091 3637 5144 πόντον

2073 5188 2352 5257 ἀφίκοντο,
2388 5188 2482 5239 καὶ
2513 5188 2605 5240 ἐπὶ
2634 5184 2866 5256 Ἴστρον,
2898 5185 3026 5255 ἄχρι
3059 5184 3358 5248 Θετταλίας
3408 5185 3634 5237 ἐλάσαν-

2071 5297 2184 5342 τες,
2205 5274 2308 5331 ῶδέ
2341 5295 2432 5345 μοι
2463 5278 2764 5347 εἰρήσεται.

2154 5370 2216 5425 Ὅ
2243 5370 2517 5441 βασιλεὺς,
2550 5370 2658 5422 ἀπὸ
2687 5371 2786 5438 τῆς
2813 5369 2920 5422 τῶν
2943 5367 3191 5422 Σκοπίων
3219 5365 3422 5427 πόλεως
3449 5363 3638 5431 ὡρμη-

2073 5467 2228 5536 μένος
2263 5469 2401 5536 ἔχων
2448 5464 2568 5534 μεθ’
2596 5465 2791 5517 ἑαυτοῦ
2847 5465 3048 5536 ἄνδρας
3107 5480 3165 5516 τε
3197 5463 3265 5515 τὰ
3294 5461 3349 5523 ἐς
3402 5455 3637 5523 πόλεμον

1663 5601 1907 5665 Νοιιιίω
1943 5606 2337 5684 marginales.

491 5725 536 5757 “
569 5728 663 5780 ἐπὶ
690 5727 900 5798 τὴντῆς
981 5729 1020 5757 ¹¹
1055 5724 1128 5779 nl.
1161 5741 1300 5777 man.
1335 5724 1506 5790 γένος,
1539 5734 1583 5776 el
1618 5723 1678 5777 Π.
