4016 6216
399 264 470 328 39
1537 261 1729 323 LAON
1745 262 1843 323 [Ci
1882 262 2332 324 CliAl.COCON
2344 263 2553 323 DYLA‘}
3564 263 3637 330 60

400 380 616 436 feroces
657 385 713 433 et
755 376 1023 434 bellicosi.
1059 374 1164 444 Qui
1206 375 1295 430 ubi
1328 375 1667 431 resciverunt
1723 373 1981 427 Sulaima-

2095 377 2285 444 μόνας.
2325 377 2375 428 οἳ
2405 376 2469 446 δὴ
2494 378 2607 439 τοῖς
2650 372 2911 445 Ἕλλησιν
2954 376 3280 434 ἐπετίθεντο.
3314 380 3403 431 καὶ
3429 381 3656 448 χαλεποὶ

404 490 530 529 nem
563 473 900 542 processisse
928 472 983 524 in
1016 468 1315 541 Em'opam,
1353 468 1629 536 regionem
1660 468 1901 536 ipsorum
1927 468 1983 518 in

402 568 611 622 Graecia
634 566 796 621 sitam
828 574 1067 628 vastare,
1093 563 1415 633 praedasque
1437 552 1643 617 nemini
1670 566 1982 629 parcentem

404 657 698 716 confertim
739 673 919 727 agere,
947 657 1132 726 copias
1160 666 1213 709 et
1244 654 1347 725 ipsi
1370 668 1501 710 suas
1522 652 1789 706 adversus
1839 650 1981 706 Tur-

404 765 502 808 eos
530 752 837 808 duxerunt:
869 750 1249 818 consortisque
1281 747 1551 810 manibus,
1576 746 1813 802 victores
1841 758 1985 814 prce-

400 843 477 898 lio
499 843 774 907 abierunt,
840 843 1087 912 plurimis
1136 842 1308 911 prima
1362 840 1601 895 coitione
1658 840 1982 894 interfectis.

401 937 610 993 Deinde
633 937 900 992 certiores
941 935 1159 999 redditi,
1192 933 1496 988 Turcorum
1532 948 1622 987 res
1657 947 1831 1001 usque
1886 947 1983 986 au—

399 1032 539 1100 geri,
569 1030 786 1100 sibique
816 1028 1032 1083 tandem
1080 1026 1454 1082 intolerabiles
1478 1026 1612 1088 fore.
1660 1042 1785 1080 cum
1816 1025 1985 1094 pluri-

402 1121 478 1176 mi
504 1120 665 1175 Turci
713 1134 889 1188 usque
938 1134 1001 1173 ex
1033 1119 1162 1171 Asia
1215 1117 1280 1171 ad
1319 1116 1690 1171 Sulaimanem
1749 1130 1984 1169 concur-

399 1219 546 1273 rant,
579 1208 979 1277 Europaeasque
1024 1208 1187 1262 urbes
1244 1206 1529 1262 obsidione
1582 1214 1831 1274 urgeant,
1898 1205 1983 1259 his

398 1302 587 1368 exciti,
616 1313 844 1372 uterque
882 1301 934 1354 in
970 1302 1370 1355 mediterranea
1399 1299 1647 1354 Thracia:
1676 1300 1870 1369 pergit,
1926 1306 1984 1352 et

398 1399 589 1466 copias
616 1407 790 1466 parat.
822 1393 1083 1463 ngleses
1103 1410 1130 1446 a
1157 1394 1439 1458 Pherrhis,
1468 1394 1561 1447 ubi
1590 1394 1730 1463 regia
1761 1402 1898 1453 erat,
1926 1393 1980 1446 in

398 1486 609 1543 Turcos
638 1486 1008 1557 progreditur.
1053 1484 1237 1540 Crales
1263 1493 1468 1547 autem,
1508 1484 1753 1552 praedicti
1794 1485 1979 1547 frater,

396 1579 572 1647 copiis
599 1580 849 1649 plurimis
870 1577 1196 1643 contractis,
1227 1577 1291 1631 ad
1318 1577 1543 1631 fratrem
1602 1593 1697 1647 per
1727 1579 1982 1631 mediter-

395 1687 563 1726 ranea
588 1670 833 1724 Thraciae
875 1677 1168 1731 commeat,
1204 1668 1484 1721 communi
1535 1665 1770 1720 consilio
1814 1664 1981 1735 junc—

392 1764 575 1833 lisque
600 1763 809 1818 viribus
834 1761 1033 1817 bellum
1061 1759 1254 1813 Turcis
1282 1758 1513 1817 illaturi.
1541 1756 1657 1810 Sub
1683 1756 1824 1810 idem
1850 1765 1981 1811 tem-

398 1871 501 1926 pus
534 1855 881 1910 Sulaimanes
906 1853 1166 1922 Oppidum
1220 1850 1570 1920 oppugnabat
1600 1849 1666 1903 ad
1696 1848 1982 1902 Tmuarum

394 1950 619 2005 fluvium
660 1950 845 2013 situm,
874 1946 1086 2001 distans
1112 1961 1143 2000 a
1172 1944 1423 2014 Gallipoli
1451 1942 1566 2013 (18)
1595 1942 1789 1997 stadiis
1821 1942 1985 1996 circi-

394 2054 481 2099 ter
517 2041 883 2111 septuaginta,
918 2039 1171 2110 plurimis
1198 2036 1476 2099 tentoriis,
1514 2051 1635 2104 quae
1658 2050 1723 2087 eo
1754 2033 1983 2087 advexe-

392 2144 501 2198 rat.
527 2150 624 2206 per
652 2133 944 2188 circuitum
996 2131 1140 2193 fixis,
1188 2130 1242 2183 in
1273 2129 1473 2198 quibus
1537 2127 1754 2197 Scytlue
1785 2125 1983 2180 Turci-

392 2243 523 2298 que,
561 2232 833 2295 quotquot
853 2222 1186 2292 pastoralem
1221 2220 1390 2274 vitam
1447 2227 1777 2285 Sequuntur.
1816 2232 1979 2284 quam

394 2318 723 2377 suavissime
752 2316 957 2384 degunt
987 2330 1002 2368 :
1040 2312 1398 2378 assidensque
1430 2309 1575 2373 urbi,
1612 2309 1853 2361 intentus
1880 2322 1981 2370 0p.-

401 2407 725 2483 pugnationi
757 2407 1045 2463 insistebat
1075 2421 1089 2458 :
1122 2413 1177 2458 et
1205 2401 1389 2458 studio
1424 2399 1798 2467 espugnandae
1829 2399 1981 2451 urbis

398 2505 686 2566 astrictus.
713 2499 916 2570 accipit
953 2498 1193 2553 hostium
1220 2494 1538 2550 adventum.
1596 2490 1793 2560 Deligit
1817 2490 1982 2561 igitur

395 2615 465 2655 ex
504 2598 619 2659 suis
650 2596 1022 2663 octingentos,
1065 2586 1464 2657 nocturnisque
1520 2583 1810 2639 itincribus
1866 2583 1976 2649 pri-

398 2708 487 2747 ma
528 2703 729 2745 aurora
760 2686 825 2740 ad
854 2685 1094 2739 hostium
1127 2688 1310 2737 castra
1344 2675 1609 2749 pervenit.
1643 2675 1749 2729 Eos
1782 2673 1976 2744 depre-

396 2783 590 2840 hendit
619 2796 719 2835 nec
749 2778 942 2833 solitas
990 2774 1202 2845 vigilias
1233 2774 1520 2834 obeuntes,
1550 2767 1855 2836 laxatisque
1883 2782 1979 2822 cu-

399 2876 597 2933 stodiis
628 2873 833 2928 all‘usos
863 2870 1095 2924 Tzcnaro
1129 2865 1292 2922 fluvio
1320 2862 1584 2934 praebenti
1615 2876 1811 2931 aquam
1845 2869 1974 2931 potu

398 2966 621 3043 quidem
637 2966 897 3036 optimam
945 2960 1188 3015 eamdem
1214 2969 1268 3013 et
1288 2959 1726 3014 saluberrimam.
1744 2956 1975 3014 Estatis

2086 463 2249 537 ἦσαν,
2284 468 2372 521 διὰ
2404 470 2465 521 τὸ
2500 470 2766 539 μηδέποτε
2792 467 3022 539 ἡσυχίαν
3055 470 3230 536 ἄγειν,
3282 471 3398 524 ἀλλ’
3440 475 3526 527 ἀεὶ
3554 492 3655 529 κα-

2087 561 2197 621 κῶς
2234 565 2402 616 ποιεῖν
2440 562 2817 630 πολεμοῦντας
2864 566 2974 627 τοῖς
3025 563 3305 633 Ἕλλησιν.
3338 558 3497 620 Οὗτοι
3559 570 3658 636 μὲν

2084 652 2180 707 οὖν
2203 653 2277 717 ὡς
2300 654 2566 708 ἐπύθοντο
2594 654 2938 725 Σουλαιμάνη
2992 654 3287 709 διαϐάνταν
3327 658 3383 719 ἐς
3412 658 3510 727 τὴν
3557 660 3657 711 Εὐ-

2089 747 2299 819 ρώπην,
2355 748 2517 821 δῃοῦν
2568 765 2629 801 τε
2688 750 2782 800 ἐπὶ
2837 750 2903 818 τῇ
2952 748 3238 818 Ἑλληνικῇ
3296 751 3398 815 τὴν
3462 752 3658 820 σφετέ-

2088 859 2188 909 ραν
2214 842 2394 895 αὐτῶν
2420 841 2624 912 χώραν,
2659 842 2752 895 καὶ
2784 841 3109 912 διαρπάζειν
3143 844 3372 913 μηδενὸς
3403 845 3660 914 φειδόμε-

2085 953 2197 999 νον,
2222 935 2612 1001 ἐστρατεύοντο
2635 936 2726 989 ἐπὶ
2759 935 2882 998 τοὺς
2907 935 3206 1003 Τούρκους,
3230 938 3326 989 καὶ
3358 937 3661 1007 συμϐαλόν-

2084 1045 2175 1091 τες
2212 1029 2361 1099 μάχῃ
2390 1047 2449 1082 τε
2485 1030 2822 1100 ἐκράτησαν,
2851 1031 2946 1083 καὶ
2974 1029 3283 1101 διέφθειρον
3320 1030 3420 1083 ούκ
3443 1031 3658 1100 ὀλίγους

2087 1122 2146 1173 ὲν
2184 1124 2251 1193 τῇ
2285 1122 2577 1193 ἐπιδρομῇ.
2612 1123 2768 1178 Μετὰ
2793 1123 2850 1175 δὲ
2881 1123 3051 1177 ταῦτα
3081 1125 3157 1185 ὡς
3198 1123 3424 1195 ᾔσθοντο
3451 1125 3554 1196 ήδη
3591 1128 3659 1178 τὰ

2085 1215 2347 1285 Τούρκων
2380 1217 2687 1285 πράγματα
2724 1217 2863 1285 ταχὺ
2920 1217 3013 1271 ἐπὶ
3063 1218 3207 1287 μέγα
3265 1218 3658 1288 προχωροῦντα

2085 1308 2407 1376 δυνάμεως,
2486 1309 2755 1372 καὶτοὺς
2812 1309 2919 1362 ἀπὸ
2985 1310 3173 1371 Ἀσίας
3223 1312 3499 1382 Τούρκους
3573 1313 3659 1365 ἀεὶ

2083 1400 2461 1464 διαϐαίνοντας
2493 1401 2889 1472 προσγίνεσθαι
2937 1402 3106 1474 αὐτῷ,
3143 1403 3283 1457 ὥστε
3329 1405 3424 1457 καὶ⁹
3472 1406 3530 1467 ἒς
3561 1423 3657 1457 πο-

2083 1489 2332 1561 λιορκίαν
2359 1490 2467 1544 τῶν
2518 1490 2661 1543 κατὰ
2688 1491 2789 1562 τὴν
2822 1489 3092 1561 Εὐρώπην
3136 1492 3343 1545 πόλεων
3393 1493 3658 1545 καθίστα-

2086 1583 2229 1649 σθαι,
2256 1583 2352 1636 καὶ
2382 1582 2667 1653 προϊόντας
2690 1583 2782 1636 ἐπὶ
2809 1583 2911 1655 τὴν
2966 1584 3261 1653 μεσόγαιον
3286 1584 3387 1651 τῆς
3415 1582 3655 1652 Θρᾴκης.

2086 1672 2431 1741 συνελέγοντό
2453 1690 2512 1724 τε
2537 1672 2850 1742 στράτευμα
2874 1673 3196 1743 ἀμφότεροι.
3216 1672 3536 1743 Ούγγλεσης
3560 1672 3660 1741 μὲν

2087 1760 2180 1819 οὖν
2201 1764 2429 1834 ὥρμητο
2453 1764 2561 1817 ἀπὸ
2585 1765 2812 1836 Φερῤὦν
2839 1765 2931 1817 ἐπὶ
2955 1764 3083 1829 τοὺς
3125 1765 3427 1834 Τούρκους,
3460 1766 3518 1817 ἐν
3566 1759 3657 1823 αῖς

2084 1857 2154 1908 τά
2182 1854 2430 1926 βασίλεια
2459 1851 2527 1927 ἦν
2555 1855 2706 1926 αὖτῷ
2726 1873 2741 1889 ’
2770 1857 2997 1927 Κράλης
3024 1873 3085 1909 τε
3126 1858 3243 1926 ἅμα
3271 1856 3422 1923 αὐτῷ
3448 1858 3475 1908 ὀ
3508 1856 3663 1909 ἀδελ·-

2086 1946 2185 2014 φδς
2218 1948 2534 2018 στράτευμα
2564 1946 2702 2018 ἔχων
2724 1948 2834 2008 ἀπὸ
2857 1949 2959 2019 τῆς
2981 1948 3277 2019 μεσογαίου
3313 1949 3414 2019 τῆς
3437 1949 3663 2021 Θρᾴκης

2087 2038 2278 2112 συνῄει
2326 2040 2404 2110 τῷ
2464 2039 2681 2112 ἀδελφῷ
2732 2041 2810 2104 ὡς
2860 2044 3317 2113 στρατευσόμενοι
3369 2041 3487 2112 ἆμα
3533 2044 3662 2105 τοὺς

2086 2134 2391 2203 Ίόύρκους.
2434 2133 2502 2187 '0
2538 2135 2640 2202 μὲν
2692 2128 2788 2187 οὖν
2821 2134 3198 2207 Σουλαιμάνης
3243 2134 3401 2204 ἔτυχε
3438 2135 3661 2205 πολιορ-

2085 2226 2199 2277 κῶν
2243 2227 2483 2295 πόλισμα
2516 2227 2577 2279 τὸ
2604 2227 2755 2296 παρὰ
2782 2227 3024 2295 Ταίαρον
3055 2228 3323 2296 ποταμὸν,
3352 2229 3531 2297 διέχον
3548 2229 3659 2280 ἀπὸ

2096 2316 2595 2386 Ἀδριανουπόλεως
2640 2317 2894 2379 σταδίους
2931 2318 3065 2371 ὡσεὶ
3122 2318 3530 2389 ἑϐδομήκοντα’
3563 2322 3661 2372 καὶ

2085 2407 2288 2477 σκηνὰς
2328 2408 2429 2477 μὲν
2459 2408 2628 2461 αὑτοῦ
2678 2409 2779 2462 οὐκ
2822 2409 3015 2478 ὀλίγας
3048 2411 3160 2464 ἀπὸ
3205 2409 3376 2464 πίλων
3402 2411 3555 2480 ἄγων
3591 2413 3657 2475 ⁸⁷,

2082 2500 2342 2571 ἐπήξατο,
2375 2500 2433 2555 ἐν
2462 2495 2549 2565 αἷς
2595 2502 2658 2574 δὴ
2692 2503 2743 2556 οί
2773 2504 2916 2557 κατὰ
2944 2505 3047 2575 τὴν
3077 2504 3263 2558 Ἀσίαν
3290 2506 3498 2560 Σκύθαι
3521 2525 3582 2561 τε
3608 2510 3659 2561 οί

2084 2590 2333 2662 Νομάδες
2351 2592 2718 2663 καὶΤούρκων
2740 2594 2792 2647 oi
2814 2594 2952 2664 πρὸς
2971 2593 3122 2647 τόνδε
3159 2594 3253 2649 τδν
3277 2595 3392 2666 βίον
3417 2614 3660 2668 τετραμ-

2090 2685 2243 2756 μένοι
2273 2685 2436 2757 δῃοῦν
2469 2685 2696 2741 είὼθασι
2719 2702 2735 2719 '
2766 2686 2864 2742 καὶ
2892 2687 3207 2758 ἐπολιόρκει
3258 2688 3320 2741 τὸ
3345 2689 3545 2761 χωρίον
3576 2692 3662 2742 ὲν-

2084 2779 2402 2851 τεταμένως
2427 2795 2442 2810 ⁸
2471 2778 2818 2850 διατρίϐοντα
2844 2780 2901 2834 δὲ
2926 2780 3090 2834 αὐτὸν
3127 2782 3369 2850 λέγεται,
3399 2783 3477 2847 ὡς
3500 2785 3659 2855 τάχιο

2086 2891 2188 2929 στα
2212 2874 2445 2929 ἐπύθετο
2473 2875 2726 2940 ἐπιόντας
2755 2878 2804 2930 oi
2850 2876 2979 2939 τοὺς
3014 2878 3333 2949 πολεμίους,
3370 2878 3558 2935 λαϐεῖν
3598 2898 3659 2933 τε

2083 2967 2472 3039 ἐπιλεξάμενον
2505 2970 2707 3038 ἄνδρας
2742 2969 2801 3031 ἐς
2832 2968 3192 3033 ὀκτακοσίους
3223 2971 3328 3024 τῶν
3378 2971 3517 3041 ἀμφ’
3564 2973 3665 3026 αύ-

397 3070 616 3126 tcmpus
644 3068 783 3119 erat,
828 3069 937 3124 quo
959 3067 1056 3107 nec
1080 3067 1231 3106 arma
1250 3067 1350 3106 nec
1370 3067 1546 3121 equos
1562 3054 1788 3122 perinde
1809 3068 1971 3107 cura-

2086 3064 2165 3115 ιὸν
2201 3060 2467 3133 ἀρίστων,
2500 3062 2597 3116 καὶ
2618 3062 2810 3126 νυκτὸς
2831 3064 3173 3118 ἑπελάσαντα
3195 3064 3252 3127 ἐς
3285 3064 3346 3117 τὸ
3380 3064 3659 3134 πολεμίων

397 3154 551 3217 bant,
586 3156 843 3221 putantes
861 3162 921 3202 se
965 3144 1280 3216 planissime
1296 3145 1365 3198 ab
1383 3144 1621 3199 hostium
1641 3145 2003 3208 ineursiouiy

398 3247 507 3304 bus
519 3260 745 3303 securos
762 3252 815 3297 et
835 3251 1002 3297 tutos.
1020 3241 1133 3293 Hos
1152 3253 1250 3293 nec
1269 3238 1580 3309 opinantes,
1597 3238 1723 3293 etin
1737 3239 1978 3294 Cermia-

396 3342 457 3398 ni
486 3340 709 3412 regione
735 3337 789 3392 in
822 3334 1093 3390 luxuriam
1120 3331 1348 3396 ell‘usos,
1375 3334 1593 3403 altaque
1617 3334 1801 3402 quiete
1833 3333 1980 3403 sopi—

397 3446 507 3503 tos,
543 3432 891 3497 Sulaimanes
925 3429 1160 3497 stipatus
1202 3426 1532 3507 octingentis
1589 3426 1856 3481 militibus
1887 3427 1979 3482 de-

398 3528 562 3585 lectis
585 3526 871 3581 adoritur:
899 3524 1213 3593 caidemque
1243 3520 1561 3581 maximam.
1613 3520 1844 3589 impigre
1882 3519 1978 3574 ob-

396 3620 518 3676 vios
540 3621 855 3677 mactando,
892 3616 1129 3669 hostium
1168 3612 1316 3668 fecit.
1356 3612 1509 3667 Multi
1534 3615 1586 3667 iu
1618 3610 1817 3667 flumen
1855 3612 1977 3680 luga

399 3725 747 3782 praprupera
809 3708 1012 3772 delati,
1066 3706 1215 3760 dubii
1268 3720 1504 3776 quonam
1569 3720 1629 3759 se
1682 3713 1977 3766 verterent,

400 3804 476 3861 ibi
509 3804 653 3857 inter
717 3799 1010 3854 cunctandi
1078 3811 1262 3852 moras
1321 3796 1720 3869 occubuerunt.
1764 3795 1821 3849 In
1874 3795 1979 3849 huc

398 3895 597 3970 prtelio
620 3892 964 3947 desideratus
1000 3898 1079 3943 est
1116 3887 1407 3959 ngleses:
1442 3888 1606 3941 etiam
1655 3886 1843 3942 Crales
1883 3902 1977 3938 ore

398 3989 554 4045 risus
571 3994 677 4042 est.
697 3982 767 4040 Ut
782 3994 960 4038 autem
982 3981 1074 4037 hic
1087 3981 1376 4046 interierit,
1391 3979 1809 4051 ignoratur.16
1826 3978 1981 4034 Hunc

400 4079 523 4149 eius
557 4074 847 4148 propinqui
879 4077 968 4146 qui
1006 4090 1128 4129 eum
1160 4073 1426 4143 sanguine
1448 4073 1859 4143 comingebant,
1883 4071 1981 4125 ali-

403 4173 650 4245 quandiu
682 4178 806 4241 post
835 4169 1087 4239 prmlium
1125 4167 1271 4223 istud
1304 4167 1510 4222 vixisse
1553 4168 1853 4222 credidere.
1879 4166 1982 4218 Su-

410 4264 699 4329 laimaues,
729 4261 956 4316 victoria
999 4260 1088 4314 illa
1128 4261 1327 4330 insigni
1364 4269 1419 4315 et
1440 4260 1638 4314 illustri
1670 4259 1872 4324 clarus,
1905 4258 1982 4312 fa-

400 4357 508 4413 cile
538 4358 755 4411 tandcm
793 4355 954 4410 etiam
987 4352 1329 4423 oppidulum,
1362 4354 1507 4422 quod
1536 4352 1848 4415 obsederat,
1880 4366 1983 4405 suo

2086 3154 2451 3224 στρατόπεδον
2479 3154 3018 3227 καταδῃούμενον,ὠς
3041 3156 3141 3227 ἠδη
3162 3157 3195 3219 ή
3223 3154 3339 3225 ἠὼς
3366 3155 3657 3225 ὑπέφαινε,

2084 3247 2179 3300 καὶ
2204 3244 2328 3300 οὔτε
2360 3246 2609 3314 φυλακὰς
2635 3246 2859 3318 ἔχοντας
2893 3247 3021 3311 τοὺς
3053 3248 3348 3319 πολεμίους
3379 3248 3529 3320 ἑώρα
3554 3250 3656 3303 αύ-

2084 3338 2212 3404 τούς
2237 3357 2294 3393 τε
2325 3341 2394 3394 τὰ
2420 3340 2591 3395 πολλά
2618 3342 2770 3410 παρὰ
2793 3341 3066 3411 Ταίναρον
3103 3342 3349 3412 ποταμὸν
3370 3381 3385 3407 ,
3425 3342 3485 3403 ὃς
3511 3342 3656 3414 ὕδωρ

2085 3433 2373 3488 κάλλιστόν
2407 3450 2470 3486 τε
2528 3434 2831 3505 παρέχεται
2886 3439 3052 3501 πιεῖν,
3107 3437 3199 3489 καὶ
3262 3436 3654 3505 ὑγιεινότατον.

2086 3523 2280 3596 θέρους
2314 3527 2372 3580 δὲ
2411 3522 2481 3599 ἦν
2515 3526 2964 3598 ὥρα,ηόλιγώρως
3004 3545 3064 3582 τε
3088 3529 3199 3607 Ιιεῶν
3242 3528 3422 3583 ὃπλων
3474 3531 3659 3598 σφίσιν

2085 3619 2274 3681 αὐτοῖς
2298 3619 2398 3672 καὶ
2424 3618 2532 3671 τῶν
2566 3617 2750 3672 ἵππων
2777 3618 3022 3689 ἔχοντας.
3060 3612 3150 3671 οἶα
3188 3618 3314 3681 τοὺς
3357 3618 3657 3687 πολεμίους

2085 3711 2144 3763 ὲν
2174 3711 2349 3765 οὐδενὶ
2392 3710 2539 3779 λόγῳ
2568 3710 2948 3780 ποιουμένους,
2980 3710 3075 3763 ἐπὶ
3107 3710 3392 3780 ῥᾳστώνην
3418 3727 3658 3780 τετραμ-

2090 3802 2303 3871 μένους,
2329 3801 2470 3855 κατά
2498 3802 2808 3873 Κιρμιανδν
2830 3801 3008 3871 χῶρον
3030 3804 3382 3855 ὲπεισπεσεῖν
3412 3819 3471 3854 τε
3502 3803 3658 3871 ἄφνω

2089 3894 2188 3947 σὺν
2224 3895 2337 3956 τοῖς
2367 3892 2731 3957 ὀκτακοσίοις,
2768 3894 2858 3946 καὶ
2900 3891 3209 3964 διαφθεῖραι
3246 3895 3540 3963 σύμπαντα
3565 3897 3657 3948 τὸν

2090 3987 2321 4057 στρατὸν
2352 3985 2663 4048 κτείνοντας
2693 3986 3090 4054 ἀφειδέσταταο
3135 3986 3276 4041 ὥστε
3310 3988 3435 4050 τοὺς
3470 3988 3659 4041 πλείο-

2088 4094 2185 4141 νας
2212 4077 2393 4132 αὐτῶν
2422 4080 2610 4132 πεσεῖν
2651 4079 2706 4142 ἐς
2730 4078 2822 4132 τὸν
2847 4078 3113 4149 ποταμὸν,
3150 4078 3244 4133 καὶ
3264 4081 3323 4132 ὲν
3349 4079 3554 4151 ἀπορίᾳ
3584 4077 3661 4133 εί-

2088 4188 2182 4241 χον
2208 4171 2332 4225 ὅποι
2387 4169 2698 4241 τρέπωνται
2728 4171 3035 4241 γενόμενοι,
3066 4173 3162 4226 καὶ
3214 4172 3392 4244 ταύτῃ
3422 4173 3657 4242 ὃιαιρθα⁴

2092 4262 2254 4333 ρῆναι
2279 4279 2294 4293 θ
2332 4262 2460 4317 ἔνθα
2484 4264 2517 4319 ,ὃ
2569 4281 2628 4317 τε
2661 4262 2981 4334 Ούγγλεσης
3012 4264 3283 4330 ἀπώλετο,
3328 4267 3425 4321 καὶ
3456 4270 3485 4320 ὀ
3509 4267 3662 4336 Κρά-

2089 4352 2209 4423 λης,
2244 4356 2271 4407 ὀ
2294 4356 2521 4425 ἁδελφὸς
2544 4355 2710 4410 αὑτοῦ
2753 4357 2813 4411 ὲν
2839 4357 3012 4430 ταύτῃ
3041 4360 3107 4430 τῇ
3148 4360 3322 4432 μάχῃ.
3345 4360 3493 4431 Ὅτῳ
3521 4359 3566 4412 δ’
3594 4358 3663 4412 ἂν

402 4446 635 4515 imperio
661 4445 871 4521 adjicit.
902 4444 1189 4498 Exercitus
1211 4459 1431 4512 quoque
1459 4440 1757 4505 Orcstiadi,
1818 4457 1980 4511 quam

2087 4445 2275 4515 τρόπῳ
2303 4445 2596 4517 διεφθάρη,
2629 4449 2728 4502 οὐκ
2758 4449 2876 4520 ᾔδει
2908 4449 3107 4513 οὐδεὶς,
3137 4449 3277 4504 ὥστε
3306 4452 3515 4505 οἴεσθαι
3535 4450 3660 4510 τοὺς

405 4536 858 4604 Hadrianopolim
894 4534 1187 4603 appellant.
1226 4532 1487 4587 admovit.
1531 4533 1900 4587 Circumsedit
1931 4544 1988 4588 et

404 4629 773 4685 Peridmetum
798 4625 1014 4681 infestis
1053 4625 1410 4688 exercitibus,
1432 4638 1831 4694 aggressusque
1860 4642 1983 4680 mu-

401 4738 550 4783 rum.
582 4720 777 4791 emptis
813 4733 920 4773 nou
961 4716 1317 4772 succedebat.
1339 4715 1474 4771 Cum
1491 4726 1672 4770 autem
1705 4716 1777 4771 ibi
1812 4717 1987 4773 haere-

399 4825 488 4873 ret
524 4817 772 4870 intentus
826 4810 1107 4867 obsidioni
1172 4809 1327 4864 urbis
1381 4808 1749 4873 Sulaimanes,
1802 4808 1984 4863 ferunt

404 4910 808 4965 adolescentem
835 4890 1127 4975 quemdam
1179 4903 1320 4955 clam
1374 4900 1595 4956 solitum
1632 4900 1816 4971 egredi
1851 4902 1983 4955 urbe

402 5019 500 5074 per
526 5002 717 5056 rimam
749 4999 1040 5068 quamdam
1065 4996 1231 5063 muri,
1254 4994 1321 5049 ad
1342 4993 1723 5049 demetendum
1743 4994 1983 5049 frumcn-

405 5105 543 5159 tum,
575 5093 773 5149 deinde
805 5091 1079 5146 frumento
1102 5098 1352 5155 onustus,
1388 5102 1484 5158 per
1518 5087 1771 5143 eumdem
1801 5088 1979 5141 locum

406 5187 462 5241 in
496 5186 681 5240 urbem
709 5184 1005 5239 remeabat.
1052 5180 1303 5250 Cumque
1330 5170 1440 5236 hoc
1476 5180 1786 5251 frequenter
1841 5182 1983 5237 face-

406 5289 511 5343 ret.
544 5278 760 5333 tandem
797 5277 948 5333 visus
973 5287 1057 5332 est
1088 5291 1116 5330 a
1159 5276 1333 5330 milite
1392 5275 1628 5345 quodam
1664 5274 1865 5338 Turco,
1904 5276 1978 5330 ibi

407 5371 675 5443 stipendia
713 5371 964 5425 faciente.
1018 5367 1235 5425 Turcus
1296 5376 1479 5423 autem
1515 5367 1978 5433 animadvertens,

2091 4538 2474 4606 προσήκοντας
2528 4540 2675 4608 αὺτῷ
2725 4544 3000 4612 περιεῖναι
3046 4542 3130 4596 ἔτι
3161 4543 3326 4596 αὐτὸν
3374 4542 3467 4595 ἐπὶ
3491 4540 3659 4592 πολύν

2088 4645 2213 4681 τινα
2246 4628 2460 4699 χρόνον.
2505 4630 2597 4695 Ὠς
2626 4627 2721 4686 οὗν
2771 4633 2978 4703 ταύτην
3016 4636 3119 4705 τὴν
3157 4636 3314 4704 νίκην
3335 4632 3528 4700 εὐκλεῆ
3568 4631 3662 4685 καὶ

2087 4725 2366 4792 περιφανῆ
2418 4724 2661 4779 ἀνείλετο
2690 4726 3096 4798 Σουλαιμάνης,
3156 4730 3216 4783 τό
3244 4746 3303 4783 τε
3365 4728 3607 4797 πόλισμα
3636 4728 3664 4781 ὅ

2088 4814 2401 4886 ἐπολιόρκει
2450 4817 2718 4886 πρότερον
2764 4822 3171 4889 παρεστήσατο,
3212 4821 3306 4873 καὶ
3342 4821 3661 4891 Ὀρεστιάδα

2088 4908 2189 4974 τὴν
2224 4907 2663 4978 Ἀδριανούπολιν
2691 4909 3033 4980 καλουμένην
3065 4910 3306 4964 ἐλαύνων
3332 4911 3661 4983 ἐπολιόρκει.

2093 5000 2294 5070 Ἔτυχε
2320 5001 2377 5055 δὲ
2413 5003 2515 5071 τήν
2547 5020 2605 5055 τε
2636 5002 2735 5074 τὴν
2764 5003 2920 5057 πόλιν
2952 5004 3293 5074 Περιδμητὸν
3333 5004 3664 5074 πολιορκῶν,

2088 5093 2183 5145 καὶ
2222 5093 2545 5163 προϐάλλων
2578 5096 2657 5162 τῷ
2685 5096 2855 5167 τείχει
2879 5098 3028 5167 θαμά
3052 5097 3153 5149 οὐκ
3181 5096 3345 5153 ἀνίει.
3383 5097 3473 5151 Ἐν
3490 5098 3664 5168 τούτῳ

2087 5185 2143 5237 δὲ
2166 5186 2320 5250 ὄντος
2356 5189 2768 5256 Σουλαιμάνεω.
2803 5193 2989 5261 τυχεῖν
3019 5191 3243 5245 νεανίαν
3283 5190 3503 5259 λέγουσι
3557 5193 3665 5245 τῶν

2089 5280 2146 5330 ὲν
2172 5282 2238 5349 τῇ
2268 5281 2441 5346 πόλει,
2478 5282 2620 5336 κατά
2654 5284 2797 5352 ὀπήν
2833 5301 2949 5336 τινα
2976 5285 3086 5338 ἀπὸ
3108 5285 3203 5354 τῆς
3233 5284 3439 5347 πόλεως
3467 5286 3664 5353 φέρου-

2091 5388 2194 5424 σαν
2221 5372 2346 5439 ἔξω,
2372 5375 2544 5447 λάθρα
2576 5395 2633 5431 τε
2663 5377 2875 5445 ἐξιόντα
2929 5378 3124 5443 νυκτὸς
3163 5377 3394 5453 ἀμῶντα
3434 5376 3640 5447 πυροὺς

1701 5482 1949 5545 Nomio)
1982 5485 2387 5563 marginales.

481 5589 595 5664 (18)
623 5587 707 5643 ΑΙ.
737 5584 1145 5655 Iladrianopoli.

511 5747 553 5777 ‘1
588 5744 777 5799 πίνων.
808 5742 943 5797 ’Λτδ
970 5742 1132 5795 πίλων
1165 5740 1336 5806 αἰγῶν
1359 5738 1431 5796 R.
