4016 6216
538 295 601 358 Π
1630 296 1944 359 LAONICI
1988 300 2652 365 CHAI.COCONDYLIE
3685 306 3754 371 48

540 413 706 469 citum
742 418 931 466 contra
990 410 1279 479 Dragasem
1320 410 1472 466 Zarci
1528 411 1727 467 ducent
1766 418 1954 474 movit.
2011 432 2086 469 rc-

2200 417 2353 471 Μετὰ
2379 421 2548 471 ταῦτα
2584 419 2853 487 Πόγδανον
2874 420 2965 472 τὸν
2998 420 3164 491 ταύτῃ
3199 421 3437 490 ἡγεμόνα
3473 420 3754 489 ὕπαγόμε·

538 511 864 579 giouemque
886 507 1039 575 juxta
1101 506 1299 559 flumen
1348 509 1543 561 Axium
1605 509 1836 570 domttit,
1882 511 2095 579 sibique

537 603 877 659 tributariam
923 601 1159 670 bellique
1203 601 1408 653 sociam
1445 594 1647 656 eﬂecit.
1710 601 1909 653 Ducem
1955 618 2093 669 quo-

536 698 715 767 queiu
737 702 1055 765 potestatem
1084 693 1314 763 aceepit,
1358 708 1521 761 quem
1574 694 1679 747 sub
1728 709 1786 746 se
1821 695 2092 762 stipendia

534 795 713 845 facere
740 789 928 859 jussit,
948 786 1189 856 equitum
1217 786 1503 855 impetrata
1535 800 1697 839 mauu
1727 802 1830 839 nou
1854 786 2090 840 modica.

536 883 628 938 llis
658 883 914 953 prazclare
936 881 1124 949 gestis.
1171 880 1333 933 etiam
1374 880 1687 947 Pogdanum
1736 896 1801 934 eo
1853 880 1956 935 loci
2016 894 2094 935 re-

534 986 789 1045 gnantem
841 974 1171 1028 debellavit:
1230 989 1389 1042 quem
1442 974 1545 1025 sub
1594 988 1653 1026 se
1706 988 1916 1027 merere
1966 989 2090 1026 cum

529 1070 796 1130 exercitu,
822 1083 979 1136 quem
1018 1066 1306 1127 habuerat,
1350 1065 1539 1118 voluit.
1569 1064 1861 1119 Auturates
1909 1077 2090 1118 autem

530 1177 627 1230 per
655 1159 835 1214 omnia
871 1159 1114 1212 imitatus
1143 1158 1454 1228 aequitatem
1495 1156 1618 1227 Cyri
1645 1154 1936 1227 Cambysis
1973 1156 2088 1219 filii,

532 1254 768 1309 maxima
818 1252 1081 1307 modestia
1126 1262 1181 1306 et
1239 1250 1566 1305 liberalitate
1613 1248 1883 1302 tractabat
1923 1248 2091 1303 duces

527 1344 923 1407 Triballorutn,
964 1348 1020 1397 et
1062 1342 1356 1413 Mysiorum
1391 1341 1835 1408 Grmcorubrque,
1880 1340 1971 1409 qui
2032 1340 2089 1394 in

528 1451 683 1491 suam
720 1441 1040 1505 potestatein
1084 1438 1495 1485 concesserant.
1543 1430 1678 1484 Cum
1718 1439 1960 1483 moratus
2004 1444 2092 1484 es-

526 1539 612 1582 set
635 1528 1062 1597 longolempore
1089 1526 1141 1578 in
1192 1523 1407 1592 EurOpa
1446 1522 1586 1577 bello
1621 1523 1903 1587 astrictus,
1949 1536 2092 1575 nun-

532 1624 720 1680 tiatur,
752 1618 963 1672 suosin
1013 1617 1142 1671 Asia
1197 1615 1484 1686 praefectos
1535 1614 1916 1684 conjuratioue
1951 1614 2088 1669 facta

527 1714 764 1767 Asianos
786 1711 1087 1765 sollicitare
1122 1709 1189 1764 ad
1250 1708 1640 1772 defectionem,
1690 1708 2089 1779 pluritnamque

2196 525 2305 577 νον,
2336 510 2475 563 ὥστε
2496 511 2791 563 οίσὲπεσθαι
2820 513 2915 565 σὺν
2941 515 3004 582 τῇ
3036 512 3199 566 αὐτοῦ
3246 513 3496 582 στρατιᾷ,
3550 513 3757 580 μεγάλα

2196 603 2513 669 ἀπεδείξατο
2562 606 2721 671 ἔργα.
2768 605 3068 656 ἐπιείκειαν
3106 606 3203 673 μὲν
3256 604 3393 655 κατὰ
3443 604 3538 672 τὴν
3578 606 3757 674 Κύρου

2194 692 2286 744 τοῦ
2321 694 2630 761 Καμϐύσεω
2652 693 3112 760 ἐπιδεικνύμενος,
3158 694 3249 746 καὶ
3282 695 3355 754 ὼς
3415 694 3759 763 μετριώτατα

2195 800 2253 835 τε
2287 786 2381 835 καὶ
2412 785 2839 852 ἐλευθεριώτατα
2867 787 3308 854 προσφερόμενος
3336 788 3445 845 τοῖς
3478 785 3567 835 ὑπ’
3594 784 3754 837 nec».

2195 874 2526 942 γενομένοις,
2561 877 2793 944 ἡγεμόσι
2826 874 3160 943 Τριϐαλλῶν,
3208 876 3299 928 καὶ
3324 874 3546 939 Μυσῶν,
3580 875 3670 925 καὶ
3694 874 3756 944 δὴ

2207 966 2492 1034 Ἑλλήνων.
2532 968 2686 1019 Κατᾶ
2723 967 2821 1035 μὲν
2848 964 2943 1020 οὖν
2972 968 3069 1037 τὴν
3106 968 3367 1037 Ιίὶύρώρην
3417 967 3757 1035 διατρίϐοντα

2197 1059 2387 1127 συχνόν
2414 1076 2532 1111 τινα
2566 1061 2772 1128 χρόνον.
2805 1062 2899 1113 καὶ
2932 1060 3065 1130 πρὸς
3107 1060 3327 1122 τούτους
3379 1058 3459 1111 ἔτι
3517 1059 3759 1111 διαπολεο

2197 1152 2419 1220 μοῦντα,
2452 1154 2676 1220 ἀφίκετο
2698 1154 2947 1219 ἀγγελία,
2979 1154 3104 1213 τοὺς
3134 1154 3190 1204 ἐν
3219 1157 3285 1223 τῇ
3337 1153 3489 1223 Ἀσία
3544 1151 3755 1221 βπρϐἀ-

2198 1262 2305 1313 ρων
2332 1246 2605 1313 ἡγεμόνας
2635 1246 2879 1315 ἀλλήλοις
2937 1246 3315 1313 συνθεμένους,
3340 1246 3647 1309 ἀποστῆσαί
3697 1261 3757 1296 τε

2193 1338 2302 1390 ἀπὸ
2334 1340 2682 1407 Ἀμουράτεω
2714 1338 2896 1407 χώραν
2923 1338 3021 1391 οὐχ
3049 1338 3236 1407 ὀλίγην
3266 1336 3454 1398 αὑτοῦ,
3517 1338 3610 1389 καὶ⁸
3661 1337 3757 1389 αύ-

2192 1428 2317 1489 τοὺς
2350 1428 2605 1501 στρατιὰν
2640 1428 2993 1493 συλλέξαντας
3022 1431 3154 1498 ὅσην
3184 1426 3448 1499 ἠδύναντο
3504 1427 3756 1496 μάλιστα,

2191 1520 2423 1589 ταράξαι
2451 1538 2510 1573 τε
2540 1522 2607 1573 τὰ
2636 1522 2693 1573 ὲν
2734 1524 2802 1591 τῇ
2863 1521 3019 1590 Ἀσίᾳ
3076 1522 3383 1589 πράγματα
3429 1518 3614 1579 αὑτοῦ,
3665 1520 3758 1570 καὶ

2192 1611 2374 1683 χώρας
2396 1614 2492 1681 τῆς
2520 1612 2714 1666 ἑαυτοῦ
2748 1615 2816 1666 τὰ
2846 1612 2944 1683 μὲν
2974 1612 3538 1681 καταστρεψαμένους,
3582 1611 3648 1663 τὰ
3702 1610 3757 1663 δὲ

2190 1708 2282 1759 καὶ
2309 1705 2727 1777 πολιορκοῦντας
2763 1706 2862 1759 οὐχ
2883 1707 3109 1759 ἀνιέναι.
3153 1705 3304 1758 Ἐπεί
3333 1722 3391 1756 τε
3423 1706 3484 1773 δὴ
3528 1705 3755 1774 τάχιστα

525 1806 800 1876 regionem
830 1804 940 1873 jam
992 1802 1061 1857 ab
1089 1804 1353 1856 Amurate
1391 1801 1654 1856 avertisse
1679 1841 1693 1865 ,
1735 1799 2086 1869 conscriptis-

2191 1774 2668 1863 éndﬂsro,‘6ta6i;
2693 1798 2800 1852 ἵετο
2834 1799 2923 1852 ἐπὶ
2952 1801 3076 1862 τοὺς
3122 1799 3392 1869 ἡγεμόνας
3449 1815 3760 1869 παρασκευα-

527 1916 635 1968 que
657 1897 1012 1960 exercitibus,
1050 1896 1197 1950 Asize
1253 1901 1455 1951 statum
1484 1909 1648 1963 quam
1676 1894 1913 1948 maxime
1962 1909 2095 1948 con-

524 1993 770 2056 tui-bare,
800 1990 996 2059 oppida
1028 1989 1275 2055 quaedam
1328 1989 1633 2057 cupientes,
1683 1992 1928 2058 quautam
1962 2004 2093 2044 vero

522 2091 902 2153 oppugnantes
928 2096 1034 2135 non
1054 2090 1297 2135 cessare.
1319 2079 1740 2147 Quamprimum
1773 2080 1887 2134 liae
1942 2091 2092 2135 certo

527 2179 757 2248 accepit,
794 2176 1086 2230 transitum
1122 2174 1233 2243 20
1280 2173 1334 2227 iu
1364 2173 1550 2227 Asiam
1602 2180 1759 2243 parat
1784 2213 1799 2236 ,
1854 2187 2091 2242 suosque

524 2278 598 2329 ita
630 2273 877 2335 instruit,
908 2280 963 2323 ut
996 2271 1181 2323 hostes
1209 2283 1373 2337 quam
1423 2266 1807 2338 potentissime
1863 2276 2093 2321 contun-

527 2364 657 2416 dere
688 2370 742 2415 et
778 2359 1065 2430 profligare
1096 2365 1303 2425 posset.
1335 2354 1472 2409 Cum
1510 2355 1611 2410 bos
1637 2354 2093 2425 deprehendisset

523 2455 580 2510 in
609 2454 776 2523 Mysia
810 2460 990 2506 castra
1048 2449 1370 2511 collocasse,
1429 2448 1601 2517 copiis
1655 2448 1708 2500 in
1751 2449 1922 2502 aciem
1967 2449 2094 2502 edu-

523 2547 650 2610 ctis,
671 2545 780 2599 tale
810 2541 1159 2613 excogitavit,
1187 2547 1245 2594 ut
1272 2539 1365 2609 qui
1410 2548 1555 2595 esset
1599 2554 1811 2595 summa
1868 2541 1946 2594 rei
1991 2543 2093 2595 ml-

523 2638 702 2695 iitaris
734 2636 963 2692 scientia
999 2632 1281 2703 praeditus,
1306 2641 1661 2701 stratagema.
1687 2631 1900 2687 Dicitur
1919 2634 2091 2701 enim,

522 2748 649 2787 cum
678 2730 886 2785 aestatis
915 2737 1062 2783 esset
1112 2733 1326 2795 tempus
1383 2722 1838 2788 fervidissimum,
1892 2725 2092 2781 etesias

525 2832 720 2877 ventos
754 2822 823 2875 ab
885 2818 1176 2874 occidente
1238 2815 1466 2885 spirare.
1499 2814 1573 2870 ibi
1633 2824 1817 2870 autem
1866 2830 2089 2872 suorum

521 2895 847 2971 ordinesita
884 2910 1181 2980 disposuit,
1221 2917 1279 2962 ut
1311 2917 1529 2962 ventum
1562 2923 1591 2961 a
1628 2915 1778 2978 tergo
1825 2907 2091 2961 baberent

518 3007 858 3079 pi-aeliantes.
925 3002 1060 3058 lline
1112 3003 1364 3073 princeps
1426 3000 1670 3070 praelium
1732 3001 1935 3065 inibat,
1994 2999 2087 3054 ubi

2191 1891 2461 1960 ασάμινος
2482 1891 2549 1954 ⁸⁸,
2581 1892 2676 1945 καὶ
2707 1894 2764 1956 ἐς
2790 1892 2858 1945 τὰ
2886 1892 3086 1961 ἔσχατα
3113 1892 3529 1961 πειρασόμενος,
3643 1890 3755 1940 ἐδύ-

2192 1998 2320 2036 νατο
2339 1984 2607 2054 κράτιστα
2627 1983 2701 2046 ὡς
2726 1985 2994 2054 διαμαχού
3004 2002 3182 2054 μενος.
3236 1982 3421 2053 Εὑρὼν
3448 1983 3502 2035 δὲ
3532 1982 3755 2042 τούτους

2193 2078 2251 2130 ἐν
2286 2076 2465 2147 Μυσίᾳ
2524 2079 3133 2148 στρατοπεδευομένους,
3170 2076 3511 2147 παρετάξατο
3550 2078 3604 2133 ἐς
3661 2075 3761 2143 μά-

2192 2188 2313 2240 χην.
2347 2164 2450 2223 Οἷα
2483 2170 2537 2223 δὲ
2572 2172 2752 2241 μάχης
2780 2172 3029 2241 ἐμπείρῳ
3060 2170 3299 2239 πολλαχῆ
3322 2168 3598 2238 γενομένῳ
3627 2169 3758 2234 ἐμε-

2197 2265 2476 2335 μηχάνητο
2493 2266 2711 2319 τοιόνδε.
2740 2266 2973 2332 Λέγεται
3015 2264 3122 2332 γὰρ
3162 2263 3235 2324 ὠς
3270 2264 3389 2314 ἐπεὶ
3449 2261 3637 2328 θέρους
3691 2255 3758 2329 ἦν

2191 2358 2332 2427 ὥρα,
2366 2360 2456 2410 καὶ
2478 2358 2743 2427 ἠπίστατο
2774 2356 3115 2425 μεσημϐρίας
3152 2356 3589 2427 ἐπιγιγνομένης,
3635 2356 3753 2406 ἐπι-

2194 2451 2447 2503 πνεύσειν
2472 2451 2695 2518 ὲτησίαν
2751 2450 2948 2516 ἄνεμον
2985 2448 3095 2501 ἀπὸ
3150 2448 3402 2516 ἑσπέρας.
3446 2446 3629 2515 Ταύτῃ
3699 2445 3756 2496 δὲ

2194 2541 2524 2610 παρεγγυῶν
2553 2544 2614 2611 τῇ
2646 2542 2897 2611 στρατιᾷ,
2928 2540 2987 2592 τὸ
3021 2542 3181 2610 μέρος
3211 2543 3383 2592 ἐκεῖνο
3414 2541 3552 2591 κατὰ
3584 2539 3754 2591 νώτου

2192 2635 2396 2695 λαϐεῖν.
2426 2636 2483 2698 ἐς
2518 2637 2698 2704 μάχην
2726 2652 2784 2687 τε
2810 2634 3102 2687 καθίστατο
3137 2636 3256 2704 περὶ
3296 2634 3601 2703 πλήθουσαν
3630 2635 3757 2699 ἀγοο

2194 2730 2314 2798 ρὰν,
2344 2729 2437 2782 καὶ
2470 2729 2750 2797 συμμίξας
2780 2730 2892 2789 τοῖς
2921 2726 3221 2796 πολεμίοις,
3247 2728 3480 2797 ἐμάχετο
3499 2728 3753 2796 ἰσχυρῶς.

2192 2823 2389 2891 Μάχης
2411 2821 2467 2873 δὲ
2503 2822 2705 2891 ἀμφοῖν
2767 2822 3055 2892 ἰσορρόπου
3120 2822 3435 2889 γενομένης,
3472 2821 3563 2872 ἐπὶ
3597 2819 3757 2886 λόεον

2189 2915 2312 2985 τινὰ
2346 2913 2509 2965 αὑτοῦ
2538 2930 2637 2966 που
2664 2912 3178 2981 λέγεταιάναϐἧναι,
3210 2916 3304 2965 καὶ
3333 2912 3578 2980 φωνῆσαι
3612 2912 3757 2983 μέγα

2190 3010 2301 3069 τοῖς
2335 3005 2530 3059 ἑαυτοῦ
2559 3005 2683 3058 τάδε
2712 3021 2726 3035 ·
2761 3004 2951 3066 Παῖδες
3004 3007 3124 3074 ἐμοὶ
3155 3004 3499 3075 στρατιῶται,
3546 3006 3748 3074 μέμνη-

523 3103 764 3157 hostium
797 3099 947 3153 acies
967 3106 1087 3151 erat
1118 3094 1553 3158 confertissima,
1589 3094 1827 3157 irruens,
1846 3102 1899 3149 et
1922 3109 2084 3163 quam

2195 3100 2286 3152 σθε
2315 3099 2472 3168 ἡμῶν
2502 3098 2680 3151 αὐτῶν
2709 3097 2809 3151 ὅσα
2838 3098 3187 3150 ἐπεπόνθει-τε
3214 3099 3271 3149 ὲν
3303 3100 3366 3168 τῇ
3395 3097 3626 3167 Εὐρώπῃ
3666 3113 3756 3148 το-

522 3193 823 3249 fortissime
873 3204 1145 3260 pugnans.
1199 3188 1335 3243 (lum
1390 3196 1571 3241 autem
1608 3186 1851 3255 prmlium
1914 3185 2085 3239 utriu-

519 3305 626 3359 que
649 3301 804 3355 aequo
833 3283 1001 3337 Marte
1052 3280 1306 3346 ferveret,
1338 3280 1453 3350 ipse
1484 3279 1537 3333 in
1566 3277 1851 3335 editiorem
1902 3287 2085 3332 tumu-

522 3385 634 3437 lum
666 3378 1066 3443 conscendens,
1096 3389 1228 3430 voce
1255 3389 1418 3444 quam
1450 3372 1627 3441 potuit
1672 3371 1907 3425 maxima
1951 3385 2082 3425 suos

518 3477 574 3529 in
640 3476 787 3528 hunc
832 3470 1055 3526 modum
1134 3467 1406 3522 allocutus
1439 3474 1524 3520 est
1554 3482 1567 3518 :
1602 3463 1645 3519 Ο
1683 3464 2084 3519 commilitones

521 3566 652 3631 inci,
690 3565 785 3618 filii
820 3560 1190 3624 dilectissimi,
1231 3574 1338 3615 non
1393 3556 1542 3612 subit
1592 3556 1826 3621 animos,
1876 3564 2082 3624 quanta

520 3658 760 3730 pericula
786 3658 838 3712 in
866 3655 1080 3725 Europa
1114 3654 1410 3709 multorum
1455 3665 1720 3707 annorum
1783 3649 2079 3706 durissima

519 3751 713 3805 militia
746 3749 989 3819 perpessi
1050 3745 1218 3802 sitis?
1276 3744 1416 3810 Quid
1478 3742 1713 3799 ceditis?
1752 3758 1821 3797 an
1862 3741 2082 3797 nescitis

519 3842 703 3897 omnia
742 3843 795 3894 in
850 3851 1028 3895 vestra
1086 3838 1204 3892 fore
1261 3844 1564 3906 potestate,
1611 3835 1718 3889 illis
1773 3835 2083 3905 superatis?

511 3927 675 4005 'Agite
700 3931 883 4002 igitur,
906 3930 1167 3999 promptis
1197 3928 1396 3982 animis
1423 3942 1509 3981 me
1542 3927 1867 3994 sequamini.
1922 3924 2078 3990 Quod

476 4003 486 4010 O
516 4003 823 4083 sicunctati
849 4022 1084 4085 lueritis,
1113 4022 1296 4074 hostes
1325 4034 1428 4073 nos
1486 4019 1725 4071 vincent.
1762 4016 1883 4073 llaec
1936 4017 2082 4071 locu-

517 4127 625 4173 tus,
669 4110 889 4163 admisit
936 4123 1136 4177 equum
1182 4107 1236 4161 in
1294 4105 1529 4168 hostem,
1560 4114 1616 4158 et
1650 4105 1703 4157 in
1741 4103 2082 4159 confertissi-

518 4202 888 4260 mosbostium
932 4214 1141 4255 cuneos
1186 4213 1247 4254 se
1293 4196 1573 4267 conjecit,
1624 4196 1896 4252 acerrime
1950 4211 2079 4266 prae-

515 4298 661 4355 liatts
689 4316 706 4354 :
744 4295 1164 4363 confestimque,
1191 4298 1251 4346 ut
1305 4290 1649 4360 praedixerat,
1680 4297 1871 4345 ventus
1914 4304 2079 4344 exor-

516 4404 607 4448 tus
645 4399 751 4454 est,
793 4389 924 4445 etin
965 4386 1206 4442 hostium
1244 4382 1438 4439 faciem
1469 4397 1527 4438 se
1580 4381 1739 4437 fudit.
1775 4379 1914 4436 Hinc
1953 4397 2076 4436 cum

2193 3191 2366 3243 σαῦτα
2392 3189 2485 3258 ἔτη
2515 3191 2559 3222 ”
2587 3188 3036 3258 διαπολεμοῦντες
3070 3206 3084 3253 ;
3143 3189 3207 3240 Τί
3266 3188 3328 3257 δὴ
3388 3189 3702 3257 ύποχορεῑτε
3735 3205 3753 3255 ;

2193 3279 2308 3333 Οὐκ
2338 3279 2454 3331 ῐστε
2483 3278 2558 3342 ώς
2592 3279 2659 3330 τὰ
2685 3280 2861 3333 πάντα
2889 3279 2977 3346 ιφ*
3003 3280 3133 3347 ἡμῖν
3171 3277 3344 3337 ἐσται.
3368 3277 3569 3330 τούτων
3591 3296 3751 3348 περι-

2190 3373 2505 3443 γενομένοις
2533 3388 2547 3437 ;
2586 3373 2778 3439 Ἀγετε
2806 3371 2868 3439 δὴ
2905 3370 3028 3440 ἐμοὶ
3059 3369 3278 3435 ἔπεσθε,
3305 3369 3379 3431 ὡς
3412 3370 3478 3439 ἤν
3529 3371 3603 3440 μὴ
3659 3373 3756 3442 ἀρ-

2189 3466 2320 3527 τίως
2346 3464 2550 3533 Ermch
2577 3464 2641 3527 ⁸⁸,
2689 3464 2824 3533 ταχὺ
2865 3464 3267 3532 περιεσομένων
3319 3464 3429 3516 τῶν
3484 3464 3757 3533 πολεμίων

2189 3559 2359 3628 ἡμᾶς.
2385 3555 2569 3610 Ταῦτα
2604 3556 2825 3608 εἰπόντα
2854 3555 2941 3606 τὸν
2991 3554 3232 3623 βασιλέα,
3290 3554 3535 3607 ἐλαύνειν
3585 3557 3753 3625 ὁμόσε

2187 3650 2267 3718 τῷ
2323 3650 2473 3719 ἵππῳ
2531 3648 2624 3700 ἐπὶ
2676 3647 2800 3708 τοὺς
2854 3645 3165 3713 πολεμίους,
3195 3647 3253 3710 ἐς
3280 3646 3339 3699 τὸ
3368 3648 3534 3717 μέσον
3569 3652 3752 3717 στῖφος

2189 3736 2525 3806 ἐμϐάλλοντα
2548 3751 2561 3764 ⁸
2595 3734 2689 3788 καὶ
2709 3734 2903 3787 αὐτίκα
2932 3736 3252 3789 ἐπιπνέοντα
3290 3737 3381 3790 τὸν
3410 3739 3609 3806 ἄνεμον
3639 3742 3747 3792 ἀπὸ

2189 3828 2356 3881 νώτου
2385 3829 2449 3898 τῇ
2477 3826 2724 3896 στρατιᾷ,
2761 3825 2994 3897 ἐνοχλεῖν
3045 3829 3135 3883 ἐπὶ
3180 3830 3468 3899 πρόσωπον
3514 3834 3639 3896 τοὺς
3674 3836 3755 3887 ὲν-

2189 3920 2426 3982 αντίους.
2457 3920 2565 3971 Καὶ
2590 3917 2760 3982 οὕτως
2786 3918 2904 3987 ἅμα
2930 3919 3179 3991 ἀλλήλοις
3206 3922 3749 3993 διακελευσαμένους,

2188 4012 2281 4065 καὶ
2308 4012 2364 4071 ἐς
2394 4010 2455 4063 τὸ
2494 4011 2728 4082 πρόσθεν
2770 4011 2964 4075 ἰόντας,
2998 4014 3115 4066 ’καὶ
3174 4014 3551 4087 βιαζομένους,
3600 4017 3753 4081 τέλος

2187 4101 2251 4172 δὴ
2286 4102 2586 4172 τρέψασθαί
2617 4119 2673 4154 τε
2704 4106 2795 4156 καὶ
2819 4103 3129 4159 ἐπιδιώκειν
3164 4090 3470 4178 ἀνακρᾶτος
3516 4109 3753 4163 ἀπολύει-

2186 4212 2285 4258 τας
2313 4194 2439 4259 τοὺς
2472 4195 2785 4266 πολεμίους.
2819 4198 2927 4250 Καὶ
2963 4198 3328 4270 διαφθαρῆναι
3377 4202 3474 4270 μὲν
3536 4201 3752 4271 λέγεται

2187 4287 2255 4340 τὰ
2281 4286 2449 4340 πλείω
2477 4286 2570 4341 τοῦ
2604 4288 3010 4359 στρατεύματος
3040 4290 3205 4345 αὐτοῦ
3238 4308 3254 4323 ·
3303 4292 3662 4362 διαφυγόντας
3693 4295 3753 4347 δὲ

2186 4378 2314 4442 τοὺς
2339 4378 2650 4449 πολεμίους,
2705 4381 2947 4450 οἴχεσθαι
2999 4382 3473 4455 ἁπαλλαττόμενον
3526 4387 3752 4440 ἕκαστον

514 4492 705 4534 mutua
749 4476 1055 4533 hortatione
1088 4473 1381 4529 adversum
1448 4472 1632 4542 hostes
1698 4472 2078 4540 procederent,

2191 4471 2278 4525 ἐπὶ
2298 4474 2367 4527 τὰ
2387 4473 2603 4529 ἑαυτοῦ.
2636 4473 2903 4529 Ἐνταῦθα
2947 4476 3566 4548 διαπρεσϐευσαμένους,
3594 4496 3753 4531 σπον-

515 4573 861 4638 maximoque
909 4566 1111 4634 impetu
1134 4579 1229 4619 eos
1268 4562 1640 4625 adorirentur,
1701 4562 1938 4630 primum
1984 4576 2080 4616 eos

523 4665 575 4715 in
609 4661 789 4730 fugam
809 4659 1191 4726 conjccerunt,
1213 4663 1269 4709 et
1292 4654 1643 4723 insequentes
1668 4652 1934 4722 plurimas
1962 4662 2077 4706 tru-

2186 4566 2280 4628 δάς
2307 4583 2366 4618 τε
2390 4566 2679 4630 αἰτεῖσθαι,
2712 4572 2805 4619 καὶ
2839 4568 3111 4638 συμϐῆναι
3140 4570 3287 4640 αὐτῷ
3308 4571 3395 4639 ἐφ’
3420 4563 3463 4636 ᾧ
3521 4570 3750 4622 ἔπεσθαι

2189 4656 2410 4721 τούτους
2514 4659 2579 4709 ἂν
2600 4658 2846 4728 ἐξηγεῖτο
2872 4663 2965 4713 τοῦ
2988 4661 3173 4715 λοιποῦ
3205 4660 3653 4730 στρατευόμενον.

512 4756 786 4810 cidarunt.
824 4751 1039 4816 Fertur,
1066 4749 1359 4804 maximam
1407 4747 1683 4801 exercitus
1724 4747 1808 4801 sui
1858 4757 2069 4816 partem
2104 4748 2178 4803 ibi
2233 4750 2597 4807 intercidisse.
2638 4747 2833 4808 llo‘stes
2859 4762 3043 4807 autem
3084 4754 3207 4823 fuga
3236 4751 3340 4808 sibi
3379 4751 3751 4814 consulentes,

511 4857 711 4923 singuli
736 4857 799 4909 ad
827 4870 923 4910 sua
950 4848 1181 4920 dispersi
1211 4854 1362 4903 sunt.
1388 4844 1525 4899 Hinc
1544 4858 1670 4897 cum
1691 4842 1895 4912 legatos
1927 4842 2291 4898 misissentad
2321 4845 2659 4908 Amuratcm,
2691 4847 2916 4916 petitum
2942 4862 3156 4913 pacem,
3178 4848 3321 4904 haud
3347 4849 3495 4919 passi
3526 4858 3753 4902 suntreo

512 4953 747 5019 pulsam.
781 4948 895 5002 Hac
936 4956 1115 5001 tamen
1147 4940 1460 4999 conditione
1491 4951 1593 5007 pax
1617 4937 1741 4991 data
1767 4944 1872 4997 est,
1901 4945 1960 4990 ut
1992 4951 2072 5000 se,
2107 4950 2441 5008 quocunque
2461 4937 2740 4994 exercitus
2774 4940 3058 5003 movisset,
3106 4942 3339 5010 impigre
3363 4950 3749 5011 sequerentur.

586 5041 656 5096 Ut
726 5049 907 5091 autem
985 5051 1091 5105 pax
1152 5048 1278 5087 cum
1348 5029 1542 5083 Turcis
1596 5030 1651 5083 in
1718 5029 1845 5083 Asia
1926 5030 2071 5083 facta

511 5146 631 5196 est,
687 5135 853 5186 etiam
922 5146 1011 5183 res
1067 5127 1119 5179 in
1194 5124 1413 5192 Europa
1480 5122 1861 5177 interturbata
1925 5128 2075 5177 sunt.

513 5226 742 5289 Sanzes,
788 5234 918 5276 natu
1004 5220 1271 5273 maximus
1336 5216 1571 5269 filiorum
1646 5216 1967 5278 Amuratis,
2020 5216 2074 5268 in

517 5320 725 5384 liumpa
752 5316 1095 5375 relictusest,
1124 5320 1182 5364 ut
1215 5324 1334 5363 eam
1369 5308 1693 5363 defenderet
1727 5325 1741 5362 :
1774 5317 1830 5362 et
1865 5307 1911 5362 si
1966 5322 2073 5375 qua

514 5410 712 5463 seditio
734 5418 921 5461 coorta
955 5413 1122 5467 esset,
1188 5412 1282 5455 aut
1323 5401 1546 5470 periculi
1595 5400 1726 5469 quid
1777 5400 2073 5466 ingrueret,

515 5508 729 5554 Cttl‘lrcl
762 5509 819 5552 ut
848 5498 1075 5567 Europa:
1129 5510 1215 5550 res
1249 5497 1301 5548 in
1344 5502 1463 5547 tuto
1519 5493 1937 5547 collocarentur.
1982 5489 2079 5542 llic

2258 5022 2355 5083 ’Ἑν
2383 5022 2426 5098 ᾧ
2454 5030 2519 5098 δὴ
2543 5033 2683 5085 κατὰ
2712 5031 2813 5100 τὴν
2858 5032 3045 5085 Ἀσίαν
3073 5032 3327 5105 διέτριϐε,
3362 5035 3599 5105 περιῄει,
3656 5017 3752 5087 καὶ

2184 5122 2251 5175 τὰ
2286 5125 2344 5175 ὲν
2377 5126 2439 5191 τῇ
2471 5123 2627 5193 ’Λσέα
2651 5124 2878 5191 καθίστη
2914 5125 3236 5195 πράγματα,
3281 5127 3377 5179 καὶ
3426 5129 3537 5191 τοῖς
3584 5128 3753 5199 Τούρ-

2185 5231 2295 5266 κων
2320 5214 2554 5283 ἡγεμόσι
2586 5215 2815 5277 σπονδὰς
2841 5218 3093 5268 ἐποιεῖτο.
3122 5215 3363 5286 Σαουζῆς
3391 5219 3417 5270 ὁ
3456 5217 3751 5288 πρεσϐύτε-

2188 5323 2276 5372 ρος
2302 5305 2411 5377 τῶν
2452 5307 2658 5359 παίδων
2690 5308 2856 5359 αὑτοῦ
2883 5309 2942 5358 ἰν
2973 5311 3039 5377 τῇ
3078 5308 3317 5381 Εὐρώπῃ
3367 5307 3749 5375 καταλειφθεὶς

2186 5398 2325 5450 ὥστε
2352 5400 2550 5467 ἑφορᾷν
2578 5415 2637 5451 τε
2666 5399 2764 5469 τὴν
2804 5400 2996 5469 ἀρχὴν,
3021 5402 3111 5452 καὶ
3158 5400 3224 5469 ἦν
3255 5417 3307 5453 τι
3339 5401 3493 5471 ἐπῄει
3519 5399 3687 5452 δεινὸν
3711 5398 3748 5465 ἢ

2189 5492 2421 5562 χαλεπὸν
2454 5494 2597 5545 κατὰ
2623 5494 2721 5561 τὴν
2752 5494 2947 5565 ἀρχὴν,
2978 5496 3070 5549 ἐπὶ
3100 5495 3159 5548 τὸ
3185 5492 3371 5549 δοῦναι
3396 5490 3544 5565 αύτῷ
3572 5492 3753 5561 ἀσφα-

1778 5634 2024 5696 Νοιυῖεο
2066 5635 2467 5714 marginales.

584 5763 628 5796 ³³
671 5761 1186 5833 Παρεσκευυμέιος
1221 5757 1279 5811 ιι.
1358 5759 1400 5792 ¹⁹
1436 5757 1562 5826 Ξθνη
1591 5757 1707 5811 ποῖ’..
1822 5756 1863 5787 ³ο
1893 5756 2085 5812 ἕπεσθε

2210 5759 2333 5812 utin
2368 5757 2427 5814 C.
2458 5758 2661 5831 ἒπητθε
2701 5759 2764 5814 R.
2808 5770 2864 5814 ut
2896 5762 2951 5815 in
2977 5768 3117 5815 cont.
