4016 6216
260 352 323 471 θ’
420 470 426 471 ί
1339 376 1437 435 DE
1466 377 1720 443 REBUS
1750 385 2114 471 TURCICIS
2144 389 2288 451 LIB.
2317 389 2365 450 r.
3416 403 3484 463 5,0

263 469 353 533 λῶς
405 470 570 540 ἔχειν,
626 476 1135 546 καταστησάμενος.
1180 476 1347 548 Οὗτος
1394 488 1451 541 δὲ
1501 491 1724 563 συνίστη
1752 510 1790 550 τι

1918 496 2239 553 seditionem
2268 498 2553 564 excitavit,
2610 502 2913 559 concilians
2962 504 3272 564 Grecorum
3329 516 3486 569 nobi-

264 564 345 614 καὶ
378 565 489 624 τοὺς
528 567 669 617 κατὰ
691 567 794 635 τὴν
833 569 1101 641 Εὐρώπην
1131 575 1385 644 ἀριστέας
1434 579 1510 644 ὡς
1557 582 1809 651 ἠδύνατο,

268 654 475 721 μάλιστα
532 651 589 708 εὖ
654 660 827 711 ποιῶν
885 679 945 713 τε
1001 666 1096 718 καὶ
1149 669 1555 740 ἀνακτώμενος,
1591 678 1687 729 καὶ
1718 678 1812 732 τοῦ

273 746 513 814 Ἐλλήνων
542 748 814 817 βασιλέως
836 752 912 822 τῷ
968 758 1322 830 πρεσϐυτέρῳ
1354 764 1505 818 παιδὶ
1550 767 1814 838 ’Δνδρονί-

269 856 359 910 κῳ,
393 840 457 903 ὼς
485 842 773 912 οἰχομένου
798 845 890 899 τοῦ
917 853 1122 919 πατρὸς
1176 853 1340 908 αὐτοῦ
1388 857 1697 932 Ἀμουράτῃ
1736 862 1812 933 τῷ

271 931 527 998 Ὀρχάνεω,
566 935 620 995 ἐς
656 935 762 1003 τὴν
793 936 835 966 ³¹
872 940 1009 992 κατὰ
1027 943 1125 1013 τὴν
1168 942 1377 1013 Ἀσίαν,
1407 950 1544 1019 πρός
1590 968 1649 1003 τι
1674 931 1810 1020 ins-

278 1028 423 1095 μὸνας
449 1028 596 1082 αὑτοῦ
632 1031 913 1100 πολεμῶν,
943 1037 1339 1111 ἐγκατελείφθη
1369 1044 1426 1095 ὲν
1460 1043 1535 1114 τῷ
1606 1046 1810 1112 Βυζαν-

279 1122 383 1187 τίῳ,
414 1121 489 1172 καὶ
518 1122 895 1193 ἐπετέτραπτο
944 1126 1041 1197 τὴν
1076 1130 1352 1195 βασιλείαν
1377 1136 1572 1207 τούτῳ,
1616 1140 1809 1210 ἀφικό-

285 1229 419 1280 μενος
462 1213 509 1275 ἐς
558 1213 778 1281 λόγους,
818 1219 1003 1291 ἐπειδή
1058 1238 1117 1274 τε
1175 1224 1507 1293 ἀφίστασθαι
1556 1230 1663 1285 ἀπὸ
1696 1233 1807 1286 τῶν

281 1304 528 1373 πατρῴων,
563 1309 651 1359 καὶ
684 1309 855 1376 ἄμφω
875 1316 1165 1383 κατασχεῖν
1190 1317 1287 1388 τὴν
1322 1321 1584 1392 πατρῴαν
1609 1326 1804 1398 ἀρχὴν,

277 1400 353 1449 τόν
387 1398 529 1451 αὑτὸν
559 1401 746 1466 σξίσιν
780 1405 974 1474 ἐχθρόν
1016 1425 1077 1460 τε
1113 1412 1209 1465 καὶ
1253 1413 1404 1479 φίλον
1443 1418 1802 1487 ἡγουμένους,

278 1489 356 1538 καὶ
379 1490 435 1557 ῆν
462 1506 537 1552 τις
588 1492 720 1564 ἐπίῃ
756 1495 994 1565 πόλεμος
1046 1501 1352 1568 ἀμύνοντας
1405 1510 1802 1581 παραγίνεσθαι

276 1579 491 1650 ἀλλήλοις
520 1587 651 1637 κατὰ
688 1587 750 1639 τὸ
778 1587 1002 1646 δυνατὸν
1056 1595 1205 1669 πάσῃ
1232 1597 1485 1669 δυνάμει.
1515 1579 1701 1658 Ταῦτα
1730 1606 1803 1670 ὡς

275 1671 433 1735 αὐτοῖς
458 1675 613 1728 ἐδόκει
638 1679 893 1745 ποιητέα,
925 1682 1147 1739 ἔσπενδε
1208 1687 1267 1739 τό
1317 1706 1374 1741 τε
1403 1690 1447 1720 ³²
1494 1692 1590 1745 καὶ
1641 1694 1803 1763 ὅρκια

276 1760 540 1830 ἐποιοῦντο,
576 1768 911 1854 ὲμπεδὼντες
955 1774 1029 1837 ὡς
1062 1777 1296 1847 μάλιστα
1335 1781 1404 1834 τὰ
1430 1785 1654 1838 τοιαῦτα
1677 1760 1801 1854 σφί-

1916 590 2047 643 lium
2080 591 2131 645 in
2167 592 2383 661 Europa
2410 596 2643 650 animos.
2690 598 2826 651 Cum
2866 600 3106 655 venisset
3133 605 3483 674 colloquendi

1912 682 2088 751 gratia
2124 683 2189 736 ad
2222 684 2537 741 ercornm
2581 690 2725 758 regis
2771 690 2940 745 lilium
2972 693 3241 749 seniorem
3273 699 3483 754 Andro-

1916 774 2120 839 nicum,
2155 777 2242 833 cui
2271 775 2591 848 Byzantium
2639 782 2907 851 regnique
2937 800 3125 840 curam
3195 790 3483 846 mandarat

1912 874 2089 935 pater,
2120 882 2243 922 cum
2276 871 2723 934 proﬁcisceretur
2746 888 2873 929 cum
2905 876 3172 931 Amurate
3214 878 3268 932 in
3296 881 3481 935 Asiam

1910 960 2175 1016 adversus
2205 963 2368 1017 duces
2424 963 2583 1021 isthic
2610 967 2942 1031 seditiosos,
2979 970 3199 1025 tandem
3257 987 3326 1028 eo
3382 977 3479 1026 de-

1910 1049 2062 1105 ducti
2090 1059 2240 1115 sunt.
2266 1063 2325 1109 ut
2363 1061 2593 1123 uterque
2628 1071 2657 1109 ι
2711 1068 2865 1127 patre
2888 1058 3146 1114 deﬁceret
3198 1075 3319 1122 suo,
3386 1079 3481 1129 pa-

1909 1150 2239 1212 ternumque
2260 1160 2486 1212 regnum
2521 1154 2752 1213 teneret,
2779 1148 3143 1221 eumdemque
3173 1160 3227 1205 et
3262 1152 3475 1210 hostem

1906 1246 1961 1289 et
1987 1238 2223 1291 amicum
2249 1239 2533 1302 ducerent,
2560 1256 2720 1310 quem
2748 1242 2888 1297 alter
2930 1244 3187 1313 jussissct
3215 1263 3227 1297 :
3257 1256 3479 1315 practer-

1906 1343 1966 1383 ea
2001 1329 2049 1384 si
2102 1331 2233 1399 quid
2259 1331 2560 1400 ingrueret,
2606 1336 2749 1390 alter
2814 1337 2974 1391 alteri
3014 1339 3227 1392 auxilio
3262 1356 3479 1396 essene

1905 1431 2280 1480 cunctaretur.
2321 1425 2425 1494 21
2472 1427 2598 1481 llaec
2625 1443 2748 1483 cum
2789 1430 2919 1498 ipsis
2954 1433 3069 1485 visa
3128 1444 3334 1498 essent,
3367 1451 3479 1502 quo

1905 1512 2210 1579 majoribus
2272 1515 2473 1570 animis
2506 1515 2954 1584 observarentur,
3006 1523 3318 1591 majoreque
3366 1524 3477 1579 lide

1904 1603 2236 1669 colerentur,
2288 1606 2658 1676 jurisjurandi
2718 1611 2905 1681 religio
2942 1615 3199 1683 utrinque
3229 1618 3473 1683 interpo-

1902 1696 2006 1751 sita
2044 1706 2125 1753 est
2150 1715 2166 1753 :
2188 1699 2388 1770 quibus
2422 1704 2715 1770 expeditis,
2741 1721 2904 1773 quam
2939 1708 3380 1763 commodissime
3407 1726 3472 1763 ex

1902 1799 2095 1856 aperto
2152 1793 2602 1862 praeparabantur
2660 1796 2930 1851 obsistere
2977 1800 3247 1863 Amurati.
3313 1802 3358 1855 si
3416 1802 3469 1857 in

280 1866 355 1903 σιν
384 1854 564 1921 αὐτοῖς,
603 1852 1039 1931 ᾗάσφαλέστατα
1075 1868 1250 1926 ἐδόκει
1295 1871 1499 1941 ἀμφοῖν
1552 1851 1790 1931 ἔσεσθαι.

1901 1879 2172 1950 Europam
2208 1883 2445 1939 transire
2469 1895 2784 1941 conaretur.

290 1944 374 2051 Ἐς
401 1948 630 2051 δὴταῦτα
658 1957 1007 2025 ποιησάμενοι
1031 1958 1165 2028 δῆλα
1203 1964 1506 2039 ἐποιοῦντο,
1559 1966 1652 2020 καὶ
1703 1944 2066 2037 ἡσφαλίζοντδ
2131 1973 2271 2041 σφᾶς
2339 1977 2900 2046 παρασκευαζόμενοι,
2961 1980 3026 2048 ἣν
3074 1979 3204 2051 ἀπίῃ
3269 1983 3324 2041 ἐς
3371 1983 3473 2049 τὴν

294 2038 528 2109 Εὐρώπην
561 2043 901 2117 Ἀμουράτης,
933 2050 1008 2113 ὡς
1036 2038 1371 2121 ἀμύνασθαι.

357 2136 519 2190 Ταῦτα
544 2139 609 2201 ὡς
668 2143 910 2198 ἐπύθοντο
958 2148 1188 2217 τάχιστα
1220 2151 1487 2220 γενόμενα
1516 2155 1656 2208 κατὰ
1694 2156 1790 2227 τὴν

291 2227 546 2298 Εὐρώπην,
590 2234 803 2297 καλέσας
858 2239 1114 2312 Ἰωάννην
1175 2241 1403 2311 βασιλέα
1474 2245 1788 2317 Βυζαντίου,

278 2318 412 2385 ἔλεγε
456 2323 614 2375 τοιάδε
644 2329 907 2382 ’Βασιλεῦ
953 2330 1247 2401 Ἑλλήνων,
1303 2336 1424 2406 ἱμοί
1476 2355 1535 2391 τε
1595 2342 1791 2396 νεωστὶ

274 2412 406 2477 παρὰ
433 2412 527 2465 τῶν
550 2415 601 2466 ἐν
632 2419 689 2487 τῇ
724 2419 959 2493 Εὐρώπῃ
1007 2426 1344 2479 πιστοτάτων
1401 2428 1627 2495 ἀγγελία
1666 2430 1788 2500 ἀφί-

270 2519 397 2566 κετο,
428 2506 496 2570 ὠς
524 2510 748 2579 Σαουζῆς
784 2514 813 2565 ὁ
842 2516 971 2584 ἐμὸς
997 2520 1140 2583 παῖς,
1172 2519 1276 2579 ὑπὸ
1306 2520 1397 2573 τοῦ
1444 2522 1538 2579 σοῦ
1594 2526 1786 2590 παιδὸς

262 2598 622 2669 ἀναγκασθεὶς,
651 2608 917 2677 ἀνήκεστα
952 2628 1041 2679 μοι
1084 2611 1428 2680 βουλεύονται
1464 2620 1785 2687 πράγματα.

266 2691 377 2753 Πῶς
403 2689 485 2746 οὖν
516 2696 620 2767 ἔχει
656 2701 823 2769 μηδέν
876 2720 958 2755 τοι
1012 2705 1381 2776 ἐπισταμένου
1436 2709 1532 2764 σοῦ
1582 2711 1789 2767 τούτων

265 2785 375 2854 πέρι
403 2789 452 2850 ἐς
502 2792 742 2845 τοσοῦτον
788 2795 1082 2864 ἀφικέσθαι
1139 2799 1468 2870 ἀφροσύνης,
1508 2803 1648 2859 ὥστε
1712 2805 1789 2878 μὴ

256 2878 400 2945 μόνον
462 2881 797 2954 ἐπιχειρῆσαι
829 2886 918 2939 τὸν
940 2888 1071 2957 ἐμὸν
1130 2892 1315 2957 παῖδα,
1368 2894 1506 2947 ἀλλὰ
1551 2895 1642 2948 καὶ
1698 2899 1789 2952 σὸν

254 2971 395 3023 παῖδα
419 2976 729 3031 συνέπαινον
774 2981 1026 3047 γενέσθαι
1058 2986 1115 3047 ὲς
1141 2985 1315 3040 ταῦτα
1343 3006 1357 3053 ;
1412 2989 1533 3052 Πῶς
1557 2990 1601 3043 δ’
1660 2990 1788 3046 ἄνευ

254 3063 337 3131 σῆς
356 3066 563 3137 γνώμης
591 3069 658 3123 τὰ
691 3071 914 3126 τοιαῦτα
944 3076 1193 3140 γενέσθαι
1250 3079 1398 3148 ἐξείη
1432 3080 1738 3150 λογίζεσθαι
1771 3100 1788 3150 ;

248 3158 371 3211 Ἀλλ’
393 3162 437 3212 εί
471 3162 567 3230 μὲν
593 3164 751 3236 δίκην
771 3167 1046 3238 ἐπιθήσων
1099 3170 1178 3241 τῷ
1208 3172 1285 3244 σῷ
1312 3174 1461 3228 παιδὶ
1503 3176 1695 3246 ἥντινα
1721 3178 1789 3233 ἂν

244 3250 595 3323 ἐπιτάττοιμεν
622 3258 903 3326 μηδοτιοῦν
937 3260 1220 3334 ὑπολογιῇ,
1250 3266 1470 3336 εἵσομαι
1526 3272 1646 3327 τότε
1691 3288 1788 3326 σα-

245 3341 363 3406 φῶς,
399 3343 469 3405 ὡς
494 3346 723 3411 ἄκοντος
748 3348 843 3401 σοῦ
892 3351 1064 3405 ταῦτα
1118 3355 1369 3424 ἐγένετοο
1419 3357 1484 3427 ἢν
1536 3360 1594 3429 δὲ
1652 3363 1786 3437 ἄλλῃ

242 3430 556 3503 λογιξάμενος
576 3439 791 3493 ἀλλοῖον
821 3441 852 3508 ἡ
880 3444 1002 3513 ἐμοὶ
1035 3444 1177 3513 δόξει
1203 3450 1329 3519 περὶ
1364 3450 1459 3503 τοῦ
1489 3451 1625 3523 ἐμοῦ
1658 3430 1787 3510 παιζ

240 3530 318 3591 δὸς
343 3531 411 3603 μὴ
432 3536 807 3607 τιμησάμενος
851 3540 925 3609 μὴ
986 3540 1196 3609 βούλοιο
1250 3544 1517 3615 τίθεσθαι,
1564 3548 1675 3605 ἶσοι
1723 3551 1788 3625 δὴ

240 3625 411 3676 σαυτὸν
434 3626 490 3677 ἐν
516 3628 673 3696 αἰτία
705 3628 843 3694 ἕξων
864 3633 920 3695 ἐς
953 3629 1199 3706 ὕστερον.
1226 3637 1488 3702 Βασιλεὺς
1512 3640 1568 3695 δὲ
1601 3640 1787 3715 Ἐλλή-

237 3732 326 3766 νων
350 3718 613 3787 ἀμείϐετο
637 3722 814 3775 τοῖσδε
842 3737 857 3752 θ
888 3718 960 3776 Ὦ
987 3725 1234 3795 βασιλεῦ,
1264 3730 1364 3787 οὐκ
1412 3731 1479 3787 ἂν
1528 3734 1593 3806 δή
1652 3754 1785 3793 ποτε

234 3806 313 3859 τοῦ
335 3808 510 3864 λοιποῦ
568 3813 779 3885 ταύτην
834 3814 1023 3886 ἔμοιγε
1072 3818 1173 3892 τὴν
1226 3821 1407 3878 αἰτίαν
1456 3826 1785 3898 αἰτιώμενος

234 3901 455 3987 ἐπιθείης
484 3906 586 3959 σὺν
616 3905 739 3978 δίκῃ
775 3924 788 3937 ’
824 3909 858 3979 ἢ
894 3910 999 3982 γὰρ
1032 3912 1202 3983 κάμοὶ
1224 3916 1518 3986 γενήσεται
1571 3921 1600 3972 ὀ
1654 3924 1785 3987 παῖς

230 3983 365 4056 οὗτος
386 3994 440 4049 ὃν
470 3997 535 4048 σὺ
583 3997 799 4066 ἔφησθα
822 4000 915 4053 ἐπὶ
945 3999 1121 4055 ταῦτα
1158 3983 1473 4075 ὡρμῆσθαι,
1518 4009 1671 4065 οὐδέν
1700 3983 1783 4070 tot

228 4080 369 4155 ἦττον
395 4090 526 4157 ἐμοῦ
572 4091 895 4157 συνειδότος,
929 4093 1029 4165 ἤδη
1058 4095 1123 4165 δὴ
1153 4096 1274 4150 τότε
1317 4100 1654 4168 σαφέστατα,
1708 4105 1784 4169 ὡς

229 4175 323 4245 ἕλοι
344 4180 439 4247 μὲν
469 4182 691 4245 εὐνοίας
710 4199 770 4235 τε
794 4185 889 4237 καὶ
920 4186 1318 4259 φιλοφροσύνης
1342 4194 1473 4261 περὶ
1497 4194 1557 4247 σὲ
1603 4213 1659 4249 τε
1690 4198 1784 4255 καὶ

226 4264 307 4333 τὴν
357 4268 451 4339 σὴν
511 4270 857 4327 δυναστείαν.
920 4275 1023 4328 Ἦν
1074 4277 1118 4329 δ’
1168 4278 1235 4332 ἂν
1268 4280 1580 4349 ἐπιτάττοις
1627 4285 1783 4357 δίκην

226 4358 396 4429 ἐκείνῳ
424 4361 703 4416 ἐπιθεῖναί
733 4382 823 4433 με,
850 4366 927 4437 μὴ
952 4366 1019 4421 ἂν
1047 4367 1191 4423 οὓτω
1248 4375 1555 4443 μεμηνέναι
1600 4378 1782 4445 δόξαι-

227 4469 297 4517 μι,
333 4453 469 4509 ὥστε
499 4454 582 4524 τῷ
614 4456 736 4525 ἐμοί
772 4475 832 4511 τε
862 4457 956 4513 καὶ
988 4461 1071 4513 σοὶ
1103 4462 1336 4534 ἐχθίστῳ
1387 4484 1446 4521 τε
1497 4469 1591 4523 καὶ
1622 4470 1781 4526 πολει-

226 4548 464 4617 μιωτάτῳ
496 4548 891 4627 διατεθειμένῳ
914 4553 1260 4624 χαρίζεσθαι,
1306 4557 1486 4611 ὁτιοῦν
1514 4561 1781 4620 ἐνδιδόντα

1973 2155 2078 2212 Ubi
2104 2154 2171 2210 de
2200 2154 2325 2211 istis
2351 2154 2556 2210 certior
2596 2153 2772 2212 lactus
2804 2164 2889 2211 est
2922 2156 3235 2221 Amurates,
3303 2161 3467 2214 advo-

1898 2260 2021 2304 cato
2043 2247 2254 2303 Joanne
2301 2263 2427 2323 rege
2488 2247 2752 2319 Byzantii,
2809 2248 3181 2318 hujuscemodi
3239 2266 3467 2306 exorsus

1894 2348 1978 2399 est
2007 2341 2311 2397 orationem
2357 2357 2372 2395 :
2406 2339 2518 2396 Rex
2547 2340 2889 2404 (ἔπεσσι-σω,
2917 2341 3051 2395 mihi
3093 2358 3268 2413 nuper
3297 2360 3326 2397 a
3360 2345 3466 2398 lide

1894 2432 2235 2505 dignissimis
2268 2434 2321 2486 in
2351 2414 2569 2503 Europa
2603 2431 2913 2493 nuntiatum
2947 2442 3052 2498 est,
3102 2434 3331 2490 Sauzem
3401 2437 3464 2491 li-

1893 2525 2027 2579 lium
2063 2540 2241 2581 meum
2270 2524 2435 2580 alilio
2460 2532 2557 2580 tuo
2601 2536 2876 2589 coactum,
2931 2526 3214 2582 instituere
3264 2529 3329 2582 ad
3374 2546 3467 2582 ex-

1892 2626 2122 2672 tremam
2154 2631 2240 2675 me
2261 2616 2551 2672 devolvere
2566 2617 2845 2683 miseriam
2880 2634 2892 2670 :
2920 2632 3026 2688 qua
3054 2619 3264 2674 ratione
3292 2616 3462 2690 igitur

1889 2708 2005 2764 ﬁeri
2030 2716 2239 2778 posset,
2264 2719 2325 2767 ut
2355 2707 2658 2764 inconsciis
2698 2710 2854 2765 vobis
2886 2710 2953 2764 ad
2990 2718 3194 2765 tantam
3227 2710 3460 2767 devene-

1890 2802 2001 2857 rint
2040 2802 2391 2868 dementiam,
2449 2811 2655 2861 utnon
2700 2806 2878 2861 solum
2936 2822 3089 2862 mens
3154 2808 3294 2861 [ilius
3350 2818 3457 2864 tam

1890 2895 2056 2967 impia
2080 2897 2452 2971 aggrediatur,
2482 2914 2672 2954 verum
2697 2907 2827 2955 tuus
2890 2902 3117 2958 accedat
3166 2904 3460 2958 auxiliator

1890 2998 1946 3045 et
1982 2988 2239 3059 adjutor?
2269 2992 2490 3061 Absque
2513 3000 2605 3049 tuo
2635 2993 2868 3048 concilio
2904 2994 3020 3049 haec
3074 2998 3277 3065 parari,
3348 3012 3461 3066 quo

1888 3089 2050 3151 pacto
2069 3082 2311 3153 cogitare
2335 3084 2600 3152 possum?
2634 3083 2835 3139 Verum
2889 3085 2935 3141 si
2960 3101 3156 3155 pinnas
3211 3092 3461 3160 exegeris

1889 3170 1958 3227 de
1983 3172 2091 3227 lilio
2135 3180 2253 3238 tuo,
2306 3189 2442 3241 quas
2492 3190 2592 3246 ego
2632 3175 2938 3245 dictavero,
2980 3192 3131 3234 certo
3167 3181 3361 3244 sciam,
3410 3191 3464 3237 te

1814 3296 1858 3355 ο
1892 3263 2067 3322 inscio
2105 3274 2161 3320 et
2185 3265 2355 3323 invito
2377 3267 2482 3323 ista
2510 3269 2827 3340 contigisse.
2855 3269 2956 3325 Sin
2985 3282 3166 3327 autem
3230 3275 3335 3328 alia
3361 3276 3458 3329 tibi

1893 3371 2055 3424 quam
2095 3356 2225 3411 mihi
2253 3357 2524 3428 placuerit
2560 3360 2823 3429 puniendi
2871 3361 2967 3414 ﬁlii
2998 3367 3292 3424 sententia.
3317 3367 3461 3420 scito

1891 3445 2085 3509 harum
2118 3448 2402 3501 turbarum
2431 3447 2645 3516 culpam
2670 3462 2887 3504 omnem
2923 3466 3009 3506 me
3052 3454 3103 3504 in
3139 3459 3190 3505 te
3225 3455 3460 3509 transla-

1890 3544 2096 3597 turum.
2124 3535 2224 3599 Cui
2248 3536 2561 3592 Grmcorum
2588 3553 2683 3594 rex
2707 3540 3002 3608 respondet
3036 3560 3051 3597 :
3076 3541 3457 3614 Nequaquam,

1889 3644 1922 3683 ο
1953 3644 2070 3696 rex,
2097 3631 2239 3687 hanc
2273 3632 2486 3701 culpam
2520 3647 2645 3687 vere
2700 3632 2757 3687 in
2792 3649 2877 3688 me
2924 3633 3162 3704 rejieies.
3212 3634 3343 3690 Nam
3408 3638 3455 3692 si

1888 3735 2038 3777 nunc
2070 3719 2204 3775 mihi
2245 3720 2467 3777 daretur
2508 3723 2653 3780 lilius
2680 3723 2772 3780 ille
2805 3741 2981 3792 meus,
3008 3744 3170 3797 quem
3206 3729 3288 3783 ais
3320 3731 3455 3785 adeo

1889 3810 2054 3881 impia
2086 3810 2143 3865 in
2168 3820 2217 3867 te
2239 3820 2455 3883 patrare
2488 3829 2508 3868 .'
2545 3829 2678 3870 sane
2702 3816 3024 3885 cogniturus
3051 3836 3203 3876 esses
3228 3821 3453 3890 liquido,

1886 3918 2048 3973 quam
2064 3904 2469 3962 ardcntissimis
2491 3908 2691 3965 studiis
2714 3918 2765 3964 te
2790 3919 3048 3982 tuumque
3069 3928 3458 3983 regnumcome

1888 3996 2178 4069 plecterer.
2208 3996 2302 4051 Sin
2329 4008 2509 4054 autem
2534 4001 2664 4055 mihi
2706 4001 3179 4059 animadvertendi
3211 4005 3262 4059 in
3288 4005 3452 4059 lilium

1887 4089 2160 4157 negotium
2189 4075 2522 4159 injuuxeris,
2549 4108 2617 4148 ne
2648 4108 2735 4147 me
2780 4097 2918 4149 adeo
2969 4097 3273 4151 dementem
3337 4100 3453 4152 lore

1885 4180 2185 4251 existimes,
2221 4191 2278 4237 ut
2310 4184 2609 4255 quidquam
2630 4187 2808 4258 gratia
2848 4202 3155 4257 repressus,
3182 4191 3248 4245 de
3274 4205 3450 4259 pinnae

1887 4271 2176 4337 severitate
2206 4275 2477 4329 remittam
2515 4292 2530 4329 :
2578 4278 2883 4346 prtcscrtim
2916 4294 3040 4333 cum
3070 4280 3116 4335 is
3142 4281 3455 4348 punieudus

1886 4366 1978 4432 sit,
2009 4367 2103 4436 qui
2132 4367 2342 4436 tibique
2368 4368 2615 4439 mihique
2668 4368 3088 4425 inimicissimus
3117 4381 3170 4425 et
3203 4371 3457 4429 infestis-

1885 4460 2056 4521 simus
2088 4469 2196 4517 est.
2225 4459 2337 4519 Rex
2375 4462 2591 4518 dicendi
2614 4477 2738 4517 cum
2785 4462 2945 4519 tinem
2977 4464 3219 4533 fecisset,
3247 4467 3457 4537 placuit

1886 4563 1944 4609 ut
1975 4564 2203 4625 uterque
2230 4571 2428 4625 parens
2447 4572 2610 4615 suum
2655 4557 2830 4611 lilium
2857 4557 3024 4612 simili
3074 4574 3256 4630 poena,
3324 4577 3451 4615 cum

222 4636 305 4703 τῆς
349 4639 529 4709 δίκης.
590 4640 778 4695 Ταῦτα
825 4645 1034 4699 είπόντι
1100 4647 1178 4718 τῷ
1255 4647 1483 4718 βασιλεῖ,
1535 4653 1778 4713 ἐδέδοκτο

1891 4648 2088 4704 crimen
2121 4648 2411 4719 utriusque
2440 4649 2619 4705 simile
2642 4648 2805 4715 foret,
2832 4649 3043 4706 feriret.
3073 4651 3241 4707 l‘asna
3266 4660 3448 4707 autem

226 4728 524 4808 ’Δμουράτῃ
572 4735 674 4803 τὴν
712 4736 879 4823 αὐτὴν
914 4740 1116 4809 ἀμφοῖν
1152 4742 1423 4799 ἐπιθεῖναι
1454 4746 1549 4815 τὴν
1600 4749 1775 4820 δίκην.

223 4819 361 4874 Κατά
398 4825 578 4878 ταῦτα
621 4819 795 4896 ἄμφω
845 4829 921 4881 τὼ
964 4831 1171 4902 πατέρε
1231 4834 1616 4907 ὲπαιτιωμένω
1665 4819 1781 4905 τοῖς

227 4918 411 4981 παισὶν,
480 4919 741 4984 ἑξορύσαι
789 4918 865 4973 τὼ
918 4921 1184 4993 ὀφθαλμὼ
1229 4928 1475 4999 ἐκατέρῳ
1529 4932 1777 4996 ἐκείνοις.

228 5004 307 5067 Ὠς
336 5009 595 5064 δὲταῦτα
626 5012 888 5072 ἐδέῐοκτο,
935 5013 1165 5093 ήλαυνεν
1212 5017 1305 5069 ἐπὶ
1343 5018 1439 5090 τὴν
1485 5020 1776 5093 Εὐρώπην,

220 5102 524 5171 στράτευμα
554 5104 819 5175 ἀγόμενος
848 5092 1120 5180 ᾖὲδύνατο
1156 5108 1425 5165 πλεῖστον.
1496 5113 1604 5167 Καὶ
1659 5114 1778 5169 δια-

216 5188 305 5252 δὶς
326 5193 421 5245 ἐπὶ
458 5193 562 5262 τὴν
592 5193 885 5263 Εὐρώπην.
929 5196 1041 5249 ἵετο
1084 5198 1250 5267 ὁμόσε
1305 5202 1395 5254 ἐπὶ
1446 5203 1537 5255 τὸν
1591 5205 1775 5273 παῖδα,

217 5280 310 5353 ὅπη
337 5283 401 5353 δὴ
432 5278 771 5339 ἐπυνθάνετο
811 5288 974 5341 αὑτὸν
1026 5290 1647 5364 ὲνστρατοπεδευόμενον
1679 5303 1777 5353 σὺν

217 5374 283 5442 τῷ
326 5376 600 5449 Ἑλλήνων
631 5381 893 5449 βασιλέως
919 5384 1087 5439 παιδί.
1144 5386 1210 5439 Οἶ
1263 5387 1327 5457 δὴ
1386 5388 1446 5439 τὸ
1507 5389 1776 5463 Εὐρώπης

220 5470 527 5541 στράτευμα
560 5473 910 5545 συλλέξαντες
943 5478 1466 5549 ἐστρατοπεδεύοντο
1518 5486 1575 5536 ἐν
1610 5484 1774 5556 χώρῳ

214 5561 309 5612 τινὶ
329 5563 630 5628 Βυζαντίου
672 5565 1007 5639 ’Δπικριδίου
1056 5572 1396 5644 καλουμένῳ.
1446 5576 1508 5630 Οἳ
1560 5578 1623 5647 δὴ
1656 5578 1782 5640 τούς

1883 4750 2001 4797 erat
2032 4742 2351 4807 constituta,
2380 4742 2635 4799 videlicet
2670 4750 2727 4799 ut
2778 4745 3068 4810 utriusque
3096 4746 3241 4802 oculi
3290 4762 3450 4801 erue-

1883 4843 2093 4891 rentur.
2130 4834 2252 4891 Haec
2286 4836 2376 4890 ubi
2400 4844 2529 4890 sunt
2562 4836 2804 4901 decreta,
2842 4838 3019 4907 copiis
3045 4854 3209 4908 quam
3269 4841 3449 4909 potuit

1880 4929 2135 4984 maximis
2161 4934 2497 4992 succinctus,
2529 4929 2810 4992 festinavit
2843 4930 2899 4983 in
2959 4928 3258 5000 Europam.
3312 4932 3446 4996 Qni-

1882 5021 1985 5077 bus
2026 5025 2356 5081 transvectis
2386 5024 2438 5077 in
2463 5022 2763 5094 Eumpam,
2822 5039 3036 5080 summo
3093 5025 3277 5079 studio
3316 5039 3445 5076 con-

1882 5116 2057 5169 tendit
2084 5114 2345 5173 adversus
2377 5116 2545 5171 lilium
2585 5115 2640 5172 in
2676 5132 2800 5172 cum
2846 5116 3024 5171 locum
3053 5117 3142 5169 ubi
3169 5131 3290 5169 eum
3317 5132 3439 5168 cum

1882 5206 2198 5261 Grrecorum
2225 5208 2368 5278 regis
2396 5206 2509 5262 filio
2544 5219 2719 5263 castra
2761 5208 3186 5263 communivisse
3218 5222 3444 5276 accepe—

1878 5309 1986 5354 rat.
2007 5299 2109 5366 Qui
2138 5301 2359 5370 quidem
2393 5308 2586 5356 coacto
2612 5301 2665 5354 in
2700 5299 2917 5369 Europa
2943 5298 3210 5363 exercitu,
3237 5309 3447 5352 castra-

1880 5394 2066 5448 metati
2092 5402 2220 5447 sunt
2251 5393 2305 5448 in
2338 5391 2581 5464 Byzantii
2619 5395 2855 5461 quodam
2907 5391 3047 5451 loco,
3103 5390 3442 5459 Apicridium

1876 5487 2026 5541 dicto
2057 5504 2069 5540 :
2086 5502 2195 5554 quo
2214 5500 2346 5543 sane
2365 5494 2726 5555 congregatos
2748 5498 2871 5537 esse
2886 5481 3177 5536 constabat
3197 5480 3438 5544 Grzecos.

1889 5585 1942 5630 et
1998 5576 2237 5642 optimos
2284 5591 2533 5646 quosque
2588 5590 2654 5630 ex
2705 5572 2938 5640 Eumpa.
3009 5570 3217 5627 ibidem
3281 5569 3437 5642 juxta

1472 5718 1716 5782 Notuim
1752 5716 2156 5795 marginales.

282 5824 316 5855 "
347 5827 449 5897 τῆς
479 5840 524 5883 ει
562 5829 626 5885 R.
733 5834 775 5864 ³³
808 5834 1122 5888 ἐσπένδοντὸ
1151 5855 1231 5891 τε.
