4016 6216
441 214 508 274 87
1579 223 1889 284 LAONlCl
1931 226 2000 284 CI

2103 226 2364 286 LCOCON
2381 226 2588 285 DYL‘E
3597 227 3667 290 88

444 329 548 383 sub
573 327 835 396 Pajazite,
887 345 1217 402 quocunque
1248 333 1357 387 vim
1392 335 1514 390 belli
1554 337 1834 394 vertisset.
1891 338 1997 393 Pa-

2104 337 2369 406 βασιλέως
2418 341 2476 392 ἐν
2527 342 2763 411 Φερραἶς
2817 342 2912 410 τῆς
2938 343 3281 404 Μακεδονίας
3330 342 3534 414 χώρας.
3572 351 3668 401 καὶ

439 422 657 495 jazites.
719 437 842 477 cum
877 426 1154 492 quondam
1218 425 1357 481 foret
1393 427 1616 485 Pherris
1657 430 2004 494 Macedoniae.

448 515 630 584 ibique
657 530 840 578 moras
863 516 1128 577 traheret.
1155 517 1468 574 Grmcorum
1498 537 1612 586 rex,
1634 522 1846 591 Spartae
1871 523 2002 590 dux,

444 607 835 670 Constantinus
861 608 1088 664 Nazarci
1119 609 1286 673 ﬁlius,
1322 612 1741 682 Stephanusque
1761 615 2005 672 Eleazari

447 701 610 763 filius,
651 700 879 770 profecti
907 712 1036 756 sunt
1088 703 1144 755 in
1186 703 1404 772 jauuas.
1455 704 1533 760 lbi
1565 716 1678 760 tum
1714 707 1778 761 ad
1820 724 2005 779 regem

446 791 736 863 Pajazitetu
759 796 906 848 venit
925 795 1202 850 Mamonas
1218 799 1286 852 ab
1309 797 1705 869 Peloponneso,
1726 803 1816 871 qui
1836 817 2007 872 quon-

444 887 566 938 dam
614 888 842 954 imperio
906 899 1124 943 rexerat
1181 890 1562 959 Epidaurum:
1604 896 2007 966 accusabatque

445 977 754 1038 Graecorum
812 981 957 1049 regis
1003 981 1251 1047 fratrem,
1287 993 1347 1038 ut
1375 988 1468 1056 qui
1512 988 1617 1042 sibi
1667 988 2003 1058 Epidaurum

443 1069 759 1138 eripuisset,
813 1085 865 1127 et
898 1075 1114 1142 injuriis
1145 1078 1414 1147 plurimis
1433 1097 1492 1135 se
1520 1082 1818 1136 obruisset.
1845 1082 2003 1149 Paja-

446 1163 581 1222 zites
619 1164 1004 1236 indignatione
1039 1169 1480 1226 inflamntahatur
1533 1183 1726 1227 contra
1787 1173 2007 1231 Graeco-

447 1271 565 1321 rum
631 1273 836 1328 regem.
905 1261 1342 1332 lndignatiouem
1393 1267 1536 1319 hanc
1587 1268 1729 1336 regis
1778 1270 2010 1339 augebat

444 1349 752 1421 instigando
805 1353 1044 1411 Joannes
1102 1358 1409 1413 Andronici
1469 1360 1616 1430 regis
1681 1361 1845 1426 filius,
1912 1362 2007 1432 qui

446 1451 646 1502 praesto
682 1453 828 1508 erat,
863 1459 915 1501 et
968 1449 1174 1502 victum
1236 1452 1377 1519 apud
1417 1450 1707 1522 Pajazitem
1743 1453 2005 1508 habebat.

443 1530 668 1598 Ferunt,
703 1539 846 1605 quod
877 1555 971 1592 rex
1006 1549 1236 1596 conatus
1267 1543 1336 1596 sit
1361 1559 1485 1597 eum
1508 1544 1840 1608 interficere,
1880 1561 2007 1600 cum

443 1627 855 1696 colloqueretur
891 1649 1095 1688 secum.
1155 1634 1352 1690 Verum
1395 1647 1689 1692 cunctatus
1726 1647 1833 1693 est.
1892 1640 2004 1694 Nec

443 1729 627 1790 tamen
672 1724 842 1776 multo
888 1735 1011 1794 post
1051 1727 1204 1781 illum
1245 1728 1553 1794 interemit,
1587 1729 1770 1786 llalies
1797 1731 2005 1786 Chara-

441 1811 573 1868 tinis
612 1813 778 1877 Illius,
815 1817 908 1884 qui
934 1818 982 1871 ei
1029 1819 1323 1873 admodum
1369 1821 1662 1877 familiaris
1692 1833 1836 1890 erat,
1865 1825 2004 1879 ntul-

445 1905 620 1973 tisque
671 1907 869 1975 opibus
896 1909 964 1962 ab
1001 1925 1065 1962 eo
1099 1912 1356 1966 donatus.
1389 1911 1798 1970 Convenientes
1831 1917 2004 1986 igitur

442 1996 494 2048 in
531 2011 698 2049 unum
761 2000 930 2054 duces
974 2000 1074 2065 illi,
1116 2017 1240 2056 cum
1267 2017 1330 2056 ea
1375 2013 1698 2074 tempestate
1733 2008 1786 2061 iu
1819 2008 2003 2078 januis

437 2099 684 2154 agerent,
725 2091 1019 2144 consilium
1065 2092 1279 2146 inibant
1309 2109 1415 2148 non
1447 2096 1682 2164 amplius
1738 2100 2002 2154 redeundi

440 2179 494 2233 in
531 2177 752 2245 januas.
782 2181 1177 2238 Constantinus
1218 2184 1377 2240 Zarci
1431 2188 1577 2243 lilius
1639 2189 2003 2259 Dt'agasisque

439 2271 627 2332 frater.
663 2273 892 2327 scientia
929 2275 1154 2329 militari
1217 2276 1380 2332 facile
1439 2295 1630 2335 omnes
1675 2283 1998 2350 excellebat,

441 2377 542 2419 nec
607 2365 702 2418 ulli
740 2367 1028 2433 prudentia
1086 2369 1415 2423 credebatur
1455 2380 1566 2424 tttm
1609 2375 1875 2436 temporis
1916 2392 2004 2430 se-

438 2456 676 2521 cundus.
729 2456 780 2512 ls
831 2459 972 2513 bello
1037 2461 1266 2524 adortus
1322 2464 1568 2519 Albanos
1622 2477 1675 2519 et
1727 2465 2002 2522 Triballos

442 2555 649 2611 hostes,
711 2551 762 2600 iu
821 2549 1082 2603 ditionem
1115 2555 1325 2621 accepit
1371 2557 1646 2625 regionem
1700 2560 1844 2612 haud
1891 2552 2004 2628 pa:-

442 2642 747 2696 uitendam.
772 2641 891 2707 Quo
922 2653 1161 2709 mortuo,
1196 2646 1791 2705 Caustautinusfrater
1822 2654 2002 2723 regio-

436 2750 559 2793 nem
615 2736 869 2794 obtinuit,
910 2737 1220 2806 januasque
1252 2739 1608 2807 frequentare
1647 2754 1869 2799 coactus
1892 2756 1997 2804 est.

434 2824 534 2882 Hic
553 2827 820 2893 promittit
842 2826 1153 2882 Graecorum
1181 2829 1290 2899 regi
1312 2831 1474 2884 filiam
1501 2847 1560 2888 se
1577 2833 2001 2902 desponsurum,

437 2921 484 2974 si
520 2929 637 2973 rata
671 2923 979 2976 manserint
1008 2937 1070 2975 ea
1095 2939 1216 2992 qua:
1253 2940 1417 2990 super
1454 2927 1762 2982 defectione
1793 2945 1997 2984 conve-

2106 435 2492 503 διατρίϐοντος.
2521 438 2615 488 καὶ
2643 437 2736 488 τοῦ
2783 436 3047 506 Ἑλλήνων
3075 437 3338 506 βασιλέως
3363 439 3662 506 φοιτῶντος

2107 525 2470 577 ὲνταῦθαὲπὶ
2498 526 2592 589 τὰς
2624 525 2813 591 θύρας,
2857 526 3082 580 καὶκτοῦ
3112 526 3210 595 τῆς
3259 527 3510 598 Σπάρτης
3543 531 3669 600 ἡγε-

2109 617 2294 683 μόνος,
2327 617 2423 668 καὶ
2481 617 2894 670 Κωνσταντίνου
2933 617 3026 670 τοῦ
3075 619 3288 688 Ζάρκου
3335 621 3543 687 παιδὸς,
3575 625 3668 676 καὶ

2109 706 2394 774 Στεφάνεω
2437 707 2531 760 τοῦ
2580 707 2933 778 Ἐλεαζάρου,
2987 710 3296 776 ἀφικνεῖται
3343 711 3449 764 ἀπὺ
3499 713 3667 767 Πελοο

2109 797 2379 866 ποννήσου
2426 799 2454 850 ὁ
2483 799 2579 866 τῆς
2621 799 2946 870 Ἐπιδαύρου
3002 804 3062 854 τὸ
3113 802 3344 856 παλαιὸν
3377 804 3668 871 γενόμενος

2107 891 2314 959 ἅρχων,
2364 889 2602 960 τοῦνομα
2655 893 2942 958 Μαμονᾶς.
2993 895 3088 956 Ὃς
3140 895 3471 964 ἀφικόμενος
3517 899 3668 966 παρὰ

2109 983 2374 1053 βασιλέως
2408 986 2712 1056 Παιαζήτη,
2744 989 2987 1040 ἐνεκάλει
3013 989 3087 1057 τῷ
3116 990 3224 1041 τῶν
3266 991 3534 1063 Ἑλλήνων
3575 975 3669 1060 βα-

2109 1077 2302 1141 σιλέως
2334 1077 2570 1148 ἀδελφῷ,
2607 1080 2682 1141 ὡς
2731 1080 3050 1150 ἀφελομένῳ
3081 1082 3180 1153 τήν
3211 1101 3268 1135 τε
3323 1084 3667 1154 Ἐπίδαυρον,

2107 1169 2202 1221 καὶ
2245 1169 2538 1240 ποιήσαντι
2611 1171 2774 1224 αὑτὸν
2826 1172 2987 1225 κακά.
3026 1173 3262 1242 Ἤχθετό
3283 1191 3342 1228 τε
3367 1175 3444 1244 τῷ
3478 1176 3670 1247 Ἐλλή-

2109 1276 2218 1311 νων
2276 1257 2494 1329 βασιλεῖ
2544 1261 2880 1332 Παιαζήτης.
2929 1262 3120 1332 Ἐνῆγε
3168 1264 3225 1317 δὲ
3277 1265 3336 1327 ἐς
3383 1264 3543 1318 τοῦτο
3576 1269 3669 1320 καὶ

2121 1351 2374 1420 ἰωὰνεκης
2396 1354 2423 1405 ό
2441 1353 2778 1419 Ἀνδρονίκου
2806 1353 2899 1406 τοῦ
2925 1353 3186 1424 βασιλέως
3213 1358 3360 1418 παῖς,
3385 1355 3459 1420 ὡς
3479 1359 3669 1427 παρὼν

2109 1440 2278 1494 αὑτοῦ
2328 1441 2426 1512 τὴν
2475 1442 2688 1495 ἕίαιταν
2736 1440 2883 1513 εἶχεν
2929 1445 3038 1498 ἀπὸ
3074 1447 3419 1516 Παιαζήτεω.
3471 1449 3580 1502 Καὶ
3604 1451 3666 1520 δὴ

2109 1538 2326 1605 λέγεται
2357 1541 2450 1590 καὶ
2478 1539 2688 1594 ἀνελεῖν
2709 1539 3039 1618 ὡρμημένον
3061 1543 3190 1613 περὶ
3213 1543 3433 1613 ὁμιλίας
3450 1543 3666 1614 ἔχοντα.

2109 1631 2422 1700 Μετέμελεν
2461 1628 2618 1696 αὖθις
2667 1634 2727 1685 ού
2776 1633 2955 1703 πολλῷ
2993 1617 3245 1704 ὕστερον.
3291 1637 3572 1707 Ἐπήμυνε
3613 1636 3671 1690 δὲ

2106 1723 2254 1793 αύτῷ
2281 1723 2373 1776 τὸν
2401 1723 2624 1793 ὄλεθρον
2659 1725 2838 1796 Ἀλίης
2861 1729 2888 1779 ό
2908 1727 3229 1798 Χαρατίνεω
3264 1731 3412 1794 παῖς,
3443 1728 3503 1792 ὃς
3533 1745 3661 1782 συν-

2106 1817 2246 1886 ήθης
2297 1817 2445 1887 αὑτῷ
2501 1817 2797 1887 ἐτύγχανεν
2842 1818 2950 1883 ὢν,
3003 1820 3097 1872 καὶ
3141 1821 3424 1890 χρήμασιν
3471 1821 3546 1883 ὡς
3595 1822 3670 1874 τὰ.

2108 1909 2343 1979 μάλιστα
2369 1909 2739 1978 ἐθεραπεύετο
2790 1911 2882 1963 ὑπ’
2925 1911 3109 1966 αύτοῦ,
3153 1912 3434 1974 Συνιόντες
3477 1908 3670 1981 δὴοῦν

2105 2004 2160 2065 ἐς
2190 2003 2356 2054 ταυτὸ
2400 1999 2546 2054 οὗτοι
2576 2002 2626 2052 οἱ
2667 2001 2935 2072 ἡγεμόνες
2963 2003 3020 2052 ἐν
3051 2002 3124 2071 τῷ
3167 2003 3288 2056 τότε
3311 2002 3510 2072 χρόνῳ,
3542 2003 3670 2071 περὶ

2103 2096 2198 2156 τὰς
2227 2093 2396 2164 θύρας
2424 2093 2518 2146 τοῦ
2551 2093 2813 2162 βασιλέως
2837 2094 3222 2161 διατρίϐοντες.
3255 2094 3495 2147 ἐδίδοσαν
3518 2097 3667 2163 σφίσι

2103 2186 2315 2253 λόγους,
2349 2185 2424 2249 ὡς
2485 2186 2684 2255 μηκέτι
2725 2184 2818 2238 τοῦ
2863 2186 3049 2239 λοιποῦ
3101 2187 3391 2254 ἀφίξεσθαι
3437 2187 3530 2239 ἐπὶ
3566 2188 3665 2249 τὰς

2105 2279 2298 2348 θύρας.
2341 2279 2607 2332 Ἐνταῦθα
2637 2280 2736 2349 μὲν
2765 2275 2858 2332 οὖν
2907 2281 3173 2348 ἐγγυᾶται
3201 2280 3601 2340 Κωνσταντῖνος
3633 2279 3662 2328 ό

2105 2373 2339 2440 Ζάρκου,
2381 2373 2680 2439 Δραγάσεω
2727 2371 2782 2424 δὲ
2810 2371 3062 2438 ἁδελφὸς.
3094 2371 3151 2435 ὃς
3177 2371 3387 2425 ἐκείνου
3414 2370 3663 2439 τελευτὴ-

2103 2483 2296 2529 σαντος
2324 2465 2416 2518 τοῦ
2455 2467 2689 2535 Ζάρκου,
2733 2459 2800 2532 ἦν
2832 2464 3046 2534 ἀνδρῶν
3073 2464 3295 2532 ἄριστος
3317 2463 3386 2514 τὰ
3423 2464 3478 2524 ἐς
3512 2461 3665 2514 σύνε-

2105 2559 2188 2611 σίν
2213 2575 2268 2608 τε
2298 2558 2391 2610 καὶ
2420 2556 2676 2624 πόλεμον,
2705 2554 2916 2618 οὐδενὸς
2945 2555 3266 2624 λειπόμενος
3286 2553 3394 2607 τῶν
3436 2555 3492 2616 ἐς
3515 2555 3661 2606 ἐκεῖ·

2101 2669 2190 2702 νον
2233 2651 2323 2702 τὸν
2368 2649 2579 2719 χρόνον.
2624 2649 2734 2701 Καὶ
2776 2648 2912 2718 πρός
2945 2665 3006 2700 τε
3047 2647 3339 2709 ’Δλϐανοὺς
3394 2646 3490 2699 καὶ
3531 2643 3666 2716 Τρι-

2104 2742 2330 2804 ϐαλλοὺς
2389 2741 2681 2809 πολεμίους
2733 2739 3099 2808 διαπολεμῶν,
3152 2738 3336 2808 χώραν
3388 2754 3446 2789 τε
3511 2735 3665 2806 αύτῷ

2103 2832 2417 2900 ὑπηγάγετο
2451 2831 2510 2882 ού
2560 2829 2796 2898 φαύλην,
2833 2829 2924 2880 καὶ
2981 2831 3074 2881 ἐπὶ
3113 2832 3178 2899 τῇ
3229 2829 3454 2898 τελευτῇ
3499 2829 3663 2881 αὖτοῦ

2103 2925 2508 2986 Κωνσταντίνος
2547 2925 2574 2974 ό
2606 2921 2837 2988 ἀδελφὸς
2871 2920 3035 2973 αὑτοῦ
3071 2923 3302 2990 κατέσχε
3333 2921 3430 2989 τὴν
3460 2919 3664 2989 χώραν,

435 3014 633 3070 neriut.
681 3013 921 3068 Duxerat
961 3015 1066 3070 iste
1128 3015 1452 3072 Emmanuel
1509 3019 1620 3088 jam
1679 3030 1805 3074 ante
1848 3022 1994 3090 regis

2103 3025 2194 3076 καὶ
2229 3021 2416 3091 ἐφοίτα
2446 3022 2501 3082 ἐς
2522 3019 2619 3081 τὰς
2663 3017 2929 3088 βασιλέως
2975 3015 3168 3087 θύρας.
3200 3016 3368 3079 Οὗτος
3399 3015 3666 3083 ἐγγυᾶται

433 3106 756 3174 Colchorum
818 3107 1010 3177 (quiet
1053 3108 1420 3177 Trapezuntis
1462 3111 1779 3180 imperator)
1833 3115 1996 3168 filiam

432 3201 676 3262 viduam,
711 3217 830 3268 quae
892 3201 1072 3256 fuerat
1114 3203 1319 3257 Zetiuis
1365 3204 1671 3261 Turcorum
1713 3208 1998 3276 cujusdam
2049 3279 2052 3282 ι

432 3291 592 3347 ducis
627 3309 782 3354 uxor,
809 3292 981 3346 forma
1019 3311 1182 3364 supra
1249 3300 1466 3350 modum
1517 3307 1770 3353 venusta.
1821 3299 1994 3365 Quam

431 3401 555 3438 cum
618 3386 936 3456 Byzantium
997 3404 1026 3440 a
1076 3391 1343 3444 Colchide
1401 3391 1743 3456 adduxisset,
1802 3395 1997 3449 ridens

431 3494 550 3532 eam
583 3487 740 3548 pater
765 3485 935 3534 forma
964 3483 1244 3548 praeditam
1275 3486 1587 3546 excellenti,
1625 3503 1838 3539 net-nou
1877 3486 1998 3548 aliis

431 3573 700 3625 excellere
728 3587 849 3640 quae
876 3574 928 3626 in
978 3574 1211 3627 muliere
1240 3575 1502 3628 dicuntur
1539 3577 1704 3642 bona,
1737 3594 1846 3632 non
1897 3579 1998 3633 du-

435 3665 627 3718 bitarit
660 3679 780 3718 eam
802 3667 1021 3718 auferre
1047 3667 1176 3733 filio,
1202 3668 1421 3737 sibique
1453 3670 1993 3738 connubiojungere.

432 3756 560 3810 Erat
579 3768 758 3810 autem
789 3757 837 3811 is
873 3758 1008 3811 adeo
1033 3757 1264 3815 amictus
1285 3763 1541 3831 podagra,
1567 3760 1672 3831 5.3
1697 3769 1754 3814 ut
1785 3778 1853 3817 ne
1873 3763 1997 3831 qui-

431 3852 552 3902 dem
583 3858 804 3902 erectus
832 3859 981 3904 stare
1017 3853 1284 3920 potuerit.
1307 3851 1513 3908 Ferunt
1544 3854 1687 3907 hunc
1713 3855 1995 3925 insanien-

435 3953 542 3994 tem
569 3956 754 3996 amore
775 3943 1052 4008 muliebri,
1083 3945 1317 4011 plut-ima
1342 3948 1597 4000 indecora
1617 3947 1993 4003 commisisse:

428 4033 870 4103 delectatutnque
903 4037 1197 4104 psalteriis,
1235 4038 1539 4108 harumque
1592 4041 1994 4097 consuetudine

428 4127 735 4191 delinituiu,
769 4142 955 4181 curam
979 4128 1240 4183 decenter
1258 4130 1682 4186 administrandi
1715 4135 1871 4201 regni
1904 4152 1998 4216 ne:

428 4221 691 4290 gligetiter
723 4223 1001 4276 omisisse.
1040 4222 1335 4292 Postquam
1371 4227 1594 4296 nuptiae,
1639 4237 1697 4283 ut
1722 4243 1997 4285 convene-

432 4324 532 4374 rat,
573 4315 1039 4378 intercessissent.
1062 4319 1227 4372 duces
1253 4319 1318 4371 ad
1339 4319 1702 4374 defectionem
1725 4324 1992 4388 aspirant,

427 4423 550 4460 eum
591 4408 816 4476 singuli,
843 4420 1108 4476 quantum
1143 4419 1393 4478 possent,
1422 4414 1486 4464 ad
1529 4429 1682 4467 suam
1711 4417 1990 4485 regionem

428 4505 829 4558 dilaberentur.
891 4504 997 4558 Rex
1055 4505 1372 4560 GriPCOrlttlt
1417 4508 1632 4575 fugiens
1687 4509 1993 4565 Tun-orum

428 4611 634 4662 regem,
686 4605 886 4661 quarto
937 4596 1026 4649 die
1063 4612 1090 4648 a
1131 4597 1356 4650 l‘herris
1406 4596 1720 4668 Byzantium
1755 4603 1831 4669 (ut
1873 4616 1995 4670 per-

431 4690 638 4750 uibeut)
665 4688 933 4756 pervenit.
961 4687 1288 4742 Theodorus
1331 4691 1494 4758 hujus
1545 4691 1713 4746 frater
1743 4694 1888 4746 venit
1908 4694 1992 4747 ‘in

431 4782 890 4848 l’el0ponm-sum.
934 4781 1150 4843 Reliqui
1188 4797 1430 4851 quoque,
1467 4783 1760 4851 impetrato
1786 4801 1814 4838 a
1874 4802 1996 4854 rege

429 4884 761 4938 commeatu,
826 4875 890 4927 ad
921 4891 1016 4928 sua
1079 4874 1374 4930 redierunt.
1445 4865 1743 4945 Appt'tt'ule
1801 4878 1997 4936 deinde

429 4977 642 5031 aestate,
711 4965 958 5037 Byzantii
1034 4982 1126 5020 rex
1165 4984 1288 5019 ('ttnt
1341 4983 1399 5022 se
1436 4983 1559 5023 .nou
1616 4968 1895 5025 conferret
1941 4971 1995 5024 in

420 5064 646 5129 januas,
689 5061 1145 5130 uuutiareturque
1194 5061 1445 5128 l'ajaziti,
1493 5063 1674 5131 ipsum
1715 5079 1994 5133 nunquam

427 5155 684 5218 deinceps
718 5156 769 5214 in
809 5154 1008 5219 jauuas
1070 5153 1396 5215 affuturum,
1455 5153 1703 5208 decrevit
1772 5154 1992 5208 mittere

427 5247 744 5318 Byzantium
784 5247 990 5316 llalietn
1043 5247 1359 5306 Charatiuis
1435 5247 1633 5312 filium,
1685 5248 1774 5302 cui
1828 5248 1998 5314 pluri-

430 5356 579 5404 iuutn
619 5340 836 5406 fidebat.
901 5341 1038 5408 Huic
1079 5341 1356 5412 pra-cepit,
1402 5350 1461 5398 tit
1507 5341 1724 5410 julicret
1771 5338 1994 5404 Ουτοι-ο,-

429 5449 549 5500 rum
587 5449 765 5502 regem
803 5438 985 5503 venire
1011 5435 1063 5488 in
1090 5434 1331 5504 januas':
1372 5435 1418 5490 si
1448 5443 1726 5500 t'enueret,
1748 5433 1990 5507 renuen-

2101 3115 2198 3182 τὴν
2227 3111 2500 3180 θυγατέρα
2555 3109 2663 3163 τῶν
2702 3109 2972 3180 Ἑλλήνων
3024 3109 3256 3178 βασιλεῖ,
3302 3108 3442 3161 ὥστε
3491 3109 3664 3176 ἐμπε-

2101 3207 2282 3260 δοῦναι
2315 3205 2498 3274 σφίσιν
2517 3204 2721 3266 αὐτοῖς,
2750 3204 2852 3256 ὅσα
2884 3203 3167 3255 συνέθεντο
3199 3203 3257 3264 ἐς
3289 3200 3389 3270 τὴν
3422 3200 3664 3253 ἀπόστα-

2104 3305 2208 3352 σιν.
2255 3299 2522 3366 Ἠγάγετο
2550 3298 2730 3366 μέντοι
2763 3296 2917 3357 οὗτος
2961 3295 3366 3364 Ἐμμανουῆλος
3393 3295 3487 3346 καὶ
3527 3294 3664 3362 πρό-

2101 3408 2254 3459 τερον
2284 3391 2382 3458 τὴν
2423 3388 2516 3441 τοῦ
2547 3388 2815 3458 ,βασιλέως
2848 3388 3105 3456 Κολχίδος
3153 3385 3425 3454 θυγατέρα
3462 3382 3666 3454 χηρεύ-

2100 3482 2267 3535 ουσάν
2293 3499 2373 3544 τε,
2405 3481 2633 3533 Ζετίνεω
2667 3479 2725 3532 δέ
2771 3495 2916 3541 τινος
2970 3478 3229 3547 Τούρκων
3267 3475 3534 3546 ἡγεμόνος
3562 3491 3663 3542 γυ·-

2103 3576 2262 3626 ναίκα
2313 3572 2634 3641 γενομένην,
2682 3571 2870 3624 κάλλει
2905 3587 2963 3621 τε
3012 3570 3395 3638 διαφέρουσαν.
3443 3565 3666 3636 Ταύτην

2100 3669 2207 3736 γὰρ
2233 3666 2306 3729 ὡς
2341 3666 2582 3735 ἠγάγετο
2609 3666 2715 3717 ἀπὸ
2747 3663 2999 3732 Κολχίδος
3040 3664 3096 3724 ἐς
3121 3661 3437 3725 Βυζάντιον,
3471 3658 3669 3713 θεασά-

2104 3776 2263 3830 μενος
2288 3759 2315 3810 ὁ
2337 3757 2519 3826 πατὴρ
2539 3755 2706 3808 αὑτοῦ
2736 3755 2857 3807 τότε
2876 3753 3198 3822 βασιλεύων,
3228 3753 3302 3814 ὡς
3326 3753 3496 3804 ἐδόκει
3518 3751 3667 3819 αὐτῷ

2099 3849 2287 3901 κάλλει
2319 3865 2377 3900 τε
2405 3845 2681 3915 γυναικῶν
2709 3845 2920 3897 πολλῶν
2947 3839 3086 3896 εἶναι
3116 3845 3398 3911 καλλίστη,
3435 3843 3530 3894 καὶ
3554 3845 3667 3905 τοῖς

2099 3934 2338 4014 ἄλλοιςῇ
2371 3939 2586 4006 ἐλέγετο
2611 3938 2654 3969 ⁸⁸
2699 3937 3102 4006 ὑπερφέρουσα,
3158 3935 3335 4004 ἑαυτῷ
3361 3951 3418 3985 τε
3461 3934 3667 4003 ταύτην

2099 4037 2360 4108 ἠγάγετο,
2391 4035 2722 4105 ἀφελόμενος
2758 4033 2849 4085 τοῦ
2875 4033 3083 4093 παιδός.
3108 4027 3217 4086 Ἱιν
3242 4031 3298 4083 δὲ
3331 4031 3424 4083 καὶ
3446 4031 3502 4083 ὲν
3526 4030 3668 4100 νόσῳ

2099 4133 2164 4202 τῇ
2212 4129 2475 4198 ποδαλγίᾳ.
2521 4127 2932 4197 διεφθαρμένος,
2958 4125 3097 4178 ὥστε
3152 4127 3226 4194 μὴ
3283 4125 3668 4195 διορθούμενον

2101 4224 2292 4292 στῆναι
2322 4218 2428 4275 οἷόν
2456 4221 2504 4273 τ’
2536 4218 2691 4275 εἶναι.
2728 4220 2961 4287 Λέγεται
2990 4220 3045 4273 δὲ
3073 4211 3224 4281 οὗτος
3252 4221 3368 4280 ταῖς
3418 4216 3668 4284 γυναιξὶν

2100 4317 2538 4385 ὲπιμαινόμενος,
2567 4314 2706 4367 κατᾶ
2740 4314 2874 4366 πολὺ
2923 4315 3063 4367 ἄττα
3092 4311 3321 4382 ἀπρεπῆ
3382 4310 3669 4380 ἐξενεχθῆ-

2100 4425 2204 4466 ναι,
2239 4407 2494 4476 ὴδόμενο;
2519 4406 2640 4465 ταῖς
2670 4420 2727 4456 τε
2774 4403 3088 4473 ψαλτρίαις,
3118 4403 3213 4455 καὶ
3247 4402 3664 4470 συγγενόμενος,

2101 4499 2401 4552 ἀποθέσθαι
2425 4497 2522 4567 τὴν
2570 4497 2833 4568 ἐργασίαν
2883 4496 2984 4565 τῆς
3016 4495 3286 4565 βασιλείας
3315 4498 3370 4546 ὲν
3405 4494 3666 4563 ὀλιγωρίᾳ

2101 4593 2786 4662 πεποιημένος,γαννυμῶν
2817 4609 2877 4643 τε
2916 4593 3043 4660 περὶ
3079 4590 3148 4641 τὰ
3176 4588 3421 4641 τοιαῦτα.
3455 4588 3517 4639 Οἱ
3565 4587 3664 4654 μὲν

2099 4687 2191 4742 οὖν
2221 4686 2486 4755 ἡγεμόνες
2519 4685 2576 4736 ἐν
2603 4688 2722 4747 ταῖς
2763 4683 2953 4750 θύραις
2985 4684 3135 4740 ὄντες
3172 4679 3266 4732 τοῦ
3313 4679 3657 4760 Παιαξήτεῳ,

2103 4779 2440 4833 συνετίθεντο
2482 4777 2728 4845 ἀλλήλοις
2765 4775 2839 4837 ὼς
2885 4774 3332 4841 ἀποστησάμενοι,
3367 4774 3662 4842 γενομένης

2100 4875 2198 4943 τῆς
2248 4869 2566 4934 ἐπιγαμίας.
2601 4867 2751 4920 Μετὰ
2799 4869 2856 4918 δὲ
2900 4864 3095 4926 ταῦτα,
3125 4865 3199 4926 ὡς
3239 4861 3385 4932 εἶχεν
3408 4865 3662 4931 ἕκαστος,

2100 4964 2474 5035 ἀπηλλάττετο
2505 4963 2594 5014 ἐπὶ
2625 4961 2721 5028 τὴν
2772 4959 2969 5010 ἑαυτοῦ
3020 4957 3224 5026 χώραν.
3268 4959 3377 5009 Καὶ
3410 4957 3666 5026 βασιλεὺς

2103 5058 2206 5127 μὲν
2245 5055 2534 5122 Ἑλλήνων,
2564 5050 2843 5120 διαφυγὼν
2871 5049 3093 5118 βασιλέα
3119 5049 3398 5119 Τούρκων,
3426 5051 3668 5118 ἀφικνεῖ-

2099 5170 2187 5206 ται
2213 5151 2320 5205 ἀπὸ
2351 5149 2573 5221 Φερῤὦν
2598 5151 2654 5206 ἐς
2681 5145 2970 5208 Βυζάντιον
2995 5147 3317 5214 τεταρταῖος
3409 5144 3628 5211 λέγεται
3648 5157 3662 5172 ·

2097 5243 2369 5311 Θεόδωρος
2403 5241 2459 5294 δὲ
2493 5241 2520 5292 ὁ
2547 5237 2776 5306 ἁδελφὸς
2805 5235 2971 5290 αὐτοῦ
3001 5235 3229 5302 ἀφίκετο
3258 5235 3349 5288 ἐπὶ
3396 5235 3664 5289 Πελοπόν-

2099 5352 2282 5407 νησον.
2321 5335 2432 5389 Καὶ
2463 5333 2514 5385 οἱ
2560 5332 2738 5384 λοιποὶ
2765 5329 2820 5381 δὲ
2847 5329 2922 5390 ὡς
2966 5329 3198 5390 ἕκαστος
3233 5328 3542 5382 ἀπήλαυνεν
3571 5329 3667 5380 hri.

2098 5431 2166 5482 τὰ
2197 5427 2410 5489 ἑαυτοῦ,
2449 5424 2841 5493 ἐπιτραπέντες
2875 5422 3012 5476 ίέναι
3045 5423 3148 5475 ὑπὸ
3181 5421 3446 5493 βασιλέως
3471 5421 3560 5473 ὲπὶ
3595 5421 3666 5475 τὰ

1709 5570 1953 5632 Notulm
1991 5565 2388 5644 marginales.

502 5695 546 5742 Η
571 5695 804 5779 ἐγένετο.
840 5693 900 5747 li.
932 5707 979 5745 ut
1011 5695 1058 5747 in
1107 5706 1248 5759 cont.
