4016 6216
480 229 579 290 i’i3

1615 220 1924 281 LAONICI
1965 218 2401 282 CHALCOCOX
2415 220 2623 279 DYL.E

3616 205 3722 265 1H.

479 342 677 408 sn-pius
731 340 1164 412 Peloponnesum
1215 348 1497 403 tentasset,
1543 340 1758 394 tandem
1787 339 1850 393 ad
1893 355 2062 411 popu-

2187 345 2597 410 Ιελοπόννησον,
2622 338 2757 394 ἀλλά
2807 339 2903 392 καὶ
2931 336 2999 388 τὰ
3037 333 3164 402 περὶ
3223 329 3482 399 Κορώνην
3530 342 3586 378 τε
3627 330 3725 377 κείν.

484 436 717 487 lationes
755 435 995 487 animum
1053 432 1343 494 convertit,
1383 431 1675 486 devastatus
1711 432 2050 500 PelOponne-

483 542 602 580 sum
650 533 703 581 et
755 527 858 579 alia
898 525 1127 579 Corona
1180 523 1555 593 Methonmque
1622 523 1851 577 ﬁnitima
1910 524 2049 577 loca.

481 618 719 689 Jagupes
745 618 969 687 Europae
990 617 1097 671 dux
1129 631 1252 669 eum
1282 616 1526 670 exercitu
1560 616 1854 679 accedens,
1883 616 2054 685 Argos

485 711 677 764 urbem
738 724 1047 780 oppugnare
1083 723 1370 777 aggressus
1397 716 1515 762 est:
1571 720 1801 775 eamque
1826 721 1890 761 eo
1916 716 2054 761 tem-

484 818 614 873 pore
643 801 742 871 51
770 801 1022 855 obtinuit.
1056 802 1122 854 At
1162 798 1483 855 Theodorus
1524 798 1732 867 Spartae
1765 796 1873 851 dux
1916 797 2057 850 hanc

486 902 672 950 urbem
705 895 1044 959 vendiderat,
1077 910 1197 948 cum
1246 893 1417 949 Graeci
1465 894 1577 964 jam
1605 892 1959 961 desperarent
1991 889 2058 943 de

489 991 733 1061 Byzantii
795 988 1271 1057 Peloponnesique
1305 987 1497 1051 salute,
1556 987 1905 1056 ipsorumque
1970 998 2059 1037 res

486 1085 542 1136 iu
580 1083 899 1153 gravissima
938 1081 1180 1151 pericula
1217 1080 1463 1134 adductae
1503 1087 1706 1133 essent.
1751 1077 1906 1130 Tune
1961 1076 2060 1146 igi-

488 1183 599 1238 tur,
634 1192 755 1228 cum
782 1173 1094 1228 Graecorum
1133 1189 1216 1226 res
1275 1173 1328 1226 in
1364 1171 1585 1256 ancipiti
1621 1172 1884 1223 haererent
1918 1170 2062 1236 peri-
2121 1186 2132 1201 σ

489 1268 631 1332 culo,
669 1267 843 1334 Argos
873 1271 1058 1319 urbem
1091 1263 1320 1334 Nauplio
1353 1264 1665 1318 Graecorum
1700 1261 1899 1330 Oppido
1943 1261 2064 1313 lini-

490 1359 679 1412 timatn
712 1356 953 1408 vendidit
1000 1355 1141 1408 haud
1185 1370 1380 1424 magno
1420 1354 1613 1421 pretio.
1677 1352 1922 1419 Spartam
1981 1358 2064 1403 ta—

493 1466 639 1512 men.
693 1465 816 1503 cum
850 1450 903 1503 in
935 1450 1263 1517 colloquium
1290 1448 1523 1501 venisset
1549 1462 1670 1498 eum
1706 1445 1876 1497 Rhodi
1902 1441 2067 1495 Naza-

493 1546 638 1604 τρεῖς.
672 1544 737 1595 iis
769 1557 959 1611 magna
987 1542 1227 1608 pecuniae
1264 1541 1313 1591 vi
1374 1540 1633 1593 vendidit.
1691 1535 1942 1605 Sp.trtaui
1978 1549 2067 1587 co-

497 1641 648 1707 gnito
685 1653 742 1691 se
774 1636 1008 1688 traditos
1047 1650 1167 1687 esse
1194 1650 1223 1686 a
1278 1648 1378 1686 suo
1406 1634 1565 1694 duce,
1602 1630 1694 1699 qui
1725 1644 1788 1683 eo
1827 1639 2070 1695 tempore

500 1686 641 1707 0"“‘
686 1686 788 1691 -η
872 1686 1003 1688 ν
1156 1686 1159 1687 ν
1555 1686 1631 1699 ..
1942 1686 1954 1695 .

500 1733 713 1790 aberat,
772 1729 968 1790 Rhodi,
1016 1727 1276 1779 admoniti
1332 1743 1360 1777 a
1409 1710 1508 1778 suo
1561 1726 1839 1792 episc0po,
1889 1718 1981 1788 qui
2019 1719 2067 1770 id
2098 1686 2144 1743 Β

504 1824 765 1875 indicium
804 1820 1036 1883 fecerat,
1066 1820 1116 1871 in
1150 1818 1433 1871 comitium
1468 1826 1785 1870 evocantur.
1828 1813 1904 1866 lbi
1940 1812 2078 1865 mul-

502 1916 572 1969 tis
605 1915 746 1967 ultro
802 1909 1318 1979 citroquejactatis,
1348 1910 1785 1979 conjurationem
1842 1905 2073 1969 faciunt,

498 2016 553 2059 et
595 2003 925 2057 unanimiter
988 2002 1335 2070 conspirant,
1390 2017 1455 2057 se
1513 2001 1642 2055 nulli
1695 1998 2073 2057 Nazartcorum

498 2096 611 2166 (59)
646 2096 851 2149 aditum
882 2094 946 2147 ad
981 2109 1040 2148 se
1070 2108 1464 2147 concessuros:
1503 2093 1611 2145 imo
1643 2096 1861 2162 quidvis
1889 2097 2074 2166 potius

500 2189 630 2242 mali
655 2186 959 2246 subituros,
989 2199 1150 2254 quam
1183 2184 1499 2238 Latinorum
1549 2184 1825 2240 Nazarmis
1877 2202 2076 2256 parere

504 2280 692 2332 velint.
726 2278 845 2341 Quo
879 2293 964 2330 res
1009 2277 1109 2331 ista
1139 2275 1345 2345 majore
1376 2278 1711 2332 auctoritate
1766 2290 2071 2349 gereretur,

504 2374 820 2443 episcopum
887 2372 1076 2425 ducem
1125 2380 1334 2424 creant.
1395 2369 1750 2426 Venientibus
1810 2372 2081 2427 Nazarmis

508 2467 751 2527 odieuut,
784 2475 841 2519 ut
885 2463 1145 2518 continuo
1179 2465 1293 2516 suis
1333 2462 1529 2516 ﬁnibus
1580 2463 1953 2519 discederent;
1997 2466 2082 2519 sin

511 2558 711 2622 minus,
746 2572 804 2612 se
833 2571 925 2610 eos
945 2571 1038 2621 pro
1068 2554 1317 2608 hostibus
1341 2553 1641 2608 habituros.
1669 2555 1729 2609 lii
1761 2556 1931 2625 igitur
1956 2571 2080 2609 cum

510 2662 741 2706 conatus
775 2664 963 2702 omnes
993 2647 1252 2701 caderent
1297 2646 1466 2711 irriti,
1504 2648 1707 2711 abiere,
1741 2649 1890 2716 quasi
1908 2648 2087 2718 profe-

509 2745 649 2798 cturi
670 2743 736 2796 ad
783 2742 972 2795 dueem
1022 2739 1373 2794 Theodorum
1412 2738 1737 2794 Theodorus
1760 2740 2089 2794 ubirescivit

513 2849 627 2889 rem
646 2835 801 2903 longe
818 2832 971 2885 aliter
989 2846 1151 2900 quam
1170 2832 1427 2900 agitasset
1446 2831 1649 2888 animo.
1664 2835 1927 2892 evenisse.
1945 2832 2092 2900 lega-

516 2942 596 2981 tos
643 2926 706 2979 ad
747 2924 1048 2995 Spartanos
1064 2922 1236 2984 misit,
1258 2931 1566 2975 tentaturus
1582 2938 1767 2976 eorum
1791 2922 2021 2981 animos.
2043 2922 2087 2975 si

2155 434 2424 504 Μεθώνην
2475 431 2650 501 χωρία
2688 444 2702 459 ο
2751 427 3043 493 Ίαγούπης
3109 421 3166 474 δὲ
3215 423 3243 472 ὁ
3290 419 3388 487 τῆς
3454 414 3724 484 Εὐρώπης

2156 527 2405 599 ἡγεμὼν,
2434 525 2766 594 ἀφικόμενος
2796 522 2850 584 ἐς
2883 520 2943 573 τδ
3005 519 3208 587 Ἀργος
3260 514 3591 582 ἐπολιόρκει.
3638 512 3727 563 ’Τὸ

2158 623 2216 675 δὲ
2252 624 2316 675 'A
2329 638 2457 690 ργος
2486 620 2675 673 τοῦτον
2705 620 2795 671 τὸν
2824 617 3015 688 χρόνον
3045 614 3318 681 κατεῖχον.
3374 606 3635 660 ’Ᾱπέδοτο
3666 604 3727 656 δὲ

2157 715 2450 783 Θεόδωρος,
2479 714 2506 765 ό
2536 715 2633 779 τῆς
2673 712 2928 781 Σπάρτης
2957 706 3203 780 ἡγεμὼν,
3236 704 3312 767 ὡς
3357 701 3578 767 ἀπέγνω
3611 700 3727 759 τοῖς

2163 806 2390 875 Ἕλλησι
2416 804 2515 869 τὴν
2550 802 2821 873 σωτηρίαν
2848 801 2923 868 τῷ
2957 817 3013 852 τε
3047 796 3345 863 Βυζαντίῳ,
3384 790 3516 861 πρὸς
3545 790 3602 841 δὲ
3630 788 3726 841 καὶ

2161 902 2226 968 τῇ
2255 899 2669 965 Πελοποννήσῳ,
2700 898 2792 948 καὶ
2821 895 2913 946 ἐπὶ
2946 892 3112 961 ξηροῦ
3148 891 3333 957 ἀκμῆς
3362 884 3463 955 ἤδη
3495 882 3727 949 ἐστηκό·

2161 1008 2229 1044 τα
2257 992 2324 1043 re
2360 990 2469 1042 τῶν
2504 989 2773 1056 Ἑλλήνων
2804 986 3130 1056 πράγματα,
3162 981 3283 1031 τότε
3350 978 3552 1044 Ἀργος
3589 975 3725 1040 ὄμο-

2166 1100 2258 1150 ρον
2290 1081 2348 1134 ὃν
2385 1079 2667 1149 Ναυπλίῳ,
2724 1078 2878 1131 πόλει
2928 1077 3036 1129 τῶν
3091 1069 3443 1141 Ἑλληνικῶν,
3501 1068 3730 1121 ἀπέδοτο

2164 1176 2224 1227 ού
2247 1174 2463 1227 πολλοῦ.
2498 1176 2606 1225 Καὶ
2643 1173 2901 1240 Σπάρτην
2926 1169 2983 1221 δὲ
3016 1170 3129 1229 τοῖς
3160 1167 3271 1219 ἀπο
3329 1165 3509 1219 Ῥόδου
3542 1161 3732 1230 Nactu-

2170 1267 2339 1334 ραίοις
2363 1268 2419 1327 ἐς
2449 1266 2640 1333 λόγους
2672 1264 3006 1330 ἀφικόμενος
3049 1260 3276 1313 ἀπέδοτο
3306 1257 3502 1310 πολλοῦ
3564 1272 3730 1314 τινος.

2169 1362 2229 1413 Oi
2269 1361 2366 1429 μὲν
2405 1360 2740 1429 Σπαρτιᾶται
2771 1358 2843 1418 ὡς
2891 1356 3119 1425 ᾔσθοντο
3174 1350 3571 1420 προδεδομένοι,
3630 1349 3736 1400 ὑπὸ

2167 1454 2258 1506 τοῦ
2280 1454 2426 1520 σφῶν
2455 1452 2634 1506 αὐτῶν
2682 1452 2972 1522 ἡγεμόνος,
3007 1448 3157 1513 ἀπῆν
3210 1449 3319 1514 γὰρ
3367 1444 3489 1497 τότε
3521 1446 3739 1508 ἐνάγον-

2169 1562 2260 1607 τος
2282 1546 2325 1576 ⁷⁸
2356 1544 2449 1596 τοῦ
2490 1544 2745 1613 Σπάρτης
2777 1540 3100 1611 ἀρχιερέως,
3149 1539 3302 1607 κοινῇ
3351 1553 3411 1588 τε
3462 1534 3737 1595 συνιέντες

2178 1638 2328 1706 σφίσι
2359 1639 2516 1704 λόγον
2553 1637 2811 1694 ἐδίδοσαν,
2848 1635 2936 1687 καὶ
2969 1633 3289 1685 συνίσταντο
3337 1630 3616 1699 ἀλλήλοις,
3643 1628 3738 1681 καὶ

2177 1730 2537 1793 συνετίθεντο,
2567 1727 2638 1790 ὡς
2669 1729 2845 1780 οὐδενὶ
2862 1726 3239 1796 ἐπιτρέψοντες
3270 1723 3531 1776 εἰσελθεῖν
3556 1725 3610 1784 ἐς
3637 1722 3735 1790 τὴν

2178 1825 2335 1876 πόλιν
2371 1823 2477 1874 τῶν
2505 1821 2837 1889 Ναζηραίων
2870 1835 2883 1849 ⁸
2917 1821 3025 1871 πᾶν
3053 1819 3107 1871 δὲ
3131 1819 3158 1870 ὅ
3186 1836 3236 1869 τι
3262 1820 3327 1871 ἂν
3360 1818 3469 1871 δέοι
3503 1818 3736 1886 χαλεπὸν

2178 1916 2559 1985 πεισομένους,
2623 1914 2729 1983 πρὸ
2786 1912 2879 1965 τοῦ
2942 1910 3280 1981 Ναζηραίοις
3323 1912 3435 1972 τοῖς
3492 1909 3740 1961 Λατίνων

2182 2005 2489 2061 πείθεσθαι.
2531 2005 2858 2075 Ἑστήσαντο
2887 2004 2942 2056 δὲ
2979 2003 3127 2071 σφίσι
3155 2005 3250 2056 καὶ
3271 2001 3361 2054 τόν
3391 2018 3451 2068 γε
3483 2001 3745 2070 ἀρχιερέα

2181 2103 2419 2173 ἄρχοντα
2439 2102 2530 2153 ἐπὶ
2552 2101 2726 2170 τούτῳ
2768 2115 2782 2130 ·
2816 2100 2911 2152 καὶ
2944 2098 3204 2149 ἐλθόντων
3233 2097 3341 2148 τῶν
3394 2096 3741 2164 Ναξηραίων,

2181 2198 2620 2267 προηγορεύοντο
2648 2192 3097 2248 ἀπαλλάσσεσθαι
3131 2191 3228 2258 τὴν
3256 2190 3514 2259 ταχίστην
3541 2203 3555 2217 ’
3594 2190 3644 2240 εί
3691 2189 3744 2239 δὲ

2185 2292 2284 2361 μὴ,
2332 2288 2688 2359 περιόψεσθαι
2716 2287 2788 2348 ὡς
2825 2285 3139 2351 πολεμίους.
3173 2282 3332 2336 Οὗτοι
3380 2284 3476 2347 μὲν
3526 2280 3616 2333 οὖν
3668 2278 3745 2348 ᾧ·

2183 2399 2339 2454 χοντο
2367 2380 2835 2448 ἀπαλλασσόμενοι
2861 2378 2934 2437 ὡς
2965 2379 3061 2430 ἐπὶ
3085 2378 3178 2430 τὸν
3229 2375 3493 2444 ἡγεμόνα,
3526 2375 3599 2433 ὡς
3651 2373 3747 2425 ού-

2184 2479 2272 2530 δὲν
2293 2477 2348 2537 ἐς
2377 2473 2532 2528 τοῦτο
2563 2472 2714 2541 σφίσι
2773 2472 3100 2542 προεχώρει.
3154 2470 3425 2538 Θεόδωρος
3476 2465 3532 2520 δὲ
3577 2466 3604 2518 δ
3651 2465 3746 2533 τῆς

2186 2570 2443 2638 Σπάρτης
2466 2567 2709 2637 ἡγεμὼν,
2737 2566 2808 2627 ὡς
2844 2565 3039 2635 ᾔσθετο
3068 2563 3128 2616 τὸ
3190 2564 3442 2632 πρᾶγμα.
3492 2560 3568 2622 ὡς
3625 2559 3748 2610 τοὺ-

2185 2660 2399 2714 ντντίον
2459 2658 2491 2728 ἢ
2554 2657 2807 2711 ἐϐούλετο
2868 2656 3131 2725 περιέστη
3191 2653 3379 2722 αὐτῷ,
3438 2651 3633 2718 λόγους
3693 2666 3749 2700 τε

2188 2753 2435 2822 ἔπεμπεν
2463 2746 2620 2815 αὖθις
2652 2750 2799 2818 παρὰ
2831 2750 2956 2809 τοὺς
2980 2748 3347 2813 Σπαρτιάτας,
3373 2741 3751 2810 ἀποπειρώμεα

2189 2864 2277 2908 νος
2301 2843 2606 2910 ειδέξαιντο
2634 2842 2712 2895 ἔτι
2765 2841 2925 2893 αύτ²ν
2980 2839 3137 2901 αὖθις
3186 2838 3502 2889 ἐπανιόντα.
3570 2832 3658 2894 ⁸ος
3695 2832 3753 2886 δὲ

2191 2934 2647 3005 διαπειρωμένου,
2709 2932 2996 3001 προσίεντο
3042 2929 3169 2990 τοὺς
3227 2926 3438 2995 λόγους,
3491 2922 3639 2994 ἐσῄει
3696 2921 3752 2975 δέ

523 3018 838 3073 redeuntem
865 3016 1045 3070 denuo
1063 3014 1341 3084 suscipere
1365 3015 1581 3069 vellent.
1602 3012 1671 3068 Ut
1689 3022 2087 3068 autemtentan-

2192 3035 2291 3101 τὴν
2319 3031 2493 3092 πόλιν,
2526 3029 2686 3099 ὅρκια
2705 3024 3075 3093 ποιησάμενος
3100 3022 3296 3091 μηκέτι
3323 3016 3419 3071 τοῦ
3452 3015 3642 3070 λοιποῦ
3664 3016 3754 3067 ἐπὶ

515 3113 587 3166 tis
617 3110 954 3166 admiserunt
987 3107 1288 3171 orationes,
1331 3121 1617 3175 regressus
1652 3115 1734 3160 est
1779 3108 1830 3158 in
1870 3106 2083 3167 urbem,

516 3207 673 3260 tidem
710 3214 869 3267 dans,
905 3202 1224 3270 interposita
1280 3198 1645 3271 jurisjurandi
1678 3199 1966 3268 religione,
2027 3213 2088 3255 se

516 3298 652 3352 nihil
705 3294 1013 3365 hujusmodi
1063 3292 1296 3363 amplius
1328 3293 1380 3345 in
1416 3293 1653 3345 animum
1710 3291 2085 3348 inducturum.

517 3390 592 3443 Ea
625 3395 944 3457 tempestate
971 3382 1173 3449 _Veneti
1225 3382 1476 3453 praesidio
1538 3397 1717 3436 arcem
1779 3382 2087 3448 firmarunt,

515 3494 748 3547 eamque
774 3478 1076 3532 obtinuere.
1110 3475 1313 3529 Contra
1371 3477 1544 3544 Argos
1594 3472 1806 3536 urbem,
1863 3484 1921 3528 ut
1969 3490 2087 3528 eam

516 3579 877 3641 oppugnaret,
916 3585 1124 3624 summa
1164 3569 1210 3622 vi
1236 3566 1473 3636 Jugttpt‘s
1516 3567 1699 3636 copias
1751 3564 1943 3620 duxit:
1996 3581 2090 3635 ag-

521 3678 854 3732 gt‘csSIIS'lue
886 3676 1103 3714 murum
1137 3662 1365 3728 sacpius,
1424 3659 1559 3710 nihil
1592 3648 1927 3727 proﬁciebat.
1979 3654 2092 3713 Nec

524 3757 694 3809 multo
730 3761 847 3823 post
876 3768 1000 3806 cum
1031 3752 1219 3805 urbem
1253 3751 1466 3804 duobus
1495 3753 1545 3801 in
1577 3749 1713 3803 locis
1740 3748 1898 3800 simul
1930 3747 2092 3800 ador-

526 3860 614 3901 tus
640 3854 808 3907 esset,
837 3858 956 3899 eam
980 3858 1173 3912 capere
1196 3857 1406 3896 summa
1435 3857 1537 3911 ope
1570 3841 1866 3894 nitebatur.
1932 3838 2097 3907 υιψί⁴

523 3940 680 3992 dauis
702 3945 881 3991 autem
906 3936 1070 4004 quiin
1096 3935 1320 3987 sinistra
1369 3934 1522 3987 urbis
1547 3942 1701 4002 parte
1746 3930 2093 3993 resistebant,

524 4030 752 4099 patricus
805 4036 1004 4087 terror,
1068 4034 1282 4092 spectt'u
1335 4022 1470 4085 tiso,
1512 4020 1774 4089 injicitur.
1830 4014 2098 4072 Putabant

524 4123 670 4176 enim
706 4136 765 4175 se
793 4119 997 4173 vidisse
1028 4116 1202 4169 virum
1247 4115 1534 4183 quemdam
1567 4112 1877 4182 indigenam
1912 4112 2099 4164 dicen-

527 4225 658 4282 tem,
712 4214 902 4269 urbem
957 4211 1010 4265 in
1063 4210 1255 4264 dextra
1299 4217 1451 4276 parte
1501 4220 1609 4276 qua
1659 4205 2097 4276 oppugnabatur,

525 4317 739 4378 captam
780 4320 924 4361 esse.
957 4300 1168 4357 Relicto
1203 4300 1383 4368 itaque
1415 4299 1532 4353 loco
1568 4299 1694 4363 isto,
1730 4300 1901 4351 citato
1925 4298 2099 4367 agmi-

528 4418 596 4454 ne
628 4399 1030 4453 contenderunt
1060 4396 1128 4449 ad
1176 4401 1421 4448 dextram
1482 4392 1633 4445 urbis
1683 4400 1913 4458 partem.
1966 4388 2100 4443 llinc
2129 4388 2179 4445 Β

532 4495 714 4545 hostes
736 4489 973 4558 stnuptis
990 4487 1188 4541 animis
1213 4500 1397 4538 muros
1422 4491 1773 4553 superarunt,
1804 4483 2105 4549 urbemque

528 4584 678 4635 illam
717 4580 886 4647 gloria
918 4590 973 4631 et
1003 4584 1270 4630 vetustate
1304 4584 1648 4645 priestautem
1698 4572 1748 4624 vi
1800 4584 2109 4638 occupave-

531 4689 613 4735 re,
642 4672 965 4741 penitusque
1004 4668 1302 4737 diripuere.
1368 4666 1494 4719 Inde
1547 4664 1886 4732 collegerunt
1943 4663 2109 4716 Turci

534 4765 930 4834 inaucipiorum
965 4771 1075 4815 tres
1100 4758 1411 4832 myriadcs:
1456 4772 1576 4828 qua:
1623 4758 1805 4810 omnia
1840 4757 1891 4808 in
1920 4756 2105 4809 Asiam

532 4865 914 4930 deportarunt,
942 4858 1125 4924 ibique
1158 4856 1404 4910 habitare
1426 4854 1755 4924 jusserunt:
1790 4867 1890 4905 nec
1922 4864 2101 4903 tamen

534 4954 682 5024 potui
716 4953 986 5011 invenire,
1011 4960 1071 5003 ut
1107 4948 1325 5003 credam
1361 4947 1415 4999 id
1449 4962 1635 5001 verum
1660 4960 1815 4999 esse:
1848 4958 1948 4996 nec
1973 4957 2107 5009 prae-

535 5058 684 5101 terea
725 5057 1059 5114 cognoscere
1097 5041 1270 5111 potui,
1314 5041 1439 5109 quis
1482 5039 1657 5102 locus,
1693 5049 1900 5091 utcum
1958 5036 2108 5089 ineo-

537 5143 736 5203 lerent,
780 5139 914 5207 ipsis
949 5136 1003 5188 in
1039 5136 1167 5189 Asia
1197 5149 1226 5186 a
1260 5150 1384 5203 rege
1422 5133 1660 5201 Pajazite
1710 5130 1983 5199 ascriptus
2015 5127 2108 5180 sit.

534 5235 794 5304 .lagupes,
825 5233 1033 5300 direpta
1082 5228 1233 5299 Argo
1277 5229 1410 5282 urbe
1440 5226 1847 5295 antiquissima,
1904 5218 2115 5276 exerci-

2190 3127 2313 3180 νοῦν
2340 3122 2599 3195 βαλέσθαι
2627 3119 2888 3173 τοιοῦτον.
2919 3115 3051 3168 Τότε
3106 3115 3154 3165 οἱ
3204 3110 3454 3165 Οὑενετοὶ
3515 3108 3752 3177 φρουρὰν

2190 3221 2247 3281 ἐς
2298 3218 2398 3287 τὴν
2454 3211 2755 3285 ἀκρόπολιν
2821 3206 3236 3277 ἀποφηνάμενοι
3297 3203 3570 3270 κατεῖχον.
3637 3199 3756 3250 Ἐπὶ

2190 3311 2346 3366 τοῦτο
2380 3308 2435 3360 δὲ
2464 3308 2526 3358 τὸ
2554 3306 2754 3374 Ἀργος
2782 3301 3069 3369 Ἰαγούπης
3096 3300 3123 3351 ό
3147 3298 3465 3366 Παιαζήτεω
3497 3294 3757 3365 βασιλέως

2193 3402 2495 3474 στρατηγὸς
2520 3400 2594 3463 ὡς
2623 3396 3000 3467 ἐστρατεύετο,
3032 3393 3341 3460 ἐπολιόρκει
3372 3407 3430 3442 τε
3465 3388 3568 3442 ἀνά
3618 3385 3757 3455 κρά-

2191 3516 2307 3563 τος,
2332 3497 2428 3549 καὶ
2472 3493 2832 3566 προσϐάλλων
2888 3490 2964 3560 τῷ
3016 3487 3186 3556 τείχει
3228 3483 3377 3551 θαμά
3433 3481 3534 3533 οὐκ
3598 3477 3757 3531 ἀνίει.

2193 3590 2348 3646 Μετά
2372 3589 2427 3640 δὲ
2450 3587 2510 3639 οὐ
2546 3585 2716 3639 πολὺν
2739 3582 2950 3652 χρόνον,
2981 3579 3054 3641 ὠς
3088 3575 3195 3629 ἀπὸ
3221 3575 3364 3627 δυοῖν
3418 3572 3533 3639 ἅμα
3576 3570 3761 3621 τόπων

2196 3680 2567 3751 προσϐάλλων,
2597 3676 2860 3745 ἐπειρᾶτο
2886 3671 2980 3724 τοῦ
3014 3669 3238 3741 χωρίου,
3268 3664 3477 3734 γίνεταί
3506 3680 3558 3715 τι
3600 3661 3761 3728 δεῖμα

2195 3779 2306 3838 τοῖς
2333 3778 2390 3827 ὲν
2417 3775 2481 3843 τῇ
2511 3771 2665 3823 πόλει
2720 3768 3000 3828 πάνοικον,
3051 3764 3163 3823 τοῖς
3218 3757 3312 3811 ἐπὶ
3364 3757 3440 3825 τῷ
3500 3754 3763 3821 εὐωνύμῳ

2196 3870 2295 3935 τῆς
2323 3867 2533 3926 πόλεως
2562 3863 2719 3931 μέρει
2749 3855 3133 3926 ἀμυνομένοις,
3163 3853 3237 3913 ὡς
3261 3849 3416 3914 δόξαν
3446 3849 3626 3905 αὐτοῖς
3669 3846 3760 3899 ἄν-

2201 3960 2418 4030 θρωπόν
2463 3973 2587 4009 τινα
2631 3954 2739 4005 τῶν
2790 3948 3100 4018 ἐπιχωρίων
3141 3946 3390 4013 φήσαντα
3442 3943 3633 3998 εἰπεῖν.
3691 3940 3761 4000 ὡς

2202 4029 2395 4119 ὲάλωὴ
2427 4048 2580 4109 πόλις
2613 4043 2723 4098 ἀπὸ
2782 4041 2876 4094 τοῦ
2924 4037 3123 4105 δεξιοῦ.
3177 4036 3286 4088 Καὶ
3333 4032 3652 4093 ἐκλιπόντας
3707 4029 3765 4081 τὸ

2201 4150 2400 4220 χωρίον
2423 4146 2601 4209 τοῦτο,
2641 4142 2777 4195 ἰέναι
2817 4139 3001 4210 δρόμῳ
3034 4136 3128 4188 ἐπὶ
3181 4133 3242 4184 τὸ
3270 4130 3464 4194 δεξιόν.
3508 4125 3767 4180 Ἐνταῦθα

2203 4219 2257 4295 δὲ
2293 4237 2708 4307 ἀναϐεϐηκότας
2732 4234 2790 4286 τὸ
2820 4234 2999 4300 τεῖχος
3047 4228 3175 4289 τοὺς
3242 4224 3553 4293 πολεμίους,
3598 4219 3767 4325 ταὲῦτῃ

2207 4337 2350 4387 ἑλεῖν
2378 4350 2437 4385 τε
2467 4331 2605 4385 κατά
2642 4328 2841 4395 κράτος
2872 4325 2972 4394 τὴν
3018 4321 3196 4384 πόλιν,
3228 4317 3323 4370 καὶ
3385 4314 3772 4383 ἀνδραποδίσα-

2210 4428 2331 4479 σθλι
2357 4425 2510 4477 πόλιν
2540 4438 2644 4489 περ
2672 4418 2816 4488 φανῆ
2865 4433 2925 4468 τε
2981 4415 3078 4467 καὶ
3124 4408 3382 4464 παλαιάν.
3447 4403 3774 4472 Ἀνδράποδα

2206 4520 2260 4573 δὲ
2293 4520 2507 4585 λέγεται
2540 4511 2795 4583 γενέσθαι
2817 4506 3069 4561 ἐντεῦθεν
3089 4508 3198 4565 τοῖς
3229 4501 3491 4568 Τούρκοις
3521 4495 3595 4555 ὼς
3615 4507 3769 4585 τρισ-

2211 4611 2400 4681 μύρια.
2459 4605 2800 4673 Κατοικῆσαι
2845 4600 2943 4669 μὲν
2989 4597 3211 4656 τούτους
3246 4594 3465 4656 λέγεται
3521 4583 3773 4654 βασιλεὺς

2211 4673 2268 4767 ἐς
2291 4673 2389 4772 τὴν
2425 4702 2613 4753 Ἀσίαν
2649 4713 2663 4727 '
2697 4697 2795 4749 οὐκ
2821 4695 2929 4763 ἔχω
2961 4692 3018 4744 δὲ
3049 4687 3206 4741 τοῦτο
3269 4678 3643 4751 συμϐαλέσθαι
3701 4673 3775 4734 ὠς

2215 4799 2303 4859 εἰη
2322 4767 2536 4862 ἀληθὲς,
2560 4791 2618 4842 οὐ
2648 4789 2944 4854 δυνάμενος
3002 4780 3244 4847 ἐξευρεῖν
3276 4767 3774 4837 διαπυνθανομένῳ,

2210 4890 2333 4940 ὅποι
2364 4884 2461 4950 τῆς
2515 4879 2699 4941 Ἀσίας
2734 4873 2879 4931 οὗτοι
2933 4866 3411 4940 κατῴκηνταιὺπὸ
3462 4860 3775 4931 ΙΙαιαζὴτεω

2216 4978 2503 5050 βασιλέως.
2550 4973 2845 5041 Ίαγούπης
2881 4967 2979 5038 μὲν
3012 4961 3104 5018 οὖν
3129 4963 3202 5023 ὼς
3231 4960 3291 5013 τὸ
3336 4959 3538 5027 Ἀργος
3586 4953 3779 5050 ἠνδραά

2216 5074 2492 5131 ποδίσατο,
2529 5068 2787 5136 ἀπήγαγε
2819 5064 2908 5115 τὸν
2976 5064 3246 5127 στρετύνυ
3310 5054 3447 5123 μετά
3505 5050 3562 5103 δὲ
3614 5044 3778 5100 ταῦτα

2218 5164 2494 5235 Βρενέζης
2546 5176 2605 5212 τε
2658 5157 2851 5210 αὐτίκα
2903 5152 2994 5204 ἐπὶ
3045 5150 3185 5219 μέγα
3239 5147 3437 5216 ἐχώρει
3480 5140 3776 5208 δυνάμεως.

2228 5255 2553 5324 συμϐάλλων
2587 5268 2645 5304 τε
2670 5251 2723 5313 ἐς
2744 5249 2839 5318 τὴν
2869 5243 3297 5309 Πελοπόννησον,
3331 5239 3421 5291 καὶ
3446 5238 3502 5298 ἐς
3536 5234 3633 5301 τὴν
3682 5244 3781 5280 παι

1808 5410 2053 5472 Nolulea
2088 5403 2489 5481 marginales.

609 5549 724 5617 (359)
762 5548 956 5603 Rhodii
991 5547 1214 5615 Equites
1248 5547 1517 5615 intellige.

615 5733 661 5767 "
698 5732 1013 5798 ἀνάγοντες.
1037 5726 1101 5781 R.
1140 5739 1189 5779 ut
1222 5746 1269 5780 ε.
