4016 6216
469 233 568 294 Ῑ⁹λ3

1605 224 1913 285 LAONICI
1954 221 2390 286 CHALCOCON
2403 223 2611 283 DYLrE

3604 207 3709 267 1C4.

468 346 667 413 ετιιιιίιιε
720 344 1153 415 Peloponnesum
1204 352 1485 407 tentasset,
1533 344 1747 398 laudent
1776 343 1840 398 ad
1882 359 2051 414 popu-

2177 349 2585 413 ιελοπόννησον,
2611 341 2746 397 ἀλλᾶ
2795 343 2891 395 καὶ
2919 340 2987 391 τὰ
3024 336 3151 405 περὶ
3210 332 3470 402 Κορώνην
3518 345 3573 381 τε
3616 346 3711 380 και

474 440 706 492 lationes
744 439 985 491 animum
1042 436 1333 498 convertit,
1373 436 1663 490 devastans
1700 436 2039 504 Pel0ponne-

472 547 591 585 sum
639 537 692 585 et
744 530 847 583 alia
888 529 1116 583 Corona:
1169 527 1544 597 Methonzeque
1611 527 1839 581 ﬁnitima
1898 527 2037 580 loca.

470 622 708 693 Jagupes
734 622 959 692 Europze
979 621 1087 674 dux
1119 635 1242 674 eum
1271 620 1515 674 exercitu
1550 620 1843 682 accedens,
1871 619 2043 689 Argos

474 716 666 769 urbem
728 728 1037 784 oppugnare
1072 727 1360 781 aggressus
1386 720 1504 766 est:
1560 724 1789 779 eamque
1815 725 1879 764 eo
1905 720 2042 764 tem-

474 823 603 878 pore
632 806 732 875 51
759 805 1012 859 obtinuit.
1046 805 1112 859 At
1150 803 1472 859 Theodorus
1513 801 1721 871 Spartae
1754 799 1862 854 dux
1904 801 2046 853 hanc

475 908 661 955 urbem
694 899 1034 964 vendiderat,
1066 914 1186 953 cum
1235 897 1407 953 Grazci
1454 899 1567 968 jam
1594 896 1948 965 desperarent
1979 893 2047 947 de.

478 995 723 1065 Byzantii
784 993 1260 1061 Peloponnesique
1294 991 1486 1054 salute,
1546 991 1895 1060 ipsorumque
1959 1002 2048 1040 res

476 1089 531 1140 in
569 1087 889 1157 gravissima
928 1085 1169 1155 pericula
1207 1084 1453 1139 adductae
1493 1091 1695 1137 essent.
1740 1081 1895 1134 Tunc
1950 1079 2049 1149 igi-

477 1188 588 1242 tUr,
623 1195 745 1232 cum
772 1177 1084 1232 Graecorum
1123 1193 1205 1230 res
1266 1177 1318 1229 in
1353 1175 1575 1244 ancipiti
1611 1176 1873 1227 haererent
1907 1173 2052 1239 peri-

479 1273 621 1336 eulo,
658 1272 832 1338 Argos
863 1275 1048 1323 urbem
1081 1267 1310 1338 Nauplio
1343 1243 1655 1322 ﬁneseorum
1690 1265 1889 1335 Oppido
1932 1265 2053 1317 lini-

480 1364 668 1416 timam
702 1359 943 1413 Vendidit
990 1359 1131 1412 haud
1176 1374 1370 1427 magno
1410 1358 1602 1425 pretio.
1666 1356 1912 1422 Spartam
1970 1362 2054 1407 ta-

483 1470 629 1516 men,
682 1469 805 1507 cum
840 1454 892 1506 in
924 1454 1252 1521 colloquium
1280 1451 1512 1505 venisset
1539 1465 1659 1501 cum
1696 1448 1865 1500 Rhodi
1892 1444 2056 1499 Naza-

483 1549 628 1609 ratis,
661 1547 726 1600 iis
759 1561 949 1615 magna
977 1546 1217 1612 pecuniae
1255 1544 1303 1595 vi
1364 1543 1623 1596 vendidit.
1680 1539 1931 1609 Spartani
1968 1552 2057 1591 eo-

487 1645 637 1711 gnito
674 1657 732 1695 se
764 1640 998 1693 traditos
1037 1654 1157 1691 esse
1184 1654 1213 1690 a
1268 1652 1367 1689 suo
1396 1638 1554 1697 duce,
1592 1634 1683 1702 qui
1714 1648 1778 1686 eo
1817 1643 2060 1698 tempore

490 1689 632 1711 U""'
676 1689 729 1695 --
766 1689 994 1693 πίννη*
1045 1689 1052 1691 “
1111 1689 1150 1691 τί
1190 1689 1211 1690 η
1544 1689 1554 1697 υ
1612 1689 1620 1702 .
1932 1689 1944 1698 .

490 1738 703 1795 aberat,
762 1732 959 1794 Rhodi,
1006 1730 1266 1783 admoniti
1322 1746 1350 1781 a
1399 1716 1498 1781 suo
1551 1730 1829 1795 episcolto,
1879 1722 1971 1792 qui
2009 1722 2057 1775 id
2088 1689 2134 1747 Β

494 1827 755 1880 iudicium
794 1824 1026 1887 fecerat,
1055 1824 1105 1876 in
1139 1821 1423 1874 comitium
1457 1830 1775 1873 evocantur.
1819 1816 1893 1869 lbi
1930 1816 2068 1868 mul-

493 1920 563 1974 tis
596 1919 736 1971 ultro
792 1916 1039 1983 citroque
1064 1913 1308 1982 jactatis,
1338 1913 1775 1983 coojurationem
1832 1907 2063 1972 faciunt,

488 2020 543 2064 et
585 2007 916 2062 unanimiter
978 2006 1325 2073 conspirant,
1381 2020 1445 2061 se.
1503 2005 1631 2058 nulli
1684 2001 2063 2061 Nazarteorum

489 2100 602 2171 (59)
636 2100 841 2152 aditum
873 2099 936 2151 ad
972 2113 1030 2151 se
1060 2111 1454 2151 emicessuros:
1494 2097 1601 2149 imo
1633 2099 1851 2165 quidvis
1879 2099 2064 2169 potius

491 2191 949 2250 ιναΙὶειιυίιιινυε.
979 2204 1140 2257 quam
1173 2187 1490 2241 Latinorum
1539 2187 1815 2243 Nazaraeis
1867 2205 2067 2259 parere

494 2284 683 2336 velint.
716 2283 835 2346 Quo
869 2297 955 2334 res
998 2281 1099 2335 ista
1130 2278 1335 2349 majore
1366 2282 1701 2336 auctoritate
1756 2293 2062 2353 gereretur,

495 2379 811 2447 episcopum
877 2377 1066 2429 ducem
1114 2383 1324 2427 creant.
1386 2372 1740 2429 Venientibus
1800 2375 2071 2430 Nazarazis

499 2472 741 2531 edicimt,
774 2479 831 2523 ut
875 2467 1136 2522 continuo
1169 2469 1284 2521 suis
1324 2466 1519 2520 ﬁnibus
1570 2467 1943 2523 discederent:
1987 2470 2072 2522 sin

501 2562 702 2625 minus,
736 2576 794 2615 se
822 2575 916 2614 eos
936 2575 1029 2625 pro
1058 2558 1307 2612 hostibus
1331 2556 1631 2611 habituros.
1659 2558 1720 2612 lli
1752 2559 1921 2628 igitur
1946 2574 2070 2613 cum

500 2666 732 2710 conatus
765 2668 953 2707 omnes
983 2651 1242 2705 caderent
1286 2650 1456 2714 irriti,
1494 2652 1697 2715 abiere,
1731 2653 1880 2720 quasi
1899 2652 2078 2722 prole

500 2747 726 2803 cturiad
774 2746 963 2799 ducem
1013 2743 1363 2798 Theodorum
1402 2742 1728 2798 Theodorus
1751 2744 1837 2797 ubi
1858 2743 2079 2797 rescivit

504 2854 617 2894 rem
637 2839 792 2907 longe
809 2836 962 2890 aliter
980 2850 1141 2905 quam
1161 2835 1418 2903 agitasset
1436 2835 1640 2890 animo.
1654 2840 1917 2897 evenisse,
1936 2836 2083 2903 lega-

507 2947 587 2985 tos
633 2930 698 2984 ad
738 2926 1757 2999 Spartanosmisit,tentaturuseorum
1781 2926 2012 2984 animos.
2034 2926 2078 2979 si

2144 438 2413 507 Μεθώνην
2465 435 2639 504 χωρία
2676 447 2691 463 ’
2740 430 3031 496 Ἰαγούπης
3097 424 3153 477 δὲ
3203 426 3231 476 ό
3277 422 3375 489 τῆς
3441 417 3711 487 Εὐρώπης

2145 531 2393 602 ἡγεμὼν,
2422 529 2754 597 ἀφικόμενος
2784 526 2838 587 ἐς
2871 523 2932 577 τὸ
2992 522 3195 591 Ἀργος
3248 517 3579 585 ἐπολιόρκει.
3626 514 3713 566 ’Τὸ

2148 627 2205 679 δέ
2241 628 2304 678 Ἀ
2318 642 2445 693 ργος
2474 623 2663 676 τοῦτον
2693 623 2783 674 τὸν
2813 621 3003 691 χρόνον
3033 617 3306 684 κατεῖχον.
3361 608 3623 663 Ἀπέδοτο
3653 606 3714 659 δὲ

2146 719 2438 787 Θεόδωρος,
2468 717 2495 768 ὁ
2524 717 2622 783 τῆς
2662 716 2916 784 Σπάρτης
2945 709 3191 783 ἡγεμὼν,
3224 707 3299 769 ὡς
3345 703 3566 771 ἀπέγνω
3599 703 3714 761 τοῖς

2151 810 2378 878 Ἕλλησι
2405 807 2504 873 τὴν
2539 806 2810 877 σωτηρίαν
2837 805 2911 872 τῷ
2946 820 3002 855 τε
3035 799 3333 865 Βυζαντίῳ,
3372 794 3505 863 πρὸς
3534 792 3590 843 δὲ
3618 790 3713 843 καὶ

2150 906 2215 972 τῇ
2244 902 2658 969 Πελοποννήσῳ,
2689 900 2781 951 καὶ
2810 898 2901 949 ἐπὶ
2934 896 3100 965 ξηροῦ
3136 894 3321 960 ἀκμῆς
3350 888 3451 958 ήδη
3483 884 3712 952 ἑστηκόο

2150 1012 2218 1047 τα
2246 996 2314 1046 τὰ
2348 994 2458 1045 τῶν
2493 992 2761 1059 Ἑλλήνων
2793 989 3119 1059 πράγματα.
3150 984 3271 1034 τότε
3338 980 3540 1047 Ἀργος
3578 978 3709 1042 ὃμο-

2155 1104 2247 1153 ρον
2279 1084 2337 1137 ὃν
2374 1082 2656 1153 Ναυπλίῳ,
2713 1081 2867 1134 πόλει
2918 1080 3024 1132 τῶν
3080 1072 3431 1144 Ἑλληνικῶν,
3490 1070 3715 1123 ἀπέδοτο

2110 1190 2121 1205 ’
2153 1179 2213 1231 οὐ
2236 1178 2452 1230 πολλοῦ.
2487 1178 2596 1229 Καὶ
2632 1177 2890 1244 Σπάρτην
2916 1172 2972 1225 δὲ
3006 1173 3117 1232 τοῖς
3149 1170 3259 1222 ἀπὸ
3318 1168 3497 1221 Ῥόδου
3531 1164 3717 1232 Ναζη-

2160 1271 2328 1337 ραίοις
2353 1271 2408 1330 ἐς
2438 1269 2629 1336 λόγους
2661 1267 2995 1333 ἀφικόμενος
3038 1263 3264 1316 ἀπέδοτο
3294 1259 3491 1313 πολλοῦ
3552 1274 3715 1316 τινος.

2158 1366 2218 1417 Οἱ
2259 1365 2355 1432 μὲν
2394 1363 2730 1433 Σπαρτιᾶται
2759 1361 2833 1421 ὡς
2880 1359 3109 1428 ᾔσθοντο
3163 1352 3560 1423 προδεδομένοι,
3619 1352 3723 1403 ὑπὸ

2156 1458 2248 1510 τοῦ
2269 1458 2416 1524 σφῶν
2444 1456 2624 1510 αὐτῶν
2672 1456 2961 1525 ἡγεμόνος,
2996 1451 3146 1516 ἀπῆν
3198 1451 3309 1517 γὰρ
3356 1448 3478 1499 τότε
3510 1449 3725 1511 ἐνάγον-

2159 1566 2250 1611 τος
2272 1550 2315 1580 τ’
2346 1548 2439 1600 τοῦ
2480 1549 2735 1616 Σπάρτης
2766 1543 3089 1615 ἀρχιερέως,
3139 1542 3291 1610 κοινῇ
3340 1556 3400 1590 τε
3451 1537 3723 1597 συνιέντες

2168 1641 2317 1710 σφίσι
2348 1642 2506 1708 λόγον
2543 1640 2801 1697 ἐδίδοσαν,
2837 1638 2926 1690 καὶ
2958 1636 3278 1688 συνίσταντο
3327 1632 3604 1702 ἀλλήλοις,
3631 1631 3725 1683 καὶ

2167 1734 2526 1797 συνετίθεντο,
2557 1731 2628 1793 ὡς
2659 1732 2834 1783 οὐδενὶ
2852 1728 3228 1799 ἐπιτρέψοντες
3260 1726 3519 1778 εἰσελθεῖν
3544 1728 3599 1787 ὲς
3625 1724 3721 1793 τὴν

2169 1828 2325 1879 πόλιν
2360 1826 2467 1878 τῶν
2495 1824 2827 1893 Ναζηραίων
2860 1838 2873 1852 ⁸
2907 1825 3013 1874 πᾶν
3042 1822 3097 1874 δὲ
3120 1822 3148 1873 ὅ
3176 1838 3226 1872 τι
3252 1823 3317 1874 ἂν
3349 1821 3458 1874 δέοι
3492 1820 3723 1889 χαλεπὸν

2168 1919 2549 1987 πεισομένους.
2612 1917 2718 1986 πρὸ
2775 1914 2869 1969 τοῦ
2932 1912 3271 1985 Ναζηραίοις
3312 1914 3425 1975 τοῖς
3480 1912 3727 1964 Λατίνων

2171 2008 2479 2064 πείθεσθαι.
2522 2008 2848 2079 Ἐστήσαντο
2877 2007 2931 2059 δὲ
2968 2006 3116 2074 σφίσι
3146 2008 3240 2059 καὶ
3261 2004 3350 2057 τόν
3381 2021 3442 2070 γε
3472 2004 3732 2073 ἀρχιερέα

2171 2106 2408 2176 ἄρχοντα
2429 2105 2521 2156 ἐπὶ
2542 2103 2717 2173 τούτῳ
2758 2118 2772 2133 ⁸
2806 2103 2901 2155 καὶ
2934 2101 3195 2153 ἐλθόντων
3222 2100 3330 2151 τῶν
3383 2100 3729 2167 Ναζηραίων,

2171 2201 2610 2271 προηγορεύοντο
2639 2195 3087 2251 ἀπαλλάσσεσθαι
3121 2194 3218 2261 τὴν
3245 2193 3503 2261 ταχίστην
3530 2206 3545 2221 ·
3584 2193 3633 2243 εί
3679 2192 3732 2242 δὲ

2176 2296 2274 2364 μὴ,
2322 2291 2679 2362 περιόψεσθαι
2707 2289 2778 2351 ὡς
2816 2288 3129 2354 πολεμίους.
3163 2284 3322 2339 Οὗτοι
3369 2287 3466 2350 μὲν
3515 2283 3606 2335 οὖν
3658 2280 3733 2350 ᾧ·

2174 2403 2329 2457 χοντο
2357 2383 2826 2451 ἀπαλλασσόμενοι
2851 2381 2925 2440 ὡς
2954 2382 3052 2433 ἐπὶ
3075 2381 3168 2433 τὸν
3219 2378 3483 2447 ἡγεμόνα,
3516 2378 3589 2435 ὡς
3641 2376 3736 2428 οὗ-

2174 2482 2262 2533 δὲν
2283 2480 2339 2540 ἐς
2366 2476 2522 2530 τοῦτο
2553 2475 2705 2544 σφίσι
2763 2474 3091 2545 προεχώρει.
3144 2472 3415 2540 θεόδωρος
3465 2468 3521 2522 δὲ
3566 2468 3593 2521 ὁ
3640 2468 3735 2536 τῆς

2176 2574 2433 2642 Σπάρτης
2456 2569 2700 2640 ἡγεμὼν,
2728 2569 2798 2629 ὡς
2834 2568 3030 2638 ᾔσθετο
3058 2567 3118 2618 τὸ
3181 2567 3431 2634 πρᾶγμα.
3482 2562 3558 2624 ὡς
3614 2561 3737 2613 τοῦ·

2176 2664 2389 2717 ναντίον
2450 2662 2481 2731 ἢ
2545 2659 2797 2713 ἐϐούλετο
2859 2659 3122 2727 περιέστη
3182 2656 3369 2724 αὐτῷ,
3428 2654 3623 2721 λόγους
3682 2668 3739 2703 τε

2178 2756 2425 2825 ἔπεμπεν
2454 2749 2610 2817 αὖθις
2642 2753 2791 2821 παρὰ
2821 2753 2946 2812 τοὺς
2970 2751 3337 2816 Σπαρτιάτας,
3364 2743 3740 2813 ἁποπειρώμευ

2180 2867 2267 2911 νος
2292 2847 2596 2913 είδέξαιντο
2624 2845 2703 2898 ἔτι
2756 2844 2916 2896 αὑτῖν
2971 2842 3128 2904 αὖθις
3176 2841 3493 2891 ἐπανιόντα.
3560 2835 3647 2897 Ὦς
3685 2834 3742 2888 δὲ

2181 2937 2637 3008 διαπειρωμένου,
2699 2934 2987 3004 προσίεντο
3033 2931 3160 2992 τοὺς
3217 2928 3429 2997 λόγους,
3482 2924 3628 2997 ἐσῄει
3685 2923 3742 2977 δέ

513 3023 828 3077 redeuntem
856 3021 1035 3074 denuo
1053 3017 1331 3087 suscipere
1356 3019 1572 3073 vellent.
1593 3015 1662 3072 Ut
1680 3026 2076 3072 autemtentan-

2182 3038 2282 3104 τὴν
2309 3034 2483 3095 πόλιν,
2517 3032 2677 3101 ὅρκια
2695 3027 3065 3096 ποιησάμενος
3091 3024 3286 3093 μηκέτι
3313 3019 3410 3074 τοῦ
3443 3017 3632 3073 λοιποῦ
3653 3017 3745 3069 ἐπὶ

505 3118 577 3170 tis
607 3114 943 3170 admiserunt
978 3111 1279 3175 orationes,
1321 3124 1608 3179 regressus
1642 3118 1725 3163 est
1769 3112 1821 3162 in
1860 3109 2074 3171 urbem,

506 3212 664 3264 fidem
700 3219 860 3271 dans,
895 3205 1215 3275 interposita
1271 3202 1636 3275 iurisiurandi
1668 3202 1956 3271 religione,
2018 3216 2079 3257 se

507 3302 642 3355 nihil
695 3298 1004 3368 hnjusmodi
1054 3297 1287 3367 amplius
1319 3297 1370 3349 in
1407 3297 1643 3349 animum
1700 3294 2075 3351 inducturum.

508 3394 582 3446 Ea
616 3399 934 3461 tempestate
962 3386 1164 3451 Veneti
1215 3386 1467 3457 praesidio
1529 3401 1707 3439 arcem
1769 3385 2078 3452 ﬁrmarunt,

506 3498 739 3552 eamque
765 3481 1067 3536 obtinuere.
1101 3479 1304 3533 Contra
1362 3480 1535 3547 Argos
1584 3476 1797 3540 urbem,
1853 3487 1912 3532 ut
1960 3494 2078 3532 eam

507 3583 868 3645 oppugnaret,
907 3589 1115 3628 summa
1154 3572 1201 3625 vi
1227 3570 1464 3639 Jagupes
1506 3571 1690 3639 copias
1741 3568 1934 3623 duxit:
1987 3584 2081 3638 ag-

512 3682 845 3736 gressus-lue
877 3680 1094 3718 murum
1128 3666 1355 3733 stepius,
1414 3662 1549 3714 nihil
1582 3652 1918 3731 proﬁciebat.
1970 3657 2083 3715 Nec

515 3761 685 3813 multo
721 3765 838 3827 post
867 3772 991 3810 cum
1022 3756 1210 3809 urbem
1244 3755 1457 3808 duobus
1486 3756 1536 3805 in
1568 3753 1703 3807 locis
1730 3751 1888 3804 simul
1920 3750 2083 3803 adur-

517 3864 605 3905 tus
632 3858 799 3911 esset,
828 3863 946 3903 eam
970 3862 1164 3916 capere
1187 3860 1396 3899 summa
1425 3861 1528 3914 ope
1560 3844 1857 3898 nitebatur.
1922 3841 2088 3910 Oppi-

515 3944 671 3996 «lanis
693 3949 871 3995 autem
898 3939 1061 4008 quiin
1088 3938 1311 3991 sinistra
1360 3937 1513 3990 urbis
1538 3946 1691 4006 parte
1736 3934 2084 3996 resistebant,

516 4033 743 4103 panieus
796 4040 995 4091 terror,
1058 4036 1274 4096 spectro
1326 4026 1461 4089 tisn,
1503 4024 1764 4093 injicitur.
1820 4019 2089 4075 l'mabant

516 4128 662 4180 enim
697 4140 756 4179 se
785 4122 988 4177 vidisse
1018 4121 1193 4173 virum
1239 4119 1526 4187 quemdam
1559 4115 1869 4185 indigenam
1903 4114 2090 4167 dicen-

519 4229 650 4285 tem,
704 4218 894 4272 urbem
948 4215 1002 4268 in
1054 4214 1246 4268 dextra
1291 4221 1443 4280 parte
1492 4224 1601 4280 qua
1650 4208 2088 4279 oppugnabatur,

516 4320 732 4381 raptam
772 4324 916 4364 esse.
949 4304 1159 4360 Relicto
1194 4304 1374 4371 itaque
1407 4302 1524 4357 loco
1560 4303 1685 4367 isto,
1721 4303 1891 4355 citato
1917 4301 2091 4369 agmi-

520 4421 588 4458 ne
620 4402 1022 4457 contenderunt
1053 4399 1120 4452 ad
1168 4405 1413 4453 dextram
1473 4396 1625 4448 urbis
1674 4403 1904 4461 partem.
1957 4391 2091 4445 Hinc
2119 4392 2171 4447 Β

523 4499 705 4549 hostes
728 4492 965 4561 sumptis
983 4491 1181 4544 animis
1205 4504 1388 4542 muros
1414 4494 1764 4556 superarunt,
1795 4486 2097 4552 urbemque

521 4589 670 4639 illaut
709 4584 878 4651 gloria
911 4594 966 4635 et
996 4588 1263 4634 vetustate
1296 4587 1640 4648 praestantem
1689 4575 1739 4627 vi
1792 4587 2101 4643 occupave-

523 4693 605 4739 re,
634 4677 958 4745 penitusque
996 4673 1295 4740 diripuere.
1359 4669 1486 4723 Inde
1539 4668 1877 4737 collegerunt
1935 4666 2101 4720 Turci

526 4769 923 4838 Inaucipiorum
957 4775 1068 4819 tres
1093 4762 1403 4835 myriades:
1449 4776 1568 4831 qua:
1615 4761 1797 4814 omnia
1832 4760 1883 4812 itt
1912 4760 2097 4813 Asiam

524 4869 905 4934 deportarunt,
934 4862 1117 4929 ibique
1151 4859 1396 4914 habitare
1418 4858 1746 4928 jusserunt:
1782 4870 1881 4909 nec
1914 4868 2093 4906 tamen

527 4958 674 5029 potui
709 4957 977 5015 invenire,
1003 4964 1063 5007 ut
1099 4952 1318 5007 credam
1354 4950 1406 5003 id
1441 4966 1627 5004 verum
1651 4963 1806 5003 esse:
1840 4961 1939 4999 nee
1964 4961 2098 5013 prte-

527 5064 676 5106 terea
716 5062 1051 5118 COgnnsceI-e
1089 5045 1263 5115 potui,
1306 5044 1431 5112 quis
1474 5043 1648 5107 locus,
1684 5052 1743 5093 ιιι
1768 5056 1892 5095 eum
1950 5039 2100 5091 inco-

530 5148 728 5208 lerent,
771 5143 905 5212 ipsis
942 5140 995 5193 in
1030 5140 1160 5193 Asia
1189 5154 1218 5191 a
1252 5154 1377 5207 rege
1415 5136 1651 5205 Pajazite
1702 5134 1974 5202 ascriptus
2007 5131 2100 5183 sit.

526 5240 785 5309 Jagupes,
816 5236 1026 5304 direpta
1075 5233 1223 5304 Argo
1268 5232 1402 5286 urbe
1432 5229 1840 5299 antiquissima,
1895 5222 2107 5279 exerci-

2181 3130 2304 3183 νοῦν
2330 3125 2590 3198 βαλέσθαι
2617 3121 2879 3175 τοιοῦτον.
2910 3117 3042 3170 Τότε
3096 3118 3144 3168 οἱ
3195 3112 3445 3167 Οὐενετοὶ
3505 3110 3743 3179 φρουρὰν

2181 3224 2237 3285 ἐς
2289 3220 2388 3290 τὴν
2444 3214 2746 3287 ἀκρόπολιν
2811 3208 3226 3279 ἀποφηνάμενοι
3287 3205 3561 3273 κατεῖχον.
3626 3201 3747 3252 Ἐπὶ

2181 3315 2337 3369 τοῦτο
2370 3311 2426 3363 δέ
2455 3311 2517 3362 τὸ
2544 3309 2745 3377 Ἀργος
2772 3303 3060 3371 Ἰαγούπης
3086 3302 3113 3353 ὁ
3138 3300 3456 3368 Παιαζήτεω
3488 3296 3748 3367 βασιλέως

2184 3405 2486 3478 στρατηγὸς
2511 3403 2584 3466 ὡς
2613 3398 2991 3470 ἐστρατεύετο,
3023 3395 3332 3461 ἐπολιόρκει
3362 3408 3421 3444 τε
3456 3390 3559 3443 ἀνὰ
3609 3387 3747 3458 κρά-

2181 3519 2297 3567 τος,
2324 3500 2419 3552 καὶ
2462 3495 2823 3569 προσϐάλλων
2878 3493 2955 3562 τῷ
3007 3489 3176 3557 τείχει
3219 3485 3369 3553 θαμὰ
3424 3483 3527 3535 οὐκ
3589 3478 3747 3533 ἀνίει.

2184 3594 2339 3649 Μετὰ
2363 3592 2418 3643 δὲ
2440 3590 2500 3642 οὐ
2536 3588 2706 3641 πολὺν
2729 3584 2941 3654 χρόνον,
2971 3581 3044 3643 ὡς
3078 3578 3185 3631 ἀπὸ
3211 3577 3354 3629 δυοῖν
3410 3575 3526 3641 ἅμα
3569 3572 3751 3623 τόπων

2187 3683 2557 3754 προσϐάλλων,
2588 3679 2850 3748 ἐπειρᾶτο
2877 3673 2970 3727 τοῦ
3004 3671 3228 3743 χωρίου,
3258 3667 3468 3736 γίνεταί
3498 3683 3550 3717 τι
3592 3664 3752 3731 δεῖμα

2186 3782 2297 3841 τοῖς
2324 3781 2380 3829 ἐν
2408 3778 2472 3845 τῇ
2502 3773 2656 3827 πόλει
2711 3770 2991 3829 πάνοικον,
3042 3766 3153 3825 τοῖς
3209 3760 3302 3813 ἐπὶ
3355 3759 3431 3827 τῷ
3491 3756 3756 3823 εὐωνύμῳ

2187 3872 2286 3938 τῆς
2314 3870 2522 3928 πόλεως
2554 3865 2709 3933 μέρει
2740 3857 3123 3929 ἀμυνομένοις,
3153 3855 3227 3915 ὡς
3251 3851 3406 3917 δόξαν
3437 3851 3617 3908 αὐτοῖς
3660 3848 3752 3901 ἆν-

2192 3963 2409 4033 θρωπόν
2454 3975 2578 4012 τινα
2622 3957 2729 4008 τῶν
2780 3950 3090 4020 ἐπιχωρίων
3131 3948 3382 4015 φήσαντα
3433 3946 3624 4000 εἰπεῖν,
3681 3942 3755 4002 ὡς

2192 4055 2385 4122 ἑαλωὴ
2418 4051 2572 4112 πόλις
2605 4046 2713 4101 ἀπὸ
2772 4043 2867 4097 τοῦ
2915 4039 3113 4108 δεξιοῦ.
3168 4040 3277 4092 Καὶ
3324 4035 3644 4095 ἐκλιπόντας
3698 4033 3758 4084 τὸ

2192 4152 2391 4224 χωρίον
2414 4149 2593 4211 τοῦτο,
2632 4144 2768 4198 ἰέναι
2807 4141 2992 4213 δρόμῳ
3025 4138 3119 4191 ἐπὶ
3172 4136 3233 4188 τὸ
3260 4133 3455 4197 δεξιόν.
3499 4127 3760 4183 Ἐνταῦθα

2194 4222 2249 4299 δὲ
2285 4240 2699 4309 ἀναϐεϐηκότας
2723 4236 2780 4288 τὸ
2811 4237 2989 4302 τεῖχος
3038 4231 3166 4291 τοὺς
3233 4226 3544 4295 πολεμίους,
3589 4222 3760 4309 rater

2198 4340 2342 4391 ἑλεῖν
2370 4353 2428 4388 τε
2458 4334 2596 4388 κατά
2633 4330 2831 4397 κράτος
2862 4328 2963 4397 τὴν
3009 4323 3186 4385 πόλιν,
3217 4319 3314 4372 καὶ
3376 4292 3765 4384 ἀνδραποδίσα-

2201 4432 2322 4483 σο;.ι
2349 4429 2502 4480 πόλιν
2532 4441 2635 4491 περ
2662 4420 2807 4491 φανῆ
2856 4436 2915 4471 τε
2972 4417 3068 4469 καὶ
3114 4411 3373 4466 παλαιάν.
3437 4405 3768 4474 Ἀνδρᾶποεα

2198 4524 2253 4575 δὲ
2284 4522 2499 4589 λέγεται
2532 4513 2785 4585 γενέσθαι
2808 4508 3060 4564 ἐντεῦθεν
3080 4510 3189 4568 τοῖς
3220 4503 3481 4570 Τούρκοις
3512 4497 3585 4558 ὡς
3605 4510 3762 4562 τρισ-

2203 4615 2393 4685 μύρια.
2451 4608 2791 4675 ιὶατοικῆσαι
2836 4603 2934 4672 μὲν
2979 4599 3203 4659 τούτους
3236 4596 3456 4659 λέγεται
3513 4586 3767 4657 βασιλεὺς

2203 4675 2260 4770 ἐς
2283 4675 2381 4776 τὴν
2417 4704 2604 4756 Ἀσίαν
2640 4715 2653 4730 ο
2687 4700 2786 4751 οὐκ
2812 4697 2920 4765 ἔχω
2952 4693 3009 4746 δὲ
3040 4690 3197 4743 τοῦτο
3260 4680 3633 4753 συμϐαλέσθαι
3693 4675 3768 4737 ὼς

2208 4803 2295 4864 εἰη
2314 4796 2527 4865 ἀληθὲς.
2550 4793 2609 4845 οὗ
2639 4791 2935 4856 δυνάμενος
2993 4783 3235 4849 ἐξευρεῖν
3266 4769 3768 4840 διαπυνθανομένῳ,

2202 4894 2326 4944 ὅποι
2356 4887 2453 4952 τῆς
2507 4883 2691 4943 Ἀσίας
2725 4875 2871 4932 οὗτοι
2923 4868 3402 4942 κατῴκηνταιὺπὺ
3452 4863 3769 4933 "amylum

2208 4980 2494 5053 βασιλέως.
2540 4975 2835 5043 Ἰαγούπης
2872 4970 2970 5040 μὲν
3004 4963 3094 5020 οῦν
3120 4965 3193 5025 ὼς
3222 4962 3282 5015 τὸ
3327 4960 3528 5030 Ἄργος
3577 4956 3772 5025 ὴνδραει

2207 5077 2483 5133 ποδίσατο,
2520 5070 2778 5138 ἀπήγαγε
2809 5066 2899 5116 τὸν
2968 5067 3238 5128 στρατόν·
3302 5055 3438 5125 μετὰ
3496 5052 3552 5105 δὲ
3604 5047 3772 5102 ταῦτα

2210 5167 2485 5239 Βρενέζης
2537 5179 2597 5215 τε
2649 5159 2842 5213 αὐτίκα
2894 5154 2985 5207 ἐπὶ
3035 5152 3177 5221 μέγα
3230 5148 3429 5218 ἐχώρει
3471 5142 3771 5211 δυνάμεως.

2219 5258 2545 5328 συμϐάλλων
2578 5271 2636 5308 τε
2660 5254 2715 5316 ἐς
2735 5251 2830 5320 τὴν
2860 5245 3289 5311 Πελοπόννησον,
3323 5240 3412 5292 καὶ
3438 5239 3492 5299 ἐς
3527 5236 3624 5303 τὴν
3673 5246 3776 5282 παα

1799 5413 2045 5475 Notulte
2080 5406 2480 5484 marginales.

601 5553 715 5622 (59)
753 5552 949 5607 Rhodii
984 5552 1206 5619 Equites
1240 5550 1509 5618 intellige.

607 5738 653 5772 "
690 5730 1094 5802 ἀνάγοντες-Π.
1133 5744 1182 5783 ιιι
1215 5748 1261 5783 c.
