4016 6216
537 356 644 420 1-15

588 507 3566 550 mw

1679 366 1874 427 LAON
1892 368 1981 428 lCl
2028 372 2687 436 CHALCOCONDYLIE
3680 388 3773 451 116

906 698 1796 839 ΛΑΟΝΙΚΟΥ
1871 598 3410 861 ΧΑΛΚΟΚΟΝΔῩᾸΟΥ

1862 948 2449 1040 ΑΘΗΝΑΙΟΥ

808 1132 1644 1259 ΑΠΟΔΕΙΞΙΣ
1738 1150 2453 1269 ΙΣΤΟΡΙΩΝ
2563 1155 2770 1273 ΤΟ
2883 1159 3481 1276 ΤΡΙΤΟΝ.

1052 1518 1690 1645 LAONICI
1806 1520 3227 1668 CHALCOCONDYLXE

1736 1777 2551 1872 ATHENIENSIS

1649 1994 2644 2113 HISTORIARUM

756 2258 901 2407 DE
1019 2254 1487 2412 0RIGINE
1626 2256 1769 2411 AG
1884 2258 2249 2408 REBUS
2380 2258 2777 2412 GES’HS
2891 2256 3497 2420 TURCORUM

1561 2550 1935 2653 LIBER
2091 2549 2696 2656 TERTIUS.

896 2743 948 2803 Τ
946 2738 1278 2801 amerlanis
1307 2735 1547 2815 Scytha
1576 2735 1774 2813 origo,
1815 2731 2195 2792 incrementa
2224 2742 2280 2795 et
2321 2735 2633 2813 expeditio
2669 2739 2965 2801 adversus
2994 2742 3367 2823 Bajazetem.
3446 2738 3452 2743 ’

591 2999 825 3056 Temiris
873 2996 1145 3068 expeditio
1196 2994 1373 3066 prima
1420 2991 1684 3047 adversus
1739 2990 2070 3051 Sebastiam,

2248 2990 2517 3061 Τεμήρεω
2557 2993 2743 3057 μέντοι
2775 2996 2808 3065 ἡ
2840 2995 3032 3067 πρώτη
3056 2996 3242 3061 ἔλασις
3275 3000 3497 3068 ἐγένετο
3529 3003 3624 3055 ἱπὶ
3661 3003 3755 3056 Σε-

520 3092 877 3165 (ἶεψροάοοῑω
928 3091 1116 3144 urbem
1160 3087 1491 3154 opulentam,
1533 3098 1784 3154 suscepta
1809 3097 1910 3139 est.
1948 3085 2080 3138 Nam

520 3202 644 3241 cum
674 3182 980 3254 accepisset
1032 3180 1324 3250 Pajazitem
1356 3193 1550 3250 parum
1581 3188 1775 3249 pacato
1800 3192 1926 3232 esse
1965 3177 2082 3231 ani-

520 3293 609 3332 mo
644 3291 773 3346 erga
829 3275 999 3330 duces
1053 3274 1218 3337 Asim,
1254 3271 1558 3329 Turcorum
1615 3285 1813 3342 genere
1877 3279 2080 3333 natos.

516 3388 618 3427 nec
645 3370 890 3425 voluisse
922 3384 1044 3424 cum
1083 3366 1170 3422 his
1197 3368 1251 3420 in
1283 3368 1517 3435 gratiam
1556 3365 1759 3429 redire,
1789 3375 2079 3435 postquam

518 3481 611 3520 eos
641 3478 835 3517 omnes
869 3462 980 3515 suis
1008 3460 1244 3516 fortunis
1274 3460 1605 3529 expulisset:
1634 3467 1898 3529 praeterea
1929 3475 2078 3528 cum,

516 3555 715 3625 saepius
756 3554 947 3625 legatis
980 3552 1186 3616 missis,
1213 3552 1349 3606 nihil
1378 3553 1517 3621 aequi
1542 3551 1837 3621 impetrare
1870 3560 2078 3620 posset,

518 3664 713 3703 verum
747 3646 964 3701 audiret
994 3645 1159 3701 istum
1209 3661 1385 3715 usque
1435 3644 1800 3699 contumelias
1835 3658 2074 3710 sonare;

519 3740 666 3795 haud
699 3737 1070 3793 cunctandum
1102 3746 1280 3802 ratus.
1310 3737 1451 3793 bello
1517 3735 1821 3791 Sebastiani
1854 3737 2078 3793 adortus

516 3840 623 3887 est.
659 3828 963 3884 Primordia
993 3837 1175 3882 autem
1224 3828 1378 3897 regni
1434 3826 1548 3880 haec
1599 3834 1778 3889 erant,
1828 3824 2079 3878 videlicet

518 3934 577 3979 ut
605 3922 808 3977 bellum
844 3935 1041 3991 gerens
1066 3916 1364 3988 Pajazitem
1389 3918 1661 3981 domaret,
1686 3916 1927 3987 reliquos
1949 3930 2078 3971 vero

515 4027 661 4072 metu
701 4014 988 4085 perculsos
1034 4012 1088 4066 in
1132 4011 1396 4067 ditionem
1449 4010 1752 4080 redigeret;
1792 4025 1890 4065 nec
1922 4009 2076 4079 prius

518 4109 662 4163 bello
694 4105 1019 4170 abstineret,
1065 4119 1229 4173 quam
1270 4104 1440 4159 totius
1479 4104 1619 4158 Asiae
1651 4102 1956 4158 dominium
1986 4119 2076 4158 ac-

518 4200 876 4272 quisivisset;
922 4213 1044 4267 qua:
1077 4196 1298 4267 quidem
1331 4194 1438 4267 59
1465 4195 1646 4250 omnia
1672 4194 1942 4251 accidisse
1983 4211 2076 4251 co-

517 4295 827 4367 gnovimus.

2190 3081 2477 3147 δάστειαν,
2504 3085 2658 3140 πόλιν
2712 3088 2811 3157 τῆς
2846 3089 3243 3154 Καππαδοκίας
3308 3093 3621 3163 εὐδαίμονα.
3666 3097 3752 3160 Ὡς

2189 3177 2296 3247 γὰρ
2317 3178 2637 3246 ἠγγέλλετο,
2664 3181 2818 3234 οὐδὲν
2855 3182 3005 3250 ὑγιὲς
3035 3185 3366 3254 Παιαζήτεω
3412 3185 3573 3255 εἶναι,
3609 3189 3663 3249 ἐς
3693 3207 3754 3243 τε

2188 3270 2281 3323 ἐπὶ
2318 3271 2430 3323 τῶν
2453 3272 2553 3342 τῆς
2576 3272 2763 3340 Ἀσίας
2792 3277 3079 3345 ἡγεμόνων
3107 3278 3388 3349 Τούρκων,
3438 3282 3535 3335 καὶ
3569 3285 3624 3344 ἐς
3654 3283 3755 3353 τὴν

2188 3363 2325 3433 πρὸς
2345 3364 2475 3429 τοὺς
2501 3366 2779 3436 ἡγεμόνας
2802 3368 3121 3439 διαλλαγὴν.
3149 3368 3240 3434 οὒς
3258 3371 3355 3441 τὴν
3383 3373 3569 3443 χώραν
3612 3376 3753 3442 σύμ-

2188 3474 2369 3511 πασαν
2393 3459 2733 3529 ἀφελόμενος
2774 3460 3037 3532 ἐξήλασεν
3060 3476 3076 3491 ⁸
3133 3464 3209 3526 ὼς
3241 3466 3350 3532 γὰρ
3404 3465 3483 3548 δὴΙ
3516 3467 3756 3535 ἐπιπέμ-

2186 3566 2345 3604 ποντι
2368 3551 2521 3605 οὐδὲν
2553 3553 2647 3608 ἐπὶ
2699 3552 2861 3608 πλέον
2898 3556 3236 3626 προύχώρει,
3291 3550 3366 3611 ὧν
3426 3558 3751 3612 ἐπέστελλεν

2187 3643 2357 3712 αὐτῷ,
2381 3643 2498 3696 ἀλλ’
2530 3644 2679 3715 ἑώρα
2699 3663 2759 3699 τε
2797 3646 2855 3709 ἐς
2885 3646 3055 3701 πολλά
3077 3664 3136 3699 τε
3159 3647 3296 3702 ἄλλα
3324 3646 3417 3703 καὶ
3447 3649 3748 3721 βλάσφημα

2185 3734 2631 3804 ὲξενηνεγμένον,
2670 3739 3117 3806 παρεσκευάζετο
3169 3739 3414 3793 ἐλαύνειν
3453 3744 3545 3795 ἐπὶ
3572 3743 3748 3796 2560':-

2188 3846 2392 3883 στειαν.
2425 3828 2596 3901 Ἀρχὴ
2618 3830 2676 3883 δὲ
2703 3831 2899 3904 αὑτῷῆ
2934 3849 2994 3885 τε
3020 3834 3112 3885 ἐπὶ
3166 3833 3273 3903 τὴν,
3290 3833 3465 3904 ἀρχὴν
3495 3836 3744 3904 πάροδος,

2185 3925 2281 3976 καὶ
2309 3923 2384 3987 ὡς
2414 3923 2508 3978 τὸν
2537 3924 2639 3996 μὲν
2682 3925 2962 3994 πολεμῶν,
3017 3927 3084 3981 τὰ
3114 3926 3171 3980 δὲ
3228 3927 3323 3981 καὶ
3373 3927 3736 3997 σπενδόμενος

2183 4014 2291 4069 δέει
2321 4015 2382 4069 τὸ
2411 4016 2550 4084 ἀμφ’
2583 4016 2765 4080 αὑτὸν,
2802 4015 3094 4086 ξύμπασαν
3122 4017 3442 4087 ὑπηγάγετο
3462 4018 3753 4090 ἑαυτῷτὴν

2196 4113 2406 4183 Ἀσίαν,
2431 4107 2533 4169 ὦδε
2567 4115 2715 4185 αὑτῷ
2738 4114 3011 4187 ξυμϐῆναι
3027 4115 3364 4187 ὶπυθόμεθα.

585 4387 689 4440 Hic
727 4385 974 4439 Temires
1015 4382 1119 4438 fuit
1174 4383 1317 4438 filius
1373 4382 1645 4452 Sangalis,
1685 4384 1783 4437 viri
1812 4384 2078 4453 privatam

2256 4386 2432 4449 Οὗτος
2463 4386 2563 4456 μὲν
2587 4385 2652 4455 δὴ
2676 4386 2705 4439 ὁ
2731 4384 2998 4455 Τεμήρης
3036 4382 3252 4453 ἐγένετο
3310 4386 3481 4455 πατρὶ
3535 4383 3754 4453 Σαγγά-

517 4480 684 4533 vitam
718 4478 959 4548 agentis;
1019 4477 1133 4537 cui.
1183 4476 1273 4528 ubi
1331 4476 1485 4530 duxit
1531 4490 1779 4541 uxorem,
1811 4478 1918 4531 tale
1949 4475 2080 4547 quid

516 4570 789 4625 accidisse
833 4570 1227 4639 comperimus.
1288 4567 1531 4624 Temires
1580 4584 1706 4624 cum
1741 4577 1888 4625 esset
1932 4569 2082 4622 adul-

516 4675 626 4725 tus,
653 4662 873 4733 jamque
905 4677 1000 4732 per
1043 4670 1257 4716 aetatem
1298 4660 1388 4716 isti
1428 4660 1869 4717 ofﬁcioidoneus
1916 4661 2078 4725 foret,

516 4751 891 4807 deferentibus
965 4751 1277 4821 oppidanis,
1347 4753 1745 4821 oppidanorum
1812 4768 2079 4823 equorum

515 4861 704 4901 curam
737 4856 933 4899 nactus
965 4856 1068 4899 est.
1102 4843 1341 4898 Tandem
1384 4846 1438 4899 in
1490 4845 1820 4912 colloquium
1857 4848 2080 4904 veniens

521 4953 645 4993 cum
673 4926 898 5007 reliquis
924 4936 1082 4993 istius
1132 4938 1374 5007 regionis
1445 4939 1780 5007 pastoribus,
1812 4940 1995 4995 effecit
2022 4951 2081 4998 ut

515 5034 659 5085 inter
692 5045 753 5085 se
782 5030 1159 5101 conjurarcnt,
1189 5046 1249 5084 se
1275 5030 1409 5084 velle
1444 5029 1607 5086 furtis
1638 5032 1895 5102 colligere
1923 5050 2077 5103 opes,

512 5136 562 5178 et
587 5123 784 5178 deinde
839 5122 906 5176 ad
953 5121 1115 5175 aliam
1160 5122 1455 5191 confugere
1499 5124 1796 5193 regionem.
1837 5127 2079 5183 Temires

511 5229 636 5268 eum
690 5213 908 5268 furandi
961 5213 1104 5267 foret
1161 5213 1551 5283 peritissimus,
1584 5216 1849 5285 plurimos
1905 5234 2077 5288 equos

508 5315 564 5356 et
592 5303 963 5369 jumentorum
993 5302 1287 5372 oviumque
1318 5302 1725 5356 multitudinem
1756 5303 2075 5358 immensum

514 5404 712 5450 nactus
735 5404 857 5459 est;
901 5410 1081 5464 neque
1114 5394 1417 5465 quidquam
1452 5394 1646 5467 integri
1681 5406 1774 5448 aut
1796 5396 1931 5450 satis
1960 5398 2078 5450 sani

512 5490 568 5541 in
600 5489 706 5541 isto
731 5487 949 5540 homine
972 5496 1111 5542 erat.
1142 5485 1348 5541 Ferunt
1378 5503 1501 5541 eum
1550 5489 1853 5557 quondam,
1889 5499 1946 5542 ut
1989 5508 2079 5560 pe-

511 5582 660 5636 coris
686 5580 963 5635 stabulum
1010 5582 1220 5635 intrare
1275 5590 1480 5651 posset,
1531 5583 1920 5639 conscendisse
1964 5602 2078 5639 mu-

2182 4480 2313 4547 λεω,
2340 4479 2531 4550 ἀνδρὸς
2560 4476 2812 4532 ἱδιὼτουυ
2854 4477 2913 4540 δς
2959 4477 3079 4530 imi
3110 4494 3167 4529 τε
3225 4477 3462 4547 ἠγάγετο
3511 4475 3609 4545 τὴν
3653 4494 3757 4544 γυ-

2183 4576 2345 4626 ναῖκα
2376 4570 2563 4633 αὐτοῦ,
2596 4570 2817 4638 λέγεται
2868 4568 3141 4641 ξυμϐῆναι
3175 4568 3325 4637 αὐτῷ
3372 4567 3599 4621 τοιόνδε.
3656 4565 3751 4630 Ὠς

2183 4666 2406 4734 ἐγένετο
2460 4663 2507 4695 ⁸⁸
2542 4662 2829 4734 Τεμήρης,
2888 4662 2989 4729 τήν
3023 4677 3086 4712 τε
3130 4660 3230 4727 τῆς
3287 4657 3494 4719 πόλεως
3537 4656 3753 4727 φορϐὴν

2183 4756 2676 4827 ἐπιτετραμμένος,
2742 4752 3078 4823 ἱπποφορσός
3116 4768 3176 4804 τε
3228 4745 3319 4819 ἦν,
3375 4749 3470 4802 καὶ
3525 4751 3635 4813 τοῖς
3686 4767 3752 4802 τε

2185 4852 2316 4920 περὶ
2346 4850 2486 4916 αὐτὰ
2513 4851 2577 4915 δὴ
2612 4849 2677 4902 τὰ
2717 4848 2895 4917 χωρία
2920 4845 3021 4906 τὰς
3052 4843 3260 4913 φορόὰς
3323 4842 3749 4912 ἑπινεμομένοις

2183 4941 2381 4996 συνιών
2413 4957 2469 4993 τε
2523 4941 2617 4994 καὶ
2660 4938 3066 5005 διαλεγόμενος,
3127 4934 3382 4987 συνέθετο
3418 4936 3624 5002 αὐτοῖς,
3668 4932 3748 4997 ὼς

2182 5036 2289 5089 ἀπὸ
2321 5032 2532 5102 κλοπῆς
2566 5031 2771 5099 σφίσιν,
2808 5030 2875 5094 ἢν
2899 5027 3189 5091 δύνωνται,
3227 5028 3530 5096 χρημάτων
3552 5025 3748 5094 κτῆσιν

2185 5125 2561 5194 ποιησόμενοι,
2622 5120 2714 5174 ἐπ’
2776 5122 2946 5189 ἄλλην
2983 5120 3104 5172 ἴωσι
3155 5120 3374 5188 χώραν·
3429 5119 3521 5171 καὶ
3572 5115 3749 5179 δεινὸς

2179 5218 2438 5271 κλέπτειν
2468 5213 2762 5284 γενόμενος
2817 5211 3022 5274 ἵππους
3053 5226 3114 5263 τε
3166 5211 3258 5263 καὶ
3300 5209 3591 5278 ὑποζύγια,
3648 5207 3747 5259 καὶ

2182 5309 2471 5381 προϐάτων
2492 5305 2698 5375 πλῆθος
2734 5302 3072 5374 ἐδηδοκέναι,
3106 5300 3262 5355 οὐδὲν
3285 5301 3435 5369 ὑγιὲς
3469 5296 3538 5370 ἢν
3576 5297 3745 5351 αὑτοῦ
3858 5346 3872 5355 ,

2180 5403 2240 5457 τὸ
2260 5399 2544 5471 παράπαν.
2578 5397 2694 5451 Καί
2715 5412 2844 5449 ποτε
2886 5395 2978 5447 ἐπὶ
3024 5392 3266 5464 μάνδραν
3300 5393 3518 5461 λέγεται
3544 5389 3749 5457 ἁναδῆ-

2179 5512 2293 5555 ναι,
2338 5492 2433 5547 καὶ
2493 5491 2729 5560 ὀφθέντα
2779 5487 2885 5541 ὑπὸ
2918 5485 3027 5539 τῶν
3071 5483 3349 5538 δεσποτῶν
3413 5479 3507 5534 τοῦ
3564 5480 3745 5544 οἴκου,
3814 5483 3836 5494 “

2183 5587 2443 5643 ἅλλεσθαι
2482 5585 2548 5655 δὴ
2605 5578 2753 5652 ἆλμα
2794 5583 3072 5653 μέγιστον,
3103 5576 3209 5632 ἀπὸ
3265 5574 3357 5629 τοῦ
3394 5574 3607 5644 τείχους
3640 5573 3741 5645 τῆς

1782 5726 2026 5790 Notulae
2061 5729 2466 5809 marginales.

584 5847 629 5882 ⁸⁸
663 5847 791 5918 γὰρ.
824 5846 874 5901 in
908 5862 1009 5899 uno
1048 5845 1123 5913 δὲ,
1160 5846 1211 5898 in
1239 5845 1310 5901 al.
1353 5857 1408 5900 ut
1443 5849 1493 5900 in
1526 5864 1571 5901 ι.
