4016 6216
512 332 609 394 123

1669 326 1712 387 L
1734 326 1862 386 \ON
1878 327 1971 387 lCl
2020 330 2115 389 Cil
2131 328 2678 390 ALCOCONDYLJE
3658 324 3751 389 194

505 444 769 496 dicuntur
796 430 1023 511 profecti
1057 453 1179 492 esse.
1243 438 1295 489 in
1320 426 1323 429 ’
1345 438 1614 499 Persium,
1647 437 1832 506 ibique
1887 437 2085 511 multas

2192 440 2637 508 ταστρεψάμενον
2668 438 2834 507 ἔχειν.
2867 435 2978 508 Τὴν
3012 434 3196 505 μέντοι
3241 432 3519 490 Θάλασσαν
3550 436 3754 500 ταύτην

502 548 801 602 occupasse
863 533 1045 585 urbes.
1085 528 1288 584 Ferunt
1320 530 1481 582 etiam
1512 528 1808 588 Temirem.
1862 543 1928 581 ex
1978 526 2084 581 isto

505 628 785 680 hominum
813 638 1012 695 genere
1061 633 1262 681 ortum,
1292 637 1415 675 eum
1445 620 1763 689 Hassagetis
1793 620 2085 675 festinasse

502 726 694 770 eontra
738 714 1158 771 Semarcltantlte
1212 729 1461 782 regnum,
1510 722 1564 766 et
1607 713 1867 768 ilelnllata
1917 717 2084 785 Assy-

503 810 712 862 riorum
750 807 1086 867 monarcltia,
1121 805 1172 859 id
1204 804 1530 860 obtinuisse.
1550 804 1695 860 Mare
1728 817 1907 861 autem
1942 806 2084 861 istud

502 916 626 955 cum
665 901 735 954 sit
762 899 1165 967 receptaculum
1221 901 1514 953 multorum
1548 908 1603 954 et
1629 913 1946 970 magnorum
1980 899 2086 951 ﬂu-

504 994 733 1052 minum,
755 991 1051 1045 maximum
1080 992 1279 1061 Cyrum
1302 994 1518 1045 nomine
1540 1007 1661 1046 esse
1687 993 2042 1061 COgnovitntts
2068 1009 2082 1046 :

503 1095 558 1135 et
604 1083 670 1136 ad
705 1083 936 1153 plurima
982 1082 1158 1139 stadia
1187 1083 1452 1146 excurrit,
1504 1084 1694 1137 nullibi
1740 1086 1793 1138 in
1844 1084 2084 1138 exterius

504 1190 677 1240 mare,
711 1172 1189 1245 quemadmodum
1216 1174 1439 1241 dicitur,
1463 1191 1521 1229 se
1553 1173 1807 1230 fundens.
1833 1177 2082 1230 Attamen

502 1284 604 1337 ego
632 1268 835 1324 russam
861 1266 1045 1321 audivi
1070 1283 1135 1321 ex
1163 1268 1267 1321 isto
1292 1269 1426 1321 mari
1470 1269 1717 1338 progredi
1736 1268 1871 1338 (6|),
1894 1284 1998 1338 qua
2028 1271 2081 1324 itt

504 1360 749 1414 lmlicum
775 1376 922 1414 mare
940 1359 1261 1416 eﬂuntlitur.
1283 1360 1549 1414 Accolunt
1570 1376 1719 1414 mare
1738 1362 1881 1415 istud
1899 1373 2086 1432 gentes

504 1454 754 1523 plurima:
771 1464 824 1507 et
850 1453 1140 1508 bellicosa}.
1164 1453 1336 1508 Etiam
1361 1460 1540 1524 pisces
1563 1456 1876 1524 suppeditat
1911 1454 2085 1526 pluri-

506 1562 623 1599 mos
660 1554 713 1600 et
749 1547 943 1602 bonos.
976 1546 1236 1615 Largitur
1262 1557 1317 1600 et
1366 1559 1740 1617 ostreas,qu:e
1767 1552 2086 1617 margaritas

507 1637 729 1692 habent.
758 1638 931 1708 Supra
960 1637 1067 1709 63
1099 1641 1202 1693 hoc
1238 1655 1385 1694 mare
1416 1640 1661 1694 indicum
1687 1656 1836 1695 mare
1864 1640 2083 1695 visitur.

503 1726 681 1785 Naves
700 1734 966 1785 oneraria:
987 1734 1234 1799 plurima:
1259 1733 1513 1803 navigant
1528 1733 1630 1787 vici
1647 1734 1768 1786 sslm
1794 1748 1938 1787 nunc
1958 1735 2081 1797 hoc,

2187 525 2293 580 ὑπὸ
2353 529 2617 600 ποταμῶν
2673 530 2730 592 ἐς
2789 528 2956 600 αὐτὴν
3014 529 3115 582 οὐκ
3175 528 3373 595 ὀλίγων
3436 528 3755 582 ἐκδιδόντων

2188 622 2454 691 μεγίστην
2503 638 2563 674 τε
2609 622 2878 692 γίνεσθαι,
2920 621 3015 676 καὶ
3063 621 3156 675 ἐπὶ
3223 620 3454 684 πολλοὺς
3510 622 3754 685 σταδίους

2185 711 2417 780 διήκειν,
2472 712 2686 783 οὐδαμῆ
2744 713 3080 775 ἐκδιδοῦσαν,
3226 712 3470 779 λέγεται,
3524 714 3605 772 είς
3657 712 3756 780 τὴν

2189 805 2341 867 ἐκτὸς
2384 805 2678 859 Θάλασσαν.
2712 806 2962 876 Διῲρυχα
3021 805 3205 874 μέντοι
3264 804 3552 872 ἐπυθόμην
3582 804 3754 869 ἔγωγε

2187 900 2293 951 ἀπὸ
2320 901 2524 969 ταύτης
2553 899 2781 966 διήκειν,
2825 900 2920 951 καὶ
2970 902 3026 961 ἐς
3075 897 3175 967 τὴν
3216 898 3448 967 Ἰνδικὴν
3480 896 3757 949 Θάλασσαν

2195 991 2458 1045 ἐκδιδούν.
2504 990 2807 1044 Ἐνοικοῦσι
2836 992 2892 1044 δὲ
2951 992 3049 1062 τὴν
3098 991 3376 1044 θάλασσαν
3423 990 3583 1059 τήνδε
3631 990 3756 1059 ἔθνη

2188 1083 2360 1135 πολλά
2386 1100 2444 1134 τε
2474 1082 2566 1134 καὶ
2599 1082 2828 1152 ἄλκιμα.
2868 1081 2977 1135 Καὶ
3034 1082 3223 1152 ἰχθύας
3259 1082 3359 1150 μὲν
3412 1082 3569 1149 φέρει
3618 1078 3756 1149 αὕτη

2190 1178 2219 1245 ή
2255 1176 2521 1239 θάλασσα,
2557 1175 2789 1239 πολλούς
2824 1192 2882 1228 τε
2917 1179 3008 1230 καὶ
3041 1174 3280 1243 ἀγαθούς
3309 1190 3327 1207 σ
3368 1176 3527 1245 φέρει
3562 1174 3616 1226 δὲ
3664 1174 3759 1228 καὶ

2187 1272 2407 1341 ὄστρεα,
2444 1272 2792 1343 μαργαρίτας
2821 1271 3034 1341 ἔχοντα,
3073 1260 3217 1344 ᾗπερ
3251 1270 3315 1341 δὴ
3360 1272 3458 1323 καὶ
3490 1271 3521 1339 ή
3559 1268 3758 1338 Ἰνδικὴ

2189 1365 2457 1419 θάλασσα.
2495 1365 2601 1419 Καὶ
2637 1364 2796 1417 πλοῖα
2830 1364 3001 1417 πολλὰ.
3034 1365 3161 1417 πλεῖ
3188 1363 3287 1435 τὴν
3320 1363 3598 1416 Θάλασσαν
3627 1363 3759 1416 ταύ-

2187 1475 2308 1527 την,
2359 1458 2513 1529 παρὰ
2562 1458 2830 1528 ἀλλήλους
2886 1458 3237 1520 ἐπιπλέοντα,
3302 1457 3546 1528 φορτίων
3598 1456 3757 1511 πλέα.

2191 1551 2347 1604 Ἐστι
2400 1550 2457 1604 δὲ
2504 1548 2642 1615 αὕτη
2694 1550 2727 1619 ή
2773 1550 3019 1604 θάλασσα
3073 1550 3211 1618 πρὸς
3262 1548 3335 1601 Em
3378 1548 3610 1613 μάλιστα
3662 1547 3761 1615 τῆς

2198 1642 2404 1707 Ἀσίας,
2440 1644 2499 1706 ἐς
2554 1644 2623 1712 ἠν
2671 1643 2871 1697 ἐκδιδοῖ
2902 1646 3015 1697 ὅτε
3071 1641 3308 1712 ’Δράξης
3360 1641 3602 1709 ποταμδς
3660 1640 3763 1709 με·

2189 1754 2394 1803 γιστος,
2427 1738 2522 1791 καὶ
2581 1738 2838 1808 Χοάσπης
2881 1738 3018 1806 πρὸς
3064 1736 3141 1791 ἕω
3191 1736 3355 1806 ῥέων.
3389 1735 3481 1787 καὶ
3527 1732 3763 1802 ποταμοὶ

505 1836 612 1872 nun
636 1820 766 1875 illud
787 1837 953 1877 mare.
976 1821 1121 1878 Mare
1144 1824 1289 1878 istud
1314 1840 1503 1879 versus
1523 1823 1830 1887 Orientem,
1854 1826 2087 1879 maxime

2192 1832 2247 1885 δὲ
2284 1830 2431 1886 ἄλλοι
2466 1831 2564 1884 οὐκ
2594 1830 2789 1900 ὀλίγοι.
2821 1832 2900 1885 Τὰ
2932 1832 3116 1900 μέντοι
3141 1832 3195 1892 ἐς
3226 1830 3384 1899 τήνδε
3421 1828 3522 1898 τὴν
3565 1828 3763 1881 θάλασ-

502 1929 567 1967 ea
613 1923 767 1982 parte
818 1930 924 1983 qua
968 1916 1095 1970 Asia
1136 1926 1242 1979 est.
1291 1917 1487 1986 vergit.
1542 1917 1601 1971 In
1668 1917 1770 1973 hoe
1808 1934 1869 1974 se
1907 1919 2085 1973 eﬂun-

503 2007 641 2062 clunt
692 2010 899 2064 Araxes
956 2008 1152 2066 ﬂuvius
1191 2012 1486 2078 maximus,
1546 2021 1600 2067 et
1634 2012 1917 2083 Choaspes
1959 2031 2085 2069 ver-

504 2115 600 2153 sus
626 2098 905 2155 Orientem
940 2101 1146 2163 ﬂuens.
1180 2113 1233 2158 et
1262 2103 1354 2157 alii
1388 2103 1536 2158 ﬂuvii
1577 2106 1823 2174 plurimi.
1881 2106 2086 2161 Gentes

505 2193 730 2263 quidem
759 2195 880 2251 illas
903 2211 1025 2265 qua:
1056 2198 1190 2250 mari
1215 2198 1342 2253 huic
1383 2198 1663 2267 adjacent.
1696 2216 1724 2253 a
1790 2197 2086 2256 Caddusiis

390 2338 407 2354 ,
510 2286 747 2354 regnari,
765 2299 816 2339 et
836 2286 1041 2340 tributa
1068 2290 1368 2356 quotannis
1389 2288 1443 2343 in
1463 2289 1871 2344 Caddusiorum
1895 2291 2085 2344 urbem

507 2379 715 2433 inferre
753 2378 925 2433 aiunt.
973 2377 1085 2436 llos
1112 2379 1257 2435 bello
1275 2382 2083 2451 appetereinstituitTemires,

510 2474 601 2527 ubi
642 2474 922 2529 devicerat
958 2474 1262 2546 Hyrcanos,
1304 2476 1615 2546 horumque
1648 2493 1827 2547 regem
1865 2494 1895 2534 e
1944 2495 2089 2534 mor-

515 2568 705 2619 talium
743 2581 973 2620 numero
1022 2567 1396 2621 subtraxerat.
1445 2568 1516 2621 At
1545 2567 1809 2624 Caddusii
1863 2576 2088 2623 contra-

510 2658 712 2712 hebant
742 2660 932 2727 copias
964 2673 1128 2727 quam
1168 2669 1400 2728 potuere
1427 2661 1719 2725 maximas,
1747 2660 1966 2717 fortiter
1992 2677 2086 2716 re-

511 2753 804 2823 pugnaturi
837 2752 1124 2808 accedenti
1158 2752 1391 2809 Tetniri.’
1454 2754 1726 2819 Temires,
1788 2762 1850 2808 ut
1897 2754 2089 2810 didicit

511 2847 888 2902 tladilusiosin
921 2847 1092 2900 armis
1117 2862 1263 2912 esse,
1296 2848 1705 2916 quamprimum
1752 2847 2083 2902 Chaidaretn

417 2945 423 2952 '
513 2942 680 2994 tuittit
718 2953 1094 3011 oppugnatum
1127 2941 1370 3010 ipsorutn
1401 2944 1616 3006 urbem,
1650 2952 1706 2997 ct
1743 2950 1801 2997 ut
1830 2958 1951 2999 eam
1996 2956 2090 2996 su-

513 3038 627 3091 bito
681 3045 928 3105 caperet.
966 3034 1087 3103 Ipse
1120 3045 1301 3090 autem
1338 3036 1661 3102 expectabat
1692 3035 1770 3091 rei
1803 3046 2085 3098 eventum,

512 3145 673 3197 quam
705 3130 955 3198 proxime
1002 3127 1296 3184 Cadilusiis
1344 3139 1526 3183 castra
1553 3145 1651 3184 sua
1691 3128 1903 3185 locans.
1949 3129 2089 3185 Cad-
2115 3165 2159 3225 ο

511 3223 657 3276 «Ιιιεὶἰ
681 3231 735 3274 ut
779 3221 1098 3276 intellexere
1128 3220 1339 3276 hostem
1380 3222 1433 3276 iu
1462 3222 1703 3291 ipsiirum
1740 3223 1928 3278 urbem
1945 3238 2081 3279 con—

526 3315 778 3378 tendere,
826 3315 1080 3386 palantes
1103 3315 1255 3369 nullo
1296 3324 1491 3370 ornatu
1524 3325 1579 3371 et
1616 3315 1717 3386 ipsi
1739 3317 1789 3371 itt
1820 3332 1974 3371 suam
2000 3334 2090 3370 ur-

515 3409 635 3461 bem
666 3409 766 3463 iter
796 3407 1106 3466 instituere.
1127 3408 1406 3477 gTemires
1440 3410 1721 3466 venientes
1763 3427 1828 3465 ex
1853 3410 2089 3482 .iusidiis

514 3504 800 3558 adoritur:
822 3506 1052 3574 acieque
1076 3505 1350 3560 instructa
1378 3519 1475 3560 eos
1501 3520 1794 3574 aggressus
1818 3505 1982 3571 fudit,
2006 3505 2092 3559 l‘n-

517 3614 718 3667 susque
739 3598 1035 3669 insequens
1053 3597 1120 3653 ad
1142 3599 1329 3653 urbem
1356 3614 1532 3667 usque
1561 3606 1801 3664 tractus,
1822 3616 1942 3654 eam
1963 3617 2088 3657 cum

517 3689 804 3758 aliquanto
841 3696 1092 3757 tempore
1125 3699 1528 3759 oppugnasset,
1554 3690 1773 3745 tandem
1799 3690 1964 3760 cepit.
1994 3688 2092 3744 His

500 3782 592 3855 ita
628 3782 890 3851 peractis,
924 3780 1180 3835 Arabiam
1208 3781 1349 3837 bello
1381 3793 1576 3852 petere
1602 3782 1820 3837 statuit.
1877 3784 2095 3839 Arabes

519 3890 690 3945 grnus
722 3874 1009 3930 hominum
1035 3875 1357 3944 opulentum
1392 3891 1647 3946 magnum
1696 3886 1753 3930 et
1780 3876 2090 3945 antiquum,

520 3967 675 4034 nulli,
700 3975 966 4038 quantum
1001 3966 1067 4021 ad
1118 3966 1431 4022 felicitatem
1462 3967 1683 4030 attinet,
1706 3968 1933 4035 cedens,
1969 3985 2096 4025 esse

518 4071 672 4118 certo
705 4069 956 4117 constat:
992 4061 1336 4131 multamque
1366 4064 1509 4117 Asia:
1557 4046 1767 4130 partem
1822 4074 2091 4133 occupat,

520 4168 679 4210 utens
711 4157 845 4210 mari
895 4155 1040 4225 quod
1075 4152 1321 4208 Rubrum
1348 4155 1724 4210 nominamus.
1772 4153 1868 4210 Est
1911 4167 2094 4210 autem

520 4251 762 4305 Arabum
787 4250 938 4318 regio
973 4249 1264 4313 latissima,
1289 4260 1344 4304 et
1370 4250 1434 4304 ad
1470 4250 1826 4305 habitandum
1846 4250 2093 4307 omnium

504 4347 558 4413 ,Α
599 4346 663 4401 ia:
724 4345 1010 4416 regionum
1072 4343 1465 4414 pulcherrima.
1532 4340 1646 4397 Viri
1697 4342 1989 4414 iustissimi
2043 4350 2099 4398 et

457 4496 463 4501 .
518 4452 783 4513 quantum
811 4441 879 4496 ad
906 4440 1226 4513 religionem
1279 4441 1517 4509 pertinet
1546 4441 1947 4510 sapientissimi
1971 4456 2093 4495 eam

2190 1941 2293 1978 σαν
2344 1924 2475 1995 ἔθνη
2533 1924 2638 1979 ὑπὸ
2690 1924 3037 1978 Καδδουσίων
3096 1940 3155 1978 τε
3206 1922 3469 1992 ἄρχεσθαι
3528 1918 3763 1989 πρόσθεν

2188 2015 2423 2087 ἔφαμεν,
2460 2018 2557 2073 καὶ
2599 2016 2726 2082 τούς
2772 2035 2834 2086 γε
2876 2017 3079 2089 φόρους
3136 2017 3319 2070 αὐτῶν
3364 2016 3422 2077 ἐς
3475 2016 3575 2082 τὴν
3618 2012 3766 2067 Καδ-

2187 2109 2416 2165 δουσίων
2454 2111 2611 2166 πόλιν
2635 2111 2790 2174 ἔτους
2824 2111 3057 2166 ἑκάστου
3095 2109 3322 2176 ἐπάγειν
3377 2106 3472 2159 ἐπὶ
3513 2107 3759 2167 τούτους.

2203 2201 2291 2265 Ὧς
2320 2202 2445 2267 τοὺς
2484 2202 2811 2271 Ὑρκανίους
2848 2200 3169 2271 ὑπηγάγετο
3205 2198 3247 2249 Τ
3253 2197 3491 2268 εμήρης,
3525 2195 3621 2247 καὶ
3665 2194 3758 2246 τὸν

2191 2292 2421 2365 βασιλέα
2451 2295 2658 2349 τούτων
2702 2292 2939 2356 ἀνεῖλεν,
2972 2292 3338 2364 ἐστρατεύετο
3385 2290 3479 2343 ἐπὶ
3524 2287 3764 2341 Καδδου-

2192 2386 2363 2451 σίους.
2407 2388 2520 2442 Καὶ
2563 2381 2709 2443 οὗτοι
2748 2388 2847 2456 μὲν
2898 2386 3253 2451 συλλέξαντες
3297 2380 3555 2451 στρατιάν
3599 2376 3761 2449 μεγί-

2192 2496 2350 2552 στην,
2406 2482 2882 2552 παρεσκευάζοντο
2929 2480 3005 2540 ὡς
3044 2476 3443 2549 ἀμυνούμενοι,
3507 2473 3572 2541 ἥν
3630 2468 3761 2539 ἐπίῃ

2190 2578 2477 2648 Τεμήρης.
2502 2576 2767 2647 Τεμήρης
2798 2576 2855 2629 δέ
2887 2574 2961 2638 ὡς
2986 2573 3184 2646 ᾔσθετο
3213 2571 3440 2633 τούτους
3471 2581 3763 2637 στρατευο-

2193 2671 2415 2739 μένους,
2445 2670 2657 2739 πέμπει
2685 2668 2967 2741 Χαῖδάρην
3006 2666 3099 2721 ἐπὶ
3136 2666 3233 2734 τὴν
3271 2664 3427 2717 πόλιν
3459 2659 3663 2724 αὐτῶν,
3686 2656 3761 2719 ὡς

2192 2763 2382 2817 ἐλόντα
2410 2761 2456 2793 ⁸⁷
2482 2764 2583 2835 τὴν
2620 2764 2907 2832 ταχίστην,
2939 2760 3036 2814 καὶ
3084 2757 3548 2827 πολιορκήσαντα.
3595 2750 3766 2812 Αὐτὸς

2192 2856 2249 2909 δὲ
2282 2856 2550 2927 ἐπέμενεν
2600 2853 3168 2925 ἐστρατοπεδευμένος
3207 2846 3619 2920 παρεγγυτάτω
3654 2845 3765 2903 τοῖς

2193 2946 2568 3009 Καδδουσίοις.
2609 2946 2874 2999 Ἐνταῦθα
2919 2945 2977 2998 δὲ
3026 2943 3103 3007 ὡς
3151 2941 3417 2996 ἐπύθοντο
3449 2939 3500 2992 οί
3531 2935 3772 2993 Καδδού-

2194 3060 2298 3096 σιοι
2323 3041 2451 3105 τοὺς
2498 3036 2792 3108 πολεμίους
2834 3038 2893 3101 ἐς
2924 3037 3021 3108 τὴν
3053 3033 3214 3089 πόλιν
3252 3032 3435 3087 αὐτῶν
3473 3030 3669 3092 ἰόντας,
3700 3025 3769 3079 τά

2195 3134 2430 3206 ἔμπαλιν
2477 3136 2787 3203 γενόμενοι,
2819 3132 2960 3185 ἵεντο
3010 3129 3187 3183 ούδενλ
3234 3128 3422 3197 κόσμῳ
3458 3126 3514 3187 ἐς
3543 3123 3639 3192 τήν
3672 3121 3773 3174 πό-

2194 3230 2298 3283 λιν.
2365 3226 2631 3282 Ἐνταῦθα
2689 3225 2998 3278 ἐπιτίθεται
3057 3222 3242 3283 αὐτοῖς
3303 3218 3474 3271 ἰοῦσιν
3523 3217 3617 3270 ἐπὶ
3666 3214 3771 3284 τὴν

2194 3325 2349 3378 πόλιν
2378 3321 2641 3392 Τεμήρης
2672 3321 2772 3374 σὺν
2820 3319 2897 3386 τῷ
2938 3314 3136 3371 ἐαυτοῦ
3181 3312 3401 3382 στρατῷ
3431 3328 3445 3343 ο
3485 3310 3579 3365 καὶ
3612 3325 3773 3362 τετα-

2194 3414 2489 3485 ραγμένοις
2521 3409 2798 3483 ἐμϐαλὼν,
2840 3409 3132 3479 ἐτρέψατο,
3168 3406 3263 3459 καὶ
3289 3403 3504 3458 διώκων
3546 3403 3637 3455 ἐπὶ
3663 3399 3771 3469 τὴν

2195 3507 2350 3562 πόλιν
2399 3507 2623 3579 ἤλαυνε,
2664 3504 2760 3558 καὶ
2809 3502 3181 3572 πολιορκήσας
3237 3499 3330 3552 ἐπὶ
3382 3494 3574 3567 χρόνον
3621 3492 3772 3554 τινὰ,

2195 3601 2603 3671 παρεστήσατο.
2621 3599 2777 3654 Μετὰ
2807 3596 2865 3650 δὲ
2889 3593 3449 3662 ταύταέστρατεύετο
3480 3591 3571 3642 ἐπὶ
3599 3586 3772 3657 Ἀρα-

2196 3695 2339 3749 ϐίαν.
2378 3696 2538 3756 Γένος
2581 3693 2640 3747 δέ
2687 3691 2928 3761 Ἀρασες
2971 3690 3117 3760 μέγα
3165 3704 3223 3740 τε
3274 3687 3368 3738 καὶ
3417 3684 3623 3746 δλὸιον,
3673 3682 3778 3734 καὶ

2196 3789 2298 3842 ἀνὰ
2351 3785 2451 3858 τὴν
2490 3784 2676 3839 Ἀσίαν
2717 3783 2927 3846 οὐδενὸς
2960 3783 3029 3835 τὰ
3075 3783 3158 3844 εἰς
3210 3780 3557 3849 εὐδαιμονίαν
3587 3774 3783 3828 λειπό-

2198 3898 2383 3951 μενον,
2407 3878 2635 3933 παλαιόν
2666 3894 2726 3931 τε
2760 3874 2841 3938 ὃν,
2874 3875 2969 3929 καὶ
2994 3873 3088 3928 ἐπὶ
3122 3873 3259 3928 πολὺ
3283 3874 3383 3943 τῆς
3424 3871 3610 3932 Ἀσίας
3658 3870 3785 3939 διῆ-

2198 3994 2316 4043 κον,
2368 3971 2801 4044 προσχρώμενόν
2850 3988 2910 4024 τε
2969 3972 3034 4041 τῇ
3088 3968 3335 4040 Θαλάσσῃ
3392 3970 3457 4039 τῇ
3531 3965 3789 4037 Ἐρυθρᾷ

2198 4066 2533 4139 καλουμένῃ.
2572 4065 2731 4119 Ἐστι
2754 4065 2813 4118 δέ
2864 4064 2899 4132 ή
2930 4062 3087 4132 χώρα
3134 4061 3276 4132 αὕτη
3320 4061 3556 4130 μεγίστη
3590 4076 3650 4112 τε
3680 4060 3791 4113 καὶ

2199 4162 2467 4232 καλλίστη
2520 4162 2741 4228 οἰκῆσαι
2800 4157 2907 4211 τῶν
2967 4155 3107 4212 κατὰ
3159 4157 3261 4225 τὴν
3322 4155 3512 4208 Ἀσίαν
3556 4151 3785 4224 χωρῶν,

2199 4258 2449 4311 Οξκείται
2501 4254 2556 4307 δὲ
2606 4252 2713 4307 ύπὺ
2769 4250 2983 4317 ἀνδρῶν
3031 4250 3416 4314 δικαιοτάτων,
3460 4247 3554 4300 καὶ
3601 4248 3670 4299 τά
3716 4246 3787 4312 ἐς

2201 4348 2499 4419 θρησκείαν
2553 4346 2735 4400 αὐτῶν
2790 4343 3149 4411 σοφωτάτων.
3188 4341 3299 4395 Καὶ
3349 4339 3580 4409 βασιλέα
3625 4340 3797 4407 νομί-

2200 4444 2389 4508 ζουσιν
2426 4440 2489 4495 οὗ
2535 4442 2822 4511 τύραννον,
2860 4436 2976 4490 ἀλλ’
3007 4438 3066 4500 ἐς
3116 4438 3179 4489 τὸ
3232 4434 3521 4489 ἰσοδίαιτον
3550 4432 3797 4500 μᾶλλον,

520 4510 729 4591 tenent.
751 4510 1034 4592 Creantes‘
1054 4550 1259 4604 regem.
1295 4550 1406 4587 non
1445 4543 1763 4603 tyrannum,
1793 4533 1888 4587 sed
1919 4534 2089 4589 virum

2204 4539 2299 4592 καὶ
2338 4536 2589 4606 ίσόνομον
2612 4510 3025 4603 καθιστάμενον
3075 4531 3284 4599 σφίσιν.
3324 4530 3481 4582 Ἐστι
3512 4526 3560 4579 δ’
3591 4526 3800 4590 αὐτοῖς

517 4631 793 4701 aequitatis
829 4630 1269 4682 amantissimum
1331 4634 1386 4679 et
1442 4624 1679 4679 maxime
1724 4625 2089 4695 aequalitatem

2204 4630 2453 4703 βασίλεια
2484 4631 2543 4684 ἐν
2574 4629 2641 4697 τῇ
2673 4626 2826 4681 πόλει
2879 4628 2949 4696 τῇ
2983 4624 3137 4694 παρὰ
3196 4622 3299 4691 τὴν
3344 4620 3647 4683 Θάλασσαν,
3679 4633 3801 4672 κοι-

519 4726 937 4796 respicientem,
960 4719 1194 4787 eligunt.
1240 4717 1460 4772 Arabici
1491 4717 1646 4784 regni
1677 4716 1841 4772 sedes
1868 4719 2089 4774 esturbs

2201 4722 2441 4794 λουμένη
2497 4720 2708 4791 μεγάλη
2754 4720 2800 4751 ⁸⁸
2852 4737 2915 4773 τε
2973 4718 3068 4772 καὶ
3126 4714 3344 4782 πλούτῳ
3399 4711 3794 4780 προφέρουσα.

510 4818 667 4886 juxta
688 4828 835 4869 mare
854 4813 986 4873 sita,
1010 4826 1175 4880 quam
1191 4808 1306 4879 (62)
1329 4820 1548 4872 vocant,
1569 4824 1763 4878 magna
1785 4811 2089 4879 opibusque

2211 4814 2441 4886 Ὀμορεῐ
2470 4813 2529 4868 δὲ
2556 4817 2623 4884 τῇ
2657 4828 2718 4866 τε
2759 4811 3041 4879 Αἰγύπτῳ,
3071 4810 3165 4861 καὶ
3209 4805 3436 4876 Περσῶν
3471 4802 3630 4873 χώρα
3683 4807 3796 4857 καὶ

517 4924 725 4976 vgeus.
759 4905 1017 4960 Finitima
1042 4915 1128 4959 est
1168 4920 1231 4957 ea
1259 4919 1395 4973 gens
1419 4903 1677 4973 Egypto,
1712 4914 1767 4959 et
1796 4904 2089 4961 Persarum

2212 4909 2542 4979 'Aasoplwv.
2584 4905 2719 4960 ’Δπὸ
2776 4907 2887 4972 γάρ
2918 4900 3198 4971 Κολχίδος.
3228 4902 3324 4951 καὶ
3352 4897 3563 4967 Φάρους
3594 4895 3790 4966 χώρας

519 5003 981 5071 Assyriorumque
998 4998 1274 5065 regionem
1295 4997 1536 5065 attingit.
1561 4997 1694 5051 Nam
1717 5015 1745 5051 α
1763 4998 2025 5055 Colchide
2041 5010 2089 5057 et

2202 5002 2261 5063 ἐς
2297 5000 2399 5068 τὴν
2443 4998 2746 5060 θάλασσαν,
2771 4995 2871 5065 τὴν
2904 4995 2958 5055 ἐς
2986 4994 3089 5061 τὴν
3112 4990 3313 5060 Κοίλην
3341 4989 3564 5060 Συρίαν,
3590 4990 3647 5051 ἐς
3677 4987 3789 5057 τὴν

520 5093 731 5147 l’narus
769 5091 991 5160 regione
1011 5094 1078 5144 ad
1098 5107 1247 5145 mare
1268 5093 1412 5158 quod
1441 5092 1745 5159 porrigitur
1767 5091 1821 5146 in
1852 5092 2089 5164 Ctelesy-

2204 5096 2535 5152 Λαοδίκειαν
2574 5090 2922 5161 καλουμένην
2952 5088 3129 5150 πόλιν,
3159 5086 3247 5155 εἴη
3295 5085 3341 5138 δ’
3371 5085 3438 5139 ἂν
3477 5084 3597 5146 ὁδὸς
3641 5085 3788 5153 ήμε-

522 5189 683 5247 riam,
703 5200 878 5254 usque
906 5187 973 5238 ad
998 5183 1190 5238 urbem
1213 5182 1539 5238 Laodiceam
1566 5182 1793 5249 dictam,
1815 5185 2089 5240 lueritliter

2207 5189 2318 5259 ρῶν
2357 5187 2514 5257 ἀνδρὶ
2563 5182 2813 5254 εὐζώνῳ,
2851 5182 2992 5253 πεζῇ
3026 5182 3471 5250 διαπορευομένῳ
3526 5178 3624 5247 τὴν
3668 5174 3791 5246 χὼ-

520 5282 732 5333 itierum
766 5276 1128 5346 (quindeetm)
1160 5278 1285 5333 viro
1324 5277 1580 5347 expedito
1631 5278 1869 5347 pedestri
1895 5279 2089 5334 itinere

2206 5300 2327 5352 ραν,
2356 5282 2454 5334 καὶ
2504 5280 2566 5333 τὸ
2617 5276 2869 5332 ἐντεῦθεν
2918 5277 3018 5345 τῆς
3063 5275 3218 5329 κάτω
3262 5273 3449 5337 Ἀσίας
3479 5272 3613 5327 ὡσεὶ
3640 5270 3797 5341 Χεῤ-

525 5374 808 5443 regionem
864 5372 1200 5427 transeunti.
1234 5370 1374 5426 lliuc
1432 5371 1711 5427 inferioris
1740 5373 1883 5427 Asia:
1938 5374 2089 5428 istaut

2210 5375 2438 5445 ρόνησον
2483 5369 2842 5441 γεγενῆσθαι,
2892 5368 2991 5421 καὶ
3042 5369 3142 5439 τήν
3197 5384 3256 5422 τε
3317 5364 3577 5435 ’Δραόίαν
3622 5360 3795 5428 ἐκτὸς

1817 5516 2066 5579 Νυιυιω
2102 5516 2512 5595 marginales.

598 5640 711 5709 (ϐε)
744 5640 821 5695 ita
849 5638 1180 5709 Pomponius
1204 5640 1363 5697 Mela.
2288 5643 2401 5714 (0‘2)
2430 5642 2592 5700 Forte
2625 5640 2821 5709 Adctn,
2845 5640 3155 5698 vel‘Zidcn.

636 5842 681 5876 ⁸⁷
714 5842 943 5898 ἐλῶντα.
984 5840 1050 5899 R.
1083 5850 1137 5896 ut
1170 5840 1219 5896 in
1256 5858 1302 5897 ε.
1415 5842 1459 5874 ⁸⁸
1505 5838 1566 5895 In
1604 5857 1708 5896 uno
1729 5842 1809 5895 hic
1840 5844 2034 5897 lacuna
2060 5857 2086 5897 ε
