4016 6216
229 356 342 424 125

1351 362 1445 421 DE
1491 362 1744 422 ΚΕΒυὸ
1781 363 2138 422 'l‘UllClCIS
2181 363 2329 425 LIB.
2371 363 2486 423 ιιι.

3409 360 3506 424 liii

228 470 502 541 γίνεσθαι
556 470 660 538 τῆς
724 468 925 525 Ἀσίας.
965 470 1119 524 Ἐστι
1165 471 1223 522 δέ
1271 473 1303 539 ἡ
1350 474 1500 543 χώρα
1537 473 1675 542 αὕτη
1716 475 1833 525 ἐπί·-

1941 485 2148 540 partem
2184 474 2393 528 scimus
2430 473 2483 526 in
2513 470 2839 526 Chersonesi
2871 469 3102 524 formam
3136 470 3330 539 redigt,
3371 473 3507 525 Ara-

226 580 429 632 φορος,
469 564 576 615 καὶ
602 562 836 630 δένδρων
865 579 922 614 τε
978 564 1071 617 καὶ
1099 565 1361 631 φοινίκων
1392 566 1826 635 πεπληρωμένη,

228 657 329 710 καὶ
360 661 419 708 ἐν
458 658 628 727 μέσῳ
675 656 821 708 δυοῖν
852 660 1116 723 ποταμοῖν
1160 658 1489 729 περίρρυτος
1536 658 1829 727 γενομένη.

230 749 533 819 Καρποῦς
586 765 645 801 τε
698 749 918 816 ἐκφέρει
980 749 1281 817 ὑπερφυεῖς
1328 749 1407 819 τῷ
1463 749 1686 818 μεγέθει
1735 747 1831 803 καὶ

236 842 727 903 πολλαπλασίους,
757 842 895 895 ὥστε
951 842 1255 909 Εὐδαίμονα
1298 842 1402 894 ὑπὸ
1447 841 1557 894 τῶν
1607 841 1830 894 παλαιο·

234 934 416 1002 τέρων
475 935 795 1003 κεκλῆσθαι
845 934 1077 1003 ἀνδρῶν.
1110 936 1211 988 Διὰ
1242 934 1415 988 ταῦτα
1480 935 1571 987 ἐπὶ
1622 935 1830 1005 ταύτην

238 1028 335 1097 τὴν
375 1026 679 1096 ’Δροσίαεκ
714 1026 795 1079 ὅτι
825 1026 1199 1089 Καδδουσίοις.
1240 1026 1334 1080 ὑπ’
1363 1025 1527 1079 αὑτοῦ
1562 1025 1831 1092 πολεμου-

243 1120 456 1188 μένοις,
506 1119 827 1189 συνεμάχει,
864 1119 1278 1186 αἰτιασάμενος,
1306 1119 1688 1188 ἐστρατεύετο.
1720 1118 1831 1172 Καὶ

243 1214 321 1275 δὶς
359 1216 466 1281 μὲν
514 1214 829 1282 ἐμαχέσατο
868 1213 947 1283 τῷ
990 1212 1240 1285 Ἀράϐων
1291 1211 1687 1283 στρατεύματι.
1724 1212 1832 1264 Καὶ

246 1306 317 1360 ἰδ’
344 1307 422 1367 ὼς
454 1307 703 1376 tamen
752 1306 1078 1376 τρέψασθαι,
1110 1305 1249 1376 μετὰ
1299 1304 1354 1357 δέ
1398 1303 1833 1372 διαπρεσϐευσά-

253 1418 439 1471 μενος.
475 1400 621 1455 ὥστε
675 1400 940 1471 στρατιὰν
990 1399 1199 1464 δοῦναι,
1233 1401 1329 1454 καὶ
1380 1398 1550 1470 φόρον
1597 1399 1833 1467 ἀπάγειν

252 1493 349 1547 τοῦ
407 1495 586 1559 haec,
623 1495 749 1547 ὅσον
799 1494 866 1547 ἂν
921 1493 1104 1561 σφίσιν
1158 1492 1459 1557 ἐπιτάττοι,
1494 1492 1725 1553 σπονδάς
1773 1508 1833 1545 τε

258 1590 557 1657 ἐποιήσατο
589 1588 656 1652 ⁸⁹,
688 1588 785 1639 καὶ
814 1585 876 1638 τὸ
924 1584 1013 1639 ἐπ’
1062 1584 1225 1638 αὐτὸν
1269 1584 1517 1655 Ἀράϐων
1550 1583 1830 1654 πρέσϐεις,

262 1682 305 1735 δῖ
360 1682 457 1735 καὶ
513 1682 867 1750 ἀφικόμενοι,
905 1680 1225 1748 προΐσχοντο
1250 1696 1310 1732 τε
1362 1678 1460 1747 τὴν
1508 1678 1691 1749 χώραν
1734 1679 1831 1732 τοῦ

264 1775 441 1843 ἥρωος
472 1774 548 1844 μὴ
581 1774 889 1841 λεηλατεῖν,
938 1775 1031 1826 καὶ
1079 1772 1290 1826 ἐδέοντο
1338 1774 1501 1841 σφᾶς,
1529 1772 1628 1826 ἅτε
1672 1773 1827 1841 γένος

1934 563 2188 634 biamquc
2212 574 2366 619 extra
2417 562 2604 618 Asiam
2639 562 2894 630 relinqui.
2926 563 3022 617 Est
3073 572 3254 615 autem
3311 563 3507 617 Arabia

1931 658 2183 728 plurimis
2232 656 2549 716 arboribus.
2582 655 2891 725 palmisque
2921 657 3161 719 consita,
3201 663 3255 710 et
3310 655 3366 708 in
3394 670 3508 708 me-

1930 753 2020 807 dio
2075 754 2308 807 duorum
2369 752 2653 805 Πιιιιιὶηυιη
2689 749 2817 814 sita,
2875 750 2945 804 ab
2996 758 3231 817 utroque
3272 750 3511 817 undique

1930 846 2174 901 alluitur.
2198 843 2435 898 Fructus
2459 844 2665 909 profert
2689 858 2855 912 supra
2873 842 3093 895 modum
3121 852 3236 894 tum
3262 856 3508 910 magnos,

1929 944 2045 992 tum
2084 935 2595 1006 multiplices.Hinc
2640 941 2855 990 ‘veteres
2897 934 3245 988 occasionem
3290 948 3503 988 sumen-

1932 1039 2035 1094 tes,
2054 1045 2173 1084 eam
2201 1029 2443 1084 Felicem
2465 1028 2831 1098 appellavere.
2858 1028 3010 1082 Hanc
3039 1027 3315 1096 regionem
3343 1026 3510 1078 armis

1932 1121 2148 1177 infestis
2176 1136 2464 1193 aggressus
2495 1130 2579 1175 cst
2604 1119 3094 1183 Temires,ineolis
3126 1117 3345 1172 crimini
3371 1118 3510 1170 dans

1935 1229 2156 1283 operam
2189 1224 2422 1283 strenue
2452 1220 2709 1267 navatam
2740 1210 2852 1283 64
2878 1210 3193 1273 Caddusiis,
3250 1223 3376 1262 cum
3410 1223 3509 1262 eos

1934 1304 2085 1359 bello
2114 1306 2405 1360 statuisset
2432 1305 2683 1360 demare.
2720 1301 2812 1356 Bis
2838 1301 3082 1355 conﬂixit
3109 1316 3235 1354 cum
3264 1300 3509 1353 Arabum

1933 1395 2201 1450 exercitu.
2228 1396 2476 1465 Cumque
2502 1412 2600 1452 eos
2622 1396 2799 1449 victos
2828 1394 2959 1449 dare
2982 1410 3091 1448 non
3126 1403 3334 1463 posset,
3360 1393 3508 1461 lega-

1934 1497 2021 1543 tos
2050 1488 2296 1551 mittens,
2344 1488 2616 1543 militibus
2651 1489 2994 1557 tributoque,
3025 1486 3171 1557 quod
3206 1486 3509 1557 quotannis

1934 1581 2258 1651 penderent,
2290 1582 2599 1651 imperatis,
2626 1596 2817 1647 pacem
2843 1596 2969 1635 cum
2988 1580 3070 1635 cis
3093 1579 3242 1635 fecit.
3276 1578 3347 1632 Ea
3373 1586 3510 1631 tem-

1936 1682 2169 1744 pestate,
2204 1675 2527 1742 priusquam
2561 1674 2613 1728 in
2650 1672 2830 1729 fmdus
2856 1674 3126 1738 coiretur,
3153 1672 3402 1727 Arabum
3434 1672 3513 1726 le-

1938 1765 2049 1834 gati
2074 1765 2141 1819 ad
2158 1765 2439 1820 Temirem
2482 1780 2792 1829 accessere,
2827 1775 3116 1833 poscentes
3140 1780 3211 1819 ne
3231 1764 3509 1835 regionem

272 1884 324 1919 τε
351 1868 507 1930 ὂντας
536 1866 632 1921 τοῦ
684 1867 1003 1936 νομοθέτου.
1035 1867 1135 1921 καὶ
1179 1868 1425 1938 πατέρας
1459 1861 1599 1920 εἶναι
1631 1866 1740 1920 τῶν
1773 1868 1830 1930 ἐς

1941 1857 2144 1922 herois,
2170 1856 2263 1926 qui
2282 1864 2337 1909 et
2355 1857 2457 1925 ipsi
2476 1857 2543 1909 de
2566 1872 2765 1927 genere
2792 1857 3130 1926 legislatoris
3157 1864 3368 1923 essent,
3419 1870 3515 1908 va-

285 1959 433 2026 ιὴνδε
459 1959 550 2012 τοῦ
594 1960 775 2030 ἥρωος
821 1960 1123 2014 τελούντων
1176 1960 1496 2031 θρησκείαν.
1530 1959 1832 2039 Νομίζεται

291 2050 347 2102 τι
386 2051 532 2106 τοῦτο
574 2055 635 2107 τὸ
684 2055 835 2121 γένος
889 2054 1083 2123 εὐαγές
1142 2071 1202 2107 τε
1249 2057 1341 2109 καὶ
1395 2054 1572 2119 ἅγιον,
1626 2053 1709 2107 ὅτι
1770 2068 1831 2105 τε

298 2145 552 2213 προῆλθεν
598 2146 661 2199 ἐκ
700 2147 796 2212 τῆς
824 2146 1006 2217 χώρας
1054 2146 1239 2201 αὐτῶν
1270 2149 1570 2217 Μεχμιτης
1609 2149 1637 2200 δ
1663 2164 1831 2216 νομο-

293 2234 459 2302 θέτης,
490 2236 587 2287 καὶ
643 2236 743 2288 σὺν
792 2236 860 2305 τῷ
894 2236 1134 2309 Ὀμούρῃ
1183 2238 1281 2308 τὴν
1331 2238 1656 2307 νομοθεσίαν
1679 2238 1834 2303 δεξι-

279 2329 438 2395 μένῳ,
473 2331 565 2381 ἐπὶ
610 2330 722 2398 τὴν·
762 2331 863 2399 τῆς
896 2329 1085 2391 Ἀσίας
1128 2330 1303 2400 ἀρχὴν
1363 2327 1831 2399 προεληλύθεσαν,

272 2426 475 2492 μεγάλα
530 2425 953 2492 ἀποδειξάμενοι
992 2424 1155 2495 ἔργα.
1199 2426 1261 2477 '0
1300 2427 1485 2494 μέντοι
1531 2427 1834 2495 νομοθέτης

272 2519 466 2570 τούτων
501 2521 530 2571 ὁ
561 2519 859 2589 Μεχμέτης
908 2521 1040 2581 παῖς
1080 2519 1297 2587 λέγεται
1342 2519 1596 2586 γενέσθαι
1639 2518 1835 2573 Ἀλίεω

271 2613 378 2666 απὸ
427 2611 687 2679 Ἀραδὶας
725 2614 819 2681 τῆς
862 2613 1215 2681 Εὐδαίμονος.
1261 2612 1592 2682 Ἐκθέμενον
1634 2614 1690 2665 δέ
1735 2611 1835 2683 τὴν

275 2706 597 2773 νομοθεσίαν
630 2706 816 2772 αὑτοῦ,
844 2708 1023 2777 ἀρχὴν
1056 2706 1156 2774 μέν
1199 2724 1283 2759 τοι
1326 2707 1495 2776 μηδὲν
1527 2706 1832 2776 βιάζεσθαι,

271 2798 636 2851 ἀναπείθοντά
673 2815 735 2850 τε
785 2802 913 2862 τοὺς
965 2800 1232 2869 Ἄραϐας.
1279 2802 1373 2853 καὶ
1426 2800 1633 2870 Σύρους
1698 2799 1838 2870 μετὰ

266 2891 473 2945 ταῦτα·
512 2894 653 2961 μετὰ
692 2894 749 2947 δέ
782 2893 953 2947 ταῦτα
1001 2893 1448 2964 προσλαϐόμενον
1498 2893 1594 2946 τοῦ
1642 2892 1836 2946 Ἀλίεω

1941 1958 2091 2003 stare
2124 1958 2435 2018 pergerent.
2460 1947 2601 2003 Huic
2617 1949 2855 2003 orationi
2876 1948 3230 2015 adjiciebant,
3258 1958 3320 2002 ut
3342 1948 3512 2002 velint

1934 2058 2058 2099 esse
2083 2051 2264 2110 patres
2296 2058 2486 2098 eorum
2516 2043 2609 2113 qui
2643 2042 2827 2096 herois
2855 2041 3178 2112 religionem
3202 2050 3509 2097 sectentur.

1934 2134 2080 2190 Gens
2116 2135 2206 2189 illa
2230 2150 2335 2190 non
2362 2134 2616 2204 profana,
2659 2149 2847 2188 verum
2885 2150 3040 2188 scra
3059 2143 3365 2201 sant-taque
3387 2149 3510 2187 cre-

1934 2229 2100 2293 ditur,
2133 2226 2262 2296 quia
2292 2229 2464 2284 edidit
2496 2227 2853 2283 Mechmetem
2892 2210 3514 2296 legislatorem.‘Ainnt,

1936 2322 2301 2394 legislatorem
2335 2323 2696 2379 Mechmetem
2727 2323 2899 2377 fuisse
2928 2323 3099 2375 lilium
3144 2321 3339 2384 “aliis,
3381 2321 3518 2373 Ara-

1936 2414 2084 2469 biam
2133 2413 2372 2471 Felicem
2424 2416 2744 2470 iucolentis.
2792 2415 2955 2469 Initio
3010 2413 3368 2481 legislationis
3403 2429 3516 2467 suo

1937 2508 2072 2564 nihil
2106 2510 2156 2563 vi
2186 2508 2316 2578 egit,
2335 2507 2431 2563 sed
2458 2508 2820 2577 persuasione
2844 2508 3078 2576 primum
3103 2507 3334 2568 Arabes,
3359 2505 3518 2560 dein-

1938 2602 2007 2660 de
2061 2602 2229 2675 Syros
2267 2604 2430 2673 cepit.
2479 2601 2672 2657 Postea
2705 2602 2758 2655 in
2816 2616 2970 2655 suam
3031 2600 3364 2655 sententiam
3401 2609 3515 2652 trao

1937 2696 2093 2751 duxit
2138 2695 2349 2750 Haliem
2382 2695 2624 2766 regionis
2657 2693 3196 2755 administratorem,
3237 2691 3329 2760 qui
3384 2705 3510 2744 cum

1939 2789 2043 2860 ipsi
2074 2790 2216 2844 foret
2263 2788 2452 2844 intima
2510 2786 2883 2843 familiaritate
2938 2787 3295 2856 conjunctus.
3352 2783 3515 2839 facile

1939 2896 2132 2939 omnes
2157 2892 2315 2937 terra:
2339 2896 2453 2935 suae
2507 2881 2719 2935 incolas
2771 2878 3092 2933 Mechrbetis
3149 2877 3296 2947 leges
3338 2877 3516 2930 susci-

265 2982 534 3037 δυνάστου
564 3002 624 3037 τε
668 2988 768 3054 τῆς
812 2983 1021 3055 χώρας,
1049 2985 1145 3038 καὶ
1190 2984 1504 3041 ἐπιτηδείου
1560 2983 1734 3055 αὐτῷ,
1763 2984 1839 3048 ὡς

1942 2990 2072 3045 pere
2104 2975 2301 3044 coegit.
2356 2973 2530 3045 Leges
2587 2974 2733 3027 enim
2785 2972 2906 3026 ista:
2960 2970 3094 3026 nihil
3149 2971 3297 3024 aliud
3350 2984 3515 3040 quam

274 3076 512 3143 μάλιστα
570 3079 816 3143 ἐπιόντα,
846 3077 1219 3149 προσάγεσθαι
1251 3078 1402 3146 αὐτῷ
1444 3081 1503 3141 ἐς
1542 3078 1644 3149 τὴν
1681 3094 1839 3147 νομο-

1942 3068 2207 3138 quietem,
2222 3079 2275 3122 et
2294 3066 2545 3121 Numinis
2563 3065 2860 3145 quemdam
2883 3064 2936 3119 fu
2947 3079 3145 3127 rorem,
3172 3071 3518 3133 perpetuam—

269 3172 482 3234 θεσέαν,
509 3171 636 3225 ὅποι
674 3174 755 3225 ἂν
808 3173 937 3239 ἐπίῃ
993 3173 1120 3232 τοὺς
1165 3172 1267 3242 τὴν
1308 3172 1494 3243 χώραν
1531 3171 1839 3235 οίκοῦντας,

1947 3177 2054 3233 que
2086 3158 2899 3217 meditationemcontinebant.
2948 3156 3083 3212 Nam
3131 3158 3277 3211 inter
3316 3165 3515 3211 caetera

270 3260 414 3312 ἀνίει
445 3278 504 3313 τε
556 3263 659 3328 τὴν
709 3262 1049 3331 νομοθεσίαν,
1085 3260 1139 3324 ἐς
1190 3279 1250 3316 τε
1298 3266 1399 3333 τὴν
1430 3263 1717 3335 ῥαστώνην
1745 3264 1842 3317 καὶ

271 3350 377 3411 τὴν
406 3350 501 3402 τοῦ
532 3351 697 3405 Gelon
743 3353 1001 3424 βακχείαν
1054 3356 1259 3426 μέντοι,
1291 3359 1485 3427 συνεχῆ
1515 3355 1571 3409 δὲ
1619 3357 1694 3420 ὡς
1743 3356 1845 3427 μά-

273 3444 333 3495 λι
349 3459 439 3496 ιτα
473 3446 727 3516 μελέτην.
756 3447 1061 3515 Νομίξεται
1094 3452 1202 3520 γὰρ
1238 3448 1390 3521 αὐτῷ
1438 3450 1701 3522 τετράκις
1742 3453 1845 3524 τῆς

275 3536 495 3607 ἡμέρας
536 3538 939 3608 προσεύχεσθαι
979 3542 1058 3611 τῷ
1093 3542 1235 3612 Θεῷ,
1270 3543 1363 3597 ὑπ’
1382 3544 1603 3607 οὐδενὸς
1632 3543 1842 3598 κωλυό-

279 3646 450 3695 μενον
484 3632 564 3694 είς
587 3632 767 3693 τοῦτο,
793 3634 931 3713 ὥστε
960 3637 1035 3705 μὴ
1078 3637 1509 3706 προσεύξασθαι.
1547 3637 1628 3709 Τῇ
1660 3636 1715 3691 δέ
1742 3637 1844 3707 τῆς

289 3721 612 3792 ’Δψροδίτης
650 3724 836 3794 ἡμέρᾳ
876 3730 1028 3796 κοινῇ
1055 3741 1114 3778 τε
1148 3726 1393 3789 ἅπαντας
1423 3728 1477 3789 ἐς
1506 3727 1635 3789 τοὺς
1685 3726 1846 3790 ναοὺς

281 3813 462 3874 ἰόντας
514 3815 943 3885 προσεύχεσθαι.
1000 3818 1306 3888 Νομίζεται
1351 3819 1661 3890 μηδοτιοῦν,
1705 3822 1845 3889 μήτε

282 3903 523 3972 ἄγαλμα,
563 3909 705 3977 μήτε
740 3909 868 3963 ἄλλο
901 3927 955 3963 τι
988 3911 1098 3964 τῶν
1138 3912 1567 3982 γεγραμμένων,
1602 3912 1845 3982 προσλα-

285 3998 513 4067 6όμενον
569 4002 755 4069 σφίσιν
797 4005 855 4065 ἐς
896 4005 996 4073 τὴν
1055 4004 1366 4075 προσευχὴν
1406 4005 1465 4059 ἐν
1512 4008 1626 4066 τοῖς
1674 4008 1846 4067 ναοῖς.

300 4091 489 4160 Ἱερεῖς
516 4110 575 4145 τε
614 4096 797 4162 σφίσιν
822 4097 1212 4160 καθιστῶντες,
1242 4096 1385 4150 ὥστε
1414 4097 1520 4168 πρὸ
1553 4097 1648 4151 τοῦ
1691 4098 1847 4163 ναοῦ,

282 4186 339 4245 ἐς
374 4188 667 4256 περιωπήν
689 4204 813 4241 τινα
839 4189 1049 4259 πύργον
1073 4192 1443 4259 πεποιημένον
1466 4191 1847 4258 ἀναϐαίνοντα,

282 4277 688 4346 προσεύχεσθαι
725 4278 803 4348 τῷ
833 4279 954 4351 Θεῷ
1004 4282 1218 4353 μεγάλῃ
1252 4285 1428 4353 φωνῇ,
1469 4285 1566 4337 καὶ
1609 4284 1701 4338 ἀεὶ
1748 4283 1850 4349 τὰς

280 4371 650 4439 νομιζομένας
690 4372 859 4442 εὐχὰς
908 4375 1179 4428 ποιεῖσθαι
1238 4376 1550 4446 κεκραγότα
1609 4378 1853 4446 γεγωνό-

1948 3255 2031 3310 lex
2060 3263 2146 3308 est
2173 3264 2233 3308 ut
2256 3265 2456 3324 quater
2508 3253 2711 3307 diurno
2765 3261 3014 3321 tempore
3039 3252 3211 3305 Deum
3258 3251 3512 3313 adorent,

1949 3362 2051 3401 nec
2087 3346 2272 3401 sinant
2302 3384 2320 3409 ,
2356 3360 2702 3414 quaecunque
2735 3354 2913 3399 tamen
2951 3344 3271 3407 inciderint,
3308 3342 3379 3396 ab
3409 3342 3516 3395 ista

1947 3436 2065 3508 lege
2093 3455 2153 3497 se
2191 3438 2432 3492 avocari.
2472 3434 2700 3493 Veneris
2722 3436 2812 3491 die
2852 3451 3048 3491 omnes
3076 3449 3184 3488 uno
3242 3448 3516 3488 consensu

1948 3532 2258 3601 frequentes
2276 3530 2331 3584 in
2350 3530 2549 3599 templa
2570 3527 3241 3592 commeaut,orati0tﬂbus
3291 3541 3517 3597 opt-ram

1949 3625 2163 3679 dantes.
2199 3624 2397 3692 Legem
2427 3623 2649 3687 habent,
2679 3637 2802 3693 qua
2831 3623 3022 3686 edicit,
3054 3631 3113 3676 ut
3136 3622 3341 3676 nullam
3387 3622 3520 3674 ima-

1947 3719 2155 3787 ginem,
2188 3732 2369 3785 neque
2395 3717 2556 3773 aliam
2589 3716 2937 3787 picturamin
2970 3715 3174 3784 templa
3204 3712 3518 3779 admittant,

1951 3814 2321 3884 precationem
2361 3814 2428 3867 ad
2462 3812 2632 3868 Deum
2655 3813 3121 3868 transmittentes.
3160 3810 3380 3879 Eligunt
3431 3824 3520 3863 sa-

1949 3906 2225 3972 cerdotes,
2254 3906 2322 3962 de
2348 3922 2582 3976 quorum
2616 3920 2781 3975 grege
2810 3921 2959 3959 unus
2981 3914 3140 3960 extra
3174 3904 3429 3972 templum
3464 3905 3517 3956 in

1949 3999 2116 4053 turris
2139 3998 2491 4067 pinnaculum
2509 3996 2577 4051 ad
2601 3996 2652 4051 id
2675 4006 3053 4065 comparatum
3076 3995 3350 4059 ascendit,
3373 4008 3521 4063 mag-

1950 4106 2131 4159 naque
2162 4104 2293 4151 voce
2326 4088 2495 4145 Deum
2530 4088 2744 4144 adorat.
2774 4087 2973 4143 Preces
3000 4087 3277 4141 solemnes
3306 4100 3522 4155 semper

1952 4182 2155 4250 majore
2187 4195 2319 4235 voce
2335 4195 2596 4252 peragere
2616 4181 2819 4234 solent.
2843 4182 2957 4234 Hoc
2974 4181 3136 4233 modo
3149 4178 3315 4232 Turci
3333 4192 3522 4245 preres

1951 4289 2082 4330 suas
2109 4273 2523 4337 concelebrant,
2582 4281 2748 4337 atque
2780 4281 2931 4326 tanta
2960 4280 3193 4325 utuntur
3241 4269 3524 4341 diligentia

1954 4366 2010 4421 in
2042 4365 2110 4419 iis
2141 4363 2511 4432 perficiendis,
2543 4372 2604 4417 ut
2626 4362 2849 4417 interim
2889 4361 3033 4417 nihil
3065 4360 3152 4415 vel
3183 4361 3407 4424 laboris,
3439 4361 3525 4416 vel

281 4478 463 4529 τερον.
509 4463 596 4525 Ἐς
629 4465 729 4534 μὲν
770 4462 863 4520 οὖν
892 4466 990 4537 τὴν
1021 4470 1332 4541 προσευχὴν
1379 4470 1566 4537 αὐτοῦ,
1608 4471 1763 4538 γένος
1794 4471 1839 4523 δὲ

1955 4459 2182 4513 alterius
2212 4458 2290 4514 rei
2346 4458 2673 4527 suscipiant,
2717 4472 2832 4526 quo
2852 4459 3039 4511 minus
3065 4456 3202 4527 ipsa
3230 4457 3530 4512 interrum-

281 4554 440 4606 τοῦτο
476 4555 643 4623 ἴσμεν
670 4558 726 4619 ἐς
753 4557 820 4611 τὰ
851 4558 1088 4624 μάλιστα
1133 4562 1510 4631 ἐντεταμένον,
1559 4563 1839 4633 μηδοτιοῦι

1952 4550 2469 4623 pantur.Quantum
2505 4551 2572 4604 ad
2591 4559 2812 4611 caetera.
2844 4550 3098 4605 videlicet
3133 4550 3201 4605 ad
3236 4548 3421 4605 victus
3442 4566 3531 4603 ra-

282 4644 491 4697 ἁνιὲναι
534 4640 1032 4718 προσδεχομένους*
1066 4652 1126 4715 ἐς
1167 4651 1223 4705 δὲ
1266 4652 1333 4706 τὰ
1362 4653 1519 4719 ἄλλα,
1567 4655 1638 4708 τά
1687 4673 1745 4708 τε
1794 4655 1853 4717 ἐς

282 4737 514 4803 δίαιταν,
545 4740 639 4793 καὶ
680 4743 739 4805 ἐς
775 4743 869 4796 τὸν
898 4743 1013 4814 βίον
1055 4746 1264 4810 αὐτοῖς.
1306 4745 1431 4801 οὔτε
1470 4748 1851 4817 κεκοὶατμένα

290 4831 603 4898 νομίζεται·
631 4832 774 4887 ὥστε
824 4837 900 4907 μὴ
925 4838 983 4899 ἐς
1027 4837 1089 4890 τὸ
1120 4838 1215 4892 τοῦ
1246 4839 1365 4910 βίου
1408 4840 1509 4910 ἡδὺ
1568 4840 1850 4893 πολιτεύε-

298 4921 438 4986 σθαι,
468 4924 611 4978 οὕτω
656 4926 758 4999 τὴν
790 4928 954 4997 φύσιν
991 4931 1218 5003 μηδαμῆ
1264 4930 1531 5002 βιάζεται.
1577 4933 1847 4996 Γυναῖκας

298 5013 395 5079 μὲν
424 5017 529 5087 γὰρ
558 5018 809 5085 ἄγεσθαι,
841 5022 1177 5085 παλλακίδας
1202 5025 1385 5093 μέντοι
1423 5026 1531 5080 ἀπὸ
1572 5026 1851 5095 ἀνδραπό-

294 5105 418 5171 δων,
436 5112 566 5171 δτας
586 5111 655 5163 ἂν
682 5114 911 5177 ἕκαστος
941 5115 1052 5177 οἷός
1076 5133 1138 5169 τε
1167 5118 1253 5185 εἴη
1281 5120 1489 5189 τροφὴν
1514 5116 1853 5189 παρέχεσθαι

301 5198 356 5258 ἐς
382 5201 472 5250 τὶν
500 5201 613 5264 βίον
636 5218 653 5233 ο
700 5210 970 5271 γυναῖκας
1000 5209 1057 5261 δὲ
1092 5210 1371 5278 κουριδίας
1398 5210 1632 5277 ἄγεσθαι
1671 5211 1728 5269 ἐς
1753 5208 1855 5272 τὰς

294 5290 477 5345 πέντε.
512 5295 621 5349 Καὶ
672 5298 797 5362 τούς
824 5316 881 5351 τε
923 5300 1033 5353 ἀπὸ
1072 5300 1419 5371 ἀνδραπόδων
1467 5301 1664 5365 παῖδας
1708 5301 1858 5370 νομί·

302 5383 483 5445 ξεσθαι
534 5390 721 5457 σφίσιν
761 5392 821 5445 οὐ
858 5393 1067 5457 νρθους.
1116 5395 1211 5447 Ἂν
1248 5371 1312 5447 ι’Ξέ⁴
1352 5392 1463 5447 ἀπὸ
1516 5393 1839 5445 παλλακίδωε

1968 5398 2126 5443 natos
2191 5402 2301 5441 non
2392 5384 2705 5454 spuriorum
2807 5394 3038 5436 numero

304 5477 593 5548 ἐλευθέρων
642 5484 906 5548 γένωνται
950 5487 1103 5554 σφίσι
1145 5487 1355 5550 παῖδες,
1385 5487 1529 5540 νόθοι
1574 5502 1631 5538 τε
1676 5486 1861 5548 αὐτοῖς
1967 5490 2148 5536 autem
2176 5496 2242 5535 ex

304 5572 629 5640 νομίζονται,
662 5577 754 5629 καὶ
779 5579 878 5632 οὐκ
904 5581 983 5644 εἰς
1010 5581 1109 5649 τὴν
1162 5579 1423 5652 πατρῴαν
1456 5580 1644 5634 οὐσίαν
1680 5579 1863 5647 είσέρο

1952 4646 2156 4699 tionem
2219 4652 2275 4698 et
2304 4644 2370 4696 ad
2404 4642 2674 4712 reliquum
2698 4643 2824 4697 vita:
2875 4643 3097 4696 modum
3144 4642 3366 4706 attinet,
3396 4656 3532 4697 eon-

1947 4746 2060 4792 stat
2102 4751 2199 4792 eos
2226 4735 2393 4791 nullis
2422 4734 2659 4791 inhiberi
2693 4735 2870 4803 panis
2902 4751 2917 4788 :
2951 4735 3093 4789 adeo
3116 4736 3391 4798 feruntur,
3422 4751 3533 4805 quo

1948 4831 2136 4883 minus
2159 4828 2523 4896 voluptariam
2541 4836 2829 4882 sectentur
2853 4827 3041 4890 vitam.
3069 4826 3370 4889 affectibus
3394 4843 3533 4880 nuu-

1945 4938 2110 4991 quam
2130 4937 2238 4974 nou
2258 4919 2728 4988 obtemperantes.
2769 4919 2979 4974 Uxores
3002 4920 3147 4973 enim
3167 4920 3393 4978 ducunt,
3418 4920 3535 4988 pel'

1954 5015 2197 5083 licesque
2211 5028 2276 5067 ex
2299 5013 2702 5079 mancipiorum
2724 5026 2888 5080 grege
2912 5026 3141 5065 numero
3170 5019 3251 5065 tot
3272 5010 3530 5079 diligunt,
3598 5075 3615 5092 ο

1956 5105 2471 5177 quotquotquilihet
2496 5104 2641 5159 alere
2673 5111 2886 5172 potest:
2920 5120 3119 5159 uxores
3159 5113 3343 5157 autem
3373 5104 3534 5168 virgi-

1964 5218 2063 5257 nes
2083 5200 2362 5270 accipiunt
2407 5199 2627 5253 neruine
2671 5198 3019 5266 prohibente,
3053 5197 3232 5250 donec
3289 5195 3534 5264 quinque

1918 5293 2483 5362 .sibicopulaveriut.
2527 5291 2755 5345 Liberos
2791 5306 2858 5344 ex
2914 5288 3243 5342 mulieribus
3299 5287 3535 5355 captivis

3131 5379 3353 5435 habent.
3432 5379 3531 5432 Sin

2329 5480 2617 5549 pellicibus
2672 5478 2875 5533 liberos
2933 5476 3135 5537 ferant,
3187 5490 3285 5529 eos
3313 5472 3534 5541 spurios

1964 5573 2074 5645 65
2110 5582 2376 5640 censent,
2410 5587 2510 5628 nec
2570 5581 2809 5641 paterna:
2858 5566 3191 5624 haereditatis
3245 5564 3537 5635 participes

1528 5718 1533 5727 “
1565 5715 1810 5777 Νυιιιιω
1846 5711 2256 5790 marginales.

362 5828 405 5860 ⁸³
429 5827 668 5888 Lacuna.
