  <div class='ocr_page' id='page_1' title='image "/cluster/home/n/w/nwhite01/storage/ocr_20150623/159/hvd.32044073502684/099.png"; bbox 0 0 4010 6208; ppageno 0'>
   <div class='ocr_carea' id='block_1_1' title="bbox 514 329 615 396">
    <p class='ocr_par' dir='ltr' id='par_1_1' title="bbox 514 329 615 396">
     <span class='ocr_line' id='line_1_1' title="bbox 514 329 615 396; baseline -0.05 0"><span class='ocrx_word' id='word_1_1' title='bbox 514 329 615 396; x_wconf 81' lang='grc'><strong>159</strong></span> 
     </span>
    </p>
   </div>
   <div class='ocr_carea' id='block_1_2' title="bbox 1602 335 2637 398">
    <p class='ocr_par' dir='ltr' id='par_1_2' title="bbox 1602 335 2637 398">
     <span class='ocr_line' id='line_1_2' title="bbox 1602 335 2637 398; baseline 0.002 -4"><span class='ocrx_word' id='word_1_2' title='bbox 1602 335 1919 396; x_wconf 81' lang='lat' dir='ltr'><strong>LAONICI</strong></span> <span class='ocrx_word' id='word_1_3' title='bbox 1969 335 2637 398; x_wconf 72' lang='lat' dir='ltr'><strong>CHALCOCONDYL/E</strong></span> 
     </span>
    </p>
   </div>
   <div class='ocr_carea' id='block_1_3' title="bbox 3666 338 3766 405">
    <p class='ocr_par' dir='ltr' id='par_1_3' title="bbox 3666 338 3766 405">
     <span class='ocr_line' id='line_1_3' title="bbox 3666 338 3766 405; baseline 0.02 -2"><span class='ocrx_word' id='word_1_4' title='bbox 3666 338 3766 405; x_wconf 79' lang='lat'><strong>160</strong></span> 
     </span>
    </p>
   </div>
   <div class='ocr_carea' id='block_1_4' title="bbox 513 442 2098 525">
    <p class='ocr_par' dir='ltr' id='par_1_4' title="bbox 513 442 2090 515">
     <span class='ocr_line' id='line_1_4' title="bbox 513 442 2090 515; baseline 0.001 -18"><span class='ocrx_word' id='word_1_5' title='bbox 513 450 791 497; x_wconf 85' lang='lat' dir='ltr'><strong>certantes</strong></span> <span class='ocrx_word' id='word_1_6' title='bbox 820 442 1114 497; x_wconf 74' lang='lat' dir='ltr'><strong>victoriam</strong></span> <span class='ocrx_word' id='word_1_7' title='bbox 1141 442 1479 511; x_wconf 84' lang='lat' dir='ltr'><strong>invenirent,</strong></span> <span class='ocrx_word' id='word_1_8' title='bbox 1504 444 1684 515; x_wconf 89' lang='lat' dir='ltr'><strong>primo</strong></span> <span class='ocrx_word' id='word_1_9' title='bbox 1722 459 1982 515; x_wconf 79' lang='lat' dir='ltr'><strong>agressus</strong></span> <span class='ocrx_word' id='word_1_10' title='bbox 2005 453 2090 501; x_wconf 89' lang='lat' dir='ltr'><strong>est</strong></span> 
     </span>
    </p>
   </div>
   <div class='ocr_carea' id='block_1_5' title="bbox 2200 442 3769 525">
    <p class='ocr_par' dir='ltr' id='par_1_5' title="bbox 2200 448 3769 525">
     <span class='ocr_line' id='line_1_5' title="bbox 2200 448 3769 525; baseline 0.006 -25"><span class='ocrx_word' id='word_1_11' title='bbox 2200 450 2261 500; x_wconf 77' lang='grc' dir='ltr'><strong>ἂν</strong></span> <span class='ocrx_word' id='word_1_12' title='bbox 2298 450 2373 518; x_wconf 77' lang='grc' dir='ltr'><strong>μὴ</strong></span> <span class='ocrx_word' id='word_1_13' title='bbox 2411 448 2797 518; x_wconf 72' lang='grc' dir='ltr'><strong>κυκλούμενοι,</strong></span> <span class='ocrx_word' id='word_1_14' title='bbox 2824 453 2976 520; x_wconf 75' lang='grc' dir='ltr'><strong>σφῶν</strong></span> <span class='ocrx_word' id='word_1_15' title='bbox 3024 453 3310 521; x_wconf 82' lang='grc' dir='ltr'><strong>ἀμείνονες</strong></span> <span class='ocrx_word' id='word_1_16' title='bbox 3347 452 3609 520; x_wconf 75' lang='grc' dir='ltr'><strong>γένοιντο,</strong></span> <span class='ocrx_word' id='word_1_17' title='bbox 3640 460 3769 525; x_wconf 77' lang='grc' dir='ltr'><strong>περὶ</strong></span> 
     </span>
    </p>
   </div>
   <div class='ocr_carea' id='block_1_6' title="bbox 516 533 2087 607">
    <p class='ocr_par' dir='ltr' id='par_1_6' title="bbox 516 533 2087 607">
     <span class='ocr_line' id='line_1_6' title="bbox 516 533 2087 607; baseline 0.003 -21"><span class='ocrx_word' id='word_1_18' title='bbox 516 533 748 603; x_wconf 72' lang='lat' dir='ltr'><strong>Europa:</strong></span> <span class='ocrx_word' id='word_1_19' title='bbox 790 536 1115 590; x_wconf 77' lang='lat' dir='ltr'><strong>exercitum.</strong></span> <span class='ocrx_word' id='word_1_20' title='bbox 1162 534 1231 589; x_wconf 90' lang='lat' dir='ltr'><strong>Ut</strong></span> <span class='ocrx_word' id='word_1_21' title='bbox 1270 544 1454 591; x_wconf 86' lang='lat' dir='ltr'><strong>autem</strong></span> <span class='ocrx_word' id='word_1_22' title='bbox 1490 552 1674 607; x_wconf 85' lang='lat' dir='ltr'><strong>pugna</strong></span> <span class='ocrx_word' id='word_1_23' title='bbox 1728 536 1798 593; x_wconf 84' lang='lat' dir='ltr'><strong>ad</strong></span> <span class='ocrx_word' id='word_1_24' title='bbox 1848 538 2087 592; x_wconf 89' lang='lat' dir='ltr'><strong>multum</strong></span> 
     </span>
    </p>
   </div>
   <div class='ocr_carea' id='block_1_7' title="bbox 517 627 2094 701">
    <p class='ocr_par' dir='ltr' id='par_1_7' title="bbox 517 627 2094 701">
     <span class='ocr_line' id='line_1_7' title="bbox 517 627 2094 701; baseline 0.003 -22"><span class='ocrx_word' id='word_1_25' title='bbox 517 627 626 682; x_wconf 85' lang='lat' dir='ltr'><strong>diei</strong></span> <span class='ocrx_word' id='word_1_26' title='bbox 656 636 740 681; x_wconf 81' lang='lat' dir='ltr'><strong>est</strong></span> <span class='ocrx_word' id='word_1_27' title='bbox 777 637 1054 691; x_wconf 83' lang='lat' dir='ltr'><strong>extracta,</strong></span> <span class='ocrx_word' id='word_1_28' title='bbox 1086 643 1265 697; x_wconf 78' lang='lat' dir='ltr'><strong>neque</strong></span> <span class='ocrx_word' id='word_1_29' title='bbox 1313 629 1556 698; x_wconf 89' lang='lat' dir='ltr'><strong>quietem</strong></span> <span class='ocrx_word' id='word_1_30' title='bbox 1592 647 1618 682; x_wconf 85' lang='lat' dir='ltr'><strong>a</strong></span> <span class='ocrx_word' id='word_1_31' title='bbox 1656 628 1950 701; x_wconf 89' lang='lat' dir='ltr'><strong>pugnando</strong></span> <span class='ocrx_word' id='word_1_32' title='bbox 1990 629 2094 684; x_wconf 85' lang='lat' dir='ltr'><strong>Pa-</strong></span> 
     </span>
    </p>
   </div>
   <div class='ocr_carea' id='block_1_8' title="bbox 514 720 2097 791">
    <p class='ocr_par' dir='ltr' id='par_1_8' title="bbox 514 720 2097 791">
     <span class='ocr_line' id='line_1_8' title="bbox 514 720 2097 791; baseline 0.004 -21"><span class='ocrx_word' id='word_1_33' title='bbox 514 720 699 787; x_wconf 83' lang='lat' dir='ltr'><strong>jazitis</strong></span> <span class='ocrx_word' id='word_1_34' title='bbox 736 720 939 780; x_wconf 61' lang='lat' dir='ltr'><strong>uiiEitits</strong></span> <span class='ocrx_word' id='word_1_35' title='bbox 969 720 1258 784; x_wconf 80' lang='lat' dir='ltr'><strong>baberent,</strong></span> <span class='ocrx_word' id='word_1_36' title='bbox 1296 721 1369 774; x_wconf 88' lang='lat' dir='ltr'><strong>ibi</strong></span> <span class='ocrx_word' id='word_1_37' title='bbox 1411 720 1637 775; x_wconf 82' lang='lat' dir='ltr'><strong>Tt‘ibaili</strong></span> <span class='ocrx_word' id='word_1_38' title='bbox 1690 721 1940 791; x_wconf 72' lang='lat' dir='ltr'><strong>pristinae</strong></span> <span class='ocrx_word' id='word_1_39' title='bbox 1980 736 2097 777; x_wconf 66' lang='lat' dir='ltr'><strong>suae</strong></span> 
     </span>
    </p>
   </div>
   <div class='ocr_carea' id='block_1_9' title="bbox 517 810 2095 883">
    <p class='ocr_par' dir='ltr' id='par_1_9' title="bbox 517 810 2095 883">
     <span class='ocr_line' id='line_1_9' title="bbox 517 810 2095 883; baseline 0.006 -25"><span class='ocrx_word' id='word_1_40' title='bbox 517 810 735 864; x_wconf 84' lang='lat' dir='ltr'><strong>virtttlis</strong></span> <span class='ocrx_word' id='word_1_41' title='bbox 762 827 1055 876; x_wconf 87' lang='lat' dir='ltr'><strong>memores,</strong></span> <span class='ocrx_word' id='word_1_42' title='bbox 1074 811 1321 879; x_wconf 67' lang='lat' dir='ltr'><strong>prmlium</strong></span> <span class='ocrx_word' id='word_1_43' title='bbox 1352 813 1572 868; x_wconf 75' lang='lat' dir='ltr'><strong>ciebant</strong></span> <span class='ocrx_word' id='word_1_44' title='bbox 1596 827 1791 883; x_wconf 87' lang='lat' dir='ltr'><strong>magna</strong></span> <span class='ocrx_word' id='word_1_45' title='bbox 1825 829 1951 867; x_wconf 87' lang='lat' dir='ltr'><strong>cum</strong></span> <span class='ocrx_word' id='word_1_46' title='bbox 1986 814 2095 868; x_wconf 84' lang='lat' dir='ltr'><strong>for-</strong></span> 
     </span>
    </p>
   </div>
   <div class='ocr_carea' id='block_1_10' title="bbox 517 902 2095 972">
    <p class='ocr_par' dir='ltr' id='par_1_10' title="bbox 517 902 2095 972">
     <span class='ocr_line' id='line_1_10' title="bbox 517 902 2095 972; baseline 0.004 -19"><span class='ocrx_word' id='word_1_47' title='bbox 517 902 753 956; x_wconf 87' lang='lat' dir='ltr'><strong>titudine</strong></span> <span class='ocrx_word' id='word_1_48' title='bbox 787 912 841 955; x_wconf 87' lang='lat' dir='ltr'><strong>et</strong></span> <span class='ocrx_word' id='word_1_49' title='bbox 873 903 1042 971; x_wconf 82' lang='lat' dir='ltr'><strong>gloria</strong></span> <span class='ocrx_word' id='word_1_50' title='bbox 1083 920 1097 958; x_wconf 89' lang='lat'><strong>:</strong></span> <span class='ocrx_word' id='word_1_51' title='bbox 1137 903 1512 972; x_wconf 90' lang='lat' dir='ltr'><strong>impetumque</strong></span> <span class='ocrx_word' id='word_1_52' title='bbox 1539 904 1735 959; x_wconf 78' lang='lat' dir='ltr'><strong>dantes</strong></span> <span class='ocrx_word' id='word_1_53' title='bbox 1761 905 1815 959; x_wconf 90' lang='lat' dir='ltr'><strong>in</strong></span> <span class='ocrx_word' id='word_1_54' title='bbox 1848 905 2095 961; x_wconf 82' lang='lat' dir='ltr'><strong>&#39;l&#39;zaclta-</strong></span> 
     </span>
    </p>
   </div>
   <div class='ocr_carea' id='block_1_11' title="bbox 520 994 2097 1065">
    <p class='ocr_par' dir='ltr' id='par_1_11' title="bbox 520 994 2097 1065">
     <span class='ocr_line' id='line_1_11' title="bbox 520 994 2097 1065; baseline 0.006 -23"><span class='ocrx_word' id='word_1_55' title='bbox 520 994 721 1052; x_wconf 82' lang='lat' dir='ltr'><strong>taidas.</strong></span> <span class='ocrx_word' id='word_1_56' title='bbox 757 994 947 1049; x_wconf 79' lang='lat' dir='ltr'><strong>hastas</strong></span> <span class='ocrx_word' id='word_1_57' title='bbox 992 995 1366 1065; x_wconf 84' lang='lat' dir='ltr'><strong>iufregerunt,</strong></span> <span class='ocrx_word' id='word_1_58' title='bbox 1411 1010 1608 1065; x_wconf 86' lang='lat' dir='ltr'><strong>magna</strong></span> <span class='ocrx_word' id='word_1_59' title='bbox 1646 1012 1769 1050; x_wconf 93' lang='lat' dir='ltr'><strong>cum</strong></span> <span class='ocrx_word' id='word_1_60' title='bbox 1803 997 2097 1053; x_wconf 86' lang='lat' dir='ltr'><strong>vehemen-</strong></span> 
     </span>
    </p>
   </div>
   <div class='ocr_carea' id='block_1_12' title="bbox 520 1085 2099 1160">
    <p class='ocr_par' dir='ltr' id='par_1_12' title="bbox 520 1085 2099 1160">
     <span class='ocr_line' id='line_1_12' title="bbox 520 1085 2099 1160; baseline 0.006 -25"><span class='ocrx_word' id='word_1_61' title='bbox 520 1085 595 1138; x_wconf 85' lang='lat' dir='ltr'><strong>tia</strong></span> <span class='ocrx_word' id='word_1_62' title='bbox 623 1086 809 1152; x_wconf 62' lang='lat' dir='ltr'><strong>preelio</strong></span> <span class='ocrx_word' id='word_1_63' title='bbox 864 1087 1270 1141; x_wconf 84' lang='lat' dir='ltr'><strong>incumbentes.</strong></span> <span class='ocrx_word' id='word_1_64' title='bbox 1316 1086 1588 1156; x_wconf 82' lang='lat' dir='ltr'><strong>Pajazites</strong></span> <span class='ocrx_word' id='word_1_65' title='bbox 1640 1090 1700 1142; x_wconf 90' lang='lat' dir='ltr'><strong>ut</strong></span> <span class='ocrx_word' id='word_1_66' title='bbox 1745 1090 2099 1160; x_wconf 83' lang='lat' dir='ltr'><strong>conspicatus</strong></span> 
     </span>
    </p>
   </div>
   <div class='ocr_carea' id='block_1_13' title="bbox 521 1177 2101 1247">
    <p class='ocr_par' dir='ltr' id='par_1_13' title="bbox 521 1177 2101 1247">
     <span class='ocr_line' id='line_1_13' title="bbox 521 1177 2101 1247; baseline 0.003 -19"><span class='ocrx_word' id='word_1_67' title='bbox 521 1186 605 1229; x_wconf 73' lang='lat' dir='ltr'><strong>est</strong></span> <span class='ocrx_word' id='word_1_68' title='bbox 636 1177 960 1247; x_wconf 83' lang='lat' dir='ltr'><strong>Europaeum</strong></span> <span class='ocrx_word' id='word_1_69' title='bbox 996 1178 1297 1233; x_wconf 74' lang='lat' dir='ltr'><strong>exercitum</strong></span> <span class='ocrx_word' id='word_1_70' title='bbox 1331 1179 1551 1247; x_wconf 81' lang='lat' dir='ltr'><strong>longius</strong></span> <span class='ocrx_word' id='word_1_71' title='bbox 1580 1195 1609 1232; x_wconf 88' lang='lat' dir='ltr'><strong>a</strong></span> <span class='ocrx_word' id='word_1_72' title='bbox 1641 1195 1700 1234; x_wconf 84' lang='lat' dir='ltr'><strong>se</strong></span> <span class='ocrx_word' id='word_1_73' title='bbox 1734 1191 1983 1235; x_wconf 77' lang='lat' dir='ltr'><strong>evectum</strong></span> <span class='ocrx_word' id='word_1_74' title='bbox 2003 1197 2101 1235; x_wconf 90' lang='lat' dir='ltr'><strong>cu-</strong></span> 
     </span>
    </p>
   </div>
   <div class='ocr_carea' id='block_1_14' title="bbox 526 1270 2099 1342">
    <p class='ocr_par' dir='ltr' id='par_1_14' title="bbox 526 1270 2099 1342">
     <span class='ocr_line' id='line_1_14' title="bbox 526 1270 2099 1342; baseline 0.007 -25"><span class='ocrx_word' id='word_1_75' title='bbox 526 1270 711 1337; x_wconf 86' lang='lat' dir='ltr'><strong>pidine</strong></span> <span class='ocrx_word' id='word_1_76' title='bbox 742 1286 956 1338; x_wconf 79' lang='lat' dir='ltr'><strong>pugnae,</strong></span> <span class='ocrx_word' id='word_1_77' title='bbox 993 1272 1147 1325; x_wconf 88' lang='lat' dir='ltr'><strong>illico</strong></span> <span class='ocrx_word' id='word_1_78' title='bbox 1176 1271 1373 1325; x_wconf 89' lang='lat' dir='ltr'><strong>ducem</strong></span> <span class='ocrx_word' id='word_1_79' title='bbox 1406 1273 1659 1342; x_wconf 68' lang='lat' dir='ltr'><strong>Europazi</strong></span> <span class='ocrx_word' id='word_1_80' title='bbox 1708 1276 1987 1329; x_wconf 79' lang='lat' dir='ltr'><strong>exercitus</strong></span> <span class='ocrx_word' id='word_1_81' title='bbox 2018 1289 2099 1328; x_wconf 87' lang='lat' dir='ltr'><strong>re-</strong></span> 
     </span>
    </p>
   </div>
   <div class='ocr_carea' id='block_1_15' title="bbox 418 1362 2099 1433">
    <p class='ocr_par' dir='ltr' id='par_1_15' title="bbox 418 1362 2099 1433">
     <span class='ocr_line' id='line_1_15' title="bbox 418 1362 2099 1433; baseline 0.001 -18"><span class='ocrx_word' id='word_1_82' title='bbox 418 1408 421 1415; x_wconf 86' lang='grc'><strong>.</strong></span> <span class='ocrx_word' id='word_1_83' title='bbox 523 1371 706 1424; x_wconf 87' lang='lat' dir='ltr'><strong>vocat,</strong></span> <span class='ocrx_word' id='word_1_84' title='bbox 748 1362 966 1427; x_wconf 83' lang='lat' dir='ltr'><strong>timens,</strong></span> <span class='ocrx_word' id='word_1_85' title='bbox 1004 1379 1071 1416; x_wconf 91' lang='lat' dir='ltr'><strong>ne</strong></span> <span class='ocrx_word' id='word_1_86' title='bbox 1094 1364 1139 1416; x_wconf 91' lang='lat' dir='ltr'><strong>si</strong></span> <span class='ocrx_word' id='word_1_87' title='bbox 1170 1362 1289 1431; x_wconf 80' lang='lat' dir='ltr'><strong>ejus</strong></span> <span class='ocrx_word' id='word_1_88' title='bbox 1320 1364 1599 1417; x_wconf 65' lang='lat' dir='ltr'><strong>exercitus</strong></span> <span class='ocrx_word' id='word_1_89' title='bbox 1629 1370 1776 1420; x_wconf 84' lang='lat' dir='ltr'><strong>esset</strong></span> <span class='ocrx_word' id='word_1_90' title='bbox 1823 1363 2041 1433; x_wconf 77' lang='lat' dir='ltr'><strong>longius</strong></span> <span class='ocrx_word' id='word_1_91' title='bbox 2069 1377 2099 1416; x_wconf 86' lang='lat' dir='ltr'><strong>a</strong></span> 
     </span>
    </p>
   </div>
   <div class='ocr_carea' id='block_1_16' title="bbox 524 1453 2101 1523">
    <p class='ocr_par' dir='ltr' id='par_1_16' title="bbox 524 1453 2101 1523">
     <span class='ocr_line' id='line_1_16' title="bbox 524 1453 2101 1523; baseline 0.004 -20"><span class='ocrx_word' id='word_1_92' title='bbox 524 1460 709 1506; x_wconf 87' lang='lat' dir='ltr'><strong>monte</strong></span> <span class='ocrx_word' id='word_1_93' title='bbox 732 1453 1043 1517; x_wconf 82' lang='lat' dir='ltr'><strong>submotus,</strong></span> <span class='ocrx_word' id='word_1_94' title='bbox 1078 1454 1196 1523; x_wconf 89' lang='lat' dir='ltr'><strong>ipse</strong></span> <span class='ocrx_word' id='word_1_95' title='bbox 1227 1453 1294 1506; x_wconf 90' lang='lat' dir='ltr'><strong>ab</strong></span> <span class='ocrx_word' id='word_1_96' title='bbox 1344 1454 1598 1508; x_wconf 82' lang='lat' dir='ltr'><strong>hostibus</strong></span> <span class='ocrx_word' id='word_1_97' title='bbox 1650 1453 2101 1509; x_wconf 88' lang='lat' dir='ltr'><strong>circumducere-</strong></span> 
     </span>
    </p>
   </div>
   <div class='ocr_carea' id='block_1_17' title="bbox 525 1542 2101 1614">
    <p class='ocr_par' dir='ltr' id='par_1_17' title="bbox 525 1542 2101 1614">
     <span class='ocr_line' id='line_1_17' title="bbox 525 1542 2101 1614; baseline 0.003 -23"><span class='ocrx_word' id='word_1_98' title='bbox 525 1549 634 1605; x_wconf 84' lang='lat' dir='ltr'><strong>tur,</strong></span> <span class='ocrx_word' id='word_1_99' title='bbox 660 1556 714 1595; x_wconf 89' lang='lat' dir='ltr'><strong>et</strong></span> <span class='ocrx_word' id='word_1_100' title='bbox 747 1542 798 1594; x_wconf 89' lang='lat' dir='ltr'><strong>in</strong></span> <span class='ocrx_word' id='word_1_101' title='bbox 844 1544 1149 1611; x_wconf 76' lang='lat' dir='ltr'><strong>periculum</strong></span> <span class='ocrx_word' id='word_1_102' title='bbox 1203 1544 1327 1597; x_wconf 69' lang='lat' dir='ltr'><strong>vita:</strong></span> <span class='ocrx_word' id='word_1_103' title='bbox 1377 1545 1607 1598; x_wconf 75' lang='lat' dir='ltr'><strong>veniret.</strong></span> <span class='ocrx_word' id='word_1_104' title='bbox 1659 1542 1889 1599; x_wconf 83' lang='lat' dir='ltr'><strong>Jubebat</strong></span> <span class='ocrx_word' id='word_1_105' title='bbox 1933 1545 2101 1614; x_wconf 74' lang='lat' dir='ltr'><strong>igitur</strong></span> 
     </span>
    </p>
   </div>
   <div class='ocr_carea' id='block_1_18' title="bbox 525 1635 2101 1705">
    <p class='ocr_par' dir='ltr' id='par_1_18' title="bbox 525 1635 2101 1705">
     <span class='ocr_line' id='line_1_18' title="bbox 525 1635 2101 1705; baseline 0.001 -16"><span class='ocrx_word' id='word_1_106' title='bbox 525 1651 647 1689; x_wconf 77' lang='lat' dir='ltr'><strong>eum</strong></span> <span class='ocrx_word' id='word_1_107' title='bbox 674 1636 883 1705; x_wconf 73' lang='lat' dir='ltr'><strong>regredi</strong></span> <span class='ocrx_word' id='word_1_108' title='bbox 918 1638 971 1690; x_wconf 87' lang='lat' dir='ltr'><strong>in</strong></span> <span class='ocrx_word' id='word_1_109' title='bbox 1005 1652 1127 1691; x_wconf 91' lang='lat' dir='ltr'><strong>cum</strong></span> <span class='ocrx_word' id='word_1_110' title='bbox 1152 1637 1356 1698; x_wconf 89' lang='lat' dir='ltr'><strong>locum,</strong></span> <span class='ocrx_word' id='word_1_111' title='bbox 1381 1635 1473 1691; x_wconf 88' lang='lat' dir='ltr'><strong>ubi</strong></span> <span class='ocrx_word' id='word_1_112' title='bbox 1516 1636 1764 1691; x_wconf 86' lang='lat' dir='ltr'><strong>abinitio</strong></span> <span class='ocrx_word' id='word_1_113' title='bbox 1797 1636 2101 1691; x_wconf 79' lang='lat' dir='ltr'><strong>collocatus</strong></span> 
     </span>
    </p>
   </div>
   <div class='ocr_carea' id='block_1_19' title="bbox 524 1726 2100 1796">
    <p class='ocr_par' dir='ltr' id='par_1_19' title="bbox 524 1726 2100 1796">
     <span class='ocr_line' id='line_1_19' title="bbox 524 1726 2100 1796; baseline 0.002 -19"><span class='ocrx_word' id='word_1_114' title='bbox 524 1734 665 1779; x_wconf 87' lang='lat' dir='ltr'><strong>erat.</strong></span> <span class='ocrx_word' id='word_1_115' title='bbox 703 1727 769 1778; x_wconf 83' lang='lat' dir='ltr'><strong>At</strong></span> <span class='ocrx_word' id='word_1_116' title='bbox 820 1726 926 1779; x_wconf 78' lang='lat' dir='ltr'><strong>dux</strong></span> <span class='ocrx_word' id='word_1_117' title='bbox 967 1726 1143 1794; x_wconf 88' lang='lat' dir='ltr'><strong>primo</strong></span> <span class='ocrx_word' id='word_1_118' title='bbox 1172 1741 1517 1796; x_wconf 78' lang='lat' dir='ltr'><strong>nequaquam</strong></span> <span class='ocrx_word' id='word_1_119' title='bbox 1543 1727 1690 1781; x_wconf 89' lang='lat' dir='ltr'><strong>dicto</strong></span> <span class='ocrx_word' id='word_1_120' title='bbox 1723 1728 1953 1782; x_wconf 89' lang='lat' dir='ltr'><strong>audiens</strong></span> <span class='ocrx_word' id='word_1_121' title='bbox 1976 1727 2100 1790; x_wconf 80' lang='lat' dir='ltr'><strong>fuit,</strong></span> 
     </span>
    </p>
   </div>
   <div class='ocr_carea' id='block_1_20' title="bbox 2191 540 3768 614">
    <p class='ocr_par' dir='ltr' id='par_1_20' title="bbox 2191 540 3768 614">
     <span class='ocr_line' id='line_1_20' title="bbox 2191 540 3768 614; baseline 0.006 -20"><span class='ocrx_word' id='word_1_122' title='bbox 2191 540 2367 610; x_wconf 80' lang='grc' dir='ltr'><strong>ψυχῆς</strong></span> <span class='ocrx_word' id='word_1_123' title='bbox 2396 541 2812 611; x_wconf 69' lang='grc' dir='ltr'><strong>ἀγωνιζόμενοι,</strong></span> <span class='ocrx_word' id='word_1_124' title='bbox 2853 544 3115 597; x_wconf 75' lang='grc' dir='ltr'><strong>συνέϐαλέ</strong></span> <span class='ocrx_word' id='word_1_125' title='bbox 3160 562 3217 598; x_wconf 88' lang='grc' dir='ltr'><strong>τε</strong></span> <span class='ocrx_word' id='word_1_126' title='bbox 3252 547 3489 601; x_wconf 73' lang='grc' dir='ltr'><strong>κατὰτὸ</strong></span> <span class='ocrx_word' id='word_1_127' title='bbox 3520 546 3622 614; x_wconf 82' lang='grc' dir='ltr'><strong>τῆς</strong></span> <span class='ocrx_word' id='word_1_128' title='bbox 3668 550 3768 603; x_wconf 74' lang='grc' dir='ltr'><strong>Εὑ-</strong></span> 
     </span>
    </p>
   </div>
   <div class='ocr_carea' id='block_1_21' title="bbox 2197 633 3770 707">
    <p class='ocr_par' dir='ltr' id='par_1_21' title="bbox 2197 633 3770 707">
     <span class='ocr_line' id='line_1_21' title="bbox 2197 633 3770 707; baseline 0.007 -24"><span class='ocrx_word' id='word_1_129' title='bbox 2197 634 2387 701; x_wconf 83' lang='grc' dir='ltr'><strong>ρώπης</strong></span> <span class='ocrx_word' id='word_1_130' title='bbox 2426 633 2765 703; x_wconf 74' lang='grc' dir='ltr'><strong>στράτευμα,</strong></span> <span class='ocrx_word' id='word_1_131' title='bbox 2801 635 2895 687; x_wconf 69' lang='grc' dir='ltr'><strong>καὶ</strong></span> <span class='ocrx_word' id='word_1_132' title='bbox 2943 636 3214 705; x_wconf 73' lang='grc' dir='ltr'><strong>ἐμάχετοο</strong></span> <span class='ocrx_word' id='word_1_133' title='bbox 3244 636 3337 701; x_wconf 36' lang='grc' dir='ltr'><strong>ὥς,</strong></span> <span class='ocrx_word' id='word_1_134' title='bbox 3368 637 3459 689; x_wconf 81' lang='grc' dir='ltr'><strong>ἐπὶ</strong></span> <span class='ocrx_word' id='word_1_135' title='bbox 3503 637 3640 692; x_wconf 79' lang='grc' dir='ltr'><strong>πολὺ</strong></span> <span class='ocrx_word' id='word_1_136' title='bbox 3671 638 3770 707; x_wconf 74' lang='grc' dir='ltr'><strong>μὲν</strong></span> 
     </span>
    </p>
   </div>
   <div class='ocr_carea' id='block_1_22' title="bbox 2195 724 3770 797">
    <p class='ocr_par' dir='ltr' id='par_1_22' title="bbox 2195 724 3770 797">
     <span class='ocr_line' id='line_1_22' title="bbox 2195 724 3770 797; baseline 0.003 -21"><span class='ocrx_word' id='word_1_137' title='bbox 2195 726 2295 795; x_wconf 78' lang='grc' dir='ltr'><strong>τῆς</strong></span> <span class='ocrx_word' id='word_1_138' title='bbox 2325 724 2539 795; x_wconf 81' lang='grc' dir='ltr'><strong>ἡμέρας</strong></span> <span class='ocrx_word' id='word_1_139' title='bbox 2572 726 2859 797; x_wconf 83' lang='grc' dir='ltr'><strong>ἐμάχοντο,</strong></span> <span class='ocrx_word' id='word_1_140' title='bbox 2888 728 3028 781; x_wconf 83' lang='grc' dir='ltr'><strong>ὥστε</strong></span> <span class='ocrx_word' id='word_1_141' title='bbox 3060 729 3185 797; x_wconf 79' lang='grc' dir='ltr'><strong>μηδ’</strong></span> <span class='ocrx_word' id='word_1_142' title='bbox 3207 729 3585 783; x_wconf 82' lang='grc' dir='ltr'><strong>ἀναπαύεσθαι</strong></span> <span class='ocrx_word' id='word_1_143' title='bbox 3628 730 3770 797; x_wconf 75' lang='grc' dir='ltr'><strong>ἔχειν</strong></span> 
     </span>
    </p>
   </div>
   <div class='ocr_carea' id='block_1_23' title="bbox 2196 816 3770 890">
    <p class='ocr_par' dir='ltr' id='par_1_23' title="bbox 2196 816 3770 890">
     <span class='ocr_line' id='line_1_23' title="bbox 2196 816 3770 890; baseline 0.004 -21"><span class='ocrx_word' id='word_1_144' title='bbox 2196 816 2256 869; x_wconf 81' lang='grc' dir='ltr'><strong>τὸ</strong></span> <span class='ocrx_word' id='word_1_145' title='bbox 2313 817 2627 889; x_wconf 76' lang='grc' dir='ltr'><strong>Παιαζήτου</strong></span> <span class='ocrx_word' id='word_1_146' title='bbox 2678 820 3019 890; x_wconf 79' lang='grc' dir='ltr'><strong>στράτευμα.</strong></span> <span class='ocrx_word' id='word_1_147' title='bbox 3076 820 3376 889; x_wconf 78' lang='grc' dir='ltr'><strong>Τριϐαλλοὶ</strong></span> <span class='ocrx_word' id='word_1_148' title='bbox 3419 821 3475 874; x_wconf 85' lang='grc' dir='ltr'><strong>δέ</strong></span> <span class='ocrx_word' id='word_1_149' title='bbox 3533 823 3770 877; x_wconf 81' lang='grc' dir='ltr'><strong>ἐνταῦθα</strong></span> 
     </span>
    </p>
   </div>
   <div class='ocr_carea' id='block_1_24' title="bbox 2198 910 3771 983">
    <p class='ocr_par' dir='ltr' id='par_1_24' title="bbox 2198 910 3771 983">
     <span class='ocr_line' id='line_1_24' title="bbox 2198 910 3771 983; baseline 0.002 -20"><span class='ocrx_word' id='word_1_150' title='bbox 2198 910 2393 977; x_wconf 83' lang='grc' dir='ltr'><strong>ἄνδρες</strong></span> <span class='ocrx_word' id='word_1_151' title='bbox 2443 911 2728 979; x_wconf 87' lang='grc' dir='ltr'><strong>γενόμενοι</strong></span> <span class='ocrx_word' id='word_1_152' title='bbox 2775 911 2996 978; x_wconf 75' lang='grc' dir='ltr'><strong>ἀγαθοὶ,</strong></span> <span class='ocrx_word' id='word_1_153' title='bbox 3055 913 3322 983; x_wconf 73' lang='grc' dir='ltr'><strong>ἐμάχοντο</strong></span> <span class='ocrx_word' id='word_1_154' title='bbox 3374 912 3541 977; x_wconf 80' lang='grc' dir='ltr'>ἀξίως</span> <span class='ocrx_word' id='word_1_155' title='bbox 3586 913 3771 979; x_wconf 81' lang='grc' dir='ltr'><strong>λόγου,</strong></span> 
     </span>
    </p>
   </div>
   <div class='ocr_carea' id='block_1_25' title="bbox 2199 1002 3774 1074">
    <p class='ocr_par' dir='ltr' id='par_1_25' title="bbox 2199 1002 3774 1074">
     <span class='ocr_line' id='line_1_25' title="bbox 2199 1002 3774 1074; baseline 0 -19"><span class='ocrx_word' id='word_1_156' title='bbox 2199 1002 2295 1055; x_wconf 76' lang='grc' dir='ltr'><strong>καὶ</strong></span> <span class='ocrx_word' id='word_1_157' title='bbox 2315 1002 2643 1071; x_wconf 81' lang='grc' dir='ltr'><strong>ἐμϐαλόντες</strong></span> <span class='ocrx_word' id='word_1_158' title='bbox 2674 1006 2731 1065; x_wconf 83' lang='grc' dir='ltr'><strong>ἐς</strong></span> <span class='ocrx_word' id='word_1_159' title='bbox 2755 1004 2881 1066; x_wconf 77' lang='grc' dir='ltr'><strong>τοὺς</strong></span> <span class='ocrx_word' id='word_1_160' title='bbox 2916 1004 3315 1074; x_wconf 75' lang='grc' dir='ltr'><strong>Τζαχατάῖδας,</strong></span> <span class='ocrx_word' id='word_1_161' title='bbox 3368 1004 3439 1057; x_wconf 81' lang='grc' dir='ltr'><strong>τά</strong></span> <span class='ocrx_word' id='word_1_162' title='bbox 3483 1022 3541 1058; x_wconf 89' lang='grc' dir='ltr'><strong>τε</strong></span> <span class='ocrx_word' id='word_1_163' title='bbox 3573 1004 3774 1071; x_wconf 69' lang='grc' dir='ltr'><strong>δόρατι</strong></span> 
     </span>
    </p>
   </div>
   <div class='ocr_carea' id='block_1_26' title="bbox 2200 1093 3773 1165">
    <p class='ocr_par' dir='ltr' id='par_1_26' title="bbox 2200 1093 3773 1165">
     <span class='ocr_line' id='line_1_26' title="bbox 2200 1093 3773 1165; baseline -0.001 -18"><span class='ocrx_word' id='word_1_164' title='bbox 2200 1093 2496 1159; x_wconf 80' lang='grc' dir='ltr'><strong>κατέαξαν,</strong></span> <span class='ocrx_word' id='word_1_165' title='bbox 2528 1096 2623 1147; x_wconf 80' lang='grc' dir='ltr'><strong>καὶ</strong></span> <span class='ocrx_word' id='word_1_166' title='bbox 2669 1094 3060 1163; x_wconf 78' lang='grc' dir='ltr'><strong>διηγωνίζοντο</strong></span> <span class='ocrx_word' id='word_1_167' title='bbox 3110 1096 3487 1163; x_wconf 76' lang='grc' dir='ltr'><strong>ἐντεταμένως</strong></span> <span class='ocrx_word' id='word_1_168' title='bbox 3524 1096 3773 1165; x_wconf 79' lang='grc' dir='ltr'><strong>ἐχόμενοι</strong></span> 
     </span>
    </p>
   </div>
   <div class='ocr_carea' id='block_1_27' title="bbox 2199 1184 3770 1256">
    <p class='ocr_par' dir='ltr' id='par_1_27' title="bbox 2199 1184 3770 1256">
     <span class='ocr_line' id='line_1_27' title="bbox 2199 1184 3770 1256; baseline -0.001 -18"><span class='ocrx_word' id='word_1_169' title='bbox 2199 1185 2295 1238; x_wconf 90' lang='grc' dir='ltr'><strong>τοῦ</strong></span> <span class='ocrx_word' id='word_1_170' title='bbox 2325 1184 2511 1255; x_wconf 77' lang='grc' dir='ltr'><strong>ἔργον.</strong></span> <span class='ocrx_word' id='word_1_171' title='bbox 2545 1186 2864 1256; x_wconf 75' lang='grc' dir='ltr'><strong>Παιαζήτης</strong></span> <span class='ocrx_word' id='word_1_172' title='bbox 2890 1187 2969 1248; x_wconf 80' lang='grc' dir='ltr'><strong>δέ,</strong></span> <span class='ocrx_word' id='word_1_173' title='bbox 2989 1186 3062 1249; x_wconf 81' lang='grc' dir='ltr'>ὡς</span> <span class='ocrx_word' id='word_1_174' title='bbox 3095 1187 3241 1256; x_wconf 81' lang='grc' dir='ltr'><strong>ἐώρα</strong></span> <span class='ocrx_word' id='word_1_175' title='bbox 3269 1185 3332 1238; x_wconf 80' lang='grc' dir='ltr'><strong>τὸ</strong></span> <span class='ocrx_word' id='word_1_176' title='bbox 3371 1184 3470 1255; x_wconf 79' lang='grc' dir='ltr'><strong>τῆς</strong></span> <span class='ocrx_word' id='word_1_177' title='bbox 3502 1185 3770 1254; x_wconf 66' lang='grc' dir='ltr'><strong>Εὐρώπης</strong></span> 
     </span>
    </p>
   </div>
   <div class='ocr_carea' id='block_1_28' title="bbox 2201 1275 3771 1347">
    <p class='ocr_par' dir='ltr' id='par_1_28' title="bbox 2201 1275 3771 1347">
     <span class='ocr_line' id='line_1_28' title="bbox 2201 1275 3771 1347; baseline -0.002 -17"><span class='ocrx_word' id='word_1_178' title='bbox 2201 1275 2354 1345; x_wconf 86' lang='grc' dir='ltr'><strong>αύτῷ</strong></span> <span class='ocrx_word' id='word_1_179' title='bbox 2384 1278 2700 1347; x_wconf 72' lang='grc' dir='ltr'><strong>στράτευμα</strong></span> <span class='ocrx_word' id='word_1_180' title='bbox 2725 1277 2948 1346; x_wconf 74' lang='grc' dir='ltr'><strong>κινηθὲν</strong></span> <span class='ocrx_word' id='word_1_181' title='bbox 2973 1278 3031 1340; x_wconf 76' lang='grc' dir='ltr'><strong>ἐς</strong></span> <span class='ocrx_word' id='word_1_182' title='bbox 3064 1282 3274 1347; x_wconf 84' lang='grc' dir='ltr'><strong>πρόσω,</strong></span> <span class='ocrx_word' id='word_1_183' title='bbox 3307 1278 3402 1331; x_wconf 74' lang='grc' dir='ltr'><strong>καὶ</strong></span> <span class='ocrx_word' id='word_1_184' title='bbox 3436 1278 3771 1346; x_wconf 81' lang='grc' dir='ltr'><strong>μαχόμενον,</strong></span> 
     </span>
    </p>
   </div>
   <div class='ocr_carea' id='block_1_29' title="bbox 2201 1367 3767 1439">
    <p class='ocr_par' dir='ltr' id='par_1_29' title="bbox 2201 1367 3767 1439">
     <span class='ocr_line' id='line_1_29' title="bbox 2201 1367 3767 1439; baseline -0.001 -19"><span class='ocrx_word' id='word_1_185' title='bbox 2201 1368 2518 1422; x_wconf 78' lang='grc' dir='ltr'><strong>ἀνεκαλεῖτο</strong></span> <span class='ocrx_word' id='word_1_186' title='bbox 2552 1368 2651 1437; x_wconf 80' lang='grc' dir='ltr'><strong>μὲν</strong></span> <span class='ocrx_word' id='word_1_187' title='bbox 2674 1369 2729 1421; x_wconf 82' lang='grc' dir='ltr'><strong>ἐν</strong></span> <span class='ocrx_word' id='word_1_188' title='bbox 2755 1370 2823 1438; x_wconf 81' lang='grc' dir='ltr'><strong>τῇ</strong></span> <span class='ocrx_word' id='word_1_189' title='bbox 2869 1371 3021 1439; x_wconf 82' lang='grc' dir='ltr'><strong>ἀκμῇ</strong></span> <span class='ocrx_word' id='word_1_190' title='bbox 3047 1368 3145 1437; x_wconf 77' lang='grc' dir='ltr'><strong>τῆς</strong></span> <span class='ocrx_word' id='word_1_191' title='bbox 3175 1367 3445 1437; x_wconf 73' lang='grc' dir='ltr'><strong>Εὐρώπης</strong></span> <span class='ocrx_word' id='word_1_192' title='bbox 3477 1369 3567 1422; x_wconf 57' lang='grc' dir='ltr'><strong>τὴν</strong></span> <span class='ocrx_word' id='word_1_193' title='bbox 3613 1386 3767 1438; x_wconf 81' lang='grc' dir='ltr'><strong>στρα-</strong></span> 
     </span>
    </p>
   </div>
   <div class='ocr_carea' id='block_1_30' title="bbox 2202 1457 3770 1531">
    <p class='ocr_par' dir='ltr' id='par_1_30' title="bbox 2202 1457 3770 1531">
     <span class='ocr_line' id='line_1_30' title="bbox 2202 1457 3770 1531; baseline -0.003 -19"><span class='ocrx_word' id='word_1_194' title='bbox 2202 1458 2407 1528; x_wconf 82' lang='grc' dir='ltr'><strong>τηγὸν,</strong></span> <span class='ocrx_word' id='word_1_195' title='bbox 2453 1458 2711 1531; x_wconf 77' lang='grc' dir='ltr'><strong>ὀρρωδῶν</strong></span> <span class='ocrx_word' id='word_1_196' title='bbox 2764 1459 2843 1529; x_wconf 82' lang='grc' dir='ltr'><strong>μὴ</strong></span> <span class='ocrx_word' id='word_1_197' title='bbox 2890 1460 3231 1529; x_wconf 69' lang='grc' dir='ltr'><strong>παρασυρεὶς</strong></span> <span class='ocrx_word' id='word_1_198' title='bbox 3282 1457 3631 1527; x_wconf 77' lang='grc' dir='ltr'><strong>κυκλωθείη,</strong></span> <span class='ocrx_word' id='word_1_199' title='bbox 3681 1458 3770 1508; x_wconf 80' lang='grc' dir='ltr'><strong>καὶ</strong></span> 
     </span>
    </p>
   </div>
   <div class='ocr_carea' id='block_1_31' title="bbox 2203 1546 3768 1619">
    <p class='ocr_par' dir='ltr' id='par_1_31' title="bbox 2203 1546 3768 1619">
     <span class='ocr_line' id='line_1_31' title="bbox 2203 1546 3768 1619; baseline -0.003 -18"><span class='ocrx_word' id='word_1_200' title='bbox 2203 1549 2524 1619; x_wconf 81' lang='grc' dir='ltr'><strong>κινδυνεύσῃ</strong></span> <span class='ocrx_word' id='word_1_201' title='bbox 2558 1548 2947 1617; x_wconf 65' lang='grc' dir='ltr'><strong>διαφθαρῆναι,</strong></span> <span class='ocrx_word' id='word_1_202' title='bbox 2996 1548 3384 1619; x_wconf 84' lang='grc' dir='ltr'><strong>μετεπέμπετο</strong></span> <span class='ocrx_word' id='word_1_203' title='bbox 3432 1548 3488 1610; x_wconf 83' lang='grc' dir='ltr'><strong>ἐς</strong></span> <span class='ocrx_word' id='word_1_204' title='bbox 3534 1546 3626 1598; x_wconf 76' lang='grc' dir='ltr'><strong>τὸν</strong></span> <span class='ocrx_word' id='word_1_205' title='bbox 3667 1546 3768 1613; x_wconf 77' lang='grc' dir='ltr'><strong>χῶ-</strong></span> 
     </span>
    </p>
   </div>
   <div class='ocr_carea' id='block_1_32' title="bbox 2207 1636 3770 1709">
    <p class='ocr_par' dir='ltr' id='par_1_32' title="bbox 2207 1636 3770 1709">
     <span class='ocr_line' id='line_1_32' title="bbox 2207 1636 3770 1709; baseline -0.001 -19"><span class='ocrx_word' id='word_1_206' title='bbox 2207 1655 2317 1708; x_wconf 85' lang='grc' dir='ltr'><strong>ρον,</strong></span> <span class='ocrx_word' id='word_1_207' title='bbox 2350 1639 2407 1701; x_wconf 79' lang='grc' dir='ltr'><strong>ἐς</strong></span> <span class='ocrx_word' id='word_1_208' title='bbox 2445 1639 2502 1692; x_wconf 83' lang='grc' dir='ltr'><strong>δν</strong></span> <span class='ocrx_word' id='word_1_209' title='bbox 2537 1639 2721 1709; x_wconf 81' lang='grc' dir='ltr'><strong>ἵδρυτο</strong></span> <span class='ocrx_word' id='word_1_210' title='bbox 2764 1639 2864 1708; x_wconf 82' lang='grc' dir='ltr'><strong>τὴν</strong></span> <span class='ocrx_word' id='word_1_211' title='bbox 2905 1639 3102 1708; x_wconf 83' lang='grc' dir='ltr'><strong>ἀρχήν.</strong></span> <span class='ocrx_word' id='word_1_212' title='bbox 3137 1638 3246 1692; x_wconf 78' lang='grc' dir='ltr'><strong>Καὶ</strong></span> <span class='ocrx_word' id='word_1_213' title='bbox 3286 1638 3479 1707; x_wconf 88' lang='grc' dir='ltr'><strong>πρῶτα</strong></span> <span class='ocrx_word' id='word_1_214' title='bbox 3531 1636 3633 1707; x_wconf 76' lang='grc' dir='ltr'><strong>μὲν</strong></span> <span class='ocrx_word' id='word_1_215' title='bbox 3675 1638 3770 1707; x_wconf 85' lang='grc' dir='ltr'><strong>ούχ</strong></span> 
     </span>
    </p>
   </div>
   <div class='ocr_carea' id='block_1_33' title="bbox 2205 1730 3770 1801">
    <p class='ocr_par' dir='ltr' id='par_1_33' title="bbox 2205 1730 3770 1801">
     <span class='ocr_line' id='line_1_33' title="bbox 2205 1730 3770 1801; baseline -0.002 -16"><span class='ocrx_word' id='word_1_216' title='bbox 2205 1730 2504 1801; x_wconf 78' lang='grc' dir='ltr'><strong>ὑπήκουσε,</strong></span> <span class='ocrx_word' id='word_1_217' title='bbox 2535 1730 2724 1795; x_wconf 80' lang='grc' dir='ltr'><strong>δεδιὼς</strong></span> <span class='ocrx_word' id='word_1_218' title='bbox 2763 1730 2824 1784; x_wconf 82' lang='grc' dir='ltr'><strong>τὸ</strong></span> <span class='ocrx_word' id='word_1_219' title='bbox 2860 1732 3128 1801; x_wconf 80' lang='grc' dir='ltr'><strong>πρᾶγμα·</strong></span> <span class='ocrx_word' id='word_1_220' title='bbox 3183 1730 3326 1799; x_wconf 84' lang='grc' dir='ltr'><strong>μετά</strong></span> <span class='ocrx_word' id='word_1_221' title='bbox 3377 1730 3435 1784; x_wconf 82' lang='grc' dir='ltr'><strong>δὲ</strong></span> <span class='ocrx_word' id='word_1_222' title='bbox 3480 1730 3557 1792; x_wconf 78' lang='grc' dir='ltr'><strong>ὥς</strong></span> <span class='ocrx_word' id='word_1_223' title='bbox 3586 1731 3770 1798; x_wconf 82' lang='grc' dir='ltr'><strong>ἐπιφε-</strong></span> 
     </span>
    </p>
   </div>
   <div class='ocr_carea' id='block_1_34' title="bbox 526 1803 2098 1894">
    <p class='ocr_par' dir='ltr' id='par_1_34' title="bbox 526 1817 2098 1886">
     <span class='ocr_line' id='line_1_34' title="bbox 526 1817 2098 1886; baseline 0.003 -17"><span class='ocrx_word' id='word_1_224' title='bbox 526 1817 732 1872; x_wconf 82' lang='lat' dir='ltr'><strong>vcritus</strong></span> <span class='ocrx_word' id='word_1_225' title='bbox 750 1834 861 1871; x_wconf 89' lang='lat' dir='ltr'><strong>rem</strong></span> <span class='ocrx_word' id='word_1_226' title='bbox 894 1833 1015 1886; x_wconf 72' lang='lat' dir='ltr'><strong>qua:</strong></span> <span class='ocrx_word' id='word_1_227' title='bbox 1039 1818 1357 1886; x_wconf 75' lang='lat' dir='ltr'><strong>parabatur.</strong></span> <span class='ocrx_word' id='word_1_228' title='bbox 1383 1818 1587 1874; x_wconf 86' lang='lat' dir='ltr'><strong>Deinde</strong></span> <span class='ocrx_word' id='word_1_229' title='bbox 1623 1834 1749 1873; x_wconf 88' lang='lat' dir='ltr'><strong>cum</strong></span> <span class='ocrx_word' id='word_1_230' title='bbox 1778 1836 1867 1873; x_wconf 81' lang='lat' dir='ltr'><strong>rex</strong></span> <span class='ocrx_word' id='word_1_231' title='bbox 1897 1820 2098 1874; x_wconf 88' lang='lat' dir='ltr'><strong>violen-</strong></span> 
     </span>
    </p>
   </div>
   <div class='ocr_carea' id='block_1_35' title="bbox 2200 1803 3769 1894">
    <p class='ocr_par' dir='ltr' id='par_1_35' title="bbox 2207 1821 3769 1894">
     <span class='ocr_line' id='line_1_35' title="bbox 2207 1821 3769 1894; baseline -0.001 -18"><span class='ocrx_word' id='word_1_232' title='bbox 2207 1824 2437 1894; x_wconf 82' lang='grc' dir='ltr'><strong>ρομένου</strong></span> <span class='ocrx_word' id='word_1_233' title='bbox 2491 1821 2640 1892; x_wconf 81' lang='grc' dir='ltr'><strong>αύτῷ</strong></span> <span class='ocrx_word' id='word_1_234' title='bbox 2678 1821 2774 1876; x_wconf 87' lang='grc' dir='ltr'><strong>τοῦ</strong></span> <span class='ocrx_word' id='word_1_235' title='bbox 2825 1821 3119 1892; x_wconf 82' lang='grc' dir='ltr'><strong>βασιλέως,</strong></span> <span class='ocrx_word' id='word_1_236' title='bbox 3159 1822 3256 1876; x_wconf 76' lang='grc' dir='ltr'><strong>καὶ</strong></span> <span class='ocrx_word' id='word_1_237' title='bbox 3296 1821 3769 1893; x_wconf 79' lang='grc' dir='ltr'><strong>βλασφημοῦντος,</strong></span> 
     </span>
    </p>
   </div>
   <div class='ocr_carea' id='block_1_36' title="bbox 526 1908 2102 1978">
    <p class='ocr_par' dir='ltr' id='par_1_36' title="bbox 526 1908 2102 1978">
     <span class='ocr_line' id='line_1_36' title="bbox 526 1908 2102 1978; baseline 0 -15"><span class='ocrx_word' id='word_1_238' title='bbox 526 1908 635 1963; x_wconf 79' lang='lat' dir='ltr'><strong>tius</strong></span> <span class='ocrx_word' id='word_1_239' title='bbox 657 1911 889 1970; x_wconf 69' lang='lat' dir='ltr'><strong>saaviret,</strong></span> <span class='ocrx_word' id='word_1_240' title='bbox 914 1925 1014 1965; x_wconf 89' lang='lat' dir='ltr'><strong>nec</strong></span> <span class='ocrx_word' id='word_1_241' title='bbox 1044 1910 1305 1966; x_wconf 85' lang='lat' dir='ltr'><strong>conviciis</strong></span> <span class='ocrx_word' id='word_1_242' title='bbox 1334 1911 1658 1974; x_wconf 87' lang='lat' dir='ltr'><strong>abstineret,</strong></span> <span class='ocrx_word' id='word_1_243' title='bbox 1687 1912 1889 1978; x_wconf 87' lang='lat' dir='ltr'><strong>paruit,</strong></span> <span class='ocrx_word' id='word_1_244' title='bbox 1923 1913 2102 1967; x_wconf 76' lang='lat' dir='ltr'><strong>acies-</strong></span> 
     </span>
    </p>
   </div>
   <div class='ocr_carea' id='block_1_37' title="bbox 523 2000 2105 2070">
    <p class='ocr_par' dir='ltr' id='par_1_37' title="bbox 523 2000 2105 2070">
     <span class='ocr_line' id='line_1_37' title="bbox 523 2000 2105 2070; baseline 0.003 -18"><span class='ocrx_word' id='word_1_245' title='bbox 523 2016 631 2070; x_wconf 90' lang='lat' dir='ltr'><strong>que</strong></span> <span class='ocrx_word' id='word_1_246' title='bbox 684 2010 936 2055; x_wconf 83' lang='lat' dir='ltr'><strong>revocata</strong></span> <span class='ocrx_word' id='word_1_247' title='bbox 990 2009 1096 2055; x_wconf 80' lang='lat' dir='ltr'><strong>est.</strong></span> <span class='ocrx_word' id='word_1_248' title='bbox 1152 2002 1230 2055; x_wconf 89' lang='lat' dir='ltr'><strong>Ibi</strong></span> <span class='ocrx_word' id='word_1_249' title='bbox 1287 2010 1403 2056; x_wconf 87' lang='lat' dir='ltr'><strong>tum</strong></span> <span class='ocrx_word' id='word_1_250' title='bbox 1441 2000 1847 2056; x_wconf 84' lang='lat' dir='ltr'><strong>Tzachataides</strong></span> <span class='ocrx_word' id='word_1_251' title='bbox 1904 2005 2105 2058; x_wconf 82' lang='lat' dir='ltr'><strong>acriter</strong></span> 
     </span>
    </p>
   </div>
   <div class='ocr_carea' id='block_1_38' title="bbox 525 2093 2101 2166">
    <p class='ocr_par' dir='ltr' id='par_1_38' title="bbox 525 2093 2101 2166">
     <span class='ocr_line' id='line_1_38' title="bbox 525 2093 2101 2166; baseline 0.001 -19"><span class='ocrx_word' id='word_1_252' title='bbox 525 2094 817 2157; x_wconf 79' lang='lat' dir='ltr'><strong>instantes,</strong></span> <span class='ocrx_word' id='word_1_253' title='bbox 844 2093 1172 2148; x_wconf 76' lang='lat' dir='ltr'><strong>occidebant</strong></span> <span class='ocrx_word' id='word_1_254' title='bbox 1189 2094 1399 2150; x_wconf 92' lang='lat' dir='ltr'><strong>Turcos</strong></span> <span class='ocrx_word' id='word_1_255' title='bbox 1418 2095 1707 2163; x_wconf 87' lang='lat' dir='ltr'><strong>plurimos.</strong></span> <span class='ocrx_word' id='word_1_256' title='bbox 1737 2095 1918 2149; x_wconf 85' lang='lat' dir='ltr'><strong>donec</strong></span> <span class='ocrx_word' id='word_1_257' title='bbox 1945 2108 2101 2166; x_wconf 87' lang='lat' dir='ltr'><strong>terga</strong></span> 
     </span>
    </p>
   </div>
   <div class='ocr_carea' id='block_1_39' title="bbox 525 2185 2100 2258">
    <p class='ocr_par' dir='ltr' id='par_1_39' title="bbox 525 2185 2100 2258">
     <span class='ocr_line' id='line_1_39' title="bbox 525 2185 2100 2258; baseline 0.002 -19"><span class='ocrx_word' id='word_1_258' title='bbox 525 2185 743 2241; x_wconf 84' lang='lat' dir='ltr'><strong>darent.</strong></span> <span class='ocrx_word' id='word_1_259' title='bbox 770 2186 871 2251; x_wconf 84' lang='lat' dir='ltr'><strong>Qui</strong></span> <span class='ocrx_word' id='word_1_260' title='bbox 897 2202 1018 2240; x_wconf 90' lang='lat' dir='ltr'><strong>cum</strong></span> <span class='ocrx_word' id='word_1_261' title='bbox 1048 2187 1300 2256; x_wconf 74' lang='lat' dir='ltr'><strong>fugerent</strong></span> <span class='ocrx_word' id='word_1_262' title='bbox 1330 2189 1791 2258; x_wconf 85' lang='lat' dir='ltr'><strong>persequentibus</strong></span> <span class='ocrx_word' id='word_1_263' title='bbox 1826 2188 2100 2253; x_wconf 82' lang='lat' dir='ltr'><strong>hostibus,</strong></span> 
     </span>
    </p>
   </div>
   <div class='ocr_carea' id='block_1_40' title="bbox 526 2276 2104 2345">
    <p class='ocr_par' dir='ltr' id='par_1_40' title="bbox 526 2276 2104 2345">
     <span class='ocr_line' id='line_1_40' title="bbox 526 2276 2104 2345; baseline 0.004 -17"><span class='ocrx_word' id='word_1_264' title='bbox 526 2278 693 2329; x_wconf 87' lang='lat' dir='ltr'><strong>etiam</strong></span> <span class='ocrx_word' id='word_1_265' title='bbox 726 2276 1004 2330; x_wconf 76' lang='lat' dir='ltr'><strong>exercitus</strong></span> <span class='ocrx_word' id='word_1_266' title='bbox 1038 2277 1274 2331; x_wconf 80' lang='lat' dir='ltr'><strong>Asianus</strong></span> <span class='ocrx_word' id='word_1_267' title='bbox 1310 2278 1453 2333; x_wconf 91' lang='lat' dir='ltr'><strong>haud</strong></span> <span class='ocrx_word' id='word_1_268' title='bbox 1486 2280 1657 2345; x_wconf 89' lang='lat' dir='ltr'><strong>stetit,</strong></span> <span class='ocrx_word' id='word_1_269' title='bbox 1693 2295 1883 2333; x_wconf 72' lang='lat' dir='ltr'><strong>verum</strong></span> <span class='ocrx_word' id='word_1_270' title='bbox 1924 2280 2104 2335; x_wconf 87' lang='lat' dir='ltr'><strong>conti-</strong></span> 
     </span>
    </p>
   </div>
   <div class='ocr_carea' id='block_1_41' title="bbox 528 2367 2103 2440">
    <p class='ocr_par' dir='ltr' id='par_1_41' title="bbox 528 2367 2103 2440">
     <span class='ocr_line' id='line_1_41' title="bbox 528 2367 2103 2440; baseline 0.002 -19"><span class='ocrx_word' id='word_1_271' title='bbox 528 2384 636 2422; x_wconf 86' lang='lat' dir='ltr'><strong>nuo</strong></span> <span class='ocrx_word' id='word_1_272' title='bbox 668 2367 848 2439; x_wconf 81' lang='lat' dir='ltr'><strong>fugam</strong></span> <span class='ocrx_word' id='word_1_273' title='bbox 890 2368 1126 2438; x_wconf 81' lang='lat' dir='ltr'><strong>arripuit</strong></span> <span class='ocrx_word' id='word_1_274' title='bbox 1168 2369 1305 2440; x_wconf 67' lang='lat'><strong>(80).</strong></span> <span class='ocrx_word' id='word_1_275' title='bbox 1349 2370 1638 2439; x_wconf 84' lang='lat' dir='ltr'><strong>Pajazites,</strong></span> <span class='ocrx_word' id='word_1_276' title='bbox 1676 2371 1867 2425; x_wconf 87' lang='lat' dir='ltr'><strong>videns</strong></span> <span class='ocrx_word' id='word_1_277' title='bbox 1905 2370 1960 2426; x_wconf 91' lang='lat' dir='ltr'><strong>in</strong></span> <span class='ocrx_word' id='word_1_278' title='bbox 1994 2386 2103 2438; x_wconf 85' lang='lat' dir='ltr'><strong>quo</strong></span> 
     </span>
    </p>
   </div>
   <div class='ocr_carea' id='block_1_42' title="bbox 526 2462 2103 2531">
    <p class='ocr_par' dir='ltr' id='par_1_42' title="bbox 526 2462 2103 2531">
     <span class='ocr_line' id='line_1_42' title="bbox 526 2462 2103 2531; baseline 0.001 -16"><span class='ocrx_word' id='word_1_279' title='bbox 526 2470 666 2515; x_wconf 86' lang='lat' dir='ltr'><strong>statu</strong></span> <span class='ocrx_word' id='word_1_280' title='bbox 706 2477 795 2515; x_wconf 64' lang='lat' dir='ltr'><strong>res</strong></span> <span class='ocrx_word' id='word_1_281' title='bbox 830 2477 943 2515; x_wconf 84' lang='lat' dir='ltr'><strong>suae</strong></span> <span class='ocrx_word' id='word_1_282' title='bbox 972 2469 1182 2524; x_wconf 82' lang='lat' dir='ltr'><strong>essent,</strong></span> <span class='ocrx_word' id='word_1_283' title='bbox 1213 2462 1539 2517; x_wconf 88' lang='lat' dir='ltr'><strong>conscendit</strong></span> <span class='ocrx_word' id='word_1_284' title='bbox 1594 2477 1815 2531; x_wconf 88' lang='lat' dir='ltr'><strong>equam,</strong></span> <span class='ocrx_word' id='word_1_285' title='bbox 1862 2464 2103 2531; x_wconf 89' lang='lat' dir='ltr'><strong>totisque</strong></span> 
     </span>
    </p>
   </div>
   <div class='ocr_carea' id='block_1_43' title="bbox 528 2552 2102 2625">
    <p class='ocr_par' dir='ltr' id='par_1_43' title="bbox 528 2552 2102 2625">
     <span class='ocr_line' id='line_1_43' title="bbox 528 2552 2102 2625; baseline 0.002 -19"><span class='ocrx_word' id='word_1_286' title='bbox 528 2555 734 2609; x_wconf 88' lang='lat' dir='ltr'><strong>viribus</strong></span> <span class='ocrx_word' id='word_1_287' title='bbox 765 2556 922 2618; x_wconf 76' lang='lat' dir='ltr'><strong>fugit.</strong></span> <span class='ocrx_word' id='word_1_288' title='bbox 960 2552 1231 2620; x_wconf 87' lang='lat' dir='ltr'><strong>Temires,</strong></span> <span class='ocrx_word' id='word_1_289' title='bbox 1266 2570 1390 2610; x_wconf 92' lang='lat' dir='ltr'><strong>cum</strong></span> <span class='ocrx_word' id='word_1_290' title='bbox 1440 2555 1594 2624; x_wconf 87' lang='lat' dir='ltr'><strong>prius</strong></span> <span class='ocrx_word' id='word_1_291' title='bbox 1645 2556 1984 2625; x_wconf 64' lang='lat' dir='ltr'><strong>praeconium</strong></span> <span class='ocrx_word' id='word_1_292' title='bbox 2019 2555 2102 2609; x_wconf 87' lang='lat' dir='ltr'><strong>di-</strong></span> 
     </span>
    </p>
   </div>
   <div class='ocr_carea' id='block_1_44' title="bbox 528 2644 2102 2715">
    <p class='ocr_par' dir='ltr' id='par_1_44' title="bbox 528 2644 2102 2715">
     <span class='ocr_line' id='line_1_44' title="bbox 528 2644 2102 2715; baseline 0 -16"><span class='ocrx_word' id='word_1_293' title='bbox 528 2648 770 2701; x_wconf 80' lang='lat' dir='ltr'><strong>misisset</strong></span> <span class='ocrx_word' id='word_1_294' title='bbox 799 2644 907 2715; x_wconf 81' lang='lat'><strong>83</strong></span> <span class='ocrx_word' id='word_1_295' title='bbox 930 2660 1023 2714; x_wconf 88' lang='lat' dir='ltr'><strong>per</strong></span> <span class='ocrx_word' id='word_1_296' title='bbox 1047 2655 1251 2711; x_wconf 87' lang='lat' dir='ltr'><strong>castra,</strong></span> <span class='ocrx_word' id='word_1_297' title='bbox 1276 2660 1342 2700; x_wconf 89' lang='lat' dir='ltr'><strong>ne</strong></span> <span class='ocrx_word' id='word_1_298' title='bbox 1367 2660 1528 2714; x_wconf 89' lang='lat' dir='ltr'><strong>quem</strong></span> <span class='ocrx_word' id='word_1_299' title='bbox 1555 2645 1624 2699; x_wconf 92' lang='lat' dir='ltr'><strong>de</strong></span> <span class='ocrx_word' id='word_1_300' title='bbox 1660 2644 1915 2709; x_wconf 80' lang='lat' dir='ltr'><strong>Pajazitis</strong></span> <span class='ocrx_word' id='word_1_301' title='bbox 1947 2661 2102 2699; x_wconf 76' lang='lat' dir='ltr'><strong>exer-</strong></span> 
     </span>
    </p>
   </div>
   <div class='ocr_carea' id='block_1_45' title="bbox 526 2736 2100 2806">
    <p class='ocr_par' dir='ltr' id='par_1_45' title="bbox 526 2736 2100 2806">
     <span class='ocr_line' id='line_1_45' title="bbox 526 2736 2100 2806; baseline 0.001 -17"><span class='ocrx_word' id='word_1_302' title='bbox 526 2739 637 2792; x_wconf 90' lang='lat' dir='ltr'><strong>citu</strong></span> <span class='ocrx_word' id='word_1_303' title='bbox 690 2744 972 2806; x_wconf 76' lang='lat' dir='ltr'><strong>caperent.</strong></span> <span class='ocrx_word' id='word_1_304' title='bbox 1031 2744 1087 2790; x_wconf 88' lang='lat' dir='ltr'><strong>et</strong></span> <span class='ocrx_word' id='word_1_305' title='bbox 1125 2736 1190 2790; x_wconf 89' lang='lat' dir='ltr'><strong>ad</strong></span> <span class='ocrx_word' id='word_1_306' title='bbox 1257 2737 1655 2805; x_wconf 82' lang='lat' dir='ltr'><strong>mancipiorum</strong></span> <span class='ocrx_word' id='word_1_307' title='bbox 1723 2737 2100 2791; x_wconf 81' lang='lat' dir='ltr'><strong>conditionem</strong></span> 
     </span>
    </p>
   </div>
   <div class='ocr_carea' id='block_1_46' title="bbox 527 2828 2101 2896">
    <p class='ocr_par' dir='ltr' id='par_1_46' title="bbox 527 2828 2101 2896">
     <span class='ocr_line' id='line_1_46' title="bbox 527 2828 2101 2896; baseline 0 -13"><span class='ocrx_word' id='word_1_308' title='bbox 527 2830 783 2885; x_wconf 84' lang='lat' dir='ltr'><strong>miseram</strong></span> <span class='ocrx_word' id='word_1_309' title='bbox 841 2828 1203 2891; x_wconf 86' lang='lat' dir='ltr'><strong>deducerent.</strong></span> <span class='ocrx_word' id='word_1_310' title='bbox 1240 2830 1453 2883; x_wconf 85' lang='lat' dir='ltr'><strong>curavit</strong></span> <span class='ocrx_word' id='word_1_311' title='bbox 1477 2837 1537 2882; x_wconf 90' lang='lat' dir='ltr'><strong>ut</strong></span> <span class='ocrx_word' id='word_1_312' title='bbox 1578 2828 1834 2896; x_wconf 84' lang='lat' dir='ltr'><strong>spoliatis</strong></span> <span class='ocrx_word' id='word_1_313' title='bbox 1866 2829 2017 2883; x_wconf 83' lang='lat' dir='ltr'><strong>abire</strong></span> <span class='ocrx_word' id='word_1_314' title='bbox 2040 2828 2101 2883; x_wconf 88' lang='lat' dir='ltr'><strong>li-</strong></span> 
     </span>
    </p>
   </div>
   <div class='ocr_carea' id='block_1_47' title="bbox 527 2917 2101 2988">
    <p class='ocr_par' dir='ltr' id='par_1_47' title="bbox 527 2917 2101 2988">
     <span class='ocr_line' id='line_1_47' title="bbox 527 2917 2101 2988; baseline 0.001 -16"><span class='ocrx_word' id='word_1_315' title='bbox 527 2935 695 2977; x_wconf 74' lang='lat' dir='ltr'><strong>ceret.</strong></span> <span class='ocrx_word' id='word_1_316' title='bbox 728 2921 845 2975; x_wconf 86' lang='lat' dir='ltr'><strong>Non</strong></span> <span class='ocrx_word' id='word_1_317' title='bbox 886 2919 1030 2973; x_wconf 88' lang='lat' dir='ltr'><strong>enim</strong></span> <span class='ocrx_word' id='word_1_318' title='bbox 1068 2917 1149 2973; x_wconf 82' lang='lat' dir='ltr'><strong>fas</strong></span> <span class='ocrx_word' id='word_1_319' title='bbox 1179 2935 1301 2974; x_wconf 89' lang='lat' dir='ltr'><strong>esse</strong></span> <span class='ocrx_word' id='word_1_320' title='bbox 1331 2919 1587 2982; x_wconf 86' lang='lat' dir='ltr'><strong>ducebat,</strong></span> <span class='ocrx_word' id='word_1_321' title='bbox 1630 2930 1685 2973; x_wconf 92' lang='lat' dir='ltr'><strong>ut</strong></span> <span class='ocrx_word' id='word_1_322' title='bbox 1707 2919 1937 2988; x_wconf 82' lang='lat' dir='ltr'><strong>gentiles</strong></span> <span class='ocrx_word' id='word_1_323' title='bbox 1970 2934 2101 2975; x_wconf 91' lang='lat' dir='ltr'><strong>suos</strong></span> 
     </span>
    </p>
   </div>
   <div class='ocr_carea' id='block_1_48' title="bbox 526 3009 2100 3081">
    <p class='ocr_par' dir='ltr' id='par_1_48' title="bbox 526 3009 2100 3081">
     <span class='ocr_line' id='line_1_48' title="bbox 526 3009 2100 3081; baseline -0.001 -15"><span class='ocrx_word' id='word_1_324' title='bbox 526 3012 593 3073; x_wconf 81' lang='lat' dir='ltr'><strong>ad</strong></span> <span class='ocrx_word' id='word_1_325' title='bbox 634 3011 1033 3079; x_wconf 83' lang='lat' dir='ltr'><strong>mancipiorum</strong></span> <span class='ocrx_word' id='word_1_326' title='bbox 1081 3009 1309 3063; x_wconf 89' lang='lat' dir='ltr'><strong>formam</strong></span> <span class='ocrx_word' id='word_1_327' title='bbox 1357 3010 1697 3081; x_wconf 80' lang='lat' dir='ltr'><strong>redigerent.</strong></span> <span class='ocrx_word' id='word_1_328' title='bbox 1734 3010 1795 3062; x_wconf 82' lang='lat' dir='ltr'><strong>At</strong></span> <span class='ocrx_word' id='word_1_329' title='bbox 1833 3009 2100 3075; x_wconf 79' lang='lat' dir='ltr'><strong>Pajazites</strong></span> 
     </span>
    </p>
   </div>
   <div class='ocr_carea' id='block_1_49' title="bbox 526 3101 2168 3171">
    <p class='ocr_par' dir='ltr' id='par_1_49' title="bbox 526 3101 2168 3171">
     <span class='ocr_line' id='line_1_49' title="bbox 526 3101 2168 3171; baseline -0.002 -13"><span class='ocrx_word' id='word_1_330' title='bbox 526 3105 892 3167; x_wconf 86' lang='lat' dir='ltr'><strong>contrarium,</strong></span> <span class='ocrx_word' id='word_1_331' title='bbox 920 3110 1214 3171; x_wconf 85' lang='lat' dir='ltr'><strong>antequam</strong></span> <span class='ocrx_word' id='word_1_332' title='bbox 1241 3101 1483 3171; x_wconf 67' lang='lat' dir='ltr'><strong>prndium</strong></span> <span class='ocrx_word' id='word_1_333' title='bbox 1509 3102 1766 3167; x_wconf 87' lang='lat' dir='ltr'><strong>iniretur,</strong></span> <span class='ocrx_word' id='word_1_334' title='bbox 1792 3117 1889 3171; x_wconf 89' lang='lat' dir='ltr'><strong>per</strong></span> <span class='ocrx_word' id='word_1_335' title='bbox 1922 3112 2097 3156; x_wconf 87' lang='lat' dir='ltr'><strong>castra</strong></span> <span class='ocrx_word' id='word_1_336' title='bbox 2125 3143 2168 3171; x_wconf 64' lang='grc' dir='ltr'><strong><em>η</em></strong></span> 
     </span>
    </p>
   </div>
   <div class='ocr_carea' id='block_1_50' title="bbox 535 3193 2101 3265">
    <p class='ocr_par' dir='ltr' id='par_1_50' title="bbox 535 3193 2101 3265">
     <span class='ocr_line' id='line_1_50' title="bbox 535 3193 2101 3265; baseline -0.001 -17"><span class='ocrx_word' id='word_1_337' title='bbox 535 3210 662 3251; x_wconf 66' lang='lat' dir='ltr'><strong>voce</strong></span> <span class='ocrx_word' id='word_1_338' title='bbox 696 3196 967 3265; x_wconf 56' lang='lat' dir='ltr'><strong>praeconis</strong></span> <span class='ocrx_word' id='word_1_339' title='bbox 997 3193 1238 3247; x_wconf 80' lang='lat' dir='ltr'><strong>mintiari</strong></span> <span class='ocrx_word' id='word_1_340' title='bbox 1286 3194 1546 3259; x_wconf 83' lang='lat' dir='ltr'><strong>jusserat,</strong></span> <span class='ocrx_word' id='word_1_341' title='bbox 1587 3209 1786 3263; x_wconf 87' lang='lat' dir='ltr'><strong>nempe</strong></span> <span class='ocrx_word' id='word_1_342' title='bbox 1819 3200 1877 3247; x_wconf 91' lang='lat' dir='ltr'><strong>ut</strong></span> <span class='ocrx_word' id='word_1_343' title='bbox 1912 3209 2101 3261; x_wconf 89' lang='lat' dir='ltr'><strong>quem-</strong></span> 
     </span>
    </p>
   </div>
   <div class='ocr_carea' id='block_1_51' title="bbox 527 3283 2099 3356">
    <p class='ocr_par' dir='ltr' id='par_1_51' title="bbox 527 3283 2099 3356">
     <span class='ocr_line' id='line_1_51' title="bbox 527 3283 2099 3356; baseline -0.002 -14"><span class='ocrx_word' id='word_1_344' title='bbox 527 3303 743 3356; x_wconf 83' lang='lat' dir='ltr'><strong>cunque</strong></span> <span class='ocrx_word' id='word_1_345' title='bbox 774 3286 842 3340; x_wconf 89' lang='lat' dir='ltr'><strong>de</strong></span> <span class='ocrx_word' id='word_1_346' title='bbox 872 3284 1101 3340; x_wconf 78' lang='lat' dir='ltr'><strong>Temiris</strong></span> <span class='ocrx_word' id='word_1_347' title='bbox 1139 3283 1407 3338; x_wconf 87' lang='lat' dir='ltr'><strong>militibus</strong></span> <span class='ocrx_word' id='word_1_348' title='bbox 1441 3284 1644 3338; x_wconf 82' lang='lat' dir='ltr'><strong>fuerint</strong></span> <span class='ocrx_word' id='word_1_349' title='bbox 1674 3285 1845 3346; x_wconf 89' lang='lat' dir='ltr'><strong>nacti,</strong></span> <span class='ocrx_word' id='word_1_350' title='bbox 1884 3301 2010 3339; x_wconf 90' lang='lat' dir='ltr'><strong>eum</strong></span> <span class='ocrx_word' id='word_1_351' title='bbox 2037 3286 2099 3339; x_wconf 91' lang='lat' dir='ltr'><strong>il-</strong></span> 
     </span>
    </p>
   </div>
   <div class='ocr_carea' id='block_1_52' title="bbox 526 3375 2098 3447">
    <p class='ocr_par' dir='ltr' id='par_1_52' title="bbox 526 3375 2098 3447">
     <span class='ocr_line' id='line_1_52' title="bbox 526 3375 2098 3447; baseline -0.004 -13"><span class='ocrx_word' id='word_1_352' title='bbox 526 3382 633 3435; x_wconf 89' lang='lat' dir='ltr'><strong>lico</strong></span> <span class='ocrx_word' id='word_1_353' title='bbox 662 3380 1080 3435; x_wconf 87' lang='lat' dir='ltr'><strong>obtrnncarent.</strong></span> <span class='ocrx_word' id='word_1_354' title='bbox 1141 3376 1495 3431; x_wconf 89' lang='lat' dir='ltr'><strong>Sachruchus</strong></span> <span class='ocrx_word' id='word_1_355' title='bbox 1530 3377 1697 3446; x_wconf 83' lang='lat' dir='ltr'><strong>igitur</strong></span> <span class='ocrx_word' id='word_1_356' title='bbox 1724 3384 1784 3431; x_wconf 93' lang='lat' dir='ltr'><strong>ut</strong></span> <span class='ocrx_word' id='word_1_357' title='bbox 1823 3377 1876 3430; x_wconf 92' lang='lat' dir='ltr'><strong>in</strong></span> <span class='ocrx_word' id='word_1_358' title='bbox 1917 3375 2098 3447; x_wconf 81' lang='lat' dir='ltr'><strong>fugam</strong></span> 
     </span>
    </p>
   </div>
   <div class='ocr_carea' id='block_1_53' title="bbox 528 3468 2102 3538">
    <p class='ocr_par' dir='ltr' id='par_1_53' title="bbox 528 3468 2102 3538">
     <span class='ocr_line' id='line_1_53' title="bbox 528 3468 2102 3538; baseline 0.001 -15"><span class='ocrx_word' id='word_1_359' title='bbox 528 3478 766 3524; x_wconf 78' lang='lat' dir='ltr'><strong>verterat</strong></span> <span class='ocrx_word' id='word_1_360' title='bbox 792 3471 1027 3531; x_wconf 83' lang='lat' dir='ltr'><strong>hostem,</strong></span> <span class='ocrx_word' id='word_1_361' title='bbox 1050 3468 1164 3536; x_wconf 81' lang='lat' dir='ltr'><strong>iam</strong></span> <span class='ocrx_word' id='word_1_362' title='bbox 1195 3468 1431 3522; x_wconf 79' lang='lat' dir='ltr'><strong>&#39;l‘emiris</strong></span> <span class='ocrx_word' id='word_1_363' title='bbox 1460 3468 1866 3538; x_wconf 66' lang='lat' dir='ltr'><strong>copim,quaain</strong></span> <span class='ocrx_word' id='word_1_364' title='bbox 1903 3470 2102 3524; x_wconf 87' lang='lat' dir='ltr'><strong>castris</strong></span> 
     </span>
    </p>
   </div>
   <div class='ocr_carea' id='block_1_54' title="bbox 526 3558 2101 3631">
    <p class='ocr_par' dir='ltr' id='par_1_54' title="bbox 526 3558 2101 3631">
     <span class='ocr_line' id='line_1_54' title="bbox 526 3558 2101 3631; baseline -0.001 -16"><span class='ocrx_word' id='word_1_365' title='bbox 526 3570 932 3631; x_wconf 78' lang='lat' dir='ltr'><strong>exspectaram,</strong></span> <span class='ocrx_word' id='word_1_366' title='bbox 960 3561 1167 3629; x_wconf 70' lang='lat' dir='ltr'><strong>juncta:</strong></span> <span class='ocrx_word' id='word_1_367' title='bbox 1194 3559 1564 3630; x_wconf 87' lang='lat' dir='ltr'><strong>pugnantibus</strong></span> <span class='ocrx_word' id='word_1_368' title='bbox 1612 3560 1817 3630; x_wconf 84' lang='lat' dir='ltr'><strong>impetu</strong></span> <span class='ocrx_word' id='word_1_369' title='bbox 1851 3558 2101 3614; x_wconf 79' lang='lat' dir='ltr'><strong>fereban-</strong></span> 
     </span>
    </p>
   </div>
   <div class='ocr_carea' id='block_1_55' title="bbox 527 3647 2101 3719">
    <p class='ocr_par' dir='ltr' id='par_1_55' title="bbox 527 3647 2101 3719">
     <span class='ocr_line' id='line_1_55' title="bbox 527 3647 2101 3719; baseline -0.001 -12"><span class='ocrx_word' id='word_1_370' title='bbox 527 3663 637 3715; x_wconf 91' lang='lat' dir='ltr'><strong>tur,</strong></span> <span class='ocrx_word' id='word_1_371' title='bbox 680 3652 923 3705; x_wconf 90' lang='lat' dir='ltr'><strong>volentes</strong></span> <span class='ocrx_word' id='word_1_372' title='bbox 960 3659 1290 3719; x_wconf 74' lang='lat' dir='ltr'><strong>praevertere</strong></span> <span class='ocrx_word' id='word_1_373' title='bbox 1315 3647 1574 3718; x_wconf 82' lang='lat' dir='ltr'><strong>Pajazitis</strong></span> <span class='ocrx_word' id='word_1_374' title='bbox 1600 3652 1926 3705; x_wconf 81' lang='lat' dir='ltr'><strong>exercitum.</strong></span> <span class='ocrx_word' id='word_1_375' title='bbox 1955 3650 2101 3708; x_wconf 84' lang='lat' dir='ltr'><strong>Con-</strong></span> 
     </span>
    </p>
   </div>
   <div class='ocr_carea' id='block_1_56' title="bbox 528 3739 2100 3812">
    <p class='ocr_par' dir='ltr' id='par_1_56' title="bbox 528 3739 2100 3812">
     <span class='ocr_line' id='line_1_56' title="bbox 528 3739 2100 3812; baseline -0.001 -15"><span class='ocrx_word' id='word_1_376' title='bbox 528 3743 671 3799; x_wconf 85' lang='lat' dir='ltr'><strong>versi</strong></span> <span class='ocrx_word' id='word_1_377' title='bbox 698 3743 884 3812; x_wconf 85' lang='lat' dir='ltr'><strong>itaque</strong></span> <span class='ocrx_word' id='word_1_378' title='bbox 914 3741 983 3794; x_wconf 88' lang='lat' dir='ltr'><strong>ad</strong></span> <span class='ocrx_word' id='word_1_379' title='bbox 1023 3739 1427 3811; x_wconf 89' lang='lat' dir='ltr'><strong>populationes,</strong></span> <span class='ocrx_word' id='word_1_380' title='bbox 1462 3741 1755 3794; x_wconf 77' lang='lat' dir='ltr'><strong>maximam</strong></span> <span class='ocrx_word' id='word_1_381' title='bbox 1790 3741 2100 3796; x_wconf 89' lang='lat' dir='ltr'><strong>vastitatem</strong></span> 
     </span>
    </p>
   </div>
   <div class='ocr_carea' id='block_1_57' title="bbox 529 3828 2102 3902">
    <p class='ocr_par' dir='ltr' id='par_1_57' title="bbox 529 3828 2102 3902">
     <span class='ocr_line' id='line_1_57' title="bbox 529 3828 2102 3902; baseline -0.001 -15"><span class='ocrx_word' id='word_1_382' title='bbox 529 3836 709 3889; x_wconf 81' lang='lat' dir='ltr'><strong>fecere</strong></span> <span class='ocrx_word' id='word_1_383' title='bbox 744 3834 796 3887; x_wconf 92' lang='lat' dir='ltr'><strong>iu</strong></span> <span class='ocrx_word' id='word_1_384' title='bbox 825 3830 984 3887; x_wconf 82' lang='lat' dir='ltr'><strong>Jonia</strong></span> <span class='ocrx_word' id='word_1_385' title='bbox 1023 3840 1077 3885; x_wconf 90' lang='lat' dir='ltr'><strong>et</strong></span> <span class='ocrx_word' id='word_1_386' title='bbox 1110 3830 1484 3901; x_wconf 83' lang='lat' dir='ltr'><strong>Hellesponto.</strong></span> <span class='ocrx_word' id='word_1_387' title='bbox 1512 3828 1631 3886; x_wconf 85' lang='lat' dir='ltr'><strong>Vici</strong></span> <span class='ocrx_word' id='word_1_388' title='bbox 1685 3835 1936 3902; x_wconf 86' lang='lat' dir='ltr'><strong>occupati</strong></span> <span class='ocrx_word' id='word_1_389' title='bbox 1973 3841 2102 3887; x_wconf 91' lang='lat' dir='ltr'><strong>sunt</strong></span> 
     </span>
    </p>
   </div>
   <div class='ocr_carea' id='block_1_58' title="bbox 529 3921 2102 3995">
    <p class='ocr_par' dir='ltr' id='par_1_58' title="bbox 529 3921 2102 3995">
     <span class='ocr_line' id='line_1_58' title="bbox 529 3921 2102 3995; baseline -0.001 -16"><span class='ocrx_word' id='word_1_390' title='bbox 529 3926 745 3994; x_wconf 86' lang='lat' dir='ltr'><strong>plurimi</strong></span> <span class='ocrx_word' id='word_1_391' title='bbox 787 3943 801 3979; x_wconf 94' lang='lat'>:</span> <span class='ocrx_word' id='word_1_392' title='bbox 836 3924 1099 3995; x_wconf 88' lang='lat' dir='ltr'><strong>oppidula</strong></span> <span class='ocrx_word' id='word_1_393' title='bbox 1133 3924 1188 3977; x_wconf 89' lang='lat' dir='ltr'><strong>in</strong></span> <span class='ocrx_word' id='word_1_394' title='bbox 1229 3921 1626 3977; x_wconf 88' lang='lat' dir='ltr'><strong>desolationem</strong></span> <span class='ocrx_word' id='word_1_395' title='bbox 1654 3923 1960 3992; x_wconf 84' lang='lat' dir='ltr'><strong>migrarunt</strong></span> <span class='ocrx_word' id='word_1_396' title='bbox 1984 3924 2102 3993; x_wconf 87' lang='lat' dir='ltr'><strong>plu-</strong></span> 
     </span>
    </p>
   </div>
   <div class='ocr_carea' id='block_1_59' title="bbox 527 4012 2101 4085">
    <p class='ocr_par' dir='ltr' id='par_1_59' title="bbox 527 4012 2101 4085">
     <span class='ocr_line' id='line_1_59' title="bbox 527 4012 2101 4085; baseline -0.001 -13"><span class='ocrx_word' id='word_1_397' title='bbox 527 4020 688 4081; x_wconf 88' lang='lat' dir='ltr'><strong>rima,</strong></span> <span class='ocrx_word' id='word_1_398' title='bbox 711 4016 913 4085; x_wconf 87' lang='lat' dir='ltr'><strong>ubique</strong></span> <span class='ocrx_word' id='word_1_399' title='bbox 942 4013 1224 4084; x_wconf 87' lang='lat' dir='ltr'><strong>equitibus</strong></span> <span class='ocrx_word' id='word_1_400' title='bbox 1244 4012 1479 4070; x_wconf 87' lang='lat' dir='ltr'><strong>Temiris</strong></span> <span class='ocrx_word' id='word_1_401' title='bbox 1506 4013 1559 4068; x_wconf 91' lang='lat' dir='ltr'><strong>in</strong></span> <span class='ocrx_word' id='word_1_402' title='bbox 1592 4013 1852 4085; x_wconf 81' lang='lat' dir='ltr'><strong>Pajazitis</strong></span> <span class='ocrx_word' id='word_1_403' title='bbox 1878 4016 2101 4085; x_wconf 79' lang='lat' dir='ltr'><strong>regione</strong></span> 
     </span>
    </p>
   </div>
   <div class='ocr_carea' id='block_1_60' title="bbox 525 4105 2099 4179">
    <p class='ocr_par' dir='ltr' id='par_1_60' title="bbox 525 4105 2099 4179">
     <span class='ocr_line' id='line_1_60' title="bbox 525 4105 2099 4179; baseline 0 -17"><span class='ocrx_word' id='word_1_404' title='bbox 525 4108 924 4179; x_wconf 81' lang='lat' dir='ltr'><strong>grassantibus.</strong></span> <span class='ocrx_word' id='word_1_405' title='bbox 947 4107 1174 4162; x_wconf 85' lang='lat' dir='ltr'><strong>interim</strong></span> <span class='ocrx_word' id='word_1_406' title='bbox 1203 4119 1387 4160; x_wconf 89' lang='lat' dir='ltr'><strong>autem</strong></span> <span class='ocrx_word' id='word_1_407' title='bbox 1436 4106 1549 4161; x_wconf 66' lang='lat' dir='ltr'><strong>haec</strong></span> <span class='ocrx_word' id='word_1_408' title='bbox 1585 4107 1836 4162; x_wconf 85' lang='lat' dir='ltr'><strong>accidere</strong></span> <span class='ocrx_word' id='word_1_409' title='bbox 1872 4105 2099 4177; x_wconf 86' lang='lat' dir='ltr'><strong>Pajaziti</strong></span> 
     </span>
    </p>
   </div>
   <div class='ocr_carea' id='block_1_61' title="bbox 523 4198 2103 4273">
    <p class='ocr_par' dir='ltr' id='par_1_61' title="bbox 523 4198 2103 4273">
     <span class='ocr_line' id='line_1_61' title="bbox 523 4198 2103 4273; baseline -0.002 -16"><span class='ocrx_word' id='word_1_410' title='bbox 523 4201 771 4273; x_wconf 73' lang='lat' dir='ltr'><strong>fugienti.</strong></span> <span class='ocrx_word' id='word_1_411' title='bbox 797 4200 934 4253; x_wconf 85' lang='lat' dir='ltr'><strong>Cum</strong></span> <span class='ocrx_word' id='word_1_412' title='bbox 976 4200 1187 4271; x_wconf 79' lang='lat' dir='ltr'><strong>fugeret</strong></span> <span class='ocrx_word' id='word_1_413' title='bbox 1218 4198 1605 4268; x_wconf 84' lang='lat' dir='ltr'><strong>pernicissiino</strong></span> <span class='ocrx_word' id='word_1_414' title='bbox 1657 4214 1848 4265; x_wconf 89' lang='lat' dir='ltr'><strong>cursu,</strong></span> <span class='ocrx_word' id='word_1_415' title='bbox 1886 4199 2103 4272; x_wconf 80' lang='lat' dir='ltr'><strong>fugien-</strong></span> 
     </span>
    </p>
   </div>
   <div class='ocr_carea' id='block_1_62' title="bbox 522 4287 2097 4361">
    <p class='ocr_par' dir='ltr' id='par_1_62' title="bbox 522 4287 2097 4361">
     <span class='ocr_line' id='line_1_62' title="bbox 522 4287 2097 4361; baseline -0.004 -11"><span class='ocrx_word' id='word_1_416' title='bbox 522 4307 631 4350; x_wconf 88' lang='lat' dir='ltr'><strong>tem</strong></span> <span class='ocrx_word' id='word_1_417' title='bbox 671 4292 1108 4361; x_wconf 82' lang='lat' dir='ltr'><strong>insequebantur</strong></span> <span class='ocrx_word' id='word_1_418' title='bbox 1141 4287 1566 4355; x_wconf 84' lang='lat' dir='ltr'><strong>Tzaehataides,</strong></span> <span class='ocrx_word' id='word_1_419' title='bbox 1604 4289 1923 4346; x_wconf 84' lang='lat' dir='ltr'><strong>aii&#39;ectantes</strong></span> <span class='ocrx_word' id='word_1_420' title='bbox 1972 4304 2097 4345; x_wconf 89' lang='lat' dir='ltr'><strong>eum</strong></span> 
     </span>
    </p>
   </div>
   <div class='ocr_carea' id='block_1_63' title="bbox 520 4379 2095 4452">
    <p class='ocr_par' dir='ltr' id='par_1_63' title="bbox 520 4379 2095 4452">
     <span class='ocr_line' id='line_1_63' title="bbox 520 4379 2095 4452; baseline -0.001 -15"><span class='ocrx_word' id='word_1_421' title='bbox 520 4398 735 4452; x_wconf 89' lang='lat' dir='ltr'><strong>capere.</strong></span> <span class='ocrx_word' id='word_1_422' title='bbox 762 4381 880 4437; x_wconf 82' lang='lat' dir='ltr'><strong>Jam</strong></span> <span class='ocrx_word' id='word_1_423' title='bbox 923 4383 1156 4437; x_wconf 89' lang='lat' dir='ltr'><strong>multum</strong></span> <span class='ocrx_word' id='word_1_424' title='bbox 1197 4380 1414 4436; x_wconf 89' lang='lat' dir='ltr'><strong>itineris</strong></span> <span class='ocrx_word' id='word_1_425' title='bbox 1462 4379 1722 4451; x_wconf 84' lang='lat' dir='ltr'><strong>fugiendo</strong></span> <span class='ocrx_word' id='word_1_426' title='bbox 1761 4382 2095 4450; x_wconf 90' lang='lat' dir='ltr'><strong>confecerat,</strong></span> 
     </span>
    </p>
   </div>
   <div class='ocr_carea' id='block_1_64' title="bbox 2204 1911 3770 1982">
    <p class='ocr_par' dir='ltr' id='par_1_64' title="bbox 2204 1911 3770 1982">
     <span class='ocr_line' id='line_1_64' title="bbox 2204 1911 3770 1982; baseline -0.003 -16"><span class='ocrx_word' id='word_1_427' title='bbox 2204 1913 2520 1966; x_wconf 77' lang='grc' dir='ltr'><strong>ἀνεκαλεῖτο</strong></span> <span class='ocrx_word' id='word_1_428' title='bbox 2553 1913 2653 1982; x_wconf 82' lang='grc' dir='ltr'><strong>τὴν</strong></span> <span class='ocrx_word' id='word_1_429' title='bbox 2704 1912 2978 1977; x_wconf 80' lang='grc' dir='ltr'><strong>σύνταξιν.</strong></span> <span class='ocrx_word' id='word_1_430' title='bbox 3020 1912 3285 1966; x_wconf 83' lang='grc' dir='ltr'><strong>Ἐνταῦθα</strong></span> <span class='ocrx_word' id='word_1_431' title='bbox 3314 1912 3365 1965; x_wconf 78' lang='grc' dir='ltr'><strong>οἱ</strong></span> <span class='ocrx_word' id='word_1_432' title='bbox 3399 1911 3770 1982; x_wconf 77' lang='grc' dir='ltr'><strong>Τζαχατάῖδες</strong></span> 
     </span>
    </p>
   </div>
   <div class='ocr_carea' id='block_1_65' title="bbox 2204 2005 3771 2077">
    <p class='ocr_par' dir='ltr' id='par_1_65' title="bbox 2204 2005 3771 2077">
     <span class='ocr_line' id='line_1_65' title="bbox 2204 2005 3771 2077; baseline 0 -20"><span class='ocrx_word' id='word_1_433' title='bbox 2204 2006 2622 2068; x_wconf 77' lang='grc' dir='ltr'><strong>ἐπεισπεσόντες</strong></span> <span class='ocrx_word' id='word_1_434' title='bbox 2669 2007 2784 2068; x_wconf 81' lang='grc' dir='ltr'><strong>τοῖς</strong></span> <span class='ocrx_word' id='word_1_435' title='bbox 2828 2005 3114 2077; x_wconf 86' lang='grc' dir='ltr'><strong>Τούρκοις,</strong></span> <span class='ocrx_word' id='word_1_436' title='bbox 3150 2005 3440 2059; x_wconf 78' lang='grc' dir='ltr'><strong>ἐπέκειντο</strong></span> <span class='ocrx_word' id='word_1_437' title='bbox 3488 2005 3633 2059; x_wconf 78' lang='grc' dir='ltr'><strong>πάνυ</strong></span> <span class='ocrx_word' id='word_1_438' title='bbox 3679 2022 3771 2070; x_wconf 78' lang='grc' dir='ltr'><strong>φο-</strong></span> 
     </span>
    </p>
   </div>
   <div class='ocr_carea' id='block_1_66' title="bbox 2204 2098 3772 2170">
    <p class='ocr_par' dir='ltr' id='par_1_66' title="bbox 2204 2098 3772 2170">
     <span class='ocr_line' id='line_1_66' title="bbox 2204 2098 3772 2170; baseline 0 -20"><span class='ocrx_word' id='word_1_439' title='bbox 2204 2098 2472 2163; x_wconf 84' lang='grc' dir='ltr'><strong>νεύοντες,</strong></span> <span class='ocrx_word' id='word_1_440' title='bbox 2500 2101 2555 2162; x_wconf 82' lang='grc' dir='ltr'><strong>ἐς</strong></span> <span class='ocrx_word' id='word_1_441' title='bbox 2616 2099 2645 2153; x_wconf 85' lang='grc' dir='ltr'><strong>ὃ</strong></span> <span class='ocrx_word' id='word_1_442' title='bbox 2701 2098 2764 2168; x_wconf 79' lang='grc' dir='ltr'><strong>δὴ</strong></span> <span class='ocrx_word' id='word_1_443' title='bbox 2823 2099 2879 2160; x_wconf 83' lang='grc' dir='ltr'><strong>ἐς</strong></span> <span class='ocrx_word' id='word_1_444' title='bbox 2928 2099 3108 2170; x_wconf 79' lang='grc' dir='ltr'><strong>φυγὴν</strong></span> <span class='ocrx_word' id='word_1_445' title='bbox 3171 2098 3519 2169; x_wconf 82' lang='grc' dir='ltr'><strong>κατέστησαν</strong></span> <span class='ocrx_word' id='word_1_446' title='bbox 3573 2098 3772 2161; x_wconf 77' lang='grc' dir='ltr'><strong>αὐτοὺς</strong></span> 
     </span>
    </p>
   </div>
   <div class='ocr_carea' id='block_1_67' title="bbox 2202 2189 3772 2263">
    <p class='ocr_par' dir='ltr' id='par_1_67' title="bbox 2202 2189 3772 2263">
     <span class='ocr_line' id='line_1_67' title="bbox 2202 2189 3772 2263; baseline 0 -20"><span class='ocrx_word' id='word_1_447' title='bbox 2202 2190 2500 2259; x_wconf 82' lang='grc' dir='ltr'><strong>τραπῆναι.</strong></span> <span class='ocrx_word' id='word_1_448' title='bbox 2545 2189 2814 2246; x_wconf 84' lang='grc' dir='ltr'><strong>Ἐνταῦθα</strong></span> <span class='ocrx_word' id='word_1_449' title='bbox 2845 2190 2921 2254; x_wconf 85' lang='grc' dir='ltr'><strong>ὡς</strong></span> <span class='ocrx_word' id='word_1_450' title='bbox 2948 2190 3208 2263; x_wconf 85' lang='grc' dir='ltr'><strong>ὥρμηντο</strong></span> <span class='ocrx_word' id='word_1_451' title='bbox 3239 2191 3296 2253; x_wconf 87' lang='grc' dir='ltr'><strong>ἐς</strong></span> <span class='ocrx_word' id='word_1_452' title='bbox 3328 2194 3528 2261; x_wconf 73' lang='grc' dir='ltr'><strong>φυγὴν,</strong></span> <span class='ocrx_word' id='word_1_453' title='bbox 3563 2192 3772 2246; x_wconf 79' lang='grc' dir='ltr'><strong>ἐπικει-</strong></span> 
     </span>
    </p>
   </div>
   <div class='ocr_carea' id='block_1_68' title="bbox 2206 2280 3773 2352">
    <p class='ocr_par' dir='ltr' id='par_1_68' title="bbox 2206 2280 3773 2352">
     <span class='ocr_line' id='line_1_68' title="bbox 2206 2280 3773 2352; baseline -0.001 -19"><span class='ocrx_word' id='word_1_454' title='bbox 2206 2282 2383 2351; x_wconf 77' lang='grc' dir='ltr'><strong>μένων</strong></span> <span class='ocrx_word' id='word_1_455' title='bbox 2409 2282 2517 2334; x_wconf 85' lang='grc' dir='ltr'><strong>τῶν</strong></span> <span class='ocrx_word' id='word_1_456' title='bbox 2551 2281 2856 2352; x_wconf 84' lang='grc' dir='ltr'><strong>πολεμίων,</strong></span> <span class='ocrx_word' id='word_1_457' title='bbox 2888 2281 2982 2334; x_wconf 81' lang='grc' dir='ltr'><strong>καὶ</strong></span> <span class='ocrx_word' id='word_1_458' title='bbox 3014 2281 3076 2334; x_wconf 74' lang='grc' dir='ltr'><strong>τὸ</strong></span> <span class='ocrx_word' id='word_1_459' title='bbox 3109 2280 3220 2334; x_wconf 77' lang='grc' dir='ltr'><strong>ἀπὸ</strong></span> <span class='ocrx_word' id='word_1_460' title='bbox 3253 2281 3352 2350; x_wconf 82' lang='grc' dir='ltr'><strong>τῆς</strong></span> <span class='ocrx_word' id='word_1_461' title='bbox 3393 2280 3576 2342; x_wconf 81' lang='grc' dir='ltr'><strong>Ἀσίας</strong></span> <span class='ocrx_word' id='word_1_462' title='bbox 3606 2280 3773 2348; x_wconf 83' lang='grc' dir='ltr'><strong>στρά-</strong></span> 
     </span>
    </p>
   </div>
   <div class='ocr_carea' id='block_1_69' title="bbox 2202 2371 3774 2445">
    <p class='ocr_par' dir='ltr' id='par_1_69' title="bbox 2202 2371 3774 2445">
     <span class='ocr_line' id='line_1_69' title="bbox 2202 2371 3774 2445; baseline 0 -20"><span class='ocrx_word' id='word_1_463' title='bbox 2202 2389 2381 2442; x_wconf 86' lang='grc' dir='ltr'><strong>τευμα</strong></span> <span class='ocrx_word' id='word_1_464' title='bbox 2443 2373 2642 2428; x_wconf 84' lang='grc' dir='ltr'><strong>αὐτίκα</strong></span> <span class='ocrx_word' id='word_1_465' title='bbox 2695 2375 2755 2437; x_wconf 81' lang='grc' dir='ltr'><strong>ἐς</strong></span> <span class='ocrx_word' id='word_1_466' title='bbox 2814 2372 2995 2445; x_wconf 78' lang='grc' dir='ltr'><strong>φυγὴν</strong></span> <span class='ocrx_word' id='word_1_467' title='bbox 3050 2373 3301 2444; x_wconf 87' lang='grc' dir='ltr'><strong>ὥρμητο.</strong></span> <span class='ocrx_word' id='word_1_468' title='bbox 3335 2373 3443 2428; x_wconf 72' lang='grc' dir='ltr'><strong>Καὶ</strong></span> <span class='ocrx_word' id='word_1_469' title='bbox 3494 2371 3693 2426; x_wconf 72' lang='grc' dir='ltr'><strong>αὐτίκα</strong></span> <span class='ocrx_word' id='word_1_470' title='bbox 3744 2372 3774 2425; x_wconf 74' lang='grc' dir='ltr'><strong>ὁ</strong></span> 
     </span>
    </p>
   </div>
   <div class='ocr_carea' id='block_1_70' title="bbox 2205 2463 3773 2532">
    <p class='ocr_par' dir='ltr' id='par_1_70' title="bbox 2205 2463 3773 2532">
     <span class='ocr_line' id='line_1_70' title="bbox 2205 2463 3773 2532; baseline -0.002 -14"><span class='ocrx_word' id='word_1_471' title='bbox 2205 2464 2522 2532; x_wconf 78' lang='grc' dir='ltr'><strong>Παιαζήτης</strong></span> <span class='ocrx_word' id='word_1_472' title='bbox 2563 2465 2688 2518; x_wconf 83' lang='grc' dir='ltr'><strong>ἰδὼν</strong></span> <span class='ocrx_word' id='word_1_473' title='bbox 2718 2464 2915 2531; x_wconf 88' lang='grc' dir='ltr'><strong>ταῦτα,</strong></span> <span class='ocrx_word' id='word_1_474' title='bbox 2962 2465 3147 2518; x_wconf 80' lang='grc' dir='ltr'><strong>οὐκέτι</strong></span> <span class='ocrx_word' id='word_1_475' title='bbox 3180 2464 3481 2531; x_wconf 72' lang='grc' dir='ltr'><strong>ἐνέμεινεν,</strong></span> <span class='ocrx_word' id='word_1_476' title='bbox 3519 2463 3631 2517; x_wconf 82' lang='grc' dir='ltr'><strong>ἀλλ’</strong></span> <span class='ocrx_word' id='word_1_477' title='bbox 3679 2464 3773 2516; x_wconf 55' lang='grc' dir='ltr'><strong>ἐπὶ⁹</strong></span> 
     </span>
    </p>
   </div>
   <div class='ocr_carea' id='block_1_71' title="bbox 2204 2551 3773 2624">
    <p class='ocr_par' dir='ltr' id='par_1_71' title="bbox 2204 2551 3773 2624">
     <span class='ocr_line' id='line_1_71' title="bbox 2204 2551 3773 2624; baseline -0.002 -17"><span class='ocrx_word' id='word_1_478' title='bbox 2204 2554 2371 2610; x_wconf 80' lang='grc' dir='ltr'><strong>ἵππον</strong></span> <span class='ocrx_word' id='word_1_479' title='bbox 2420 2555 2640 2624; x_wconf 84' lang='grc' dir='ltr'><strong>θήλειαν</strong></span> <span class='ocrx_word' id='word_1_480' title='bbox 2691 2555 2920 2620; x_wconf 77' lang='grc' dir='ltr'><strong>ἀναϐὰς,</strong></span> <span class='ocrx_word' id='word_1_481' title='bbox 2950 2555 3155 2623; x_wconf 80' lang='grc' dir='ltr'><strong>ἔφευγε</strong></span> <span class='ocrx_word' id='word_1_482' title='bbox 3202 2553 3344 2607; x_wconf 82' lang='grc' dir='ltr'><strong>κατὰ</strong></span> <span class='ocrx_word' id='word_1_483' title='bbox 3388 2552 3611 2620; x_wconf 79' lang='grc' dir='ltr'><strong>κράτος.</strong></span> <span class='ocrx_word' id='word_1_484' title='bbox 3640 2551 3773 2609; x_wconf 42' lang='grc' dir='ltr'><strong>ηἘν-</strong></span> 
     </span>
    </p>
   </div>
   <div class='ocr_carea' id='block_1_72' title="bbox 2202 2642 3773 2718">
    <p class='ocr_par' dir='ltr' id='par_1_72' title="bbox 2202 2642 3773 2718">
     <span class='ocr_line' id='line_1_72' title="bbox 2202 2642 3773 2718; baseline -0.004 -17"><span class='ocrx_word' id='word_1_485' title='bbox 2202 2648 2374 2701; x_wconf 83' lang='grc' dir='ltr'><strong>ταῦθα</strong></span> <span class='ocrx_word' id='word_1_486' title='bbox 2403 2648 2478 2711; x_wconf 79' lang='grc' dir='ltr'><strong>ὥς</strong></span> <span class='ocrx_word' id='word_1_487' title='bbox 2510 2648 2771 2718; x_wconf 85' lang='grc' dir='ltr'><strong>πρότερον</strong></span> <span class='ocrx_word' id='word_1_488' title='bbox 2798 2648 3061 2718; x_wconf 81' lang='grc' dir='ltr'><strong>κήρυγμα</strong></span> <span class='ocrx_word' id='word_1_489' title='bbox 3097 2645 3470 2716; x_wconf 85' lang='grc' dir='ltr'><strong>πεποιημένου</strong></span> <span class='ocrx_word' id='word_1_490' title='bbox 3499 2642 3773 2713; x_wconf 74' lang='grc' dir='ltr'><strong>Τεμῆρεω</strong></span> 
     </span>
    </p>
   </div>
   <div class='ocr_carea' id='block_1_73' title="bbox 2205 2736 3774 2812">
    <p class='ocr_par' dir='ltr' id='par_1_73' title="bbox 2205 2736 3774 2812">
     <span class='ocr_line' id='line_1_73' title="bbox 2205 2736 3774 2812; baseline -0.003 -19"><span class='ocrx_word' id='word_1_491' title='bbox 2205 2741 2490 2812; x_wconf 75' lang='grc' dir='ltr'><strong>βασιλέως,</strong></span> <span class='ocrx_word' id='word_1_492' title='bbox 2533 2740 2735 2809; x_wconf 80' lang='grc' dir='ltr'><strong>μηδένα</strong></span> <span class='ocrx_word' id='word_1_493' title='bbox 2763 2738 3119 2794; x_wconf 82' lang='grc' dir='ltr'><strong>καταϐαίνειν</strong></span> <span class='ocrx_word' id='word_1_494' title='bbox 3157 2738 3204 2770; x_wconf 79' lang='grc'><strong>⁸⁷</strong></span> <span class='ocrx_word' id='word_1_495' title='bbox 3235 2739 3346 2792; x_wconf 87' lang='grc' dir='ltr'><strong>τῶν</strong></span> <span class='ocrx_word' id='word_1_496' title='bbox 3395 2736 3488 2791; x_wconf 91' lang='grc' dir='ltr'><strong>τοῦ</strong></span> <span class='ocrx_word' id='word_1_497' title='bbox 3530 2737 3774 2803; x_wconf 80' lang='grc' dir='ltr'><strong>Παιαζήο</strong></span> 
     </span>
    </p>
   </div>
   <div class='ocr_carea' id='block_1_74' title="bbox 2202 2820 3775 2900">
    <p class='ocr_par' dir='ltr' id='par_1_74' title="bbox 2202 2820 3775 2900">
     <span class='ocr_line' id='line_1_74' title="bbox 2202 2820 3775 2900; baseline -0.004 -17"><span class='ocrx_word' id='word_1_498' title='bbox 2202 2848 2318 2896; x_wconf 87' lang='grc' dir='ltr'><strong>του,</strong></span> <span class='ocrx_word' id='word_1_499' title='bbox 2373 2830 2533 2900; x_wconf 77' lang='grc' dir='ltr'><strong>μόνον</strong></span> <span class='ocrx_word' id='word_1_500' title='bbox 2584 2830 2641 2883; x_wconf 81' lang='grc' dir='ltr'><strong>δέ</strong></span> <span class='ocrx_word' id='word_1_501' title='bbox 2687 2820 3087 2900; x_wconf 84' lang='grc' dir='ltr'><strong>ἀπεκδυόμενοι</strong></span> <span class='ocrx_word' id='word_1_502' title='bbox 3130 2828 3377 2890; x_wconf 81' lang='grc' dir='ltr'><strong>τούτους,</strong></span> <span class='ocrx_word' id='word_1_503' title='bbox 3414 2826 3668 2895; x_wconf 74' lang='grc' dir='ltr'><strong>ἠφίεσαν.</strong></span> <span class='ocrx_word' id='word_1_504' title='bbox 3699 2824 3775 2877; x_wconf 76' lang='grc' dir='ltr'><strong>Οῦ</strong></span> 
     </span>
    </p>
   </div>
   <div class='ocr_carea' id='block_1_75' title="bbox 2203 2917 3778 2994">
    <p class='ocr_par' dir='ltr' id='par_1_75' title="bbox 2203 2917 3778 2994">
     <span class='ocr_line' id='line_1_75' title="bbox 2203 2917 3778 2994; baseline -0.004 -18"><span class='ocrx_word' id='word_1_505' title='bbox 2203 2923 2313 2994; x_wconf 83' lang='grc' dir='ltr'><strong>γὰρ</strong></span> <span class='ocrx_word' id='word_1_506' title='bbox 2345 2923 2473 2990; x_wconf 78' lang='grc' dir='ltr'><strong>ἐξῆν</strong></span> <span class='ocrx_word' id='word_1_507' title='bbox 2500 2923 2805 2992; x_wconf 78' lang='grc' dir='ltr'><strong>ὁμοφύλους</strong></span> <span class='ocrx_word' id='word_1_508' title='bbox 2851 2922 3009 2985; x_wconf 77' lang='grc' dir='ltr'><strong>ὄντας</strong></span> <span class='ocrx_word' id='word_1_509' title='bbox 3046 2918 3559 2992; x_wconf 75' lang='grc' dir='ltr'><strong>ἀνδραποδίζεσθαι.</strong></span> <span class='ocrx_word' id='word_1_510' title='bbox 3605 2917 3778 2970; x_wconf 82' lang='grc' dir='ltr'><strong>Παια-</strong></span> 
     </span>
    </p>
   </div>
   <div class='ocr_carea' id='block_1_76' title="bbox 2202 3012 3779 3085">
    <p class='ocr_par' dir='ltr' id='par_1_76' title="bbox 2202 3012 3779 3085">
     <span class='ocr_line' id='line_1_76' title="bbox 2202 3012 3779 3085; baseline -0.003 -16"><span class='ocrx_word' id='word_1_511' title='bbox 2202 3016 2374 3085; x_wconf 57' lang='lat' dir='ltr'><strong>(an);</strong></span> <span class='ocrx_word' id='word_1_512' title='bbox 2416 3014 2473 3067; x_wconf 81' lang='grc' dir='ltr'><strong>δὲ</strong></span> <span class='ocrx_word' id='word_1_513' title='bbox 2511 3015 2773 3069; x_wconf 87' lang='grc' dir='ltr'><strong>τάναντία</strong></span> <span class='ocrx_word' id='word_1_514' title='bbox 2814 3016 3022 3068; x_wconf 85' lang='grc' dir='ltr'><strong>τούτων</strong></span> <span class='ocrx_word' id='word_1_515' title='bbox 3068 3014 3311 3085; x_wconf 77' lang='grc' dir='ltr'><strong>κηρύξας</strong></span> <span class='ocrx_word' id='word_1_516' title='bbox 3347 3016 3403 3076; x_wconf 80' lang='grc' dir='ltr'><strong>ἐς</strong></span> <span class='ocrx_word' id='word_1_517' title='bbox 3446 3013 3506 3066; x_wconf 79' lang='grc' dir='ltr'><strong>τὸ</strong></span> <span class='ocrx_word' id='word_1_518' title='bbox 3553 3012 3779 3083; x_wconf 79' lang='grc' dir='ltr'><strong>στρατό-</strong></span> 
     </span>
    </p>
   </div>
   <div class='ocr_carea' id='block_1_77' title="bbox 2203 3101 3779 3174">
    <p class='ocr_par' dir='ltr' id='par_1_77' title="bbox 2203 3101 3779 3174">
     <span class='ocr_line' id='line_1_77' title="bbox 2203 3101 3779 3174; baseline -0.002 -17"><span class='ocrx_word' id='word_1_519' title='bbox 2203 3105 2384 3171; x_wconf 90' lang='grc' dir='ltr'><strong>πεδον,</strong></span> <span class='ocrx_word' id='word_1_520' title='bbox 2443 3106 2519 3168; x_wconf 83' lang='grc' dir='ltr'><strong>ὥς</strong></span> <span class='ocrx_word' id='word_1_521' title='bbox 2573 3105 2633 3159; x_wconf 84' lang='grc' dir='ltr'><strong>δν</strong></span> <span class='ocrx_word' id='word_1_522' title='bbox 2686 3103 2753 3159; x_wconf 80' lang='grc' dir='ltr'><strong>ἂν</strong></span> <span class='ocrx_word' id='word_1_523' title='bbox 2809 3103 3031 3159; x_wconf 84' lang='grc' dir='ltr'><strong>λάϐοιεν</strong></span> <span class='ocrx_word' id='word_1_524' title='bbox 3072 3104 3162 3159; x_wconf 86' lang='grc' dir='ltr'><strong>τοῦ</strong></span> <span class='ocrx_word' id='word_1_525' title='bbox 3211 3105 3481 3174; x_wconf 85' lang='grc' dir='ltr'><strong>Τεμήρεω</strong></span> <span class='ocrx_word' id='word_1_526' title='bbox 3516 3101 3779 3173; x_wconf 84' lang='grc' dir='ltr'><strong>στρατοῦ,</strong></span> 
     </span>
    </p>
   </div>
   <div class='ocr_carea' id='block_1_78' title="bbox 2203 3190 3780 3263">
    <p class='ocr_par' dir='ltr' id='par_1_78' title="bbox 2203 3190 3780 3263">
     <span class='ocr_line' id='line_1_78' title="bbox 2203 3190 3780 3263; baseline 0 -20"><span class='ocrx_word' id='word_1_527' title='bbox 2203 3192 2410 3253; x_wconf 78' lang='grc' dir='ltr'><strong>πάντας</strong></span> <span class='ocrx_word' id='word_1_528' title='bbox 2437 3192 2833 3245; x_wconf 78' lang='grc' dir='ltr'><strong>κατακτείνειν.</strong></span> <span class='ocrx_word' id='word_1_529' title='bbox 2868 3193 3179 3263; x_wconf 84' lang='grc' dir='ltr'><strong>Σαχροῦχος</strong></span> <span class='ocrx_word' id='word_1_530' title='bbox 3233 3190 3336 3262; x_wconf 81' lang='grc' dir='ltr'><strong>μὲν</strong></span> <span class='ocrx_word' id='word_1_531' title='bbox 3370 3192 3482 3259; x_wconf 87' lang='grc' dir='ltr'><strong>οῦν,</strong></span> <span class='ocrx_word' id='word_1_532' title='bbox 3511 3190 3586 3254; x_wconf 84' lang='grc' dir='ltr'><strong>ὥς</strong></span> <span class='ocrx_word' id='word_1_533' title='bbox 3617 3192 3780 3261; x_wconf 71' lang='grc' dir='ltr'><strong>ἐτρέ-</strong></span> 
     </span>
    </p>
   </div>
   <div class='ocr_carea' id='block_1_79' title="bbox 2201 3282 3781 3357">
    <p class='ocr_par' dir='ltr' id='par_1_79' title="bbox 2201 3282 3781 3357">
     <span class='ocr_line' id='line_1_79' title="bbox 2201 3282 3781 3357; baseline -0.002 -19"><span class='ocrx_word' id='word_1_534' title='bbox 2201 3282 2341 3354; x_wconf 82' lang='grc' dir='ltr'><strong>ψατο</strong></span> <span class='ocrx_word' id='word_1_535' title='bbox 2381 3285 2723 3354; x_wconf 81' lang='grc' dir='ltr'><strong>Παιαζήτην,</strong></span> <span class='ocrx_word' id='word_1_536' title='bbox 2756 3284 2855 3357; x_wconf 72' lang='grc' dir='ltr'><strong>ἤδη</strong></span> <span class='ocrx_word' id='word_1_537' title='bbox 2918 3286 2986 3338; x_wconf 75' lang='grc' dir='ltr'><strong>τὰ</strong></span> <span class='ocrx_word' id='word_1_538' title='bbox 3044 3282 3432 3354; x_wconf 86' lang='grc' dir='ltr'><strong>στρατεύματα</strong></span> <span class='ocrx_word' id='word_1_539' title='bbox 3479 3283 3781 3353; x_wconf 78' lang='grc' dir='ltr'><strong>Τεμήρεω,</strong></span> 
     </span>
    </p>
   </div>
   <div class='ocr_carea' id='block_1_80' title="bbox 2202 3372 3780 3447">
    <p class='ocr_par' dir='ltr' id='par_1_80' title="bbox 2202 3372 3780 3447">
     <span class='ocr_line' id='line_1_80' title="bbox 2202 3372 3780 3447; baseline -0.004 -17"><span class='ocrx_word' id='word_1_540' title='bbox 2202 3378 2297 3430; x_wconf 78' lang='grc' dir='ltr'><strong>καὶ</strong></span> <span class='ocrx_word' id='word_1_541' title='bbox 2332 3378 2436 3431; x_wconf 79' lang='grc' dir='ltr'><strong>ὅσα</strong></span> <span class='ocrx_word' id='word_1_542' title='bbox 2489 3376 2775 3447; x_wconf 84' lang='grc' dir='ltr'><strong>ἐμάχοντο,</strong></span> <span class='ocrx_word' id='word_1_543' title='bbox 2814 3376 2911 3430; x_wconf 80' lang='grc' dir='ltr'><strong>καὶ</strong></span> <span class='ocrx_word' id='word_1_544' title='bbox 2963 3375 3065 3429; x_wconf 82' lang='grc' dir='ltr'><strong>ὅσα</strong></span> <span class='ocrx_word' id='word_1_545' title='bbox 3116 3375 3211 3427; x_wconf 74' lang='grc' dir='ltr'><strong>ἐπὶ</strong></span> <span class='ocrx_word' id='word_1_546' title='bbox 3266 3372 3361 3426; x_wconf 89' lang='grc' dir='ltr'><strong>τοῦ</strong></span> <span class='ocrx_word' id='word_1_547' title='bbox 3408 3373 3780 3443; x_wconf 80' lang='grc' dir='ltr'><strong>στρατοπέδου</strong></span> 
     </span>
    </p>
   </div>
   <div class='ocr_carea' id='block_1_81' title="bbox 2202 3462 3782 3539">
    <p class='ocr_par' dir='ltr' id='par_1_81' title="bbox 2202 3462 3782 3539">
     <span class='ocr_line' id='line_1_81' title="bbox 2202 3462 3782 3539; baseline -0.004 -16"><span class='ocrx_word' id='word_1_548' title='bbox 2202 3470 2502 3539; x_wconf 84' lang='grc' dir='ltr'><strong>ἐτύγχανεν</strong></span> <span class='ocrx_word' id='word_1_549' title='bbox 2532 3468 2683 3529; x_wconf 74' lang='grc' dir='ltr'><strong>ὄντα,</strong></span> <span class='ocrx_word' id='word_1_550' title='bbox 2728 3466 2956 3539; x_wconf 81' lang='grc' dir='ltr'><strong>ὥρμητο</strong></span> <span class='ocrx_word' id='word_1_551' title='bbox 2999 3466 3093 3520; x_wconf 72' lang='grc' dir='ltr'><strong>ἐπὶ</strong></span> <span class='ocrx_word' id='word_1_552' title='bbox 3127 3465 3218 3519; x_wconf 69' lang='grc' dir='ltr'><strong>τὸν</strong></span> <span class='ocrx_word' id='word_1_553' title='bbox 3253 3462 3579 3535; x_wconf 77' lang='grc' dir='ltr'><strong>Παιαζήτεω</strong></span> <span class='ocrx_word' id='word_1_554' title='bbox 3607 3480 3782 3534; x_wconf 88' lang='grc' dir='ltr'><strong>στρα-</strong></span> 
     </span>
    </p>
   </div>
   <div class='ocr_carea' id='block_1_82' title="bbox 2200 3555 3785 3631">
    <p class='ocr_par' dir='ltr' id='par_1_82' title="bbox 2200 3555 3785 3631">
     <span class='ocr_line' id='line_1_82' title="bbox 2200 3555 3785 3631; baseline -0.004 -16"><span class='ocrx_word' id='word_1_555' title='bbox 2200 3562 2293 3617; x_wconf 71' lang='grc' dir='ltr'><strong>τὸν</strong></span> <span class='ocrx_word' id='word_1_556' title='bbox 2334 3562 2536 3631; x_wconf 79' lang='grc' dir='ltr'><strong>φθῆναι</strong></span> <span class='ocrx_word' id='word_1_557' title='bbox 2588 3559 2933 3631; x_wconf 74' lang='grc' dir='ltr'><strong>βουλόμενος,</strong></span> <span class='ocrx_word' id='word_1_558' title='bbox 2970 3557 3069 3613; x_wconf 69' lang='grc' dir='ltr'><strong>καὶ</strong></span> <span class='ocrx_word' id='word_1_559' title='bbox 3103 3559 3197 3611; x_wconf 72' lang='grc' dir='ltr'><strong>ἐπὶ</strong></span> <span class='ocrx_word' id='word_1_560' title='bbox 3248 3557 3350 3628; x_wconf 82' lang='grc' dir='ltr'><strong>τὴν</strong></span> <span class='ocrx_word' id='word_1_561' title='bbox 3397 3555 3579 3627; x_wconf 79' lang='grc' dir='ltr'><strong>χώραν</strong></span> <span class='ocrx_word' id='word_1_562' title='bbox 3610 3556 3785 3625; x_wconf 72' lang='grc' dir='ltr'><strong>ἐτράο</strong></span> 
     </span>
    </p>
   </div>
   <div class='ocr_carea' id='block_1_83' title="bbox 2202 3646 3781 3722">
    <p class='ocr_par' dir='ltr' id='par_1_83' title="bbox 2202 3646 3781 3722">
     <span class='ocr_line' id='line_1_83' title="bbox 2202 3646 3781 3722; baseline -0.001 -19"><span class='ocrx_word' id='word_1_563' title='bbox 2202 3667 2364 3704; x_wconf 86' lang='grc' dir='ltr'><strong>ποντο</strong></span> <span class='ocrx_word' id='word_1_564' title='bbox 2395 3652 2488 3705; x_wconf 74' lang='grc' dir='ltr'><strong>ἐπὶ</strong></span> <span class='ocrx_word' id='word_1_565' title='bbox 2519 3650 2855 3722; x_wconf 76' lang='grc' dir='ltr'><strong>διαρπαγὴν,</strong></span> <span class='ocrx_word' id='word_1_566' title='bbox 2898 3649 3168 3720; x_wconf 75' lang='grc' dir='ltr'><strong>ἐπιδρομῇ</strong></span> <span class='ocrx_word' id='word_1_567' title='bbox 3203 3648 3565 3720; x_wconf 74' lang='grc' dir='ltr'><strong>χρησάμενοι,</strong></span> <span class='ocrx_word' id='word_1_568' title='bbox 3601 3646 3657 3710; x_wconf 77' lang='grc' dir='ltr'><strong>ες</strong></span> <span class='ocrx_word' id='word_1_569' title='bbox 3710 3665 3781 3701; x_wconf 81' lang='grc' dir='ltr'><strong>τε</strong></span> 
     </span>
    </p>
   </div>
   <div class='ocr_carea' id='block_1_84' title="bbox 2201 3741 3782 3815">
    <p class='ocr_par' dir='ltr' id='par_1_84' title="bbox 2201 3741 3782 3815">
     <span class='ocr_line' id='line_1_84' title="bbox 2201 3741 3782 3815; baseline -0.004 -17"><span class='ocrx_word' id='word_1_570' title='bbox 2201 3743 2300 3815; x_wconf 80' lang='grc' dir='ltr'><strong>τὴν</strong></span> <span class='ocrx_word' id='word_1_571' title='bbox 2343 3745 2573 3807; x_wconf 84' lang='grc' dir='ltr'><strong>Ἰωνίαν,</strong></span> <span class='ocrx_word' id='word_1_572' title='bbox 2625 3745 2722 3799; x_wconf 72' lang='grc' dir='ltr'><strong>καὶ</strong></span> <span class='ocrx_word' id='word_1_573' title='bbox 2773 3744 2828 3807; x_wconf 88' lang='grc' dir='ltr'><strong>ἐς</strong></span> <span class='ocrx_word' id='word_1_574' title='bbox 2883 3744 2974 3797; x_wconf 78' lang='grc' dir='ltr'><strong>τὸν</strong></span> <span class='ocrx_word' id='word_1_575' title='bbox 3033 3743 3454 3814; x_wconf 76' lang='grc' dir='ltr'><strong>Ἑλλήσποντον·</strong></span> <span class='ocrx_word' id='word_1_576' title='bbox 3510 3741 3641 3794; x_wconf 78' lang='grc' dir='ltr'><strong>ἔνθα</strong></span> <span class='ocrx_word' id='word_1_577' title='bbox 3706 3742 3782 3810; x_wconf 77' lang='grc' dir='ltr'><strong>δὴ</strong></span> 
     </span>
    </p>
   </div>
   <div class='ocr_carea' id='block_1_85' title="bbox 2202 3832 3783 3909">
    <p class='ocr_par' dir='ltr' id='par_1_85' title="bbox 2202 3832 3783 3909">
     <span class='ocr_line' id='line_1_85' title="bbox 2202 3832 3783 3909; baseline -0.003 -21"><span class='ocrx_word' id='word_1_578' title='bbox 2202 3836 2397 3891; x_wconf 75' lang='grc' dir='ltr'><strong>πολλαὶ</strong></span> <span class='ocrx_word' id='word_1_579' title='bbox 2444 3838 2543 3907; x_wconf 77' lang='grc' dir='ltr'><strong>μὲν</strong></span> <span class='ocrx_word' id='word_1_580' title='bbox 2575 3836 2760 3905; x_wconf 84' lang='grc' dir='ltr'><strong>κῶμαι</strong></span> <span class='ocrx_word' id='word_1_581' title='bbox 2792 3834 3109 3905; x_wconf 80' lang='grc' dir='ltr'><strong>ἐλήφθησαν</strong></span> <span class='ocrx_word' id='word_1_582' title='bbox 3132 3850 3147 3864; x_wconf 79' lang='grc'>⁶</span> <span class='ocrx_word' id='word_1_583' title='bbox 3183 3833 3499 3909; x_wconf 65' lang='grc' dir='ltr'><strong>πολίσματα</strong></span> <span class='ocrx_word' id='word_1_584' title='bbox 3532 3832 3589 3885; x_wconf 80' lang='grc' dir='ltr'><strong>δὲ</strong></span> <span class='ocrx_word' id='word_1_585' title='bbox 3632 3834 3783 3903; x_wconf 79' lang='grc' dir='ltr'><strong>ἠρη-</strong></span> 
     </span>
    </p>
   </div>
   <div class='ocr_carea' id='block_1_86' title="bbox 2204 3923 3786 3999">
    <p class='ocr_par' dir='ltr' id='par_1_86' title="bbox 2204 3923 3786 3999">
     <span class='ocr_line' id='line_1_86' title="bbox 2204 3923 3786 3999; baseline -0.003 -19"><span class='ocrx_word' id='word_1_586' title='bbox 2204 3926 2361 3999; x_wconf 85' lang='grc' dir='ltr'><strong>μώθη</strong></span> <span class='ocrx_word' id='word_1_587' title='bbox 2411 3928 2494 3981; x_wconf 84' lang='grc' dir='ltr'><strong>ὅτι</strong></span> <span class='ocrx_word' id='word_1_588' title='bbox 2545 3927 2798 3989; x_wconf 81' lang='grc' dir='ltr'><strong>πλεῖστα,</strong></span> <span class='ocrx_word' id='word_1_589' title='bbox 2825 3924 2935 3977; x_wconf 85' lang='grc' dir='ltr'><strong>τῶν</strong></span> <span class='ocrx_word' id='word_1_590' title='bbox 2970 3923 3328 3993; x_wconf 79' lang='grc' dir='ltr'><strong>ἱπποδρόμιον</strong></span> <span class='ocrx_word' id='word_1_591' title='bbox 3372 3923 3465 3976; x_wconf 86' lang='grc' dir='ltr'><strong>τοῦ</strong></span> <span class='ocrx_word' id='word_1_592' title='bbox 3500 3923 3786 3991; x_wconf 77' lang='grc' dir='ltr'><strong>Τεμήρεω</strong></span> 
     </span>
    </p>
   </div>
   <div class='ocr_carea' id='block_1_87' title="bbox 2202 4015 3783 4090">
    <p class='ocr_par' dir='ltr' id='par_1_87' title="bbox 2202 4015 3783 4090">
     <span class='ocr_line' id='line_1_87' title="bbox 2202 4015 3783 4090; baseline -0.006 -16"><span class='ocrx_word' id='word_1_593' title='bbox 2202 4020 2306 4074; x_wconf 77' lang='grc' dir='ltr'><strong>ἀνὰ</strong></span> <span class='ocrx_word' id='word_1_594' title='bbox 2357 4020 2455 4089; x_wconf 81' lang='grc' dir='ltr'><strong>τὴν</strong></span> <span class='ocrx_word' id='word_1_595' title='bbox 2487 4018 2673 4090; x_wconf 82' lang='grc' dir='ltr'><strong>χώραν</strong></span> <span class='ocrx_word' id='word_1_596' title='bbox 2722 4015 2817 4070; x_wconf 92' lang='grc' dir='ltr'><strong>τοῦ</strong></span> <span class='ocrx_word' id='word_1_597' title='bbox 2870 4016 3200 4086; x_wconf 78' lang='grc' dir='ltr'><strong>Παιαζήτεω</strong></span> <span class='ocrx_word' id='word_1_598' title='bbox 3242 4015 3565 4068; x_wconf 82' lang='grc' dir='ltr'><strong>διαθεόντων</strong></span> <span class='ocrx_word' id='word_1_599' title='bbox 3598 4016 3783 4067; x_wconf 83' lang='grc' dir='ltr'><strong>ἅπαν-</strong></span> 
     </span>
    </p>
   </div>
   <div class='ocr_carea' id='block_1_88' title="bbox 2200 4104 3783 4182">
    <p class='ocr_par' dir='ltr' id='par_1_88' title="bbox 2200 4104 3783 4182">
     <span class='ocr_line' id='line_1_88' title="bbox 2200 4104 3783 4182; baseline -0.007 -17"><span class='ocrx_word' id='word_1_600' title='bbox 2200 4112 2366 4182; x_wconf 83' lang='grc' dir='ltr'><strong>ταχῆ.</strong></span> <span class='ocrx_word' id='word_1_601' title='bbox 2414 4111 2548 4182; x_wconf 71' lang='grc' dir='ltr'><strong>Περὶ</strong></span> <span class='ocrx_word' id='word_1_602' title='bbox 2594 4110 2653 4164; x_wconf 86' lang='grc' dir='ltr'><strong>δέ</strong></span> <span class='ocrx_word' id='word_1_603' title='bbox 2703 4107 2797 4161; x_wconf 85' lang='grc' dir='ltr'><strong>τὸν</strong></span> <span class='ocrx_word' id='word_1_604' title='bbox 2842 4104 3159 4177; x_wconf 77' lang='grc' dir='ltr'><strong>Παιαζήτην</strong></span> <span class='ocrx_word' id='word_1_605' title='bbox 3206 4106 3408 4159; x_wconf 84' lang='grc' dir='ltr'><strong>τοιόνδε</strong></span> <span class='ocrx_word' id='word_1_606' title='bbox 3469 4104 3783 4176; x_wconf 75' lang='grc' dir='ltr'><strong>ξυνηνέχθη</strong></span> 
     </span>
    </p>
   </div>
   <div class='ocr_carea' id='block_1_89' title="bbox 2201 4190 3786 4270">
    <p class='ocr_par' dir='ltr' id='par_1_89' title="bbox 2201 4190 3786 4270">
     <span class='ocr_line' id='line_1_89' title="bbox 2201 4190 3786 4270; baseline -0.003 -16"><span class='ocrx_word' id='word_1_607' title='bbox 2201 4200 2474 4270; x_wconf 81' lang='grc' dir='ltr'><strong>γενέσθαι.</strong></span> <span class='ocrx_word' id='word_1_608' title='bbox 2515 4199 2606 4261; x_wconf 79' lang='lat'><strong>&#39;0;</strong></span> <span class='ocrx_word' id='word_1_609' title='bbox 2657 4198 2767 4268; x_wconf 72' lang='grc' dir='ltr'><strong>γὰρ</strong></span> <span class='ocrx_word' id='word_1_610' title='bbox 2824 4196 2939 4251; x_wconf 80' lang='grc' dir='ltr'><strong>ἔθει</strong></span> <span class='ocrx_word' id='word_1_611' title='bbox 2986 4196 3091 4250; x_wconf 77' lang='grc' dir='ltr'><strong>ἀνὰ</strong></span> <span class='ocrx_word' id='word_1_612' title='bbox 3138 4197 3339 4265; x_wconf 75' lang='grc' dir='ltr'><strong>κράτος</strong></span> <span class='ocrx_word' id='word_1_613' title='bbox 3393 4190 3585 4260; x_wconf 76' lang='grc' dir='ltr'><strong>οὗτος,</strong></span> <span class='ocrx_word' id='word_1_614' title='bbox 3643 4198 3786 4249; x_wconf 79' lang='grc' dir='ltr'><strong>ἐπέ-</strong></span> 
     </span>
    </p>
   </div>
   <div class='ocr_carea' id='block_1_90' title="bbox 2200 4287 3792 4359">
    <p class='ocr_par' dir='ltr' id='par_1_90' title="bbox 2200 4287 3792 4359">
     <span class='ocr_line' id='line_1_90' title="bbox 2200 4287 3792 4359; baseline -0.006 -13"><span class='ocrx_word' id='word_1_615' title='bbox 2200 4292 2383 4346; x_wconf 82' lang='grc' dir='ltr'><strong>κειντό</strong></span> <span class='ocrx_word' id='word_1_616' title='bbox 2427 4308 2487 4344; x_wconf 84' lang='grc' dir='ltr'><strong>τε</strong></span> <span class='ocrx_word' id='word_1_617' title='bbox 2529 4292 2624 4345; x_wconf 76' lang='grc' dir='ltr'><strong>καὶ</strong></span> <span class='ocrx_word' id='word_1_618' title='bbox 2672 4289 2979 4343; x_wconf 81' lang='grc' dir='ltr'><strong>ἀπεδίωκον</strong></span> <span class='ocrx_word' id='word_1_619' title='bbox 3032 4290 3080 4342; x_wconf 75' lang='grc' dir='ltr'><strong>οἱ</strong></span> <span class='ocrx_word' id='word_1_620' title='bbox 3114 4288 3503 4359; x_wconf 81' lang='grc' dir='ltr'><strong>Τζαχατάῖδες,</strong></span> <span class='ocrx_word' id='word_1_621' title='bbox 3537 4287 3792 4356; x_wconf 62' lang='grc' dir='ltr'><strong>ἁμιλλῶ.</strong></span> 
     </span>
    </p>
   </div>
   <div class='ocr_carea' id='block_1_91' title="bbox 2203 4379 3791 4456">
    <p class='ocr_par' dir='ltr' id='par_1_91' title="bbox 2203 4379 3791 4456">
     <span class='ocr_line' id='line_1_91' title="bbox 2203 4379 3791 4456; baseline -0.004 -19"><span class='ocrx_word' id='word_1_622' title='bbox 2203 4402 2355 4456; x_wconf 87' lang='grc' dir='ltr'><strong>μενοι</strong></span> <span class='ocrx_word' id='word_1_623' title='bbox 2404 4383 2545 4436; x_wconf 82' lang='grc' dir='ltr'><strong>ἑλεῖν</strong></span> <span class='ocrx_word' id='word_1_624' title='bbox 2581 4380 2767 4435; x_wconf 81' lang='grc' dir='ltr'><strong>αὐτόν.</strong></span> <span class='ocrx_word' id='word_1_625' title='bbox 2795 4381 2903 4433; x_wconf 78' lang='grc' dir='ltr'><strong>Καὶ</strong></span> <span class='ocrx_word' id='word_1_626' title='bbox 2950 4379 3089 4432; x_wconf 74' lang='grc' dir='ltr'><strong>πολὺ</strong></span> <span class='ocrx_word' id='word_1_627' title='bbox 3130 4382 3230 4450; x_wconf 86' lang='grc' dir='ltr'><strong>μέν</strong></span> <span class='ocrx_word' id='word_1_628' title='bbox 3273 4381 3639 4449; x_wconf 81' lang='grc' dir='ltr'><strong>προήλαυνεν.</strong></span> <span class='ocrx_word' id='word_1_629' title='bbox 3670 4380 3791 4431; x_wconf 59' lang='lat' dir='ltr'><strong>ac;</strong></span> 
     </span>
    </p>
   </div>
   <div class='ocr_carea' id='block_1_92' title="bbox 521 4468 2098 4547">
    <p class='ocr_par' dir='ltr' id='par_1_92' title="bbox 521 4471 2093 4545">
     <span class='ocr_line' id='line_1_92' title="bbox 521 4471 2093 4545; baseline -0.001 -17"><span class='ocrx_word' id='word_1_630' title='bbox 521 4484 582 4528; x_wconf 89' lang='lat' dir='ltr'><strong>ut</strong></span> <span class='ocrx_word' id='word_1_631' title='bbox 623 4476 717 4545; x_wconf 90' lang='lat' dir='ltr'><strong>qui</strong></span> <span class='ocrx_word' id='word_1_632' title='bbox 765 4475 1119 4531; x_wconf 87' lang='lat' dir='ltr'><strong>velocissima</strong></span> <span class='ocrx_word' id='word_1_633' title='bbox 1168 4473 1466 4528; x_wconf 87' lang='lat' dir='ltr'><strong>veheretur</strong></span> <span class='ocrx_word' id='word_1_634' title='bbox 1509 4487 1671 4542; x_wconf 89' lang='lat' dir='ltr'><strong>equa.</strong></span> <span class='ocrx_word' id='word_1_635' title='bbox 1720 4471 1915 4528; x_wconf 79' lang='lat' dir='ltr'><strong>Postea</strong></span> <span class='ocrx_word' id='word_1_636' title='bbox 1968 4488 2093 4527; x_wconf 88' lang='lat' dir='ltr'><strong>cum</strong></span> 
     </span>
    </p>
   </div>
   <div class='ocr_carea' id='block_1_93' title="bbox 2200 4468 3796 4547">
    <p class='ocr_par' dir='ltr' id='par_1_93' title="bbox 2200 4468 3796 4540">
     <span class='ocr_line' id='line_1_93' title="bbox 2200 4468 3796 4540; baseline -0.003 -14"><span class='ocrx_word' id='word_1_637' title='bbox 2200 4473 2290 4527; x_wconf 67' lang='lat' dir='ltr'><strong>tiri.</strong></span> <span class='ocrx_word' id='word_1_638' title='bbox 2319 4472 2474 4539; x_wconf 86' lang='grc' dir='ltr'><strong>ἵππῳ</strong></span> <span class='ocrx_word' id='word_1_639' title='bbox 2495 4468 2785 4540; x_wconf 84' lang='grc' dir='ltr'><strong>ταχυτάτῳ</strong></span> <span class='ocrx_word' id='word_1_640' title='bbox 2812 4469 3213 4538; x_wconf 80' lang='grc' dir='ltr'><strong>ἐπιφερόμενος</strong></span> <span class='ocrx_word' id='word_1_641' title='bbox 3234 4486 3251 4502; x_wconf 68' lang='grc' dir='ltr'>θ</span> <span class='ocrx_word' id='word_1_642' title='bbox 3290 4469 3428 4538; x_wconf 84' lang='grc' dir='ltr'><strong>μετὰ</strong></span> <span class='ocrx_word' id='word_1_643' title='bbox 3467 4469 3524 4519; x_wconf 78' lang='grc' dir='ltr'><strong>δὲ</strong></span> <span class='ocrx_word' id='word_1_644' title='bbox 3571 4468 3646 4529; x_wconf 82' lang='grc' dir='ltr'><strong>ὡς</strong></span> <span class='ocrx_word' id='word_1_645' title='bbox 3677 4469 3796 4522; x_wconf 63' lang='grc' dir='ltr'><strong>ἐπὶ</strong></span> 
     </span>
    </p>
   </div>
   <div class='ocr_carea' id='block_1_94' title="bbox 522 4564 2082 4635">
    <p class='ocr_par' dir='ltr' id='par_1_94' title="bbox 522 4564 2082 4635">
     <span class='ocr_line' id='line_1_94' title="bbox 522 4564 2082 4635; baseline -0.002 -13"><span class='ocrx_word' id='word_1_646' title='bbox 522 4570 663 4623; x_wconf 87' lang='lat' dir='ltr'><strong>forte</strong></span> <span class='ocrx_word' id='word_1_647' title='bbox 691 4569 928 4623; x_wconf 86' lang='lat' dir='ltr'><strong>venisset</strong></span> <span class='ocrx_word' id='word_1_648' title='bbox 960 4568 1027 4621; x_wconf 85' lang='lat' dir='ltr'><strong>ad</strong></span> <span class='ocrx_word' id='word_1_649' title='bbox 1058 4566 1283 4630; x_wconf 82' lang='lat' dir='ltr'><strong>flumen,</strong></span> <span class='ocrx_word' id='word_1_650' title='bbox 1319 4580 1457 4635; x_wconf 92' lang='lat' dir='ltr'><strong>equa</strong></span> <span class='ocrx_word' id='word_1_651' title='bbox 1487 4565 1832 4621; x_wconf 86' lang='lat' dir='ltr'><strong>intoleranda</strong></span> <span class='ocrx_word' id='word_1_652' title='bbox 1855 4564 1944 4621; x_wconf 91' lang='lat' dir='ltr'><strong>siti</strong></span> <span class='ocrx_word' id='word_1_653' title='bbox 1979 4566 2082 4623; x_wconf 86' lang='lat' dir='ltr'><strong>sti-</strong></span> 
     </span>
    </p>
   </div>
   <div class='ocr_carea' id='block_1_95' title="bbox 520 4654 2093 4728">
    <p class='ocr_par' dir='ltr' id='par_1_95' title="bbox 520 4654 2093 4728">
     <span class='ocr_line' id='line_1_95' title="bbox 520 4654 2093 4728; baseline 0.001 -17"><span class='ocrx_word' id='word_1_654' title='bbox 520 4658 725 4712; x_wconf 87' lang='lat' dir='ltr'><strong>mulata</strong></span> <span class='ocrx_word' id='word_1_655' title='bbox 757 4655 948 4711; x_wconf 89' lang='lat' dir='ltr'><strong>bibere</strong></span> <span class='ocrx_word' id='word_1_656' title='bbox 988 4656 1270 4725; x_wconf 90' lang='lat' dir='ltr'><strong>cupiebat.</strong></span> <span class='ocrx_word' id='word_1_657' title='bbox 1305 4654 1580 4724; x_wconf 83' lang='lat' dir='ltr'><strong>Pajazites</strong></span> <span class='ocrx_word' id='word_1_658' title='bbox 1618 4667 1799 4710; x_wconf 85' lang='lat' dir='ltr'><strong>autem</strong></span> <span class='ocrx_word' id='word_1_659' title='bbox 1841 4657 2093 4728; x_wconf 88' lang='lat' dir='ltr'><strong>cbiragra</strong></span> 
     </span>
    </p>
   </div>
   <div class='ocr_carea' id='block_1_96' title="bbox 519 4742 2091 4815">
    <p class='ocr_par' dir='ltr' id='par_1_96' title="bbox 519 4742 2091 4815">
     <span class='ocr_line' id='line_1_96' title="bbox 519 4742 2091 4815; baseline -0.002 -14"><span class='ocrx_word' id='word_1_660' title='bbox 519 4755 574 4801; x_wconf 88' lang='lat' dir='ltr'><strong>ct</strong></span> <span class='ocrx_word' id='word_1_661' title='bbox 602 4746 843 4815; x_wconf 82' lang='lat' dir='ltr'><strong>podagra</strong></span> <span class='ocrx_word' id='word_1_662' title='bbox 884 4745 1206 4815; x_wconf 81' lang='lat' dir='ltr'><strong>gravissime</strong></span> <span class='ocrx_word' id='word_1_663' title='bbox 1239 4743 1542 4799; x_wconf 87' lang='lat' dir='ltr'><strong>laborabat.</strong></span> <span class='ocrx_word' id='word_1_664' title='bbox 1578 4742 1812 4799; x_wconf 88' lang='lat' dir='ltr'><strong>Proinde</strong></span> <span class='ocrx_word' id='word_1_665' title='bbox 1835 4759 2026 4814; x_wconf 88' lang='lat' dir='ltr'><strong>equam</strong></span> <span class='ocrx_word' id='word_1_666' title='bbox 2061 4761 2091 4798; x_wconf 88' lang='lat' dir='ltr'><strong>a</strong></span> 
     </span>
    </p>
   </div>
   <div class='ocr_carea' id='block_1_97' title="bbox 521 4835 2095 4908">
    <p class='ocr_par' dir='ltr' id='par_1_97' title="bbox 521 4835 2095 4908">
     <span class='ocr_line' id='line_1_97' title="bbox 521 4835 2095 4908; baseline 0.002 -19"><span class='ocrx_word' id='word_1_667' title='bbox 521 4836 743 4907; x_wconf 88' lang='lat' dir='ltr'><strong>potandi</strong></span> <span class='ocrx_word' id='word_1_668' title='bbox 766 4837 1025 4907; x_wconf 87' lang='lat' dir='ltr'><strong>cupidine</strong></span> <span class='ocrx_word' id='word_1_669' title='bbox 1049 4836 1299 4892; x_wconf 89' lang='lat' dir='ltr'><strong>inhibere</strong></span> <span class='ocrx_word' id='word_1_670' title='bbox 1323 4837 1464 4891; x_wconf 87' lang='lat' dir='ltr'><strong>haud</strong></span> <span class='ocrx_word' id='word_1_671' title='bbox 1490 4844 1720 4907; x_wconf 89' lang='lat' dir='ltr'><strong>poterat.</strong></span> <span class='ocrx_word' id='word_1_672' title='bbox 1747 4835 1898 4907; x_wconf 86' lang='lat' dir='ltr'><strong>Equa</strong></span> <span class='ocrx_word' id='word_1_673' title='bbox 1925 4838 2095 4908; x_wconf 84' lang='lat' dir='ltr'><strong>igitur</strong></span> 
     </span>
    </p>
   </div>
   <div class='ocr_carea' id='block_1_98' title="bbox 519 4915 2089 4999">
    <p class='ocr_par' dir='ltr' id='par_1_98' title="bbox 519 4915 2089 4999">
     <span class='ocr_line' id='line_1_98' title="bbox 519 4915 2089 4999; baseline 0.001 -18"><span class='ocrx_word' id='word_1_674' title='bbox 519 4936 578 4981; x_wconf 92' lang='lat' dir='ltr'><strong>ut</strong></span> <span class='ocrx_word' id='word_1_675' title='bbox 610 4915 770 4995; x_wconf 85' lang='lat' dir='ltr'><strong>bibit,</strong></span> <span class='ocrx_word' id='word_1_676' title='bbox 804 4942 996 4999; x_wconf 89' lang='lat' dir='ltr'><strong>parum</strong></span> <span class='ocrx_word' id='word_1_677' title='bbox 1032 4927 1325 4995; x_wconf 88' lang='lat' dir='ltr'><strong>dissoluta,</strong></span> <span class='ocrx_word' id='word_1_678' title='bbox 1354 4928 1607 4983; x_wconf 89' lang='lat' dir='ltr'><strong>nonnihil</strong></span> <span class='ocrx_word' id='word_1_679' title='bbox 1643 4927 1710 4982; x_wconf 87' lang='lat' dir='ltr'><strong>de</strong></span> <span class='ocrx_word' id='word_1_680' title='bbox 1741 4942 1939 4984; x_wconf 91' lang='lat' dir='ltr'><strong>cursus</strong></span> <span class='ocrx_word' id='word_1_681' title='bbox 1963 4942 2089 4997; x_wconf 90' lang='lat' dir='ltr'><strong>per-</strong></span> 
     </span>
    </p>
   </div>
   <div class='ocr_carea' id='block_1_99' title="bbox 520 5018 2091 5088">
    <p class='ocr_par' dir='ltr' id='par_1_99' title="bbox 520 5018 2091 5088">
     <span class='ocr_line' id='line_1_99' title="bbox 520 5018 2091 5088; baseline 0.002 -16"><span class='ocrx_word' id='word_1_682' title='bbox 520 5018 742 5073; x_wconf 89' lang='lat' dir='ltr'><strong>nicitate</strong></span> <span class='ocrx_word' id='word_1_683' title='bbox 785 5018 1021 5083; x_wconf 90' lang='lat' dir='ltr'><strong>remisit,</strong></span> <span class='ocrx_word' id='word_1_684' title='bbox 1077 5018 1216 5074; x_wconf 88' lang='lat' dir='ltr'><strong>adeo</strong></span> <span class='ocrx_word' id='word_1_685' title='bbox 1252 5028 1313 5074; x_wconf 89' lang='lat' dir='ltr'><strong>ut</strong></span> <span class='ocrx_word' id='word_1_686' title='bbox 1351 5019 1552 5074; x_wconf 89' lang='lat' dir='ltr'><strong>milites</strong></span> <span class='ocrx_word' id='word_1_687' title='bbox 1583 5018 1819 5074; x_wconf 86' lang='lat' dir='ltr'><strong>Temiris</strong></span> <span class='ocrx_word' id='word_1_688' title='bbox 1850 5018 2091 5088; x_wconf 82' lang='lat' dir='ltr'><strong>Pajazite</strong></span> 
     </span>
    </p>
   </div>
   <div class='ocr_carea' id='block_1_100' title="bbox 520 5112 2091 5182">
    <p class='ocr_par' dir='ltr' id='par_1_100' title="bbox 520 5112 2091 5182">
     <span class='ocr_line' id='line_1_100' title="bbox 520 5112 2091 5182; baseline 0.003 -21"><span class='ocrx_word' id='word_1_689' title='bbox 520 5112 851 5179; x_wconf 80' lang='lat' dir='ltr'><strong>potirentur,</strong></span> <span class='ocrx_word' id='word_1_690' title='bbox 882 5121 1210 5182; x_wconf 85' lang='lat' dir='ltr'><strong>captumque</strong></span> <span class='ocrx_word' id='word_1_691' title='bbox 1241 5113 1308 5167; x_wconf 86' lang='lat' dir='ltr'><strong>ad</strong></span> <span class='ocrx_word' id='word_1_692' title='bbox 1356 5128 1516 5166; x_wconf 88' lang='lat' dir='ltr'><strong>suum</strong></span> <span class='ocrx_word' id='word_1_693' title='bbox 1561 5127 1746 5181; x_wconf 70' lang='lat' dir='ltr'><strong>regem</strong></span> <span class='ocrx_word' id='word_1_694' title='bbox 1783 5113 2091 5166; x_wconf 82' lang='lat' dir='ltr'><strong>traherent.</strong></span> 
     </span>
    </p>
   </div>
   <div class='ocr_carea' id='block_1_101' title="bbox 520 5200 2089 5273">
    <p class='ocr_par' dir='ltr' id='par_1_101' title="bbox 520 5200 2089 5273">
     <span class='ocr_line' id='line_1_101' title="bbox 520 5200 2089 5273; baseline 0.003 -21"><span class='ocrx_word' id='word_1_695' title='bbox 520 5200 577 5255; x_wconf 90' lang='lat' dir='ltr'><strong>lu</strong></span> <span class='ocrx_word' id='word_1_696' title='bbox 609 5202 711 5258; x_wconf 92' lang='lat' dir='ltr'><strong>hoc</strong></span> <span class='ocrx_word' id='word_1_697' title='bbox 753 5204 940 5273; x_wconf 68' lang='lat' dir='ltr'><strong>praclio</strong></span> <span class='ocrx_word' id='word_1_698' title='bbox 979 5214 1174 5271; x_wconf 90' lang='lat' dir='ltr'><strong>captus</strong></span> <span class='ocrx_word' id='word_1_699' title='bbox 1191 5212 1275 5257; x_wconf 90' lang='lat' dir='ltr'><strong>est</strong></span> <span class='ocrx_word' id='word_1_700' title='bbox 1304 5203 1520 5258; x_wconf 63' lang='lat' dir='ltr'><strong>Moses:</strong></span> <span class='ocrx_word' id='word_1_701' title='bbox 1556 5203 1701 5273; x_wconf 89' lang='lat' dir='ltr'><strong>capti</strong></span> <span class='ocrx_word' id='word_1_702' title='bbox 1738 5211 1867 5258; x_wconf 90' lang='lat' dir='ltr'><strong>sunt</strong></span> <span class='ocrx_word' id='word_1_703' title='bbox 1894 5202 2089 5271; x_wconf 83' lang='lat' dir='ltr'><strong>reliqui</strong></span> 
     </span>
    </p>
   </div>
   <div class='ocr_carea' id='block_1_102' title="bbox 516 5292 2090 5365">
    <p class='ocr_par' dir='ltr' id='par_1_102' title="bbox 516 5292 2090 5365">
     <span class='ocr_line' id='line_1_102' title="bbox 516 5292 2090 5365; baseline -0.001 -20"><span class='ocrx_word' id='word_1_704' title='bbox 516 5309 654 5360; x_wconf 81' lang='lat' dir='ltr'><strong>pene</strong></span> <span class='ocrx_word' id='word_1_705' title='bbox 674 5310 865 5349; x_wconf 85' lang='lat' dir='ltr'><strong>omnes</strong></span> <span class='ocrx_word' id='word_1_706' title='bbox 898 5294 1156 5365; x_wconf 82' lang='lat' dir='ltr'><strong>Pajazitis</strong></span> <span class='ocrx_word' id='word_1_707' title='bbox 1191 5294 1381 5349; x_wconf 86' lang='lat' dir='ltr'><strong>duces.</strong></span> <span class='ocrx_word' id='word_1_708' title='bbox 1416 5292 1527 5349; x_wconf 56' lang='lat' dir='ltr'><strong>Nec</strong></span> <span class='ocrx_word' id='word_1_709' title='bbox 1557 5303 1739 5348; x_wconf 85' lang='lat' dir='ltr'><strong>tamen</strong></span> <span class='ocrx_word' id='word_1_710' title='bbox 1789 5293 2090 5364; x_wconf 87' lang='lat' dir='ltr'><strong>quidquam</strong></span> 
     </span>
    </p>
   </div>
   <div class='ocr_carea' id='block_1_103' title="bbox 518 5383 2081 5455">
    <p class='ocr_par' dir='ltr' id='par_1_103' title="bbox 518 5383 2081 5455">
     <span class='ocr_line' id='line_1_103' title="bbox 518 5383 2081 5455; baseline 0 -17"><span class='ocrx_word' id='word_1_711' title='bbox 518 5386 747 5454; x_wconf 86' lang='lat' dir='ltr'><strong>periculi</strong></span> <span class='ocrx_word' id='word_1_712' title='bbox 772 5388 916 5455; x_wconf 69' lang='lat' dir='ltr'><strong>passi</strong></span> <span class='ocrx_word' id='word_1_713' title='bbox 943 5397 1093 5451; x_wconf 86' lang='lat' dir='ltr'><strong>sunt,</strong></span> <span class='ocrx_word' id='word_1_714' title='bbox 1125 5385 1227 5440; x_wconf 90' lang='lat' dir='ltr'><strong>nisi</strong></span> <span class='ocrx_word' id='word_1_715' title='bbox 1255 5388 1398 5453; x_wconf 87' lang='lat' dir='ltr'><strong>quod</strong></span> <span class='ocrx_word' id='word_1_716' title='bbox 1424 5386 1667 5440; x_wconf 64' lang='lat' dir='ltr'><strong>vestibus</strong></span> <span class='ocrx_word' id='word_1_717' title='bbox 1694 5395 1823 5439; x_wconf 82' lang='lat' dir='ltr'><strong>sunt</strong></span> <span class='ocrx_word' id='word_1_718' title='bbox 1840 5383 2081 5452; x_wconf 86' lang='lat' dir='ltr'><strong>spoliati.</strong></span> 
     </span>
    </p>
   </div>
   <div class='ocr_carea' id='block_1_104' title="bbox 518 5476 2084 5546">
    <p class='ocr_par' dir='ltr' id='par_1_104' title="bbox 518 5476 2084 5546">
     <span class='ocr_line' id='line_1_104' title="bbox 518 5476 2084 5546; baseline -0.003 -15"><span class='ocrx_word' id='word_1_719' title='bbox 518 5478 734 5532; x_wconf 75' lang='lat' dir='ltr'><strong>Etenim</strong></span> <span class='ocrx_word' id='word_1_720' title='bbox 784 5477 963 5532; x_wconf 82' lang='lat' dir='ltr'><strong>Moses</strong></span> <span class='ocrx_word' id='word_1_721' title='bbox 1011 5478 1303 5531; x_wconf 80' lang='lat' dir='ltr'><strong>videbatur</strong></span> <span class='ocrx_word' id='word_1_722' title='bbox 1337 5478 1561 5546; x_wconf 83' lang='lat' dir='ltr'><strong>reliquis</strong></span> <span class='ocrx_word' id='word_1_723' title='bbox 1613 5476 1963 5544; x_wconf 66' lang='lat' dir='ltr'><strong>pra&#39;Stantior</strong></span> <span class='ocrx_word' id='word_1_724' title='bbox 2000 5489 2084 5526; x_wconf 83' lang='lat' dir='ltr'><strong>ru-</strong></span> 
     </span>
    </p>
   </div>
   <div class='ocr_carea' id='block_1_105' title="bbox 2192 4557 3795 4633">
    <p class='ocr_par' dir='ltr' id='par_1_105' title="bbox 2192 4557 3795 4633">
     <span class='ocr_line' id='line_1_105' title="bbox 2192 4557 3795 4633; baseline -0.003 -15"><span class='ocrx_word' id='word_1_725' title='bbox 2192 4565 2284 4619; x_wconf 82' lang='grc' dir='ltr'><strong>τδν</strong></span> <span class='ocrx_word' id='word_1_726' title='bbox 2309 4563 2559 4633; x_wconf 86' lang='grc' dir='ltr'><strong>ποταμὸν</strong></span> <span class='ocrx_word' id='word_1_727' title='bbox 2587 4562 2840 4630; x_wconf 83' lang='grc' dir='ltr'><strong>ἀφίκετο,</strong></span> <span class='ocrx_word' id='word_1_728' title='bbox 2868 4561 2969 4632; x_wconf 77' lang='grc' dir='ltr'><strong>τὴν</strong></span> <span class='ocrx_word' id='word_1_729' title='bbox 2996 4559 3169 4613; x_wconf 81' lang='grc' dir='ltr'><strong>ἵππον</strong></span> <span class='ocrx_word' id='word_1_730' title='bbox 3200 4561 3419 4626; x_wconf 79' lang='grc' dir='ltr'><strong>λέγουσι</strong></span> <span class='ocrx_word' id='word_1_731' title='bbox 3450 4557 3795 4628; x_wconf 80' lang='grc' dir='ltr'><strong>διψήσασαν</strong></span> 
     </span>
    </p>
   </div>
   <div class='ocr_carea' id='block_1_106' title="bbox 2192 4647 3799 4728">
    <p class='ocr_par' dir='ltr' id='par_1_106' title="bbox 2192 4647 3799 4728">
     <span class='ocr_line' id='line_1_106' title="bbox 2192 4647 3799 4728; baseline -0.006 -16"><span class='ocrx_word' id='word_1_732' title='bbox 2192 4656 2499 4728; x_wconf 81' lang='grc' dir='ltr'><strong>καρτερῶς.</strong></span> <span class='ocrx_word' id='word_1_733' title='bbox 2530 4653 2784 4725; x_wconf 83' lang='grc' dir='ltr'><strong>ἐθελῆσαι</strong></span> <span class='ocrx_word' id='word_1_734' title='bbox 2830 4653 2929 4707; x_wconf 88' lang='grc' dir='ltr'><strong>τοῦ</strong></span> <span class='ocrx_word' id='word_1_735' title='bbox 3004 4651 3218 4713; x_wconf 76' lang='grc' dir='ltr'><strong>ὓδατος.</strong></span> <span class='ocrx_word' id='word_1_736' title='bbox 3277 4647 3597 4717; x_wconf 75' lang='grc' dir='ltr'><strong>Παιαζήτης</strong></span> <span class='ocrx_word' id='word_1_737' title='bbox 3656 4652 3799 4721; x_wconf 81' lang='grc' dir='ltr'><strong>γὰρ</strong></span> 
     </span>
    </p>
   </div>
   <div class='ocr_carea' id='block_1_107' title="bbox 2192 4739 3801 4816">
    <p class='ocr_par' dir='ltr' id='par_1_107' title="bbox 2192 4739 3801 4816">
     <span class='ocr_line' id='line_1_107' title="bbox 2192 4739 3801 4816; baseline -0.007 -13"><span class='ocrx_word' id='word_1_738' title='bbox 2192 4751 2365 4804; x_wconf 85' lang='grc' dir='ltr'><strong>ἐνόσει</strong></span> <span class='ocrx_word' id='word_1_739' title='bbox 2409 4745 2487 4800; x_wconf 87' lang='grc' dir='ltr'><strong>τὼ</strong></span> <span class='ocrx_word' id='word_1_740' title='bbox 2528 4748 2676 4816; x_wconf 79' lang='grc' dir='ltr'><strong>χεῖρε</strong></span> <span class='ocrx_word' id='word_1_741' title='bbox 2736 4745 2834 4799; x_wconf 74' lang='grc' dir='ltr'><strong>καὶ</strong></span> <span class='ocrx_word' id='word_1_742' title='bbox 2886 4741 2966 4797; x_wconf 85' lang='grc' dir='ltr'><strong>τὼ</strong></span> <span class='ocrx_word' id='word_1_743' title='bbox 2999 4742 3129 4795; x_wconf 84' lang='grc' dir='ltr'><strong>πόδε</strong></span> <span class='ocrx_word' id='word_1_744' title='bbox 3175 4739 3279 4793; x_wconf 72' lang='grc' dir='ltr'><strong>ὑπὸ</strong></span> <span class='ocrx_word' id='word_1_745' title='bbox 3335 4740 3637 4810; x_wconf 72' lang='grc' dir='ltr'><strong>ποδάγρας,</strong></span> <span class='ocrx_word' id='word_1_746' title='bbox 3673 4746 3801 4797; x_wconf 75' lang='grc' dir='ltr'><strong>καὶ</strong></span> 
     </span>
    </p>
   </div>
   <div class='ocr_carea' id='block_1_108' title="bbox 2193 4830 3799 4909">
    <p class='ocr_par' dir='ltr' id='par_1_108' title="bbox 2193 4830 3799 4909">
     <span class='ocr_line' id='line_1_108' title="bbox 2193 4830 3799 4909; baseline -0.006 -15"><span class='ocrx_word' id='word_1_747' title='bbox 2193 4842 2488 4909; x_wconf 80' lang='grc' dir='ltr'><strong>κατασχεῖν</strong></span> <span class='ocrx_word' id='word_1_748' title='bbox 2536 4840 2637 4909; x_wconf 79' lang='grc' dir='ltr'><strong>οὐχ</strong></span> <span class='ocrx_word' id='word_1_749' title='bbox 2689 4833 2802 4899; x_wconf 81' lang='grc' dir='ltr'><strong>οἷός</strong></span> <span class='ocrx_word' id='word_1_750' title='bbox 2833 4852 2890 4888; x_wconf 85' lang='grc' dir='ltr'><strong>τε</strong></span> <span class='ocrx_word' id='word_1_751' title='bbox 2931 4834 3170 4903; x_wconf 78' lang='grc' dir='ltr'><strong>ἐγένετο.</strong></span> <span class='ocrx_word' id='word_1_752' title='bbox 3217 4830 3486 4884; x_wconf 79' lang='grc' dir='ltr'><strong>Ἐνταῦθα</strong></span> <span class='ocrx_word' id='word_1_753' title='bbox 3519 4831 3585 4902; x_wconf 76' lang='grc' dir='ltr'><strong>δὴ</strong></span> <span class='ocrx_word' id='word_1_754' title='bbox 3634 4832 3799 4885; x_wconf 79' lang='grc' dir='ltr'><strong>ὐπο-</strong></span> 
     </span>
    </p>
   </div>
   <div class='ocr_carea' id='block_1_109' title="bbox 2194 4921 3797 5001">
    <p class='ocr_par' dir='ltr' id='par_1_109' title="bbox 2194 4921 3797 5001">
     <span class='ocr_line' id='line_1_109' title="bbox 2194 4921 3797 5001; baseline -0.005 -18"><span class='ocrx_word' id='word_1_755' title='bbox 2194 4931 2427 5001; x_wconf 83' lang='grc' dir='ltr'><strong>χαλὰσαι</strong></span> <span class='ocrx_word' id='word_1_756' title='bbox 2460 4929 2559 4997; x_wconf 78' lang='grc' dir='ltr'><strong>τὴν</strong></span> <span class='ocrx_word' id='word_1_757' title='bbox 2599 4929 2762 4980; x_wconf 83' lang='grc' dir='ltr'><strong>ῐππον</strong></span> <span class='ocrx_word' id='word_1_758' title='bbox 2811 4924 2916 4979; x_wconf 71' lang='grc' dir='ltr'><strong>ὑπὸ</strong></span> <span class='ocrx_word' id='word_1_759' title='bbox 2964 4921 3058 4976; x_wconf 91' lang='grc' dir='ltr'><strong>τοῦ</strong></span> <span class='ocrx_word' id='word_1_760' title='bbox 3105 4921 3321 4984; x_wconf 80' lang='grc' dir='ltr'><strong>ὓδατος,</strong></span> <span class='ocrx_word' id='word_1_761' title='bbox 3354 4924 3449 4974; x_wconf 69' lang='grc' dir='ltr'><strong>καὶ</strong></span> <span class='ocrx_word' id='word_1_762' title='bbox 3479 4921 3797 4990; x_wconf 70' lang='grc' dir='ltr'><strong>λειφθῆναι</strong></span> 
     </span>
    </p>
   </div>
   <div class='ocr_carea' id='block_1_110' title="bbox 2192 5008 3802 5086">
    <p class='ocr_par' dir='ltr' id='par_1_110' title="bbox 2192 5008 3802 5086">
     <span class='ocr_line' id='line_1_110' title="bbox 2192 5008 3802 5086; baseline -0.011 -14"><span class='ocrx_word' id='word_1_763' title='bbox 2192 5019 2287 5072; x_wconf 89' lang='grc' dir='ltr'><strong>τοῦ</strong></span> <span class='ocrx_word' id='word_1_764' title='bbox 2313 5017 2540 5086; x_wconf 78' lang='grc' dir='ltr'><strong>δρόμου,</strong></span> <span class='ocrx_word' id='word_1_765' title='bbox 2572 5015 2711 5068; x_wconf 86' lang='grc' dir='ltr'><strong>ὥστε</strong></span> <span class='ocrx_word' id='word_1_766' title='bbox 2763 5014 2887 5075; x_wconf 80' lang='grc' dir='ltr'><strong>τοὺς</strong></span> <span class='ocrx_word' id='word_1_767' title='bbox 2920 5008 3258 5081; x_wconf 80' lang='grc' dir='ltr'><strong>στρατιώτας</strong></span> <span class='ocrx_word' id='word_1_768' title='bbox 3293 5010 3522 5081; x_wconf 77' lang='grc' dir='ltr'><strong>Τεμήρη</strong></span> <span class='ocrx_word' id='word_1_769' title='bbox 3574 5009 3802 5066; x_wconf 75' lang='grc' dir='ltr'><strong>συλλα-</strong></span> 
     </span>
    </p>
   </div>
   <div class='ocr_carea' id='block_1_111' title="bbox 2194 5100 3799 5175">
    <p class='ocr_par' dir='ltr' id='par_1_111' title="bbox 2194 5100 3799 5175">
     <span class='ocr_line' id='line_1_111' title="bbox 2194 5100 3799 5175; baseline -0.006 -13"><span class='ocrx_word' id='word_1_770' title='bbox 2194 5110 2309 5162; x_wconf 86' lang='grc' dir='ltr'><strong>ϐεῖν</strong></span> <span class='ocrx_word' id='word_1_771' title='bbox 2358 5124 2419 5160; x_wconf 87' lang='grc' dir='ltr'><strong>τε</strong></span> <span class='ocrx_word' id='word_1_772' title='bbox 2476 5106 2815 5175; x_wconf 78' lang='grc' dir='ltr'><strong>Παιαζήτην,</strong></span> <span class='ocrx_word' id='word_1_773' title='bbox 2875 5101 2971 5155; x_wconf 74' lang='grc' dir='ltr'><strong>καὶ</strong></span> <span class='ocrx_word' id='word_1_774' title='bbox 3031 5102 3264 5169; x_wconf 87' lang='grc' dir='ltr'><strong>ἀγαγεῖν</strong></span> <span class='ocrx_word' id='word_1_775' title='bbox 3324 5104 3477 5171; x_wconf 78' lang='grc' dir='ltr'><strong>παρὰ</strong></span> <span class='ocrx_word' id='word_1_776' title='bbox 3538 5100 3799 5169; x_wconf 77' lang='grc' dir='ltr'><strong>βασιλέα</strong></span> 
     </span>
    </p>
   </div>
   <div class='ocr_carea' id='block_1_112' title="bbox 2195 5192 3803 5271">
    <p class='ocr_par' dir='ltr' id='par_1_112' title="bbox 2195 5192 3803 5271">
     <span class='ocr_line' id='line_1_112' title="bbox 2195 5192 3803 5271; baseline -0.006 -16"><span class='ocrx_word' id='word_1_777' title='bbox 2195 5202 2477 5271; x_wconf 82' lang='grc' dir='ltr'><strong>Τεμὴρην.</strong></span> <span class='ocrx_word' id='word_1_778' title='bbox 2521 5198 2800 5251; x_wconf 82' lang='grc' dir='ltr'><strong>Ἐἀλωσαν</strong></span> <span class='ocrx_word' id='word_1_779' title='bbox 2828 5195 2926 5264; x_wconf 76' lang='grc' dir='ltr'><strong>μὲν</strong></span> <span class='ocrx_word' id='word_1_780' title='bbox 2951 5192 3045 5247; x_wconf 82' lang='grc' dir='ltr'><strong>οὖν</strong></span> <span class='ocrx_word' id='word_1_781' title='bbox 3079 5195 3135 5247; x_wconf 84' lang='grc' dir='ltr'><strong>ὲν</strong></span> <span class='ocrx_word' id='word_1_782' title='bbox 3167 5196 3343 5263; x_wconf 78' lang='grc' dir='ltr'><strong>ταύτῃ</strong></span> <span class='ocrx_word' id='word_1_783' title='bbox 3394 5194 3459 5263; x_wconf 79' lang='grc' dir='ltr'><strong>τῇ</strong></span> <span class='ocrx_word' id='word_1_784' title='bbox 3493 5192 3642 5263; x_wconf 80' lang='grc' dir='ltr'><strong>μάχῃ</strong></span> <span class='ocrx_word' id='word_1_785' title='bbox 3670 5195 3803 5249; x_wconf 73' lang='grc' dir='ltr'><strong>καὶ</strong></span> 
     </span>
    </p>
   </div>
   <div class='ocr_carea' id='block_1_113' title="bbox 2201 5282 3801 5357">
    <p class='ocr_par' dir='ltr' id='par_1_113' title="bbox 2201 5282 3801 5357">
     <span class='ocr_line' id='line_1_113' title="bbox 2201 5282 3801 5357; baseline -0.007 -12"><span class='ocrx_word' id='word_1_786' title='bbox 2201 5293 2426 5357; x_wconf 81' lang='grc' dir='ltr'><strong>Μωσῆς,</strong></span> <span class='ocrx_word' id='word_1_787' title='bbox 2463 5292 2559 5343; x_wconf 74' lang='grc' dir='ltr'><strong>καὶ</strong></span> <span class='ocrx_word' id='word_1_788' title='bbox 2616 5287 2814 5349; x_wconf 76' lang='grc' dir='ltr'><strong>πάντες</strong></span> <span class='ocrx_word' id='word_1_789' title='bbox 2848 5286 3038 5355; x_wconf 64' lang='grc' dir='ltr'><strong>σχεδόν</strong></span> <span class='ocrx_word' id='word_1_790' title='bbox 3090 5285 3140 5338; x_wconf 73' lang='grc' dir='ltr'><strong>οἱ</strong></span> <span class='ocrx_word' id='word_1_791' title='bbox 3190 5283 3285 5338; x_wconf 85' lang='grc' dir='ltr'><strong>τοῦ</strong></span> <span class='ocrx_word' id='word_1_792' title='bbox 3319 5285 3639 5351; x_wconf 80' lang='grc' dir='ltr'><strong>Ιῐαιαζήτεω</strong></span> <span class='ocrx_word' id='word_1_793' title='bbox 3666 5282 3801 5353; x_wconf 80' lang='grc' dir='ltr'><strong>ἄρ-</strong></span> 
     </span>
    </p>
   </div>
   <div class='ocr_carea' id='block_1_114' title="bbox 2192 5375 3804 5453">
    <p class='ocr_par' dir='ltr' id='par_1_114' title="bbox 2192 5375 3804 5453">
     <span class='ocr_line' id='line_1_114' title="bbox 2192 5375 3804 5453; baseline -0.003 -19"><span class='ocrx_word' id='word_1_794' title='bbox 2192 5399 2399 5453; x_wconf 74' lang='grc' dir='ltr'><strong>χοντες.</strong></span> <span class='ocrx_word' id='word_1_795' title='bbox 2453 5381 2527 5433; x_wconf 87' lang='grc' dir='ltr'><strong>Οὐ</strong></span> <span class='ocrx_word' id='word_1_796' title='bbox 2582 5380 2689 5451; x_wconf 80' lang='grc' dir='ltr'><strong>μὴν</strong></span> <span class='ocrx_word' id='word_1_797' title='bbox 2739 5377 2978 5448; x_wconf 78' lang='grc' dir='ltr'><strong>χαλεπὸν</strong></span> <span class='ocrx_word' id='word_1_798' title='bbox 3010 5376 3210 5429; x_wconf 72' lang='grc' dir='ltr'><strong>ἔπαθον</strong></span> <span class='ocrx_word' id='word_1_799' title='bbox 3237 5376 3436 5442; x_wconf 82' lang='grc' dir='ltr'><strong>ὁτιοῦν,</strong></span> <span class='ocrx_word' id='word_1_800' title='bbox 3472 5375 3608 5444; x_wconf 82' lang='grc' dir='ltr'><strong>πλὴν</strong></span> <span class='ocrx_word' id='word_1_801' title='bbox 3655 5375 3804 5431; x_wconf 75' lang='grc' dir='ltr'><strong>τῶν</strong></span> 
     </span>
    </p>
   </div>
   <div class='ocr_carea' id='block_1_115' title="bbox 2198 5463 3805 5540">
    <p class='ocr_par' dir='ltr' id='par_1_115' title="bbox 2198 5463 3805 5540">
     <span class='ocr_line' id='line_1_115' title="bbox 2198 5463 3805 5540; baseline -0.002 -16"><span class='ocrx_word' id='word_1_802' title='bbox 2198 5472 2449 5540; x_wconf 77' lang='grc' dir='ltr'><strong>ἱματίων.</strong></span> <span class='ocrx_word' id='word_1_803' title='bbox 2507 5472 2615 5524; x_wconf 68' lang='grc' dir='ltr'><strong>Καὶ</strong></span> <span class='ocrx_word' id='word_1_804' title='bbox 2674 5470 2782 5539; x_wconf 75' lang='grc' dir='ltr'><strong>γὰρ</strong></span> <span class='ocrx_word' id='word_1_805' title='bbox 2832 5469 3038 5535; x_wconf 79' lang='grc' dir='ltr'><strong>Μωσῆς</strong></span> <span class='ocrx_word' id='word_1_806' title='bbox 3089 5467 3260 5521; x_wconf 76' lang='grc' dir='ltr'><strong>ἐδόκει</strong></span> <span class='ocrx_word' id='word_1_807' title='bbox 3314 5484 3371 5518; x_wconf 87' lang='grc' dir='ltr'><strong>τε</strong></span> <span class='ocrx_word' id='word_1_808' title='bbox 3433 5465 3540 5520; x_wconf 83' lang='grc' dir='ltr'><strong>τῶν</strong></span> <span class='ocrx_word' id='word_1_809' title='bbox 3590 5463 3805 5522; x_wconf 76' lang='grc' dir='ltr'><strong>ἄλλων</strong></span> 
     </span>
    </p>
   </div>
   <div class='ocr_carea' id='block_1_116' title="bbox 1795 5586 2485 5664">
    <p class='ocr_par' dir='ltr' id='par_1_116' title="bbox 1795 5586 2485 5664">
     <span class='ocr_line' id='line_1_116' title="bbox 1795 5586 2485 5664; baseline -0.006 -15"><span class='ocrx_word' id='word_1_810' title='bbox 1795 5588 2045 5649; x_wconf 68' lang='grc' dir='ltr'><strong>Νοιυιω</strong></span> <span class='ocrx_word' id='word_1_811' title='bbox 2079 5586 2485 5664; x_wconf 69' lang='lat' dir='ltr'><strong>marg’nales.</strong></span> 
     </span>
    </p>
   </div>
   <div class='ocr_carea' id='block_1_117' title="bbox 492 5674 2086 5759">
    <p class='ocr_par' dir='ltr' id='par_1_117' title="bbox 492 5674 2086 5759">
     <span class='ocr_line' id='line_1_117' title="bbox 492 5674 2086 5759; baseline 0 -17"><span class='ocrx_word' id='word_1_812' title='bbox 492 5674 705 5759; x_wconf 26' lang='lat'><strong>“3180)</strong></span> <span class='ocrx_word' id='word_1_813' title='bbox 724 5690 1033 5744; x_wconf 81' lang='lat' dir='ltr'><strong>Tamcrlani</strong></span> <span class='ocrx_word' id='word_1_814' title='bbox 1057 5693 1279 5745; x_wconf 76' lang='lat' dir='ltr'><strong>victoria</strong></span> <span class='ocrx_word' id='word_1_815' title='bbox 1300 5689 1443 5743; x_wconf 77' lang='lat' dir='ltr'><strong>circa</strong></span> <span class='ocrx_word' id='word_1_816' title='bbox 1478 5706 1678 5743; x_wconf 46' lang='lat' dir='ltr'><strong>annuat</strong></span> <span class='ocrx_word' id='word_1_817' title='bbox 1704 5690 1910 5745; x_wconf 72' lang='lat' dir='ltr'><strong>Christi</strong></span> <span class='ocrx_word' id='word_1_818' title='bbox 1936 5690 2086 5744; x_wconf 79' lang='lat'><strong>1397.</strong></span> 
     </span>
    </p>
   </div>
   <div class='ocr_carea' id='block_1_118' title="bbox 621 5803 2028 5873">
    <p class='ocr_par' dir='ltr' id='par_1_118' title="bbox 621 5803 2028 5873">
     <span class='ocr_line' id='line_1_118' title="bbox 621 5803 2028 5873; baseline -0.003 -13"><span class='ocrx_word' id='word_1_819' title='bbox 621 5803 666 5835; x_wconf 82' lang='grc'><strong>⁸⁷</strong></span> <span class='ocrx_word' id='word_1_820' title='bbox 690 5803 753 5860; x_wconf 79' lang='lat' dir='ltr'><strong>lu</strong></span> <span class='ocrx_word' id='word_1_821' title='bbox 786 5820 886 5857; x_wconf 81' lang='lat' dir='ltr'><strong>tuto</strong></span> <span class='ocrx_word' id='word_1_822' title='bbox 914 5806 1345 5873; x_wconf 68' lang='lat' dir='ltr'><strong>supcramp&#39;ttm,</strong></span> <span class='ocrx_word' id='word_1_823' title='bbox 1391 5805 1857 5873; x_wconf 63' lang='lat' dir='ltr'><strong>x1:17.:-.£;;.v,ttt</strong></span> <span class='ocrx_word' id='word_1_824' title='bbox 1893 5820 2028 5858; x_wconf 70' lang='lat' dir='ltr'><strong>mox.</strong></span> 
     </span>
    </p>
   </div>
  </div>
