4010 6208
187 310 289 371 161

1275 315 1373 376 DE
1418 315 1673 376 REBUS
1710 312 2069 375 TURCICIS
2111 314 2257 379 LIB.
2309 316 2415 376 III.

3346 323 3448 388 16?.

180 424 488 495 κράτιστος
520 425 809 491 γεγονέναι
833 442 845 455 ’
882 429 977 480 καὶ
1006 426 1093 479 διᾶ
1128 427 1287 481 τοῦτο
1328 430 1600 499 περιῆγεν
1632 430 1769 498 ἔχων

1893 441 2009 482 iore
2041 444 2052 480 :
2092 430 2323 497 proinde
2345 444 2468 483 eum
2494 429 2932 486 circumductum
2957 447 3143 487 secum
3170 434 3223 487 iu
3260 439 3463 493 castris

180 521 240 570 ἑν
272 520 353 587 τῷ
380 520 760 587 στρατοπέδῳ,
797 520 894 573 καὶ
915 520 1127 574 δίαιταν
1160 523 1557 593 παρεχόμενος.
1598 523 1776 578 Ἑάλω

180 610 236 661 δὲ
268 611 372 662 καὶ
411 613 446 679 ἠ
485 613 626 680 γυνὴ
657 613 753 665 τοῦ
789 612 1118 683 Παιαζήτεω
1145 615 1205 669 έν
1250 616 1495 687 Προύσῃ.
1542 617 1630 678 Ὠς
1664 619 1777 686 γὰρ

180 702 285 771 τήν
317 720 385 755 τε
426 704 676 771 Προῦσαν
710 706 1045 775 ἐπέδραμον,
1070 707 1170 759 καὶ
1202 708 1303 771 τάς
1326 710 1778 775 γυναικωνίτιδας

182 793 505 859 ἀφείλοντο.
539 795 679 863 Πρὸς
726 795 784 848 δὲ
824 796 918 848 καὶ
953 800 1055 865 τὴν
1099 796 1429 868 Ἐλεαζάρου
1472 798 1777 869 θυγατέρα,

187 888 534 956 Παιαζήιεω
577 889 637 941 δὲ
688 891 947 955 γυναῖκα,
1005 891 1227 954 ἁλόντες
1280 892 1575 961 ἀπήγαγον
1627 894 1780 962 παρὰ

192 978 452 1045 βασιλέα.
482 979 917 1051 Μουσουλμάνης
966 982 1067 1050 μὲν
1119 976 1234 1045 οὖν,
1270 982 1367 1034 καὶ
1429 981 1657 1051 Ἰησοῦς,
1686 984 1782 1035 καὶ

190 1071 525 1141 Μεχμὲτης,
561 1071 659 1123 καὶ
713 1071 763 1122 οἱ
817 1072 997 1125 λοιποὶ
1042 1074 1153 1126 τῶν
1184 1074 1515 1144 Παιαζήτεω
1577 1074 1782 1128 παίδων

194 1161 649 1231 κατελήφθησαν.
683 1162 877 1215 Καὶοοί
912 1164 1011 1233 μὲν
1041 1166 1101 1217 ὲν
1122 1166 1189 1235 τῇ
1228 1164 1487 1237 Εὐρώπῃ,
1526 1166 1577 1218 oi
1620 1166 1678 1219 δὲ
1724 1170 1783 1220 ὲν

196 1256 263 1323 τῇ
298 1254 461 1324 ‘Aci;
486 1254 1001 1319 δντες,διεσὼζοντο
1029 1257 1153 1309 ὅποι
1186 1258 1404 1328 ἑκάστῳ
1440 1257 1781 1329 προύχώρει.

199 1345 290 1409 Τῷ
316 1348 506 1414 μέντοι
559 1347 872 1419 Παιαζήτῃ,
909 1348 985 1411 ὡς
1024 1348 1167 1419 ῆχθη
1214 1349 1457 1402 ἐναντίον
1493 1350 1781 1418 βασιλέως,

199 1442 425 1510 λέγεται
474 1444 657 1495 εἰπεῖν
708 1442 861 1512 αύτῷ
911 1442 1125 1496 τοιάδε·
1158 1436 1227 1494 '0
1267 1442 1624 1511 κακόδαιμον,
1652 1442 1703 1495 τί
1729 1442 1787 1494 δὲ

200 1534 347 1587 οὕτω
375 1533 519 1587 πάνυ
553 1535 647 1589 τὸν
688 1532 891 1587 σαυτοῦ
934 1534 1168 1603 δαίμονα
1217 1534 1444 1599 ἐϐιάσω,
1480 1533 1787 1605 προκαλού-

205 1644 367 1695 μενος
418 1628 572 1696 ἡμᾶς
624 1627 720 1680 ἐπὶ
779 1626 1010 1698 μάχην;
1052 1629 1121 1680 Ἢ
1179 1629 1277 1680 οὖκ
1324 1627 1550 1694 ἐπύθου,
1586 1628 1662 1690 ὡς
1709 1627 1788 1697 τῷ

1883 517 2094 580 habuit.
2128 522 2334 574 victum
2373 520 2726 576 ministrans.
2776 523 3039 592 l‘ajazitis
3082 542 3220 579 uxor
3254 528 3305 581 in
3363 531 3464 582 ho-

1881 609 2049 664 stium
2085 626 2281 666 manus
2315 614 2460 666 venit
2497 615 2705 669 Prusae.
2732 614 2867 668 Nam
2897 618 3269 673 incursionem
3296 622 3462 677 etiam

1883 703 1937 756 in
1980 702 2207 758 Prusam
2248 705 2514 769 fecerunt,
2549 715 2940 779 etgynmceum
2969 711 3098 765 inde
3136 727 3459 781 rapuerunt.

1883 795 2128 849 Eleaaari
2186 796 2377 863 filiam,
2417 797 2673 868 Pajazitis
2716 804 3263 873 uxoretn,rapientcs
3294 807 3469 860 abdu—

1884 895 2085 939 xerunt
2105 888 2169 940 ad
2204 903 2408 957 regem.
2440 889 2835 954 Musulmaues,
2900 892 3081 959 Iesus,
3107 895 3465 963 Mechmetes,

1888 986 1941 1032 et
1973 979 2171 1045 reliqui
2197 978 2458 1049 Pajazitis
2495 982 2610 1045 ﬁlii,
2648 983 2701 1036 in
2738 983 2979 1037 hostium
3017 997 3343 1054 potestatem
3378 1007 3469 1042 ve-

1886 1082 2036 1122 nere.
2072 1067 2172 1134 Qui
2200 1070 2252 1123 in
2285 1071 2503 1141 Europa
2534 1073 2732 1127 etAsia
2766 1083 2945 1138 erant,
2982 1084 3041 1129 ttt
3070 1089 3323 1145 poterant
3350 1080 3431 1134 sal
3452 1110 3466 1120 ο

1886 1160 2181 1213 vabantur.
2238 1160 2559 1227 Painz'tem,
2594 1179 2718 1217 cum
2754 1167 3022 1223 adductus
3052 1183 3193 1223 esSet
3232 1172 3285 1224 in
3339 1188 3471 1225 ('Ou-

1888 1261 2138 1319 spectum
2190 1255 2356 1321 regis,
2390 1256 2472 1308 sic
2496 1254 2747 1311 Temires
2787 1260 3060 1314 allocutus
3096 1272 3220 1315 est:
3254 1261 3298 1315 Ο
3329 1264 3468 1317 infe-

1890 1344 1986 1407 lit,
2020 1345 2148 1411 quid
2175 1344 2311 1399 adeo
2340 1348 2544 1399 malum
2570 1355 2720 1399 tuum
2755 1349 2984 1416 coegisti
3006 1351 3250 1419 genium,
3277 1362 3333 1405 ut
3368 1369 3469 1408 nos

1891 1438 2038 1492 bello
2066 1439 2408 1494 lacesseres?
2436 1440 2515 1491 An
2541 1456 2649 1493 non
2680 1441 2961 1507 amlivisti,
2994 1444 3135 1510 quod
3175 1461 3294 1497 meo
3319 1463 3471 1499 exer-

1891 1530 2025 1585 citui
2043 1532 2372 1584 miserorum
2394 1532 2492 1586 lilii
2512 1532 2805 1587 resistunt?
2825 1533 3091 1603 Paiaziles
3108 1538 3471 1606 respondens,
3490 1558 3493 1573 π

1891 1625 2073 1693 inqttit
2107 1643 2120 1678 :
2150 1623 2508 1694 Nequaquam
2542 1626 2608 1680 ad
2630 1634 2840 1680 tantam
2874 1628 3255 1684 infelicitatem
3288 1633 3471 1688 venis—

205 1718 322 1786 ἐμῷ
352 1717 489 1786 τῷδε
526 1718 908 1787 στρατεύματι
954 1718 1237 1789 δυστήνων
1282 1719 1478 1781 παῖδας
1526 1720 1788 1791 ἀντέστη-

1894 1733 2032 1778 sem.
2065 1718 2117 1771 ni
2151 1727 2206 1771 ttt
2268 1718 2401 1771 mihi
2460 1722 2676 1787 negotia
2728 1720 2979 1785 fecisses,
3015 1731 3210 1778 caetera
3246 1741 3472 1792 quoque

212 1825 347 1875 33v;
376 1809 697 1879 Παιαζήτης
721 1808 779 1862 δὲ
811 1808 1121 1875 ὑπολασὼν,
1148 1809 1433 1880 ἠμείϐετο,
1532 1810 1598 1880 δὴ
1632 1809 1788 1878 λέγε-

210 1920 321 1963 ται,
352 1902 426 1965 ὡς
482 1904 600 1956 Οὐκ
651 1902 720 1957 ἂν
751 1902 819 1973 δὴ
852 1904 910 1966 ές
958 1905 1116 1956 τοῦτο
1147 1903 1320 1974 τύχης
1369 1904 1693 1976 ἀφικοίμην,
1725 1905 1792 1958 ἂν

222 1997 299 2063 μὴ
329 1994 475 2063 αὐτῷ
502 1996 797 2065 παρείχετο
842 1998 1152 2065 πράγματα
1196 1999 1426 2061 ἐκεῖνος,
1460 2000 1530 2053 τά
1562 2017 1620 2052 τε
1652 1999 1791 2054 ἄλλα

225 2087 320 2138 καὶ
375 2084 485 2138 ἀπὸ
533 2086 701 2139 mm
749 2086 830 2157 τῷ
886 2088 1148 2159 Μεχμέτῃ
1208 2088 1288 2159 τῷ
1343 2090 1487 2159 ἢρωῖ
1540 2090 1790 2159 πολεμίῳ

227 2173 371 2241 θαμὰ
411 2175 869 2245 ἀνακαλούμενος.
921 2175 1062 2229 Ἀλλ’
1107 2176 1174 2245 ἢν
1217 2176 1292 2247 μὴ
1322 2177 1653 2246 ιτετύφωσο,
1685 2178 1788 2248 ἔφη

223 2266 500 2337 Τεμήρης,
533 2266 674 2320 οὕτω
727 2266 874 2336 μέγα
929 2268 1077 2321 πάνυ
1116 2268 1353 2338 φρονῶν,
1380 2268 1483 2322 οὐκ
1526 2270 1595 2322 ἂν
1640 2269 1704 2338 δὴ
1737 2273 1793 2333 ἐς

215 2356 365 2409 τοῦτο
393 2359 709 2428 συμφορᾶς,
738 2352 917 2428 οἶμαι,
947 2358 1173 2427 ἀφίκου.
1200 2358 1357 2413 Οὕτω
1396 2360 1507 2431 γάρ
1542 2362 1702 2414 εῐωθε
1731 2363 1792 2414 τὸ

212 2448 360 2502 Θεῖον
410 2450 479 2503 τα
536 2453 678 2503 πάνυ
735 2451 881 2520 μέγα
927 2451 1233 2520 φρονοῦντα
1268 2453 1365 2504 καὶ
1401 2454 1789 2523 πεφυσημένα.

212 2540 400 2611 μειοῦν
432 2543 510 2606 ὡς
544 2544 611 2596 τά
653 2544 832 2596 πολλά
882 2544 975 2598 καὶ
1028 2546 1377 2613 σμικρύνειν.
1426 2546 1697 2599 Ἐνταῦθα
1728 2545 1792 2616 δὴ

208 2634 628 2703 έπιπέμψασθαι
692 2635 745 2666 ¹¹¹
789 2636 939 2705 αὐτῷ
978 2636 1198 2704 λέγεται
1237 2636 1463 2707 βασιλέα
1510 2638 1789 2707 Τεμήρην,

205 2728 311 2797 τὴν
343 2728 438 2781 ἐπὶ
469 2731 592 2792 τοὺς
640 2727 813 2791 κύνας
841 2746 901 2781 τε
939 2730 1034 2784 καὶ
1068 2732 1296 2799 ίέρακας
1346 2729 1683 2799 φιλοτιμίαν,
1717 2730 1791 2792 ὡς

202 2821 365 2890 ἀνδρὶ
426 2821 651 2891 κυνηγῷ
686 2821 853 2891 ἐῴκει
884 2822 983 2891 τὴν
1034 2821 1258 2891 τέχνην,
1291 2826 1389 2875 καὶ
1434 2822 1535 2873 οὐκ
1567 2822 1791 2891 ἄρχοντι

204 2914 395 2980 ἄγοντι
454 2916 513 2975 ὲς
564 2914 861 2982 πολέμους.
910 2914 1146 2981 Λέγεται
1198 2914 1308 2983 γὰρ
1356 2912 1677 2983 Παιαζήτης
1733 2916 1790 2977 ές

204 3007 331 3067 τοὺς
380 3005 844 3076 ἑπτακισχιλίους
892 3006 1204 3071 κτήσασθαι
1238 3006 1660 3077 ίερακοφόρους,
1695 3006 1791 3059 καὶ

206 3095 375 3158 κύνας
421 3096 571 3164 ἀμφὶ
603 3096 730 3159 τοὺς
776 3095 1202 3164 ἑξακισχιλίους.
1267 3095 1535 3151 Ἐνταῦθα
1581 3096 1674 3149 τόν
1726 3113 1787 3149 τι
1817 3116 1861 3176 C

207 3190 555 3259 Παιαζήτην,
584 3190 777 3259 φάναι,
812 3188 1157 3243 ὑπολαϐόντα
1178 3206 1193 3220 ·
1244 3188 1406 3243 Ἀλλά
1462 3190 1545 3242 oo".
1580 3190 1683 3259 μέν
1712 3190 1791 3258 τῷ

209 3285 418 3353 Σκύθῃ.
442 3284 613 3353 λῃστῇ
668 3284 749 3336 ἐτι
807 3282 945 3347 ὄντι,
999 3283 1094 3337 καὶ
1153 3282 1362 3353 ταύτην
1417 3282 1795 3352 ἐπιτηδεύοντι

207 3378 309 3447 τὴν
334 3378 556 3448 τέχνην,
584 3376 646 3429 ού
702 3376 847 3430 πάνυ
893 3394 976 3429 τοι
1006 3376 1074 3429 ἂν
1116 3379 1382 3447 προσήκει
1429 3376 1607 3443 άγρας
1671 3376 1793 3429 οὐδὲ

210 3468 579 3539 κυνηγεσίων.
621 3469 781 3538 Ἐμοὶ
819 3466 877 3522 δὲ
924 3469 982 3532 ὲς
1014 3468 1175 3520 τοῦτό
1214 3484 1275 3519 τε
1329 3467 1647 3536 γεννηθέντι
1698 3467 1809 3520 καὶ

209 3564 498 3631 τραςρέντι,
546 3564 641 3615 καὶ
684 3560 1058 3631 τεθραμμένῳ
1110 3559 1187 3630 τῷ
1257 3559 1634 3630 ’Λμουράτεω,
1696 3558 1795 3612 τοῦ

222 3656 499 3727 ὀρχάνεω
558 3654 831 3725 βασιλέων
875 3653 1053 3714 παιδὶ,
1104 3652 1273 3722 μετῆν
1321 3653 1417 3705 καὶ
1466 3652 1649 3706 κυνῶν
1698 3654 1795 3705 καὶ

214 3748 451 3819 ἱεράκων
485 3747 822 3816 φιλοτιμίας.
866 3746 1135 3800 Ἐνταῦθα
1190 3746 1257 3817 ὃὴ
1304 3746 1643 3815 ἀχθεσθέντα
1698 3745 1793 3799 τὸν

214 3839 464 3909 βασιλέα,
496 3837 868 3908 περιαχθῆναι
896 3839 953 3900 ὲς
1001 3837 1061 3891 τὸ
1108 3837 1474 3902 στρατόπεδον
1503 3838 1791 3890 ἐκέλευσεν

214 3931 306 3981 ἐπὶ
339 3930 588 3999 ἡμιόνου,
624 3932 722 3982 καὶ
755 3928 1148 4000 συριττόμενον
1195 3928 1303 3981 ύπο
1348 3929 1442 3981 τοῦ
1490 3931 1796 3998 στρατοπέ-

214 4016 327 4079 δου,
359 4018 727 4085 περιαγαγεῖν
774 4017 841 4070 ⁸⁸.
900 4017 988 4079 Ὦς
1032 4017 1090 4070 δὲ
1144 4016 1511 4087 περιαχθέντα
1560 4020 1791 4090 ἡγαγον,

213 4109 439 4178 ἔρεσθαι
471 4111 637 4164 αὑτὸν
670 4110 915 4178 λέγεται,
950 4112 999 4164 εί
1028 4110 1123 4164 τοῦ
1155 4110 1350 4178 γένους
1374 4112 1560 4164 ὲκεῐνα
1588 4111 1799 4181 τυγχά-

214 4221 293 4256 νει
324 4203 759 4275 ἐπιτηδεύματα,
797 4202 873 4266 ὡς
919 4206 987 4256 τὰ
1032 4203 1141 4255 τῶν
1176 4203 1415 4273 ἱεράκων
1450 4220 1508 4256 τε
1560 4204 1656 4258 καὶ
1700 4223 1795 4257 κυ-

217 4298 341 4353 νιῖιν.
370 4297 528 4351 Μετὰ
555 4296 612 4351 δὲ
645 4296 821 4350 ταῦτα
850 4298 911 4350 έν
942 4296 1157 4367 φυλακῇ
1188 4297 1505 4367 ἐποιήσατο,
1528 4298 1623 4351 καὶ
1653 4297 1792 4368 άρας

221 4393 312 4444 σὺν
336 4393 415 4461 τῷ
444 4390 842 4461 στρατεύματι,
870 4390 1103 4460 ἦλαυνεν
1149 4390 1246 4444 έπὶ
1300 4390 1510 4444 Ἰωνίαν
1553 4391 1652 4445 καὶ
1696 4392 1796 4461 τὴν

218 4484 381 4554 ταύτῃ
411 4483 660 4553 πάραλον
690 4482 899 4554 χώραν,
919 4483 976 4534 ὲν
1016 4483 1091 4551 νῷ
1119 4481 1258 4552 ἔχων
1291 4480 1458 4535 αὐτοῦ
1501 4498 1559 4535 τε
1593 4482 1796 4553 διαχει-

222 4575 410 4641 μάσαι,
460 4577 559 4629 καὶ
596 4568 735 4643 ἦρος
780 4573 1208 4642 ἐπιφαινομένου
1257 4574 1313 4635 ἐς
1366 4574 1466 4642 τὴν
1524 4573 1796 4643 Εὐρώπην

220 4665 486 4734 διαϐῆναι.
530 4665 779 4719 Ἔπενόιι
810 4664 942 4731 γὰρ,
970 4665 1046 4727 ὡς
1079 4666 1173 4717 καὶ
1202 4664 1473 4733 πρότερόν
1523 4681 1614 4733 μοι
1644 4666 1797 4735 δεδή-

218 4755 405 4820 λωται,
436 4758 493 4819 ὲς
532 4755 632 4825 τὴν
664 4754 938 4825 Εὐρώπην
960 4755 1174 4818 διαΰὰς,
1202 4756 1388 4809 πᾶσάν
1420 4772 1480 4809 τε
1522 4756 1615 4824 ὑφ’
1642 4757 1794 4827 αὒτῷ

218 4846 574 4915 ποιήσασθαι,
610 4848 666 4910 ἐς
698 4847 727 4899 ὃ
754 4846 819 4915 δὴ
854 4846 947 4900 tul.
994 4846 1094 4910 τὰς
1136 4846 1495 4917 Ἡρακλείους
1522 4848 1792 4918 ἀφίκηται

219 4941 444 5009 στήλας,
488 4940 743 4994 ἐντεῦθεν
785 4940 845 4994 δὲ
891 4939 1047 5004 αὖθις
1100 4943 1157 5004 ές
1225 4940 1436 5010 Λιϐύην
1504 4941 1795 5011 διαϐῆναι,

219 5032 310 5082 καὶ
335 5030 425 5082 δια
446 5031 544 5101 τῆς
569 5030 777 5099 Λιϐύης
818 5032 1101 5085 ἐπανιέναι
1128 5032 1183 5094 ὲς
1216 5032 1315 5101 τὴν
1341 5032 1537 5084 ἑαυτοῦ
1582 5031 1792 5102 χώραν,

219 5121 513 5189 ξύμπασαν
584 5124 932 5193 ὑπαγόμενος
987 5125 1086 5194 τὴν
1153 5123 1327 5194 ταύτῃ
1409 5124 1637 5195 ἤπειρον
1694 5123 1797 5192 τῆς

218 5217 566 5284 οἰκουμένης.
625 5216 1027 5284 Ἐπρεσὸεύετο
1068 5216 1171 5287 μὶν
1220 5214 1313 5270 οὖν
1364 5215 1461 5269 καὶ
1513 5216 1656 5284 πρὸς
1703 5216 1795 5268 τὸν

222 5308 518 5371 Βυζαντίου
552 5306 804 5378 βασιλέα,
843 5310 947 5378 τήν
970 5324 1031 5361 τε
1060 5307 1315 5361 διάϐασιν
1345 5305 1667 5378 αἰτούμενος
1696 5308 1791 5360 αὖ·

219 5401 327 5465 τὸν,
375 5402 541 5453 πλοῖά
570 5417 630 5453 τε
681 5402 777 5453 καὶ
813 5402 1085 5473 τριήρεις.
1131 5401 1368 5469 Λέγεται
1434 5400 1492 5454 δὲ
1547 5401 1645 5455 καὶ
1670 5396 1792 5455 τάδε

1895 1818 2227 1879 provocatus
2296 1826 2324 1863 a
2379 1813 2636 1876 gentibus
2678 1812 2840 1867 Heroi
2878 1828 3068 1869 nostro
3099 1816 3334 1871 infestis.
3369 1817 3475 1873 Ve-

1894 1916 2040 1955 rum.
2080 1901 2157 1954 ait
2183 1901 2455 1965 Temires.
2481 1903 2529 1956 si
2570 1917 2680 1955 non
2716 1904 2856 1957 adeo
2913 1906 3116 1960 sublati
3154 1908 3252 1961 tibi
3284 1920 3474 1963 essent

1894 1986 2088 2047 animi,
2138 2002 2421 2057 nunquam
2453 1987 2565 2060 84
2594 1990 2661 2044 ad
2703 1991 2863 2045 istam
2915 1995 3288 2063 praecipitatus
3321 2013 3474 2053 essvs

1896 2078 2204 2133 miseriam.
2242 2078 2334 2134 Sic
2362 2095 2602 2151 namque
2649 2082 2787 2137 solet
2812 2082 3024 2137 Numen
3049 2087 3366 2155 plerumque
3396 2086 3475 2142 fa-

1894 2178 2121 2224 stuosos
2178 2171 2490 2239 deprimere
2515 2181 2572 2225 et
2602 2172 2668 2225 ad
2714 2173 2975 2229 humilem
3023 2175 3299 2231 fortunam
3336 2180 3474 2247 deji-

1892 2277 2042 2317 cere.
2079 2262 2285 2318 Deinde
2322 2264 2473 2321 misit
2520 2265 2772 2322 'I'cmires
2826 2268 3050 2336 Pajaziti
3088 2271 3379 2341 accipitres
3419 2280 3476 2327 et

1893 2370 2084 2414 canes.
2121 2364 2176 2409 et
2217 2357 2491 2425 reliquum
2526 2359 2853 2427 huiusmodi
2895 2372 3245 2430 apparatum,
3287 2372 3347 2417 ttt
3382 2366 3472 2433 qui

1894 2447 2143 2501 venatori
2199 2450 2403 2518 potius,
2453 2466 2621 2519 quam
2674 2453 3000 2521 imperatori
3054 2457 3108 2509 in
3152 2456 3340 2510 hostes
3376 2461 3476 2511 du-

1892 2540 2039 2593 centi
2069 2542 2474 2610 comparandus
2496 2553 2665 2600 esset.
2690 2547 2860 2600 Aiunt
2890 2548 3186 2612 Pajazitcm
3218 2550 3477 2607 habuisse

1894 2640 2101 2700 septem
2161 2634 2337 2689 millia
2371 2636 2642 2697 virorum,
2682 2638 2772 2707 qul
2834 2639 3127 2707 accipitres
3157 2653 3418 2697 curari-nt
3459 2661 3473 2698 :

1892 2731 2160 2790 przcterea
2200 2724 2407 2779 aluisse
2458 2740 2627 2782 canes
2661 2729 2845 2782 sexies
2899 2730 3073 2785 mille.
3119 2730 3479 2801 Respondent;

1895 2812 2076 2883 itaque
2110 2813 2313 2869 Temiri
2346 2816 2640 2885 Pajaziles.
2670 2820 2849 2891 inquit
2886 2839 2901 2876 :
2955 2823 3184 2888 Verum,
3206 2840 3238 2877 ο
3287 2824 3475 2880 Temi-

1892 2922 2007 2971 res,
2042 2907 2135 2977 qui
2168 2923 2227 2963 cs
2260 2909 2463 2979 Scytha
2496 2924 2550 2965 et
2589 2912 2753 2978 latro,
2790 2915 3269 2987 latrocittantliqttc
3303 2931 3476 2975 artem

1894 3013 2072 3067 usque
2092 3014 2337 3064 exerces,
2365 3004 2497 3056 satis
2524 3003 2640 3058 scio
2676 3019 2865 3073 parum
2901 3007 2995 3060 tibi
3026 3011 3323 3063 convenire
3351 3028 3476 3065 cum

1893 3106 2091 3145 canum
2127 3092 2570 3165 accipitrumque
2600 3097 2807 3151 studio.
2846 3098 2976 3152 Mihi
3012 3117 3168 3165 vero,
3221 3103 3313 3172 qui
3350 3120 3472 3159 sum

1898 3192 2065 3240 natus
2099 3194 2154 3240 et
2192 3185 2461 3242 educatus
2496 3188 2565 3243 ab
2598 3190 2863 3243 Amm-ate
2894 3192 3165 3249 Orchanis
3217 3195 3351 3259 lilio,
3378 3197 3472 3265 qui

1897 3277 2062 3331 ambo
2090 3292 2245 3346 reges
2306 3279 2597 3345 exstitere,
2630 3284 2883 3352 congruit
2926 3300 3125 3338 canum
3184 3295 3237 3340 et
3272 3288 3479 3357 accipi-

1896 3375 2045 3423 trum
2090 3369 2358 3424 studium.
2395 3371 2503 3424 Rea
2548 3370 2799 3426 Temires
2848 3374 2951 3429 hoc
2978 3391 3241 3443 responso
3296 3380 3480 3447 gravi-

1898 3470 1982 3516 ter
2014 3461 2261 3517 oll'ensus
2290 3464 2608 3533 impositum
2667 3466 2819 3519 mulo
2858 3482 2953 3535 per
2975 3477 3157 3522 castra
3191 3470 3274 3539 agi
3296 3469 3477 3538 jubet,

1898 3559 2205 3627 propinans
2239 3573 2366 3612 eum
2415 3559 2691 3613 militibus
2721 3560 3109 3616 deridendum.
3176 3562 3244 3618 Ut
3292 3573 3475 3620 autem

1894 3651 2007 3721 jam
2035 3649 2294 3706 omnibus
2320 3653 2458 3707 satis
2492 3651 2729 3707 ridiculo
2797 3651 2920 3717 fuit,
2970 3653 3257 3709 reductum
3315 3656 3381 3711 ad
3420 3674 3513 3714 se.

1898 3741 2282 3810 interrogavit,
2312 3756 2379 3794 an
2405 3741 2567 3794 etiam
2596 3742 2678 3796 sui
2710 3744 2929 3811 generis
2954 3754 3007 3797 et
3036 3744 3138 3797 ista
3159 3746 3341 3800 studia
3370 3746 3481 3803 sint

1899 3832 2360 3900 quemadmodum
2396 3834 2721 3903 accipitrum
2768 3845 2823 3889 et
2856 3851 3059 3889 canum
3087 3838 3108 3890 ἲ
3135 3837 3340 3892 Deinde
3372 3838 3479 3893 Pa-

1893 3923 2117 3991 jazitem
2148 3924 2203 3977 in
2264 3924 2484 3978 vincula
2512 3925 2776 3993 conjecit.
2806 3926 2966 3981 Motis
3006 3937 3197 3997 postea
3256 3930 3476 3994 castris,

1900 4016 2005 4071 iter
2036 4018 2092 4069 in
2116 4013 2336 4069 Ioniam
2366 4025 2422 4071 et
2444 4015 2730 4069 ﬁnitimam
2762 4017 2885 4087 ejus
2913 4019 3189 4087 regionem
3220 4019 3478 4087 intendit,

1900 4108 1953 4162 in
1983 4108 2171 4162 animo
2212 4108 2420 4162 habens
2459 4108 2531 4161 ibi
2571 4108 2888 4166 hibernare.
2930 4110 3065 4166 Vere
3101 4121 3389 4181 appetente
3425 4114 3477 4168 in

1899 4201 2175 4270 Europam
2237 4199 2635 4269 profectionem
2692 4201 2941 4271 parabat,
3012 4204 3473 4271 quemadmodum

1899 4309 2063 4361 supra
2102 4295 2287 4357 docui,
2325 4303 2382 4347 ut
2408 4293 2461 4346 iu
2499 4309 2617 4348 eam
2671 4302 3044 4357 transvectus,
3078 4298 3390 4351 universam
3421 4298 3477 4352 in

1901 4386 2163 4439 ditionem
2201 4386 2496 4455 acciperet,
2551 4401 2727 4456 usque
2776 4385 2843 4439 ad
2881 4385 3137 4441 Herculis
3190 4388 3478 4443 columnas

1901 4478 2277 4548 progrediens.
2338 4476 2467 4532 Inde
2503 4478 2555 4531 in
2591 4476 2815 4547 Libyam
2858 4479 2967 4532 iter
3000 4490 3271 4547 avertere,
3319 4490 3373 4535 et
3413 4498 3479 4537 ex

1894 4570 2065 4641 Libya
2109 4572 2343 4626 insuam
2390 4571 2671 4639 regionem
2706 4569 2888 4626 redire
2934 4572 2985 4625 itt
3028 4573 3275 4627 animum
3313 4574 3478 4629 indu-

1895 4665 2081 4729 cebat,
2116 4666 2372 4719 universa
2420 4664 2523 4718 ista
2560 4664 2714 4719 orbis
2746 4664 3069 4720 continente
3102 4666 3336 4736 imperio
3372 4685 3476 4723 suo

1888 4755 2106 4825 juncta.
2145 4755 2292 4809 Misit
2328 4756 2536 4824 legatos
2562 4754 2627 4808 ad
2660 4752 2906 4825 Byzantii
2960 4770 3144 4825 regem
3176 4765 3368 4829 petens
3410 4757 3477 4811 li-

1894 4853 2088 4907 borum
2125 4850 2443 4914 transitum,
2467 4858 2521 4903 et
2553 4863 2722 4902 naves
2756 4849 3144 4917 triremesque,
3168 4852 3363 4919 quibus
3387 4866 3479 4903 co-

1902 4945 2021 5012 pias
2057 4958 2186 4996 sttas
2230 4940 2609 4994 transmittere
2658 4947 2866 5010 posset.
2912 4940 3089 4994 Etiam
3128 4942 3291 4995 istam
3337 4942 3480 5009 inju-

1902 5037 2037 5089 riam
2062 5032 2317 5086 Temires
2347 5030 2579 5099 Pajaziti
2609 5031 2758 5085 fecit.
2790 5031 2863 5086 Ut
2886 5032 3035 5087 enim
3063 5032 3309 5087 Eleazari
3342 5033 3477 5097 lilia,

1901 5125 2166 5196 Pajazitis
2228 5139 2389 5188 uxor,
2448 5137 2611 5193 quam
2655 5138 2766 5191 prae
2821 5124 3036 5178 caeteris
3087 5123 3478 5177 ardentissimo

1901 5235 2091 5276 amore
2125 5216 2613 5287 complectebatur,
2648 5224 2703 5269 et
2743 5231 2929 5271 secum
2957 5218 3008 5269 in
3030 5219 3229 5270 castris
3261 5231 3479 5286 semper

1900 5312 2159 5373 habebat,
2184 5312 2398 5377 captiva
2422 5308 2661 5363 abducta
2686 5316 2771 5363 est
2796 5309 2862 5362 ad
2897 5307 3196 5367 Tenuit-em.
3218 5308 3370 5377 iussa
3392 5318 3479 5363 est

1897 5404 1951 5460 itt
1984 5411 2280 5473 conspectu
2305 5400 2488 5455 mariti
2521 5400 2604 5454 sui
2639 5403 2826 5455 vinum
2855 5400 3170 5456 infundere.
3203 5401 3338 5454 lline
3374 5402 3475 5455 Pa~

221 5493 473 5561 βασιλεὺς
508 5495 771 5563 Τεμήρης
825 5494 884 5557 ἐς
932 5492 1223 5565 Παιαζήτη
1258 5493 1327 5547 ³⁸.
1369 5492 1459 5557 Ὠς
1510 5492 1621 5564 γάρ
1650 5494 1791 5560 ἀπή-

1893 5498 2089 5570 jazitcs
2111 5496 2194 5550 ira
2222 5507 2511 5558 accensus,
2537 5492 2595 5547 in
2626 5493 2745 5548 hac
2766 5491 2931 5550 verba
2967 5494 3219 5562 prorupit
3252 5510 3264 5545 :
3290 5492 3475 5563 Neque

1494 5608 1744 5672 Notulte
1778 5605 2191 5685 marginales.

283 5714 328 5745 ¹⁹
369 5713 680 5788 δίειιᾳῡειη
712 5714 819 5788 tria
865 5728 1136 5788 manus".
1152 5710 1640 5788 Ῑῗιιιο-ΙρςεζιιίιιηιΔ
1674 5713 1791 5788 ξπιι

1893 5708 2119 5788 ψασθαι.
2142 5706 2209 5759 In
2237 5722 2342 5788 uno
2370 5705 2799 5788 utprascriptum
2822 5705 3007 5776 έπιμ.,
3030 5706 3083 5761 in
3110 5707 3185 5763 al.
3215 5707 3314 5779 leg.
3335 5715 3393 5761 ut
3424 5707 3479 5761 in

226 5797 354 5841 rant.
437 5787 483 5820 ”
506 5786 643 5857 Περὶ
674 5786 838 5840 αὑτὸν
857 5785 1103 5855 ἀγαγεῖν.
1142 5782 1232 5839 Sic
1254 5778 1416 5838 etiam
1454 5779 1519 5836 Β.
1596 5781 1643 5815 ⁸⁸
1672 5778 1791 5847 [lati

1893 5778 2008 5853 την.
2048 5778 2111 5833 li.
2142 5788 2197 5833 ut
2231 5778 2282 5831 in
2311 5787 2453 5831 com.
