4010 6208
237 308 341 371 ιδ)

1330 312 1429 371 DE
1473 308 1722 370 ΗΕΒΠὸ
1764 306 2131 369 TURCICIS
2166 307 2308 371 LIB.
2362 308 2473 370 lii.

3428 307 3529 371 170

230 422 412 486 λιμόν
444 420 662 491 διέφερε
684 463 699 486 ,
730 423 823 474 καὶ
861 423 1373 493 στρατευσάμενος,
1409 422 1559 493 μάχῃ
1588 438 1647 473 τε
1679 418 1840 488 ἐκρά-

1951 418 2180 476 Τῑοιιίεε
2216 421 2493 475 adducens
2531 419 2789 488 Scythas.
2825 421 3290 493 Assyriorumquc
3320 423 3529 494 regioni

232 529 399 581 τησε,
446 514 546 567 καὶ
592 514 990 585 Σεμαρχάνδην
1032 516 1439 585 παρεστήσατο.
1484 512 1559 565 Οὐ
1606 511 1737 564 πολύ
1781 510 1837 563 δὲ

234 608 519 673 ὕστερον,
559 606 667 659 τῶν
701 607 855 659 ἐννέα
892 606 1108 676 βασιλεῖ
1144 608 1418 676 συμμάχῳ
1453 606 1835 675 χρησάμενος,

236 698 336 748 καὶ
375 699 443 748 ἐν
479 697 560 767 τῷ
594 697 852 768 Ταϐρέζῃ
890 698 1045 750 πόλει
1081 697 1361 767 εὐδαίμονι
1399 698 1733 766 Ἀσσυρίων,
1768 695 1837 748 τὰ

239 790 505 859 βασίλεια
538 791 936 860 ποιησάμενος,
972 789 1108 861 πρός
1137 806 1197 842 τε
1225 791 1315 842 τὸν
1343 789 1651 859 Λευκαρίας
1683 786 1837 838 πολε-

241 885 367 953 μῶν
391 885 656 951 διετέλει,
680 885 773 937 καὶ
802 884 1089 953 Σαμαχίην
1116 884 1270 936 πόλιν
1298 882 1629 952 ἐπολιόρκει,
1652 881 1720 934 τὰ
1744 879 1838 933 τοῦ

240 977 656 1044 Καραῖλούκεω
690 976 966 1044 βασίλεια.
999 975 1253 1045 Ταϐρέζη
1287 975 1344 1029 δὲ
1377 974 1531 1037 πόλις
1564 970 1704 1026 εἶναι
1740 990 1838 1041 με·

242 1069 388 1140 γάλη
419 1085 481 1120 τε
513 1069 609 1121 καὶ
640 1067 937 1138 εὐδαίμων,
965 1067 1061 1120 καὶ
1086 1066 1196 1120 τῶν
1222 1069 1279 1119 ἐν
1302 1070 1369 1136 τῇ
1400 1066 1575 1137 Ἀσίᾳ,
1608 1065 1748 1135 μετὰ
1775 1080 1837 1133 γε

242 1161 651 1232 Σεμαρχάνδην
672 1203 686 1226 ,
720 1164 1024 1231 χρημάτων
1054 1178 1112 1213 τε
1148 1160 1398 1231 προσόδῳ
1422 1200 1436 1225 ,
1471 1162 1569 1213 καὶ
1602 1162 1668 1229 τῇ
1701 1158 1838 1230 ἄλλῃ

244 1257 573 1325 εὐδαιμονίᾳ
625 1256 978 1325 προέχουσα·
1029 1254 1201 1325 σῆράς
1250 1271 1309 1307 τε
1361 1254 1552 1323 τρέφει
1601 1255 1635 1323 ἠ
1685 1250 1840 1323 χώρα

246 1348 390 1417 αὕτη
430 1349 676 1418 μέταξάν
702 1364 761 1399 τε
796 1347 1094 1416 καλλίστην
1124 1348 1450 1416 ποιουμένη,
1481 1346 1574 1399 καὶ⁵
1604 1346 1704 1415 τὴν
1734 1346 1840 1397 Σα-

252 1443 456 1511 μαχίης
494 1441 734 1509 ἀμείνω.
768 1440 932 1509 Φέρει
968 1440 1026 1493 δὲ
1062 1440 1157 1493 καὶ
1190 1439 1455 1510 Κριμίζιν
1490 1438 1665 1511 σηρὰν
1697 1436 1840 1491 οὓτω

250 1533 590 1601 καλούμενον
627 1532 963 1601 πορφυρᾶν,
1001 1533 1130 1601 περὶ
1166 1532 1228 1583 τὰ
1269 1531 1499 1600 ἱμάτια,
1534 1533 1605 1583 τά
1637 1547 1695 1583 τε
1730 1531 1839 1582 ἀπὸ

251 1626 415 1695 ἐρίων
445 1625 544 1676 καὶ
578 1624 766 1695 σηρῶν
791 1663 805 1686 ,
843 1622 1024 1695 βαφὴν
1053 1622 1441 1692 ἐνδεικνύμενα
1466 1623 1623 1689 ἀξίαν
1653 1622 1835 1689 λόγου.

256 1719 409 1770 Ἐστι
436 1718 495 1770 δὲ
530 1717 667 1769 πλέα
693 1717 765 1768 τὰ
794 1719 854 1769 ἐν
877 1718 1003 1786 τῇδε
1030 1719 1097 1787 τῇ
1126 1716 1304 1787 χώρᾳ,
1334 1716 1560 1786 Περσῶν
1584 1716 1690 1768 τῶν
1720 1715 1837 1769 Ἀτ-

258 1808 469 1877 ζαμίων
500 1807 889 1878 καλουμένων.
918 1773 1224 1876 τυσοιυγϋὰρι
1328 1773 1430 1876 τὴν
1461 1807 1771 1877 Ἀτζαμίων
1791 1807 1834 1838 ⁸⁸
1868 1773 1914 1832 Β

261 1901 439 1970 φωνὴν
473 1902 757 1971 προΐενται
782 1940 797 1965 ,
831 1900 1043 1971 Πέρσαι
1075 1916 1135 1952 τε
1169 1895 1319 1953 οὗτοι
1354 1900 1672 1969 σύμπαντες
1693 1940 1706 1961 ,
1743 1901 1839 1952 καὶ

271 1994 338 2061 τῇ
374 1993 599 2061 Περξῶν
632 1996 780 2064 φωνῇ
825 1992 1195 2059 διαλέγονται.
1231 1990 1458 2048 οίκοῦσί
1490 2009 1549 2044 τε
1584 1990 1837 2062 Ταϐρέζη

279 2100 336 2134 τε
376 2085 471 2136 καὶ
515 2085 779 2153 Καγινδν,
820 2086 916 2139 καὶ
960 2084 1246 2155 Νιγετίην,
1288 2086 1475 2149 πόλεις
1518 2085 1842 2155 εὐδαίμονας

278 2177 372 2243 τῆς
400 2175 605 2245 Μήδων
649 2177 741 2231 καὶ
770 2176 1070 2245 ’Δσσυρίων
1098 2175 1305 2246 χώρας.
1334 2177 1584 2248 Σαμαχίη
1615 2176 1673 2230 δὲ
1704 2175 1842 2245 πρὸς

276 2270 333 2337 τῇ
375 2268 678 2337 Ἀρμενίων
722 2268 876 2340 χώρα
921 2269 1209 2341 ᾡκημένη,
1262 2269 1415 2333 πόλις
1462 2270 1735 2340 εὐδαίμων
1780 2287 1839 2323 τε

268 2363 352 2413 καὶ
383 2360 843 2431 πολυάνθρωπος,
865 2363 973 2414 ἀπὸ
993 2362 1050 2415 δὲ
1080 2362 1178 2432 τῆς
1209 2361 1479 2432 θυγατρὸς
1505 2358 1748 2426 Τζοκίεω
1770 2361 1839 2427 ⁸⁸,

267 2454 670 2524 Καραῖσούφεω
695 2454 754 2507 δὲ
784 2456 1069 2522 γυναικὸς,
1100 2455 1316 2523 ἐγένετο
1342 2454 1612 2519 Τζανισᾶς
1633 2454 1676 2486 ⁸⁸
1714 2457 1841 2517 παῖς

265 2547 697 2618 Καραῖσούφεω,
731 2548 977 2612 Τζοκίεω
1009 2548 1066 2601 δὲ
1104 2548 1392 2616 ἀπόγονος.
1429 2541 1598 2611 Οὗτός
1631 2564 1691 2601 τε
1726 2549 1842 2602 Παι-

262 2640 492 2710 γδατίης
520 2639 617 2709 τῆς
649 2639 969 2703 Βαϐυλῶνος
999 2640 1207 2710 ἐπῆρξε
1231 2681 1245 2705 ,
1281 2640 1375 2693 καὶ
1409 2640 1715 2710 Ἀσσυρίων
1742 2641 1842 2711 τὴν

260 2732 454 2803 χώραν
481 2730 1022 2801 καταστρεψάμενος,
1052 2731 1310 2802 Ταϐρέζη
1340 2747 1395 2783 τε
1426 2732 1603 2801 ἐαυτῷ
1633 2732 1845 2802 ὑπηγά-

261 2839 415 2891 γετο,
444 2822 536 2876 καὶ
566 2825 707 2890 πρὸς
732 2824 825 2876 τὸν
852 2822 1280 2894 Μπαῖμπούρεω
1314 2823 1479 2876 παῖδα
1508 2822 1838 2893 διεπολέμει.

270 2913 577 2978 Ἐπιλάσας
608 2915 667 2968 δέ
691 2915 831 2985 πρὸς
863 2914 1215 2984 ’Δτζιγγαύιν
1238 2915 1283 2946 ⁵⁸
1315 2914 1626 2984 ἐπολιόρκει
1657 2932 1842 2986 παρα-

261 3008 642 3077 στησάμενος,
696 3007 793 3061 καὶ
840 3007 942 3078 τὴν
980 3007 1288 3079 Ἀρμενίων
1339 3008 1492 3071 ἐντὸς
1552 3007 1841 3079 Εὐφράτου

1944 511 2244 581 imperans,
2279 523 2471 566 contra
2506 513 2730 567 fratrem
2769 512 3132 583 Pajangnrem
3182 513 3383 570 bellum
3418 532 3529 569 mo-

1943 606 2038 658 vit.
2060 604 2118 658 In
2150 606 2249 658 hoc
2273 604 2414 659 bello
2438 603 2611 659 victor
2634 605 2867 668 exstitit,
2894 616 2948 659 et
2977 604 3446 661 Setnarchandam
3476 608 3529 662 in

1941 696 2204 752 ditionem
2235 695 2468 767 accepit.
2498 696 2607 752 Nec
2629 698 2801 751 multo
2823 708 2949 767 post
2981 697 3033 750 in
3062 697 3188 754 belli
3210 699 3530 755 societatem

1943 790 2189 846 adhibito
2209 806 2317 845 nno
2347 794 2412 846 de
2432 807 2659 847 numero
2691 806 2886 847 novem
2915 807 3128 863 regum,
3153 801 3206 847 et
3236 793 3382 863 regia
3404 794 3532 849 sede

1943 884 1996 937 in
2026 881 2268 938 Tahreze
2319 882 2667 954 Assyriorum
2722 888 2854 940 urbe
2897 884 3155 955 opulenta
3203 885 3524 952 constituta,

1943 974 2085 1029 bello
2110 976 2412 1029 lacessebat
2438 976 2715 1031 Leucaer
2737 978 2927 1032 ducem
2952 994 2967 1034 :
2990 980 3153 1033 etiam
3178 978 3528 1034 Samachiam

1943 1072 2155 1134 urbem,
2177 1072 2481 1126 Carailucis
2512 1072 2735 1143 regiam,
2765 1074 3140 1144 Oppugnabal.
3170 1073 3415 1130 Tabrcze
3436 1091 3531 1130 au—

1942 1171 2047 1216 tem
2078 1160 2249 1217 fertur
2274 1166 2405 1219 urbs
2433 1177 2557 1219 esse
2584 1180 2777 1235 magna
2807 1173 2860 1219 et
2881 1166 3077 1235 opibus
3096 1165 3483 1223 florentissima
3510 1183 3525 1219 :

1940 1254 2105 1307 etiam
2162 1270 2357 1309 omnes
2409 1254 2554 1311 Asiae
2596 1258 2780 1322 urbes,
2840 1269 2995 1312 extra
3038 1257 3527 1321 Semarchandam.

1940 1360 2104 1413 Opum
2133 1362 2360 1402 accessu
2420 1358 2476 1404 et
2534 1351 2747 1419 reliqua
2786 1350 3043 1405 felicitate
3074 1352 3401 1406 antecedere
3430 1367 3526 1406 no-

1940 1438 2135 1492 scitur.
2154 1436 2502 1495 Vermiculos
2535 1441 2633 1495 alit
2667 1457 2729 1495 ea
2760 1442 2911 1512 regio
2958 1457 3024 1497 ex
3052 1442 3255 1512 quibus
3284 1445 3524 1498 sericum

1940 1530 2259 1600 producitur
2285 1532 2742 1602 pulcherrimum,
2770 1534 2915 1603 quod
2943 1536 3102 1604 longe
3123 1542 3343 1603 praestat
3365 1535 3415 1589 ei
3440 1549 3529 1588 se-

1940 1627 2057 1679 rico
2073 1626 2219 1695 quod
2239 1624 2529 1680 Samachia
2549 1629 2885 1698 suppeditat.
2906 1626 3033 1683 Fert
3050 1644 3269 1699 quoque
3285 1628 3525 1684 Crinizin

1943 1717 2055 1787 (81)
2088 1720 2194 1773 isto
2223 1719 2443 1774 nomine
2481 1720 2860 1785 vermiculum,
2892 1723 2986 1791 qui
3024 1737 3361 1792 purpureum
3380 1724 3526 1779 colo-

1942 1823 2056 1862 rem
2088 1808 2453 1865 admiratione
2485 1810 2709 1880 dignum
2747 1811 2940 1865 tribuit
2986 1813 3229 1867 vestibus
3262 1828 3329 1867 cx
3363 1814 3467 1869 filis
3496 1831 3526 1869 e

1940 1898 2119 1952 serico
2150 1899 2446 1953 contextis.
2479 1899 2737 1953 Abundat
2770 1909 2951 1955 autem
2990 1901 3140 1971 regio
3167 1899 3351 1956 Persis
3384 1919 3523 1972 quos

1940 1988 2217 2042 Atzamias
2237 1996 2450 2042 vocant.
2473 1987 2752 2059 Quotquot
2774 1990 2917 2045 enim
2934 1990 3305 2044 Atzamiorum
3328 1989 3525 2045 Persa-

1941 2092 2061 2132 rum
2086 2078 2271 2150 lingua
2295 2088 2545 2146 utuntur,
2572 2096 2763 2136 omnes
2790 2082 2843 2135 hi
2869 2080 3049 2137 Persa:
3073 2093 3222 2147 sunt,
3254 2093 3307 2138 et
3332 2083 3523 2139 Persa-

1943 2186 2065 2225 rum
2098 2171 2341 2242 linguam
2364 2175 2414 2226 in
2439 2188 2543 2227 usu
2574 2174 2798 2229 habent.
2824 2175 3075 2230 Incolunt
3094 2176 3522 2242 Tabrezen,Ca-

1943 2263 2159 2333 grinum
2178 2274 2233 2319 et
2269 2263 2564 2335 Nigetiam,
2585 2266 2746 2320 urbes
2765 2266 3079 2336 opulentas,
3100 2269 3152 2322 in
3170 2270 3518 2340 Assyriorum

1944 2368 1993 2411 et
2020 2355 2300 2411 Medorum
2339 2359 2559 2429 regione
2622 2359 2778 2414 sitas.
2810 2362 3098 2416 Samachia
3130 2371 3335 2427 autem,
3362 2364 3521 2435 cujus

1944 2448 2085 2502 situs
2113 2454 2196 2501 est
2219 2464 2409 2503 versus
2435 2448 2777 2512 Armeniam,
2807 2451 2939 2504 urbs
2955 2451 3270 2520 perhibetur
3290 2454 3520 2524 opulen-

1944 2550 1997 2592 ta
2034 2549 2088 2593 et
2115 2540 2399 2609 populosa.
2460 2539 2536 2594 Ex
2573 2541 2681 2595 tilia
2723 2541 2975 2606 'l‘zokiis,
3016 2558 3135 2612 quae
3170 2546 3523 2600 matrimonio

1940 2629 2127 2699 juncta
2145 2632 2653 2702 fuittlharaisuphi,
2704 2644 2866 2687 natus
2884 2642 2967 2688 est
2993 2634 3261 2690 Tzanisas
3302 2634 3523 2691 Tukiis

1944 2737 2137 2791 nepos,
2158 2733 2211 2777 et
2227 2723 2584 2793 Caraisuphis
2608 2725 2771 2780 ﬁlius.
2788 2724 2837 2781 Is
2855 2725 3167 2797 Pagtlatiam
3191 2727 3518 2799 Babylonem

1943 2818 2110 2882 rexit,
2135 2827 2189 2872 et
2213 2818 2571 2889 Assyriorum
2600 2820 2878 2890 regionem
2906 2822 3032 2891 jure
3057 2822 3183 2876 belli
3206 2823 3521 2891 possidens,

1944 2906 2224 2963 Tabrezen
2253 2926 2354 2964 suo
2398 2911 2633 2982 imperio
2669 2914 2905 2970 addidit.
2952 2917 3118 2970 Artna
3160 2916 3304 2971 idem
3340 2915 3521 2970 Paim-

1944 3002 2099 3071 puris
2162 3003 2272 3056 lilio
2313 3004 2519 3071 intulit,
2586 3007 2869 3077 profectus
2902 3017 3095 3063 contra
3143 3010 3520 3079 Artzinganim

261 3100 449 3171 χώραν
490 3101 789 3171 ἐτύγχανεν
830 3096 1026 3165 οὖσαν,
1071 3101 1407 3171 ὑπηγάγετο.
1450 3100 1605 3154 Μετὰ
1640 3101 1699 3154 δὲ
1741 3100 1834 3154 τοῦ

1944 3095 2157 3161 urbem,
2192 3110 2311 3150 eam
2352 3099 2760 3167 Oppugnationc
2808 3100 2953 3171 cepit
2984 3116 2996 3152 :
3030 3101 3367 3166 Armeniam,
3400 3119 3522 3172 qua:

259 3193 509 3256 Τζοκίεω
541 3195 729 3257 παιδὸς
762 3194 1099 3264 ὡρμημένου
1136 3193 1242 3247 ἀπὸ
1277 3194 1704 3264 Σεμαρχάνδης,
1738 3195 1836 3266 τὴν

1942 3187 2077 3259 jacet
2105 3189 2248 3242 intra
2309 3190 2667 3260 Euphratem,
2704 3192 2757 3245 in
2790 3208 2946 3248 suam
2988 3194 3252 3251 ditionem
3290 3197 3515 3265 redegit.

257 3303 316 3339 τε
370 3286 668 3339 Βαϐυλῶνα
719 3286 1049 3357 ἐπολιόρκει.
1105 3286 1217 3340 Καὶ
1266 3286 1428 3340 αὐτὸν
1477 3288 1699 3340 ἐπιόντα
1748 3288 1834 3354 οἱ,

262 3380 416 3448 μάχῃ
462 3379 837 3448 ἐπεκράτησε.
890 3379 996 3433 Καὶ
1040 3378 1139 3449 τὴν
1192 3378 1490 3433 Βαϐυλῶνα
1537 3379 1695 3447 ἐλὼν,
1744 3381 1837 3431 ἐπὶ

260 3474 521 3545 Ταϐριζη
561 3474 807 3528 ἐλαύνων
831 3511 847 3537 ,
884 3474 943 3537 ἐς
978 3473 1128 3526 τόνδε
1170 3471 1522 3543 συνδιαφέρει
1558 3472 1648 3525 τὸν
1684 3472 1841 3526 πόλε-

262 3583 386 3635 μον.
430 3567 689 3636 Χασάνης
732 3565 915 3635 μέντοι
958 3567 986 3618 ό
1034 3565 1245 3635 μακρὸς
1288 3565 1596 3633 Σκενδέρεω
1640 3563 1736 3618 τοῦ
1778 3565 1838 3617 τὸ

271 3660 665 3730 ’Δρτζιγγαύιν
698 3648 1111 3728 διακατέχοντος
1152 3658 1419 3725 ἀπόγονος
1461 3657 1571 3721 ῶν,
1609 3658 1705 3710 καὶ
1740 3659 1838 3726 τῆς

260 3752 656 3823 Καραῖλούκεω
711 3753 945 3822 μοίρας,
996 3751 1087 3804 ἐπὶ
1133 3749 1233 3819 τὴν
1280 3748 1457 3819 ἀρχὴν
1505 3750 1839 3818 παρεγένετο

259 3846 356 3917 τὴν
390 3843 720 3914 ’Ᾱρμενίων,
754 3842 1234 3912 συνελαυνομένων
1262 3840 1410 3911 αὐτῴ
1432 3841 1476 3872 ³³
1505 3843 1611 3893 τῶν
1640 3857 1697 3893 τε
1730 3841 1839 3892 Κα-

267 3938 576 4006 ραῑλούκεω
614 3934 840 3988 παίδων.
874 3934 1036 3986 Οὗτοι
1069 3933 1175 4003 γὰρ
1209 3932 1283 3995 ὡς
1315 3932 1419 3983 ὑπὸ
1448 3932 1542 3984 τοῦ
1576 3931 1838 4000 βασιλέως

261 4027 507 4089 Τζανισᾶ
542 4025 940 4095 Καραῖιούφεω
977 4024 1197 4086 παιδὸς,
1233 4023 1290 4075 ἐν
1323 4022 1578 4093 Σαμαχίῃ
1617 4023 1837 4092 πολιορ-

264 4121 360 4174 κού
372 4136 544 4190 μενοι,
565 4122 623 4172 ἐν
645 4120 839 4188 ἀπόρῳ
862 4119 1091 4188 εἴχοντο,
1143 4116 1505 4186 προσεδέοντο
1539 4117 1631 4169 τοῦ
1654 4117 1841 4170 Μπαῐ-

268 4212 532 4281 μπούρεω
576 4209 826 4263 ἐσϐαλεῖν
854 4209 911 4271 ἐς
951 4207 1050 4275 τὴν
1076 4205 1349 4277 Μηδικήν.
1384 4208 1479 4269 Ὃς
1509 4207 1753 4269 πεισθείς
1780 4223 1838 4258 τε

263 4302 513 4356 ἐσέϐαλε.
558 4303 669 4356 Καὶ
712 4301 996 4371 ἀπανέστη
1039 4317 1100 4352 τε
1146 4301 1173 4352 ὁ
1219 4301 1490 4363 Τζανισᾶς
1534 4298 1840 4369 ἀποχωρῶν

1940 3282 2080 3337 Hinc
2120 3281 2337 3339 Tzokiis
2378 3284 2490 3337 ﬁlio
2533 3283 2780 3354 profecto
2811 3299 2840 3338 a
2890 3284 3302 3342 Semarchanda
3351 3289 3522 3360 Baby-

1939 3372 2119 3428 lonem
2166 3375 2534 3445 oppugnabat.
2582 3375 2765 3444 Ipsum
2820 3378 3111 3433 adeuntem
3156 3379 3344 3450 prmlio
3369 3382 3516 3437 vicit.

1940 3465 2146 3519 Exinde
2162 3464 2487 3536 Babylonem
2510 3470 2757 3538 capiens.
2774 3479 3029 3526 etcontra
3050 3469 3349 3527 Tabrezem
3364 3488 3521 3528 exer-

1940 3560 2107 3614 citum
2132 3561 2364 3629 ducens,
2395 3577 2520 3617 cum
2546 3566 2639 3619 illo
2657 3564 2857 3620 bellum
2884 3568 3077 3637 gessit.
3102 3569 3380 3626 Chasanes
3400 3572 3522 3641 qni-

1941 3649 2062 3705 dem
2087 3651 2305 3723 Longus
2324 3653 2638 3724 Scenderis,
2657 3658 2749 3727 qui
2768 3659 3144 3731 Artzinganim
3163 3661 3400 3731 tenebat,
3424 3680 3518 3719 ne-

1944 3759 2042 3814 pos
2063 3749 2359 3811 exsistcns,
2392 3759 2446 3803 et
2475 3764 2539 3803 ex
2576 3749 2781 3805 familia
2806 3752 3133 3821 Carailncis,
3166 3770 3390 3826 regnum
3420 3756 3523 3810 Ar-

1942 3838 2137 3891 meniae
2169 3840 2402 3909 adeptus
2459 3850 2599 3907 erat,
2634 3842 2855 3915 adjutus
2896 3845 2964 3900 ab
3003 3845 3311 3902 Carailttcis
3369 3848 3517 3909 filiis.

1941 3932 2033 3999 qui
2068 3947 2174 3985 una
2208 3949 2331 3987 curn
2364 3934 2457 3988 illo
2488 3950 2550 3989 eo
2583 3936 2812 4006 profecti
2844 3949 3023 3992 erant.
3072 3939 3133 3993 lii
3175 3956 3298 3993 cum
3336 3954 3365 3993 a
3395 3956 3520 4010 rege

1940 4020 2172 4077 Tzanisa
2248 4023 2603 4094 Caraisuphis
2665 4029 2776 4081 tilio
2835 4028 3140 4083 Samachiae
3193 4030 3516 4101 graviSsitna

1941 4116 2231 4172 obsidione
2278 4129 2678 4187 premerentur,
2741 4137 2934 4191 resque
2977 4137 3167 4177 eorum
3226 4124 3517 4179 admodum

1942 4206 2173 4261 lubricae
2202 4218 2411 4274 essent,
2450 4212 2706 4279 precibus
2740 4212 2979 4280 aggressi
3011 4222 3138 4267 sunt
3168 4210 3516 4284 Paimpurem

1945 4312 2002 4352 ιιι
2040 4302 2280 4356 irrueret
2327 4302 2383 4355 in
2414 4302 2600 4357 Mediae
2660 4304 2957 4374 regionem.
3020 4306 3120 4371 Qui
3178 4307 3340 4361 facile
3373 4308 3518 4377 quod

263 4400 398 4467 πρὸς
436 4395 1012 4465 τὶνλΜπαῖμπούρην,
1051 4393 1117 4446 τὰ
1155 4395 1254 4464 μὲν
1292 4392 1647 4464 συμϐάλλων,
1684 4395 1749 4446 τὰ
1784 4392 1840 4445 δὲ

1945 4396 2187 4461 petivere
2241 4394 2651 4463 impetrarunt:
2688 4411 2814 4449 nam
2888 4397 2942 4452 in
2997 4398 3230 4453 Mediam
3296 4400 3517 4470 irrupit.

262 4457 583 4559 λῆζδμενος
618 4457 1196 4559 τὴνάώρανέκείνου.
1232 4488 1295 4540 Οί
1330 4457 1509 4549 μέντοι
1541 4457 1838 4557 ἡγεμόνες,

1946 4484 2047 4550 Qui
2085 4500 2269 4540 rumor
2299 4496 2358 4539 ut
2387 4488 2634 4556 perlatus
2662 4498 2744 4544 est
2784 4493 2850 4543 ad
2885 4490 3201 4558 Tzanisam,
3233 4492 3522 4548 obsidione

265 4584 292 4635 ὅ
323 4600 383 4635 τε
416 4582 743 4645 Μενδεσίας,
777 4581 1023 4649 Αἰδίνης,
1056 4580 1154 4633 καὶ
1184 4580 1491 4651 Σαρχάνης,
1529 4579 1773 4642 Ἀλόντες
1798 4580 1844 4611 σε

268 4676 618 4744 Παιαζήτεω,
646 4676 747 4741 τὴν
774 4688 833 4725 τι
865 4672 1048 4744 χώραν
1078 4673 1403 4738 κατέλαϐον,
1433 4673 1843 4735 ἐπικελεύοντος

267 4768 559 4838 Τεμήρεω,
597 4768 693 4818 καὶ
724 4768 781 4826 ἐς
813 4764 909 4836 τὴν
942 4765 1137 4818 ἑαυτοῦ
1169 4766 1354 4835 χώραν
1385 4764 1684 4817 καθίστατο
1713 4765 1845 4817 ἐκα-

269 4877 418 4922 στος.
447 4858 620 4929 Ὁρῶν
646 4859 704 4911 δέ
736 4856 990 4926 Χασὰνης
1023 4856 1480 4928 συμϐαλλομένην
1506 4857 1658 4927 αὐτῷ
1686 4857 1844 4911 δύνα-

272 4970 369 5019 μιν
396 4951 712 5019 ἀξιόχρεων,
742 4952 841 5020 τήν
866 4965 925 5001 τε
955 4949 1260 5019 Ἀρμενίων
1285 4954 1474 5023 χώραν
1502 4951 1838 5021 ὑπηγάγετο,

278 5044 379 5098 καὶ
433 5042 559 5104 τοὺς
596 5040 898 5103 Κιαπνίδας
923 5040 993 5105 ⁸⁸,
1051 5039 1145 5093 καὶ
1201 5042 1340 5110 πρὸς
1398 5042 1524 5103 τοὺς
1581 5042 1840 5112 Κολχίδος

269 5133 519 5203 βασιλεῖς
556 5130 864 5199 ἐπιγαμίαν
926 5133 1295 5200 ποιησάμενος
1318 5170 1333 5195 ,
1392 5133 1614 5203 εἰρήνην
1648 5135 1841 5204 ἐποιήο

270 5246 429 5283 cato.

1946 4580 2135 4633 urbem
2173 4580 2473 4635 abscedens
2507 4582 2692 4645 solvit,
2732 4585 2941 4654 iterque
2976 4585 3089 4655 89
3147 4584 3297 4641 ﬂexit
3328 4587 3522 4641 adrer-

1943 4689 2037 4728 sus
2065 4672 2437 4744 Paimpurem,
2466 4677 2665 4745 partim
2698 4675 2917 4746 quidem
2965 4679 3244 4745 regionem
3298 4680 3418 4749 ejus
3468 4680 3521 4734 in

1942 4767 2205 4822 ditionem
2236 4769 2536 4839 accipiens,
2571 4772 2768 4839 partim
2800 4788 2927 4827 vero
2957 4784 3199 4829 vastans.
3230 4773 3519 4838 Mendesis,

1943 4857 2196 4922 Edines,
2226 4858 2554 4927 Sarchanes,
2577 4872 2630 4915 et
2654 4863 2927 4927 Allontes,
2957 4863 3213 4934 Pajazitis
3245 4867 3519 4936 regionem

1946 4962 2283 5020 occuparunt
2310 4953 2467 5023 jussu
2514 4953 2772 5020 Temiris,
2792 4965 2846 5009 et
2884 4956 2938 5010 in
2962 4972 3117 5011 suam
3149 4960 3348 5028 singuli
3383 4960 3526 5014 redi-

1949 5044 2079 5098 bant
2098 5043 2399 5113 regionem.
2420 5044 2700 5101 Chasanes
2718 5064 2950 5103 cernens
2968 5050 3073 5103 sibi
3092 5050 3389 5118 potentiam
3408 5065 3525 5105 esse

1950 5136 2262 5200 maximam,
2286 5138 2599 5192 Armeniam
2632 5149 2686 5193 et
2717 5139 3029 5211 Tzapnidas
3056 5142 3291 5211 subegit,
3345 5152 3394 5196 et
3427 5158 3520 5211 pa-

1949 5243 2065 5281 rem
2101 5228 2471 5283 intercedente
2493 5231 2752 5287 aﬂinitate
2783 5249 2906 5287 cum
2932 5233 3210 5287 Colchidis
3230 5249 3355 5302 rege
3374 5232 3523 5289 fecit.

1526 5318 1775 5380 Notulm
1806 5321 2213 5401 marginales.

341 5428 457 5495 (8i)
496 5425 678 5481 Nostri
709 5422 1127 5479 Chermesinum
1156 5422 1269 5477 sive
1296 5437 1524 5477 coccum
1554 5434 1776 5478 vocant.

342 5529 389 5558 ιο
418 5523 762 5593 *Ατςαμίδῳν
792 5522 1101 5590 ἀγκιαμίων
1126 5521 1250 5593 καλ.
1287 5522 1402 5574 ὅσοι
1438 5521 1546 5590 γὰρ
1574 5520 1630 5583 ἐς
1656 5522 1755 5589 τὴν
1778 5522 1840 5593 ἀγ

1942 5523 2111 5593 ιμίων.
2145 5523 2199 5577 in
2237 5523 2309 5576 al.
2346 5523 2477 5577 utin
2506 5540 2553 5578 ε.
2615 5524 2662 5555 ³⁰
2689 5525 2942 5589 Κιοκξεω,
2970 5536 3016 5578 et
3058 5525 3158 5592 inf.
3192 5526 3381 5587 Al..ut
3403 5527 3455 5578 in
3480 5542 3528 5579 ε.

267 5602 312 5631 ⁸⁸
347 5590 635 5657 Κιανισᾶς,
680 5590 753 5644 al.
798 5602 853 5644 ut
914 5594 967 5644 in
1000 5608 1047 5645 c.

268 5673 315 5701 "
361 5671 433 5721 al.
472 5668 671 5728 τζαπν.

605 5825 878 5882 Ριτιιοι.
924 5822 1037 5882 Gn.
1070 5815 1273 5877 CL‘X.

1157 5592 1202 5621 ⁸⁸
1241 5591 1610 5661 Ἀρκιγγᾱινιν,
1645 5601 1693 5645 et
1730 5592 1826 5661 inf.
1861 5591 2023 5648 alant
2054 5596 2105 5647 in
2135 5610 2182 5648 c.

1856 5779 1924 5794 α-

2290 5595 2337 5626 ⁸³
2369 5596 2565 5648 αὐτῶν.
2590 5594 2654 5649 R.
2681 5605 2735 5647 ut
2766 5596 2818 5647 in
2846 5611 2893 5649 ε.
3003 5596 3049 5627 ⁸⁸
3080 5598 3322 5658 ἁλόντος.
3368 5607 3415 5650 et
3460 5596 3526 5647 Ii.

3167 5826 3206 5881 6
