4010 6208
462 277 560 345 1⁸31
1557 266 1871 331 LAONICI
1912 267 2047 327 CBA

2153 265 2348 326 .OCON
2360 267 2498 326 DYL
2512 267 2567 324 Ε
3590 265 3690 328 1⁸12

718 506 726 514 ⁸
813 582 1694 721 ΛΑΟΝΙΚΟΥ
1771 576 3310 712 ΧΑΛΚΟΚΟΝΔΥΛΟΥ

1775 827 2364 917 ΑΘΗΝΑΙΟΥ

704 1024 1543 1154 ΑΠΟΔΕΙΞΙΣ
1600 1027 2310 1145 ΙΣΤΟΡΙΩΝ
2367 1025 2574 1140 ΤΟ
2650 1022 3439 1139 ΤΕΤΑΡΤΟΝ

989 1435 1629 1564 LAONICI
1744 1437 3170 1568 CHALCOCONDYL/E

1674 1690 2483 1787 ATHENIENSIS

1581 1921 2576 2038 HISTORIABUM

680 2188 824 2336 DE
975 2184 1448 2338 ORIGINE
1578 2179 1720 2334 AG
1836 2181 2201 2333 BEBUS
2319 2177 2720 2331 GES’I‘IS
2838 2174 3476 2354 TURGORUM,

1536 2470 1914 2572 LIBER
2011 2463 2666 2605 QUARTUS.

474 2837 783 2900 Filiorum
813 2837 1119 2917 Bajazetis
1143 2836 1627 2917 Jostue,Moysis
1661 2835 2111 2917 etilluhometig
2140 2834 2176 2894 I
2199 2831 2529 2917 successio,
2560 2839 2616 2891 et
2640 2830 2911 2917 ﬁliorum
2932 2826 3350 2917 Eininanuelis
3374 2827 3710 2906 Byzantini

950 2918 1101 2993 imp.
1143 2916 1395 2973 nomina
1426 2935 1445 2973 :
1478 2908 1765 2974 Rainerii
1796 2914 1939 2973 item
1971 2922 2026 2972 et
2056 2912 2343 2982 Antonii,
2373 2910 2597 2970 ducum
2625 2909 2999 2985 Atticorum,
3023 2908 3312 2970 historia.

534 3046 652 3118 90
675 3044 802 3099 Post
822 3042 1055 3096 Temiris
1078 3042 1129 3094 in
1160 3040 1410 3095 Chcriam
1429 3040 1846 3110 profectionem,
1872 3039 2033 3096 Jesus

2209 3036 2364 3091 Μετὰ
2421 3037 2520 3107 μὲν
2572 3031 2668 3090 οὖν
2723 3036 2824 3107 τὴν
2879 3036 3150 3105 Τεμήρεω
3202 3036 3553 3107 ἀναχώρησιν
3615 3040 3712 3093 ἐπὶ

473 3140 588 3209 (qui
615 3147 669 3191 et
692 3134 879 3199 Josua)
904 3133 1137 3186 ﬁliorum
1173 3130 1429 3200 Pajazitis
1454 3140 1584 3183 natu
1614 3130 1883 3184 maximus
1906 3129 2042 3199 (82),

475 3227 781 3284 conciliatis
816 3225 917 3280 sibi
942 3222 1259 3294 proceribus
1282 3222 1431 3291 regni
1497 3220 1590 3289 qui
1630 3221 1682 3274 in
1749 3220 1920 3289 patris
1951 3218 2047 3273 Ja~

477 3323 600 3375 nuis
634 3328 965 3381 meruerant,
997 3315 1189 3370 accitis
1219 3314 1383 3370 etiam
1413 3323 1683 3385 quotquot
1706 3314 2049 3382 potuitperc-
2074 3367 2082 3373 _

461 3414 665 3483 .grinis.
703 3426 927 3482 regnum
977 3407 1286 3477 occupavit.
1328 3407 1458 3461 Nam
1497 3404 1717 3475 Pajaziti
1777 3405 1887 3459 nati
1919 3412 2047 3459 sum

464 3506 593 3568 ﬁlii,
630 3503 812 3566 Jesus,
837 3501 1207 3558 Muisumanes
1256 3498 1367 3569 (qui
1400 3507 1453 3553 et
1492 3498 1904 3568 Musulmanes),
1934 3498 2045 3551 Mo-

476 3614 587 3661 ses,
622 3595 976 3656 Mcchmctes,
1009 3591 1168 3646 Jcsus
1207 3592 1387 3644 minor
1442 3601 1492 3643 et
1517 3589 1856 3660 Mustaphas.
1885 3588 2046 3644 Jcsns

479 3690 644 3757 igitur
671 3687 760 3741 ubi
793 3686 1027 3755 primum
1062 3684 1115 3737 in
1146 3683 1330 3736 Asiam
1373 3689 1617 3745 venerat,
1657 3690 1782 3750 post
1814 3679 2047 3734 Ten:iris

477 3783 780 3836 discessum
806 3779 862 3832 in
898 3775 1149 3831 Cberiam
1197 3774 1404 3829 ducens
1427 3788 1609 3828 secum
1635 3774 2045 3842 peregrinorum

475 3871 750 3934 cohortes,
777 3878 831 3923 et
863 3868 1098 3936 optimos
1147 3879 1415 3935 quosque,
1437 3865 1528 3933 qui
1599 3862 1833 3918 Temiris
1860 3878 2051 3918 evase-

475 3971 599 4019 rant
628 3977 847 4025 manus,
876 3960 1103 4015 Prusam
1134 3960 1289 4029 regni
1322 3959 1503 4014 sedem
1560 3957 1764 4013 invasit
1818 3968 1870 4013 et
1925 3974 2046 4012 eam

474 4055 735 4111 obtinuit.
770 4053 955 4109 Asiam
987 4052 1323 4115 universam,
1348 4065 1469 4119 qua:
1498 4050 1550 4103 in
1584 4057 1910 4119 potestatem
1952 4066 2047 4104 vc-

476 4155 633 4202 nerat
662 4145 1036 4216 magistratus,
1072 4143 1273 4196 muniis
1310 4142 1562 4206 ﬁrmavit,
1591 4151 1645 4197 et
1678 4144 1730 4195 in
1773 4141 2047 4210 Europam

477 4235 993 4305 transgressus,9l
1019 4234 1165 4289 brevi
1198 4249 1319 4288 cum
1343 4232 1656 4287 Grazcorum
1693 4248 1858 4303 regno
1883 4233 2045 4286 etiam

477 4332 705 4400 Europae
731 4330 1019 4399 imperium
1055 4335 1251 4381 nactus
1283 4334 1390 4380 est.
1418 4323 1651 4394 Europae
1685 4339 1814 4378 vero
1851 4325 2044 4378 ducem

2150 3132 2358 3202 Χερίην
2433 3129 2640 3200 Ἰησοῦς
2695 3131 2723 3183 ὁ
2787 3130 3164 3200 πρεσϐύτερος
3219 3130 3331 3182 τῶν
3388 3131 3715 3202 Παιαζήτεω

2151 3223 2375 3286 παίδων,
2408 3224 2506 3292 τήν
2557 3239 2615 3274 τε
2663 3221 2941 3291 βασιλείαν
2992 3223 3249 3292 κατέσχε,
3286 3225 3543 3289 συλλέξας
3587 3225 3716 3288 τούς

2149 3331 2208 3366 τε
2239 3314 2495 3384 ἀρίστους
2539 3315 2645 3366 τῶν
2679 3313 2858 3383 θυριῖιν
2908 3313 3004 3366 τοῦ
3036 3315 3267 3383 πατρὸς,
3304 3321 3399 3369 καὶ
3456 3317 3717 3382 νεήλυδας

2150 3406 2562 3477 προσαγόμενος
2601 3405 2756 3466 ὅσους
2790 3404 2854 3474 δὴ
2882 3405 3131 3474 ἠδύνατο.
3164 3406 3252 3476 Τῷ
3282 3410 3391 3477 γὰρ
3437 3408 3502 3479 δὴ
3544 3408 3718 3461 Παια-

2150 3499 2285 3571 ζήτῃ
2315 3498 2565 3565 ἐγένοντο
2596 3498 2783 3561 παῖδες
2813 3497 2947 3559 οἵδε,
2993 3497 3203 3567 Ἰησοῦς
3230 3516 3288 3551 τε
3314 3502 3410 3554 καὶ⁵
3437 3501 3718 3553 Μουσουλ-

2154 3591 2348 3661 μάνης,
2383 3590 2478 3642 καὶ
2521 3588 2749 3658 Μωσῆς,
2781 3592 2875 3642 καὶ
2926 3590 3247 3660 Μεχμέτηῖ,
3292 3595 3383 3644 καὶ
3445 3592 3655 3660 Ἰησοῦς
3688 3596 3718 3645 6

2149 3682 2433 3752 νεώτερος,
2490 3683 2585 3734 xui.
2642 3682 2997 3749 Μουστιφᾶς.
3082 3680 3287 3751 Ἰησοῦς
3345 3682 3448 3751 μὲν
3513 3684 3715 3739 αὐτίκα

2154 3776 2295 3845 μετὰ
2326 3774 2423 3842 τὴν
2466 3773 2742 3842 Τεμήρεω
2787 3772 3157 3842 ἀναχώρησιν,
3185 3774 3243 3827 ἐν
3276 3776 3341 3843 τῇ
3384 3775 3542 3846 Ἀσίᾳ
3571 3775 3719 3843 γενό-

2153 3882 2335 3934 μενος,
2366 3865 2504 3933 ἔχων
2538 3862 2663 3924 τούς
2711 3880 2771 3915 τε
2802 3863 3216 3935 νεήλυδαςμετ¹
3265 3864 3453 3931 αὑτοῦ,
3486 3868 3580 3920 καὶ
3609 3867 3720 3920 τῶν

2152 3959 2390 4026 ἀρίστων
2443 3956 2865 4023 ὃσοι,διέφυγον
2926 3955 3152 4025 βασιλέα
3211 3958 3495 4029 Τεμήρην.
3544 3961 3614 4012 τά
3657 3977 3718 4012 τε

2153 4050 2404 4121 Προύσης
2439 4048 2685 4119 βασίλεια
2714 4048 2860 4117 ἔσχε,
2893 4049 2986 4102 καὶ
3028 4047 3125 4118 τὴν
3176 4048 3342 4118 ἄλλην
3387 4050 3491 4119 τῆς
3534 4051 3721 4113 Ἀσίας

2151 4143 2328 4212 ἀρχὴν
2356 4143 2534 4209 ἑαυτῴ
2586 4141 2954 4209 ὑπαγόμενος,
2986 4140 3083 4201 τάς
3122 4156 3181 4195 τε
3230 4141 3405 4211 ἀρχὰς
3450 4143 3715 4212 διένειμε.

2153 4234 2245 4287 καὶ
2274 4234 2329 4296 ἐς
2352 4234 2450 4303 τὴν
2482 4232 2754 4303 Εὐρώπην
2778 4232 2991 4296 διαϐὰς,
3022 4233 3120 4303 τήν
3158 4250 3217 4285 τε
3246 4233 3533 4304 βασιλείαν
3564 4238 3724 4291 χατέ-

2156 4341 2281 4395 σχεν
2329 4324 2620 4391 Ἑλλήνων,
2655 4326 2746 4378 ἐπὶ
2796 4325 2865 4377 τὰ
2912 4323 3183 4395 Εὐρώπης
3227 4325 3473 4393 βασίλεια
3526 4330 3721 4382 ὄντων.

476 4422 649 4483 dedit,
675 4420 765 4488 qui
796 4419 897 4472 sibi
936 4416 1003 4470 ad
1038 4430 1155 4469 eam
1208 4430 1318 4469 rem
1365 4415 1653 4469 videbatur
1704 4413 2042 4482 aptissimus.

2153 4418 2261 4470 Kal.
2315 4416 2553 4487 ἄρχοντα
2602 4417 2659 4471 δὲ
2718 4417 3006 4486 ἐφίστησιν
3043 4420 3100 4469 ὲν
3154 4420 3218 4487 τῇ
3275 4415 3607 4493 Εὑρὼπῃ,ᾖ
3658 4421 3722 4487 δὴ

481 4514 850 4567 Mulsumanes
872 4525 996 4563 cum
1029 4509 1271 4562 exercitu
1299 4521 1554 4574 egressus
1592 4506 1876 4573 Byzantio,
1932 4503 2047 4557 bel-

479 4604 588 4655 lum
617 4601 809 4655 indicit
841 4600 992 4663 Jcsu,
1056 4599 1167 4651 sive
1203 4596 1406 4650 losuze.
1441 4597 1577 4649 Cum
1626 4606 1803 4649 autem
1842 4595 2049 4649 Mulsu-

485 4704 672 4744 manes
701 4689 1024 4743 bellicarum
1050 4700 1233 4740 rerum
1269 4684 1637 4753 peritissimus
1691 4685 1846 4752 longe
1881 4685 2041 4739 habe-

478 4789 653 4842 retur,
691 4792 744 4834 et
765 4778 833 4832 ad
860 4779 1033 4847 ipsum
1089 4775 1408 4829 advolarent
1459 4790 1525 4828 ex
1584 4775 1795 4842 Europa
1859 4776 2047 4844 Optimi

479 4868 683 4936 quique
707 4873 760 4920 et
792 4864 1086 4935 peregrini,
1120 4864 1210 4933 qui
1239 4865 1312 4919 ibi
1349 4862 1508 4918 sedes
1549 4864 1851 4928 habebant,
1884 4866 2048 4934 proli-

479 4959 791 5014 ciscebatur
811 4972 907 5027 per
953 4957 1224 5025 Europam
1289 4954 1600 5008 universam
1630 4969 1925 5026 peragrans
1955 4997 1969 5019 ,
1994 4965 2049 5010 et

485 5057 537 5106 in
563 5051 824 5106 ditionem
852 5049 1149 5118 accipiens,
1182 5046 1311 5102 Jesu
1365 5048 1593 5103 absente
1652 5057 1704 5103 et
1771 5062 1955 5103 moras
1993 5048 2046 5102 in

482 5146 609 5198 Asia
636 5151 906 5196 nectente.
939 5139 1036 5193 His
1070 5140 1143 5193 ita
1197 5139 1388 5207 gestis,
1422 5128 1762 5194 transvectus
1787 5138 1838 5191 in
1864 5140 2046 5193 Asiam

483 5231 999 5288 munitusexercitu
1036 5245 1196 5301 quem
1247 5231 1303 5283 in
1354 5230 1567 5299 Europa
1620 5231 2048 5298 conscripserat,

481 5324 665 5379 hostili
696 5324 881 5379 animo
909 5323 1085 5393 pergit
1117 5330 1311 5376 contra
1350 5320 1575 5375 fratrem
1639 5337 1800 5376 suum
1829 5320 2046 5385 Iesum,

480 5417 582 5472 sub
619 5416 761 5471 idem
793 5424 1011 5485 tempus
1049 5416 1102 5469 in
1131 5413 1478 5485 Cappadocia
1498 5422 1771 5482 agentem,
1796 5414 1922 5483 quia
1960 5413 2048 5466 Si-

2151 4507 2299 4577 αὑτῷ
2356 4507 2682 4576 ἐπιτηδείως
2744 4509 2886 4578 ἔχειν
2946 4510 3220 4576 ἐφαίνετο.
3282 4511 3722 4578 Μουσουλμάνης

2155 4599 2251 4668 μὲν
2296 4594 2387 4652 οὖν
2440 4599 2767 4669 έρμώμενος
2807 4602 2914 4652 ἀπὸ
2958 4601 3276 4665 Βυζαντίου,
3306 4602 3592 4655 συνίστατο
3625 4604 3722 4656 ἐπὶ

2153 4691 2244 4742 τὸν
2280 4688 2511 4760 Ἰησοῦν,
2544 4691 2732 4743 καὶτὰ
2777 4693 3008 4757 πολέμια
3058 4692 3354 4759 γενόμενος
3394 4692 3535 4763 ἀνὴρ
3581 4694 3722 4761 ἁγα-

2155 4782 2265 4845 Οὺς,
2296 4783 2387 4834 καὶ
2437 4783 2524 4835 ἐπ’
2554 4782 2719 4835 αὐτὸν
2772 4786 3221 4853 προσγενομένων
3260 4784 3371 4835 τῶν
3401 4784 3501 4853 τῆς
3536 4785 3721 4853 Εὐρώο

2155 4891 2260 4940 πης
2290 4874 2551 4943 ἀρίστων.
2590 4875 2685 4928 καὶ
2707 4873 2995 4942 νεηλύδων,
3025 4874 3137 4928 ὅσοι
3166 4890 3226 4926 τε
3262 4874 3430 4927 αὑτοῦ
3455 4875 3718 4945 ὲνῴκουν,

2152 4965 2309 5035 ἐπῄει
2350 4982 2409 5018 τε
2436 4966 2523 5018 διὰ
2561 4967 2659 5035 τῆς
2690 4963 2957 5035 Εὐρώπης
3000 4966 3330 5031 ἐπεξελθών.
3362 4969 3473 5023 Καὶ
3508 4970 3718 5039 ὑπαγό-

2157 5074 2317 5125 μενος
2368 5056 2573 5128 ταύτην
2624 5057 2826 5127 ἑαυτῷ,
2859 5058 3089 5121 ἀπόντος
3139 5058 3233 5112 τοῦ
3289 5060 3465 5131 Ἰησοῦ
3512 5061 3570 5124 ἐς
3618 5062 3717 5130 τὴν

2167 5150 2354 5203 Ἀσίαν
2404 5152 2496 5203 καὶ
2539 5150 2930 5219 διατρίϐοντος.
2965 5151 3122 5204 Μετὰ
3178 5152 3234 5204 δὲ
3290 5155 3463 5206 ταῦτα
3511 5155 3568 5215 ἐς
3622 5152 3719 5223 τὴν

2168 5241 2351 5294 Ἀσίαν
2390 5240 2601 5306 διαϐὰς,
2631 5242 2769 5312 ἔχων
2817 5242 2877 5295 τὸ
2923 5242 3035 5295 ἀπὸ
3081 5243 3177 5313 τῆς
3223 5244 3496 5315 Εὐρώπης
3551 5247 3718 5315 στρά-

2153 5348 2331 5401 τευμα
2388 5334 2745 5406 ἐστρατεύετο
2795 5336 2888 5387 ἐπὶ
2946 5335 3153 5405 Ἰησοῦν
3199 5336 3291 5391 τὸν
3321 5337 3570 5405 ἀδελφὸν,
3603 5336 3719 5388 δια-

2151 5423 2411 5489 τρίϐοντα
2465 5426 2591 5497 περὶ
2637 5426 3053 5492 Καππαδοκίαν,
3084 5430 3206 5480 ἐπεὶ
3262 5429 3606 5498 συνεμάχουν
3663 5427 3715 5479 οἱ

1733 5559 1978 5620 Notulae
2013 5563 2422 5640 marginales.

543 5709 659 5783 (82)
685 5708 850 5766 Josue
874 5718 1056 5765 sextus
1084 5707 1382 5765 Turcorum
1410 5723 1525 5773 rex,
1566 5706 1719 5777 1398,
1758 5709 1831 5763 al.
1889 5710 2041 5765 I409.
