4010 6208
248 259 342 323 1³έᾶ

1293 260 1391 319 DE
1434 256 1690 319 REBUS
1725 256 2085 318 TURCICIS
2130 256 2277 316 LiB.
2324 254 2421 315 1V.

3398 254 3525 317 Τί

248 375 337 427 τοῦ
370 371 651 426 Σινωπίου
683 372 955 443 ἡγεμόνες
983 370 1155 443 αὐτῷ,
1186 374 1279 425 καὶ
1314 373 1363 424 οἱ
1393 373 1492 443 τῆς
1521 372 1840 442 συμμαχίας

1949 383 2225 438 nopenses
2241 368 2516 438 principes
2541 367 2952 423 auxiliabantur
2976 369 3047 434 ei,
3078 375 3133 423 et
3162 369 3354 440 reliqui
3377 371 3529 441 prin-

245 465 419 519 λοιποὶ
445 466 563 518 τῶν
595 464 907 536 τυράννων.
936 463 1241 534 Συμϐαλὼν
1264 465 1319 518 δὲ
1352 464 1520 519 αὐτοῦ
1552 464 1729 539 ταύτῃ
1758 464 1834 533 τῷ

246 560 477 632 ἀδελφῷ,
508 559 605 613 καὶ
630 560 995 628 τρεψάμενος.
1021 557 1195 613 πο).λά
1218 575 1277 610 τε
1298 558 1393 611 τοῦ
1424 558 1834 628 στρατεύματος

250 651 410 706 αὑτοῦ
463 653 523 703 ὲν
574 653 647 721 τῇ
672 654 835 721 μάχη
884 648 1186 718 διέφθειρε,
1219 650 1315 703 καὶ
1360 646 1425 718 δὴ
1468 647 1678 716 Ἰησοῦν
1728 648 1836 713 ζω-

252 745 485 814 γρήσας,
542 744 908 813 διεχρήσατο,
945 740 1351 812 βασιλεύσαντα
1409 740 1505 810 ἔτη
1566 742 1832 810 τέσσαρα.

254 830 420 901 Οὗτος
447 838 550 906 μὲν
584 836 655 906 δὴ
680 836 822 889 οὕτω
855 834 1212 903 καθαιρεθεὶς
1241 834 1347 887 ὑπὸ
1376 833 1833 905 Μουσουλμάνεω,

254 930 632 999 ἐτελεύτησεν.
673 930 764 993 Ὠς
815 930 874 981 δὲ
923 927 1385 1001 Μουσουλμᾶνης,
1420 930 1478 992 ἐς
1531 928 1629 998 τὴν
1682 926 1837 998 βασι-

256 1025 397 1077 λείαν
446 1024 713 1093 κατέστη,
763 1024 860 1077 καὶ
917 1023 1226 1090 ὲῦασίλευε,
1260 1022 1464 1091 Μωσῆς
1516 1021 1840 1092 μεμαουμέ-

256 1133 339 1177 νος
366 1115 431 1178 ⁸⁸,
464 1116 562 1168 καὶ
606 1115 837 1183 ἀφεθεὶς
878 1114 985 1166 ὑπὸ
1029 1113 1302 1184 Τεμήρεω
1337 1112 1621 1183 βασιλέως,
1655 1111 1840 1182 ἐκομί-

263 1209 377 1273 ζετο
430 1210 520 1262 ἐπὶ
569 1206 674 1279 τὴν
725 1206 992 1277 πατρῴαν
1028 1205 1237 1276 χώραν,
1268 1208 1364 1260 καὶ
1404 1208 1496 1259 ἐπὶ
1540 1205 1835 1273 θαλάττης.

274 1302 628 1371 Ἀφικόμενος
670 1300 729 1353 δὲ
781 1299 875 1352 ἐπὶ
935 1299 1063 1361 τοὺς
1116 1297 1403 1369 Ὀμοὺρεω
1450 1298 1673 1361 παῖδας,
1713 1298 1840 1360 τοὺς

264 1392 698 1463 Μουσουλμάνεω
731 1391 1054 1458 πολεμίους,
1086 1389 1175 1443 διὰ
1194 1388 1295 1459 τὴν
1328 1389 1466 1459 πρὸς
1495 1388 1587 1439 τὸν
1629 1386 1840 1457 Ἰησοῦν

266 1486 433 1540 αὐτῶν
460 1485 806 1556 συμμαχίαν,
839 1485 935 1539 ἐπὶ
959 1482 1211 1551 Σινώπην
1241 1499 1299 1534 τε
1339 1482 1434 1534 καὶ
1471 1482 1835 1550 Καστάμονα,

270 1580 355 1631 καὶ
398 1579 647 1632 ἐντεῦθεν
700 1577 793 1629 ἐπὶ
838 1576 1068 1640 Δακίαν,
1094 1575 1286 1639 διαϐὰς
1313 1575 1403 1629 διὰ.
1447 1575 1541 1628 τοῦ
1579 1573 1839 1638 Εὐξείνου

272 1672 480 1736 πόντου,
503 1672 597 1723 καὶ
634 1671 729 1722 ἐπὶ
761 1670 990 1736 Μὺρξαν
1033 1667 1127 1721 τὸν
1159 1667 1366 1730 Δακίας
1390 1670 1659 1737 ἡγεμόνα,
1693 1664 1841 1737 αὐτῷ

276 1781 331 1815 τε
379 1726 615 1833 διελέχθη
648 1763 719 1816 τά
759 1778 820 1814 τε
861 1726 1026 1826 ’ἄλλω
1064 1763 1159 1815 καὶ
1201 1761 1275 1824 ώς
1320 1726 1387 1830 ἢν
1551 1726 1656 1829 τὴῷ
1683 1726 1838 1829 βασιλ
1876 1726 1918 1784 Β

280 1854 424 1907 λείαν
462 1854 901 1923 συνεπιλάεηται,
934 1852 1116 1907 δοῦναι
1176 1853 1327 1923 αὐτῷ
1363 1853 1628 1923 πρόσοδον
1678 1854 1735 1907 ἐν
1771 1855 1837 1925 τῇ

289 1948 538 2018 Εὗρώπη,
562 1948 647 2000 χαλ.
674 1946 859 2017 χώραν
905 1947 1006 1999 οὐκ
1053 1947 1268 2015 ὀλίγην.
1302 1947 1445 2017 Πρός
1478 1965 1538 2000 τε
1568 1948 1675 2016 γὰρ
1711 1946 1840 2000 Ἔλ-

296 2042 458 2109 ληνας
514 2040 733 2111 πολέμια
788 2037 853 2111 ἦν
908 2041 1078 2109 αὐτῷ,
1119 2040 1213 2092 ὲπί
1257 2056 1316 2092 τε
1372 2041 1610 2109 Μύρξεω
1674 2040 1840 2092 παῖδα

300 2134 456 2185 αὑτοῦ
487 2133 545 2184 ὲν
579 2132 849 2202 Βυζαντίῳ
891 2131 1243 2195 ὑπεδέξαντο,
1277 2131 1371 2184 καὶ
1419 2130 1688 2200 ὑπέχοντα
1740 2131 1841 2200 τὴν

292 2222 460 2292 ἀρχὴν
506 2221 648 2291 αὐτῷ
713 2220 849 2291 μετὰ
908 2219 1353 2289 Μουσουλμάνεω
1425 2221 1470 2251 ³⁷
1528 2220 1839 2289 ἐπιτηδείου

288 2311 833 2382 συγκατεργάσεσθαι.
862 2304 1030 2374 Οὗτος
1083 2311 1183 2380 μὲν
1218 2304 1314 2364 οῦν
1357 2310 1449 2363 τόν
1495 2328 1555 2363 τε
1603 2310 1841 2379 Μωῦσῆν

283 2403 562 2470 ὑπεδέξατο
621 2406 887 2474 ἄσμενος,
932 2408 1028 2459 καὶ
1078 2405 1232 2476 αὐτῷ
1285 2405 1580 2475 παρείχετο
1632 2406 1729 2476 τήν
1781 2422 1841 2458 τε

281 2497 484 2551 δίαιταν
512 2499 598 2551 καὶ
627 2499 693 2553 τὰ
724 2498 1009 2569 ἐπιτήδεια
1033 2514 1045 2527 ·
1088 2499 1183 2552 καὶ
1210 2497 1302 2552 τὸν
1325 2499 1556 2568 στρατὸν
1598 2497 1653 2551 δὲ
1685 2497 1837 2567 αὐτῷ

282 2590 468 2645 ἐδίδου.
515 2590 791 2644 Ἐντεῦθεν
835 2590 895 2644 δὲ
941 2590 1015 2654 tit;
1074 2591 1130 2655 ἐς
1174 2590 1272 2662 τὴν
1322 2590 1510 2643 Ἀσίαν
1555 2589 1829 2644 Μουσουλ-

285 2681 453 2753 μάνης
480 2682 641 2748 ἀπῆν,
673 2664 1039 2753 ἐπιρῤἐόντων
1088 2682 1238 2753 αῦτῷ
1287 2681 1396 2736 τῶν
1442 2681 1551 2736 ἀπὸ
1595 2681 1695 2749 τῆς
1744 2682 1843 2734 Εὑ-

280 2774 475 2843 ρὼπης,
521 2775 637 2828 ὅσοι
688 2774 920 2844 ἤχθοντο
961 2773 1394 2845 Μουσουλμάνῃ,
1427 2773 1527 2826 οὐκ
1570 2772 1633 2825 εὖ
1682 2773 1844 2844 φερὸ-

279 2882 418 2935 μενοι
450 2868 577 2935 παρ’
604 2866 776 2937 αὐτῷ,
799 2869 894 2921 καὶ
923 2865 1275 2937 ὁρμώμενος,
1303 2865 1485 2920 λαϐών
1508 2883 1567 2919 τε
1591 2864 1839 2928 τούτους,

280 2958 361 3010 καὶ
387 2958 489 3011 ἀπὸ
517 2959 720 3010 Δακῶν
768 2958 1003 3027 στρατὸν
1041 2958 1250 3022 ίκανδν,
1283 2958 1661 3028 ὲπισπομένου
1691 2956 1842 3025 αὖτῷ

1939 462 2121 531 cipum
2190 461 2327 517 socii
2384 461 2634 517 subsidio
2688 461 2997 516 veniebant.
3062 461 3289 517 Collatia
3348 470 3527 516 autem

1939 572 2006 611 co
2042 558 2141 613 loci
2171 557 2368 627 signis,
2402 572 2650 627 pugnans
2676 557 3008 621 cumfratre.
3030 567 3077 611 et
3105 573 3231 612 cum
3261 557 3313 610 in
3344 555 3526 628 fugam

1939 650 2265 720 conjiciens,
2308 653 2603 705 maximam
2645 650 2923 704 exercitus
2962 659 3169 720 partem
3230 651 3281 704 in
3340 651 3530 719 praelio

1942 744 2160 800 statuit.
2194 741 2354 797 Iesus
2388 759 2519 798 vero
2553 744 2785 798 vivusin
2844 758 3039 797 manus
3094 743 3269 797 venit.
3328 742 3528 810 Quem,

1941 852 2065 891 cum
2090 851 2255 904 regno
2286 836 2594 906 praefuisset
2618 840 2777 892 annis
2804 846 3055 908 quatuor,
3078 837 3371 892 trucidavit
3390 837 3527 905 (83).

1942 928 1993 982 Is
2024 930 2189 999 igitur
2212 946 2239 983 a
2275 929 2625 986 Mulsntnane
2659 943 2999 1002 peremptus,
3036 932 3090 985 in
3120 930 3268 986 hunc
3305 929 3527 984 modum

1942 1029 2174 1074 mortem
2198 1021 2355 1076 obiit.
2385 1022 2459 1077 Ut
2491 1024 2725 1092 primum
2760 1023 3131 1079 Mulsumanes
3156 1023 3271 1093 (86)
3300 1038 3528 1093 regnare

1942 1114 2130 1181 cmpit,
2156 1116 2340 1170 Moses
2358 1116 2449 1185 qui
2482 1115 2749 1171 dimissus
2775 1128 2894 1172 erat
2924 1132 2951 1169 a
2982 1131 3109 1186 rege
3128 1114 3365 1180 Temire,
3389 1114 3525 1168 mari

1943 1205 2313 1263 advehebatur
2345 1208 2411 1262 ad
2462 1208 2698 1278 patriam
2734 1209 3033 1279 regionem.
3086 1208 3399 1263 Adveniens
3428 1224 3527 1261 au-

1946 1310 2057 1354 tem
2089 1300 2154 1354 ad
2198 1298 2440 1355 Homiris
2503 1300 2664 1365 filios,
2724 1300 3083 1357 Mulsumanis
3131 1301 3339 1367 hostes,
3398 1301 3526 1370 quia

1944 1392 2093 1448 socia
2120 1409 2271 1447 arma
2307 1394 2795 1449 contulerantcum
2824 1394 2978 1459 Jesu,
3013 1395 3281 1450 accedens
3310 1408 3529 1464 quoque

1944 1484 2184 1556 Sinopen
2225 1494 2278 1540 et
2312 1486 2720 1555 Castamonem,
2753 1499 2805 1542 et
2837 1489 2965 1543 hinc
2988 1489 3045 1543 in
3093 1488 3314 1542 Daciam
3346 1495 3530 1540 trans-

1947 1576 2116 1632 misso
2170 1577 2387 1633 Euxino
2438 1588 2605 1648 ponto
2658 1581 3006 1648 perveniens,
3070 1580 3138 1634 ad
3195 1580 3527 1649 colloquium

1947 1683 2073 1723 cum
2108 1669 2294 1741 Myrxa
2326 1671 2437 1736 (85)
2470 1671 2818 1741 Daciaamttae
2881 1683 2935 1728 et
2991 1672 3203 1740 Servia)
3265 1671 3530 1742 praefecto

1949 1761 2117 1815 venit.
2157 1762 2305 1817 Inter
2337 1773 2537 1818 caetera
2573 1778 2705 1819 vero
2738 1765 2861 1819 talis
2898 1774 3015 1818 erat
3034 1765 3201 1821 Musis
3226 1766 3418 1835 petitio
3448 1783 3459 1817 :
3484 1768 3529 1819 si

1944 1851 2065 1921 ejus
2104 1853 2309 1908 auxilio
2332 1852 2554 1923 adjutus
2588 1870 2680 1907 rex
2712 1864 3015 1920 crearetur,
3080 1870 3139 1909 se
3168 1856 3425 1910 daturum
3478 1859 3527 1910 ei

1945 1941 2151 1999 reditus
2170 1959 2397 2012 magnos
2416 1943 2470 1998 in
2491 1946 2727 2014 Europa.
2743 1953 2798 1999 et
2817 1946 3221 2015 assignaturum
3252 1947 3526 2015 regionem

1944 2048 2051 2087 non
2069 2035 2357 2087 modicam.
2382 2034 2511 2089 Erat
2542 2036 2685 2088 enim
2709 2034 3020 2090 Graecorum
3038 2036 3232 2090 hostis.
3263 2035 3528 2091 Praeterea

1945 2124 2191 2194 Byzantii
2222 2124 2393 2179 lilium
2416 2125 2613 2195 Myrxae
2646 2137 3030 2198 susceperunt,
3051 2130 3530 2198 promiseruntquc

1945 2231 2003 2271 se
2023 2216 2151 2270 huic
2167 2226 2220 2271 et
2243 2216 2570 2274 Musulmani
2589 2236 2815 2289 regnum
2835 2221 3160 2274 tradituros.
3183 2220 3395 2291 Myrzas
3416 2222 3532 2290 qui-

1944 2307 2065 2361 dem
2104 2307 2289 2364 Mosen
2330 2310 2563 2380 benigne
2613 2312 2909 2381 libentique
2969 2314 3153 2367 animo
3198 2312 3529 2383 excipiebat,

1944 2401 2101 2469 eique
2120 2401 2321 2469 victum
2336 2412 2389 2456 et
2406 2404 2711 2459 necessaria
2730 2405 3132 2474 promptissime
3147 2405 3535 2475 suppeditabat

1944 2490 2121 2545 eidem
2140 2508 2361 2562 quoque
2378 2495 2683 2548 exercitum
2699 2494 2873 2548 dedit.
2895 2494 3032 2549 Cum
3058 2504 3241 2551 autem
3292 2497 3533 2567 undique

1946 2582 2181 2641 adhunc
2227 2585 2565 2641 confluerent
2618 2601 2682 2641 ex
2731 2585 2945 2655 Europa
3003 2595 3273 2655 quotquot
3327 2587 3529 2644 infensi

1945 2686 2102 2732 erant
2137 2676 2465 2732 Mulsumani
2492 2679 3095 2747 (aberateniminAsia
3137 2679 3352 2751 agens),
3402 2679 3531 2749 quia

1946 2782 2054 2821 non
2073 2766 2207 2822 satis
2226 2766 2389 2837 digne
2428 2771 2498 2821 ab
2543 2767 2659 2837 ipso
2707 2777 3096 2837 tractarentur,
3131 2770 3531 2839 expeditionem

1945 2860 2388 2930 sumpsitcontra
2413 2859 2663 2923 fratrem.
2682 2864 2983 2933 assumptis
3014 2872 3287 2934 quotquot
3333 2880 3535 2939 conve-

1949 2960 2162 3007 nerant.
2183 2952 2383 3008 Habuit
2404 2964 2456 3010 et
2477 2954 2748 3011 Dacorum
2790 2957 3090 3012 exercitum
3113 2973 3373 3029 magnum
3408 2973 3531 3014 cum

279 3050 357 3102 ul
384 3050 554 3103 Τάνου
582 3049 635 3080 ⁸⁸
666 3050 761 3102 τοῦ
798 3049 989 3103 Δακῶν
1021 3050 1316 3119 ἡγεμόνος,
1348 3051 1449 3121 τήν
1478 3068 1537 3103 τε
1569 3049 1843 3121 Εὐρώπην

1950 3044 2100 3114 prius
2114 3044 2234 3116 ~(86)
2253 3045 2487 3102 Tainum
2507 3064 2698 3103 eorum
2717 3049 2911 3105 ducem
2928 3051 3031 3105 sibi
3046 3052 3421 3107 conciliasset.
3439 3052 3535 3107 [lis

276 3140 541 3209 κατέσχεν,
573 3140 675 3194 καὶ
724 3141 817 3194 ἐπὶ
868 3143 938 3195 τὰ
992 3142 1245 3211 βασίλεια
1275 3143 1376 3213 τῆς
1435 3142 1715 3211 Ἀδριανοῦ
1751 3143 1849 3195 πό-

277 3230 397 3295 λεως
434 3232 657 3302 παριὼν
691 3233 1050 3303 καθειστήκει
1096 3252 1159 3287 τε
1199 3233 1478 3301 βασιλεὺς,
1502 3234 1601 3287 καὶ
1628 3236 1719 3288 ἐπὶ
1757 3235 1848 3287 τὸν

275 3320 484 3389 ἀδελφὸν
532 3324 603 3387 ἐς
635 3323 734 3393 τὴν
796 3324 986 3379 Ἀσίαν
1043 3327 1494 3396 παρεσκευάζετο
1554 3328 1850 3398 στρατεύε-

279 3412 407 3467 σθαι.
442 3414 893 3484 Μουσουλμάνης
931 3416 988 3468 δὲ
1018 3417 1264 3487 ὑπήγετο
1297 3419 1392 3471 καὶ
1421 3418 1583 3483 αὐτὸς
1620 3419 1843 3489 φθῆναι.

280 3506 525 3577 πρότερος
600 3508 659 3570 ἐς
710 3508 811 3578 τὴν
855 3509 1040 3564 Ἀσίαν
1096 3510 1314 3574 διαϐάς.
1346 3511 1560 3578 Διὲγνω
1606 3514 1715 3584 γὰρ
1757 3516 1850 3567 καὶ

275 3597 462 3666 ἀμφοῖν
490 3599 745 3669 ἄμεινον,
777 3602 872 3653 καὶ
902 3600 1041 3671 πρὸς
1083 3602 1178 3655 τοῦ
1211 3603 1401 3674 ἑτέρου
1439 3598 1607 3669 εἶναι,
1661 3605 1851 3658 ὁπότε-

274 3708 357 3758 ρος
383 3692 444 3746 ἂν
468 3694 566 3746 ἐπὶ
595 3692 693 3763 τὴν
725 3693 819 3746 τοῦ
859 3694 1046 3763 ἐτέρου
1078 3695 1256 3765 ἀρχὴν
1286 3694 1505 3763 διαϐὰς,
1538 3696 1637 3767 τὴν
1671 3697 1850 3768 μάχην

278 3790 552 3857 ποιήσαιτο
616 3789 806 3853 αὑτοῦ,
864 3792 958 3844 καὶ
1012 3792 1085 3860 μὴ
1142 3793 1406 3864 ὲπιμείνῃ
1471 3793 1567 3845 τὸν
1616 3793 1849 3860 ἀδελφὸν

275 3880 746 3943 ἑπιόντα.Δια6ἀ;
798 3898 857 3934 τε
906 3884 1002 3935 ἐπὶ
1058 3884 1120 3935 τὸ
1171 3883 1486 3949 Βυζάντιον,
1512 3884 1654 3938 ὥστε
1700 3885 1851 3953 αὐτῷ

278 3972 417 4039 φιλία
444 3971 597 4029 εἶναι
630 3975 767 4045 πρὸς
797 3975 890 4028 τὸν
916 3976 1214 4040 Βυζαντίου
1246 3977 1491 4046 βασιλέα,
1522 3977 1718 4044 ἄγεται
1752 3979 1851 4048 τὴν

279 4061 523 4129 βασιλέως
584 4065 785 4121 υἱιδοῦν
825 4068 1064 4121 Ἰαννύου
1120 4069 1165 4101 ⁵³
1200 4068 1501 4139 Τουντόρια
1551 4069 1849 4140 θυγατέρα,

279 4158 461 4211 υἱιδοῦν
504 4160 571 4213 δὲ
614 4159 708 4212 τοῦ
754 4158 1021 4229 βασιλέως
1064 4160 1362 4231 Ἑλλήνων,
1393 4162 1667 4231 ἀγόμενος
1706 4162 1855 4215 Μου-

277 4250 582 4323 σουλμάνης
625 4253 653 4305 ό
708 4251 1031 4322 Παιαζήτεω
1084 4255 1238 4315 παῖς.
1282 4254 1395 4307 Καὶ
1444 4254 1501 4317 ἐς
1555 4253 1853 4317 Βυζάντιον

275 4341 472 4408 διαδις,
502 4344 873 4412 ἐστρατεύετο
903 4346 1000 4398 ἐπὶ
1029 4345 1121 4398 τὸν
1155 4344 1405 4413 ἀδελφόν.
1440 4346 1647 4415 Μωσῆς
1676 4345 1754 4412 δὲ,
1778 4344 1853 4407 ὡς

1944 3138 2124 3206 copiis
2152 3139 2479 3207 instructus,
2511 3141 2782 3211 EurOpam
2806 3144 3021 3214 subegit
3054 3159 3069 3195 :
3104 3154 3159 3199 et
3188 3146 3533 3215 Adriauopo-

1952 3228 2067 3293 lim,
2096 3245 2218 3299 «tua:
2266 3231 2415 3300 regni
2450 3232 2610 3287 sedes
2640 3240 2744 3296 est,
2779 3232 3080 3303 profectus,
3127 3235 3203 3290 ibi
3230 3252 3323 3290 re:
3353 3236 3538 3291 σοαπ.

1952 3332 2106 3375 ratus
2123 3332 2227 3375 est.
2257 3324 2396 3377 Huic
2419 3323 2638 3378 animus
2669 3335 2786 3378 erat
2810 3327 2973 3379 etiam
3006 3336 3198 3382 contra
3233 3327 3453 3381 fratrem
3481 3330 3532 3380 in

1954 3413 2136 3467 Asiam
2167 3416 2439 3469 exercitus
2469 3430 2709 3471 movere.
2733 3417 3105 3473 Mulsumanes
3141 3419 3281 3473 haud
3314 3420 3532 3474 interim

1953 3507 2219 3562 socordia:
2253 3508 2525 3563 obnoxius
2556 3517 2698 3571 erat.
2726 3525 2916 3564 verum
2963 3510 3259 3567 festinabat
3281 3521 3337 3567 et
3396 3512 3534 3580 ipse,

1956 3610 2013 3652 ut
2046 3598 2264 3654 fratrem
2296 3601 2640 3669 przeveniret,
2699 3603 3025 3673 trajiciendo
3080 3604 3191 3675 92
3231 3607 3419 3675 copias
3477 3607 3531 3661 iu

1953 3695 2136 3747 Asiam
2168 3694 2305 3764 (87).
2340 3694 2452 3750 Hoc
2477 3711 2646 3750 unum
2678 3697 2970 3752 videbatur
2999 3700 3219 3769 utrique
3236 3701 3537 3757 consultis—

1957 3790 2178 3855 simum,
2214 3789 2371 3858 quasi
2417 3790 2645 3845 alterius
2675 3798 2823 3845 esset
2873 3791 3071 3857 victor,
3115 3795 3207 3861 qui
3266 3795 3417 3861 prior
3480 3796 3533 3848 in

1956 3882 2183 3937 alterius
2227 3884 2503 3952 regionem
2535 3883 2800 3945 venisset,
2834 3890 2889 3938 et
2920 3885 3168 3953 prmliutu
3226 3887 3537 3940 commisis-

1957 3987 2057 4035 set,
2099 3990 2198 4028 nec
2221 3983 2573 4042 exspectaret
2604 3974 2781 4029 donec
2799 3974 2968 4030 frater
3027 3976 3334 4031 accederet.
3362 3976 3538 4045 Traji-

1956 4068 2313 4134 ciensitaque
2344 4066 2668 4136 Byzantium
2712 4068 2879 4121 venit.
2915 4066 3048 4121 Cum
3085 4074 3265 4120 autem
3291 4067 3338 4121 ei
3379 4066 3537 4120 fami-

1958 4160 2168 4211 liaritas
2191 4158 2601 4212 intercessisset
2627 4174 2754 4211 cum
2802 4172 2927 4227 rege
2966 4158 3057 4226 qui
3092 4173 3153 4211 ea
3210 4166 3534 4227 tempestate

1958 4250 2276 4321 Byzantium
2307 4250 2547 4315 tenebat,
2569 4264 2793 4303 uxorem
2818 4248 2965 4303 ducit
2989 4249 3134 4318 regis
3156 4258 3371 4319 neptem
3396 4251 3531 4320 (88),

1957 4339 2137 4394 Jannii
2172 4336 2451 4392 Tuntoriat
2487 4337 2677 4401 tiliam,
2726 4352 2849 4391 cum
2908 4348 3067 4392 antea
3124 4340 3531 4393 matrimonium
3632 4386 3643 4391 -

275 4435 494 4505 τάχιστα
537 4436 784 4491 ἐπύθετο
831 4438 984 4508 παρὰ
1040 4437 1309 4508 βασιλέως
1369 4437 1638 4508 Ἐλλήνων
1681 4454 1845 4490 κατα-

1957 4432 2326 4487 contraxisset
2360 4445 2482 4483 cum
2516 4440 2678 4497 nepte
2704 4430 2851 4499 regis
2883 4430 3199 4484 Graecorum
3239 4431 3537 4489 Musulma-

278 4526 410 4579 λύειν
457 4531 517 4581 ὲν
552 4530 863 4598 Βυζαντίῳ,
901 4530 1100 4583 αὐτίκα
1153 4529 1447 4600 ἐπήλαυνε.
1498 4532 1610 4583 Καὶ
1642 4530 1852 4582 ἀπολα-

280 4617 378 4670 ϐὼν
418 4623 475 4673 ἐν
517 4621 827 4691 Βυζαντίῳ,
863 4621 965 4676 οὐκ
1016 4622 1106 4675 εἶα
1133 4623 1191 4684 ἐς
1242 4622 1345 4692 τὴν
1390 4622 1663 4693 Εὐρώπην
1710 4621 1853 4688 ἐξελα

282 4708 430 4764 Οόντα
491 4713 964 4781 ἀναστρέφεσθαι.
1032 4713 1479 4783 Μουσουλμὰνης
1563 4712 1666 4778 μὲν
1735 4709 1851 4777 οὖν,

286 4803 502 4867 στρατὸν
558 4803 633 4864 ώς
688 4804 919 4873 ἠδύνατο
982 4805 1278 4873 μέγιστον,
1334 4805 1444 4859 ὰπὸ
1503 4804 1601 4873 τῆς
1666 4804 1853 4865 Ἀσίας

282 4889 743 4963 διαπορθμεύσας,
781 4897 878 4950 ἐπὶ
928 4896 1028 4965 τὴν
1088 4897 1388 4961 Βυζαντίου
1446 4896 1633 4967 χώραν
1686 4896 1853 4948 αὑτοῦ

1962 4539 2061 4579 nes
2087 4522 2342 4592 Pajaxitis
2363 4524 2506 4579 filius
2526 4522 2666 4593 (89).
2693 4522 3091 4593 Transgressus
3121 4534 3299 4577 autem
3326 4523 3535 4596 Byzan-

1964 4618 2127 4683 tium,
2158 4616 2359 4670 bellum
2387 4614 2541 4669 fratri
2574 4614 2864 4670 inferebat.
2892 4614 2961 4669 At
2991 4614 3171 4672 Moses
3197 4617 3287 4673 ubi
3327 4619 3540 4686 accepit

1926 4742 1929 4745 λ
1966 4726 1997 4766 a
2030 4728 2155 4782 rege
2180 4710 2519 4775 Graecorum,
2542 4709 2937 4765 Musulmauctn
2997 4712 3316 4783 Byzantium
3375 4712 3539 4765 adve-
3604 4746 3617 4755 η

1969 4804 2139 4865 nisse,
2173 4801 2434 4855 continuo
2468 4802 2703 4855 arcessit
2740 4817 2941 4871 :qucm
2977 4812 3036 4856 ut
3059 4803 3130 4856 ibi
3156 4801 3539 4872 deprehendit,

1965 4896 2115 4949 exire
2159 4892 2421 4961 Byzanto,
2459 4901 2513 4945 et
2557 4893 2608 4945 in
2636 4894 2847 4962 Europa
2893 4895 3096 4948 versari
3132 4910 3237 4948 non
3264 4895 3538 4964 permisit.

1550 5039 1804 5099 Notulea
1838 5036 2259 5115 marginales.

347 5180 460 5255 (ss)
494 5186 655 5239 Anno
675 5186 832 5241 nos.

347 5255 459 5324 (tu)
501 5256 781 5324 Septimus
808 5256 1111 5312 'l‘urcorum
1148 5273 1263 5313 rex.

349 5322 462 5396 (85)
500 5322 741 5392 Mji‘xias
773 5329 887 5383 sive
920 5328 1132 5383 Marcus
1174 5328 1377 5384 Servim
1426 5328 1704 5398 despotes,
1752 5325 1863 5379 Da-

282 5405 464 5447 corum
494 5398 626 5449 dux.

350 5462 459 5535 (86)
491 5466 584 5519 alii
620 5468 782 5522 ctiam
816 5467 1026 5525 Danum
1057 5480 1272 5537 vocant,
1298 5478 1351 5525 et
1410 5468 1605 5532 Deam,
1638 5467 1860 5523 Valachi

351 5655 397 5685 "
432 5652 827 5723 μεμεθυμὲνος.

283 5726 358 5779 al.
395 5724 645 5776 Ἰαννιίου
682 5724 745 5778 Τ.

903 5656 947 5687 ⁸⁷
982 5653 1050 5709 1η
1080 5671 1183 5709 uno
1216 5669 1440 5722 semper,
1474 5651 1937 5721 Μουλσευμάνεω.

1963 5188 2299 5257 principem.

2041 5258 2152 5325 (87)
2190 5258 2271 5310 Al.
2304 5255 2590 5323 Europam.

2041 5323 2413 5396 (88)Joannis,
2446 5324 2719 5379 Theodori
2749 5323 2963 5396 filiam.

2047 5392 2157 5469 (89)
2198 5396 2527 5451 Mulstttuaui
2559 5405 2711 5463 pater
2747 5392 3014 5462 Pajuzites
3043 5394 3157 5447 rcx.’

2048 5647 2093 5678 ⁸⁸
2130 5644 2382 5706 ’Υτάνου,
2414 5638 2483 5693 Β.
2525 5650 2578 5692 ut
2603 5641 2654 5691 in
2682 5656 2729 5693 ε.
2842 5640 2887 5671 δ’
2920 5637 3157 5694 Ἰαννύου
3220 5639 3287 5693 δι’
3320 5640 3541 5713 capio»,
