4010 6208
488 348 586 412 179

1572 351 1878 412 LAONiCI
1923 352 2069 411 (111A
2082 353 2584 416 LCOCONDYLrt‘.

3645 360 3745 428 1ιο

480 459 679 515 defecit
719 473 750 511 a
774 456 945 521 Mose,
982 465 1037 512 et
1064 455 1132 510 ad
1158 455 1381 513 fratrem
1411 462 1530 529 ejus
1562 464 1881 533 transfugit.
1944 463 2053 518 Huc

2162 482 2259 520 στα
2293 469 2819 539 ναυπηγησάμενος,
2861 470 3024 542 ἐπῄει
3076 470 3163 526 διὰ
3217 488 3275 525 τε
3331 471 3431 542 τῆς
3488 476 3743 544 ἡπεῖρου,

482 553 561 606 ηιὶ
581 551 904 621 indignitate
919 550 1169 607 irritatus
1184 550 1383 615 Moses,
1407 553 1596 607 urbem
1618 554 1884 625 Stephani
1905 573 2061 611 exer-

481 643 590 699 citu
624 642 1001 705 circumsedit,
1030 643 1421 714 regionemque
1449 646 1691 716 graviter
1742 649 2057 717 populatio-

486 737 650 791 nibus
684 735 937 789 vastavit.
973 733 1040 790 Ut
1072 742 1253 790 autem
1284 749 1658 807 Oppugnatum
1724 740 1819 794 irit
1846 740 2059 812 Byzan-

482 826 641 887 tium.
663 825 893 879 multum
916 824 1211 895 juvabatur
1228 842 1393 896 agens
1414 826 1702 899 ferensque
1723 845 2062 901 qutecuuque

479 933 549 972 ex
589 917 817 986 regione
850 917 1145 986 potuisset.
1184 920 1484 978 Fabricans
1513 938 1680 978 naves
1712 934 1765 979 et
1805 925 2060 982 triremes

485 1019 634 1064 terra
668 1010 918 1079 marique
944 1011 1049 1065 iter
1081 1010 1339 1068 faciebat.
1373 1013 1552 1071 Graeci
1579 1016 1869 1086 implentes
1893 1034 2060 1073 naves

478 1106 532 1152 et
554 1099 827 1165 triremes,
849 1114 971 1168 quae
1002 1100 1054 1153 in
1075 1110 1329 1170 promptu
1369 1113 1550 1170 erant,
1577 1107 1867 1163 navalibus
1884 1111 2060 1179 copiis

481 1190 728 1260 praelium
763 1193 955 1247 navale
994 1194 1421 1259 commiserunt.
1480 1197 1621 1252 duce
1676 1199 2058 1268 Emmanuele,

482 1284 648 1337 notho
692 1284 834 1354 regis
862 1283 1089 1341 Joannis
1113 1286 1242 1353 lilio,
1291 1303 1416 1343 cum
1448 1288 1701 1347 hostibus
1732 1309 1749 1349 :
1781 1302 1836 1348 et
1899 1310 1964 1350 ex
1994 1312 2060 1351 eo

484 1375 673 1443 praelio
700 1375 873 1431 Grarci
932 1393 1223 1434 excessere
1265 1380 1523 1437 victores.
1582 1382 1681 1438 Hic
1738 1384 2058 1443 Emmanuel

484 1468 626 1536 regis
651 1467 797 1524 filius
828 1485 955 1524 cum
990 1471 1278 1541 prudentia
1307 1482 1362 1527 et
1388 1474 1608 1530 militari
1631 1478 1863 1534 scientia
1900 1480 2059 1536 facile

483 1571 674 1613 omnes
702 1560 958 1626 anteiret,
993 1568 1107 1615 tum
1135 1565 1400 1634 temporis
1430 1568 1651 1624 Graecos
1686 1568 1792 1624 ista
1828 1571 2056 1627 victoria

486 1657 774 1705 contentos
796 1667 919 1707 esse
951 1651 1128 1720 jubet:
1166 1655 1395 1726 ipseque
1423 1657 1659 1726 plurima
1697 1663 2059 1733 prafulgebat

483 1736 673 1805 gloria.
715 1740 864 1795 Hanc
897 1744 1015 1809 ejus
1046 1743 1275 1811 gloriam
1308 1759 1433 1799 cum
1472 1746 1614 1802 haud
1663 1764 1821 1819 aquo
1871 1753 2057 1807 animo

482 1829 649 1883 ferret
677 1833 821 1901 regis
878 1834 1067 1896 frater,
1104 1835 1514 1894 Emmanuelem
1550 1840 1603 1894 in
1628 1855 1903 1898 carcerem
1930 1845 2056 1900 duci

478 1919 651 1988 jussit
685 1937 700 1976 :
739 1922 832 1989 qui
859 1924 1021 1977 annis
1042 1924 1223 1979 adhuc
1244 1927 1380 1982 vixit
1403 1938 1612 1999 septem
1646 1938 1701 1986 et
1727 1930 1917 1987 decem
1936 1948 2061 1990 cum

478 2008 669 2066 liberis
687 2010 825 2067 suis.
847 2011 1045 2077 Moses,
1071 2030 1193 2068 cum
1250 2032 1444 2085 parum
1469 2034 1732 2091 prospere
1761 2026 2064 2080 successis-

478 2111 562 2157 set
592 2103 788 2158 navale
810 2105 1079 2174 praelium,
1113 2108 1385 2165 accedens
1418 2125 1515 2179 per
1547 2113 1945 2180 continentem,
1968 2116 2061 2187 By-

478 2194 645 2248 zantii
671 2197 877 2264 regioni
916 2199 1225 2267 populando
1252 2201 1519 2257 molestus
1578 2211 1699 2257 erat
1731 2221 1746 2261 :
1808 2207 2050 2275 graviter

420 2266 425 2271 ’
478 2299 697 2355 quoque
714 2286 1027 2353 Tltermam,
1062 2305 1219 2357 quam
1260 2290 1555 2348 obsidione
1611 2294 1882 2359 cinxerat,
1919 2298 2058 2353 silli-

478 2379 659 2444 gebat,
689 2379 854 2432 etiam
903 2394 1027 2434 cum
1082 2379 1339 2439 Triballis
1402 2383 1602 2439 bellum
1665 2401 1881 2456 gerens.
1948 2388 2059 2445 Pax

482 2476 662 2521 autem
695 2469 1082 2527 intercesserat
1105 2488 1226 2528 cum
1259 2473 1569 2530 Turcorum
1629 2477 1685 2531 iu
1720 2479 1850 2533 Asia
1907 2479 2061 2538 duci-

479 2560 621 2627 bus;
648 2562 875 2631 proinde
904 2578 1016 2619 non
1049 2565 1269 2621 hostilia
1304 2568 1650 2639 patiebantur
1687 2587 1714 2624 a
1747 2571 1918 2640 Mose,
1948 2573 2061 2642 ple-

480 2667 709 2723 rumque
736 2656 790 2711 in
817 2655 1034 2727 Europa
1059 2666 1276 2715 aetatem
1316 2662 1537 2732 agebat.
1565 2663 1761 2730 Graeci,
1795 2680 1917 2721 cum
1945 2666 2059 2722 fato

478 2746 704 2802 functus
753 2755 905 2805 esset
960 2750 1360 2817 Musulmanes,
1387 2754 1557 2810 filium
1582 2758 1700 2826 cjus
1744 2758 2056 2815 Orchanem

478 2844 846 2900 accersentes,
874 2850 1252 2907 opposuerunt
1292 2841 1428 2898 Mosi
1467 2844 1703 2901 hostem.
1740 2846 1934 2903 Postea
1959 2850 2061 2903 mi-

478 2933 673 2981 serunt
711 2926 1009 2983 Thermam
1038 2931 1103 2985 ad
1134 2930 1456 3003 Pogdanum
1514 2945 1573 2992 et
1637 2938 1776 2993 alios
1825 2939 2056 3006 Turcos,

478 3016 572 3087 qui
614 3017 686 3072 ibi
710 3019 986 3088 stipendia
1019 3020 1317 3091 faciebant,
1355 3036 1610 3096 rogantes
1638 3036 1695 3081 ut
1718 3029 1926 3085 auxilio
1947 3031 2057 3102 95

2163 560 2259 614 καὶ
2290 559 2377 613 διὰ
2426 559 2723 631 θαλάσσης.
2782 561 3061 615 Ἐνταῦθα
3111 560 3506 630 πληρώσαντες
3538 566 3588 618 οἱ
3620 566 3749 620 Ἔλ-

2163 649 2324 719 ληνες
2353 649 2514 704 πλοῖα
2541 651 2642 703 ὅσα
2690 650 2832 719 ἐπῆν
2885 652 3091 719 αὐτοῖς,
3124 652 3221 706 καὶ
3252 653 3315 724 δὴ
3347 653 3444 708 καλ⁸
3471 657 3745 726 τριήρεις,

2164 739 2468 807 ἡγουμένου
2517 739 2929 811 Ἐμμανουήλου
2966 741 3060 793 τοῦ
3094 741 3297 804 Νόθου,
3349 743 3600 798 Ἰωάννου
3646 748 3744 802 τοῦ

2166 827 2428 896 βασιλέως
2463 828 2678 892 παιδὸς,
2717 828 3086 901 ἀντανήγοντο
3114 848 3174 883 τε
3205 832 3299 885 καὶ
3320 834 3737 905 ἐναυμάχησαν.

2164 921 2257 974 καλ⁵
2280 921 2537 990 ἐνίκησαν
2557 921 2609 974 οί
2634 919 2923 990 Ἕλληνες.
2953 919 3125 986 Οὗτος
3149 922 3205 975 δέ
3236 925 3264 976 ὁ
3302 923 3745 996 Ἐμμανουῆλος,

2166 1015 2194 1066 ὁ
2224 1013 2317 1065 τοῦ
2364 1012 2631 1083 βασιλέως
2681 1014 2832 1077 παῖς,
2883 1013 2954 1067 τὰ
3014 1014 3073 1076 ἐς
3100 1013 3305 1083 γνῶσιν
3340 1016 3433 1069 καὶ
3479 1017 3747 1087 φρόνησιν

2162 1104 2371 1167 οὐδενὸς
2396 1103 2737 1172 λειπόμενος,
2775 1104 2867 1156 ἐπὶ¹
2905 1104 2965 1157 τὸ
3013 1104 3334 1174 ἐξηγεῖσθαι
3395 1106 3453 1169 ἐς
3513 1108 3748 1177 πόλεμον

2162 1199 2323 1254 ἱκανά
2349 1216 2408 1252 τε
2441 1198 2611 1252 ἐδόκει
2633 1199 2689 1250 ἐν
2715 1198 2791 1268 τῷ
2805 1199 2926 1252 τότε
2946 1198 3196 1269 παρόντι,
3225 1200 3321 1251 καὶ
3340 1198 3646 1270 ηὐδοκίμει.
3671 1201 3749 1255 Δι’

2160 1291 2195 1346 ἃ
2215 1290 2279 1360 δὴ
2318 1290 2644 1359 εὐδοκιμῶν,
2663 1290 2805 1344 ἐέιλω
2847 1307 2905 1343 τε
2929 1291 3033 1343 ὑπὸ
3088 1290 3184 1343 τοῦ
3205 1289 3434 1358 ἀδελφοῦ
3458 1290 3743 1361 βασιλέως,

2162 1384 2253 1436 καὶ
2273 1380 2520 1436 ἐσπεσὼν
2541 1382 2599 1446 ἐς
2615 1382 2864 1453 είρκτὴν,
2879 1382 3148 1451 διεγένετο
3161 1383 3254 1435 ἐπὶ
3272 1382 3367 1453 ἔτη
3383 1384 3745 1437 ἑπτακαίδεκα

2162 1476 2258 1530 σὺν
2284 1477 2391 1539 τοῖς
2427 1476 2619 1529 παισὶν
2654 1474 2846 1529 αὐτοῦ.
2903 1475 3114 1544 Μωσῆς
3155 1476 3257 1543 μὲν
3312 1474 3403 1527 οὖν
3434 1476 3511 1539 ὡς
3544 1476 3744 1546 ἔσφαλε

2160 1567 2257 1637 τὴν
2283 1569 2422 1621 κατὰ
2452 1566 2725 1622 θάλασσαν
2770 1567 2838 1629 ⁸³,
2868 1566 3123 1636 δύναμιν,
3150 1564 3321 1619 ἐπιὼν
3344 1565 3432 1619 διὰ
3464 1566 3563 1637 τῆς
3591 1568 3747 1637 ἠπεί-

2162 1675 2282 1729 ρου,
2305 1657 2458 1729 ἐδῄου
2505 1674 2565 1710 τε
2591 1657 2685 1726 τὴν
2737 1655 3034 1720 Βυζαντίου
3063 1655 3267 1733 χώραν,
3299 1656 3386 1708 καί
3424 1655 3647 1727 Θέρμην
3678 1656 3746 1727 ἢν

2169 1752 2500 1820 ἐπολιόρκει,
2535 1752 2631 1803 καὶ
2668 1747 2997 1819 Τριϐαλλοῖς
3028 1747 3309 1815 ἐπολέμει.
3346 1746 3488 1816 Πρὸς
3522 1747 3622 1815 μὲν
3653 1745 3745 1800 οὖν

2164 1844 2289 1905 τοὺς
2314 1844 2370 1895 ἐν
2401 1844 2465 1911 τῇ
2513 1841 2669 1910 Ἀσίᾳ
2707 1838 2967 1909 Τούρκων
2995 1838 3291 1909 ἡγεμόνας,
3322 1836 3555 1898 σπονδὰς
3576 1834 3746 1910 ’ποιη-

2166 1935 2425 2004 σάμενος,
2448 1934 2673 2003 εἰρήνην
2702 1926 2828 2001 ἦγε,
2867 1932 2965 1984 καὶ
2986 1930 3043 1983 ἐν
3072 1931 3139 2000 τῇ
3188 1928 3431 2005 Εὐρώπῃ
3476 1929 3544 1983 τὰ
3571 1927 3741 1982 πολλὰ

2161 2026 2454 2098 διατρίϐων
2493 2024 2811 2095 ἐτύγχανεν.
2845 2022 3110 2092 ’Έλληνες
3144 2022 3244 2093 μὲν
3275 2022 3391 2088 οὖν,
3425 2023 3500 2086 ὼς
3533 2022 3745 2075 ἐτελεύ-

2159 2135 2291 2188 τησε
2325 2116 2748 2187 Μουσυλμάνης,
2809 2115 3146 2184 ἐπαγόμενοι
3202 2114 3295 2166 τὸν
3331 2114 3498 2167 παῖδα
3552 2113 3739 2166 αὑτοῦ.

2160 2209 2401 2278 τοῦνομα
2445 2210 2738 2280 Ὀρχάνην,
2796 2208 3139 2273 συνέστησαν
3174 2206 3268 2260 ἐπὶ
3322 2207 3534 2260 Μωσεῖ.
3588 2204 3746 2259 Μετὰ

2159 2301 2413 2355 δὲταῦτα
2448 2299 2704 2369 ἔπεμψαν
2732 2300 2790 2363 ἐς
2837 2298 2939 2369 τὴν
2971 2298 3220 2369 Θέρμην,
3277 2299 3349 2361 ὡς
3381 2296 3631 2350 ἐντεῦθεν
3664 2296 3743 2366 τῷ

2160 2409 2219 2445 τε
2248 2391 2534 2460 Πογδάνῳ,
2571 2390 2669 2444 καὶ
2718 2392 2830 2454 τοῖς
2860 2389 3042 2452 ἄλλοις
3099 2391 3213 2453 τοῖς
3256 2387 3426 2459 ταύτῃ
3458 2386 3739 2457 Τούρκων,

2158 2483 2243 2537 διὰ
2274 2500 2380 2553 χρη
2392 2482 2574 2552 μάτων
2599 2480 2913 2552 ἐπικούροις
2935 2479 3217 2552 ὁρμῶντες
3239 2481 3331 2533 ἐπ’».
3348 2480 3446 2549 τὴν
3471 2479 3742 2550 Εὐρώπην

2160 2573 2471 2639 ἐπελαύνοι,
2498 2576 2593 2628 καὶ
2622 2574 2722 2646 τὴν
2753 2573 2940 2644 χώραν
2980 2573 3259 2645 κατάσχῃ.
3308 2573 3367 2625 Ὀ
3406 2571 3588 2642 μέντοι
3611 2572 3741 2633 παῖς

2159 2667 2534 2739 ἐπετέτραπτο
2575 2667 2732 2738 ἀνδρὶ
2778 2665 3010 2735 Τούρκῳ
3050 2666 3158 2719 ἀπὸ
3213 2664 3401 2727 Ἀσίας
3432 2663 3742 2733 Παλαπάνῳ

2158 2759 2417 2829 τοῦνομα,
2435 2762 2503 2813 τὰ
2532 2760 2629 2829 μὲν
2656 2759 2794 2813 ἄλλα
2811 2758 2912 2811 οὐκ
2940 2759 3178 2826 ἀγεννεῖ,
3211 2757 3387 2827 πιστῷ
3410 2757 3544 2811 δὲού
3578 2757 3740 2816 πάνυ,

2159 2857 2253 2907 καὶ
2281 2855 2336 2917 ἐς
2366 2853 2465 2921 τὴν
2495 2854 2723 2924 Θέρμην
2768 2851 3019 2921 ἀφίκετο.
3060 2849 3248 2915 Ἐξιὼν
3294 2850 3340 2902 δ’
3369 2849 3622 2903 ἐντεῦθεν
3653 2848 3743 2919 ᾔει

2160 2947 2246 3001 διὰ
2273 2946 2375 3016 τῆς
2402 2946 2769 3009 Μακεδονίας,
2814 2945 2907 2997 ἐπὶ
2940 2944 3205 3016 Βέρῤοιάν
3231 2960 3289 2996 τε
3314 2944 3412 2996 καὶ
3443 2942 3543 3010 τὴν
3566 2940 3743 3013 ταύτῃ

2160 3040 2499 3111 χώραν,καὶ
2548 3037 3017 3110 προσχωρούντων
3060 3036 3213 3105 αὐτῷ
3259 3035 3371 3089 τῶν
3423 3035 3595 3106 ταύτῃ
3627 3035 3744 3087 ἐπι-

476 3118 662 3163 essent
693 3107 935 3165 Orchaui
966 3112 1285 3181 procedenti
1346 3116 1401 3169 in
1458 3114 1755 3188 Europam,
1818 3128 1879 3174 ut
1936 3137 2055 3177 eam

2162 3107 2482 3203 νεμομένων
2503 3107 2783 3204 Τούρκων,
2812 3131 3051 3201 ἧλαυνεν
3074 3129 3168 3183 ἐπὶ
3194 3127 3515 3183 Θετταλίαν.
3539 3127 3742 3196 Μωσῆς

477 3209 795 3270 occuparet.
817 3201 959 3257 Puer
987 3204 1203 3273 quidem
1266 3204 1537 3264 Orchanis
1603 3213 1725 3265 viro
1770 3212 1954 3268 Turco
1989 3230 2054 3269 ex

2162 3201 2323 3287 sese
2359 3223 2592 3277 ἐπύθετο
2614 3201 2707 3275 τὸν
2736 3220 3182 3291 Μουσουλμάνεω
3206 3220 3373 3273 παῖδα
3405 3220 3506 3290 τήν
3536 3236 3594 3272 τε
3630 3217 3741 3290 χώ-

478 3291 604 3347 Αείιι
634 3294 874 3350 oriundo
903 3296 1370 3362 committebatur,
1398 3309 1596 3356 cetera
1637 3318 1746 3358 non
1808 3306 2055 3376 ignobili,

480 3397 670 3450 parum
697 3395 877 3442 tamen
909 3388 1045 3454 ﬁdo,
1076 3386 1412 3458 Palapanum
1445 3392 1559 3463 (94)
1592 3411 1715 3450 eum
1748 3397 2057 3455 nominant.

476 3473 761 3534 Orchanes
791 3477 1254 3536 venitThermam
1294 3498 1312 3539 :
1349 3483 1477 3541 inde
1512 3488 1742 3545 transita
1804 3489 2060 3547 Macedo-

478 3570 873 3633 nia,Berrhoen
900 3574 1074 3636 venit.
1105 3584 1160 3631 et
1186 3580 1238 3632 in
1267 3579 1547 3649 regionem
1579 3582 1886 3638 finitimam.
1922 3584 2055 3639 Cum

478 3668 662 3715 autem
691 3662 758 3716 ad
790 3663 971 3733 ipsum
1002 3678 1363 3723 accurrerent
1424 3668 1613 3736 Turci,
1678 3673 1771 3741 qui
1827 3689 1889 3729 ea
1943 3673 2059 3730 loca

481 3752 765 3819 tenebant,
787 3755 1065 3824 profectus
1093 3769 1177 3813 est
1207 3759 1261 3814 in
1284 3760 1649 3818 Thessaliam.
1678 3762 1857 3820 Moses
1881 3778 1938 3821 ut
1970 3783 2061 3823 ac-

489 3838 656 3909 cepit,
694 3839 1059 3900 Musulmanis
1098 3845 1269 3902 lilium
1303 3848 1609 3905 Orchanem
1671 3869 1896 3924 regnum
1954 3857 2060 3912 sibi

479 3943 697 3998 parare,
718 3941 773 3987 et
802 3933 1211 3993 in'l‘liessaliam
1242 3954 1487 4010 pergere,
1510 3944 1873 4012 proditionem
1894 3962 2061 4017 puero

480 4036 576 4088 per
607 4021 941 4096 Palapanum
960 4030 1247 4085 subornat.
1295 4032 1630 4103 Palapanum
1665 4037 1807 4090 enim
1833 4037 2061 4107 jttbebat

477 4113 675 4182 Moses,
702 4128 758 4173 ut
791 4120 897 4175 sibi
929 4122 1260 4193 significaret
1291 4125 1379 4180 ubi
1414 4142 1550 4196 puer
1576 4142 1700 4183 cum
1726 4132 1844 4188 suis
1868 4147 2058 4191 versa-

479 4218 649 4277 retur,
706 4219 760 4267 et
815 4212 1015 4270 deinde
1071 4217 1352 4273 accedenti
1409 4234 1535 4273 eum
1588 4225 1849 4279 traderet.
1906 4226 2063 4282 Pala-

478 4318 655 4371 panus
708 4306 929 4375 quidem
993 4305 1262 4366 Orchanis
1291 4310 1485 4366 itinera
1545 4321 1599 4368 et
1664 4315 1780 4371 loca
1828 4318 1881 4373 in
1938 4322 2063 4391 qui-

480 4396 583 4451 bus
619 4398 960 4465 morabatur,
1022 4418 1241 4473 semper
1292 4403 1590 4461 indicabat.
1644 4406 1899 4467 Monebat
1954 4431 2059 4482 qua

2163 3333 2262 3386 ραν
2294 3315 2668 3384 ὑπαγόμενον,
2693 3316 2790 3368 καὶ
2815 3313 3113 3367 ἐλαύνοντα
3145 3314 3238 3366 ἐπὶ
3259 3312 3579 3378 Θετταλίαν,
3613 3328 3745 3365 συν-

2157 3408 2364 3461 τίθεται
2400 3407 2694 3475 προδοσίαν
2720 3405 2799 3476 τῷ
2833 3405 3171 3474 Παλαπάνῳ,
3201 3405 3345 3459 ὥστε
3396 3404 3738 3475 παραδοῦναι

2160 3498 2310 3569 αύτῷ
2336 3498 2429 3551 τὸν
2463 3498 2631 3552 παῖδα
2658 3497 2887 3560 ἐπιόντι,
2945 3500 3040 3551 καὶ
3078 3496 3418 3568 διασημῆναι
3476 3496 3738 3557 ἑκάστοτε

2159 3592 2283 3645 ὅποι
2314 3587 2586 3643 ἐλαύνοιεν
2618 3588 2945 3658 περιιόντες.
3003 3586 3175 3650 Οὗτος
3238 3587 3336 3657 μὲν
3360 3584 3453 3640 οὖν
3504 3587 3578 3649 ὡς
3610 3587 3745 3639 ἐκα-

2166 3681 2363 3752 σταχοῦ
2417 3698 2510 3735 ποι
2566 3681 2667 3749 τῆς
2721 3680 2905 3751 χώρας
2953 3679 3120 3743 ἐπίοι,
3176 3678 3501 3750 διεσήμαινέ
3552 3696 3613 3731 τε
3666 3677 3746 3750 τῷ

2167 3777 2340 3847 Μωσῇ
2375 3774 2470 3828 καὶ
2499 3773 2688 3846 ἐδήλου
2783 3774 2952 3825 ἐπιὼν
2980 3773 3168 3842 σφίσιν
3210 3790 3270 3825 τε
3302 3773 3606 3842 περιτύχοι,
3653 3772 3749 3824 καὶ

2162 3869 2255 3923 τὸν
2296 3867 2462 3921 παῖδα
2520 3866 2797 3937 παραδοίη
2853 3865 3026 3936 αὐτῷ.
3096 3865 3380 3934 Ἐγένοντο
3441 3863 3540 3933 μὲν
3574 3862 3667 3916 οὖν
3695 3863 3747 3917 οἱ

2163 3961 2309 4031 ἀμφὶ
2340 3960 2436 4013 τδν
2470 3959 2632 4013 παῖδα
2662 3959 2759 4012 ἐπὶ
2793 3958 2853 4012 τὸ
2888 3960 2945 4023 ἐς
2976 3957 3276 4012 Θετταλίαν
3326 3955 3567 4025 καθῆκον
3621 3955 3748 4024 ὅρος

2162 4054 2263 4125 τῆς
2293 4051 2658 4116 Μακεδονίας,
2683 4052 2777 4104 καὶ
2806 4051 3042 4105 ἐνταῦθα
3113 4050 3189 4114 ὡς
3219 4049 3613 4119 ὑπεσημήνατο
3642 4048 3748 4099 ὑπὸ

2169 4145 2507 4201 Παλαπάνεω
2526 4144 2605 4213 τῷ
2628 4145 2801 4215 Μωσῇ
2827 4143 3023 4205 ἐπιὼν.
3043 4143 3134 4197 τόν
3158 4160 3219 4196 τε
3244 4144 3413 4197 παῖδα
3436 4141 3743 4210 ἐζώγρησε,

2167 4239 2263 4292 καὶ
2289 4238 2379 4291 τὸν
2410 4236 2645 4307 στρατὸν
2673 4236 2949 4306 διέφθειρε
2969 4276 2984 4291 .
3014 4234 3170 4289 Μετὰ
3212 4234 3269 4287 δέ
3300 4232 3479 4287 ταῦτα
3529 4234 3621 4285 ἐπὶ
3649 4231 3745 4301 τὴν

2167 4330 2437 4399 Βογδάνου
2486 4328 2676 4399 χώραν
2725 4327 3083 4397 ἀφικόμενος,
3116 4326 3216 4395 τήν
3243 4342 3303 4377 τε
3357 4324 3541 4395 χώραν
3596 4321 3745 4390 αὑτῷ

2166 4419 2338 4491 ταύτῃ
2398 4420 2742 4490 ὑπηγάγετο,
2787 4420 2882 4471 καὶ
2926 4419 3039 4481 τοῖς
3094 4417 3324 4487 Ἕλλησι
3375 4414 3743 4483 διαπολεμῶν,

475 4488 629 4543 adire
657 4490 906 4559 deberet,
936 4503 997 4548 ut
1026 4509 1257 4564 puerum
1288 4512 1385 4566 per
1421 4499 1787 4567 proditionem
1814 4517 2055 4573 caperet.

2167 4488 2463 4584 προσεῖχεν
2491 4488 2901 4582 ἐκτεταμένως.
2924 4510 3188 4580 Ἕλληνες
3221 4509 3320 4578 μὲν
3354 4506 3447 4560 οὖν
3467 4505 3593 4571 οὔτε
3618 4507 3747 4558 ἐπο-

376 5460 379 5463 .
476 5418 639 5477 rebus
669 5421 930 5492 gerendis
960 5423 1160 5481 idonea
1192 5424 1316 5494 fuit,
1345 5442 1468 5483 cum
1513 5433 1759 5488 exercitu
1788 5450 1853 5489 ex
1884 5435 2056 5491 Cara-

406 4584 415 4598 ‘
475 4577 756 4639 Orchanes
788 4600 915 4640 vero
946 4602 1071 4642 cum
1107 4589 1225 4643 suis
1278 4589 1539 4645 manebat
1591 4592 1643 4646 in
1695 4606 1901 4662 monte,
1960 4603 2053 4670 qui

2162 4577 2401 4675 λέμουνῑ
2420 4605 2547 4658 οὕτε
2580 4577 2951 4673 ἐπολεμοῦντο
2976 4618 2989 4633 ⁸
3021 4577 3115 4657 καὶ
3169 4577 3372 4669 Ἰησοῦς
3404 4599 3432 4650 ὁ
3478 4596 3745 4667 νεώτερος

476 4669 771 4728 Thessalia:
801 4674 1072 4733 imminet.
1108 4676 1189 4732 Eo
1214 4693 1337 4734 cum
1375 4682 1705 4738 accessisset
1766 4669 2058 4751 Moses.rut

2164 4669 2275 4750 rﬁiv
2303 4669 2630 4766 Παιαζήτεω
2661 4669 2891 4759 παίδων,
2929 4694 3024 4746 ἐπὶ
3071 4692 3341 4759 Ἕλληνας
3387 4689 3742 4759 ἀφικόμενος,

475 4764 774 4822 indicatum
805 4777 927 4824 erat
962 4784 991 4824 a
1025 4769 1327 4842 Palapano,
1358 4789 1590 4843 puerum
1648 4777 1832 4833 vivum
1885 4782 2056 4851 capit,

2170 4789 2225 4851 ἔς
2254 4804 2313 4841 τε
2359 4786 2458 4858 τὴν
2490 4764 2584 4840 τοῦ
2643 4786 2818 4857 Ἰησοῦ
2870 4784 3170 4857 θρησκείαν
3219 4780 3513 4853 μετέϐαλε,
3563 4785 3652 4834 καὶ
3682 4782 3741 4834 οὗ

470 4856 881 4928 exercitumque
914 4862 1228 4918 trucidavit.
1257 4863 1453 4922 Postea
1500 4867 1555 4922 in
1608 4866 1850 4940 Pogdam
1880 4874 2058 4943 regio-

2174 4878 2358 4948 πολλῷ
2390 4856 2616 4946 ὕστερον
2655 4856 2995 4946 ἐτελεύτησε.

472 4967 595 5007 nem
624 4953 924 5022 Ρτοῖθοιυεν
964 4970 1085 5011 eam
1111 4973 1226 5012 θυῖε
1254 4959 1480 5017 ditionis
1510 4961 1678 5025 fecit:
1712 4975 1766 5022 et
1800 4983 1922 5024 cum
1965 4971 2173 5030 Graecis
2194 4975 2437 5040 intentus
2485 4976 2540 5029 in
2581 4989 2775 5029 omnes
2830 4971 3169 5037 occasiones,
3216 4985 3431 5026 summa
3462 4970 3517 5024 vi
3547 4969 3746 5025 bellum

470 5043 717 5109 gerebat.
771 5045 840 5099 At
884 5044 1055 5103 Graeci
1113 5047 1255 5104 bello
1289 5051 1636 5109 abstinebant
1666 5071 1915 5126 prorsus.
1942 5060 2103 5120 Jesus
2130 5051 2321 5121 autem
2341 5066 2456 5121 sive
2494 5065 2682 5129 Iosue.
2718 5065 2811 5135 qui
2867 5074 2994 5119 natu
3044 5063 3304 5119 minimus
3348 5071 3467 5119 erat
3514 5063 3746 5118 filiorum

470 5132 748 5204 Pajazitis.
777 5136 843 5193 ad
863 5137 1083 5195 Graecos
1107 5155 1170 5196 se
1204 5142 1494 5214 recipiens,
1530 5146 1896 5207 Christianam
1924 5156 2239 5226 religionem
2264 5158 2583 5229 assumpsit,
2617 5172 2715 5214 uec
2745 5132 2920 5213 multo
2947 5166 3070 5227 post
3095 5155 3163 5211 ad
3200 5170 3431 5227 superos
3471 5156 3746 5228 migravit.

548 5231 882 5291 Mecltmetes
917 5234 1086 5293 Hosis
1112 5236 1303 5303 frater,
1332 5256 1493 5311 quem
1532 5258 1754 5316 quoque
1787 5262 2057 5318 genuerat

2233 5255 2531 5325 Μεχμὲτης
2555 5255 2651 5323 μὲν
2672 5248 2786 5318 οὖν,
2813 5256 2910 5308 καὶ
2934 5245 3089 5313 οὗτος
3106 5250 3352 5316 Μωσέως
3379 5251 3482 5321 μὲν
3496 5252 3749 5322 ἁδελφὸς,

472 5326 766 5397 Pajazites,
827 5330 920 5385 ubi
978 5331 1217 5401 primum
1274 5348 1395 5390 eam
1452 5345 1668 5393 atatem
1717 5341 1899 5409 attigit
1932 5359 2054 5415 qua:

2164 5349 2295 5410 παῖς
2325 5348 2382 5401 δέ
2408 5346 2752 5416 Παιαζήτεω.
2785 5344 2895 5397 ἀπὸ
2925 5344 3023 5412 τῆς
3053 5341 3389 5411 Καραμάνου
3427 5341 3615 5414 χώρας
3652 5345 3749 5413 ὁρ-

2165 5440 2443 5511 μώμενος,
2472 5439 2661 5510 ἐπειδὴ
2688 5439 2745 5493 ἐν
2782 5435 2955 5508 ἱκανῷ
2994 5435 3211 5508 ἡλικίας
3237 5431 3327 5508 ἦν,
3369 5435 3498 5499 τούς
3522 5451 3581 5488 τε
3614 5449 3746 5503 συγ-

1753 5575 2001 5640 Notulae
2035 5578 2448 5659 marginales.

543 5705 653 5778 (96)
690 5708 773 5761 Al.
807 5708 1165 5781 Salapanum.

541 5851 583 5882 ³³
619 5850 921 5919 (θάλατταν,
952 5861 998 5904 ει
1032 5852 1097 5907 R.
