4010 6208
402 254 502 320 183

1511 261 1822 321 LAONICI
1857 260 2517 323 CHALCOCONDYLxE

3550 248 3647 314 184

397 372 759 435 przecesserat
811 374 1076 439 montem,
1125 367 1331 423 invenit
1380 366 1624 424 fratrem.
1678 369 1751 427 Ut
1796 371 1970 425 sensit

2082 373 2296 427 ἐπιόντα
2322 372 2415 427 τὸν
2449 370 2680 439 ἀδελφὸν
2735 368 3022 438 ἐγγυτάτω
3054 367 3103 419 οι
3162 364 3439 430 γενέσθαι,
3472 380 3649 432 παρε-

397 457 625 511 fratrem
661 458 947 523 accedere,
980 469 1033 514 et
1074 460 1187 529 jam
1223 463 1276 517 in
1327 462 1580 532 proximo
1610 478 1754 528 esse,
1788 464 1961 519 aciem

2082 468 2264 531 ιάξατό
2294 486 2352 521 τε
2382 468 2474 522 καὶ
2509 471 2587 530 είς
2615 467 2799 536 μάχην
2828 464 3089 530 καθίστη.
3132 461 3272 516 Μετ’
3315 460 3377 513 οὐ
3407 459 3545 512 πολὺ
3590 458 3647 511 δὲ

399 548 625 603 instruit
683 558 737 604 et
780 551 1024 620 praelium
1061 554 1338 623 capessit:
1376 570 1610 626 moxque
1663 557 1718 610 in
1779 556 1961 627 fugam

401 642 609 709 agitur,
665 642 761 710 qui
812 642 1028 714 fugiens
1088 646 1416 714 properabat
1467 648 1534 702 ad
1595 646 1964 703 Triballorutn

400 733 777 803 ducem.§Cum
808 745 989 792 autem
1015 737 1087 792 ibi
1110 750 1441 805 versaretur,
1468 740 1618 794 misit
1638 741 1965 811 legationem

401 824 469 878 ad
503 827 797 895 optimates
831 828 1163 896 Turcorum,
1192 839 1245 886 et
1288 831 1352 886 ad
1384 832 1689 888 Cbasanem
1712 875 1726 901 ,
1762 833 1962 889 Brene-

401 931 518 970 zem
578 917 689 989 (99)
742 921 1196 992 Amnratemque,
1283 932 1341 977 ut
1394 924 1718 979 sollicitaret
1776 941 1967 980 eorum

402 1009 618 1065 animos
656 1013 721 1065 ad
752 1013 1140 1071 defectionem.
1184 1017 1254 1070 At
1292 1016 1346 1070 bi
1384 1016 1709 1073 defectionis
1756 1034 1969 1074 sermo-

406 1118 530 1156 nem
585 1108 761 1174 primo
819 1108 1138 1164 abnuebant
1172 1129 1188 1165 :
1220 1127 1409 1166 verum
1445 1111 1663 1167 tandem
1695 1110 1801 1179 ipsi
1828 1112 1971 1164 inter

407 1209 531 1248 sese
572 1195 899 1253 deiectionis
941 1202 1176 1258 consilia
1226 1205 1472 1273 capiunt.
1518 1201 1656 1258 Hinc
1700 1204 1971 1258 Brenezes

407 1304 506 1344 sua
538 1302 735 1361 sponte
768 1294 1169 1365 transfugiebat
1213 1295 1282 1350 ad
1329 1296 1705 1359 Mechmetem,
1749 1296 1972 1350 trahens

408 1397 593 1436 secum
634 1385 941 1441 Turcorum
982 1404 1240 1458 proceres
1273 1399 1326 1444 et
1361 1389 1503 1444 ﬁlios
1526 1426 1541 1451 .
1586 1404 1796 1444 necnon
1832 1390 1973 1443 Cha-

407 1490 594 1531 sanem
642 1492 764 1530 cum
799 1478 1026 1547 optimis
1079 1481 1392 1549 quibusque
1432 1478 1499 1533 de
1555 1480 1972 1547 peregrinorum

406 1571 661 1624 cohorte.
714 1572 848 1627 Cum
909 1572 1021 1641 jam
1060 1572 1429 1628 accessissent
1475 1571 1644 1641 copiae
1689 1572 1973 1629 Mechmeti

408 1662 555 1716 haud
581 1664 929 1728 paenitendae,
953 1664 1153 1734 quibus
1180 1664 1352 1718 fretus
1373 1664 1542 1734 praelii
1564 1663 1836 1719 fortunam
1850 1680 1973 1719 cum

406 1750 577 1805 fratre
610 1753 767 1808 facile
797 1762 1007 1808 tentare
1059 1766 1264 1823 posset,
1297 1766 1580 1825 assumpto
1606 1754 1972 1810 Triballorum

409 1845 677 1913 principe,
704 1854 892 1899 contra
920 1846 1145 1902 fratrem
1177 1862 1424 1918 pergere,
1460 1858 1514 1902 et
1543 1848 1718 1917 praelii
1738 1855 1978 1917 potestao

405 1944 514 1990 tem
541 1936 722 1992 facere
754 1938 863 2007 97
887 1938 1143 1992 instituit.
1183 1938 1363 1994 Moses
1396 1940 1580 2008 igitur,
1617 1947 1675 1993 ut
1703 1938 1976 1995 Mechme-

408 2025 476 2081 tis
522 2027 814 2081 consilium
862 2028 1179 2098 impediret,
1239 2043 1306 2084 ne
1365 2027 1527 2082 facile
1589 2028 1643 2082 in
1703 2029 1976 2096 Europam

409 2120 647 2174 transire
705 2134 937 2189 eamque
987 2120 1069 2174 sui
1114 2120 1257 2188 juris
1303 2118 1491 2175 facere
1528 2128 1737 2190 posset,
1769 2120 1977 2174 ducens

410 2225 596 2263 secum
653 2212 968 2265 universum
1017 2210 1248 2279 Europa:
1293 2211 1634 2273 exercitum,
1689 2224 1739 2266 et
1796 2212 1979 2282 ianua:

410 2304 634 2369 milites,
664 2303 909 2372 exceptis
941 2304 1027 2356 his
1055 2304 1145 2372 qui
1185 2302 1254 2356 ad
1290 2301 1651 2356 Mechmetem
1685 2318 1978 2359 concesse—

408 2402 533 2447 rant
562 2393 613 2446 in
650 2393 945 2463 Erysorum
979 2393 1056 2462 (ι)
1098 2390 1325 2458 regione
1359 2391 1627 2446 consedit.
1681 2391 1758 2447 lbi
1799 2393 1980 2448 Mech-

410 2495 585 2540 metes
621 2485 674 2539 in
722 2482 1125 2555 expeditionem
1181 2498 1463 2554 egressus.
1518 2494 1699 2539 castra
1754 2485 1971 2540 locavit.

412 2577 484 2632 Ut
512 2587 699 2634 autem
728 2578 1190 2649 appropinquavit
1228 2576 1397 2632 Mosis
1437 2580 1658 2641 castris,
1706 2579 1893 2647 copias
1923 2579 1975 2631 in

410 2672 582 2726 aciem
629 2669 843 2725 eduxit.
889 2668 1184 2724 Sinistrum
1230 2685 1400 2725 cornu
1442 2669 1662 2726 tenebat
1712 2669 1979 2724 Triballoo

291 2778 303 2789 '
410 2780 530 2819 rum
565 2765 707 2828 dux;
732 2764 923 2818 dextro
952 2776 1181 2833 praeerat
1209 2763 1476 2819 Brenezcs
1533 2779 1657 2819 cum
1687 2763 1810 2817 filiis
1838 2761 1974 2817 suis.

414 2855 613 2912 Secum
648 2855 795 2911 enim
822 2855 876 2909 in
909 2857 1114 2910 castris
1152 2855 1390 2911 habebat
1423 2855 1587 2921 ﬁlios,
1614 2856 1704 2925 qui
1736 2855 1836 2924 ipsi
1862 2854 1977 2908 nati

411 2948 921 3017 erantzAgathen,
972 2947 1288 3012 Baramum,
1349 2947 1581 3013 llaliem,
1639 2946 1865 3010 Beicen,
1926 2956 1980 3001 et

414 3038 624 3096 .lesum.
686 3039 985 3109 Postquam
1048 3050 1229 3095 autem
1275 3048 1330 3095 et
1382 3039 1563 3094 Moses
1614 3038 1787 3094 aciem
1823 3035 2050 3096 suamC

418 3133 702 3196 instruxit,
740 3132 1012 3188 accedens
1042 3132 1230 3188 omnia
1256 3132 1602 3201 explorabat,
1667 3141 1720 3187 et
1753 3133 1845 3187 ubi
1874 3131 1982 3188 sibi

418 3223 954 3299 opportunissimum
988 3224 1294 3289 videbatur,
1324 3224 1479 3278 stetit
1508 3240 1521 3278 :
1548 3234 1602 3279 et
1636 3222 1837 3293 ubique
1865 3222 1982 3278 suis

423 3336 663 3392 praesens
708 3328 851 3375 erat.
917 3318 994 3373 lbi
1050 3328 1162 3372 tum
1214 3318 1497 3373 Chasanes
1571 3317 1982 3388 peregrinorum

419 3415 553 3478 dux,
583 3413 674 3483 qui
705 3411 1015 3468 desciverat
1045 3425 1075 3464 a
1110 3409 1282 3474 Mose,
1317 3425 1460 3480 equo
1492 3418 1679 3464 vectus
1721 3410 1787 3463 ad
1818 3407 1983 3462 Mosis

416 3505 744 3569 exercitum,
776 3518 910 3558 voce
946 3519 1108 3573 quam
1144 3503 1319 3571 potuit
1350 3502 1593 3556 maxima
1638 3499 1982 3564 exclamavit,

418 3596 737 3666 peregrinos
767 3594 1088 3664 appellans:
1115 3591 1159 3649 0
1192 3592 1312 3656 ﬁlii,
1349 3593 1479 3656 quid
1506 3592 1865 3655 cunctamini,
1890 3598 1984 3644 ant

418 3690 545 3757 quid
582 3686 816 3743 diﬂertis
855 3687 1125 3742 continuo
1168 3684 1321 3739 abire
1363 3684 1428 3738 ad
1482 3699 1663 3754 regem
1713 3690 1982 3747 vestrum,

416 3780 596 3835 virum
636 3794 699 3834 ex
736 3792 934 3848 genere
974 3776 1426 3833 Otomanidarum
1463 3785 1675 3838 ortum,
1712 3784 1764 3828 et
1787 3773 1985 3843 justiso

418 3870 619 3925 simum
657 3876 711 3922 et
746 3866 1149 3937 aequissimum,
1182 3865 1385 3934 quique
1415 3879 1607 3919 omnes
1650 3863 1730 3918 sui
1770 3862 1987 3932 generis

421 3962 696 4031 principes
724 3960 923 4013 virtute
954 3956 1271 4012 antecedit?
1293 3953 1491 4011 Verum
1521 3955 1702 4009 miseri
1728 3955 1985 4019 manetis,

418 4051 772 4110 contumeliis
801 4049 978 4105 affecti
1009 4064 1037 4102 a
1072 4050 1193 4103 viro
1228 4048 1325 4117 qui
1375 4062 1478 4101 nec
1524 4046 1626 4103 sibi
1668 4060 1768 4101 nec
1797 4047 1987 4102 amicis

418 4148 719 4218 quidquam
747 4144 992 4203 salutare
1025 4141 1341 4212 prospicere
1374 4140 1590 4211 potest?
1617 4140 1739 4194 Haec
1765 4139 1985 4210 quidem

416 4243 768 4300 clamantem,
804 4246 858 4291 et
906 4236 972 4289 ad
1008 4236 1182 4290 aciem
1223 4233 1576 4297 festinantem
1616 4233 1824 4287 audivit
1870 4248 1982 4287 rex.

416 4333 648 4400 Quidam
692 4340 874 4385 autem
920 4326 1297 4398 respondens,
1343 4325 1567 4395 inquit:
1604 4323 1648 4379 Ο
1693 4339 1823 4386 rex,
1874 4338 1982 4377 non

416 4425 620 4495 aspicis
647 4422 961 4477 Chasanem
996 4419 1414 4489 peregrinorum
1462 4417 1682 4481 ducem,
1732 4431 1892 4485 quem
1927 4416 1980 4470 in

418 4518 658 4571 maximo
695 4528 869 4585 penes
909 4520 963 4566 te
998 4512 1207 4565 honore
1254 4509 1517 4574 habuisti,
1555 4509 1786 4563 incitare
1829 4523 1984 4577 pere-

417 4609 609 4679 grinos
661 4606 727 4660 ad
759 4603 1167 4660 defectionem?
1196 4602 1328 4668 Quae
1381 4601 1470 4655 ubi
1519 4601 1751 4656 advertit
1802 4601 1983 4657 Moses

417 4696 621 4767 parari,
650 4710 756 4749 non
790 4692 1026 4763 amplius
1056 4707 1186 4747 suos
1226 4691 1499 4747 continuit
1528 4710 1541 4747 :
1574 4707 1758 4745 verum
1784 4692 1985 4746 immil-

416 4803 538 4843 tene
567 4802 689 4851 eos,
720 4786 947 4856 ipseque
980 4799 1123 4854 equo
1155 4784 1390 4839 calcaria
1419 4782 1984 4849 subdens,ferebatur

421 4886 474 4938 in
506 4880 841 4940 Chasanem,
863 4884 922 4931 ut
946 4892 1071 4932 eum
1104 4876 1402 4942 occideret,
1424 4875 1789 4946 currebatque
1812 4877 1988 4946 plenis

415 4987 470 5033 et
508 4976 700 5032 effusis
743 4970 996 5027 habenis.
1047 4969 1332 5024 Chasanes
1390 4978 1448 5023 ut
1502 4968 1737 5039 accepit,
1784 4967 1986 5022 Mosein

418 5080 609 5125 contra
641 5082 700 5123 se
734 5080 950 5121 summa
987 5062 1272 5119 celeritate
1307 5060 1440 5127 niti,
1483 5070 1537 5115 et
1575 5062 1695 5131 ipse
1743 5060 1985 5116 adhibita

422 5163 778 5219 festinatione
808 5172 1025 5213 summa
1062 5155 1295 5225 aufugit.
1330 5152 1508 5209 Moses
1546 5153 1812 5208 acerrime
1844 5153 1989 5209 inse-

2068 563 2361 633 ἐτράπετο,
2396 562 2493 616 καὶ
2552 561 2772 629 φεύγων
2821 558 2996 628 ᾤχετο
3022 557 3113 608 ἐπὶ
3170 554 3283 606 τῶν
3329 551 3649 622 Τριϐαλλῶν

2069 655 2336 723 ἡγεμόνα.
2367 653 2477 706 Καὶ
2507 652 2695 717 ἐπειδὴ
2748 648 3023 718 διέτριϐεν
3061 642 3254 707 αὑτοῦ.
3306 643 3524 712 ἔπεμπε
3559 642 3645 694 λό-

2070 762 2201 813 γους
2236 745 2384 813 παρὰ
2426 742 2532 796 τῶν
2578 740 2839 809 Τούρκων
2883 739 3011 801 τοὺς
3059 737 3314 807 ἀρίστους
3348 734 3475 803 περὶ
3507 734 3644 787 ἀπο-

2073 841 2316 900 στάσεως
2343 836 2480 904 πρὸς
2507 854 2562 889 τε
2602 835 2856 902 Χασάνην
2884 832 2993 885 τῶν
3044 828 3328 901 ἐπηλύδων
3381 828 3638 895 ἄρχοντα,

2073 933 2167 985 καὶ
2198 931 2291 983 ἐπὶ
2325 930 2612 1000 Βρενέζεα,
2647 930 2740 980 καλ⁵
2782 925 3128 994 Ἀμουράτην
3159 922 3224 975 ⁸⁷.
3251 922 3313 974 Ol
3346 920 3402 973 δέ
3430 918 3554 982 τούς
3583 935 3642 970 τε

2071 1024 2264 1091 λόγους
2297 1023 2568 1094 προΐεντο,
2599 1022 2693 1075 καὶ
2721 1021 2872 1087 σφίσι
2900 1018 3057 1085 λόγον
3088 1014 3328 1069 ἐδίδοσαν
3358 1012 3486 1082 περὶ
3511 1012 3644 1064 ἀπο-

2075 1114 2341 1172 στάσεως.
2397 1112 2679 1165 Ἐντεῦθεν
2724 1109 2997 1180 Βρενέξης
3045 1108 3207 1168 αὐτός
3250 1123 3308 1159 τε
3354 1103 3644 1173 αὐτομολεῖ

2075 1206 2226 1274 παρὰ
2250 1205 2531 1275 Μεχμέτῃ,
2578 1203 2719 1274 ἔχων
2756 1201 2890 1273 παρ’
2934 1200 3116 1268 ἐαυτῷ
3168 1198 3443 1267 Τούρκους
3472 1213 3532 1248 τε
3567 1196 3643 1255 ὡς

2076 1297 2381 1359 πλείστους,
2406 1296 2496 1349 καὶ
2518 1296 2581 1366 δὴ
2601 1296 2695 1349 κα)⁸
2720 1296 2847 1358 τοὺς
2869 1294 3088 1356 παῖδας,
3118 1291 3376 1360 Χασάνην
3403 1290 3499 1342 σὺν
3529 1291 3643 1350 τοῖς

2076 1390 2343 1460 νεηλύδων
2400 1393 2512 1452 τοῖς
2559 1388 2826 1459 ἀρίστοις.
2902 1386 3188 1441 Ἐντεῦθεν
3247 1384 3322 1446 ὡς
3352 1381 3432 1451 τῷ
3476 1372 3638 1448 ’Μεχ-

2081 1484 2219 1555 μέτῃ
2269 1481 2632 1554 προσεγένετο
2705 1480 2984 1549 δύναμις,
3041 1478 3184 1531 ὥστε
3250 1473 3642 1543 διαπειρᾶσθαι

2082 1575 2263 1637 ἱκανὸς
2326 1569 2469 1627 εἶναι
2523 1571 2618 1625 τοῦ
2677 1572 2931 1638 ἀδελφοῦ,
2963 1568 3146 1624 λαϐὼν
3176 1566 3269 1621 καὶ
3297 1566 3359 1619 τὸ
3409 1564 3644 1634 Τριϐαλ-

2080 1667 2186 1720 λῶν
2215 1667 2459 1736 ἡγεμόνα
2494 1666 2611 1736 μεθ’
2648 1664 2864 1732 ἐαυτοῦ,
2902 1664 3141 1733 ἥλαυνεν⁵
3166 1661 3256 1714 ἐπὶ
3289 1661 3380 1712 τὸν
3420 1658 3645 1724 ἀδελφὸν

2077 1759 2151 1823 ὡς
2188 1759 2553 1829 μαχούμενος.
2588 1756 2795 1824 Μωσῆς
2835 1756 2935 1823 μὲν
2962 1753 3057 1807 οῦν
3099 1751 3483 1820 διανοούμενος
3539 1750 3639 1818 ἐμ-

2079 1851 2253 1905 ποδὼν
2288 1850 2541 1919 γενέσθαι
2576 1850 2652 1919 τῷ
2682 1847 2926 1917 ἀδελφῷ,
2955 1847 3097 1900 ὥστε
3127 1845 3202 1914 μὴ
3236 1842 3544 1909 ἐξελαύνειν
3568 1843 3645 1904 εἰς

2078 1945 2175 2015 τὴν
2207 1943 2500 2012 Εὐρώπην,
2535 1942 2630 1995 καὶ
2674 1940 3054 2011 προσάγεσθαι
3090 1935 3242 2004 αὐτῷ
3288 1933 3387 2004 τὴν
3438 1934 3646 2003 χώραν,

2080 2036 2219 2105 ἔχων
2252 2035 2347 2095 τάς
2372 2051 2433 2087 τε
2464 2034 2660 2103 θύρας,
2692 2033 2784 2086 καὶ
2811 2032 2872 2084 τὸ
2903 2031 2999 2098 τῆς
3022 2030 3292 2098 Εὐρώπης
3329 2026 3649 2095 στράτευμα

2080 2127 2245 2192 ἅπαν,
2277 2128 2417 2198 πλὴν
2454 2125 2568 2179 τῶν
2611 2124 2763 2193 παρά
2814 2122 3072 2192 Μεχμέτη
3130 2117 3650 2188 αὐτομολησάντων,

2078 2219 2307 2288 διέτρισε
2361 2217 2501 2272 κατὰ
2534 2217 2632 2284 τὴν
2674 2215 2782 2268 τῶν
2838 2212 3085 2285 Ἐρυσῶν
3129 2210 3331 2280 χώραν.
3378 2206 3645 2260 Ἐνταῦθα

2080 2309 2307 2374 ἐξελθὼν
2336 2313 2361 2363 ό
2381 2309 2675 2380 Μεχμέτης
2709 2303 3224 2376 ἐστρατοπεδεύετο.
3260 2301 3348 2364 Ὠς
3379 2300 3437 2353 δέ
3469 2296 3647 2367 ἀγχοῦ

2079 2403 2371 2471 γενόμενος
2408 2399 2489 2470 τῷ
2545 2398 2930 2469 στρατεύματι
2985 2395 3251 2458 Μωσέως,
3302 2389 3648 2461 παρετᾶατο

2080 2499 2160 2558 είς
2190 2498 2391 2566 μάχην.
2414 2495 2524 2548 Καὶ
2554 2488 2668 2565 εἶχε
2704 2495 2804 2563 μὲν
2826 2496 2886 2545 τδ
2909 2490 3191 2558 εὐώνυμον
3220 2483 3386 2540 αὐτοῦ
3412 2483 3578 2554 κέρας
3620 2484 3650 2535 ό

2079 2589 2186 2642 τῶν
2216 2586 2535 2657 Τριϐαλλῶν
2566 2583 2817 2655 ἡγεμὼν,
2848 2583 2909 2635 τὸ
2940 2580 3118 2645 δεξιὸν
3145 2580 3206 2632 δὲ
3244 2576 3521 2647 Βρενέζης
3552 2572 3650 2625 σὺν

2079 2679 2406 2743 τοίςπαισὶν
2431 2677 2620 2732 αὐτοῦ.
2658 2675 2922 2745 Παρῆσαν
2954 2672 3065 2742 γὰρ
3100 2669 3253 2737 αὐτῷ
3280 2666 3469 2727 παίδες
3506 2663 3653 2732 γενό-

2084 2789 2234 2842 μενοι
2274 2769 2500 2837 Ἀγαθοὶ
2527 2769 2595 2833 ⁸⁸,
2650 2766 2905 2835 Βαράμος
2950 2781 3009 2817 τε
3063 2763 3160 2817 καὶ
3223 2759 3406 2829 ’Δλίης
3434 2759 3501 2817 ⁸⁸,
3554 2756 3649 2810 καὶ

2081 2864 2281 2931 Βείκης
2343 2863 2438 2916 καὶ
2479 2860 2709 2930 Ἰησοῦς.
2744 2857 2962 2927 Ἐπειδὴ
2988 2857 3045 2908 δέ
3103 2854 3201 2908 καὶ
3233 2851 3438 2920 Μωσῆς
3472 2865 3653 2917 παρα⁴

2080 2955 2409 3025 ταξάμενος,
2442 2948 2592 3023 εἶχεν
2632 2952 2690 3005 ἐν
2715 2949 2869 3016 τάξει
2914 2949 2981 3001 τὰ
3038 2940 3430 3017 στρατεύματα
3461 2939 3649 3005 αὐτοῦ,

2084 3051 2181 3104 καὶ
2210 3050 2427 3119 παριὼν
2454 3046 2779 3110 ἐπεσκόπει,
2811 3043 2907 3096 καὶ
2948 3040 3205 3108 καθίστη,
3252 3038 3327 3101 ὡς
3361 3034 3509 3103 αύτῷ
3539 3033 3655 3087 ἐδό-

2087 3158 2195 3207 κει,
2255 3138 2610 3207 παρελαύνων
2672 3136 2985 3204 ἁπανταχῇ,
3051 3128 3287 3185 ἐνταῦθα
3336 3127 3595 3195 Χασάνης
3627 3125 3655 3177 ὁ

2084 3234 2194 3287 τῶν
2219 3231 2493 3300 νεηλύδων
2519 3229 2709 3299 ἄρχων
2749 3224 3155 3295 αὐτομολήσας,
3195 3222 3318 3275 τότε
3344 3220 3409 3290 δὴ
3450 3235 3654 3289 προσε-

2082 3324 2252 3386 λάσας
2278 3322 2355 3393 τῷ
2387 3323 2538 3391 ἵππῳ
2571 3322 2664 3373 ἐπ)⁸
2692 3320 2753 3372 τὸ
2784 3317 3031 3378 Μωσέως
3070 3315 3405 3384 στράτευμα,
3457 3312 3655 3379 ἐφώνει

2086 3415 2219 3485 πρὸς
2246 3414 2372 3475 τοὺς
2404 3411 2698 3481 νεήλυδαςο
2723 3406 2794 3463 Ὠ
2828 3409 3035 3474 παῖδες,
3070 3408 3122 3461 τί
3160 3405 3497 3475 διαμέλλετε,
3559 3402 3654 3454 καὶ

2083 3507 2184 3560 οὐκ
2224 3505 2511 3576 ἐξέρχεσθε
2540 3506 2585 3537 ⁷ο
2621 3505 2703 3557 ὅτι
2726 3503 2961 3573 τάχιστα
2987 3502 3079 3553 ἐπὶ
3106 3500 3199 3553 τὸν
3231 3497 3455 3569 βασιλέα
3477 3497 3651 3565 ὑμῶν,

2086 3598 2253 3669 ἄνδρα
2281 3614 2338 3648 τε
2371 3597 2477 3648 τῶν
2520 3596 2612 3647 τοῦ
2650 3595 2841 3661 γένους
2881 3591 3285 3661 Ὀτουμανίδων
3316 3586 3656 3642 δικαιότατον

2083 3706 2143 3741 τε
2172 3690 2264 3741 καὶ
2300 3688 2735 3752 ἐπιεικέστατον,
2768 3686 2860 3738 καὶ
2888 3684 3096 3746 πάντας
3127 3683 3189 3752 δὴ
3216 3681 3308 3734 τοῦ
3342 3681 3533 3748 γένους
3559 3678 3657 3730 αύ-

2085 3781 2180 3835 τοῦ
2241 3779 2744 3861 ὑπερϐαλλόμενον.
2780 3780 2992 3849 ἁρετῇς
3078 3776 3242 3828 Ἀλλὰ
3306 3774 3568 3843 ἀνέχεσθε
3610 3772 3654 3805 ⁷⁸

2086 3874 2464 3945 ὑϐριζόμενοι,
2518 3875 2612 3927 καὶ
2682 3875 2867 3937 κακῶς
2920 3878 3257 3941 πράττοντες
3313 3872 3404 3924 ὑπ’
3466 3868 3657 3939 ἀνδρὲς

2087 3968 2345 4039 ὑϐριστοῦ
2374 3969 2438 4038 τῇ
2492 3966 2677 4035 φύσει,
2727 3968 2824 4020 καὶ
2870 3965 3152 4030 ἀλαζόνος,
3209 3964 3302 4016 καὶ
3334 3961 3512 4029 ἐαυτῷ
3565 3961 3658 4013 καὶ

2084 4062 2197 4124 τοῖς
2223 4059 2550 4130 ἐπιτηδείοις
2578 4058 2746 4112 αὑτοῦ
2790 4059 2943 4112 οὐδὲν
2980 4057 3133 4125 ύγιές
3189 4056 3444 4125 ἔχοντοςς
3475 4053 3658 4104 Ταῦτα

2086 4150 2339 4216 λέγοντος
2376 4147 2469 4201 τοῦ
2498 4148 2791 4213 Χασαλέω,
2829 4147 3019 4214 ὥσπερ
3040 4143 3282 4198 ἐλαύνων
3304 4143 3399 4195 ἐπὶ
3424 4143 3517 4205 τὰς
3539 4159 3661 4194 συν-

2086 4243 2288 4310 τάξεις,
2316 4243 2518 4314 ἤκουεν
2546 4244 2574 4295 ὃ
2607 4260 2662 4295 τι
2685 4242 2835 4309 λέγοι
2866 4242 2894 4293 ό
2926 4240 3071 4310 ἀνὴρ
3111 4232 3289 4301 οὗτος.
3337 4236 3659 4291 ’Υπολαὸὼν

2088 4335 2143 4388 δέ
2162 4351 2245 4398 τις
2273 4334 2508 4403 ἔφασκεν
2533 4350 2547 4365 ·
2587 4333 2746 4397 Ἀλλ’,
2774 4327 2817 4386 ὦ
2854 4332 3096 4403 βασιλεῦ,
3135 4331 3232 4401 οὐχ
3289 4331 3438 4400 δρᾷς,
3476 4329 3661 4382 Χασά-

2092 4445 2188 4496 νην
2205 4427 2295 4478 τδν
2312 4425 2584 4497 νεηλύδων
2622 4426 2883 4495 ἄρχοντα,
2922 4426 3067 4495 μέγα
3092 4422 3395 4493 τιμηθέντα
3412 4422 3519 4473 ὑπὸ
3539 4420 3658 4484 σοῦ,

2089 4518 2165 4581 ὡς
2208 4518 2505 4589 ἐξυϐρίζει,
2567 4517 2700 4580 τοὺς
2761 4517 3021 4586 νεήλυδας
3074 4511 3508 4583 ἐπικαλούμενος
3566 4512 3661 4564 ἐπὶ

2091 4611 2424 4678 ἀπόστασιν;
2493 4610 2779 4676 Ἐνταῦθα,
2840 4609 2915 4671 ὼς
2964 4609 3166 4678 ἢκουσε
3216 4606 3387 4658 ταῦτα
3427 4603 3658 4669 Μωσῆς,

2089 4706 2273 4758 ούκέτι
2301 4705 2535 4773 ἐπέσχεν
2570 4703 2764 4765 αὐτοὺς
2791 4703 2857 4768 ⁷⁸,
2892 4700 3028 4754 ἀλλὰ
3079 4699 3312 4766 ἐπαφεὶς
3341 4697 3432 4750 τὸν
3493 4697 3661 4750 ἵππον

2090 4796 2299 4848 ἐκέντει
2340 4797 2431 4848 ἐπὶ
2461 4797 2553 4848 τὸν
2587 4795 2872 4865 Χασάνην,
2906 4794 2982 4857 ὡς
3029 4795 3367 4862 ἀναιρήσων,
3419 4792 3523 4845 καὶ
3548 4790 3661 4842 ἔθει

2096 4887 2197 4940 ἀνὰ
2236 4888 2459 4955 κράτος.
2493 4887 2753 4955 Χασάνης
2786 4886 2884 4955 μὲν
2916 4884 3011 4938 οῦν
3050 4885 3174 4937 ἐπεί
3214 4900 3273 4935 τε
3305 4882 3535 4953 τάχιστα
3560 4882 3662 4952 ᾐσ-

2093 4978 2216 5031 θετο
2265 4979 2467 5033 Μωσέα
2541 4979 2646 5032 ἀνα
2710 4978 2913 5049 κράτος
2972 4976 3265 5029 ἐλαύνοντα
3330 4976 3420 5029 ἐπ’
3475 4976 3659 5040 αὑτὸν,

2091 5068 2289 5137 ἕφιυγέ
2328 5086 2385 5122 τε
2415 5068 2578 5131 αὐτὸς
2611 5069 2750 5121 κατὰ
2776 5067 3003 5136 δύναμιν
3032 5084 3047 5099 ο
3083 5066 3288 5136 Μωσῆς
3319 5066 3375 5119 δὲ
3410 5066 3661 5135 ἐφείπετο

2091 5159 2324 5215 διώκων.
2369 5159 2636 5214 Ἐνταῦθα
2666 5158 2994 5213 καταλαϐὼν
3032 5158 3304 5228 φεύγοντα
3341 5155 3659 5229 καταίρει⁷⁸

1688 5314 1932 5376 Notuhe
1975 5317 2382 5395 marginales.

490 5446 600 5518 (99)
629 5447 946 5500 llrouczem.

2170 5441 2547 5515 (l)Mysorum.

492 5625 548 5698 "_
570 5625 865 5698 ’Δμούρην.
937 5626 983 5657 ⁸³
1002 5626 1041 5694 f.
1075 5623 1334 5698 ’Aya'thq.
1387 5621 1681 5698 _°’_‘Altﬁ;.
1715 5623 1776 5677 Π.
1803 5634 1854 5677 ιιι
1886 5623 1935 5677 in
1978 5642 2030 5681 c.
2110 5624 2152 5655 ⁷ο
2189 5623 2518 5695 ἐξέρχεσθαι.
2555 5624 2615 5680 1ί.
2648 5635 2702 5679 ιιι
2735 5626 2787 5677 in
2815 5641 2860 5678 ε.
2940 5625 2982 5655 ’³
3009 5622 3316 5693 ἀνέχεσθαι.
3354 5618 3413 5673 Β.
3446 5629 3499 5673 ιιι
3533 5621 3582 5673 in
3608 5637 3656 5675 τ.

422 5698 467 5731 ⁷³
497 5692 759 5751 air/19.3.
791 5692 844 5750 ut
868 5698 921 5750 in
960 5692 1008 5747 εξ
1083 5695 1125 5727 ⁷³
1152 5694 1422 5764 καθαιρεῖ.
1453 5692 1513 5747 R.
1550 5703 1603 5745 ut
1634 5695 1684 5746 in
1715 5713 1758 5747 ο.
