  <div class='ocr_page' id='page_1' title='image "/cluster/home/n/w/nwhite01/storage/ocr_20150623/159/hvd.32044073502684/113.png"; bbox 0 0 4010 6208; ppageno 0'>
   <div class='ocr_carea' id='block_1_1' title="bbox 470 337 571 404">
    <p class='ocr_par' dir='ltr' id='par_1_1' title="bbox 470 337 571 404">
     <span class='ocr_line' id='line_1_1' title="bbox 470 337 571 404; baseline 0 0"><span class='ocrx_word' id='word_1_1' title='bbox 470 337 571 404; x_wconf 87' lang='grc'><strong>187</strong></span> 
     </span>
    </p>
   </div>
   <div class='ocr_carea' id='block_1_2' title="bbox 1574 340 2615 406">
    <p class='ocr_par' dir='ltr' id='par_1_2' title="bbox 1574 340 2615 406">
     <span class='ocr_line' id='line_1_2' title="bbox 1574 340 2615 406; baseline 0.001 -5"><span class='ocrx_word' id='word_1_2' title='bbox 1574 340 1897 406; x_wconf 85' lang='lat' dir='ltr'><strong>LAONICI</strong></span> <span class='ocrx_word' id='word_1_3' title='bbox 1954 343 2615 406; x_wconf 77' lang='lat' dir='ltr'><strong>CHALCOCONDYL/E</strong></span> 
     </span>
    </p>
   </div>
   <div class='ocr_carea' id='block_1_3' title="bbox 3601 346 3704 410">
    <p class='ocr_par' dir='ltr' id='par_1_3' title="bbox 3601 346 3704 410">
     <span class='ocr_line' id='line_1_3' title="bbox 3601 346 3704 410; baseline -0.019 0"><span class='ocrx_word' id='word_1_4' title='bbox 3601 346 3704 410; x_wconf 80' lang='lat'><strong>188</strong></span> 
     </span>
    </p>
   </div>
   <div class='ocr_carea' id='block_1_4' title="bbox 462 428 2065 524">
    <p class='ocr_par' dir='ltr' id='par_1_4' title="bbox 462 428 2065 524">
     <span class='ocr_line' id='line_1_4' title="bbox 462 428 2065 524; baseline 0 -18"><span class='ocrx_word' id='word_1_5' title='bbox 462 464 588 524; x_wconf 69' lang='lat' dir='ltr'><strong>pios</strong></span> <span class='ocrx_word' id='word_1_6' title='bbox 621 447 842 520; x_wconf 81' lang='lat' dir='ltr'><strong>quidem</strong></span> <span class='ocrx_word' id='word_1_7' title='bbox 893 447 1057 503; x_wconf 87' lang='lat' dir='ltr'><strong>duces</strong></span> <span class='ocrx_word' id='word_1_8' title='bbox 1109 461 1295 503; x_wconf 87' lang='lat' dir='ltr'><strong>secum</strong></span> <span class='ocrx_word' id='word_1_9' title='bbox 1341 428 1591 517; x_wconf 82' lang='lat' dir='ltr'><strong>trahens,</strong></span> <span class='ocrx_word' id='word_1_10' title='bbox 1631 450 1821 505; x_wconf 88' lang='lat' dir='ltr'><strong>abibat</strong></span> <span class='ocrx_word' id='word_1_11' title='bbox 1873 450 2065 514; x_wconf 76' lang='grc' dir='ltr'>Ρειοο,</span> 
     </span>
    </p>
   </div>
   <div class='ocr_carea' id='block_1_5' title="bbox 2170 428 3701 524">
    <p class='ocr_par' dir='ltr' id='par_1_5' title="bbox 2170 449 3701 523">
     <span class='ocr_line' id='line_1_5' title="bbox 2170 449 3701 523; baseline 0.003 -18"><span class='ocrx_word' id='word_1_12' title='bbox 2170 454 2523 523; x_wconf 85' lang='grc' dir='ltr'>οποννησίους</span> <span class='ocrx_word' id='word_1_13' title='bbox 2554 453 2611 504; x_wconf 76' lang='grc' dir='ltr'>ἐν</span> <span class='ocrx_word' id='word_1_14' title='bbox 2642 450 2885 522; x_wconf 76' lang='grc' dir='ltr'>φυλακῇ.</span> <span class='ocrx_word' id='word_1_15' title='bbox 2918 449 3159 515; x_wconf 77' lang='grc' dir='ltr'><strong>Τούτους</strong></span> <span class='ocrx_word' id='word_1_16' title='bbox 3200 451 3299 521; x_wconf 68' lang='grc' dir='ltr'><strong>μὲν</strong></span> <span class='ocrx_word' id='word_1_17' title='bbox 3339 450 3510 522; x_wconf 77' lang='grc' dir='ltr'>ᾤχετο</span> <span class='ocrx_word' id='word_1_18' title='bbox 3529 454 3701 522; x_wconf 85' lang='grc' dir='ltr'>ἀγων.</span> 
     </span>
    </p>
   </div>
   <div class='ocr_carea' id='block_1_6' title="bbox 463 541 2026 620">
    <p class='ocr_par' dir='ltr' id='par_1_6' title="bbox 463 541 2026 620">
     <span class='ocr_line' id='line_1_6' title="bbox 463 541 2026 620; baseline -0.002 -18"><span class='ocrx_word' id='word_1_19' title='bbox 463 560 736 620; x_wconf 87' lang='lat' dir='ltr'><strong>ponneso.</strong></span> <span class='ocrx_word' id='word_1_20' title='bbox 767 542 1103 598; x_wconf 82' lang='lat' dir='ltr'><strong>Mecbmetes</strong></span> <span class='ocrx_word' id='word_1_21' title='bbox 1127 542 1221 597; x_wconf 87' lang='lat' dir='ltr'><strong>ubi</strong></span> <span class='ocrx_word' id='word_1_22' title='bbox 1253 541 1321 597; x_wconf 87' lang='lat' dir='ltr'><strong>ad</strong></span> <span class='ocrx_word' id='word_1_23' title='bbox 1362 549 1589 615; x_wconf 85' lang='lat' dir='ltr'><strong>regnum</strong></span> <span class='ocrx_word' id='word_1_24' title='bbox 1613 555 1898 615; x_wconf 73' lang='lat' dir='ltr'><strong>promotus</strong></span> <span class='ocrx_word' id='word_1_25' title='bbox 1922 553 2026 611; x_wconf 87' lang='lat' dir='ltr'><strong>est,</strong></span> 
     </span>
    </p>
   </div>
   <div class='ocr_carea' id='block_1_7' title="bbox 467 636 2026 707">
    <p class='ocr_par' dir='ltr' id='par_1_7' title="bbox 467 636 2026 707">
     <span class='ocr_line' id='line_1_7' title="bbox 467 636 2026 707; baseline -0.002 -12"><span class='ocrx_word' id='word_1_26' title='bbox 467 637 808 695; x_wconf 79' lang='lat' dir='ltr'><strong>succedente</strong></span> <span class='ocrx_word' id='word_1_27' title='bbox 845 645 1091 704; x_wconf 87' lang='lat' dir='ltr'><strong>tempore</strong></span> <span class='ocrx_word' id='word_1_28' title='bbox 1121 636 1527 705; x_wconf 75' lang='lat' dir='ltr'><strong>expeditionem</strong></span> <span class='ocrx_word' id='word_1_29' title='bbox 1570 637 1806 707; x_wconf 75' lang='lat' dir='ltr'><strong>sumpsit</strong></span> <span class='ocrx_word' id='word_1_30' title='bbox 1833 647 2026 693; x_wconf 90' lang='lat' dir='ltr'><strong>contra</strong></span> 
     </span>
    </p>
   </div>
   <div class='ocr_carea' id='block_1_8' title="bbox 474 726 2033 797">
    <p class='ocr_par' dir='ltr' id='par_1_8' title="bbox 474 726 2033 797">
     <span class='ocr_line' id='line_1_8' title="bbox 474 726 2033 797; baseline 0 -12"><span class='ocrx_word' id='word_1_31' title='bbox 474 731 754 785; x_wconf 52' lang='lat' dir='ltr'><strong>Ismaelem</strong></span> <span class='ocrx_word' id='word_1_32' title='bbox 796 727 1016 795; x_wconf 88' lang='lat' dir='ltr'><strong>Sinopae</strong></span> <span class='ocrx_word' id='word_1_33' title='bbox 1047 726 1367 797; x_wconf 75' lang='lat' dir='ltr'><strong>principem.</strong></span> <span class='ocrx_word' id='word_1_34' title='bbox 1402 728 1626 784; x_wconf 79' lang='lat' dir='ltr'><strong>Amicus</strong></span> <span class='ocrx_word' id='word_1_35' title='bbox 1674 730 1821 784; x_wconf 88' lang='lat' dir='ltr'><strong>enim</strong></span> <span class='ocrx_word' id='word_1_36' title='bbox 1864 738 1916 783; x_wconf 90' lang='lat' dir='ltr'><strong>et</strong></span> <span class='ocrx_word' id='word_1_37' title='bbox 1944 745 2033 785; x_wconf 88' lang='lat' dir='ltr'><strong>so-</strong></span> 
     </span>
    </p>
   </div>
   <div class='ocr_carea' id='block_1_9' title="bbox 468 819 2033 891">
    <p class='ocr_par' dir='ltr' id='par_1_9' title="bbox 468 819 2033 891">
     <span class='ocr_line' id='line_1_9' title="bbox 468 819 2033 891; baseline 0.002 -15"><span class='ocrx_word' id='word_1_38' title='bbox 468 824 590 876; x_wconf 82' lang='lat' dir='ltr'><strong>cius</strong></span> <span class='ocrx_word' id='word_1_39' title='bbox 620 819 723 875; x_wconf 90' lang='lat' dir='ltr'><strong>fuit</strong></span> <span class='ocrx_word' id='word_1_40' title='bbox 753 820 947 886; x_wconf 85' lang='lat' dir='ltr'><strong>Mosis,</strong></span> <span class='ocrx_word' id='word_1_41' title='bbox 993 820 1153 890; x_wconf 84' lang='lat' dir='ltr'><strong>cujus</strong></span> <span class='ocrx_word' id='word_1_42' title='bbox 1194 834 1362 889; x_wconf 82' lang='lat' dir='ltr'><strong>opera</strong></span> <span class='ocrx_word' id='word_1_43' title='bbox 1391 820 1555 876; x_wconf 74' lang='lat' dir='ltr'><strong>enixe</strong></span> <span class='ocrx_word' id='word_1_44' title='bbox 1594 820 1772 877; x_wconf 77' lang='lat' dir='ltr'><strong>Moses</strong></span> <span class='ocrx_word' id='word_1_45' title='bbox 1810 821 2033 891; x_wconf 80' lang='lat' dir='ltr'><strong>adjutus</strong></span> 
     </span>
    </p>
   </div>
   <div class='ocr_carea' id='block_1_10' title="bbox 468 913 2033 984">
    <p class='ocr_par' dir='ltr' id='par_1_10' title="bbox 468 913 2033 984">
     <span class='ocr_line' id='line_1_10' title="bbox 468 913 2033 984; baseline 0.003 -16"><span class='ocrx_word' id='word_1_46' title='bbox 468 923 552 969; x_wconf 86' lang='lat' dir='ltr'><strong>est</strong></span> <span class='ocrx_word' id='word_1_47' title='bbox 602 915 657 969; x_wconf 89' lang='lat' dir='ltr'><strong>in</strong></span> <span class='ocrx_word' id='word_1_48' title='bbox 709 913 879 977; x_wconf 90' lang='lat' dir='ltr'><strong>bello,</strong></span> <span class='ocrx_word' id='word_1_49' title='bbox 918 914 1063 983; x_wconf 88' lang='lat' dir='ltr'><strong>quod</strong></span> <span class='ocrx_word' id='word_1_50' title='bbox 1098 914 1268 984; x_wconf 78' lang='lat' dir='ltr'><strong>gessit</strong></span> <span class='ocrx_word' id='word_1_51' title='bbox 1322 929 1445 970; x_wconf 89' lang='lat' dir='ltr'><strong>cum</strong></span> <span class='ocrx_word' id='word_1_52' title='bbox 1500 913 1670 969; x_wconf 79' lang='lat' dir='ltr'><strong>fratre</strong></span> <span class='ocrx_word' id='word_1_53' title='bbox 1709 914 2033 972; x_wconf 73' lang='lat' dir='ltr'><strong>Mechmete.</strong></span> 
     </span>
    </p>
   </div>
   <div class='ocr_carea' id='block_1_11' title="bbox 471 1006 2034 1078">
    <p class='ocr_par' dir='ltr' id='par_1_11' title="bbox 471 1006 2034 1078">
     <span class='ocr_line' id='line_1_11' title="bbox 471 1006 2034 1078; baseline 0.001 -16"><span class='ocrx_word' id='word_1_54' title='bbox 471 1008 691 1063; x_wconf 81' lang='lat' dir='ltr'><strong>Mittens</strong></span> <span class='ocrx_word' id='word_1_55' title='bbox 740 1008 928 1077; x_wconf 82' lang='lat' dir='ltr'><strong>itaque</strong></span> <span class='ocrx_word' id='word_1_56' title='bbox 962 1006 1157 1061; x_wconf 87' lang='lat' dir='ltr'><strong>Ismael</strong></span> <span class='ocrx_word' id='word_1_57' title='bbox 1204 1007 1441 1078; x_wconf 88' lang='lat' dir='ltr'><strong>legatos.</strong></span> <span class='ocrx_word' id='word_1_58' title='bbox 1493 1008 1695 1076; x_wconf 79' lang='lat' dir='ltr'><strong>quibus</strong></span> <span class='ocrx_word' id='word_1_59' title='bbox 1724 1009 2034 1073; x_wconf 82' lang='lat' dir='ltr'><strong>mandarat,</strong></span> 
     </span>
    </p>
   </div>
   <div class='ocr_carea' id='block_1_12' title="bbox 471 1100 2037 1169">
    <p class='ocr_par' dir='ltr' id='par_1_12' title="bbox 471 1100 2037 1169">
     <span class='ocr_line' id='line_1_12' title="bbox 471 1100 2037 1169; baseline 0.003 -16"><span class='ocrx_word' id='word_1_60' title='bbox 471 1108 531 1153; x_wconf 88' lang='lat' dir='ltr'><strong>ut</strong></span> <span class='ocrx_word' id='word_1_61' title='bbox 566 1100 841 1165; x_wconf 84' lang='lat' dir='ltr'><strong>dicerent,</strong></span> <span class='ocrx_word' id='word_1_62' title='bbox 877 1115 936 1155; x_wconf 88' lang='lat' dir='ltr'><strong>se</strong></span> <span class='ocrx_word' id='word_1_63' title='bbox 973 1108 1223 1169; x_wconf 88' lang='lat' dir='ltr'><strong>paratum</strong></span> <span class='ocrx_word' id='word_1_64' title='bbox 1261 1115 1381 1155; x_wconf 89' lang='lat' dir='ltr'><strong>esse</strong></span> <span class='ocrx_word' id='word_1_65' title='bbox 1408 1101 1532 1156; x_wconf 64' lang='lat' dir='ltr'><strong>aeris</strong></span> <span class='ocrx_word' id='word_1_66' title='bbox 1574 1101 1823 1156; x_wconf 88' lang='lat' dir='ltr'><strong>redditus</strong></span> <span class='ocrx_word' id='word_1_67' title='bbox 1846 1118 2037 1158; x_wconf 86' lang='lat' dir='ltr'><strong>omnes</strong></span> 
     </span>
    </p>
   </div>
   <div class='ocr_carea' id='block_1_13' title="bbox 472 1192 2036 1263">
    <p class='ocr_par' dir='ltr' id='par_1_13' title="bbox 472 1192 2036 1263">
     <span class='ocr_line' id='line_1_13' title="bbox 472 1192 2036 1263; baseline -0.001 -16"><span class='ocrx_word' id='word_1_68' title='bbox 472 1192 754 1247; x_wconf 81' lang='lat' dir='ltr'><strong>Mecbmeti</strong></span> <span class='ocrx_word' id='word_1_69' title='bbox 814 1193 1035 1247; x_wconf 82' lang='lat' dir='ltr'><strong>nomine</strong></span> <span class='ocrx_word' id='word_1_70' title='bbox 1101 1194 1293 1246; x_wconf 82' lang='lat' dir='ltr'><strong>tributi</strong></span> <span class='ocrx_word' id='word_1_71' title='bbox 1358 1194 1662 1263; x_wconf 85' lang='lat' dir='ltr'><strong>assignare,</strong></span> <span class='ocrx_word' id='word_1_72' title='bbox 1725 1194 1771 1249; x_wconf 93' lang='lat' dir='ltr'><strong>si</strong></span> <span class='ocrx_word' id='word_1_73' title='bbox 1852 1208 2036 1249; x_wconf 83' lang='lat' dir='ltr'><strong>secum</strong></span> 
     </span>
    </p>
   </div>
   <div class='ocr_carea' id='block_1_14' title="bbox 474 1280 2039 1352">
    <p class='ocr_par' dir='ltr' id='par_1_14' title="bbox 474 1280 2039 1352">
     <span class='ocr_line' id='line_1_14' title="bbox 474 1280 2039 1352; baseline 0.003 -18"><span class='ocrx_word' id='word_1_74' title='bbox 474 1296 662 1352; x_wconf 90' lang='lat' dir='ltr'><strong>pacem</strong></span> <span class='ocrx_word' id='word_1_75' title='bbox 714 1280 952 1337; x_wconf 72' lang='lat' dir='ltr'><strong>fecisset.</strong></span> <span class='ocrx_word' id='word_1_76' title='bbox 992 1282 1117 1348; x_wconf 81' lang='lat' dir='ltr'><strong>llaec</strong></span> <span class='ocrx_word' id='word_1_77' title='bbox 1154 1284 1298 1337; x_wconf 89' lang='lat' dir='ltr'><strong>enim</strong></span> <span class='ocrx_word' id='word_1_78' title='bbox 1351 1284 1500 1351; x_wconf 86' lang='lat' dir='ltr'><strong>regio</strong></span> <span class='ocrx_word' id='word_1_79' title='bbox 1534 1282 1679 1337; x_wconf 62' lang='lat' dir='ltr'><strong>Asiae</strong></span> <span class='ocrx_word' id='word_1_80' title='bbox 1722 1283 1863 1349; x_wconf 83' lang='lat' dir='ltr'><strong>sola,</strong></span> <span class='ocrx_word' id='word_1_81' title='bbox 1894 1282 2039 1351; x_wconf 92' lang='lat' dir='ltr'><strong>quod</strong></span> 
     </span>
    </p>
   </div>
   <div class='ocr_carea' id='block_1_15' title="bbox 476 1376 2041 1445">
    <p class='ocr_par' dir='ltr' id='par_1_15' title="bbox 476 1376 2041 1445">
     <span class='ocr_line' id='line_1_15' title="bbox 476 1376 2041 1445; baseline 0 -15"><span class='ocrx_word' id='word_1_82' title='bbox 476 1376 666 1443; x_wconf 82' lang='lat' dir='ltr'><strong>sciam,</strong></span> <span class='ocrx_word' id='word_1_83' title='bbox 698 1392 771 1431; x_wconf 85' lang='lat' dir='ltr'><strong>aes</strong></span> <span class='ocrx_word' id='word_1_84' title='bbox 807 1376 1039 1445; x_wconf 83' lang='lat' dir='ltr'><strong>profert.</strong></span> <span class='ocrx_word' id='word_1_85' title='bbox 1072 1376 1208 1431; x_wconf 87' lang='lat' dir='ltr'><strong>Cum</strong></span> <span class='ocrx_word' id='word_1_86' title='bbox 1251 1377 1419 1445; x_wconf 82' lang='lat' dir='ltr'><strong>igitur</strong></span> <span class='ocrx_word' id='word_1_87' title='bbox 1465 1376 1590 1432; x_wconf 62' lang='lat' dir='ltr'><strong>anis</strong></span> <span class='ocrx_word' id='word_1_88' title='bbox 1634 1376 1884 1431; x_wconf 85' lang='lat' dir='ltr'><strong>redditus</strong></span> <span class='ocrx_word' id='word_1_89' title='bbox 1926 1384 2041 1430; x_wconf 88' lang='lat' dir='ltr'><strong>tra-</strong></span> 
     </span>
    </p>
   </div>
   <div class='ocr_carea' id='block_1_16' title="bbox 476 1467 2041 1538">
    <p class='ocr_par' dir='ltr' id='par_1_16' title="bbox 476 1467 2041 1538">
     <span class='ocr_line' id='line_1_16' title="bbox 476 1467 2041 1538; baseline 0.001 -18"><span class='ocrx_word' id='word_1_90' title='bbox 476 1468 704 1522; x_wconf 83' lang='lat' dir='ltr'><strong>didisset</strong></span> <span class='ocrx_word' id='word_1_91' title='bbox 735 1468 847 1538; x_wconf 81' lang='lat'><strong>99</strong></span> <span class='ocrx_word' id='word_1_92' title='bbox 880 1467 1190 1534; x_wconf 81' lang='lat' dir='ltr'><strong>Mcchmeti,</strong></span> <span class='ocrx_word' id='word_1_93' title='bbox 1220 1467 1424 1523; x_wconf 87' lang='lat' dir='ltr'><strong>bellum</strong></span> <span class='ocrx_word' id='word_1_94' title='bbox 1462 1484 1598 1538; x_wconf 85' lang='lat' dir='ltr'><strong>pace</strong></span> <span class='ocrx_word' id='word_1_95' title='bbox 1645 1475 2041 1524; x_wconf 89' lang='lat' dir='ltr'><strong>commutatum</strong></span> 
     </span>
    </p>
   </div>
   <div class='ocr_carea' id='block_1_17' title="bbox 476 1558 2042 1629">
    <p class='ocr_par' dir='ltr' id='par_1_17' title="bbox 476 1558 2042 1629">
     <span class='ocr_line' id='line_1_17' title="bbox 476 1558 2042 1629; baseline -0.001 -16"><span class='ocrx_word' id='word_1_96' title='bbox 476 1567 581 1614; x_wconf 90' lang='lat' dir='ltr'><strong>est.</strong></span> <span class='ocrx_word' id='word_1_97' title='bbox 647 1558 891 1614; x_wconf 83' lang='lat' dir='ltr'><strong>Tandem</strong></span> <span class='ocrx_word' id='word_1_98' title='bbox 948 1559 1225 1613; x_wconf 82' lang='lat' dir='ltr'><strong>discordia</strong></span> <span class='ocrx_word' id='word_1_99' title='bbox 1280 1559 1425 1614; x_wconf 87' lang='lat' dir='ltr'><strong>inter</strong></span> <span class='ocrx_word' id='word_1_100' title='bbox 1480 1560 1657 1629; x_wconf 88' lang='lat' dir='ltr'><strong>ipsum</strong></span> <span class='ocrx_word' id='word_1_101' title='bbox 1710 1568 1764 1612; x_wconf 87' lang='lat' dir='ltr'><strong>et</strong></span> <span class='ocrx_word' id='word_1_102' title='bbox 1809 1559 2042 1613; x_wconf 86' lang='lat' dir='ltr'><strong>Venetos</strong></span> 
     </span>
    </p>
   </div>
   <div class='ocr_carea' id='block_1_18' title="bbox 478 1650 2042 1722">
    <p class='ocr_par' dir='ltr' id='par_1_18' title="bbox 478 1650 2042 1722">
     <span class='ocr_line' id='line_1_18' title="bbox 478 1650 2042 1722; baseline -0.003 -15"><span class='ocrx_word' id='word_1_103' title='bbox 478 1654 715 1717; x_wconf 81' lang='lat' dir='ltr'><strong>exarsit,</strong></span> <span class='ocrx_word' id='word_1_104' title='bbox 747 1667 851 1718; x_wconf 83' lang='lat' dir='ltr'><strong>qua</strong></span> <span class='ocrx_word' id='word_1_105' title='bbox 899 1652 1171 1722; x_wconf 80' lang='lat' dir='ltr'><strong>impulsus</strong></span> <span class='ocrx_word' id='word_1_106' title='bbox 1203 1652 1304 1722; x_wconf 71' lang='grc' dir='ltr'><strong>(ὅ),</strong></span> <span class='ocrx_word' id='word_1_107' title='bbox 1338 1650 1565 1706; x_wconf 82' lang='lat' dir='ltr'><strong>Venetis</strong></span> <span class='ocrx_word' id='word_1_108' title='bbox 1596 1650 1796 1705; x_wconf 91' lang='lat' dir='ltr'><strong>bellum</strong></span> <span class='ocrx_word' id='word_1_109' title='bbox 1826 1650 2042 1714; x_wconf 85' lang='lat' dir='ltr'><strong>indicit,</strong></span> 
     </span>
    </p>
   </div>
   <div class='ocr_carea' id='block_1_19' title="bbox 481 1741 2046 1814">
    <p class='ocr_par' dir='ltr' id='par_1_19' title="bbox 481 1741 2046 1814">
     <span class='ocr_line' id='line_1_19' title="bbox 481 1741 2046 1814; baseline -0.002 -16"><span class='ocrx_word' id='word_1_110' title='bbox 481 1754 709 1814; x_wconf 81' lang='lat' dir='ltr'><strong>propter</strong></span> <span class='ocrx_word' id='word_1_111' title='bbox 740 1744 1023 1811; x_wconf 79' lang='lat' dir='ltr'><strong>regionem</strong></span> <span class='ocrx_word' id='word_1_112' title='bbox 1050 1758 1170 1812; x_wconf 66' lang='lat' dir='ltr'><strong>quae</strong></span> <span class='ocrx_word' id='word_1_113' title='bbox 1201 1743 1415 1797; x_wconf 86' lang='lat' dir='ltr'><strong>Ionium</strong></span> <span class='ocrx_word' id='word_1_114' title='bbox 1448 1749 1664 1811; x_wconf 83' lang='lat' dir='ltr'><strong>spectat</strong></span> <span class='ocrx_word' id='word_1_115' title='bbox 1694 1757 1707 1793; x_wconf 90' lang='lat'><strong>:</strong></span> <span class='ocrx_word' id='word_1_116' title='bbox 1739 1742 1828 1796; x_wconf 86' lang='lat' dir='ltr'><strong>cui</strong></span> <span class='ocrx_word' id='word_1_117' title='bbox 1862 1741 2046 1795; x_wconf 85' lang='lat' dir='ltr'><strong>missis</strong></span> 
     </span>
    </p>
   </div>
   <div class='ocr_carea' id='block_1_20' title="bbox 2134 544 3701 617">
    <p class='ocr_par' dir='ltr' id='par_1_20' title="bbox 2134 544 3701 617">
     <span class='ocr_line' id='line_1_20' title="bbox 2134 544 3701 617; baseline 0.002 -17"><span class='ocrx_word' id='word_1_118' title='bbox 2134 546 2433 616; x_wconf 85' lang='grc' dir='ltr'>Μεχμέτης</span> <span class='ocrx_word' id='word_1_119' title='bbox 2461 546 2520 600; x_wconf 75' lang='grc' dir='ltr'>δὲ</span> <span class='ocrx_word' id='word_1_120' title='bbox 2580 545 2655 608; x_wconf 83' lang='grc' dir='ltr'>ὡς</span> <span class='ocrx_word' id='word_1_121' title='bbox 2702 544 3009 607; x_wconf 78' lang='grc' dir='ltr'>ὲδασίλευε,</span> <span class='ocrx_word' id='word_1_122' title='bbox 3064 544 3258 616; x_wconf 88' lang='grc' dir='ltr'>χρόνου</span> <span class='ocrx_word' id='word_1_123' title='bbox 3294 546 3701 617; x_wconf 66' lang='grc' dir='ltr'><strong>ἐπιγινομένου,</strong></span> 
     </span>
    </p>
   </div>
   <div class='ocr_carea' id='block_1_21' title="bbox 2134 635 3704 709">
    <p class='ocr_par' dir='ltr' id='par_1_21' title="bbox 2134 635 3704 709">
     <span class='ocr_line' id='line_1_21' title="bbox 2134 635 3704 709; baseline 0.001 -18"><span class='ocrx_word' id='word_1_124' title='bbox 2134 637 2496 709; x_wconf 79' lang='grc' dir='ltr'><strong>ἐστρατεύετο</strong></span> <span class='ocrx_word' id='word_1_125' title='bbox 2526 638 2622 690; x_wconf 77' lang='grc' dir='ltr'><strong>ἐπὶ</strong></span> <span class='ocrx_word' id='word_1_126' title='bbox 2656 636 2748 690; x_wconf 79' lang='grc' dir='ltr'><strong>τὸν</strong></span> <span class='ocrx_word' id='word_1_127' title='bbox 2778 635 3085 708; x_wconf 85' lang='grc' dir='ltr'>Ἱσμειήλην</span> <span class='ocrx_word' id='word_1_128' title='bbox 3143 637 3395 708; x_wconf 83' lang='grc' dir='ltr'>Σινώπης</span> <span class='ocrx_word' id='word_1_129' title='bbox 3433 640 3704 709; x_wconf 75' lang='grc' dir='ltr'><strong>ἡγεμόνα,</strong></span> 
     </span>
    </p>
   </div>
   <div class='ocr_carea' id='block_1_22' title="bbox 2134 728 3703 800">
    <p class='ocr_par' dir='ltr' id='par_1_22' title="bbox 2134 728 3703 800">
     <span class='ocr_line' id='line_1_22' title="bbox 2134 728 3703 800; baseline -0.002 -16"><span class='ocrx_word' id='word_1_130' title='bbox 2134 731 2217 784; x_wconf 84' lang='grc' dir='ltr'><strong>δτι</strong></span> <span class='ocrx_word' id='word_1_131' title='bbox 2249 730 2328 799; x_wconf 81' lang='grc' dir='ltr'>τῷ</span> <span class='ocrx_word' id='word_1_132' title='bbox 2357 730 2553 784; x_wconf 86' lang='grc' dir='ltr'><strong>Μωσεῖ</strong></span> <span class='ocrx_word' id='word_1_133' title='bbox 2581 728 2735 797; x_wconf 80' lang='grc' dir='ltr'>φίλος</span> <span class='ocrx_word' id='word_1_134' title='bbox 2767 745 2827 781; x_wconf 90' lang='grc' dir='ltr'><strong>τε</strong></span> <span class='ocrx_word' id='word_1_135' title='bbox 2884 729 3061 781; x_wconf 69' lang='grc' dir='ltr'>ἐδόκει</span> <span class='ocrx_word' id='word_1_136' title='bbox 3098 730 3191 781; x_wconf 75' lang='grc' dir='ltr'>καὶ</span> <span class='ocrx_word' id='word_1_137' title='bbox 3253 728 3577 800; x_wconf 77' lang='grc' dir='ltr'>ἐπιτήδειος,</span> <span class='ocrx_word' id='word_1_138' title='bbox 3628 732 3703 795; x_wconf 82' lang='grc' dir='ltr'>ὡς</span> 
     </span>
    </p>
   </div>
   <div class='ocr_carea' id='block_1_23' title="bbox 2139 820 3707 894">
    <p class='ocr_par' dir='ltr' id='par_1_23' title="bbox 2139 820 3707 894">
     <span class='ocr_line' id='line_1_23' title="bbox 2139 820 3707 894; baseline 0.001 -18"><span class='ocrx_word' id='word_1_139' title='bbox 2139 822 2518 892; x_wconf 74' lang='grc' dir='ltr'>συμϐαλέσθαι</span> <span class='ocrx_word' id='word_1_140' title='bbox 2552 824 2607 885; x_wconf 73' lang='grc' dir='ltr'>ἐς</span> <span class='ocrx_word' id='word_1_141' title='bbox 2632 822 2726 876; x_wconf 77' lang='grc' dir='ltr'><strong>τὸν</strong></span> <span class='ocrx_word' id='word_1_142' title='bbox 2758 820 2883 875; x_wconf 86' lang='grc' dir='ltr'>καθ’</span> <span class='ocrx_word' id='word_1_143' title='bbox 2927 821 3125 875; x_wconf 75' lang='grc' dir='ltr'>ἑαυτὸν</span> <span class='ocrx_word' id='word_1_144' title='bbox 3155 822 3202 854; x_wconf 78' lang='grc'><strong>’⁸</strong></span> <span class='ocrx_word' id='word_1_145' title='bbox 3235 820 3501 889; x_wconf 84' lang='grc' dir='ltr'>πόλεμον·</span> <span class='ocrx_word' id='word_1_146' title='bbox 3536 840 3707 894; x_wconf 85' lang='grc' dir='ltr'>πρεσ-</span> 
     </span>
    </p>
   </div>
   <div class='ocr_carea' id='block_1_24' title="bbox 2138 911 3706 984">
    <p class='ocr_par' dir='ltr' id='par_1_24' title="bbox 2138 911 3706 984">
     <span class='ocr_line' id='line_1_24' title="bbox 2138 911 3706 984; baseline -0.003 -15"><span class='ocrx_word' id='word_1_147' title='bbox 2138 916 2294 969; x_wconf 72' lang='grc' dir='ltr'>ϐείαν</span> <span class='ocrx_word' id='word_1_148' title='bbox 2324 915 2383 967; x_wconf 77' lang='grc' dir='ltr'>δὲ</span> <span class='ocrx_word' id='word_1_149' title='bbox 2415 913 2660 984; x_wconf 81' lang='grc' dir='ltr'>πέμψας,</span> <span class='ocrx_word' id='word_1_150' title='bbox 2690 912 2786 966; x_wconf 74' lang='grc' dir='ltr'><strong>καὶ</strong></span> <span class='ocrx_word' id='word_1_151' title='bbox 2813 912 3123 982; x_wconf 68' lang='grc' dir='ltr'>ταξάμενος</span> <span class='ocrx_word' id='word_1_152' title='bbox 3138 911 3377 978; x_wconf 84' lang='grc' dir='ltr'>ἀπάγειν</span> <span class='ocrx_word' id='word_1_153' title='bbox 3404 913 3589 982; x_wconf 82' lang='grc' dir='ltr'>φόρον,</span> <span class='ocrx_word' id='word_1_154' title='bbox 3610 914 3706 983; x_wconf 82' lang='grc' dir='ltr'>τὴν</span> 
     </span>
    </p>
   </div>
   <div class='ocr_carea' id='block_1_25' title="bbox 2137 1003 3705 1078">
    <p class='ocr_par' dir='ltr' id='par_1_25' title="bbox 2137 1003 3705 1078">
     <span class='ocr_line' id='line_1_25' title="bbox 2137 1003 3705 1078; baseline -0.002 -17"><span class='ocrx_word' id='word_1_155' title='bbox 2137 1008 2233 1062; x_wconf 80' lang='grc' dir='ltr'><strong>τοῦ</strong></span> <span class='ocrx_word' id='word_1_156' title='bbox 2262 1006 2464 1078; x_wconf 82' lang='grc' dir='ltr'>χαλκοῦ</span> <span class='ocrx_word' id='word_1_157' title='bbox 2501 1006 2767 1076; x_wconf 87' lang='grc' dir='ltr'>πρόσοδον</span> <span class='ocrx_word' id='word_1_158' title='bbox 2788 1021 2802 1035; x_wconf 81' lang='grc'><em>’</em></span> <span class='ocrx_word' id='word_1_159' title='bbox 2864 1005 3016 1058; x_wconf 79' lang='grc' dir='ltr'>δοκεῖ</span> <span class='ocrx_word' id='word_1_160' title='bbox 3066 1005 3173 1074; x_wconf 82' lang='grc' dir='ltr'>γὰρ</span> <span class='ocrx_word' id='word_1_161' title='bbox 3207 1003 3368 1058; x_wconf 79' lang='grc' dir='ltr'>τοῦτο</span> <span class='ocrx_word' id='word_1_162' title='bbox 3395 1006 3457 1058; x_wconf 80' lang='grc' dir='ltr'>τὸ</span> <span class='ocrx_word' id='word_1_163' title='bbox 3508 1008 3705 1078; x_wconf 79' lang='grc' dir='ltr'>χωρίον</span> 
     </span>
    </p>
   </div>
   <div class='ocr_carea' id='block_1_26' title="bbox 2141 1092 3708 1167">
    <p class='ocr_par' dir='ltr' id='par_1_26' title="bbox 2141 1092 3708 1167">
     <span class='ocr_line' id='line_1_26' title="bbox 2141 1092 3708 1167; baseline -0.003 -13"><span class='ocrx_word' id='word_1_164' title='bbox 2141 1100 2253 1155; x_wconf 86' lang='grc' dir='ltr'><strong>τῶν</strong></span> <span class='ocrx_word' id='word_1_165' title='bbox 2279 1099 2423 1153; x_wconf 85' lang='grc' dir='ltr'><strong>κατά</strong></span> <span class='ocrx_word' id='word_1_166' title='bbox 2457 1098 2557 1166; x_wconf 78' lang='grc' dir='ltr'><strong>τὴν</strong></span> <span class='ocrx_word' id='word_1_167' title='bbox 2593 1096 2781 1150; x_wconf 81' lang='grc' dir='ltr'>Ἀσίαν</span> <span class='ocrx_word' id='word_1_168' title='bbox 2812 1097 3003 1167; x_wconf 81' lang='grc' dir='ltr'>φέρειν</span> <span class='ocrx_word' id='word_1_169' title='bbox 3039 1098 3219 1165; x_wconf 81' lang='grc' dir='ltr'>μόνον,</span> <span class='ocrx_word' id='word_1_170' title='bbox 3256 1092 3329 1149; x_wconf 82' lang='grc' dir='ltr'><strong>ῶν</strong></span> <span class='ocrx_word' id='word_1_171' title='bbox 3360 1098 3523 1165; x_wconf 79' lang='grc' dir='ltr'>ἡμεῖς</span> <span class='ocrx_word' id='word_1_172' title='bbox 3552 1096 3708 1165; x_wconf 75' lang='grc' dir='ltr'>ἴσμεν</span> 
     </span>
    </p>
   </div>
   <div class='ocr_carea' id='block_1_27' title="bbox 2138 1187 3710 1264">
    <p class='ocr_par' dir='ltr' id='par_1_27' title="bbox 2138 1187 3710 1264">
     <span class='ocr_line' id='line_1_27' title="bbox 2138 1187 3710 1264; baseline -0.006 -18"><span class='ocrx_word' id='word_1_173' title='bbox 2138 1195 2230 1246; x_wconf 81' lang='grc' dir='ltr'><strong>τὸν</strong></span> <span class='ocrx_word' id='word_1_174' title='bbox 2258 1192 2482 1264; x_wconf 84' lang='grc' dir='ltr'>χαλκόν.</span> <span class='ocrx_word' id='word_1_175' title='bbox 2512 1190 2720 1245; x_wconf 81' lang='grc' dir='ltr'>Τούτου</span> <span class='ocrx_word' id='word_1_176' title='bbox 2768 1190 2824 1243; x_wconf 80' lang='grc' dir='ltr'>δὲ</span> <span class='ocrx_word' id='word_1_177' title='bbox 2879 1189 2976 1259; x_wconf 76' lang='grc' dir='ltr'>τὴν</span> <span class='ocrx_word' id='word_1_178' title='bbox 3022 1188 3287 1258; x_wconf 86' lang='grc' dir='ltr'>πρόσοδον</span> <span class='ocrx_word' id='word_1_179' title='bbox 3325 1188 3602 1259; x_wconf 78' lang='grc' dir='ltr'>παραδοὺς</span> <span class='ocrx_word' id='word_1_180' title='bbox 3633 1187 3710 1257; x_wconf 82' lang='grc' dir='ltr'>τῷ</span> 
     </span>
    </p>
   </div>
   <div class='ocr_carea' id='block_1_28' title="bbox 2145 1278 3702 1354">
    <p class='ocr_par' dir='ltr' id='par_1_28' title="bbox 2145 1278 3702 1354">
     <span class='ocr_line' id='line_1_28' title="bbox 2145 1278 3702 1354; baseline -0.005 -18"><span class='ocrx_word' id='word_1_181' title='bbox 2145 1283 2357 1354; x_wconf 83' lang='grc' dir='ltr'>βασιλεί</span> <span class='ocrx_word' id='word_1_182' title='bbox 2386 1282 2675 1353; x_wconf 83' lang='grc' dir='ltr'>Μεχμέτῃ,</span> <span class='ocrx_word' id='word_1_183' title='bbox 2703 1280 2937 1342; x_wconf 79' lang='grc' dir='ltr'>σπονδάς</span> <span class='ocrx_word' id='word_1_184' title='bbox 2985 1297 3044 1332; x_wconf 89' lang='grc' dir='ltr'><strong>τε</strong></span> <span class='ocrx_word' id='word_1_185' title='bbox 3103 1279 3420 1349; x_wconf 77' lang='grc' dir='ltr'>ἐποιήσατο,</span> <span class='ocrx_word' id='word_1_186' title='bbox 3476 1280 3569 1331; x_wconf 71' lang='grc' dir='ltr'><strong>καὶ</strong></span> <span class='ocrx_word' id='word_1_187' title='bbox 3611 1278 3702 1329; x_wconf 75' lang='grc' dir='ltr'><strong>τὸν</strong></span> 
     </span>
    </p>
   </div>
   <div class='ocr_carea' id='block_1_29' title="bbox 2144 1369 3713 1444">
    <p class='ocr_par' dir='ltr' id='par_1_29' title="bbox 2144 1369 3713 1444">
     <span class='ocr_line' id='line_1_29' title="bbox 2144 1369 3713 1444; baseline -0.004 -16"><span class='ocrx_word' id='word_1_188' title='bbox 2144 1376 2381 1444; x_wconf 86' lang='grc' dir='ltr'>πόλεμον</span> <span class='ocrx_word' id='word_1_189' title='bbox 2444 1372 2810 1428; x_wconf 81' lang='grc' dir='ltr'>κατελύσατο.</span> <span class='ocrx_word' id='word_1_190' title='bbox 2881 1371 3027 1442; x_wconf 71' lang='grc' dir='ltr'>Πρὸς</span> <span class='ocrx_word' id='word_1_191' title='bbox 3053 1371 3238 1440; x_wconf 85' lang='grc' dir='ltr'>μέντοι</span> <span class='ocrx_word' id='word_1_192' title='bbox 3256 1372 3383 1432; x_wconf 77' lang='grc' dir='ltr'>τοὺς</span> <span class='ocrx_word' id='word_1_193' title='bbox 3415 1369 3713 1432; x_wconf 77' lang='grc' dir='ltr'>Οὑενετοῦς</span> 
     </span>
    </p>
   </div>
   <div class='ocr_carea' id='block_1_30' title="bbox 2142 1461 3713 1535">
    <p class='ocr_par' dir='ltr' id='par_1_30' title="bbox 2142 1461 3713 1535">
     <span class='ocr_line' id='line_1_30' title="bbox 2142 1461 3713 1535; baseline -0.003 -17"><span class='ocrx_word' id='word_1_194' title='bbox 2142 1464 2464 1535; x_wconf 77' lang='grc' dir='ltr'>διενεχθεὶς,</span> <span class='ocrx_word' id='word_1_195' title='bbox 2532 1464 2869 1534; x_wconf 72' lang='grc' dir='ltr'>ἐπολέμησε,</span> <span class='ocrx_word' id='word_1_196' title='bbox 2924 1463 3011 1515; x_wconf 82' lang='grc' dir='ltr'>διά</span> <span class='ocrx_word' id='word_1_197' title='bbox 3063 1479 3121 1515; x_wconf 88' lang='grc' dir='ltr'>τε</span> <span class='ocrx_word' id='word_1_198' title='bbox 3175 1462 3274 1532; x_wconf 80' lang='grc' dir='ltr'><strong>τήν</strong></span> <span class='ocrx_word' id='word_1_199' title='bbox 3338 1462 3478 1532; x_wconf 77' lang='grc' dir='ltr'>πρὸς</span> <span class='ocrx_word' id='word_1_200' title='bbox 3530 1461 3713 1514; x_wconf 86' lang='grc' dir='ltr'>Ἰόνιον</span> 
     </span>
    </p>
   </div>
   <div class='ocr_carea' id='block_1_31' title="bbox 2145 1552 3716 1627">
    <p class='ocr_par' dir='ltr' id='par_1_31' title="bbox 2145 1552 3716 1627">
     <span class='ocr_line' id='line_1_31' title="bbox 2145 1552 3716 1627; baseline -0.003 -18"><span class='ocrx_word' id='word_1_201' title='bbox 2145 1556 2331 1627; x_wconf 84' lang='grc' dir='ltr'>χώραν</span> <span class='ocrx_word' id='word_1_202' title='bbox 2378 1555 2489 1609; x_wconf 91' lang='grc' dir='ltr'><strong>τῶν</strong></span> <span class='ocrx_word' id='word_1_203' title='bbox 2543 1554 2847 1621; x_wconf 84' lang='grc' dir='ltr'>Οὐενετῶν,</span> <span class='ocrx_word' id='word_1_204' title='bbox 2902 1554 2957 1617; x_wconf 74' lang='grc' dir='ltr'>ἐς</span> <span class='ocrx_word' id='word_1_205' title='bbox 3031 1553 3099 1624; x_wconf 70' lang='grc' dir='ltr'><strong>ἣν</strong></span> <span class='ocrx_word' id='word_1_206' title='bbox 3162 1552 3483 1625; x_wconf 75' lang='grc' dir='ltr'><strong>ἐπιπέμψας</strong></span> <span class='ocrx_word' id='word_1_207' title='bbox 3551 1570 3716 1621; x_wconf 87' lang='grc' dir='ltr'>στρα-</span> 
     </span>
    </p>
   </div>
   <div class='ocr_carea' id='block_1_32' title="bbox 2148 1644 3715 1717">
    <p class='ocr_par' dir='ltr' id='par_1_32' title="bbox 2148 1644 3715 1717">
     <span class='ocr_line' id='line_1_32' title="bbox 2148 1644 3715 1717; baseline -0.004 -16"><span class='ocrx_word' id='word_1_208' title='bbox 2148 1647 2415 1714; x_wconf 83' lang='grc' dir='ltr'>τεύματα,</span> <span class='ocrx_word' id='word_1_209' title='bbox 2463 1645 2640 1717; x_wconf 71' lang='grc' dir='ltr'>ἐδῄου.</span> <span class='ocrx_word' id='word_1_210' title='bbox 2682 1645 2856 1698; x_wconf 83' lang='grc' dir='ltr'>Ἔνθα</span> <span class='ocrx_word' id='word_1_211' title='bbox 2896 1644 2961 1715; x_wconf 81' lang='grc' dir='ltr'>δὴ</span> <span class='ocrx_word' id='word_1_212' title='bbox 3006 1644 3608 1715; x_wconf 71' lang='grc' dir='ltr'>διαπρεσϐευσάμενοι,</span> <span class='ocrx_word' id='word_1_213' title='bbox 3638 1644 3715 1705; x_wconf 82' lang='grc' dir='ltr'>ὡς</span> 
     </span>
    </p>
   </div>
   <div class='ocr_carea' id='block_1_33' title="bbox 2148 1736 3473 1809">
    <p class='ocr_par' dir='ltr' id='par_1_33' title="bbox 2148 1736 3473 1809">
     <span class='ocr_line' id='line_1_33' title="bbox 2148 1736 3473 1809; baseline -0.002 -15"><span class='ocrx_word' id='word_1_214' title='bbox 2148 1740 2304 1794; x_wconf 80' lang='grc' dir='ltr'>οὐδὲν</span> <span class='ocrx_word' id='word_1_215' title='bbox 2339 1738 2574 1809; x_wconf 74' lang='grc' dir='ltr'>εὕραντο</span> <span class='ocrx_word' id='word_1_216' title='bbox 2598 1738 2930 1803; x_wconf 74' lang='grc' dir='ltr'>ἐπιτήδειον,</span> <span class='ocrx_word' id='word_1_217' title='bbox 2962 1737 3269 1806; x_wconf 76' lang='grc' dir='ltr'><strong>ἐπολέμουν</strong></span> <span class='ocrx_word' id='word_1_218' title='bbox 3301 1736 3473 1801; x_wconf 78' lang='grc' dir='ltr'>αὐτῷ.</span> 
     </span>
    </p>
   </div>
   <div class='ocr_carea' id='block_1_34' title="bbox 483 1824 3721 1901">
    <p class='ocr_par' dir='ltr' id='par_1_34' title="bbox 483 1824 3721 1901">
     <span class='ocr_line' id='line_1_34' title="bbox 483 1824 3721 1901; baseline -0.002 -13"><span class='ocrx_word' id='word_1_219' title='bbox 483 1834 820 1889; x_wconf 78' lang='lat' dir='ltr'><strong>exercitibus</strong></span> <span class='ocrx_word' id='word_1_220' title='bbox 853 1832 1162 1888; x_wconf 84' lang='lat' dir='ltr'><strong>vastitatem</strong></span> <span class='ocrx_word' id='word_1_221' title='bbox 1188 1831 1483 1886; x_wconf 75' lang='lat' dir='ltr'><strong>maximam</strong></span> <span class='ocrx_word' id='word_1_222' title='bbox 1511 1832 1826 1886; x_wconf 85' lang='lat' dir='ltr'><strong>inducebat.</strong></span> <span class='ocrx_word' id='word_1_223' title='bbox 1848 1831 2043 1886; x_wconf 80' lang='lat' dir='ltr'><strong>Veneti</strong></span> <span class='ocrx_word' id='word_1_224' title='bbox 2082 1830 2282 1901; x_wconf 78' lang='lat' dir='ltr'><strong>legatis</strong></span> <span class='ocrx_word' id='word_1_225' title='bbox 2318 1830 2531 1893; x_wconf 89' lang='lat' dir='ltr'><strong>missis,</strong></span> <span class='ocrx_word' id='word_1_226' title='bbox 2566 1836 2622 1882; x_wconf 91' lang='lat' dir='ltr'><strong>ut</strong></span> <span class='ocrx_word' id='word_1_227' title='bbox 2658 1827 2795 1883; x_wconf 83' lang='lat' dir='ltr'><strong>nihil</strong></span> <span class='ocrx_word' id='word_1_228' title='bbox 2863 1827 3004 1898; x_wconf 57' lang='lat' dir='ltr'><strong>arqui</strong></span> <span class='ocrx_word' id='word_1_229' title='bbox 3041 1824 3339 1896; x_wconf 79' lang='lat' dir='ltr'><strong>impetrare</strong></span> <span class='ocrx_word' id='word_1_230' title='bbox 3402 1836 3721 1898; x_wconf 89' lang='lat' dir='ltr'><strong>potuerunt,</strong></span> 
     </span>
    </p>
   </div>
   <div class='ocr_carea' id='block_1_35' title="bbox 482 1924 2163 2000">
    <p class='ocr_par' dir='ltr' id='par_1_35' title="bbox 482 1924 2163 2000">
     <span class='ocr_line' id='line_1_35' title="bbox 482 1924 2163 2000; baseline -0.001 -17"><span class='ocrx_word' id='word_1_231' title='bbox 482 1929 694 1985; x_wconf 83' lang='lat' dir='ltr'><strong>animos</strong></span> <span class='ocrx_word' id='word_1_232' title='bbox 741 1943 960 1998; x_wconf 88' lang='lat' dir='ltr'><strong>quoque</strong></span> <span class='ocrx_word' id='word_1_233' title='bbox 1004 1928 1061 1982; x_wconf 79' lang='lat' dir='ltr'><strong>in</strong></span> <span class='ocrx_word' id='word_1_234' title='bbox 1108 1928 1157 1982; x_wconf 87' lang='lat' dir='ltr'><strong>id</strong></span> <span class='ocrx_word' id='word_1_235' title='bbox 1191 1928 1390 1982; x_wconf 88' lang='lat' dir='ltr'><strong>bellum</strong></span> <span class='ocrx_word' id='word_1_236' title='bbox 1439 1941 1654 2000; x_wconf 85' lang='lat' dir='ltr'><strong>summa</strong></span> <span class='ocrx_word' id='word_1_237' title='bbox 1685 1927 1737 1979; x_wconf 85' lang='lat' dir='ltr'><strong>vi</strong></span> <span class='ocrx_word' id='word_1_238' title='bbox 1788 1924 2163 1981; x_wconf 88' lang='lat' dir='ltr'><strong>intenderunt.</strong></span> 
     </span>
    </p>
   </div>
   <div class='ocr_carea' id='block_1_36' title="bbox 554 2013 2065 2089">
    <p class='ocr_par' dir='ltr' id='par_1_36' title="bbox 554 2014 2057 2089">
     <span class='ocr_line' id='line_1_36' title="bbox 554 2014 2057 2089; baseline -0.003 -16"><span class='ocrx_word' id='word_1_239' title='bbox 554 2022 791 2089; x_wconf 83' lang='lat' dir='ltr'><strong>Apparet</strong></span> <span class='ocrx_word' id='word_1_240' title='bbox 814 2026 1029 2088; x_wconf 81' lang='lat' dir='ltr'><strong>gentem</strong></span> <span class='ocrx_word' id='word_1_241' title='bbox 1064 2019 1223 2071; x_wconf 85' lang='lat' dir='ltr'><strong>istam</strong></span> <span class='ocrx_word' id='word_1_242' title='bbox 1260 2014 1553 2071; x_wconf 81' lang='lat' dir='ltr'><strong>admodum</strong></span> <span class='ocrx_word' id='word_1_243' title='bbox 1585 2032 1707 2072; x_wconf 84' lang='lat' dir='ltr'><strong>esse</strong></span> <span class='ocrx_word' id='word_1_244' title='bbox 1766 2026 2057 2083; x_wconf 85' lang='lat' dir='ltr'><strong>vetustam,</strong></span> 
     </span>
    </p>
   </div>
   <div class='ocr_carea' id='block_1_37' title="bbox 2170 2013 3725 2089">
    <p class='ocr_par' dir='ltr' id='par_1_37' title="bbox 2234 2013 3725 2083">
     <span class='ocr_line' id='line_1_37' title="bbox 2234 2013 3725 2083; baseline -0.005 -11"><span class='ocrx_word' id='word_1_245' title='bbox 2234 2020 2394 2072; x_wconf 81' lang='grc' dir='ltr'>Δοκεῖ</span> <span class='ocrx_word' id='word_1_246' title='bbox 2428 2017 2486 2070; x_wconf 70' lang='grc' dir='ltr'>δὲ</span> <span class='ocrx_word' id='word_1_247' title='bbox 2539 2013 2700 2069; x_wconf 81' lang='grc' dir='ltr'>τοῦτο</span> <span class='ocrx_word' id='word_1_248' title='bbox 2739 2015 2801 2068; x_wconf 87' lang='grc' dir='ltr'><strong>τδ</strong></span> <span class='ocrx_word' id='word_1_249' title='bbox 2837 2015 2996 2083; x_wconf 86' lang='grc' dir='ltr'>γένος</span> <span class='ocrx_word' id='word_1_250' title='bbox 3049 2013 3282 2067; x_wconf 85' lang='grc' dir='ltr'>παλαιόν</span> <span class='ocrx_word' id='word_1_251' title='bbox 3342 2031 3398 2067; x_wconf 90' lang='grc' dir='ltr'><strong>τε</strong></span> <span class='ocrx_word' id='word_1_252' title='bbox 3449 2013 3725 2080; x_wconf 86' lang='grc' dir='ltr'>γενέσθαι,</span> 
     </span>
    </p>
   </div>
   <div class='ocr_carea' id='block_1_38' title="bbox 492 2108 2060 2179">
    <p class='ocr_par' dir='ltr' id='par_1_38' title="bbox 492 2108 2060 2179">
     <span class='ocr_line' id='line_1_38' title="bbox 492 2108 2060 2179; baseline -0.003 -12"><span class='ocrx_word' id='word_1_253' title='bbox 492 2122 545 2167; x_wconf 87' lang='lat' dir='ltr'><strong>et</strong></span> <span class='ocrx_word' id='word_1_254' title='bbox 569 2111 778 2167; x_wconf 86' lang='lat' dir='ltr'><strong>nobiles</strong></span> <span class='ocrx_word' id='word_1_255' title='bbox 805 2109 965 2164; x_wconf 87' lang='lat' dir='ltr'><strong>Iones</strong></span> <span class='ocrx_word' id='word_1_256' title='bbox 996 2108 1316 2163; x_wconf 83' lang='lat' dir='ltr'><strong>fortitudine</strong></span> <span class='ocrx_word' id='word_1_257' title='bbox 1336 2117 1390 2162; x_wconf 92' lang='lat' dir='ltr'><strong>et</strong></span> <span class='ocrx_word' id='word_1_258' title='bbox 1423 2124 1688 2179; x_wconf 87' lang='lat' dir='ltr'><strong>generoso</strong></span> <span class='ocrx_word' id='word_1_259' title='bbox 1718 2108 1916 2179; x_wconf 83' lang='lat' dir='ltr'><strong>spiritu</strong></span> <span class='ocrx_word' id='word_1_260' title='bbox 1937 2108 2060 2163; x_wconf 89' lang='lat' dir='ltr'><strong>lon-</strong></span> 
     </span>
    </p>
   </div>
   <div class='ocr_carea' id='block_1_39' title="bbox 488 2200 2060 2275">
    <p class='ocr_par' dir='ltr' id='par_1_39' title="bbox 488 2200 2060 2275">
     <span class='ocr_line' id='line_1_39' title="bbox 488 2200 2060 2275; baseline -0.001 -18"><span class='ocrx_word' id='word_1_261' title='bbox 488 2220 555 2275; x_wconf 86' lang='lat' dir='ltr'><strong>go</strong></span> <span class='ocrx_word' id='word_1_262' title='bbox 577 2202 860 2257; x_wconf 87' lang='lat' dir='ltr'><strong>intervallo</strong></span> <span class='ocrx_word' id='word_1_263' title='bbox 893 2210 1019 2269; x_wconf 87' lang='lat' dir='ltr'><strong>post</strong></span> <span class='ocrx_word' id='word_1_264' title='bbox 1064 2215 1123 2256; x_wconf 87' lang='lat' dir='ltr'><strong>se</strong></span> <span class='ocrx_word' id='word_1_265' title='bbox 1152 2201 1472 2270; x_wconf 83' lang='lat' dir='ltr'><strong>reliquisse.</strong></span> <span class='ocrx_word' id='word_1_266' title='bbox 1537 2200 1930 2258; x_wconf 83' lang='lat' dir='ltr'><strong>Habitaverunt</strong></span> <span class='ocrx_word' id='word_1_267' title='bbox 1959 2217 2060 2255; x_wconf 89' lang='lat' dir='ltr'><strong>an-</strong></span> 
     </span>
    </p>
   </div>
   <div class='ocr_carea' id='block_1_40' title="bbox 490 2290 2061 2364">
    <p class='ocr_par' dir='ltr' id='par_1_40' title="bbox 490 2290 2061 2364">
     <span class='ocr_line' id='line_1_40' title="bbox 490 2290 2061 2364; baseline -0.002 -16"><span class='ocrx_word' id='word_1_268' title='bbox 490 2295 717 2364; x_wconf 89' lang='lat' dir='ltr'><strong>tiquitus</strong></span> <span class='ocrx_word' id='word_1_269' title='bbox 744 2294 1020 2362; x_wconf 84' lang='lat' dir='ltr'><strong>regionem</strong></span> <span class='ocrx_word' id='word_1_270' title='bbox 1082 2300 1391 2358; x_wconf 77' lang='lat' dir='ltr'><strong>vergentem</strong></span> <span class='ocrx_word' id='word_1_271' title='bbox 1447 2291 1512 2345; x_wconf 89' lang='lat' dir='ltr'><strong>ad</strong></span> <span class='ocrx_word' id='word_1_272' title='bbox 1578 2292 1759 2347; x_wconf 90' lang='lat' dir='ltr'><strong>sinum</strong></span> <span class='ocrx_word' id='word_1_273' title='bbox 1792 2290 2061 2353; x_wconf 82' lang='lat' dir='ltr'><strong>ionicum,</strong></span> 
     </span>
    </p>
   </div>
   <div class='ocr_carea' id='block_1_41' title="bbox 493 2382 2064 2455">
    <p class='ocr_par' dir='ltr' id='par_1_41' title="bbox 493 2382 2064 2455">
     <span class='ocr_line' id='line_1_41' title="bbox 493 2382 2064 2455; baseline -0.001 -15"><span class='ocrx_word' id='word_1_274' title='bbox 493 2395 548 2440; x_wconf 90' lang='lat' dir='ltr'><strong>et</strong></span> <span class='ocrx_word' id='word_1_275' title='bbox 588 2386 655 2439; x_wconf 91' lang='lat' dir='ltr'><strong>ab</strong></span> <span class='ocrx_word' id='word_1_276' title='bbox 681 2385 895 2455; x_wconf 79' lang='lat' dir='ltr'><strong>Illyrico</strong></span> <span class='ocrx_word' id='word_1_277' title='bbox 927 2386 980 2437; x_wconf 89' lang='lat' dir='ltr'><strong>in</strong></span> <span class='ocrx_word' id='word_1_278' title='bbox 1013 2382 1220 2437; x_wconf 84' lang='lat' dir='ltr'><strong>italiam</strong></span> <span class='ocrx_word' id='word_1_279' title='bbox 1258 2390 1665 2437; x_wconf 80' lang='lat' dir='ltr'><strong>excurrentem.</strong></span> <span class='ocrx_word' id='word_1_280' title='bbox 1721 2383 1945 2452; x_wconf 86' lang='lat' dir='ltr'><strong>Antiqui</strong></span> <span class='ocrx_word' id='word_1_281' title='bbox 1968 2398 2064 2439; x_wconf 90' lang='lat' dir='ltr'><strong>eos</strong></span> 
     </span>
    </p>
   </div>
   <div class='ocr_carea' id='block_1_42' title="bbox 492 2471 2061 2546">
    <p class='ocr_par' dir='ltr' id='par_1_42' title="bbox 492 2471 2061 2546">
     <span class='ocr_line' id='line_1_42' title="bbox 492 2471 2061 2546; baseline -0.003 -15"><span class='ocrx_word' id='word_1_282' title='bbox 492 2476 689 2532; x_wconf 82' lang='lat' dir='ltr'><strong>Enetos</strong></span> <span class='ocrx_word' id='word_1_283' title='bbox 714 2474 1101 2546; x_wconf 76' lang='lat' dir='ltr'><strong>nuncupabant</strong></span> <span class='ocrx_word' id='word_1_284' title='bbox 1127 2475 1492 2543; x_wconf 83' lang='lat' dir='ltr'><strong>:postmodum</strong></span> <span class='ocrx_word' id='word_1_285' title='bbox 1529 2471 1721 2528; x_wconf 80' lang='lat' dir='ltr'><strong>Veneti</strong></span> <span class='ocrx_word' id='word_1_286' title='bbox 1746 2472 1878 2527; x_wconf 89' lang='lat' dir='ltr'><strong>dicti</strong></span> <span class='ocrx_word' id='word_1_287' title='bbox 1911 2480 2061 2527; x_wconf 86' lang='lat' dir='ltr'><strong>sunt.</strong></span> 
     </span>
    </p>
   </div>
   <div class='ocr_carea' id='block_1_43' title="bbox 493 2563 2063 2635">
    <p class='ocr_par' dir='ltr' id='par_1_43' title="bbox 493 2563 2063 2635">
     <span class='ocr_line' id='line_1_43' title="bbox 493 2563 2063 2635; baseline -0.003 -15"><span class='ocrx_word' id='word_1_288' title='bbox 493 2566 734 2623; x_wconf 75' lang='lat' dir='ltr'><strong>Profecti</strong></span> <span class='ocrx_word' id='word_1_289' title='bbox 789 2575 969 2621; x_wconf 90' lang='lat' dir='ltr'><strong>autem</strong></span> <span class='ocrx_word' id='word_1_290' title='bbox 1006 2581 1071 2619; x_wconf 82' lang='lat' dir='ltr'><strong>ex</strong></span> <span class='ocrx_word' id='word_1_291' title='bbox 1110 2564 1442 2631; x_wconf 80' lang='lat' dir='ltr'><strong>cnntinenti,</strong></span> <span class='ocrx_word' id='word_1_292' title='bbox 1504 2564 1701 2635; x_wconf 89' lang='lat' dir='ltr'><strong>partim</strong></span> <span class='ocrx_word' id='word_1_293' title='bbox 1762 2563 2063 2629; x_wconf 85' lang='lat' dir='ltr'><strong>voluntate,</strong></span> 
     </span>
    </p>
   </div>
   <div class='ocr_carea' id='block_1_44' title="bbox 494 2659 2065 2727">
    <p class='ocr_par' dir='ltr' id='par_1_44' title="bbox 494 2659 2065 2727">
     <span class='ocr_line' id='line_1_44' title="bbox 494 2659 2065 2727; baseline -0.002 -14"><span class='ocrx_word' id='word_1_294' title='bbox 494 2661 691 2727; x_wconf 76' lang='lat' dir='ltr'><strong>partim</strong></span> <span class='ocrx_word' id='word_1_295' title='bbox 721 2659 1047 2715; x_wconf 84' lang='lat' dir='ltr'><strong>necessitate</strong></span> <span class='ocrx_word' id='word_1_296' title='bbox 1077 2659 1313 2723; x_wconf 88' lang='lat' dir='ltr'><strong>subacti,</strong></span> <span class='ocrx_word' id='word_1_297' title='bbox 1353 2666 1410 2712; x_wconf 90' lang='lat' dir='ltr'><strong>ut</strong></span> <span class='ocrx_word' id='word_1_298' title='bbox 1431 2672 1660 2726; x_wconf 87' lang='lat' dir='ltr'><strong>quorum</strong></span> <span class='ocrx_word' id='word_1_299' title='bbox 1688 2659 1836 2727; x_wconf 88' lang='lat' dir='ltr'><strong>regio</strong></span> <span class='ocrx_word' id='word_1_300' title='bbox 1859 2664 2065 2710; x_wconf 88' lang='lat' dir='ltr'><strong>vastata</strong></span> 
     </span>
    </p>
   </div>
   <div class='ocr_carea' id='block_1_45' title="bbox 495 2748 2068 2818">
    <p class='ocr_par' dir='ltr' id='par_1_45' title="bbox 495 2748 2068 2818">
     <span class='ocr_line' id='line_1_45' title="bbox 495 2748 2068 2818; baseline -0.003 -13"><span class='ocrx_word' id='word_1_301' title='bbox 495 2750 733 2806; x_wconf 72' lang='lat' dir='ltr'><strong>essetab</strong></span> <span class='ocrx_word' id='word_1_302' title='bbox 773 2748 938 2804; x_wconf 81' lang='lat' dir='ltr'><strong>Attila</strong></span> <span class='ocrx_word' id='word_1_303' title='bbox 967 2764 1115 2818; x_wconf 87' lang='lat' dir='ltr'><strong>rege,</strong></span> <span class='ocrx_word' id='word_1_304' title='bbox 1169 2757 1226 2803; x_wconf 93' lang='lat' dir='ltr'><strong>ut</strong></span> <span class='ocrx_word' id='word_1_305' title='bbox 1253 2748 1309 2803; x_wconf 90' lang='lat' dir='ltr'><strong>in</strong></span> <span class='ocrx_word' id='word_1_306' title='bbox 1341 2750 1545 2818; x_wconf 88' lang='lat' dir='ltr'><strong>majore</strong></span> <span class='ocrx_word' id='word_1_307' title='bbox 1561 2749 1856 2803; x_wconf 87' lang='lat' dir='ltr'><strong>securitate</strong></span> <span class='ocrx_word' id='word_1_308' title='bbox 1884 2757 2068 2803; x_wconf 76' lang='lat' dir='ltr'><strong>essent</strong></span> 
     </span>
    </p>
   </div>
   <div class='ocr_carea' id='block_1_46' title="bbox 498 2840 2070 2913">
    <p class='ocr_par' dir='ltr' id='par_1_46' title="bbox 498 2840 2070 2913">
     <span class='ocr_line' id='line_1_46' title="bbox 498 2840 2070 2913; baseline -0.003 -17"><span class='ocrx_word' id='word_1_309' title='bbox 498 2845 551 2897; x_wconf 91' lang='lat' dir='ltr'><strong>in</strong></span> <span class='ocrx_word' id='word_1_310' title='bbox 584 2851 885 2913; x_wconf 85' lang='lat' dir='ltr'><strong>posterum,</strong></span> <span class='ocrx_word' id='word_1_311' title='bbox 922 2840 1157 2895; x_wconf 89' lang='lat' dir='ltr'><strong>insulam</strong></span> <span class='ocrx_word' id='word_1_312' title='bbox 1188 2840 1478 2911; x_wconf 86' lang='lat' dir='ltr'><strong>quamdam</strong></span> <span class='ocrx_word' id='word_1_313' title='bbox 1561 2855 1783 2910; x_wconf 90' lang='lat' dir='ltr'><strong>parvam</strong></span> <span class='ocrx_word' id='word_1_314' title='bbox 1816 2848 1871 2895; x_wconf 91' lang='lat' dir='ltr'><strong>et</strong></span> <span class='ocrx_word' id='word_1_315' title='bbox 1921 2840 2070 2909; x_wconf 73' lang='lat' dir='ltr'><strong>palu-</strong></span> 
     </span>
    </p>
   </div>
   <div class='ocr_carea' id='block_1_47' title="bbox 499 2930 2067 3002">
    <p class='ocr_par' dir='ltr' id='par_1_47' title="bbox 499 2930 2067 3002">
     <span class='ocr_line' id='line_1_47' title="bbox 499 2930 2067 3002; baseline -0.001 -14"><span class='ocrx_word' id='word_1_316' title='bbox 499 2944 690 2997; x_wconf 85' lang='lat' dir='ltr'><strong>strem,</strong></span> <span class='ocrx_word' id='word_1_317' title='bbox 724 2933 1019 2986; x_wconf 89' lang='lat' dir='ltr'><strong>distantem</strong></span> <span class='ocrx_word' id='word_1_318' title='bbox 1053 2931 1120 2987; x_wconf 91' lang='lat' dir='ltr'><strong>ab</strong></span> <span class='ocrx_word' id='word_1_319' title='bbox 1148 2933 1465 2987; x_wconf 89' lang='lat' dir='ltr'><strong>continente</strong></span> <span class='ocrx_word' id='word_1_320' title='bbox 1505 2932 1818 3002; x_wconf 82' lang='lat' dir='ltr'><strong>quindecim</strong></span> <span class='ocrx_word' id='word_1_321' title='bbox 1850 2930 2067 2999; x_wconf 87' lang='lat' dir='ltr'><strong>stadiis,</strong></span> 
     </span>
    </p>
   </div>
   <div class='ocr_carea' id='block_1_48' title="bbox 499 3023 2069 3092">
    <p class='ocr_par' dir='ltr' id='par_1_48' title="bbox 499 3023 2069 3092">
     <span class='ocr_line' id='line_1_48' title="bbox 499 3023 2069 3092; baseline -0.001 -14"><span class='ocrx_word' id='word_1_322' title='bbox 499 3024 747 3079; x_wconf 67' lang='lat' dir='ltr'><strong>aediliciis</strong></span> <span class='ocrx_word' id='word_1_323' title='bbox 785 3038 1055 3092; x_wconf 86' lang='lat' dir='ltr'><strong>occupare</strong></span> <span class='ocrx_word' id='word_1_324' title='bbox 1111 3033 1443 3078; x_wconf 88' lang='lat' dir='ltr'><strong>statuerunt.</strong></span> <span class='ocrx_word' id='word_1_325' title='bbox 1497 3023 1714 3078; x_wconf 88' lang='lat' dir='ltr'><strong>Initium</strong></span> <span class='ocrx_word' id='word_1_326' title='bbox 1767 3023 2069 3078; x_wconf 67' lang='lat' dir='ltr'><strong>aedificandi</strong></span> 
     </span>
    </p>
   </div>
   <div class='ocr_carea' id='block_1_49' title="bbox 482 3114 2074 3187">
    <p class='ocr_par' dir='ltr' id='par_1_49' title="bbox 482 3114 2074 3187">
     <span class='ocr_line' id='line_1_49' title="bbox 482 3114 2074 3187; baseline 0.001 -18"><span class='ocrx_word' id='word_1_327' title='bbox 482 3116 703 3171; x_wconf 47' lang='lat' dir='ltr'><strong>“factum</strong></span> <span class='ocrx_word' id='word_1_328' title='bbox 725 3124 808 3171; x_wconf 89' lang='lat' dir='ltr'><strong>est</strong></span> <span class='ocrx_word' id='word_1_329' title='bbox 826 3132 855 3170; x_wconf 90' lang='lat' dir='ltr'><strong>a</strong></span> <span class='ocrx_word' id='word_1_330' title='bbox 877 3116 1067 3187; x_wconf 85' lang='lat' dir='ltr'><strong>paucis</strong></span> <span class='ocrx_word' id='word_1_331' title='bbox 1084 3114 1307 3170; x_wconf 82' lang='lat' dir='ltr'><strong>Venetis</strong></span> <span class='ocrx_word' id='word_1_332' title='bbox 1330 3118 1380 3169; x_wconf 90' lang='lat' dir='ltr'><strong>in</strong></span> <span class='ocrx_word' id='word_1_333' title='bbox 1407 3131 1573 3170; x_wconf 88' lang='lat' dir='ltr'><strong>unum</strong></span> <span class='ocrx_word' id='word_1_334' title='bbox 1593 3116 1854 3171; x_wconf 86' lang='lat' dir='ltr'><strong>collectis.</strong></span> <span class='ocrx_word' id='word_1_335' title='bbox 1873 3115 2074 3170; x_wconf 89' lang='lat' dir='ltr'><strong>Deinde</strong></span> 
     </span>
    </p>
   </div>
   <div class='ocr_carea' id='block_1_50' title="bbox 499 3206 2074 3277">
    <p class='ocr_par' dir='ltr' id='par_1_50' title="bbox 499 3206 2074 3277">
     <span class='ocr_line' id='line_1_50' title="bbox 499 3206 2074 3277; baseline -0.001 -13"><span class='ocrx_word' id='word_1_336' title='bbox 499 3222 780 3264; x_wconf 82' lang='lat' dir='ltr'><strong>accessere</strong></span> <span class='ocrx_word' id='word_1_337' title='bbox 816 3221 1032 3276; x_wconf 81' lang='lat' dir='ltr'><strong>quoque</strong></span> <span class='ocrx_word' id='word_1_338' title='bbox 1065 3207 1279 3261; x_wconf 84' lang='lat' dir='ltr'><strong>finitimi</strong></span> <span class='ocrx_word' id='word_1_339' title='bbox 1307 3207 1635 3272; x_wconf 88' lang='lat' dir='ltr'><strong>continenti,</strong></span> <span class='ocrx_word' id='word_1_340' title='bbox 1662 3206 1819 3261; x_wconf 77' lang='lat' dir='ltr'><strong>bellis</strong></span> <span class='ocrx_word' id='word_1_341' title='bbox 1839 3207 2074 3277; x_wconf 80' lang='lat' dir='ltr'><strong>graviter</strong></span> 
     </span>
    </p>
   </div>
   <div class='ocr_carea' id='block_1_51' title="bbox 507 3296 2074 3366">
    <p class='ocr_par' dir='ltr' id='par_1_51' title="bbox 507 3296 2074 3366">
     <span class='ocr_line' id='line_1_51' title="bbox 507 3296 2074 3366; baseline -0.001 -13"><span class='ocrx_word' id='word_1_342' title='bbox 507 3299 767 3354; x_wconf 82' lang='lat' dir='ltr'><strong>divexati.</strong></span> <span class='ocrx_word' id='word_1_343' title='bbox 807 3296 951 3352; x_wconf 88' lang='lat' dir='ltr'><strong>Urbs</strong></span> <span class='ocrx_word' id='word_1_344' title='bbox 988 3308 1170 3352; x_wconf 84' lang='lat' dir='ltr'><strong>autem</strong></span> <span class='ocrx_word' id='word_1_345' title='bbox 1206 3298 1297 3351; x_wconf 92' lang='lat' dir='ltr'><strong>illa</strong></span> <span class='ocrx_word' id='word_1_346' title='bbox 1334 3312 1508 3366; x_wconf 89' lang='lat' dir='ltr'><strong>usque</strong></span> <span class='ocrx_word' id='word_1_347' title='bbox 1542 3297 1940 3352; x_wconf 88' lang='lat' dir='ltr'><strong>incrementum</strong></span> <span class='ocrx_word' id='word_1_348' title='bbox 1978 3312 2074 3351; x_wconf 84' lang='lat' dir='ltr'><strong>su-</strong></span> 
     </span>
    </p>
   </div>
   <div class='ocr_carea' id='block_1_52' title="bbox 2162 2106 3727 2175">
    <p class='ocr_par' dir='ltr' id='par_1_52' title="bbox 2162 2106 3727 2175">
     <span class='ocr_line' id='line_1_52' title="bbox 2162 2106 3727 2175; baseline -0.005 -9"><span class='ocrx_word' id='word_1_349' title='bbox 2162 2112 2256 2166; x_wconf 72' lang='grc' dir='ltr'>καὶ</span> <span class='ocrx_word' id='word_1_350' title='bbox 2298 2111 2408 2164; x_wconf 87' lang='grc' dir='ltr'><strong>τῶν</strong></span> <span class='ocrx_word' id='word_1_351' title='bbox 2472 2110 2614 2162; x_wconf 84' lang='grc' dir='ltr'><strong>κατά</strong></span> <span class='ocrx_word' id='word_1_352' title='bbox 2664 2108 2758 2161; x_wconf 79' lang='grc' dir='ltr'><strong>τὸν</strong></span> <span class='ocrx_word' id='word_1_353' title='bbox 2815 2107 3005 2161; x_wconf 84' lang='grc' dir='ltr'>Ἰόνιον</span> <span class='ocrx_word' id='word_1_354' title='bbox 3051 2106 3288 2175; x_wconf 79' lang='grc' dir='ltr'>εὐγενῶν</span> <span class='ocrx_word' id='word_1_355' title='bbox 3337 2106 3626 2173; x_wconf 84' lang='grc' dir='ltr'>κράτιστόν</span> <span class='ocrx_word' id='word_1_356' title='bbox 3668 2124 3727 2158; x_wconf 89' lang='grc' dir='ltr'><strong>τε</strong></span> 
     </span>
    </p>
   </div>
   <div class='ocr_carea' id='block_1_53' title="bbox 2166 2198 3729 2270">
    <p class='ocr_par' dir='ltr' id='par_1_53' title="bbox 2166 2198 3729 2270">
     <span class='ocr_line' id='line_1_53' title="bbox 2166 2198 3729 2270; baseline -0.005 -12"><span class='ocrx_word' id='word_1_357' title='bbox 2166 2199 2307 2259; x_wconf 74' lang='grc' dir='ltr'>εἶναι</span> <span class='ocrx_word' id='word_1_358' title='bbox 2356 2203 2454 2256; x_wconf 81' lang='grc' dir='ltr'>καὶ</span> <span class='ocrx_word' id='word_1_359' title='bbox 2489 2200 2899 2270; x_wconf 85' lang='grc' dir='ltr'>γενναιότατον.</span> <span class='ocrx_word' id='word_1_360' title='bbox 2943 2200 3145 2270; x_wconf 82' lang='grc' dir='ltr'>ᾬκουν</span> <span class='ocrx_word' id='word_1_361' title='bbox 3173 2198 3229 2251; x_wconf 72' lang='grc' dir='ltr'>δὲ</span> <span class='ocrx_word' id='word_1_362' title='bbox 3256 2199 3315 2251; x_wconf 82' lang='grc' dir='ltr'>τὸ</span> <span class='ocrx_word' id='word_1_363' title='bbox 3370 2199 3591 2269; x_wconf 88' lang='grc' dir='ltr'>πρῶτον</span> <span class='ocrx_word' id='word_1_364' title='bbox 3621 2200 3729 2270; x_wconf 84' lang='grc' dir='ltr'><strong>χώ-</strong></span> 
     </span>
    </p>
   </div>
   <div class='ocr_carea' id='block_1_54' title="bbox 2167 2289 3729 2366">
    <p class='ocr_par' dir='ltr' id='par_1_54' title="bbox 2167 2289 3729 2366">
     <span class='ocr_line' id='line_1_54' title="bbox 2167 2289 3729 2366; baseline -0.006 -16"><span class='ocrx_word' id='word_1_365' title='bbox 2167 2314 2269 2366; x_wconf 84' lang='grc' dir='ltr'><strong>ραν</strong></span> <span class='ocrx_word' id='word_1_366' title='bbox 2288 2294 2389 2365; x_wconf 76' lang='grc' dir='ltr'><strong>τὴν</strong></span> <span class='ocrx_word' id='word_1_367' title='bbox 2420 2294 2556 2364; x_wconf 79' lang='grc' dir='ltr'>πρὸς</span> <span class='ocrx_word' id='word_1_368' title='bbox 2590 2293 2667 2364; x_wconf 81' lang='grc' dir='ltr'>τῷ</span> <span class='ocrx_word' id='word_1_369' title='bbox 2713 2292 2868 2362; x_wconf 85' lang='grc' dir='ltr'><strong>μυχῷ</strong></span> <span class='ocrx_word' id='word_1_370' title='bbox 2903 2292 2999 2345; x_wconf 81' lang='grc' dir='ltr'><strong>τοῦ</strong></span> <span class='ocrx_word' id='word_1_371' title='bbox 3071 2292 3275 2356; x_wconf 78' lang='grc' dir='ltr'><strong>Ἰονίου,</strong></span> <span class='ocrx_word' id='word_1_372' title='bbox 3312 2291 3417 2344; x_wconf 81' lang='grc' dir='ltr'><strong>ἀπὸ</strong></span> <span class='ocrx_word' id='word_1_373' title='bbox 3454 2289 3729 2359; x_wconf 82' lang='grc' dir='ltr'>Ἰλλυριῶν</span> 
     </span>
    </p>
   </div>
   <div class='ocr_carea' id='block_1_55' title="bbox 2172 2382 3732 2456">
    <p class='ocr_par' dir='ltr' id='par_1_55' title="bbox 2172 2382 3732 2456">
     <span class='ocr_line' id='line_1_55' title="bbox 2172 2382 3732 2456; baseline -0.006 -15"><span class='ocrx_word' id='word_1_374' title='bbox 2172 2387 2525 2456; x_wconf 77' lang='grc' dir='ltr'><strong>καθήκουσαν</strong></span> <span class='ocrx_word' id='word_1_375' title='bbox 2552 2386 2647 2438; x_wconf 72' lang='grc' dir='ltr'><strong>ἐπὶ</strong></span> <span class='ocrx_word' id='word_1_376' title='bbox 2687 2384 2919 2438; x_wconf 85' lang='grc' dir='ltr'>Ἰταλίαν</span> <span class='ocrx_word' id='word_1_377' title='bbox 2951 2383 3048 2436; x_wconf 72' lang='grc' dir='ltr'>καὶ</span> <span class='ocrx_word' id='word_1_378' title='bbox 3078 2382 3285 2436; x_wconf 80' lang='grc' dir='ltr'>Ἐνετοὶ</span> <span class='ocrx_word' id='word_1_379' title='bbox 3311 2383 3407 2452; x_wconf 75' lang='grc' dir='ltr'>μὲν</span> <span class='ocrx_word' id='word_1_380' title='bbox 3435 2382 3732 2436; x_wconf 75' lang='grc' dir='ltr'>τοπαλαιδν</span> 
     </span>
    </p>
   </div>
   <div class='ocr_carea' id='block_1_56' title="bbox 2167 2472 3728 2548">
    <p class='ocr_par' dir='ltr' id='par_1_56' title="bbox 2167 2472 3728 2548">
     <span class='ocr_line' id='line_1_56' title="bbox 2167 2472 3728 2548; baseline -0.006 -16"><span class='ocrx_word' id='word_1_381' title='bbox 2167 2476 2554 2548; x_wconf 62' lang='grc' dir='ltr'>ὠνομάζοντω</span> <span class='ocrx_word' id='word_1_382' title='bbox 2584 2478 2725 2542; x_wconf 74' lang='grc' dir='ltr'>μετὰ</span> <span class='ocrx_word' id='word_1_383' title='bbox 2752 2476 2811 2528; x_wconf 76' lang='grc' dir='ltr'>δὲ</span> <span class='ocrx_word' id='word_1_384' title='bbox 2859 2475 3038 2528; x_wconf 79' lang='grc' dir='ltr'>ταῦτα</span> <span class='ocrx_word' id='word_1_385' title='bbox 3086 2473 3348 2528; x_wconf 75' lang='grc' dir='ltr'>Οὐενετοὶ</span> <span class='ocrx_word' id='word_1_386' title='bbox 3401 2472 3728 2542; x_wconf 73' lang='grc' dir='ltr'>ὲκλήθησαν.</span> 
     </span>
    </p>
   </div>
   <div class='ocr_carea' id='block_1_57' title="bbox 2177 2562 3735 2640">
    <p class='ocr_par' dir='ltr' id='par_1_57' title="bbox 2177 2562 3735 2640">
     <span class='ocr_line' id='line_1_57' title="bbox 2177 2562 3735 2640; baseline -0.015 -14"><span class='ocrx_word' id='word_1_387' title='bbox 2177 2569 2529 2640; x_wconf 83' lang='grc' dir='ltr'>Ὀρμὼμενοι</span> <span class='ocrx_word' id='word_1_388' title='bbox 2559 2567 2619 2621; x_wconf 78' lang='grc' dir='ltr'>δὲ</span> <span class='ocrx_word' id='word_1_389' title='bbox 2674 2568 2783 2621; x_wconf 73' lang='grc' dir='ltr'><strong>ἀπὸ</strong></span> <span class='ocrx_word' id='word_1_390' title='bbox 2811 2569 2910 2637; x_wconf 83' lang='grc' dir='ltr'>τῆς</span> <span class='ocrx_word' id='word_1_391' title='bbox 2968 2565 3202 2635; x_wconf 75' lang='grc' dir='ltr'><strong>ἠπείρου</strong></span> <span class='ocrx_word' id='word_1_392' title='bbox 3236 2565 3307 2618; x_wconf 81' lang='grc' dir='ltr'>τὰ</span> <span class='ocrx_word' id='word_1_393' title='bbox 3350 2566 3449 2633; x_wconf 73' lang='grc' dir='ltr'><strong>μὲν</strong></span> <span class='ocrx_word' id='word_1_394' title='bbox 3478 2562 3735 2633; x_wconf 79' lang='grc' dir='ltr'>προαιρέ.</span> 
     </span>
    </p>
   </div>
   <div class='ocr_carea' id='block_1_58' title="bbox 2172 2656 3735 2731">
    <p class='ocr_par' dir='ltr' id='par_1_58' title="bbox 2172 2656 3735 2731">
     <span class='ocr_line' id='line_1_58' title="bbox 2172 2656 3735 2731; baseline -0.004 -15"><span class='ocrx_word' id='word_1_395' title='bbox 2172 2680 2277 2729; x_wconf 92' lang='grc' dir='ltr'>σει,</span> <span class='ocrx_word' id='word_1_396' title='bbox 2320 2662 2390 2714; x_wconf 77' lang='grc' dir='ltr'>τὰ</span> <span class='ocrx_word' id='word_1_397' title='bbox 2425 2661 2483 2714; x_wconf 75' lang='grc' dir='ltr'>δὲ</span> <span class='ocrx_word' id='word_1_398' title='bbox 2526 2660 2622 2715; x_wconf 77' lang='grc' dir='ltr'><strong>καὶ</strong></span> <span class='ocrx_word' id='word_1_399' title='bbox 2658 2661 2900 2731; x_wconf 82' lang='grc' dir='ltr'><strong>ἀνάγκῃ,</strong></span> <span class='ocrx_word' id='word_1_400' title='bbox 2929 2658 3240 2730; x_wconf 74' lang='grc' dir='ltr'><strong>δῃουμένης</strong></span> <span class='ocrx_word' id='word_1_401' title='bbox 3286 2658 3387 2724; x_wconf 79' lang='grc' dir='ltr'>τῆς</span> <span class='ocrx_word' id='word_1_402' title='bbox 3428 2656 3612 2727; x_wconf 81' lang='grc' dir='ltr'>χώρας</span> <span class='ocrx_word' id='word_1_403' title='bbox 3640 2656 3735 2709; x_wconf 79' lang='grc' dir='ltr'><strong>αὖ·</strong></span> 
     </span>
    </p>
   </div>
   <div class='ocr_carea' id='block_1_59' title="bbox 2169 2747 3735 2823">
    <p class='ocr_par' dir='ltr' id='par_1_59' title="bbox 2169 2747 3735 2823">
     <span class='ocr_line' id='line_1_59' title="bbox 2169 2747 3735 2823; baseline -0.006 -14"><span class='ocrx_word' id='word_1_404' title='bbox 2169 2755 2301 2819; x_wconf 88' lang='grc' dir='ltr'>τῶν,</span> <span class='ocrx_word' id='word_1_405' title='bbox 2332 2754 2477 2809; x_wconf 81' lang='grc' dir='ltr'>ὥστε</span> <span class='ocrx_word' id='word_1_406' title='bbox 2502 2756 2561 2809; x_wconf 77' lang='grc' dir='ltr'><strong>ὲν</strong></span> <span class='ocrx_word' id='word_1_407' title='bbox 2592 2753 2832 2823; x_wconf 79' lang='grc' dir='ltr'>ἀσφαλεῖ</span> <span class='ocrx_word' id='word_1_408' title='bbox 2863 2752 3071 2823; x_wconf 78' lang='grc' dir='ltr'>μᾶλλον</span> <span class='ocrx_word' id='word_1_409' title='bbox 3097 2750 3389 2813; x_wconf 77' lang='grc' dir='ltr'>οἰκεῖσθαι,</span> <span class='ocrx_word' id='word_1_410' title='bbox 3449 2749 3544 2801; x_wconf 73' lang='grc' dir='ltr'><strong>ἐπὶ</strong></span> <span class='ocrx_word' id='word_1_411' title='bbox 3574 2747 3735 2817; x_wconf 84' lang='grc' dir='ltr'>νῆσόν</span> 
     </span>
    </p>
   </div>
   <div class='ocr_carea' id='block_1_60' title="bbox 2171 2841 3738 2919">
    <p class='ocr_par' dir='ltr' id='par_1_60' title="bbox 2171 2841 3738 2919">
     <span class='ocr_line' id='line_1_60' title="bbox 2171 2841 3738 2919; baseline -0.006 -17"><span class='ocrx_word' id='word_1_412' title='bbox 2171 2866 2294 2902; x_wconf 88' lang='grc' dir='ltr'>τινα</span> <span class='ocrx_word' id='word_1_413' title='bbox 2343 2848 2610 2919; x_wconf 81' lang='grc' dir='ltr'>βραχεῖαν</span> <span class='ocrx_word' id='word_1_414' title='bbox 2641 2847 2738 2902; x_wconf 81' lang='grc' dir='ltr'>καὶ</span> <span class='ocrx_word' id='word_1_415' title='bbox 2773 2845 3053 2915; x_wconf 84' lang='grc' dir='ltr'><strong>τεναγώδη</strong></span> <span class='ocrx_word' id='word_1_416' title='bbox 3085 2843 3192 2898; x_wconf 78' lang='grc' dir='ltr'><strong>ἀπὸ</strong></span> <span class='ocrx_word' id='word_1_417' title='bbox 3241 2842 3344 2913; x_wconf 81' lang='grc' dir='ltr'><strong>τῆς</strong></span> <span class='ocrx_word' id='word_1_418' title='bbox 3386 2841 3621 2912; x_wconf 83' lang='grc' dir='ltr'>ἠπείρου</span> <span class='ocrx_word' id='word_1_419' title='bbox 3682 2842 3738 2902; x_wconf 72' lang='grc' dir='ltr'><strong>ές</strong></span> 
     </span>
    </p>
   </div>
   <div class='ocr_carea' id='block_1_61' title="bbox 2175 2933 3738 3009">
    <p class='ocr_par' dir='ltr' id='par_1_61' title="bbox 2175 2933 3738 3009">
     <span class='ocr_line' id='line_1_61' title="bbox 2175 2933 3738 3009; baseline -0.006 -13"><span class='ocrx_word' id='word_1_420' title='bbox 2175 2943 2578 2996; x_wconf 85' lang='grc' dir='ltr'>πεντεκαίδεκα</span> <span class='ocrx_word' id='word_1_421' title='bbox 2624 2940 2877 3003; x_wconf 81' lang='grc' dir='ltr'><strong>σταδίους</strong></span> <span class='ocrx_word' id='word_1_422' title='bbox 2904 2938 3154 3009; x_wconf 77' lang='grc' dir='ltr'>ᾤκησαν.</span> <span class='ocrx_word' id='word_1_423' title='bbox 3193 2934 3331 2991; x_wconf 79' lang='grc' dir='ltr'>Ἀπὸ</span> <span class='ocrx_word' id='word_1_424' title='bbox 3396 2933 3632 3006; x_wconf 79' lang='grc' dir='ltr'>σμικροῦ</span> <span class='ocrx_word' id='word_1_425' title='bbox 3681 2934 3738 2986; x_wconf 84' lang='grc' dir='ltr'><strong>δέ</strong></span> 
     </span>
    </p>
   </div>
   <div class='ocr_carea' id='block_1_62' title="bbox 2174 3027 3742 3105">
    <p class='ocr_par' dir='ltr' id='par_1_62' title="bbox 2174 3027 3742 3105">
     <span class='ocr_line' id='line_1_62' title="bbox 2174 3027 3742 3105; baseline -0.006 -17"><span class='ocrx_word' id='word_1_426' title='bbox 2174 3052 2322 3098; x_wconf 86' lang='grc' dir='ltr'>τινος</span> <span class='ocrx_word' id='word_1_427' title='bbox 2352 3034 2695 3105; x_wconf 76' lang='grc' dir='ltr'>ὁρμώμενοι,</span> <span class='ocrx_word' id='word_1_428' title='bbox 2734 3032 3147 3102; x_wconf 83' lang='grc' dir='ltr'>συλλεγομένων</span> <span class='ocrx_word' id='word_1_429' title='bbox 3178 3032 3235 3091; x_wconf 70' lang='grc' dir='ltr'>ις</span> <span class='ocrx_word' id='word_1_430' title='bbox 3266 3029 3465 3092; x_wconf 81' lang='grc' dir='ltr'>αὐτοὺς</span> <span class='ocrx_word' id='word_1_431' title='bbox 3512 3027 3742 3080; x_wconf 79' lang='grc' dir='ltr'>καὶτῶν</span> 
     </span>
    </p>
   </div>
   <div class='ocr_carea' id='block_1_63' title="bbox 2176 3118 3749 3194">
    <p class='ocr_par' dir='ltr' id='par_1_63' title="bbox 2176 3118 3749 3194">
     <span class='ocr_line' id='line_1_63' title="bbox 2176 3118 3749 3194; baseline -0.005 -16"><span class='ocrx_word' id='word_1_432' title='bbox 2176 3125 2285 3179; x_wconf 83' lang='grc' dir='ltr'><strong>ἀπὸ</strong></span> <span class='ocrx_word' id='word_1_433' title='bbox 2313 3124 2415 3193; x_wconf 79' lang='grc' dir='ltr'>τῆς</span> <span class='ocrx_word' id='word_1_434' title='bbox 2445 3123 2683 3194; x_wconf 77' lang='grc' dir='ltr'>ἠπείρου</span> <span class='ocrx_word' id='word_1_435' title='bbox 2746 3122 3061 3192; x_wconf 82' lang='grc' dir='ltr'>περιοίκων,</span> <span class='ocrx_word' id='word_1_436' title='bbox 3090 3121 3197 3174; x_wconf 79' lang='grc' dir='ltr'><strong>ὑπὸ</strong></span> <span class='ocrx_word' id='word_1_437' title='bbox 3223 3120 3332 3174; x_wconf 91' lang='grc' dir='ltr'><strong>τῶν</strong></span> <span class='ocrx_word' id='word_1_438' title='bbox 3357 3118 3634 3188; x_wconf 89' lang='grc' dir='ltr'>πολεμίων</span> <span class='ocrx_word' id='word_1_439' title='bbox 3660 3120 3749 3170; x_wconf 70' lang='grc' dir='ltr'>ὅτε</span> 
     </span>
    </p>
   </div>
   <div class='ocr_carea' id='block_1_64' title="bbox 2180 3207 3745 3284">
    <p class='ocr_par' dir='ltr' id='par_1_64' title="bbox 2180 3207 3745 3284">
     <span class='ocr_line' id='line_1_64' title="bbox 2180 3207 3745 3284; baseline -0.005 -17"><span class='ocrx_word' id='word_1_440' title='bbox 2180 3214 2415 3284; x_wconf 83' lang='grc' dir='ltr'>μάλιστα</span> <span class='ocrx_word' id='word_1_441' title='bbox 2437 3211 2825 3281; x_wconf 72' lang='grc' dir='ltr'>κακουμένων,</span> <span class='ocrx_word' id='word_1_442' title='bbox 2880 3211 2976 3264; x_wconf 70' lang='grc' dir='ltr'><strong>καὶ</strong></span> <span class='ocrx_word' id='word_1_443' title='bbox 3015 3210 3466 3279; x_wconf 84' lang='grc' dir='ltr'>προσγινομένων</span> <span class='ocrx_word' id='word_1_444' title='bbox 3500 3209 3587 3260; x_wconf 77' lang='grc' dir='ltr'>ἀεὶ</span> <span class='ocrx_word' id='word_1_445' title='bbox 3636 3207 3745 3259; x_wconf 66' lang='grc' dir='ltr'>ἀπὸ</span> 
     </span>
    </p>
   </div>
   <div class='ocr_carea' id='block_1_65' title="bbox 2177 3297 3748 3375">
    <p class='ocr_par' dir='ltr' id='par_1_65' title="bbox 2177 3297 3748 3375">
     <span class='ocr_line' id='line_1_65' title="bbox 2177 3297 3748 3375; baseline -0.005 -18"><span class='ocrx_word' id='word_1_446' title='bbox 2177 3304 2278 3375; x_wconf 81' lang='grc' dir='ltr'>τῆς</span> <span class='ocrx_word' id='word_1_447' title='bbox 2332 3302 2589 3373; x_wconf 77' lang='grc' dir='ltr'>ἠπείρου,</span> <span class='ocrx_word' id='word_1_448' title='bbox 2627 3299 2840 3371; x_wconf 81' lang='grc' dir='ltr'>ᾠκίσθη</span> <span class='ocrx_word' id='word_1_449' title='bbox 2890 3316 2950 3352; x_wconf 88' lang='grc' dir='ltr'><strong>τε</strong></span> <span class='ocrx_word' id='word_1_450' title='bbox 2974 3299 3203 3370; x_wconf 85' lang='grc' dir='ltr'>όχῶρος</span> <span class='ocrx_word' id='word_1_451' title='bbox 3241 3298 3417 3362; x_wconf 76' lang='grc' dir='ltr'>οὗτος,</span> <span class='ocrx_word' id='word_1_452' title='bbox 3467 3299 3561 3350; x_wconf 75' lang='grc' dir='ltr'><strong>καὶ</strong></span> <span class='ocrx_word' id='word_1_453' title='bbox 3596 3297 3748 3351; x_wconf 82' lang='grc' dir='ltr'>εὐνο-</span> 
     </span>
    </p>
   </div>
   <div class='ocr_carea' id='block_1_66' title="bbox 512 3369 2065 3468">
    <p class='ocr_par' dir='ltr' id='par_1_66' title="bbox 512 3387 2065 3459">
     <span class='ocr_line' id='line_1_66' title="bbox 512 3387 2065 3459; baseline -0.003 -12"><span class='ocrx_word' id='word_1_454' title='bbox 512 3392 689 3446; x_wconf 87' lang='lat' dir='ltr'><strong>tnebat</strong></span> <span class='ocrx_word' id='word_1_455' title='bbox 710 3389 957 3446; x_wconf 72' lang='lat' dir='ltr'><strong>aediliciis</strong></span> <span class='ocrx_word' id='word_1_456' title='bbox 983 3397 1036 3443; x_wconf 89' lang='lat' dir='ltr'><strong>et</strong></span> <span class='ocrx_word' id='word_1_457' title='bbox 1057 3389 1295 3459; x_wconf 75' lang='lat' dir='ltr'><strong>legibus,</strong></span> <span class='ocrx_word' id='word_1_458' title='bbox 1324 3403 1446 3444; x_wconf 87' lang='lat' dir='ltr'><strong>cum</strong></span> <span class='ocrx_word' id='word_1_459' title='bbox 1482 3388 1681 3442; x_wconf 75' lang='lat' dir='ltr'><strong>accolze</strong></span> <span class='ocrx_word' id='word_1_460' title='bbox 1710 3387 1927 3458; x_wconf 88' lang='lat' dir='ltr'><strong>plurimi</strong></span> <span class='ocrx_word' id='word_1_461' title='bbox 1964 3403 2065 3442; x_wconf 89' lang='lat' dir='ltr'><strong>non</strong></span> 
     </span>
    </p>
   </div>
   <div class='ocr_carea' id='block_1_67' title="bbox 2170 3369 3745 3468">
    <p class='ocr_par' dir='ltr' id='par_1_67' title="bbox 2182 3369 3745 3468">
     <span class='ocr_line' id='line_1_67' title="bbox 2182 3369 3745 3468; baseline 0.004 -30"><span class='ocrx_word' id='word_1_462' title='bbox 2182 3369 2329 3468; x_wconf 59' lang='grc' dir='ltr'>μῆθη</span> <span class='ocrx_word' id='word_1_463' title='bbox 2357 3369 2426 3459; x_wconf 51' lang='grc' dir='ltr'>ἐς</span> <span class='ocrx_word' id='word_1_464' title='bbox 2460 3369 2602 3465; x_wconf 75' lang='grc' dir='ltr'>μέγα</span> <span class='ocrx_word' id='word_1_465' title='bbox 2636 3369 2946 3460; x_wconf 82' lang='grc' dir='ltr'>δυνάμεως.</span> <span class='ocrx_word' id='word_1_466' title='bbox 2996 3369 3223 3461; x_wconf 84' lang='grc' dir='ltr'>Ἐχώρει</span> <span class='ocrx_word' id='word_1_467' title='bbox 3251 3391 3306 3444; x_wconf 82' lang='grc' dir='ltr'>δὲ</span> <span class='ocrx_word' id='word_1_468' title='bbox 3333 3392 3365 3460; x_wconf 92' lang='grc' dir='ltr'><strong>ή</strong></span> <span class='ocrx_word' id='word_1_469' title='bbox 3403 3390 3557 3452; x_wconf 87' lang='grc' dir='ltr'>πόλις</span> <span class='ocrx_word' id='word_1_470' title='bbox 3583 3386 3745 3455; x_wconf 76' lang='grc' dir='ltr'>αὕτη.</span> 
     </span>
    </p>
   </div>
   <div class='ocr_carea' id='block_1_68' title="bbox 508 3479 2077 3551">
    <p class='ocr_par' dir='ltr' id='par_1_68' title="bbox 508 3479 2077 3551">
     <span class='ocr_line' id='line_1_68' title="bbox 508 3479 2077 3551; baseline -0.001 -16"><span class='ocrx_word' id='word_1_471' title='bbox 508 3492 790 3540; x_wconf 75' lang='lat' dir='ltr'><strong>cessarent</strong></span> <span class='ocrx_word' id='word_1_472' title='bbox 818 3497 882 3538; x_wconf 90' lang='lat' dir='ltr'><strong>eo</strong></span> <span class='ocrx_word' id='word_1_473' title='bbox 919 3479 1217 3537; x_wconf 83' lang='lat' dir='ltr'><strong>confluere.</strong></span> <span class='ocrx_word' id='word_1_474' title='bbox 1278 3480 1573 3537; x_wconf 89' lang='lat' dir='ltr'><strong>Crescebat</strong></span> <span class='ocrx_word' id='word_1_475' title='bbox 1600 3481 1821 3551; x_wconf 90' lang='lat' dir='ltr'><strong>quidem</strong></span> <span class='ocrx_word' id='word_1_476' title='bbox 1848 3496 1910 3535; x_wconf 89' lang='lat' dir='ltr'><strong>ea</strong></span> <span class='ocrx_word' id='word_1_477' title='bbox 1939 3480 2077 3535; x_wconf 87' lang='lat' dir='ltr'><strong>civi-</strong></span> 
     </span>
    </p>
   </div>
   <div class='ocr_carea' id='block_1_69' title="bbox 2177 3478 3749 3557">
    <p class='ocr_par' dir='ltr' id='par_1_69' title="bbox 2177 3478 3749 3557">
     <span class='ocr_line' id='line_1_69' title="bbox 2177 3478 3749 3557; baseline -0.006 -15"><span class='ocrx_word' id='word_1_478' title='bbox 2177 3485 2591 3557; x_wconf 79' lang='grc' dir='ltr'>εὐνομουμένων</span> <span class='ocrx_word' id='word_1_479' title='bbox 2617 3503 2677 3540; x_wconf 86' lang='grc' dir='ltr'><strong>τε</strong></span> <span class='ocrx_word' id='word_1_480' title='bbox 2703 3485 2813 3539; x_wconf 91' lang='grc' dir='ltr'><strong>τῶν</strong></span> <span class='ocrx_word' id='word_1_481' title='bbox 2848 3483 2909 3547; x_wconf 77' lang='grc' dir='ltr'>ἐς</span> <span class='ocrx_word' id='word_1_482' title='bbox 2967 3481 3141 3549; x_wconf 79' lang='grc' dir='ltr'>αὐτὴν</span> <span class='ocrx_word' id='word_1_483' title='bbox 3176 3480 3613 3550; x_wconf 80' lang='grc' dir='ltr'>συνεληλυθότων</span> <span class='ocrx_word' id='word_1_484' title='bbox 3639 3478 3749 3533; x_wconf 86' lang='grc' dir='ltr'><strong>ἀπό</strong></span> 
     </span>
    </p>
   </div>
   <div class='ocr_carea' id='block_1_70' title="bbox 507 3573 2065 3649">
    <p class='ocr_par' dir='ltr' id='par_1_70' title="bbox 507 3574 2065 3642">
     <span class='ocr_line' id='line_1_70' title="bbox 507 3574 2065 3642; baseline -0.001 -14"><span class='ocrx_word' id='word_1_485' title='bbox 507 3584 593 3631; x_wconf 82' lang='lat' dir='ltr'><strong>tas</strong></span> <span class='ocrx_word' id='word_1_486' title='bbox 617 3577 814 3629; x_wconf 91' lang='lat' dir='ltr'><strong>mirum</strong></span> <span class='ocrx_word' id='word_1_487' title='bbox 860 3575 914 3628; x_wconf 90' lang='lat' dir='ltr'><strong>in</strong></span> <span class='ocrx_word' id='word_1_488' title='bbox 972 3574 1189 3628; x_wconf 90' lang='lat' dir='ltr'><strong>modum</strong></span> <span class='ocrx_word' id='word_1_489' title='bbox 1239 3574 1541 3642; x_wconf 85' lang='lat' dir='ltr'><strong>disciplinae</strong></span> <span class='ocrx_word' id='word_1_490' title='bbox 1587 3574 1899 3640; x_wconf 86' lang='lat' dir='ltr'><strong>sanctitate,</strong></span> <span class='ocrx_word' id='word_1_491' title='bbox 1951 3588 2065 3629; x_wconf 87' lang='lat' dir='ltr'><strong>cum</strong></span> 
     </span>
    </p>
   </div>
   <div class='ocr_carea' id='block_1_71' title="bbox 2170 3573 3749 3649">
    <p class='ocr_par' dir='ltr' id='par_1_71' title="bbox 2176 3573 3749 3649">
     <span class='ocr_line' id='line_1_71' title="bbox 2176 3573 3749 3649; baseline -0.006 -15"><span class='ocrx_word' id='word_1_492' title='bbox 2176 3597 2237 3634; x_wconf 91' lang='grc' dir='ltr'>τε</span> <span class='ocrx_word' id='word_1_493' title='bbox 2272 3579 2376 3649; x_wconf 80' lang='grc' dir='ltr'><strong>τῆς</strong></span> <span class='ocrx_word' id='word_1_494' title='bbox 2422 3578 2658 3648; x_wconf 83' lang='grc' dir='ltr'>ήπείρου</span> <span class='ocrx_word' id='word_1_495' title='bbox 2711 3576 3004 3645; x_wconf 64' lang='grc' dir='ltr'>ἐπισήμων</span> <span class='ocrx_word' id='word_1_496' title='bbox 3035 3574 3270 3643; x_wconf 75' lang='grc' dir='ltr'>ἀνδρῶν,</span> <span class='ocrx_word' id='word_1_497' title='bbox 3303 3573 3355 3624; x_wconf 76' lang='grc' dir='ltr'><strong>εί</strong></span> <span class='ocrx_word' id='word_1_498' title='bbox 3384 3589 3508 3624; x_wconf 85' lang='grc' dir='ltr'>τινα</span> <span class='ocrx_word' id='word_1_499' title='bbox 3550 3573 3651 3642; x_wconf 86' lang='grc' dir='ltr'><strong>τήν</strong></span> <span class='ocrx_word' id='word_1_500' title='bbox 3688 3589 3749 3625; x_wconf 90' lang='grc' dir='ltr'><strong>τε</strong></span> 
     </span>
    </p>
   </div>
   <div class='ocr_carea' id='block_1_72' title="bbox 517 3666 2079 3736">
    <p class='ocr_par' dir='ltr' id='par_1_72' title="bbox 517 3666 2079 3736">
     <span class='ocr_line' id='line_1_72' title="bbox 517 3666 2079 3736; baseline -0.001 -15"><span class='ocrx_word' id='word_1_501' title='bbox 517 3683 583 3722; x_wconf 83' lang='lat' dir='ltr'><strong>co</strong></span> <span class='ocrx_word' id='word_1_502' title='bbox 623 3676 971 3722; x_wconf 85' lang='lat' dir='ltr'><strong>accurrerent</strong></span> <span class='ocrx_word' id='word_1_503' title='bbox 1008 3666 1229 3736; x_wconf 86' lang='lat' dir='ltr'><strong>plurimi</strong></span> <span class='ocrx_word' id='word_1_504' title='bbox 1257 3666 1418 3721; x_wconf 87' lang='lat' dir='ltr'><strong>bonis</strong></span> <span class='ocrx_word' id='word_1_505' title='bbox 1445 3667 1657 3736; x_wconf 82' lang='lat' dir='ltr'><strong>legibus</strong></span> <span class='ocrx_word' id='word_1_506' title='bbox 1704 3666 1957 3730; x_wconf 79' lang='lat' dir='ltr'><strong>ettutriti,</strong></span> <span class='ocrx_word' id='word_1_507' title='bbox 2024 3674 2079 3721; x_wconf 87' lang='lat' dir='ltr'><strong>et</strong></span> 
     </span>
    </p>
   </div>
   <div class='ocr_carea' id='block_1_73' title="bbox 511 3756 2077 3829">
    <p class='ocr_par' dir='ltr' id='par_1_73' title="bbox 511 3756 2077 3829">
     <span class='ocr_line' id='line_1_73' title="bbox 511 3756 2077 3829; baseline -0.001 -17"><span class='ocrx_word' id='word_1_508' title='bbox 511 3758 728 3829; x_wconf 89' lang='lat' dir='ltr'><strong>plurimi</strong></span> <span class='ocrx_word' id='word_1_509' title='bbox 754 3758 992 3813; x_wconf 83' lang='lat' dir='ltr'><strong>virorum</strong></span> <span class='ocrx_word' id='word_1_510' title='bbox 1016 3756 1351 3812; x_wconf 87' lang='lat' dir='ltr'><strong>continentis</strong></span> <span class='ocrx_word' id='word_1_511' title='bbox 1374 3756 1612 3812; x_wconf 77' lang='lat' dir='ltr'><strong>illustres</strong></span> <span class='ocrx_word' id='word_1_512' title='bbox 1651 3772 1715 3811; x_wconf 89' lang='lat' dir='ltr'><strong>eo</strong></span> <span class='ocrx_word' id='word_1_513' title='bbox 1740 3756 2077 3811; x_wconf 84' lang='lat' dir='ltr'><strong>advolarent.</strong></span> 
     </span>
    </p>
   </div>
   <div class='ocr_carea' id='block_1_74' title="bbox 519 3849 2081 3921">
    <p class='ocr_par' dir='ltr' id='par_1_74' title="bbox 519 3849 2081 3921">
     <span class='ocr_line' id='line_1_74' title="bbox 519 3849 2081 3921; baseline 0.001 -16"><span class='ocrx_word' id='word_1_514' title='bbox 519 3854 779 3905; x_wconf 83' lang='lat' dir='ltr'><strong>Praeterea</strong></span> <span class='ocrx_word' id='word_1_515' title='bbox 822 3852 865 3906; x_wconf 89' lang='lat' dir='ltr'><strong>si</strong></span> <span class='ocrx_word' id='word_1_516' title='bbox 898 3851 1021 3921; x_wconf 87' lang='lat' dir='ltr'><strong>quis</strong></span> <span class='ocrx_word' id='word_1_517' title='bbox 1043 3850 1217 3921; x_wconf 87' lang='lat' dir='ltr'><strong>patria</strong></span> <span class='ocrx_word' id='word_1_518' title='bbox 1251 3849 1593 3920; x_wconf 82' lang='lat' dir='ltr'><strong>fortunisque</strong></span> <span class='ocrx_word' id='word_1_519' title='bbox 1615 3849 1869 3904; x_wconf 86' lang='lat' dir='ltr'><strong>omnibus</strong></span> <span class='ocrx_word' id='word_1_520' title='bbox 1891 3851 2081 3919; x_wconf 77' lang='lat' dir='ltr'><strong>puisus</strong></span> 
     </span>
    </p>
   </div>
   <div class='ocr_carea' id='block_1_75' title="bbox 513 3938 2083 4009">
    <p class='ocr_par' dir='ltr' id='par_1_75' title="bbox 513 3938 2083 4009">
     <span class='ocr_line' id='line_1_75' title="bbox 513 3938 2083 4009; baseline 0.003 -14"><span class='ocrx_word' id='word_1_521' title='bbox 513 3942 561 3995; x_wconf 84' lang='lat' dir='ltr'><strong>vi</strong></span> <span class='ocrx_word' id='word_1_522' title='bbox 580 3939 761 3996; x_wconf 73' lang='lat' dir='ltr'><strong>hostili</strong></span> <span class='ocrx_word' id='word_1_523' title='bbox 776 3949 912 4002; x_wconf 88' lang='lat' dir='ltr'><strong>erat,</strong></span> <span class='ocrx_word' id='word_1_524' title='bbox 934 3940 1040 3994; x_wconf 87' lang='lat' dir='ltr'><strong>huc</strong></span> <span class='ocrx_word' id='word_1_525' title='bbox 1060 3954 1280 4009; x_wconf 87' lang='lat' dir='ltr'><strong>gressus</strong></span> <span class='ocrx_word' id='word_1_526' title='bbox 1303 3940 1589 4009; x_wconf 85' lang='lat' dir='ltr'><strong>dirigebat.</strong></span> <span class='ocrx_word' id='word_1_527' title='bbox 1620 3938 1756 3995; x_wconf 88' lang='lat' dir='ltr'><strong>Urbs</strong></span> <span class='ocrx_word' id='word_1_528' title='bbox 1775 3942 1885 4009; x_wconf 84' lang='lat' dir='ltr'><strong>illa,</strong></span> <span class='ocrx_word' id='word_1_529' title='bbox 1906 3942 2083 3999; x_wconf 89' lang='lat' dir='ltr'><strong>incre-</strong></span> 
     </span>
    </p>
   </div>
   <div class='ocr_carea' id='block_1_76' title="bbox 515 4032 2078 4103">
    <p class='ocr_par' dir='ltr' id='par_1_76' title="bbox 515 4032 2078 4103">
     <span class='ocr_line' id='line_1_76' title="bbox 515 4032 2078 4103; baseline 0.001 -14"><span class='ocrx_word' id='word_1_530' title='bbox 515 4032 841 4089; x_wconf 87' lang='lat' dir='ltr'><strong>dibi&#39;edictu</strong></span> <span class='ocrx_word' id='word_1_531' title='bbox 881 4039 987 4095; x_wconf 88' lang='lat' dir='ltr'><strong>est,</strong></span> <span class='ocrx_word' id='word_1_532' title='bbox 1026 4047 1188 4101; x_wconf 86' lang='lat' dir='ltr'><strong>quam</strong></span> <span class='ocrx_word' id='word_1_533' title='bbox 1209 4032 1359 4087; x_wconf 83' lang='lat' dir='ltr'><strong>brevi</strong></span> <span class='ocrx_word' id='word_1_534' title='bbox 1381 4033 1815 4103; x_wconf 86' lang='lat' dir='ltr'><strong>Opibuscreverit</strong></span> <span class='ocrx_word' id='word_1_535' title='bbox 1834 4043 1889 4090; x_wconf 87' lang='lat' dir='ltr'><strong>et</strong></span> <span class='ocrx_word' id='word_1_536' title='bbox 1910 4035 2078 4091; x_wconf 51' lang='lat' dir='ltr'><strong>disci.</strong></span> 
     </span>
    </p>
   </div>
   <div class='ocr_carea' id='block_1_77' title="bbox 518 4123 2080 4196">
    <p class='ocr_par' dir='ltr' id='par_1_77' title="bbox 518 4123 2080 4196">
     <span class='ocr_line' id='line_1_77' title="bbox 518 4123 2080 4196; baseline 0.001 -16"><span class='ocrx_word' id='word_1_537' title='bbox 518 4127 689 4196; x_wconf 85' lang='lat' dir='ltr'><strong>plina.</strong></span> <span class='ocrx_word' id='word_1_538' title='bbox 709 4126 865 4181; x_wconf 89' lang='lat' dir='ltr'><strong>Multi</strong></span> <span class='ocrx_word' id='word_1_539' title='bbox 885 4124 1058 4181; x_wconf 70' lang='lat' dir='ltr'><strong>Graeci</strong></span> <span class='ocrx_word' id='word_1_540' title='bbox 1076 4134 1129 4179; x_wconf 89' lang='lat' dir='ltr'><strong>et</strong></span> <span class='ocrx_word' id='word_1_541' title='bbox 1150 4123 1403 4188; x_wconf 83' lang='lat' dir='ltr'><strong>Romani,</strong></span> <span class='ocrx_word' id='word_1_542' title='bbox 1424 4140 1634 4181; x_wconf 89' lang='lat' dir='ltr'><strong>necnon</strong></span> <span class='ocrx_word' id='word_1_543' title='bbox 1655 4127 1746 4182; x_wconf 86' lang='lat' dir='ltr'><strong>alii</strong></span> <span class='ocrx_word' id='word_1_544' title='bbox 1768 4127 1869 4181; x_wconf 84' lang='lat' dir='ltr'><strong>viri</strong></span> <span class='ocrx_word' id='word_1_545' title='bbox 1887 4128 2080 4183; x_wconf 84' lang='lat' dir='ltr'><strong>claris-</strong></span> 
     </span>
    </p>
   </div>
   <div class='ocr_carea' id='block_1_78' title="bbox 520 4216 2082 4290">
    <p class='ocr_par' dir='ltr' id='par_1_78' title="bbox 520 4216 2082 4290">
     <span class='ocr_line' id='line_1_78' title="bbox 520 4216 2082 4290; baseline 0.001 -17"><span class='ocrx_word' id='word_1_546' title='bbox 520 4218 659 4273; x_wconf 87' lang='lat' dir='ltr'><strong>simo</strong></span> <span class='ocrx_word' id='word_1_547' title='bbox 675 4233 869 4287; x_wconf 83' lang='lat' dir='ltr'><strong>genere</strong></span> <span class='ocrx_word' id='word_1_548' title='bbox 889 4217 1090 4281; x_wconf 84' lang='lat' dir='ltr'><strong>exorti,</strong></span> <span class='ocrx_word' id='word_1_549' title='bbox 1112 4217 1164 4270; x_wconf 91' lang='lat' dir='ltr'><strong>in</strong></span> <span class='ocrx_word' id='word_1_550' title='bbox 1184 4216 1356 4286; x_wconf 88' lang='lat' dir='ltr'><strong>patria</strong></span> <span class='ocrx_word' id='word_1_551' title='bbox 1377 4218 1461 4272; x_wconf 90' lang='lat' dir='ltr'><strong>usi</strong></span> <span class='ocrx_word' id='word_1_552' title='bbox 1480 4218 1623 4273; x_wconf 89' lang='lat' dir='ltr'><strong>baud</strong></span> <span class='ocrx_word' id='word_1_553' title='bbox 1646 4220 1779 4274; x_wconf 89' lang='lat' dir='ltr'><strong>satis</strong></span> <span class='ocrx_word' id='word_1_554' title='bbox 1823 4236 2082 4290; x_wconf 89' lang='lat' dir='ltr'><strong>prospera</strong></span> 
     </span>
    </p>
   </div>
   <div class='ocr_carea' id='block_1_79' title="bbox 516 4308 2087 4378">
    <p class='ocr_par' dir='ltr' id='par_1_79' title="bbox 516 4308 2087 4378">
     <span class='ocr_line' id='line_1_79' title="bbox 516 4308 2087 4378; baseline 0.004 -16"><span class='ocrx_word' id='word_1_555' title='bbox 516 4309 759 4372; x_wconf 87' lang='lat' dir='ltr'><strong>fortuna,</strong></span> <span class='ocrx_word' id='word_1_556' title='bbox 809 4316 905 4363; x_wconf 82' lang='lat' dir='ltr'><strong>aut</strong></span> <span class='ocrx_word' id='word_1_557' title='bbox 951 4324 979 4362; x_wconf 89' lang='lat' dir='ltr'><strong>a</strong></span> <span class='ocrx_word' id='word_1_558' title='bbox 1025 4308 1235 4363; x_wconf 83' lang='lat' dir='ltr'><strong>civibus</strong></span> <span class='ocrx_word' id='word_1_559' title='bbox 1261 4308 1424 4378; x_wconf 90' lang='lat' dir='ltr'><strong>pulsi,</strong></span> <span class='ocrx_word' id='word_1_560' title='bbox 1450 4318 1543 4363; x_wconf 88' lang='lat' dir='ltr'><strong>aut</strong></span> <span class='ocrx_word' id='word_1_561' title='bbox 1594 4313 1662 4365; x_wconf 91' lang='lat' dir='ltr'><strong>ab</strong></span> <span class='ocrx_word' id='word_1_562' title='bbox 1684 4311 1937 4368; x_wconf 80' lang='lat' dir='ltr'><strong>ltOStibus</strong></span> <span class='ocrx_word' id='word_1_563' title='bbox 1958 4329 2087 4368; x_wconf 77' lang='lat' dir='ltr'><strong>esa-</strong></span> 
     </span>
    </p>
   </div>
   <div class='ocr_carea' id='block_1_80' title="bbox 515 4400 2087 4471">
    <p class='ocr_par' dir='ltr' id='par_1_80' title="bbox 515 4400 2087 4471">
     <span class='ocr_line' id='line_1_80' title="bbox 515 4400 2087 4471; baseline 0.002 -15"><span class='ocrx_word' id='word_1_564' title='bbox 515 4403 612 4466; x_wconf 89' lang='lat' dir='ltr'><strong>cti,</strong></span> <span class='ocrx_word' id='word_1_565' title='bbox 646 4404 699 4456; x_wconf 91' lang='lat' dir='ltr'><strong>in</strong></span> <span class='ocrx_word' id='word_1_566' title='bbox 726 4402 865 4455; x_wconf 89' lang='lat' dir='ltr'><strong>banc</strong></span> <span class='ocrx_word' id='word_1_567' title='bbox 890 4400 1079 4454; x_wconf 90' lang='lat' dir='ltr'><strong>urbem</strong></span> <span class='ocrx_word' id='word_1_568' title='bbox 1114 4401 1607 4471; x_wconf 82' lang='lat' dir='ltr'><strong>congregabantur,</strong></span> <span class='ocrx_word' id='word_1_569' title='bbox 1632 4402 1726 4457; x_wconf 81' lang='lat' dir='ltr'><strong>ﬁlii</strong></span> <span class='ocrx_word' id='word_1_570' title='bbox 1757 4405 2087 4459; x_wconf 78' lang='lat' dir='ltr'><strong>exsistentes</strong></span> 
     </span>
    </p>
   </div>
   <div class='ocr_carea' id='block_1_81' title="bbox 520 4491 2086 4561">
    <p class='ocr_par' dir='ltr' id='par_1_81' title="bbox 520 4491 2086 4561">
     <span class='ocr_line' id='line_1_81' title="bbox 520 4491 2086 4561; baseline 0.004 -18"><span class='ocrx_word' id='word_1_571' title='bbox 520 4493 764 4545; x_wconf 86' lang='lat' dir='ltr'><strong>virorum</strong></span> <span class='ocrx_word' id='word_1_572' title='bbox 794 4492 1114 4556; x_wconf 86' lang='lat' dir='ltr'><strong>illustrium,</strong></span> <span class='ocrx_word' id='word_1_573' title='bbox 1168 4492 1263 4558; x_wconf 91' lang='lat' dir='ltr'><strong>qui</strong></span> <span class='ocrx_word' id='word_1_574' title='bbox 1310 4491 1575 4561; x_wconf 87' lang='lat' dir='ltr'><strong>regebant</strong></span> <span class='ocrx_word' id='word_1_575' title='bbox 1613 4493 1889 4561; x_wconf 87' lang='lat' dir='ltr'><strong>regionem</strong></span> <span class='ocrx_word' id='word_1_576' title='bbox 1941 4495 2086 4550; x_wconf 86' lang='lat' dir='ltr'><strong>haud</strong></span> 
     </span>
    </p>
   </div>
   <div class='ocr_carea' id='block_1_82' title="bbox 525 4580 2088 4653">
    <p class='ocr_par' dir='ltr' id='par_1_82' title="bbox 525 4580 2088 4653">
     <span class='ocr_line' id='line_1_82' title="bbox 525 4580 2088 4653; baseline 0.003 -17"><span class='ocrx_word' id='word_1_577' title='bbox 525 4581 929 4653; x_wconf 73' lang='lat' dir='ltr'><strong>infrugil&#39;eram.</strong></span> <span class='ocrx_word' id='word_1_578' title='bbox 962 4580 1027 4635; x_wconf 83' lang='lat' dir='ltr'><strong>lli</strong></span> <span class='ocrx_word' id='word_1_579' title='bbox 1049 4581 1267 4651; x_wconf 82' lang='lat' dir='ltr'><strong>quidem</strong></span> <span class='ocrx_word' id='word_1_580' title='bbox 1306 4583 1500 4651; x_wconf 87' lang='lat' dir='ltr'><strong>partim</strong></span> <span class='ocrx_word' id='word_1_581' title='bbox 1526 4583 1579 4637; x_wconf 90' lang='lat' dir='ltr'><strong>in</strong></span> <span class='ocrx_word' id='word_1_582' title='bbox 1612 4583 1817 4637; x_wconf 80' lang='lat' dir='ltr'><strong>Ioniam</strong></span> <span class='ocrx_word' id='word_1_583' title='bbox 1847 4592 1898 4639; x_wconf 90' lang='lat' dir='ltr'><strong>et</strong></span> <span class='ocrx_word' id='word_1_584' title='bbox 1937 4585 2088 4641; x_wconf 71' lang='lat' dir='ltr'><strong>Cra:-</strong></span> 
     </span>
    </p>
   </div>
   <div class='ocr_carea' id='block_1_83' title="bbox 2181 3664 3751 3741">
    <p class='ocr_par' dir='ltr' id='par_1_83' title="bbox 2181 3664 3751 3741">
     <span class='ocr_line' id='line_1_83' title="bbox 2181 3664 3751 3741; baseline -0.005 -19"><span class='ocrx_word' id='word_1_585' title='bbox 2181 3670 2368 3741; x_wconf 84' lang='grc' dir='ltr'>χώραν</span> <span class='ocrx_word' id='word_1_586' title='bbox 2430 3670 2757 3739; x_wconf 81' lang='grc' dir='ltr'>ἀφελόμενοι</span> <span class='ocrx_word' id='word_1_587' title='bbox 2815 3668 2865 3720; x_wconf 89' lang='grc' dir='ltr'><strong>οἱ</strong></span> <span class='ocrx_word' id='word_1_588' title='bbox 2931 3666 3186 3735; x_wconf 89' lang='grc' dir='ltr'>πολέμιοι</span> <span class='ocrx_word' id='word_1_589' title='bbox 3252 3664 3617 3725; x_wconf 75' lang='grc' dir='ltr'>ὲπιδιὼκοιεν,</span> <span class='ocrx_word' id='word_1_590' title='bbox 3661 3665 3751 3715; x_wconf 75' lang='grc' dir='ltr'><strong>ἑν-</strong></span> 
     </span>
    </p>
   </div>
   <div class='ocr_carea' id='block_1_84' title="bbox 2180 3755 3753 3830">
    <p class='ocr_par' dir='ltr' id='par_1_84' title="bbox 2180 3755 3753 3830">
     <span class='ocr_line' id='line_1_84' title="bbox 2180 3755 3753 3830; baseline -0.004 -18"><span class='ocrx_word' id='word_1_591' title='bbox 2180 3759 2356 3814; x_wconf 84' lang='grc' dir='ltr'><strong>ταῦθα</strong></span> <span class='ocrx_word' id='word_1_592' title='bbox 2385 3762 2680 3829; x_wconf 71' lang='grc' dir='ltr'>γενόμενος</span> <span class='ocrx_word' id='word_1_593' title='bbox 2707 3758 2864 3829; x_wconf 77' lang='grc' dir='ltr'>ᾤκει.</span> <span class='ocrx_word' id='word_1_594' title='bbox 2901 3756 3161 3826; x_wconf 77' lang='grc' dir='ltr'>Μεγάλης</span> <span class='ocrx_word' id='word_1_595' title='bbox 3306 3756 3407 3825; x_wconf 83' lang='grc' dir='ltr'>τῆς</span> <span class='ocrx_word' id='word_1_596' title='bbox 3453 3755 3660 3815; x_wconf 86' lang='grc' dir='ltr'>πόλεως</span> <span class='ocrx_word' id='word_1_597' title='bbox 3693 3756 3753 3806; x_wconf 78' lang='grc' dir='ltr'><strong>ἒν</strong></span> 
     </span>
    </p>
   </div>
   <div class='ocr_carea' id='block_1_85' title="bbox 2186 3845 3752 3924">
    <p class='ocr_par' dir='ltr' id='par_1_85' title="bbox 2186 3845 3752 3924">
     <span class='ocr_line' id='line_1_85' title="bbox 2186 3845 3752 3924; baseline -0.003 -19"><span class='ocrx_word' id='word_1_598' title='bbox 2186 3853 2378 3924; x_wconf 85' lang='grc' dir='ltr'>βραχεῖ</span> <span class='ocrx_word' id='word_1_599' title='bbox 2407 3851 2735 3922; x_wconf 72' lang='grc' dir='ltr'>γενομένης,</span> <span class='ocrx_word' id='word_1_600' title='bbox 2778 3850 2967 3903; x_wconf 81' lang='grc' dir='ltr'>πολλοί</span> <span class='ocrx_word' id='word_1_601' title='bbox 2995 3865 3056 3903; x_wconf 90' lang='grc' dir='ltr'><strong>τε</strong></span> <span class='ocrx_word' id='word_1_602' title='bbox 3091 3848 3362 3917; x_wconf 82' lang='grc' dir='ltr'>Ἐλλήνων</span> <span class='ocrx_word' id='word_1_603' title='bbox 3388 3865 3448 3902; x_wconf 86' lang='grc' dir='ltr'><strong>τε</strong></span> <span class='ocrx_word' id='word_1_604' title='bbox 3487 3847 3581 3903; x_wconf 72' lang='grc' dir='ltr'><strong>καὶ</strong></span> <span class='ocrx_word' id='word_1_605' title='bbox 3618 3845 3752 3900; x_wconf 70' lang='grc' dir='ltr'><strong>Ῥω‹</strong></span> 
     </span>
    </p>
   </div>
   <div class='ocr_carea' id='block_1_86' title="bbox 2188 3938 3753 4016">
    <p class='ocr_par' dir='ltr' id='par_1_86' title="bbox 2188 3938 3753 4016">
     <span class='ocr_line' id='line_1_86' title="bbox 2188 3938 3753 4016; baseline -0.004 -18"><span class='ocrx_word' id='word_1_606' title='bbox 2188 3944 2387 4016; x_wconf 84' lang='grc' dir='ltr'>μαίων,</span> <span class='ocrx_word' id='word_1_607' title='bbox 2416 3944 2511 3998; x_wconf 76' lang='grc' dir='ltr'><strong>καὶ</strong></span> <span class='ocrx_word' id='word_1_608' title='bbox 2538 3942 2716 3998; x_wconf 74' lang='grc' dir='ltr'>ἄλλων</span> <span class='ocrx_word' id='word_1_609' title='bbox 2745 3943 2958 4012; x_wconf 84' lang='grc' dir='ltr'>συχνῶν</span> <span class='ocrx_word' id='word_1_610' title='bbox 2988 3940 3166 4009; x_wconf 84' lang='grc' dir='ltr'>γενῶν</span> <span class='ocrx_word' id='word_1_611' title='bbox 3194 3940 3407 4009; x_wconf 79' lang='grc' dir='ltr'>ἄνδρες,</span> <span class='ocrx_word' id='word_1_612' title='bbox 3444 3941 3637 4007; x_wconf 83' lang='grc' dir='ltr'>γένους</span> <span class='ocrx_word' id='word_1_613' title='bbox 3668 3938 3753 3992; x_wconf 81' lang='grc' dir='ltr'>δν-</span> 
     </span>
    </p>
   </div>
   <div class='ocr_carea' id='block_1_87' title="bbox 2183 4028 3749 4109">
    <p class='ocr_par' dir='ltr' id='par_1_87' title="bbox 2183 4028 3749 4109">
     <span class='ocr_line' id='line_1_87' title="bbox 2183 4028 3749 4109; baseline -0.005 -16"><span class='ocrx_word' id='word_1_614' title='bbox 2183 4057 2276 4103; x_wconf 83' lang='grc' dir='ltr'><strong>τες</strong></span> <span class='ocrx_word' id='word_1_615' title='bbox 2308 4037 2671 4109; x_wconf 78' lang='grc' dir='ltr'>περιφανοῦς,</span> <span class='ocrx_word' id='word_1_616' title='bbox 2701 4038 2767 4108; x_wconf 78' lang='grc' dir='ltr'><strong>ήν</strong></span> <span class='ocrx_word' id='word_1_617' title='bbox 2793 4054 2878 4100; x_wconf 86' lang='grc' dir='ltr'><strong>τις</strong></span> <span class='ocrx_word' id='word_1_618' title='bbox 2906 4040 2968 4089; x_wconf 78' lang='grc' dir='ltr'><strong>ὲν</strong></span> <span class='ocrx_word' id='word_1_619' title='bbox 2996 4039 3063 4107; x_wconf 76' lang='grc' dir='ltr'>τῇ</span> <span class='ocrx_word' id='word_1_620' title='bbox 3097 4034 3319 4102; x_wconf 82' lang='grc' dir='ltr'>πατρίδι</span> <span class='ocrx_word' id='word_1_621' title='bbox 3366 4032 3531 4087; x_wconf 79' lang='grc' dir='ltr'>αὑτοῦ</span> <span class='ocrx_word' id='word_1_622' title='bbox 3570 4036 3645 4103; x_wconf 81' lang='grc' dir='ltr'>μὴ</span> <span class='ocrx_word' id='word_1_623' title='bbox 3690 4028 3749 4085; x_wconf 82' lang='grc' dir='ltr'>εὗ</span> 
     </span>
    </p>
   </div>
   <div class='ocr_carea' id='block_1_88' title="bbox 2187 4125 3752 4202">
    <p class='ocr_par' dir='ltr' id='par_1_88' title="bbox 2187 4125 3752 4202">
     <span class='ocr_line' id='line_1_88' title="bbox 2187 4125 3752 4202; baseline -0.006 -16"><span class='ocrx_word' id='word_1_624' title='bbox 2187 4134 2428 4202; x_wconf 84' lang='grc' dir='ltr'>φέροιτο,</span> <span class='ocrx_word' id='word_1_625' title='bbox 2464 4131 2574 4185; x_wconf 73' lang='grc' dir='ltr'>εἴτε</span> <span class='ocrx_word' id='word_1_626' title='bbox 2604 4129 2714 4183; x_wconf 76' lang='grc' dir='ltr'>ὑπὸ</span> <span class='ocrx_word' id='word_1_627' title='bbox 2759 4130 2869 4183; x_wconf 81' lang='grc' dir='ltr'><strong>τῶν</strong></span> <span class='ocrx_word' id='word_1_628' title='bbox 2903 4125 3349 4181; x_wconf 82' lang='grc' dir='ltr'>ἀντιστασιωτῶν</span> <span class='ocrx_word' id='word_1_629' title='bbox 3408 4125 3752 4193; x_wconf 86' lang='grc' dir='ltr'>διωκόμενοι,</span> 
     </span>
    </p>
   </div>
   <div class='ocr_carea' id='block_1_89' title="bbox 2186 4216 3757 4292">
    <p class='ocr_par' dir='ltr' id='par_1_89' title="bbox 2186 4216 3757 4292">
     <span class='ocr_line' id='line_1_89' title="bbox 2186 4216 3757 4292; baseline -0.007 -13"><span class='ocrx_word' id='word_1_630' title='bbox 2186 4226 2298 4279; x_wconf 71' lang='grc' dir='ltr'>εἴτε</span> <span class='ocrx_word' id='word_1_631' title='bbox 2330 4224 2439 4279; x_wconf 75' lang='grc' dir='ltr'><strong>ὑπὸ</strong></span> <span class='ocrx_word' id='word_1_632' title='bbox 2472 4224 2581 4278; x_wconf 90' lang='grc' dir='ltr'><strong>τῶν</strong></span> <span class='ocrx_word' id='word_1_633' title='bbox 2623 4221 2909 4292; x_wconf 66' lang='grc' dir='ltr'>πολεμίων</span> <span class='ocrx_word' id='word_1_634' title='bbox 2956 4220 3406 4287; x_wconf 68' lang='grc' dir='ltr'>ἐξελαυνόμενοι,</span> <span class='ocrx_word' id='word_1_635' title='bbox 3464 4219 3521 4281; x_wconf 75' lang='grc' dir='ltr'>ἐς</span> <span class='ocrx_word' id='word_1_636' title='bbox 3551 4216 3757 4285; x_wconf 81' lang='grc' dir='ltr'>ταύτην</span> 
     </span>
    </p>
   </div>
   <div class='ocr_carea' id='block_1_90' title="bbox 2186 4310 3757 4387">
    <p class='ocr_par' dir='ltr' id='par_1_90' title="bbox 2186 4310 3757 4387">
     <span class='ocr_line' id='line_1_90' title="bbox 2186 4310 3757 4387; baseline -0.005 -17"><span class='ocrx_word' id='word_1_637' title='bbox 2186 4317 2252 4387; x_wconf 81' lang='grc' dir='ltr'>δὴ</span> <span class='ocrx_word' id='word_1_638' title='bbox 2276 4316 2375 4387; x_wconf 82' lang='grc' dir='ltr'><strong>τήν</strong></span> <span class='ocrx_word' id='word_1_639' title='bbox 2403 4316 2559 4370; x_wconf 79' lang='grc' dir='ltr'>πόλιν</span> <span class='ocrx_word' id='word_1_640' title='bbox 2592 4314 2971 4382; x_wconf 67' lang='grc' dir='ltr'>συνελέγοντο,</span> <span class='ocrx_word' id='word_1_641' title='bbox 3024 4313 3219 4383; x_wconf 76' lang='grc' dir='ltr'>ἄνδρες</span> <span class='ocrx_word' id='word_1_642' title='bbox 3263 4310 3531 4381; x_wconf 68' lang='grc' dir='ltr'>ἐπίσημοι</span> <span class='ocrx_word' id='word_1_643' title='bbox 3567 4328 3628 4364; x_wconf 85' lang='grc' dir='ltr'><strong>τε</strong></span> <span class='ocrx_word' id='word_1_644' title='bbox 3663 4310 3757 4364; x_wconf 81' lang='grc' dir='ltr'>καὶ</span> 
     </span>
    </p>
   </div>
   <div class='ocr_carea' id='block_1_91' title="bbox 2188 4403 3759 4475">
    <p class='ocr_par' dir='ltr' id='par_1_91' title="bbox 2188 4403 3759 4475">
     <span class='ocr_line' id='line_1_91' title="bbox 2188 4403 3759 4475; baseline -0.004 -15"><span class='ocrx_word' id='word_1_645' title='bbox 2188 4407 2405 4475; x_wconf 76' lang='grc' dir='ltr'>ἀγαθοὶ,</span> <span class='ocrx_word' id='word_1_646' title='bbox 2438 4407 2533 4460; x_wconf 74' lang='grc' dir='ltr'>καὶ</span> <span class='ocrx_word' id='word_1_647' title='bbox 2560 4407 2750 4469; x_wconf 80' lang='grc' dir='ltr'>παῖδες</span> <span class='ocrx_word' id='word_1_648' title='bbox 2780 4404 2993 4475; x_wconf 86' lang='grc' dir='ltr'>ἀνδρῶν</span> <span class='ocrx_word' id='word_1_649' title='bbox 3020 4421 3081 4457; x_wconf 89' lang='grc' dir='ltr'>τε</span> <span class='ocrx_word' id='word_1_650' title='bbox 3132 4403 3285 4468; x_wconf 76' lang='grc' dir='ltr'>ὄντες</span> <span class='ocrx_word' id='word_1_651' title='bbox 3326 4403 3632 4472; x_wconf 71' lang='grc' dir='ltr'>ἐπιφανῶν,</span> <span class='ocrx_word' id='word_1_652' title='bbox 3663 4406 3759 4455; x_wconf 74' lang='grc' dir='ltr'><strong>καὶ</strong></span> 
     </span>
    </p>
   </div>
   <div class='ocr_carea' id='block_1_92' title="bbox 2190 4494 3760 4570">
    <p class='ocr_par' dir='ltr' id='par_1_92' title="bbox 2190 4494 3760 4570">
     <span class='ocr_line' id='line_1_92' title="bbox 2190 4494 3760 4570; baseline -0.004 -18"><span class='ocrx_word' id='word_1_653' title='bbox 2190 4499 2379 4570; x_wconf 85' lang='grc' dir='ltr'>χώρας</span> <span class='ocrx_word' id='word_1_654' title='bbox 2418 4499 2702 4568; x_wconf 84' lang='grc' dir='ltr'>ἀρχόντων</span> <span class='ocrx_word' id='word_1_655' title='bbox 2751 4497 2814 4551; x_wconf 81' lang='grc' dir='ltr'>οὐ</span> <span class='ocrx_word' id='word_1_656' title='bbox 2868 4497 3102 4566; x_wconf 82' lang='grc' dir='ltr'>φαύλης.</span> <span class='ocrx_word' id='word_1_657' title='bbox 3150 4495 3322 4550; x_wconf 80' lang='grc' dir='ltr'>Τοῦτο</span> <span class='ocrx_word' id='word_1_658' title='bbox 3382 4494 3501 4565; x_wconf 74' lang='grc' dir='ltr'>μὲν,</span> <span class='ocrx_word' id='word_1_659' title='bbox 3557 4495 3618 4557; x_wconf 74' lang='grc' dir='ltr'>ἐς</span> <span class='ocrx_word' id='word_1_660' title='bbox 3658 4495 3760 4564; x_wconf 83' lang='grc' dir='ltr'>τὴν</span> 
     </span>
    </p>
   </div>
   <div class='ocr_carea' id='block_1_93' title="bbox 2193 4586 3757 4661">
    <p class='ocr_par' dir='ltr' id='par_1_93' title="bbox 2193 4586 3757 4661">
     <span class='ocr_line' id='line_1_93' title="bbox 2193 4586 3757 4661; baseline -0.003 -15"><span class='ocrx_word' id='word_1_661' title='bbox 2193 4593 2335 4647; x_wconf 85' lang='grc' dir='ltr'><strong>κατά</strong></span> <span class='ocrx_word' id='word_1_662' title='bbox 2359 4591 2451 4644; x_wconf 81' lang='grc' dir='ltr'>τὸν</span> <span class='ocrx_word' id='word_1_663' title='bbox 2503 4591 2691 4644; x_wconf 88' lang='grc' dir='ltr'>Ἰόνιον</span> <span class='ocrx_word' id='word_1_664' title='bbox 2722 4588 2909 4661; x_wconf 85' lang='grc' dir='ltr'>χώραν</span> <span class='ocrx_word' id='word_1_665' title='bbox 2935 4591 3030 4643; x_wconf 76' lang='grc' dir='ltr'>καὶ</span> <span class='ocrx_word' id='word_1_666' title='bbox 3060 4590 3162 4657; x_wconf 81' lang='grc' dir='ltr'>τὴν</span> <span class='ocrx_word' id='word_1_667' title='bbox 3205 4586 3452 4646; x_wconf 79' lang='grc' dir='ltr'>Ἐλλάδα.</span> <span class='ocrx_word' id='word_1_668' title='bbox 3487 4586 3647 4640; x_wconf 79' lang='grc' dir='ltr'>τοῦτο</span> <span class='ocrx_word' id='word_1_669' title='bbox 3676 4588 3757 4653; x_wconf 73' lang='grc' dir='ltr'>δὲ,</span> 
     </span>
    </p>
   </div>
   <div class='ocr_carea' id='block_1_94' title="bbox 526 4671 2065 4758">
    <p class='ocr_par' dir='ltr' id='par_1_94' title="bbox 526 4671 2065 4740">
     <span class='ocr_line' id='line_1_94' title="bbox 526 4671 2065 4740; baseline 0.003 -14"><span class='ocrx_word' id='word_1_670' title='bbox 526 4672 690 4735; x_wconf 90' lang='lat' dir='ltr'><strong>ciam,</strong></span> <span class='ocrx_word' id='word_1_671' title='bbox 726 4672 920 4740; x_wconf 88' lang='lat' dir='ltr'><strong>partim</strong></span> <span class='ocrx_word' id='word_1_672' title='bbox 946 4686 1074 4725; x_wconf 82' lang='lat' dir='ltr'><strong>vero</strong></span> <span class='ocrx_word' id='word_1_673' title='bbox 1094 4671 1146 4725; x_wconf 92' lang='lat' dir='ltr'><strong>in</strong></span> <span class='ocrx_word' id='word_1_674' title='bbox 1166 4671 1373 4725; x_wconf 85' lang='lat' dir='ltr'><strong>Italiam</strong></span> <span class='ocrx_word' id='word_1_675' title='bbox 1430 4672 1593 4739; x_wconf 88' lang='lat' dir='ltr'><strong>pulsi,</strong></span> <span class='ocrx_word' id='word_1_676' title='bbox 1617 4674 1670 4727; x_wconf 92' lang='lat' dir='ltr'><strong>in</strong></span> <span class='ocrx_word' id='word_1_677' title='bbox 1704 4673 1865 4728; x_wconf 84' lang='lat' dir='ltr'><strong>istam</strong></span> <span class='ocrx_word' id='word_1_678' title='bbox 1885 4675 2065 4731; x_wconf 86' lang='lat' dir='ltr'><strong>civita-</strong></span> 
     </span>
    </p>
   </div>
   <div class='ocr_carea' id='block_1_95' title="bbox 2170 4671 3762 4758">
    <p class='ocr_par' dir='ltr' id='par_1_95' title="bbox 2194 4680 3762 4754">
     <span class='ocr_line' id='line_1_95' title="bbox 2194 4680 3762 4754; baseline -0.004 -15"><span class='ocrx_word' id='word_1_679' title='bbox 2194 4686 2289 4739; x_wconf 69' lang='grc' dir='ltr'>καὶ</span> <span class='ocrx_word' id='word_1_680' title='bbox 2324 4686 2381 4748; x_wconf 71' lang='grc' dir='ltr'>ις</span> <span class='ocrx_word' id='word_1_681' title='bbox 2413 4684 2515 4754; x_wconf 85' lang='grc' dir='ltr'>τὴν</span> <span class='ocrx_word' id='word_1_682' title='bbox 2555 4683 2787 4738; x_wconf 84' lang='grc' dir='ltr'>Ἰταλίαν</span> <span class='ocrx_word' id='word_1_683' title='bbox 2820 4683 3233 4750; x_wconf 77' lang='grc' dir='ltr'>ἐξελαυνόμενοι</span> <span class='ocrx_word' id='word_1_684' title='bbox 3267 4681 3361 4733; x_wconf 67' lang='grc' dir='ltr'><strong>καὶ</strong></span> <span class='ocrx_word' id='word_1_685' title='bbox 3386 4680 3762 4749; x_wconf 68' lang='grc' dir='ltr'>ενταῦθαάφι-</span> 
     </span>
    </p>
   </div>
   <div class='ocr_carea' id='block_1_96' title="bbox 526 4763 2090 4832">
    <p class='ocr_par' dir='ltr' id='par_1_96' title="bbox 526 4763 2090 4832">
     <span class='ocr_line' id='line_1_96' title="bbox 526 4763 2090 4832; baseline 0.003 -14"><span class='ocrx_word' id='word_1_686' title='bbox 526 4776 631 4818; x_wconf 90' lang='lat' dir='ltr'><strong>tcm</strong></span> <span class='ocrx_word' id='word_1_687' title='bbox 649 4778 706 4818; x_wconf 87' lang='lat' dir='ltr'><strong>se</strong></span> <span class='ocrx_word' id='word_1_688' title='bbox 732 4763 1078 4832; x_wconf 88' lang='lat' dir='ltr'><strong>recipientes,</strong></span> <span class='ocrx_word' id='word_1_689' title='bbox 1113 4764 1365 4819; x_wconf 87' lang='lat' dir='ltr'><strong>securius</strong></span> <span class='ocrx_word' id='word_1_690' title='bbox 1429 4763 1769 4820; x_wconf 86' lang='lat' dir='ltr'><strong>habitabant.</strong></span> <span class='ocrx_word' id='word_1_691' title='bbox 1818 4766 1953 4822; x_wconf 92' lang='lat' dir='ltr'><strong>Cum</strong></span> <span class='ocrx_word' id='word_1_692' title='bbox 1992 4784 2090 4825; x_wconf 88' lang='lat' dir='ltr'><strong>au-</strong></span> 
     </span>
    </p>
   </div>
   <div class='ocr_carea' id='block_1_97' title="bbox 522 4853 2089 4929">
    <p class='ocr_par' dir='ltr' id='par_1_97' title="bbox 522 4853 2089 4929">
     <span class='ocr_line' id='line_1_97' title="bbox 522 4853 2089 4929; baseline 0.001 -19"><span class='ocrx_word' id='word_1_693' title='bbox 522 4865 630 4910; x_wconf 89' lang='lat' dir='ltr'><strong>tem</strong></span> <span class='ocrx_word' id='word_1_694' title='bbox 666 4870 729 4910; x_wconf 88' lang='lat' dir='ltr'><strong>ea</strong></span> <span class='ocrx_word' id='word_1_695' title='bbox 758 4854 826 4909; x_wconf 89' lang='lat' dir='ltr'><strong>sit</strong></span> <span class='ocrx_word' id='word_1_696' title='bbox 850 4854 981 4909; x_wconf 89' lang='lat' dir='ltr'><strong>urbs</strong></span> <span class='ocrx_word' id='word_1_697' title='bbox 1007 4854 1317 4923; x_wconf 87' lang='lat' dir='ltr'><strong>emporium</strong></span> <span class='ocrx_word' id='word_1_698' title='bbox 1342 4853 1574 4918; x_wconf 90' lang='lat' dir='ltr'><strong>celebre,</strong></span> <span class='ocrx_word' id='word_1_699' title='bbox 1636 4854 1880 4911; x_wconf 87' lang='lat' dir='ltr'><strong>animum</strong></span> <span class='ocrx_word' id='word_1_700' title='bbox 1938 4858 2089 4929; x_wconf 89' lang='lat' dir='ltr'><strong>adje-</strong></span> 
     </span>
    </p>
   </div>
   <div class='ocr_carea' id='block_1_98' title="bbox 522 4945 2088 5012">
    <p class='ocr_par' dir='ltr' id='par_1_98' title="bbox 522 4945 2088 5012">
     <span class='ocr_line' id='line_1_98' title="bbox 522 4945 2088 5012; baseline 0.002 -8"><span class='ocrx_word' id='word_1_701' title='bbox 522 4962 647 5005; x_wconf 88' lang='lat' dir='ltr'><strong>cere</strong></span> <span class='ocrx_word' id='word_1_702' title='bbox 673 4947 738 5001; x_wconf 92' lang='lat' dir='ltr'><strong>ad</strong></span> <span class='ocrx_word' id='word_1_703' title='bbox 772 4954 1139 5000; x_wconf 88' lang='lat' dir='ltr'><strong>mercaturam</strong></span> <span class='ocrx_word' id='word_1_704' title='bbox 1210 4946 1546 5001; x_wconf 84' lang='lat' dir='ltr'><strong>necessario.</strong></span> <span class='ocrx_word' id='word_1_705' title='bbox 1598 4945 1737 5012; x_wconf 88' lang='lat' dir='ltr'><strong>Quia</strong></span> <span class='ocrx_word' id='word_1_706' title='bbox 1800 4950 2088 5007; x_wconf 89' lang='lat' dir='ltr'><strong>continen-</strong></span> 
     </span>
    </p>
   </div>
   <div class='ocr_carea' id='block_1_99' title="bbox 523 5035 2090 5110">
    <p class='ocr_par' dir='ltr' id='par_1_99' title="bbox 523 5035 2090 5110">
     <span class='ocr_line' id='line_1_99' title="bbox 523 5035 2090 5110; baseline -0.004 -15"><span class='ocrx_word' id='word_1_707' title='bbox 523 5052 631 5097; x_wconf 89' lang='lat' dir='ltr'><strong>tem</strong></span> <span class='ocrx_word' id='word_1_708' title='bbox 660 5056 765 5095; x_wconf 89' lang='lat' dir='ltr'><strong>non</strong></span> <span class='ocrx_word' id='word_1_709' title='bbox 793 5038 1088 5108; x_wconf 88' lang='lat' dir='ltr'><strong>attingunt,</strong></span> <span class='ocrx_word' id='word_1_710' title='bbox 1122 5053 1223 5093; x_wconf 91' lang='lat' dir='ltr'><strong>nec</strong></span> <span class='ocrx_word' id='word_1_711' title='bbox 1246 5052 1437 5093; x_wconf 91' lang='lat' dir='ltr'><strong>eorum</strong></span> <span class='ocrx_word' id='word_1_712' title='bbox 1463 5035 1765 5102; x_wconf 89' lang='lat' dir='ltr'><strong>fructuum,</strong></span> <span class='ocrx_word' id='word_1_713' title='bbox 1789 5056 1928 5110; x_wconf 88' lang='lat' dir='ltr'><strong>quos</strong></span> <span class='ocrx_word' id='word_1_714' title='bbox 1956 5059 2090 5098; x_wconf 85' lang='lat' dir='ltr'><strong>con-</strong></span> 
     </span>
    </p>
   </div>
   <div class='ocr_carea' id='block_1_100' title="bbox 525 5130 2087 5202">
    <p class='ocr_par' dir='ltr' id='par_1_100' title="bbox 525 5130 2087 5202">
     <span class='ocr_line' id='line_1_100' title="bbox 525 5130 2087 5202; baseline 0.004 -17"><span class='ocrx_word' id='word_1_715' title='bbox 525 5134 706 5188; x_wconf 90' lang='lat' dir='ltr'><strong>tinens</strong></span> <span class='ocrx_word' id='word_1_716' title='bbox 740 5132 965 5202; x_wconf 81' lang='lat' dir='ltr'><strong>profert,</strong></span> <span class='ocrx_word' id='word_1_717' title='bbox 990 5132 1128 5201; x_wconf 87' lang='lat' dir='ltr'><strong>ipsis</strong></span> <span class='ocrx_word' id='word_1_718' title='bbox 1150 5131 1307 5202; x_wconf 90' lang='lat' dir='ltr'><strong>copia</strong></span> <span class='ocrx_word' id='word_1_719' title='bbox 1335 5130 1517 5185; x_wconf 88' lang='lat' dir='ltr'><strong>futura</strong></span> <span class='ocrx_word' id='word_1_720' title='bbox 1552 5139 1689 5186; x_wconf 86' lang='lat' dir='ltr'><strong>erat.</strong></span> <span class='ocrx_word' id='word_1_721' title='bbox 1715 5130 1947 5190; x_wconf 87' lang='lat' dir='ltr'><strong>Proinde</strong></span> <span class='ocrx_word' id='word_1_722' title='bbox 1974 5152 2087 5192; x_wconf 82' lang='lat' dir='ltr'><strong>me-</strong></span> 
     </span>
    </p>
   </div>
   <div class='ocr_carea' id='block_1_101' title="bbox 528 5223 2091 5294">
    <p class='ocr_par' dir='ltr' id='par_1_101' title="bbox 528 5223 2091 5294">
     <span class='ocr_line' id='line_1_101' title="bbox 528 5223 2091 5294; baseline 0.001 -14"><span class='ocrx_word' id='word_1_723' title='bbox 528 5228 633 5281; x_wconf 89' lang='lat' dir='ltr'><strong>rito</strong></span> <span class='ocrx_word' id='word_1_724' title='bbox 681 5234 1002 5280; x_wconf 71' lang='lat' dir='ltr'><strong>mercatum</strong></span> <span class='ocrx_word' id='word_1_725' title='bbox 1050 5237 1274 5294; x_wconf 89' lang='lat' dir='ltr'><strong>operam</strong></span> <span class='ocrx_word' id='word_1_726' title='bbox 1330 5223 1624 5288; x_wconf 89' lang='lat' dir='ltr'><strong>dederunt,</strong></span> <span class='ocrx_word' id='word_1_727' title='bbox 1666 5233 1724 5278; x_wconf 92' lang='lat' dir='ltr'><strong>ut</strong></span> <span class='ocrx_word' id='word_1_728' title='bbox 1780 5229 2091 5282; x_wconf 84' lang='lat' dir='ltr'><strong>necessaria</strong></span> 
     </span>
    </p>
   </div>
   <div class='ocr_carea' id='block_1_102' title="bbox 527 5315 2096 5386">
    <p class='ocr_par' dir='ltr' id='par_1_102' title="bbox 527 5315 2096 5386">
     <span class='ocr_line' id='line_1_102' title="bbox 527 5315 2096 5386; baseline 0.003 -15"><span class='ocrx_word' id='word_1_729' title='bbox 527 5317 664 5371; x_wconf 86' lang='lat' dir='ltr'><strong>mari</strong></span> <span class='ocrx_word' id='word_1_730' title='bbox 688 5316 1144 5373; x_wconf 85' lang='lat' dir='ltr'><strong>subveherentur.</strong></span> <span class='ocrx_word' id='word_1_731' title='bbox 1166 5318 1424 5386; x_wconf 76' lang='lat' dir='ltr'><strong>Cumque</strong></span> <span class='ocrx_word' id='word_1_732' title='bbox 1456 5315 1689 5385; x_wconf 89' lang='lat' dir='ltr'><strong>quilibet</strong></span> <span class='ocrx_word' id='word_1_733' title='bbox 1729 5319 1924 5374; x_wconf 89' lang='lat' dir='ltr'><strong>scdulo</strong></span> <span class='ocrx_word' id='word_1_734' title='bbox 1955 5336 2096 5375; x_wconf 87' lang='lat' dir='ltr'><strong>mer-</strong></span> 
     </span>
    </p>
   </div>
   <div class='ocr_carea' id='block_1_103' title="bbox 528 5408 2092 5479">
    <p class='ocr_par' dir='ltr' id='par_1_103' title="bbox 528 5408 2092 5479">
     <span class='ocr_line' id='line_1_103' title="bbox 528 5408 2092 5479; baseline 0.003 -14"><span class='ocrx_word' id='word_1_735' title='bbox 528 5411 684 5466; x_wconf 87' lang='lat' dir='ltr'><strong>cibus</strong></span> <span class='ocrx_word' id='word_1_736' title='bbox 732 5411 1106 5479; x_wconf 85' lang='lat' dir='ltr'><strong>permutandis</strong></span> <span class='ocrx_word' id='word_1_737' title='bbox 1141 5408 1506 5473; x_wconf 88' lang='lat' dir='ltr'><strong>incumberet,</strong></span> <span class='ocrx_word' id='word_1_738' title='bbox 1533 5408 1682 5463; x_wconf 84' lang='lat' dir='ltr'><strong>brevi</strong></span> <span class='ocrx_word' id='word_1_739' title='bbox 1714 5409 2092 5470; x_wconf 89' lang='lat' dir='ltr'><strong>incredibilem</strong></span> 
     </span>
    </p>
   </div>
   <div class='ocr_carea' id='block_1_104' title="bbox 2193 4772 3760 4850">
    <p class='ocr_par' dir='ltr' id='par_1_104' title="bbox 2193 4772 3760 4850">
     <span class='ocr_line' id='line_1_104' title="bbox 2193 4772 3760 4850; baseline -0.005 -17"><span class='ocrx_word' id='word_1_740' title='bbox 2193 4781 2441 4850; x_wconf 84' lang='grc' dir='ltr'>κόμενοι,</span> <span class='ocrx_word' id='word_1_741' title='bbox 2469 4776 2651 4849; x_wconf 74' lang='grc' dir='ltr'>ᾤκουν</span> <span class='ocrx_word' id='word_1_742' title='bbox 2687 4777 2751 4848; x_wconf 84' lang='grc' dir='ltr'>δὴ</span> <span class='ocrx_word' id='word_1_743' title='bbox 2777 4775 3203 4846; x_wconf 77' lang='grc' dir='ltr'>ἀσφαλέστερον.</span> <span class='ocrx_word' id='word_1_744' title='bbox 3258 4772 3522 4843; x_wconf 83' lang='grc' dir='ltr'>Ἐχούσης</span> <span class='ocrx_word' id='word_1_745' title='bbox 3558 4772 3614 4825; x_wconf 77' lang='grc' dir='ltr'>δὲ</span> <span class='ocrx_word' id='word_1_746' title='bbox 3663 4774 3760 4843; x_wconf 82' lang='grc' dir='ltr'>τῆς</span> 
     </span>
    </p>
   </div>
   <div class='ocr_carea' id='block_1_105' title="bbox 2194 4864 3758 4940">
    <p class='ocr_par' dir='ltr' id='par_1_105' title="bbox 2194 4864 3758 4940">
     <span class='ocr_line' id='line_1_105' title="bbox 2194 4864 3758 4940; baseline -0.006 -16"><span class='ocrx_word' id='word_1_747' title='bbox 2194 4872 2404 4933; x_wconf 85' lang='grc' dir='ltr'>πόλεως</span> <span class='ocrx_word' id='word_1_748' title='bbox 2434 4872 2731 4940; x_wconf 71' lang='grc' dir='ltr'>ἐμπορίαν,</span> <span class='ocrx_word' id='word_1_749' title='bbox 2762 4870 2844 4921; x_wconf 83' lang='grc' dir='ltr'><strong>ὅτι</strong></span> <span class='ocrx_word' id='word_1_750' title='bbox 2873 4866 3111 4937; x_wconf 80' lang='grc' dir='ltr'>μάλιστα</span> <span class='ocrx_word' id='word_1_751' title='bbox 3155 4864 3404 4936; x_wconf 78' lang='grc' dir='ltr'>ἀνάγκης</span> <span class='ocrx_word' id='word_1_752' title='bbox 3438 4865 3758 4918; x_wconf 73' lang='grc' dir='ltr'>ἀποδεικνυ·</span> 
     </span>
    </p>
   </div>
   <div class='ocr_carea' id='block_1_106' title="bbox 2200 4953 3761 5030">
    <p class='ocr_par' dir='ltr' id='par_1_106' title="bbox 2200 4953 3761 5030">
     <span class='ocr_line' id='line_1_106' title="bbox 2200 4953 3761 5030; baseline -0.006 -16"><span class='ocrx_word' id='word_1_753' title='bbox 2200 4962 2373 5030; x_wconf 86' lang='grc' dir='ltr'>μένης</span> <span class='ocrx_word' id='word_1_754' title='bbox 2404 4963 2463 5025; x_wconf 74' lang='grc' dir='ltr'>ἐς</span> <span class='ocrx_word' id='word_1_755' title='bbox 2492 4960 2655 5014; x_wconf 81' lang='grc' dir='ltr'>τοῦτο</span> <span class='ocrx_word' id='word_1_756' title='bbox 2688 4960 2750 5012; x_wconf 82' lang='grc' dir='ltr'>τὸ</span> <span class='ocrx_word' id='word_1_757' title='bbox 2778 4959 3082 5030; x_wconf 80' lang='grc' dir='ltr'>τρέπεσθαι</span> <span class='ocrx_word' id='word_1_758' title='bbox 3126 4956 3225 5010; x_wconf 73' lang='grc' dir='ltr'>ἕνα</span> <span class='ocrx_word' id='word_1_759' title='bbox 3274 4955 3533 5018; x_wconf 71' lang='grc' dir='ltr'>ἕκαστον.</span> <span class='ocrx_word' id='word_1_760' title='bbox 3579 4954 3669 5008; x_wconf 72' lang='grc' dir='ltr'>διὰ</span> <span class='ocrx_word' id='word_1_761' title='bbox 3699 4953 3761 5006; x_wconf 76' lang='grc' dir='ltr'><strong>τὸ</strong></span> 
     </span>
    </p>
   </div>
   <div class='ocr_carea' id='block_1_107' title="bbox 2200 5048 3761 5123">
    <p class='ocr_par' dir='ltr' id='par_1_107' title="bbox 2200 5048 3761 5123">
     <span class='ocr_line' id='line_1_107' title="bbox 2200 5048 3761 5123; baseline -0.008 -12"><span class='ocrx_word' id='word_1_762' title='bbox 2200 5054 2429 5122; x_wconf 69' lang='grc' dir='ltr'>μηδαμῆ</span> <span class='ocrx_word' id='word_1_763' title='bbox 2484 5056 2584 5122; x_wconf 82' lang='grc' dir='ltr'>τῆς</span> <span class='ocrx_word' id='word_1_764' title='bbox 2642 5052 2876 5123; x_wconf 73' lang='grc' dir='ltr'>ἠπείρου</span> <span class='ocrx_word' id='word_1_765' title='bbox 2927 5052 3056 5113; x_wconf 78' lang='grc' dir='ltr'>τοὺς</span> <span class='ocrx_word' id='word_1_766' title='bbox 3110 5050 3368 5111; x_wconf 79' lang='grc' dir='ltr'>ἐποίκους</span> <span class='ocrx_word' id='word_1_767' title='bbox 3414 5048 3761 5117; x_wconf 77' lang='grc' dir='ltr'>ἀντέχεσθαι,</span> 
     </span>
    </p>
   </div>
   <div class='ocr_carea' id='block_1_108' title="bbox 2200 5138 3766 5215">
    <p class='ocr_par' dir='ltr' id='par_1_108' title="bbox 2200 5138 3766 5215">
     <span class='ocr_line' id='line_1_108' title="bbox 2200 5138 3766 5215; baseline -0.006 -18"><span class='ocrx_word' id='word_1_768' title='bbox 2200 5144 2334 5215; x_wconf 84' lang='grc' dir='ltr'>μηδὲ</span> <span class='ocrx_word' id='word_1_769' title='bbox 2363 5145 2465 5197; x_wconf 85' lang='grc' dir='ltr'>ὃσα</span> <span class='ocrx_word' id='word_1_770' title='bbox 2491 5144 2650 5214; x_wconf 80' lang='grc' dir='ltr'>φέρει</span> <span class='ocrx_word' id='word_1_771' title='bbox 2676 5144 2709 5213; x_wconf 85' lang='grc' dir='ltr'><strong>ή</strong></span> <span class='ocrx_word' id='word_1_772' title='bbox 2734 5144 2991 5215; x_wconf 76' lang='grc' dir='ltr'>ήπειρος,</span> <span class='ocrx_word' id='word_1_773' title='bbox 3044 5139 3435 5211; x_wconf 67' lang='grc' dir='ltr'>ἐργαζομένων</span> <span class='ocrx_word' id='word_1_774' title='bbox 3466 5138 3534 5191; x_wconf 79' lang='grc' dir='ltr'>τὰ</span> <span class='ocrx_word' id='word_1_775' title='bbox 3580 5139 3766 5203; x_wconf 64' lang='grc' dir='ltr'>ἐπιτή-</span> 
     </span>
    </p>
   </div>
   <div class='ocr_carea' id='block_1_109' title="bbox 2193 5231 3765 5309">
    <p class='ocr_par' dir='ltr' id='par_1_109' title="bbox 2193 5231 3765 5309">
     <span class='ocr_line' id='line_1_109' title="bbox 2193 5231 3765 5309; baseline -0.006 -16"><span class='ocrx_word' id='word_1_776' title='bbox 2193 5239 2318 5293; x_wconf 85' lang='grc' dir='ltr'>δεια</span> <span class='ocrx_word' id='word_1_777' title='bbox 2350 5241 2410 5302; x_wconf 79' lang='grc' dir='ltr'>ὲς</span> <span class='ocrx_word' id='word_1_778' title='bbox 2459 5239 2562 5308; x_wconf 82' lang='grc' dir='ltr'><strong>τὴν</strong></span> <span class='ocrx_word' id='word_1_779' title='bbox 2600 5239 2783 5303; x_wconf 83' lang='grc' dir='ltr'>πόλιν,</span> <span class='ocrx_word' id='word_1_780' title='bbox 2834 5238 3100 5309; x_wconf 84' lang='grc' dir='ltr'>χρήματα</span> <span class='ocrx_word' id='word_1_781' title='bbox 3140 5234 3353 5303; x_wconf 83' lang='grc' dir='ltr'>μεγάλα</span> <span class='ocrx_word' id='word_1_782' title='bbox 3403 5231 3765 5303; x_wconf 71' lang='grc' dir='ltr'>ἐργασάμενοι</span> 
     </span>
    </p>
   </div>
   <div class='ocr_carea' id='block_1_110' title="bbox 2199 5321 3769 5401">
    <p class='ocr_par' dir='ltr' id='par_1_110' title="bbox 2199 5321 3769 5401">
     <span class='ocr_line' id='line_1_110' title="bbox 2199 5321 3769 5401; baseline -0.006 -18"><span class='ocrx_word' id='word_1_783' title='bbox 2199 5330 2309 5383; x_wconf 87' lang='grc' dir='ltr'>ἀπο</span> <span class='ocrx_word' id='word_1_784' title='bbox 2339 5321 2553 5395; x_wconf 67' lang='grc' dir='ltr'>τουτου,</span> <span class='ocrx_word' id='word_1_785' title='bbox 2587 5331 2690 5401; x_wconf 81' lang='grc' dir='ltr'><strong>τήν</strong></span> <span class='ocrx_word' id='word_1_786' title='bbox 2718 5346 2780 5383; x_wconf 86' lang='grc' dir='ltr'>τε</span> <span class='ocrx_word' id='word_1_787' title='bbox 2813 5329 3047 5397; x_wconf 79' lang='grc' dir='ltr'>δύναμιν</span> <span class='ocrx_word' id='word_1_788' title='bbox 3074 5325 3346 5396; x_wconf 81' lang='grc' dir='ltr'>ἀξιόχρεω</span> <span class='ocrx_word' id='word_1_789' title='bbox 3379 5323 3769 5378; x_wconf 85' lang='grc' dir='ltr'>ἀπεδείκνυντο</span> 
     </span>
    </p>
   </div>
   <div class='ocr_carea' id='block_1_111' title="bbox 2204 5413 3764 5493">
    <p class='ocr_par' dir='ltr' id='par_1_111' title="bbox 2204 5413 3764 5493">
     <span class='ocr_line' id='line_1_111' title="bbox 2204 5413 3764 5493; baseline -0.006 -19"><span class='ocrx_word' id='word_1_790' title='bbox 2204 5422 2517 5493; x_wconf 82' lang='grc' dir='ltr'>ἀπανταχῆ,</span> <span class='ocrx_word' id='word_1_791' title='bbox 2547 5420 2643 5477; x_wconf 72' lang='grc' dir='ltr'>καὶ</span> <span class='ocrx_word' id='word_1_792' title='bbox 2671 5420 2770 5490; x_wconf 79' lang='grc' dir='ltr'><strong>τὴν</strong></span> <span class='ocrx_word' id='word_1_793' title='bbox 2803 5419 2962 5474; x_wconf 88' lang='grc' dir='ltr'>πόλιν</span> <span class='ocrx_word' id='word_1_794' title='bbox 3004 5415 3234 5487; x_wconf 85' lang='grc' dir='ltr'>διῴκουν</span> <span class='ocrx_word' id='word_1_795' title='bbox 3256 5417 3325 5481; x_wconf 81' lang='grc'>⁷⁸,</span> <span class='ocrx_word' id='word_1_796' title='bbox 3356 5413 3675 5485; x_wconf 74' lang='grc' dir='ltr'>οἰκημάτων</span> <span class='ocrx_word' id='word_1_797' title='bbox 3704 5426 3764 5465; x_wconf 84' lang='grc' dir='ltr'><strong>τε</strong></span> 
     </span>
    </p>
   </div>
   <div class='ocr_carea' id='block_1_112' title="bbox 1806 5531 2494 5614">
    <p class='ocr_par' dir='ltr' id='par_1_112' title="bbox 1806 5531 2494 5614">
     <span class='ocr_line' id='line_1_112' title="bbox 1806 5531 2494 5614; baseline 0.009 -21"><span class='ocrx_word' id='word_1_798' title='bbox 1806 5531 2056 5595; x_wconf 80' lang='grc' dir='ltr'>Νοιυιιο</span> <span class='ocrx_word' id='word_1_799' title='bbox 2091 5536 2494 5614; x_wconf 83' lang='lat' dir='ltr'><strong>marginales.</strong></span> 
     </span>
    </p>
   </div>
   <div class='ocr_carea' id='block_1_113' title="bbox 602 5630 1044 5699">
    <p class='ocr_par' dir='ltr' id='par_1_113' title="bbox 602 5630 1044 5699">
     <span class='ocr_line' id='line_1_113' title="bbox 602 5630 1044 5699; baseline 0.011 -14"><span class='ocrx_word' id='word_1_800' title='bbox 602 5632 678 5699; x_wconf 72' lang='lat' dir='ltr'><strong>(Ii)</strong></span> <span class='ocrx_word' id='word_1_801' title='bbox 704 5632 860 5690; x_wconf 78' lang='lat' dir='ltr'><strong>Anno</strong></span> <span class='ocrx_word' id='word_1_802' title='bbox 886 5630 1044 5690; x_wconf 70' lang='lat'><strong>“08.</strong></span> 
     </span>
    </p>
   </div>
   <div class='ocr_carea' id='block_1_114' title="bbox 600 5753 1830 5814">
    <p class='ocr_par' dir='ltr' id='par_1_114' title="bbox 600 5753 1830 5814">
     <span class='ocr_line' id='line_1_114' title="bbox 600 5753 1830 5814; baseline 0 -7"><span class='ocrx_word' id='word_1_803' title='bbox 600 5755 647 5785; x_wconf 75' lang='lat'>”</span> <span class='ocrx_word' id='word_1_804' title='bbox 671 5755 887 5809; x_wconf 75' lang='grc' dir='ltr'>ἑαυτοῦ.</span> <span class='ocrx_word' id='word_1_805' title='bbox 918 5755 1005 5811; x_wconf 87' lang='lat' dir='ltr'><strong>Sic</strong></span> <span class='ocrx_word' id='word_1_806' title='bbox 1035 5759 1194 5811; x_wconf 72' lang='lat' dir='ltr'><strong>etiam</strong></span> <span class='ocrx_word' id='word_1_807' title='bbox 1229 5756 1292 5814; x_wconf 76' lang='grc' dir='ltr'>Π.</span> <span class='ocrx_word' id='word_1_808' title='bbox 1371 5756 1417 5789; x_wconf 81' lang='grc'><strong>⁷⁸</strong></span> <span class='ocrx_word' id='word_1_809' title='bbox 1443 5755 1515 5811; x_wconf 87' lang='lat' dir='ltr'><strong>al.</strong></span> <span class='ocrx_word' id='word_1_810' title='bbox 1546 5753 1830 5809; x_wconf 74' lang='grc' dir='ltr'>ἐδιοίκουν.</span> 
     </span>
    </p>
   </div>
  </div>
