  <div class='ocr_page' id='page_1' title='image "/cluster/home/n/w/nwhite01/storage/ocr_20150623/159/hvd.32044073502684/114.png"; bbox 0 0 4010 6208; ppageno 0'>
   <div class='ocr_carea' id='block_1_1' title="bbox 291 310 497 373">
    <p class='ocr_par' dir='ltr' id='par_1_1' title="bbox 291 310 497 373">
     <span class='ocr_line' id='line_1_1' title="bbox 291 310 497 373; baseline 0.005 -1"><span class='ocrx_word' id='word_1_1' title='bbox 291 310 389 373; x_wconf 83' lang='grc'><strong>189</strong></span> <span class='ocrx_word' id='word_1_2' title='bbox 483 334 497 341; x_wconf 74' lang='grc'><strong>-</strong></span> 
     </span>
    </p>
   </div>
   <div class='ocr_carea' id='block_1_2' title="bbox 1358 326 2484 407">
    <p class='ocr_par' dir='ltr' id='par_1_2' title="bbox 1358 326 2484 407">
     <span class='ocr_line' id='line_1_2' title="bbox 1358 326 2484 407; baseline 0.021 -24"><span class='ocrx_word' id='word_1_3' title='bbox 1358 326 1456 384; x_wconf 87' lang='lat' dir='ltr'><strong>DE</strong></span> <span class='ocrx_word' id='word_1_4' title='bbox 1503 328 1754 391; x_wconf 80' lang='lat' dir='ltr'><strong>REBUS</strong></span> <span class='ocrx_word' id='word_1_5' title='bbox 1793 331 2159 397; x_wconf 55' lang='lat' dir='ltr'><strong>TULJICIS</strong></span> <span class='ocrx_word' id='word_1_6' title='bbox 2199 340 2345 399; x_wconf 89' lang='lat' dir='ltr'><strong>LIB.</strong></span> <span class='ocrx_word' id='word_1_7' title='bbox 2383 344 2484 407; x_wconf 90' lang='lat' dir='ltr'><strong>IV.</strong></span> 
     </span>
    </p>
   </div>
   <div class='ocr_carea' id='block_1_3' title="bbox 3447 350 3546 413">
    <p class='ocr_par' dir='ltr' id='par_1_3' title="bbox 3447 350 3546 413">
     <span class='ocr_line' id='line_1_3' title="bbox 3447 350 3546 413; baseline 0.02 -2"><span class='ocrx_word' id='word_1_8' title='bbox 3447 350 3546 413; x_wconf 62' lang='lat'><strong>191</strong></span> 
     </span>
    </p>
   </div>
   <div class='ocr_carea' id='block_1_4' title="bbox 292 425 1865 526">
    <p class='ocr_par' dir='ltr' id='par_1_4' title="bbox 292 425 1862 508">
     <span class='ocr_line' id='line_1_4' title="bbox 292 425 1862 508; baseline 0.016 -30"><span class='ocrx_word' id='word_1_9' title='bbox 292 426 361 494; x_wconf 83' lang='grc' dir='ltr'><strong>τῷ</strong></span> <span class='ocrx_word' id='word_1_10' title='bbox 388 425 707 495; x_wconf 74' lang='grc' dir='ltr'><strong>πολυτελεῖ,</strong></span> <span class='ocrx_word' id='word_1_11' title='bbox 736 430 833 483; x_wconf 76' lang='grc' dir='ltr'><strong>καὶ</strong></span> <span class='ocrx_word' id='word_1_12' title='bbox 873 432 1329 508; x_wconf 79' lang='grc' dir='ltr'>μεγαλοπρεπείᾳ</span> <span class='ocrx_word' id='word_1_13' title='bbox 1362 442 1554 496; x_wconf 85' lang='grc' dir='ltr'>οίκιῶν</span> <span class='ocrx_word' id='word_1_14' title='bbox 1579 447 1676 499; x_wconf 72' lang='grc' dir='ltr'>καὶ</span> <span class='ocrx_word' id='word_1_15' title='bbox 1698 448 1862 502; x_wconf 91' lang='grc' dir='ltr'>ναῶν.</span> 
     </span>
    </p>
   </div>
   <div class='ocr_carea' id='block_1_5' title="bbox 1968 425 3553 526">
    <p class='ocr_par' dir='ltr' id='par_1_5' title="bbox 1968 453 3553 526">
     <span class='ocr_line' id='line_1_5' title="bbox 1968 453 3553 526; baseline 0.006 -19"><span class='ocrx_word' id='word_1_16' title='bbox 1968 453 2269 521; x_wconf 75' lang='lat' dir='ltr'><strong>potentiam</strong></span> <span class='ocrx_word' id='word_1_17' title='bbox 2296 453 2399 510; x_wconf 83' lang='lat' dir='ltr'><strong>sibi</strong></span> <span class='ocrx_word' id='word_1_18' title='bbox 2442 470 2724 526; x_wconf 81' lang='lat' dir='ltr'><strong>peperere.</strong></span> <span class='ocrx_word' id='word_1_19' title='bbox 2757 458 2955 518; x_wconf 87' lang='lat' dir='ltr'><strong>Urbem</strong></span> <span class='ocrx_word' id='word_1_20' title='bbox 2987 461 3337 519; x_wconf 86' lang='lat' dir='ltr'><strong>basilicarum</strong></span> <span class='ocrx_word' id='word_1_21' title='bbox 3373 470 3426 517; x_wconf 87' lang='lat' dir='ltr'><strong>et</strong></span> <span class='ocrx_word' id='word_1_22' title='bbox 3454 463 3553 517; x_wconf 85' lang='lat' dir='ltr'><strong>do-</strong></span> 
     </span>
    </p>
   </div>
   <div class='ocr_carea' id='block_1_6' title="bbox 291 519 1868 602">
    <p class='ocr_par' dir='ltr' id='par_1_6' title="bbox 291 519 1868 602">
     <span class='ocr_line' id='line_1_6' title="bbox 291 519 1868 602; baseline 0.014 -29"><span class='ocrx_word' id='word_1_23' title='bbox 291 519 548 589; x_wconf 83' lang='grc' dir='ltr'>Τριήρεις</span> <span class='ocrx_word' id='word_1_24' title='bbox 585 520 645 574; x_wconf 82' lang='grc' dir='ltr'>δὲ</span> <span class='ocrx_word' id='word_1_25' title='bbox 681 530 1176 595; x_wconf 86' lang='grc' dir='ltr'>ναυπηγησάμενοι</span> <span class='ocrx_word' id='word_1_26' title='bbox 1207 531 1308 584; x_wconf 80' lang='grc' dir='ltr'>οὐκ</span> <span class='ocrx_word' id='word_1_27' title='bbox 1327 533 1537 602; x_wconf 78' lang='grc' dir='ltr'><strong>ὀλίγας,</strong></span> <span class='ocrx_word' id='word_1_28' title='bbox 1571 538 1666 591; x_wconf 75' lang='grc' dir='ltr'>καὶ</span> <span class='ocrx_word' id='word_1_29' title='bbox 1704 541 1868 595; x_wconf 85' lang='grc' dir='ltr'>δυνά-</span> 
     </span>
    </p>
   </div>
   <div class='ocr_carea' id='block_1_7' title="bbox 296 614 1866 706">
    <p class='ocr_par' dir='ltr' id='par_1_7' title="bbox 296 614 1866 706">
     <span class='ocr_line' id='line_1_7' title="bbox 296 614 1866 706; baseline 0.017 -44"><span class='ocrx_word' id='word_1_30' title='bbox 459 614 895 686; x_wconf 78' lang='grc' dir='ltr'>περιϐαλόμενοι</span> <span class='ocrx_word' id='word_1_31' title='bbox 951 620 1199 690; x_wconf 76' lang='grc' dir='ltr'>ἰσχυρὰς,</span> <span class='ocrx_word' id='word_1_32' title='bbox 1243 626 1376 695; x_wconf 85' lang='grc' dir='ltr'>πρός</span> <span class='ocrx_word' id='word_1_33' title='bbox 1434 644 1492 681; x_wconf 88' lang='grc' dir='ltr'><strong>τε</strong></span> <span class='ocrx_word' id='word_1_34' title='bbox 1527 631 1656 693; x_wconf 81' lang='grc' dir='ltr'>τοὺς</span> <span class='ocrx_word' id='word_1_35' title='bbox 1692 634 1749 686; x_wconf 74' lang='grc' dir='ltr'>ἐν</span> <span class='ocrx_word' id='word_1_36' title='bbox 1800 638 1866 706; x_wconf 80' lang='grc' dir='ltr'>τῇ</span> 
     </span>
    </p>
   </div>
   <div class='ocr_carea' id='block_1_8' title="bbox 293 703 1867 793">
    <p class='ocr_par' dir='ltr' id='par_1_8' title="bbox 293 703 1867 793">
     <span class='ocr_line' id='line_1_8' title="bbox 293 703 1867 793; baseline 0.015 -38"><span class='ocrx_word' id='word_1_37' title='bbox 293 703 528 776; x_wconf 76' lang='grc' dir='ltr'>θαλάττῃ</span> <span class='ocrx_word' id='word_1_38' title='bbox 574 706 845 771; x_wconf 81' lang='grc' dir='ltr'>δυνατοὺς</span> <span class='ocrx_word' id='word_1_39' title='bbox 875 709 1169 775; x_wconf 76' lang='grc' dir='ltr'><strong>δοκοῦντας</strong></span> <span class='ocrx_word' id='word_1_40' title='bbox 1223 716 1478 783; x_wconf 82' lang='grc' dir='ltr'>γενέσθαι</span> <span class='ocrx_word' id='word_1_41' title='bbox 1533 703 1867 793; x_wconf 48' lang='grc' dir='ltr'>προενηνεγξ</span> 
     </span>
    </p>
   </div>
   <div class='ocr_carea' id='block_1_9' title="bbox 296 797 1866 876">
    <p class='ocr_par' dir='ltr' id='par_1_9' title="bbox 296 797 1866 876">
     <span class='ocr_line' id='line_1_9' title="bbox 296 797 1866 876; baseline 0.015 -29"><span class='ocrx_word' id='word_1_42' title='bbox 296 797 463 864; x_wconf 77' lang='grc' dir='ltr'>μένοι,</span> <span class='ocrx_word' id='word_1_43' title='bbox 493 798 682 868; x_wconf 82' lang='grc' dir='ltr'>φθόνῳ</span> <span class='ocrx_word' id='word_1_44' title='bbox 711 798 1093 871; x_wconf 85' lang='grc' dir='ltr'>διεπολέμουν,</span> <span class='ocrx_word' id='word_1_45' title='bbox 1135 805 1247 858; x_wconf 79' lang='grc' dir='ltr'>δέει</span> <span class='ocrx_word' id='word_1_46' title='bbox 1280 808 1369 861; x_wconf 74' lang='grc' dir='ltr'><strong>ἐπ’</strong></span> <span class='ocrx_word' id='word_1_47' title='bbox 1397 810 1595 876; x_wconf 82' lang='grc' dir='ltr'>αὐτοὺς</span> <span class='ocrx_word' id='word_1_48' title='bbox 1630 815 1721 868; x_wconf 80' lang='grc' dir='ltr'>τὸν</span> <span class='ocrx_word' id='word_1_49' title='bbox 1766 817 1866 871; x_wconf 84' lang='grc' dir='ltr'>πό·</span> 
     </span>
    </p>
   </div>
   <div class='ocr_carea' id='block_1_10' title="bbox 294 888 1868 981">
    <p class='ocr_par' dir='ltr' id='par_1_10' title="bbox 294 888 1868 981">
     <span class='ocr_line' id='line_1_10' title="bbox 294 888 1868 981; baseline 0.017 -41"><span class='ocrx_word' id='word_1_50' title='bbox 294 888 458 981; x_wconf 81' lang='grc' dir='ltr'>λεμον</span> <span class='ocrx_word' id='word_1_51' title='bbox 490 893 873 964; x_wconf 76' lang='grc' dir='ltr'><strong>ἐπιφερόντων</strong></span> <span class='ocrx_word' id='word_1_52' title='bbox 900 938 916 961; x_wconf 88' lang='grc'><strong>,</strong></span> <span class='ocrx_word' id='word_1_53' title='bbox 944 895 1021 965; x_wconf 83' lang='grc' dir='ltr'>τῷ</span> <span class='ocrx_word' id='word_1_54' title='bbox 1056 897 1233 953; x_wconf 80' lang='grc' dir='ltr'>δοκεῖν</span> <span class='ocrx_word' id='word_1_55' title='bbox 1277 902 1372 957; x_wconf 79' lang='grc' dir='ltr'><strong>ἐπὶ</strong></span> <span class='ocrx_word' id='word_1_56' title='bbox 1415 905 1561 974; x_wconf 81' lang='grc' dir='ltr'>μέγα</span> <span class='ocrx_word' id='word_1_57' title='bbox 1603 909 1704 980; x_wconf 80' lang='grc' dir='ltr'><strong>ήδη</strong></span> <span class='ocrx_word' id='word_1_58' title='bbox 1762 930 1868 981; x_wconf 86' lang='grc' dir='ltr'>χω-</span> 
     </span>
    </p>
   </div>
   <div class='ocr_carea' id='block_1_11' title="bbox 297 980 1866 1071">
    <p class='ocr_par' dir='ltr' id='par_1_11' title="bbox 297 980 1866 1071">
     <span class='ocr_line' id='line_1_11' title="bbox 297 980 1866 1071; baseline 0.015 -39"><span class='ocrx_word' id='word_1_59' title='bbox 297 980 451 1050; x_wconf 80' lang='grc' dir='ltr'>ρῆσαι</span> <span class='ocrx_word' id='word_1_60' title='bbox 477 981 786 1052; x_wconf 84' lang='grc' dir='ltr'>δυνάμεως.</span> <span class='ocrx_word' id='word_1_61' title='bbox 819 983 938 1055; x_wconf 89' lang='grc' dir='ltr'>Τήν</span> <span class='ocrx_word' id='word_1_62' title='bbox 965 1004 1025 1040; x_wconf 87' lang='grc' dir='ltr'><strong>τε</strong></span> <span class='ocrx_word' id='word_1_63' title='bbox 1082 990 1223 1060; x_wconf 75' lang='grc' dir='ltr'>πρὸς</span> <span class='ocrx_word' id='word_1_64' title='bbox 1278 993 1372 1047; x_wconf 80' lang='grc' dir='ltr'>τὸν</span> <span class='ocrx_word' id='word_1_65' title='bbox 1428 995 1615 1051; x_wconf 83' lang='grc' dir='ltr'>Ἰόνιον</span> <span class='ocrx_word' id='word_1_66' title='bbox 1677 980 1866 1071; x_wconf 82' lang='grc' dir='ltr'>χώραν</span> 
     </span>
    </p>
   </div>
   <div class='ocr_carea' id='block_1_12' title="bbox 297 1074 1863 1163">
    <p class='ocr_par' dir='ltr' id='par_1_12' title="bbox 297 1074 1863 1163">
     <span class='ocr_line' id='line_1_12' title="bbox 297 1074 1863 1163; baseline 0.015 -38"><span class='ocrx_word' id='word_1_67' title='bbox 297 1074 569 1128; x_wconf 64' lang='grc' dir='ltr'>ἐκπλέοντι</span> <span class='ocrx_word' id='word_1_68' title='bbox 603 1076 696 1129; x_wconf 80' lang='grc' dir='ltr'><strong>ἐπ’</strong></span> <span class='ocrx_word' id='word_1_69' title='bbox 730 1080 1024 1152; x_wconf 80' lang='grc' dir='ltr'>ἀριστερὰ,</span> <span class='ocrx_word' id='word_1_70' title='bbox 1056 1083 1147 1138; x_wconf 74' lang='grc' dir='ltr'><strong>ἐπ’</strong></span> <span class='ocrx_word' id='word_1_71' title='bbox 1183 1086 1353 1140; x_wconf 79' lang='grc' dir='ltr'>αὐτοῦ</span> <span class='ocrx_word' id='word_1_72' title='bbox 1403 1088 1470 1159; x_wconf 79' lang='grc' dir='ltr'>δὴ</span> <span class='ocrx_word' id='word_1_73' title='bbox 1507 1091 1602 1144; x_wconf 79' lang='grc' dir='ltr'>τοῦ</span> <span class='ocrx_word' id='word_1_74' title='bbox 1660 1095 1863 1163; x_wconf 81' lang='grc' dir='ltr'>μυχοῦ,</span> 
     </span>
    </p>
   </div>
   <div class='ocr_carea' id='block_1_13' title="bbox 299 1164 1867 1253">
    <p class='ocr_par' dir='ltr' id='par_1_13' title="bbox 299 1164 1867 1253">
     <span class='ocr_line' id='line_1_13' title="bbox 299 1164 1867 1253; baseline 0.014 -35"><span class='ocrx_word' id='word_1_75' title='bbox 299 1165 473 1235; x_wconf 76' lang='grc' dir='ltr'>χώραν</span> <span class='ocrx_word' id='word_1_76' title='bbox 504 1186 564 1221; x_wconf 87' lang='grc' dir='ltr'><strong>τε</strong></span> <span class='ocrx_word' id='word_1_77' title='bbox 593 1164 769 1223; x_wconf 79' lang='grc' dir='ltr'>οὖσαν</span> <span class='ocrx_word' id='word_1_78' title='bbox 795 1172 858 1224; x_wconf 88' lang='grc' dir='ltr'><strong>ού</strong></span> <span class='ocrx_word' id='word_1_79' title='bbox 911 1174 1149 1245; x_wconf 77' lang='grc' dir='ltr'><strong>φαύλην,</strong></span> <span class='ocrx_word' id='word_1_80' title='bbox 1180 1178 1276 1234; x_wconf 75' lang='grc' dir='ltr'>καὶ</span> <span class='ocrx_word' id='word_1_81' title='bbox 1318 1180 1505 1245; x_wconf 82' lang='grc' dir='ltr'>πόλεις</span> <span class='ocrx_word' id='word_1_82' title='bbox 1537 1184 1867 1253; x_wconf 72' lang='grc' dir='ltr'>εὐδαίμονας</span> 
     </span>
    </p>
   </div>
   <div class='ocr_carea' id='block_1_14' title="bbox 304 1258 1863 1343">
    <p class='ocr_par' dir='ltr' id='par_1_14' title="bbox 304 1258 1863 1343">
     <span class='ocr_line' id='line_1_14' title="bbox 304 1258 1863 1343; baseline 0.014 -33"><span class='ocrx_word' id='word_1_83' title='bbox 304 1258 671 1327; x_wconf 81' lang='grc' dir='ltr'>ὑπηγάγοντο,</span> <span class='ocrx_word' id='word_1_84' title='bbox 718 1263 815 1317; x_wconf 76' lang='grc' dir='ltr'><strong>ἐπὶ</strong></span> <span class='ocrx_word' id='word_1_85' title='bbox 849 1264 909 1317; x_wconf 76' lang='grc' dir='ltr'>τὸ</span> <span class='ocrx_word' id='word_1_86' title='bbox 969 1267 1198 1335; x_wconf 71' lang='grc' dir='ltr'>Αἰγαῖον</span> <span class='ocrx_word' id='word_1_87' title='bbox 1252 1270 1492 1341; x_wconf 81' lang='grc' dir='ltr'>πέλαγος</span> <span class='ocrx_word' id='word_1_88' title='bbox 1523 1276 1820 1343; x_wconf 76' lang='grc' dir='ltr'>ἀφικέσθαι</span> <span class='ocrx_word' id='word_1_89' title='bbox 1848 1294 1863 1310; x_wconf 78' lang='grc'><strong>’</strong></span> 
     </span>
    </p>
   </div>
   <div class='ocr_carea' id='block_1_15' title="bbox 303 1350 1863 1437">
    <p class='ocr_par' dir='ltr' id='par_1_15' title="bbox 303 1350 1863 1437">
     <span class='ocr_line' id='line_1_15' title="bbox 303 1350 1863 1437; baseline 0.015 -37"><span class='ocrx_word' id='word_1_90' title='bbox 303 1350 418 1413; x_wconf 84' lang='grc' dir='ltr'>τούς</span> <span class='ocrx_word' id='word_1_91' title='bbox 443 1368 500 1403; x_wconf 87' lang='grc' dir='ltr'><strong>τε</strong></span> <span class='ocrx_word' id='word_1_92' title='bbox 538 1354 870 1425; x_wconf 78' lang='grc' dir='ltr'><strong>παράπλους</strong></span> <span class='ocrx_word' id='word_1_93' title='bbox 902 1356 1071 1410; x_wconf 71' lang='grc' dir='ltr'>αὐτοῦ</span> <span class='ocrx_word' id='word_1_94' title='bbox 1124 1359 1300 1433; x_wconf 79' lang='grc' dir='ltr'>ταύτῃ</span> <span class='ocrx_word' id='word_1_95' title='bbox 1330 1368 1863 1437; x_wconf 76' lang='grc' dir='ltr'><strong>καταστρεψάμενοι,</strong></span> 
     </span>
    </p>
   </div>
   <div class='ocr_carea' id='block_1_16' title="bbox 306 1440 1867 1521">
    <p class='ocr_par' dir='ltr' id='par_1_16' title="bbox 306 1440 1867 1521">
     <span class='ocr_line' id='line_1_16' title="bbox 306 1440 1867 1521; baseline 0.013 -27"><span class='ocrx_word' id='word_1_96' title='bbox 306 1440 579 1511; x_wconf 80' lang='grc' dir='ltr'>Κέρκυράν</span> <span class='ocrx_word' id='word_1_97' title='bbox 607 1461 667 1496; x_wconf 85' lang='grc' dir='ltr'><strong>τε</strong></span> <span class='ocrx_word' id='word_1_98' title='bbox 698 1446 1070 1517; x_wconf 73' lang='grc' dir='ltr'>ἐχειρώσαντο</span> <span class='ocrx_word' id='word_1_99' title='bbox 1109 1450 1432 1521; x_wconf 86' lang='grc' dir='ltr'>σύμπασαν,</span> <span class='ocrx_word' id='word_1_100' title='bbox 1486 1458 1583 1512; x_wconf 69' lang='grc' dir='ltr'><strong>καὶ⁵</strong></span> <span class='ocrx_word' id='word_1_101' title='bbox 1635 1458 1867 1517; x_wconf 73' lang='grc' dir='ltr'>Εὔϐοιάν</span> 
     </span>
    </p>
   </div>
   <div class='ocr_carea' id='block_1_17' title="bbox 305 1537 1866 1619">
    <p class='ocr_par' dir='ltr' id='par_1_17' title="bbox 305 1537 1866 1619">
     <span class='ocr_line' id='line_1_17' title="bbox 305 1537 1866 1619; baseline 0.013 -34"><span class='ocrx_word' id='word_1_102' title='bbox 305 1550 359 1586; x_wconf 89' lang='grc' dir='ltr'><strong>τε</strong></span> <span class='ocrx_word' id='word_1_103' title='bbox 397 1537 487 1587; x_wconf 78' lang='grc' dir='ltr'>καὶ</span> <span class='ocrx_word' id='word_1_104' title='bbox 521 1538 771 1619; x_wconf 77' lang='grc' dir='ltr'>Κρήτην,</span> <span class='ocrx_word' id='word_1_105' title='bbox 809 1543 906 1595; x_wconf 69' lang='grc' dir='ltr'><strong>καὶ</strong></span> <span class='ocrx_word' id='word_1_106' title='bbox 932 1543 1353 1616; x_wconf 82' lang='grc' dir='ltr'>Πελοποννήσου</span> <span class='ocrx_word' id='word_1_107' title='bbox 1384 1550 1483 1612; x_wconf 84' lang='grc' dir='ltr'><strong>τὰς</strong></span> <span class='ocrx_word' id='word_1_108' title='bbox 1512 1550 1718 1615; x_wconf 83' lang='grc' dir='ltr'>πόλεις.</span> <span class='ocrx_word' id='word_1_109' title='bbox 1754 1553 1866 1608; x_wconf 74' lang='grc' dir='ltr'><strong>Καὶ</strong></span> 
     </span>
    </p>
   </div>
   <div class='ocr_carea' id='block_1_18' title="bbox 311 1626 1864 1714">
    <p class='ocr_par' dir='ltr' id='par_1_18' title="bbox 311 1626 1864 1714">
     <span class='ocr_line' id='line_1_18' title="bbox 311 1626 1864 1714; baseline 0.015 -38"><span class='ocrx_word' id='word_1_110' title='bbox 311 1626 394 1678; x_wconf 70' lang='grc' dir='ltr'><strong>ἐπὶ</strong></span> <span class='ocrx_word' id='word_1_111' title='bbox 420 1628 610 1696; x_wconf 80' lang='grc' dir='ltr'>Συρίαν</span> <span class='ocrx_word' id='word_1_112' title='bbox 635 1629 690 1682; x_wconf 82' lang='grc' dir='ltr'>δὲ</span> <span class='ocrx_word' id='word_1_113' title='bbox 726 1632 1057 1701; x_wconf 82' lang='grc' dir='ltr'>ἀφικόμενοι</span> <span class='ocrx_word' id='word_1_114' title='bbox 1108 1638 1305 1709; x_wconf 82' lang='grc' dir='ltr'>στόλῳ,</span> <span class='ocrx_word' id='word_1_115' title='bbox 1337 1640 1433 1693; x_wconf 59' lang='grc' dir='ltr'><strong>καὶ⁸</strong></span> <span class='ocrx_word' id='word_1_116' title='bbox 1478 1644 1738 1714; x_wconf 78' lang='grc' dir='ltr'>Κυρήνην</span> <span class='ocrx_word' id='word_1_117' title='bbox 1764 1646 1864 1699; x_wconf 75' lang='grc' dir='ltr'>πό-</span> 
     </span>
    </p>
   </div>
   <div class='ocr_carea' id='block_1_19' title="bbox 311 1717 1865 1799">
    <p class='ocr_par' dir='ltr' id='par_1_19' title="bbox 311 1717 1865 1799">
     <span class='ocr_line' id='line_1_19' title="bbox 311 1717 1865 1799; baseline 0.015 -31"><span class='ocrx_word' id='word_1_118' title='bbox 311 1717 388 1770; x_wconf 81' lang='grc' dir='ltr'><strong>λιν</strong></span> <span class='ocrx_word' id='word_1_119' title='bbox 417 1719 501 1787; x_wconf 75' lang='grc' dir='ltr'><strong>ὑφ’</strong></span> <span class='ocrx_word' id='word_1_120' title='bbox 554 1721 735 1785; x_wconf 79' lang='grc' dir='ltr'>αὐτοῖς</span> <span class='ocrx_word' id='word_1_121' title='bbox 784 1726 1171 1795; x_wconf 86' lang='grc' dir='ltr'>ποιησάμενοι,</span> <span class='ocrx_word' id='word_1_122' title='bbox 1212 1732 1426 1799; x_wconf 85' lang='grc' dir='ltr'>μεγάλα</span> <span class='ocrx_word' id='word_1_123' title='bbox 1481 1734 1865 1791; x_wconf 81' lang='grc' dir='ltr'>ύπεδείκνυντο</span> 
     </span>
    </p>
   </div>
   <div class='ocr_carea' id='block_1_20' title="bbox 316 1811 1863 1901">
    <p class='ocr_par' dir='ltr' id='par_1_20' title="bbox 316 1811 1863 1901">
     <span class='ocr_line' id='line_1_20' title="bbox 316 1811 1863 1901; baseline 0.026 -56"><span class='ocrx_word' id='word_1_124' title='bbox 316 1811 469 1879; x_wconf 57' lang='grc' dir='ltr'>ἐργα,</span> <span class='ocrx_word' id='word_1_125' title='bbox 524 1814 652 1882; x_wconf 70' lang='grc' dir='ltr'>πρός</span> <span class='ocrx_word' id='word_1_126' title='bbox 710 1833 768 1868; x_wconf 87' lang='grc' dir='ltr'><strong>τε</strong></span> <span class='ocrx_word' id='word_1_127' title='bbox 833 1817 964 1879; x_wconf 76' lang='grc' dir='ltr'>τοὺς</span> <span class='ocrx_word' id='word_1_128' title='bbox 1028 1818 1341 1892; x_wconf 77' lang='grc' dir='ltr'>βαρϐάρους</span> <span class='ocrx_word' id='word_1_129' title='bbox 1395 1825 1568 1897; x_wconf 77' lang='grc' dir='ltr'>ταύτῃ</span> <span class='ocrx_word' id='word_1_130' title='bbox 1622 1829 1863 1901; x_wconf 85' lang='grc' dir='ltr'>πολλαχῆ</span> 
     </span>
    </p>
   </div>
   <div class='ocr_carea' id='block_1_21' title="bbox 324 1901 1864 1990">
    <p class='ocr_par' dir='ltr' id='par_1_21' title="bbox 324 1901 1864 1990">
     <span class='ocr_line' id='line_1_21' title="bbox 324 1901 1864 1990; baseline 0.014 -36"><span class='ocrx_word' id='word_1_131' title='bbox 324 1901 863 1977; x_wconf 82' lang='grc' dir='ltr'>διαναυμαχήσαντες,</span> <span class='ocrx_word' id='word_1_132' title='bbox 927 1912 1023 1965; x_wconf 75' lang='grc' dir='ltr'>καὶ</span> <span class='ocrx_word' id='word_1_133' title='bbox 1064 1914 1165 1983; x_wconf 80' lang='grc' dir='ltr'>τῆς</span> <span class='ocrx_word' id='word_1_134' title='bbox 1242 1915 1521 1988; x_wconf 85' lang='grc' dir='ltr'>Θαλάσσης</span> <span class='ocrx_word' id='word_1_135' title='bbox 1572 1920 1672 1990; x_wconf 81' lang='grc' dir='ltr'>τῆς</span> <span class='ocrx_word' id='word_1_136' title='bbox 1712 1924 1864 1987; x_wconf 77' lang='grc' dir='ltr'>ἐντὸς</span> 
     </span>
    </p>
   </div>
   <div class='ocr_carea' id='block_1_22' title="bbox 342 1993 1863 2076">
    <p class='ocr_par' dir='ltr' id='par_1_22' title="bbox 342 1993 1863 2076">
     <span class='ocr_line' id='line_1_22' title="bbox 342 1993 1863 2076; baseline 0.015 -30"><span class='ocrx_word' id='word_1_137' title='bbox 342 1993 654 2064; x_wconf 71' lang='grc' dir='ltr'>Ἡρακλείων</span> <span class='ocrx_word' id='word_1_138' title='bbox 689 2002 893 2067; x_wconf 74' lang='grc' dir='ltr'>στηλῶν</span> <span class='ocrx_word' id='word_1_139' title='bbox 939 2004 1441 2076; x_wconf 75' lang='grc' dir='ltr'>ἐπικρατήσαντες,</span> <span class='ocrx_word' id='word_1_140' title='bbox 1486 2015 1629 2066; x_wconf 86' lang='grc' dir='ltr'>κατά</span> <span class='ocrx_word' id='word_1_141' title='bbox 1665 2031 1723 2067; x_wconf 75' lang='grc' dir='ltr'><strong>τε</strong></span> <span class='ocrx_word' id='word_1_142' title='bbox 1756 2015 1863 2067; x_wconf 70' lang='lat' dir='ltr'><strong>E6-</strong></span> 
     </span>
    </p>
   </div>
   <div class='ocr_carea' id='block_1_23' title="bbox 336 2083 1864 2169">
    <p class='ocr_par' dir='ltr' id='par_1_23' title="bbox 336 2083 1864 2169">
     <span class='ocr_line' id='line_1_23' title="bbox 336 2083 1864 2169; baseline 0.016 -34"><span class='ocrx_word' id='word_1_143' title='bbox 336 2083 535 2154; x_wconf 84' lang='grc' dir='ltr'>ρὼπην.</span> <span class='ocrx_word' id='word_1_144' title='bbox 565 2089 693 2155; x_wconf 72' lang='grc' dir='ltr'>πρὸς</span> <span class='ocrx_word' id='word_1_145' title='bbox 716 2091 834 2151; x_wconf 77' lang='grc' dir='ltr'>τοὺς</span> <span class='ocrx_word' id='word_1_146' title='bbox 857 2094 916 2145; x_wconf 78' lang='grc' dir='ltr'>ἐν</span> <span class='ocrx_word' id='word_1_147' title='bbox 951 2096 1020 2165; x_wconf 83' lang='grc' dir='ltr'><strong>τῇ</strong></span> <span class='ocrx_word' id='word_1_148' title='bbox 1082 2095 1321 2169; x_wconf 83' lang='grc' dir='ltr'>θαλάττῃ</span> <span class='ocrx_word' id='word_1_149' title='bbox 1363 2099 1660 2165; x_wconf 80' lang='grc' dir='ltr'>δοκοῦντας</span> <span class='ocrx_word' id='word_1_150' title='bbox 1705 2103 1864 2158; x_wconf 88' lang='grc' dir='ltr'>δύνα-</span> 
     </span>
    </p>
   </div>
   <div class='ocr_carea' id='block_1_24' title="bbox 328 2176 1864 2269">
    <p class='ocr_par' dir='ltr' id='par_1_24' title="bbox 328 2176 1864 2269">
     <span class='ocr_line' id='line_1_24' title="bbox 328 2176 1864 2269; baseline 0.016 -40"><span class='ocrx_word' id='word_1_151' title='bbox 328 2176 444 2230; x_wconf 84' lang='grc' dir='ltr'>σθαι</span> <span class='ocrx_word' id='word_1_152' title='bbox 472 2180 639 2232; x_wconf 78' lang='grc' dir='ltr'>ὁτιοῦν</span> <span class='ocrx_word' id='word_1_153' title='bbox 678 2182 1053 2255; x_wconf 79' lang='grc' dir='ltr'>διεπολέμουν.</span> <span class='ocrx_word' id='word_1_154' title='bbox 1092 2189 1202 2243; x_wconf 76' lang='grc' dir='ltr'><strong>Καὶ</strong></span> <span class='ocrx_word' id='word_1_155' title='bbox 1255 2192 1489 2258; x_wconf 84' lang='grc' dir='ltr'>Ἰταλίας</span> <span class='ocrx_word' id='word_1_156' title='bbox 1548 2197 1731 2265; x_wconf 74' lang='grc' dir='ltr'>μέντοι</span> <span class='ocrx_word' id='word_1_157' title='bbox 1765 2199 1864 2269; x_wconf 81' lang='grc' dir='ltr'>τῆς</span> 
     </span>
    </p>
   </div>
   <div class='ocr_carea' id='block_1_25' title="bbox 319 2269 1863 2357">
    <p class='ocr_par' dir='ltr' id='par_1_25' title="bbox 319 2269 1863 2357">
     <span class='ocr_line' id='line_1_25' title="bbox 319 2269 1863 2357; baseline 0.015 -37"><span class='ocrx_word' id='word_1_158' title='bbox 319 2269 588 2339; x_wconf 65' lang='grc' dir='ltr'>παράπλου</span> <span class='ocrx_word' id='word_1_159' title='bbox 621 2273 774 2328; x_wconf 74' lang='grc' dir='ltr'>οὐδὲν</span> <span class='ocrx_word' id='word_1_160' title='bbox 824 2277 851 2329; x_wconf 83' lang='grc' dir='ltr'><strong>ὅ</strong></span> <span class='ocrx_word' id='word_1_161' title='bbox 879 2294 933 2331; x_wconf 90' lang='grc' dir='ltr'><strong>τι</strong></span> <span class='ocrx_word' id='word_1_162' title='bbox 983 2281 1079 2332; x_wconf 76' lang='grc' dir='ltr'>καὶ</span> <span class='ocrx_word' id='word_1_163' title='bbox 1104 2280 1255 2345; x_wconf 78' lang='grc' dir='ltr'>ἄξιον</span> <span class='ocrx_word' id='word_1_164' title='bbox 1288 2283 1450 2352; x_wconf 86' lang='grc' dir='ltr'>λόγου</span> <span class='ocrx_word' id='word_1_165' title='bbox 1509 2287 1863 2357; x_wconf 80' lang='grc' dir='ltr'>ὑπηγάγοντο</span> 
     </span>
    </p>
   </div>
   <div class='ocr_carea' id='block_1_26' title="bbox 316 2361 1864 2447">
    <p class='ocr_par' dir='ltr' id='par_1_26' title="bbox 316 2361 1864 2447">
     <span class='ocr_line' id='line_1_26' title="bbox 316 2361 1864 2447; baseline 0.016 -36"><span class='ocrx_word' id='word_1_166' title='bbox 316 2361 507 2427; x_wconf 75' lang='grc' dir='ltr'>σφίσιν,</span> <span class='ocrx_word' id='word_1_167' title='bbox 538 2364 712 2436; x_wconf 84' lang='grc' dir='ltr'>ὅτιμὴ</span> <span class='ocrx_word' id='word_1_168' title='bbox 757 2366 1051 2439; x_wconf 72' lang='grc' dir='ltr'>Ῥαϐέννην</span> <span class='ocrx_word' id='word_1_169' title='bbox 1088 2372 1246 2429; x_wconf 86' lang='grc' dir='ltr'>πόλιν</span> <span class='ocrx_word' id='word_1_170' title='bbox 1293 2376 1612 2447; x_wconf 78' lang='grc' dir='ltr'>εὐδαίμονα,</span> <span class='ocrx_word' id='word_1_171' title='bbox 1672 2380 1864 2435; x_wconf 88' lang='grc' dir='ltr'>τελευ-</span> 
     </span>
    </p>
   </div>
   <div class='ocr_carea' id='block_1_27' title="bbox 312 2453 1864 2540">
    <p class='ocr_par' dir='ltr' id='par_1_27' title="bbox 312 2453 1864 2540">
     <span class='ocr_line' id='line_1_27' title="bbox 312 2453 1864 2540; baseline 0.015 -37"><span class='ocrx_word' id='word_1_172' title='bbox 312 2453 565 2521; x_wconf 77' lang='grc' dir='ltr'>τήσαντος</span> <span class='ocrx_word' id='word_1_173' title='bbox 588 2456 675 2510; x_wconf 80' lang='grc' dir='ltr'><strong>τοῦ</strong></span> <span class='ocrx_word' id='word_1_174' title='bbox 699 2459 757 2511; x_wconf 76' lang='grc' dir='ltr'>ὲν</span> <span class='ocrx_word' id='word_1_175' title='bbox 806 2461 944 2531; x_wconf 69' lang='grc' dir='ltr'>αὐτῇ</span> <span class='ocrx_word' id='word_1_176' title='bbox 980 2463 1273 2533; x_wconf 67' lang='grc' dir='ltr'>ἡγεμόνος,</span> <span class='ocrx_word' id='word_1_177' title='bbox 1318 2464 1407 2520; x_wconf 82' lang='grc' dir='ltr'><strong>διὰ</strong></span> <span class='ocrx_word' id='word_1_178' title='bbox 1463 2467 1523 2522; x_wconf 85' lang='grc' dir='ltr'>τὸ</span> <span class='ocrx_word' id='word_1_179' title='bbox 1575 2470 1650 2540; x_wconf 81' lang='grc' dir='ltr'>μὴ</span> <span class='ocrx_word' id='word_1_180' title='bbox 1693 2472 1753 2534; x_wconf 77' lang='grc' dir='ltr'>ὲς</span> <span class='ocrx_word' id='word_1_181' title='bbox 1803 2472 1864 2525; x_wconf 85' lang='grc' dir='ltr'>τὸ</span> 
     </span>
    </p>
   </div>
   <div class='ocr_carea' id='block_1_28' title="bbox 311 2541 1864 2631">
    <p class='ocr_par' dir='ltr' id='par_1_28' title="bbox 311 2541 1864 2631">
     <span class='ocr_line' id='line_1_28' title="bbox 311 2541 1864 2631; baseline 0.016 -39"><span class='ocrx_word' id='word_1_182' title='bbox 311 2541 571 2631; x_wconf 79' lang='grc' dir='ltr'>όμόφυλον</span> <span class='ocrx_word' id='word_1_183' title='bbox 609 2547 744 2603; x_wconf 74' lang='grc' dir='ltr'>ἰέναι</span> <span class='ocrx_word' id='word_1_184' title='bbox 779 2551 1025 2622; x_wconf 77' lang='grc' dir='ltr'>πολέμῳ,</span> <span class='ocrx_word' id='word_1_185' title='bbox 1059 2555 1176 2607; x_wconf 83' lang='grc' dir='ltr'>ἀλλ’</span> <span class='ocrx_word' id='word_1_186' title='bbox 1209 2556 1305 2609; x_wconf 71' lang='grc' dir='ltr'><strong>ἐπὶ</strong></span> <span class='ocrx_word' id='word_1_187' title='bbox 1359 2558 1489 2623; x_wconf 78' lang='grc' dir='ltr'>τοὺς</span> <span class='ocrx_word' id='word_1_188' title='bbox 1528 2560 1864 2631; x_wconf 80' lang='grc' dir='ltr'>ἀλλοφύλους</span> 
     </span>
    </p>
   </div>
   <div class='ocr_carea' id='block_1_29' title="bbox 312 2630 1865 2721">
    <p class='ocr_par' dir='ltr' id='par_1_29' title="bbox 312 2630 1865 2721">
     <span class='ocr_line' id='line_1_29' title="bbox 312 2630 1865 2721; baseline 0.018 -39"><span class='ocrx_word' id='word_1_189' title='bbox 312 2630 697 2708; x_wconf 75' lang='grc' dir='ltr'>δταναυμαχεῖν.</span> <span class='ocrx_word' id='word_1_190' title='bbox 740 2641 1123 2713; x_wconf 72' lang='grc' dir='ltr'>Ἐπολέμησαν</span> <span class='ocrx_word' id='word_1_191' title='bbox 1149 2647 1203 2701; x_wconf 82' lang='grc' dir='ltr'>δὲ</span> <span class='ocrx_word' id='word_1_192' title='bbox 1257 2639 1403 2704; x_wconf 77' lang='grc' dir='ltr'>οὗτοι</span> <span class='ocrx_word' id='word_1_193' title='bbox 1462 2652 1600 2721; x_wconf 88' lang='grc' dir='ltr'>πρός</span> <span class='ocrx_word' id='word_1_194' title='bbox 1634 2630 1691 2707; x_wconf 85' lang='grc' dir='ltr'><strong>τε</strong></span> <span class='ocrx_word' id='word_1_195' title='bbox 1737 2656 1865 2719; x_wconf 77' lang='grc' dir='ltr'>τοὺς</span> 
     </span>
    </p>
   </div>
   <div class='ocr_carea' id='block_1_30' title="bbox 311 2723 1919 2818">
    <p class='ocr_par' dir='ltr' id='par_1_30' title="bbox 311 2723 1919 2818">
     <span class='ocr_line' id='line_1_30' title="bbox 311 2723 1919 2818; baseline 0.018 -43"><span class='ocrx_word' id='word_1_196' title='bbox 311 2723 583 2796; x_wconf 76' lang='grc' dir='ltr'>Ἕλληνας,</span> <span class='ocrx_word' id='word_1_197' title='bbox 650 2736 745 2787; x_wconf 65' lang='grc' dir='ltr'>καὶ</span> <span class='ocrx_word' id='word_1_198' title='bbox 794 2738 1105 2808; x_wconf 83' lang='grc' dir='ltr'>ναυμαχίας</span> <span class='ocrx_word' id='word_1_199' title='bbox 1164 2743 1603 2813; x_wconf 80' lang='grc' dir='ltr'>περιγενόμενοι,</span> <span class='ocrx_word' id='word_1_200' title='bbox 1654 2748 1755 2818; x_wconf 88' lang='grc' dir='ltr'><strong>τήν</strong></span> <span class='ocrx_word' id='word_1_201' title='bbox 1802 2767 1863 2803; x_wconf 82' lang='grc' dir='ltr'><strong>τε</strong></span> <span class='ocrx_word' id='word_1_202' title='bbox 1907 2753 1919 2762; x_wconf 85' lang='grc'><em>’</em></span> 
     </span>
    </p>
   </div>
   <div class='ocr_carea' id='block_1_31' title="bbox 306 2822 1866 2908">
    <p class='ocr_par' dir='ltr' id='par_1_31' title="bbox 306 2822 1866 2908">
     <span class='ocr_line' id='line_1_31' title="bbox 306 2822 1866 2908; baseline 0.017 -39"><span class='ocrx_word' id='word_1_203' title='bbox 306 2822 629 2888; x_wconf 73' lang='grc' dir='ltr'>μητρόπολιν</span> <span class='ocrx_word' id='word_1_204' title='bbox 668 2825 1060 2898; x_wconf 77' lang='grc' dir='ltr'>ἐχειρώσαντο,</span> <span class='ocrx_word' id='word_1_205' title='bbox 1120 2833 1504 2904; x_wconf 69' lang='grc' dir='ltr'>ἐπισπομένων</span> <span class='ocrx_word' id='word_1_206' title='bbox 1564 2840 1719 2908; x_wconf 82' lang='grc' dir='ltr'>σφίσι</span> <span class='ocrx_word' id='word_1_207' title='bbox 1772 2840 1866 2895; x_wconf 69' lang='grc' dir='ltr'>καὶ</span> 
     </span>
    </p>
   </div>
   <div class='ocr_carea' id='block_1_32' title="bbox 305 2910 1866 2998">
    <p class='ocr_par' dir='ltr' id='par_1_32' title="bbox 305 2910 1866 2998">
     <span class='ocr_line' id='line_1_32' title="bbox 305 2910 1866 2998; baseline 0.017 -37"><span class='ocrx_word' id='word_1_208' title='bbox 305 2910 563 2983; x_wconf 79' lang='grc' dir='ltr'>ἑσπερίων</span> <span class='ocrx_word' id='word_1_209' title='bbox 593 2919 838 2988; x_wconf 83' lang='grc' dir='ltr'>συχνῶν.</span> <span class='ocrx_word' id='word_1_210' title='bbox 884 2921 1309 2994; x_wconf 78' lang='grc' dir='ltr'>Ἐξηγουμένων</span> <span class='ocrx_word' id='word_1_211' title='bbox 1341 2927 1387 2981; x_wconf 79' lang='grc' dir='ltr'>δ’</span> <span class='ocrx_word' id='word_1_212' title='bbox 1417 2929 1599 2984; x_wconf 75' lang='grc' dir='ltr'>αὐτῶν</span> <span class='ocrx_word' id='word_1_213' title='bbox 1624 2932 1720 2986; x_wconf 73' lang='grc' dir='ltr'><strong>ἐπὶ</strong></span> <span class='ocrx_word' id='word_1_214' title='bbox 1737 2934 1866 2998; x_wconf 79' lang='grc' dir='ltr'>τοὺς</span> 
     </span>
    </p>
   </div>
   <div class='ocr_carea' id='block_1_33' title="bbox 305 3002 1861 3095">
    <p class='ocr_par' dir='ltr' id='par_1_33' title="bbox 305 3002 1861 3095">
     <span class='ocr_line' id='line_1_33' title="bbox 305 3002 1861 3095; baseline 0.015 -39"><span class='ocrx_word' id='word_1_215' title='bbox 305 3002 575 3077; x_wconf 82' lang='grc' dir='ltr'>Ἕλληνας,</span> <span class='ocrx_word' id='word_1_216' title='bbox 616 3012 710 3063; x_wconf 80' lang='grc' dir='ltr'>καὶ</span> <span class='ocrx_word' id='word_1_217' title='bbox 731 3012 809 3074; x_wconf 87' lang='grc' dir='ltr'>ὼς</span> <span class='ocrx_word' id='word_1_218' title='bbox 852 3014 947 3085; x_wconf 74' lang='grc' dir='ltr'>τῆς</span> <span class='ocrx_word' id='word_1_219' title='bbox 982 3016 1218 3087; x_wconf 69' lang='grc' dir='ltr'>ἠπείρου</span> <span class='ocrx_word' id='word_1_220' title='bbox 1251 3019 1571 3090; x_wconf 83' lang='grc' dir='ltr'>ἀντέχεσθαι</span> <span class='ocrx_word' id='word_1_221' title='bbox 1604 3024 1861 3095; x_wconf 72' lang='grc' dir='ltr'>ἤρξαντο,</span> 
     </span>
    </p>
   </div>
   <div class='ocr_carea' id='block_1_34' title="bbox 1970 550 3548 623">
    <p class='ocr_par' dir='ltr' id='par_1_34' title="bbox 1970 550 3548 623">
     <span class='ocr_line' id='line_1_34' title="bbox 1970 550 3548 623; baseline 0.008 -24"><span class='ocrx_word' id='word_1_222' title='bbox 1970 559 2206 614; x_wconf 91' lang='lat' dir='ltr'><strong>morum,</strong></span> <span class='ocrx_word' id='word_1_223' title='bbox 2236 561 2446 603; x_wconf 85' lang='lat' dir='ltr'><strong>necnon</strong></span> <span class='ocrx_word' id='word_1_224' title='bbox 2478 550 2800 619; x_wconf 89' lang='lat' dir='ltr'><strong>templorum</strong></span> <span class='ocrx_word' id='word_1_225' title='bbox 2832 554 3235 623; x_wconf 80' lang='lat' dir='ltr'><strong>magniﬁcentia</strong></span> <span class='ocrx_word' id='word_1_226' title='bbox 3274 553 3548 611; x_wconf 68' lang='lat' dir='ltr'><strong>condeco~</strong></span> 
     </span>
    </p>
   </div>
   <div class='ocr_carea' id='block_1_35' title="bbox 1972 637 3545 714">
    <p class='ocr_par' dir='ltr' id='par_1_35' title="bbox 1972 637 3545 714">
     <span class='ocr_line' id='line_1_35' title="bbox 1972 637 3545 714; baseline 0.008 -23"><span class='ocrx_word' id='word_1_227' title='bbox 1972 648 2185 694; x_wconf 89' lang='lat' dir='ltr'><strong>rarunt.</strong></span> <span class='ocrx_word' id='word_1_228' title='bbox 2223 637 2502 697; x_wconf 88' lang='lat' dir='ltr'><strong>Triremes</strong></span> <span class='ocrx_word' id='word_1_229' title='bbox 2528 651 2850 699; x_wconf 81' lang='lat' dir='ltr'><strong>exstruxere</strong></span> <span class='ocrx_word' id='word_1_230' title='bbox 2880 644 2987 699; x_wconf 90' lang='lat' dir='ltr'><strong>non</strong></span> <span class='ocrx_word' id='word_1_231' title='bbox 3028 648 3296 714; x_wconf 87' lang='lat' dir='ltr'><strong>modicas,</strong></span> <span class='ocrx_word' id='word_1_232' title='bbox 3333 657 3386 703; x_wconf 92' lang='lat' dir='ltr'><strong>et</strong></span> <span class='ocrx_word' id='word_1_233' title='bbox 3416 663 3545 703; x_wconf 85' lang='lat' dir='ltr'><strong>mu-</strong></span> 
     </span>
    </p>
   </div>
   <div class='ocr_carea' id='block_1_36' title="bbox 1969 730 3548 795">
    <p class='ocr_par' dir='ltr' id='par_1_36' title="bbox 1969 730 3548 795">
     <span class='ocr_line' id='line_1_36' title="bbox 1969 730 3548 795; baseline 0.005 -10"><span class='ocrx_word' id='word_1_234' title='bbox 1969 730 2223 787; x_wconf 89' lang='lat' dir='ltr'><strong>nimentis</strong></span> <span class='ocrx_word' id='word_1_235' title='bbox 2252 747 2310 787; x_wconf 87' lang='lat' dir='ltr'><strong>se</strong></span> <span class='ocrx_word' id='word_1_236' title='bbox 2336 733 2707 789; x_wconf 91' lang='lat' dir='ltr'><strong>communiere</strong></span> <span class='ocrx_word' id='word_1_237' title='bbox 2739 736 3094 792; x_wconf 76' lang='lat' dir='ltr'><strong>firmissimis.</strong></span> <span class='ocrx_word' id='word_1_238' title='bbox 3148 741 3351 794; x_wconf 88' lang='lat' dir='ltr'><strong>Deinde</strong></span> <span class='ocrx_word' id='word_1_239' title='bbox 3375 740 3548 795; x_wconf 86' lang='lat' dir='ltr'><strong>ambi—</strong></span> 
     </span>
    </p>
   </div>
   <div class='ocr_carea' id='block_1_37' title="bbox 1970 822 3545 896">
    <p class='ocr_par' dir='ltr' id='par_1_37' title="bbox 1970 822 3545 896">
     <span class='ocr_line' id='line_1_37' title="bbox 1970 822 3545 896; baseline 0.006 -21"><span class='ocrx_word' id='word_1_240' title='bbox 1970 822 2122 879; x_wconf 87' lang='lat' dir='ltr'><strong>tione</strong></span> <span class='ocrx_word' id='word_1_241' title='bbox 2157 825 2314 890; x_wconf 85' lang='lat' dir='ltr'><strong>moti,</strong></span> <span class='ocrx_word' id='word_1_242' title='bbox 2348 824 2563 880; x_wconf 89' lang='lat' dir='ltr'><strong>navalia</strong></span> <span class='ocrx_word' id='word_1_243' title='bbox 2600 826 2758 895; x_wconf 84' lang='grc' dir='ltr'><strong>ιοο</strong></span> <span class='ocrx_word' id='word_1_244' title='bbox 2782 828 2966 896; x_wconf 79' lang='lat' dir='ltr'><strong>praelia</strong></span> <span class='ocrx_word' id='word_1_245' title='bbox 2990 832 3545 888; x_wconf 85' lang='lat' dir='ltr'><strong>committebantcum</strong></span> 
     </span>
    </p>
   </div>
   <div class='ocr_carea' id='block_1_38' title="bbox 1970 914 3548 990">
    <p class='ocr_par' dir='ltr' id='par_1_38' title="bbox 1970 914 3548 990">
     <span class='ocr_line' id='line_1_38' title="bbox 1970 914 3548 990; baseline 0.006 -22"><span class='ocrx_word' id='word_1_246' title='bbox 1970 914 2036 968; x_wconf 86' lang='lat' dir='ltr'><strong>iis</strong></span> <span class='ocrx_word' id='word_1_247' title='bbox 2060 915 2153 983; x_wconf 89' lang='lat' dir='ltr'><strong>qui</strong></span> <span class='ocrx_word' id='word_1_248' title='bbox 2185 914 2343 985; x_wconf 79' lang='lat' dir='ltr'><strong>longe</strong></span> <span class='ocrx_word' id='word_1_249' title='bbox 2372 916 2589 985; x_wconf 79' lang='lat' dir='ltr'><strong>lateque</strong></span> <span class='ocrx_word' id='word_1_250' title='bbox 2613 918 2792 972; x_wconf 87' lang='lat' dir='ltr'><strong>navali</strong></span> <span class='ocrx_word' id='word_1_251' title='bbox 2851 919 3020 990; x_wconf 76' lang='lat' dir='ltr'><strong>gloria</strong></span> <span class='ocrx_word' id='word_1_252' title='bbox 3081 934 3375 977; x_wconf 89' lang='lat' dir='ltr'><strong>coruscare</strong></span> <span class='ocrx_word' id='word_1_253' title='bbox 3398 926 3548 978; x_wconf 87' lang='lat' dir='ltr'><strong>vide-</strong></span> 
     </span>
    </p>
   </div>
   <div class='ocr_carea' id='block_1_39' title="bbox 1968 1004 3547 1078">
    <p class='ocr_par' dir='ltr' id='par_1_39' title="bbox 1968 1004 3547 1078">
     <span class='ocr_line' id='line_1_39' title="bbox 1968 1004 3547 1078; baseline 0.006 -20"><span class='ocrx_word' id='word_1_254' title='bbox 1968 1004 2189 1059; x_wconf 86' lang='lat' dir='ltr'><strong>bantur.</strong></span> <span class='ocrx_word' id='word_1_255' title='bbox 2228 1006 2405 1060; x_wconf 81' lang='lat' dir='ltr'><strong>Etiam</strong></span> <span class='ocrx_word' id='word_1_256' title='bbox 2438 1006 2489 1059; x_wconf 91' lang='lat' dir='ltr'><strong>hi</strong></span> <span class='ocrx_word' id='word_1_257' title='bbox 2531 1021 2764 1075; x_wconf 87' lang='lat' dir='ltr'><strong>quorum</strong></span> <span class='ocrx_word' id='word_1_258' title='bbox 2811 1011 3049 1078; x_wconf 88' lang='lat' dir='ltr'><strong>potentia</strong></span> <span class='ocrx_word' id='word_1_259' title='bbox 3104 1011 3247 1065; x_wconf 89' lang='lat' dir='ltr'><strong>mari</strong></span> <span class='ocrx_word' id='word_1_260' title='bbox 3313 1015 3547 1068; x_wconf 80' lang='lat' dir='ltr'><strong>maxima</strong></span> 
     </span>
    </p>
   </div>
   <div class='ocr_carea' id='block_1_40' title="bbox 1967 1097 3548 1160">
    <p class='ocr_par' dir='ltr' id='par_1_40' title="bbox 1967 1097 3548 1160">
     <span class='ocr_line' id='line_1_40' title="bbox 1967 1097 3548 1160; baseline 0.004 -10"><span class='ocrx_word' id='word_1_261' title='bbox 1967 1105 2106 1160; x_wconf 86' lang='lat' dir='ltr'><strong>erat,</strong></span> <span class='ocrx_word' id='word_1_262' title='bbox 2148 1099 2467 1152; x_wconf 90' lang='lat' dir='ltr'><strong>metuebant</strong></span> <span class='ocrx_word' id='word_1_263' title='bbox 2503 1097 2829 1153; x_wconf 84' lang='lat' dir='ltr'><strong>Venetorum</strong></span> <span class='ocrx_word' id='word_1_264' title='bbox 2883 1101 3152 1157; x_wconf 84' lang='lat' dir='ltr'><strong>lacessere</strong></span> <span class='ocrx_word' id='word_1_265' title='bbox 3178 1116 3326 1156; x_wconf 88' lang='lat' dir='ltr'><strong>arma</strong></span> <span class='ocrx_word' id='word_1_266' title='bbox 3363 1119 3378 1158; x_wconf 87' lang='lat'><strong>:</strong></span> <span class='ocrx_word' id='word_1_267' title='bbox 3412 1104 3548 1157; x_wconf 89' lang='lat' dir='ltr'><strong>adeo</strong></span> 
     </span>
    </p>
   </div>
   <div class='ocr_carea' id='block_1_41' title="bbox 1969 1189 3545 1263">
    <p class='ocr_par' dir='ltr' id='par_1_41' title="bbox 1969 1189 3545 1263">
     <span class='ocr_line' id='line_1_41' title="bbox 1969 1189 3545 1263; baseline 0.004 -22"><span class='ocrx_word' id='word_1_268' title='bbox 1969 1203 2166 1257; x_wconf 75' lang='lat' dir='ltr'><strong>magna</strong></span> <span class='ocrx_word' id='word_1_269' title='bbox 2202 1189 2288 1243; x_wconf 91' lang='lat' dir='ltr'><strong>his</strong></span> <span class='ocrx_word' id='word_1_270' title='bbox 2327 1200 2641 1247; x_wconf 80' lang='lat' dir='ltr'><strong>accesserat</strong></span> <span class='ocrx_word' id='word_1_271' title='bbox 2700 1192 2964 1260; x_wconf 89' lang='lat' dir='ltr'><strong>potentia.</strong></span> <span class='ocrx_word' id='word_1_272' title='bbox 3012 1190 3309 1263; x_wconf 81' lang='lat' dir='ltr'><strong>Regionem</strong></span> <span class='ocrx_word' id='word_1_273' title='bbox 3365 1202 3545 1248; x_wconf 90' lang='lat' dir='ltr'><strong>autem</strong></span> 
     </span>
    </p>
   </div>
   <div class='ocr_carea' id='block_1_42' title="bbox 1972 1280 3549 1354">
    <p class='ocr_par' dir='ltr' id='par_1_42' title="bbox 1972 1280 3549 1354">
     <span class='ocr_line' id='line_1_42' title="bbox 1972 1280 3549 1354; baseline 0.003 -18"><span class='ocrx_word' id='word_1_274' title='bbox 1972 1280 2714 1352; x_wconf 71' lang='lat' dir='ltr'><strong>haudinfrugileram,qu:e</strong></span> <span class='ocrx_word' id='word_1_275' title='bbox 2764 1284 3047 1354; x_wconf 77' lang='lat' dir='ltr'><strong>naviganti</strong></span> <span class='ocrx_word' id='word_1_276' title='bbox 3098 1301 3126 1339; x_wconf 92' lang='lat' dir='ltr'><strong>a</strong></span> <span class='ocrx_word' id='word_1_277' title='bbox 3177 1286 3298 1340; x_wconf 87' lang='lat' dir='ltr'><strong>sinu</strong></span> <span class='ocrx_word' id='word_1_278' title='bbox 3358 1301 3549 1340; x_wconf 87' lang='lat' dir='ltr'><strong>versus</strong></span> 
     </span>
    </p>
   </div>
   <div class='ocr_carea' id='block_1_43' title="bbox 1968 1373 3547 1447">
    <p class='ocr_par' dir='ltr' id='par_1_43' title="bbox 1968 1373 3547 1447">
     <span class='ocr_line' id='line_1_43' title="bbox 1968 1373 3547 1447; baseline 0.005 -22"><span class='ocrx_word' id='word_1_279' title='bbox 1968 1373 2178 1427; x_wconf 83' lang='lat' dir='ltr'><strong>Ionium</strong></span> <span class='ocrx_word' id='word_1_280' title='bbox 2218 1374 2496 1428; x_wconf 90' lang='lat' dir='ltr'><strong>asinistra</strong></span> <span class='ocrx_word' id='word_1_281' title='bbox 2531 1384 2635 1441; x_wconf 88' lang='lat' dir='ltr'><strong>est,</strong></span> <span class='ocrx_word' id='word_1_282' title='bbox 2684 1377 2920 1432; x_wconf 82' lang='lat' dir='ltr'><strong>eturhes</strong></span> <span class='ocrx_word' id='word_1_283' title='bbox 2967 1377 3253 1444; x_wconf 89' lang='lat' dir='ltr'><strong>opulentas</strong></span> <span class='ocrx_word' id='word_1_284' title='bbox 3309 1378 3547 1447; x_wconf 61' lang='lat' dir='ltr'><strong>subegeo</strong></span> 
     </span>
    </p>
   </div>
   <div class='ocr_carea' id='block_1_44' title="bbox 1967 1465 3545 1543">
    <p class='ocr_par' dir='ltr' id='par_1_44' title="bbox 1967 1465 3545 1543">
     <span class='ocr_line' id='line_1_44' title="bbox 1967 1465 3545 1543; baseline 0.002 -22"><span class='ocrx_word' id='word_1_285' title='bbox 1967 1474 2096 1521; x_wconf 87' lang='lat' dir='ltr'><strong>runt</strong></span> <span class='ocrx_word' id='word_1_286' title='bbox 2116 1478 2289 1536; x_wconf 88' lang='lat' dir='ltr'><strong>usque</strong></span> <span class='ocrx_word' id='word_1_287' title='bbox 2315 1466 2383 1520; x_wconf 89' lang='lat' dir='ltr'><strong>ad</strong></span> <span class='ocrx_word' id='word_1_288' title='bbox 2420 1479 2571 1523; x_wconf 89' lang='lat' dir='ltr'><strong>mare</strong></span> <span class='ocrx_word' id='word_1_289' title='bbox 2622 1465 2895 1536; x_wconf 65' lang='lat' dir='ltr'><strong>Egaeum.</strong></span> <span class='ocrx_word' id='word_1_290' title='bbox 2947 1465 3116 1543; x_wconf 83' lang='lat' dir='ltr'><strong>Hujus</strong></span> <span class='ocrx_word' id='word_1_291' title='bbox 3139 1476 3329 1537; x_wconf 87' lang='lat' dir='ltr'><strong>portus</strong></span> <span class='ocrx_word' id='word_1_292' title='bbox 3351 1483 3545 1524; x_wconf 80' lang='lat' dir='ltr'><strong>Olllnl&#39;S</strong></span> 
     </span>
    </p>
   </div>
   <div class='ocr_carea' id='block_1_45' title="bbox 1968 1558 3546 1631">
    <p class='ocr_par' dir='ltr' id='par_1_45' title="bbox 1968 1558 3546 1631">
     <span class='ocr_line' id='line_1_45' title="bbox 1968 1558 3546 1631; baseline 0.001 -17"><span class='ocrx_word' id='word_1_293' title='bbox 1968 1559 2022 1614; x_wconf 89' lang='lat' dir='ltr'><strong>in</strong></span> <span class='ocrx_word' id='word_1_294' title='bbox 2051 1566 2375 1628; x_wconf 87' lang='lat' dir='ltr'><strong>potestatem</strong></span> <span class='ocrx_word' id='word_1_295' title='bbox 2410 1558 2735 1627; x_wconf 75' lang='lat' dir='ltr'><strong>redigentcs,</strong></span> <span class='ocrx_word' id='word_1_296' title='bbox 2791 1559 3088 1631; x_wconf 85' lang='lat' dir='ltr'><strong>Corcyram</strong></span> <span class='ocrx_word' id='word_1_297' title='bbox 3140 1561 3447 1617; x_wconf 81' lang='lat' dir='ltr'><strong>universam</strong></span> <span class='ocrx_word' id='word_1_298' title='bbox 3491 1563 3546 1615; x_wconf 92' lang='lat' dir='ltr'><strong>in</strong></span> 
     </span>
    </p>
   </div>
   <div class='ocr_carea' id='block_1_46' title="bbox 1966 1651 3550 1721">
    <p class='ocr_par' dir='ltr' id='par_1_46' title="bbox 1966 1651 3550 1721">
     <span class='ocr_line' id='line_1_46' title="bbox 1966 1651 3550 1721; baseline 0.003 -17"><span class='ocrx_word' id='word_1_299' title='bbox 1966 1651 2228 1706; x_wconf 73' lang='lat' dir='ltr'><strong>ditionem</strong></span> <span class='ocrx_word' id='word_1_300' title='bbox 2268 1660 2619 1719; x_wconf 88' lang='lat' dir='ltr'><strong>acceperunt.</strong></span> <span class='ocrx_word' id='word_1_301' title='bbox 2676 1652 2956 1721; x_wconf 87' lang='lat' dir='ltr'><strong>Ceperunt</strong></span> <span class='ocrx_word' id='word_1_302' title='bbox 3010 1653 3368 1719; x_wconf 77' lang='lat' dir='ltr'><strong>Eubmam,et</strong></span> <span class='ocrx_word' id='word_1_303' title='bbox 3417 1654 3550 1709; x_wconf 83' lang='lat' dir='ltr'><strong>Cre-</strong></span> 
     </span>
    </p>
   </div>
   <div class='ocr_carea' id='block_1_47' title="bbox 1969 1743 3549 1812">
    <p class='ocr_par' dir='ltr' id='par_1_47' title="bbox 1969 1743 3549 1812">
     <span class='ocr_line' id='line_1_47' title="bbox 1969 1743 3549 1812; baseline 0.002 -14"><span class='ocrx_word' id='word_1_304' title='bbox 1969 1751 2106 1806; x_wconf 88' lang='lat' dir='ltr'><strong>tam,</strong></span> <span class='ocrx_word' id='word_1_305' title='bbox 2140 1743 2616 1812; x_wconf 86' lang='lat' dir='ltr'><strong>Peloponnesique</strong></span> <span class='ocrx_word' id='word_1_306' title='bbox 2636 1745 2822 1799; x_wconf 89' lang='lat' dir='ltr'><strong>urbes.</strong></span> <span class='ocrx_word' id='word_1_307' title='bbox 2881 1745 3018 1800; x_wconf 83' lang='lat' dir='ltr'><strong>Cum</strong></span> <span class='ocrx_word' id='word_1_308' title='bbox 3070 1746 3248 1801; x_wconf 86' lang='lat' dir='ltr'><strong>classe</strong></span> <span class='ocrx_word' id='word_1_309' title='bbox 3280 1754 3549 1801; x_wconf 87' lang='lat' dir='ltr'><strong>venerunt</strong></span> 
     </span>
    </p>
   </div>
   <div class='ocr_carea' id='block_1_48' title="bbox 1970 1833 3544 1905">
    <p class='ocr_par' dir='ltr' id='par_1_48' title="bbox 1970 1833 3544 1905">
     <span class='ocr_line' id='line_1_48' title="bbox 1970 1833 3544 1905; baseline 0 -16"><span class='ocrx_word' id='word_1_310' title='bbox 1970 1835 2025 1889; x_wconf 89' lang='lat' dir='ltr'><strong>in</strong></span> <span class='ocrx_word' id='word_1_311' title='bbox 2078 1834 2314 1905; x_wconf 82' lang='lat' dir='ltr'><strong>Syriam:</strong></span> <span class='ocrx_word' id='word_1_312' title='bbox 2352 1833 2779 1903; x_wconf 76' lang='lat' dir='ltr'><strong>subigentesque</strong></span> <span class='ocrx_word' id='word_1_313' title='bbox 2825 1834 3073 1904; x_wconf 86' lang='lat' dir='ltr'><strong>Cyrenen</strong></span> <span class='ocrx_word' id='word_1_314' title='bbox 3114 1836 3544 1904; x_wconf 80' lang='lat' dir='ltr'><strong>urbem,magua</strong></span> 
     </span>
    </p>
   </div>
   <div class='ocr_carea' id='block_1_49' title="bbox 1967 1923 3544 1996">
    <p class='ocr_par' dir='ltr' id='par_1_49' title="bbox 1967 1923 3544 1996">
     <span class='ocr_line' id='line_1_49' title="bbox 1967 1923 3544 1996; baseline 0.001 -17"><span class='ocrx_word' id='word_1_315' title='bbox 1967 1924 2225 1980; x_wconf 85' lang='lat' dir='ltr'><strong>militaris</strong></span> <span class='ocrx_word' id='word_1_316' title='bbox 2250 1924 2474 1979; x_wconf 86' lang='lat' dir='ltr'><strong>virtutis</strong></span> <span class='ocrx_word' id='word_1_317' title='bbox 2502 1923 2649 1980; x_wconf 80' lang='lat' dir='ltr'><strong>facta</strong></span> <span class='ocrx_word' id='word_1_318' title='bbox 2705 1925 3089 1996; x_wconf 73' lang='lat' dir='ltr'><strong>designabant,</strong></span> <span class='ocrx_word' id='word_1_319' title='bbox 3150 1928 3357 1996; x_wconf 86' lang='lat' dir='ltr'><strong>ubique</strong></span> <span class='ocrx_word' id='word_1_320' title='bbox 3412 1941 3544 1980; x_wconf 88' lang='lat' dir='ltr'><strong>cum</strong></span> 
     </span>
    </p>
   </div>
   <div class='ocr_carea' id='block_1_50' title="bbox 1965 2016 3548 2087">
    <p class='ocr_par' dir='ltr' id='par_1_50' title="bbox 1965 2016 3548 2087">
     <span class='ocr_line' id='line_1_50' title="bbox 1965 2016 3548 2087; baseline 0.001 -15"><span class='ocrx_word' id='word_1_321' title='bbox 1965 2017 2221 2073; x_wconf 88' lang='lat' dir='ltr'><strong>Barbaris</strong></span> <span class='ocrx_word' id='word_1_322' title='bbox 2252 2017 2433 2087; x_wconf 62' lang='lat' dir='ltr'><strong>praelia</strong></span> <span class='ocrx_word' id='word_1_323' title='bbox 2465 2018 2679 2071; x_wconf 86' lang='lat' dir='ltr'><strong>navalia</strong></span> <span class='ocrx_word' id='word_1_324' title='bbox 2703 2016 2996 2083; x_wconf 82' lang='lat' dir='ltr'><strong>facientes,</strong></span> <span class='ocrx_word' id='word_1_325' title='bbox 3018 2025 3072 2071; x_wconf 87' lang='lat' dir='ltr'><strong>et</strong></span> <span class='ocrx_word' id='word_1_326' title='bbox 3128 2033 3281 2073; x_wconf 88' lang='lat' dir='ltr'><strong>mare</strong></span> <span class='ocrx_word' id='word_1_327' title='bbox 3316 2020 3548 2073; x_wconf 75' lang='lat' dir='ltr'><strong>univer-</strong></span> 
     </span>
    </p>
   </div>
   <div class='ocr_carea' id='block_1_51' title="bbox 1966 2108 3541 2181">
    <p class='ocr_par' dir='ltr' id='par_1_51' title="bbox 1966 2108 3541 2181">
     <span class='ocr_line' id='line_1_51' title="bbox 1966 2108 3541 2181; baseline -0.002 -14"><span class='ocrx_word' id='word_1_328' title='bbox 1966 2126 2110 2176; x_wconf 80' lang='lat' dir='ltr'><strong>sum,</strong></span> <span class='ocrx_word' id='word_1_329' title='bbox 2140 2110 2284 2181; x_wconf 84' lang='lat' dir='ltr'><strong>quod</strong></span> <span class='ocrx_word' id='word_1_330' title='bbox 2302 2117 2385 2165; x_wconf 89' lang='lat' dir='ltr'><strong>est</strong></span> <span class='ocrx_word' id='word_1_331' title='bbox 2418 2110 2558 2163; x_wconf 89' lang='lat' dir='ltr'><strong>intra</strong></span> <span class='ocrx_word' id='word_1_332' title='bbox 2600 2108 2849 2163; x_wconf 86' lang='lat' dir='ltr'><strong>Herculis</strong></span> <span class='ocrx_word' id='word_1_333' title='bbox 2890 2110 3197 2173; x_wconf 78' lang='lat' dir='ltr'><strong>columnas,</strong></span> <span class='ocrx_word' id='word_1_334' title='bbox 3218 2110 3541 2179; x_wconf 82' lang='lat' dir='ltr'><strong>perdoman-</strong></span> 
     </span>
    </p>
   </div>
   <div class='ocr_carea' id='block_1_52' title="bbox 1965 2199 3547 2271">
    <p class='ocr_par' dir='ltr' id='par_1_52' title="bbox 1965 2199 3547 2271">
     <span class='ocr_line' id='line_1_52' title="bbox 1965 2199 3547 2271; baseline -0.004 -13"><span class='ocrx_word' id='word_1_335' title='bbox 1965 2212 2066 2259; x_wconf 87' lang='lat' dir='ltr'><strong>tcs.</strong></span> <span class='ocrx_word' id='word_1_336' title='bbox 2088 2203 2262 2259; x_wconf 87' lang='lat' dir='ltr'><strong>Etiam</strong></span> <span class='ocrx_word' id='word_1_337' title='bbox 2300 2202 2615 2271; x_wconf 76' lang='lat' dir='ltr'><strong>pugnabant</strong></span> <span class='ocrx_word' id='word_1_338' title='bbox 2673 2199 2893 2256; x_wconf 81' lang='lat' dir='ltr'><strong>fortiter</strong></span> <span class='ocrx_word' id='word_1_339' title='bbox 2927 2209 3118 2255; x_wconf 86' lang='lat' dir='ltr'><strong>contra</strong></span> <span class='ocrx_word' id='word_1_340' title='bbox 3143 2215 3239 2255; x_wconf 90' lang='lat' dir='ltr'><strong>eos</strong></span> <span class='ocrx_word' id='word_1_341' title='bbox 3268 2200 3362 2268; x_wconf 91' lang='lat' dir='ltr'><strong>qui</strong></span> <span class='ocrx_word' id='word_1_342' title='bbox 3390 2208 3547 2255; x_wconf 88' lang='lat' dir='ltr'><strong>erant</strong></span> 
     </span>
    </p>
   </div>
   <div class='ocr_carea' id='block_1_53' title="bbox 1966 2293 3543 2365">
    <p class='ocr_par' dir='ltr' id='par_1_53' title="bbox 1966 2293 3543 2365">
     <span class='ocr_line' id='line_1_53' title="bbox 1966 2293 3543 2365; baseline -0.002 -15"><span class='ocrx_word' id='word_1_343' title='bbox 1966 2296 2021 2350; x_wconf 91' lang='lat' dir='ltr'><strong>in</strong></span> <span class='ocrx_word' id='word_1_344' title='bbox 2054 2296 2293 2365; x_wconf 87' lang='lat' dir='ltr'><strong>Europa,</strong></span> <span class='ocrx_word' id='word_1_345' title='bbox 2314 2302 2369 2351; x_wconf 87' lang='lat' dir='ltr'><strong>et</strong></span> <span class='ocrx_word' id='word_1_346' title='bbox 2389 2294 2491 2350; x_wconf 90' lang='lat' dir='ltr'><strong>sibi</strong></span> <span class='ocrx_word' id='word_1_347' title='bbox 2525 2293 2816 2349; x_wconf 90' lang='lat' dir='ltr'><strong>admodum</strong></span> <span class='ocrx_word' id='word_1_348' title='bbox 2873 2302 3120 2363; x_wconf 88' lang='lat' dir='ltr'><strong>potentes</strong></span> <span class='ocrx_word' id='word_1_349' title='bbox 3169 2294 3501 2349; x_wconf 82' lang='lat' dir='ltr'><strong>videbantur</strong></span> <span class='ocrx_word' id='word_1_350' title='bbox 3530 2312 3543 2347; x_wconf 93' lang='lat'><strong>:</strong></span> 
     </span>
    </p>
   </div>
   <div class='ocr_carea' id='block_1_54' title="bbox 1966 2386 3536 2457">
    <p class='ocr_par' dir='ltr' id='par_1_54' title="bbox 1966 2386 3536 2457">
     <span class='ocr_line' id='line_1_54' title="bbox 1966 2386 3536 2457; baseline -0.003 -13"><span class='ocrx_word' id='word_1_351' title='bbox 1966 2404 2065 2455; x_wconf 83' lang='lat' dir='ltr'><strong>nec</strong></span> <span class='ocrx_word' id='word_1_352' title='bbox 2088 2388 2339 2443; x_wconf 84' lang='lat' dir='ltr'><strong>oratione</strong></span> <span class='ocrx_word' id='word_1_353' title='bbox 2366 2386 2591 2457; x_wconf 81' lang='lat' dir='ltr'><strong>dignum</strong></span> <span class='ocrx_word' id='word_1_354' title='bbox 2625 2395 2781 2455; x_wconf 87' lang='lat' dir='ltr'><strong>puto,</strong></span> <span class='ocrx_word' id='word_1_355' title='bbox 2827 2386 2969 2456; x_wconf 85' lang='lat' dir='ltr'><strong>quod</strong></span> <span class='ocrx_word' id='word_1_356' title='bbox 2994 2400 3103 2440; x_wconf 88' lang='lat' dir='ltr'><strong>non</strong></span> <span class='ocrx_word' id='word_1_357' title='bbox 3134 2386 3536 2456; x_wconf 81' lang='lat' dir='ltr'><strong>adnavigarunt</strong></span> 
     </span>
    </p>
   </div>
   <div class='ocr_carea' id='block_1_55' title="bbox 1964 2478 3545 2547">
    <p class='ocr_par' dir='ltr' id='par_1_55' title="bbox 1964 2478 3545 2547">
     <span class='ocr_line' id='line_1_55' title="bbox 1964 2478 3545 2547; baseline -0.003 -10"><span class='ocrx_word' id='word_1_358' title='bbox 1964 2482 2146 2547; x_wconf 67' lang='lat' dir='ltr'><strong>Italiae,</strong></span> <span class='ocrx_word' id='word_1_359' title='bbox 2213 2494 2315 2535; x_wconf 89' lang='lat' dir='ltr'><strong>nec</strong></span> <span class='ocrx_word' id='word_1_360' title='bbox 2374 2480 2479 2535; x_wconf 90' lang='lat' dir='ltr'><strong>sibi</strong></span> <span class='ocrx_word' id='word_1_361' title='bbox 2546 2479 2905 2547; x_wconf 87' lang='lat' dir='ltr'><strong>subjecerunt</strong></span> <span class='ocrx_word' id='word_1_362' title='bbox 2962 2478 3300 2542; x_wconf 84' lang='lat' dir='ltr'><strong>Ravennam,</strong></span> <span class='ocrx_word' id='word_1_363' title='bbox 3357 2482 3545 2535; x_wconf 86' lang='lat' dir='ltr'><strong>urbem</strong></span> 
     </span>
    </p>
   </div>
   <div class='ocr_carea' id='block_1_56' title="bbox 1964 2572 3548 2647">
    <p class='ocr_par' dir='ltr' id='par_1_56' title="bbox 1964 2572 3548 2647">
     <span class='ocr_line' id='line_1_56' title="bbox 1964 2572 3548 2647; baseline -0.001 -19"><span class='ocrx_word' id='word_1_364' title='bbox 1964 2576 2303 2647; x_wconf 87' lang='lat' dir='ltr'><strong>opulentam,</strong></span> <span class='ocrx_word' id='word_1_365' title='bbox 2337 2572 2586 2642; x_wconf 86' lang='lat' dir='ltr'><strong>principe</strong></span> <span class='ocrx_word' id='word_1_366' title='bbox 2615 2572 2779 2640; x_wconf 92' lang='lat' dir='ltr'><strong>hujus</strong></span> <span class='ocrx_word' id='word_1_367' title='bbox 2848 2572 3132 2626; x_wconf 79' lang='lat' dir='ltr'><strong>defuncto.</strong></span> <span class='ocrx_word' id='word_1_368' title='bbox 3170 2572 3312 2637; x_wconf 86' lang='lat' dir='ltr'><strong>Quia</strong></span> <span class='ocrx_word' id='word_1_369' title='bbox 3351 2587 3548 2641; x_wconf 89' lang='lat' dir='ltr'><strong>nempe</strong></span> 
     </span>
    </p>
   </div>
   <div class='ocr_carea' id='block_1_57' title="bbox 1968 2659 3546 2731">
    <p class='ocr_par' dir='ltr' id='par_1_57' title="bbox 1968 2659 3546 2731">
     <span class='ocr_line' id='line_1_57' title="bbox 1968 2659 3546 2731; baseline 0.001 -15"><span class='ocrx_word' id='word_1_370' title='bbox 1968 2677 2075 2716; x_wconf 89' lang='lat' dir='ltr'><strong>non</strong></span> <span class='ocrx_word' id='word_1_371' title='bbox 2112 2661 2362 2717; x_wconf 89' lang='lat' dir='ltr'><strong>solebant</strong></span> <span class='ocrx_word' id='word_1_372' title='bbox 2390 2669 2581 2715; x_wconf 84' lang='lat' dir='ltr'><strong>contra</strong></span> <span class='ocrx_word' id='word_1_373' title='bbox 2640 2659 2889 2729; x_wconf 83' lang='lat' dir='ltr'><strong>ejusdem</strong></span> <span class='ocrx_word' id='word_1_374' title='bbox 2955 2662 3136 2731; x_wconf 73' lang='lat' dir='ltr'><strong>gentis</strong></span> <span class='ocrx_word' id='word_1_375' title='bbox 3197 2670 3251 2716; x_wconf 90' lang='lat' dir='ltr'><strong>et</strong></span> <span class='ocrx_word' id='word_1_376' title='bbox 3299 2662 3546 2730; x_wconf 86' lang='lat' dir='ltr'><strong>corporis</strong></span> 
     </span>
    </p>
   </div>
   <div class='ocr_carea' id='block_1_58' title="bbox 1966 2752 3548 2822">
    <p class='ocr_par' dir='ltr' id='par_1_58' title="bbox 1966 2752 3548 2822">
     <span class='ocr_line' id='line_1_58' title="bbox 1966 2752 3548 2822; baseline -0.001 -14"><span class='ocrx_word' id='word_1_377' title='bbox 1966 2754 2213 2809; x_wconf 78' lang='lat' dir='ltr'><strong>homines</strong></span> <span class='ocrx_word' id='word_1_378' title='bbox 2244 2752 2443 2807; x_wconf 89' lang='lat' dir='ltr'><strong>bellum</strong></span> <span class='ocrx_word' id='word_1_379' title='bbox 2495 2767 2740 2816; x_wconf 88' lang='lat' dir='ltr'><strong>movere,</strong></span> <span class='ocrx_word' id='word_1_380' title='bbox 2811 2752 2904 2807; x_wconf 88' lang='lat' dir='ltr'><strong>sed</strong></span> <span class='ocrx_word' id='word_1_381' title='bbox 2960 2762 3155 2807; x_wconf 86' lang='lat' dir='ltr'><strong>contra</strong></span> <span class='ocrx_word' id='word_1_382' title='bbox 3210 2752 3548 2822; x_wconf 74' lang='lat' dir='ltr'><strong>alienigenas</strong></span> 
     </span>
    </p>
   </div>
   <div class='ocr_carea' id='block_1_59' title="bbox 1964 2843 3545 2913">
    <p class='ocr_par' dir='ltr' id='par_1_59' title="bbox 1964 2843 3545 2913">
     <span class='ocr_line' id='line_1_59' title="bbox 1964 2843 3545 2913; baseline -0.003 -13"><span class='ocrx_word' id='word_1_383' title='bbox 1964 2861 2115 2901; x_wconf 87' lang='lat' dir='ltr'><strong>arma</strong></span> <span class='ocrx_word' id='word_1_384' title='bbox 2144 2844 2416 2899; x_wconf 80' lang='lat' dir='ltr'><strong>ferebant.</strong></span> <span class='ocrx_word' id='word_1_385' title='bbox 2480 2845 2646 2898; x_wconf 87' lang='lat' dir='ltr'><strong>Arma</strong></span> <span class='ocrx_word' id='word_1_386' title='bbox 2708 2843 2876 2898; x_wconf 89' lang='lat' dir='ltr'><strong>etiam</strong></span> <span class='ocrx_word' id='word_1_387' title='bbox 2940 2843 3302 2913; x_wconf 81' lang='lat' dir='ltr'><strong>arripuerunt</strong></span> <span class='ocrx_word' id='word_1_388' title='bbox 3352 2850 3545 2897; x_wconf 84' lang='lat' dir='ltr'><strong>contra</strong></span> 
     </span>
    </p>
   </div>
   <div class='ocr_carea' id='block_1_60' title="bbox 1964 2935 3544 3007">
    <p class='ocr_par' dir='ltr' id='par_1_60' title="bbox 1964 2935 3544 3007">
     <span class='ocr_line' id='line_1_60' title="bbox 1964 2935 3544 3007; baseline -0.004 -10"><span class='ocrx_word' id='word_1_389' title='bbox 1964 2939 2210 3004; x_wconf 61' lang='lat' dir='ltr'><strong>Graecos,</strong></span> <span class='ocrx_word' id='word_1_390' title='bbox 2251 2952 2393 3007; x_wconf 91' lang='lat' dir='ltr'><strong>quos</strong></span> <span class='ocrx_word' id='word_1_391' title='bbox 2427 2938 2609 2992; x_wconf 85' lang='lat' dir='ltr'><strong>navali</strong></span> <span class='ocrx_word' id='word_1_392' title='bbox 2668 2936 2857 3006; x_wconf 68' lang='lat' dir='ltr'><strong>praelia</strong></span> <span class='ocrx_word' id='word_1_393' title='bbox 2904 2935 3183 3000; x_wconf 85' lang='lat' dir='ltr'><strong>vicerunt,</strong></span> <span class='ocrx_word' id='word_1_394' title='bbox 3238 2950 3544 3004; x_wconf 86' lang='lat' dir='ltr'><strong>eorumque</strong></span> 
     </span>
    </p>
   </div>
   <div class='ocr_carea' id='block_1_61' title="bbox 1967 3026 3547 3103">
    <p class='ocr_par' dir='ltr' id='par_1_61' title="bbox 1967 3026 3547 3103">
     <span class='ocr_line' id='line_1_61' title="bbox 1967 3026 3547 3103; baseline -0.006 -14"><span class='ocrx_word' id='word_1_395' title='bbox 1967 3031 2309 3103; x_wconf 90' lang='lat' dir='ltr'><strong>metropolim</strong></span> <span class='ocrx_word' id='word_1_396' title='bbox 2334 3032 2409 3102; x_wconf 72' lang='grc'><strong>(4)</strong></span> <span class='ocrx_word' id='word_1_397' title='bbox 2436 3032 2793 3099; x_wconf 84' lang='lat' dir='ltr'><strong>subegerunt,</strong></span> <span class='ocrx_word' id='word_1_398' title='bbox 2822 3043 2946 3083; x_wconf 91' lang='lat' dir='ltr'><strong>cum</strong></span> <span class='ocrx_word' id='word_1_399' title='bbox 2969 3028 3187 3099; x_wconf 87' lang='lat' dir='ltr'><strong>plurimi</strong></span> <span class='ocrx_word' id='word_1_400' title='bbox 3214 3026 3547 3083; x_wconf 88' lang='lat' dir='ltr'><strong>Occidenta-</strong></span> 
     </span>
    </p>
   </div>
   <div class='ocr_carea' id='block_1_62' title="bbox 302 3098 1865 3197">
    <p class='ocr_par' dir='ltr' id='par_1_62' title="bbox 302 3098 1863 3197">
     <span class='ocr_line' id='line_1_62' title="bbox 302 3098 1863 3197; baseline 0.015 -47"><span class='ocrx_word' id='word_1_401' title='bbox 388 3098 577 3197; x_wconf 81' lang='grc' dir='ltr'>βραχεῖ</span> <span class='ocrx_word' id='word_1_402' title='bbox 603 3103 662 3156; x_wconf 81' lang='grc' dir='ltr'>δὲ</span> <span class='ocrx_word' id='word_1_403' title='bbox 699 3105 887 3175; x_wconf 86' lang='grc' dir='ltr'>χώραν</span> <span class='ocrx_word' id='word_1_404' title='bbox 931 3105 1032 3175; x_wconf 85' lang='grc' dir='ltr'>τῆς</span> <span class='ocrx_word' id='word_1_405' title='bbox 1091 3109 1327 3179; x_wconf 77' lang='grc' dir='ltr'>ἠπείρου</span> <span class='ocrx_word' id='word_1_406' title='bbox 1370 3112 1675 3184; x_wconf 75' lang='grc' dir='ltr'>ἐκτήσαντο</span> <span class='ocrx_word' id='word_1_407' title='bbox 1725 3118 1863 3187; x_wconf 82' lang='grc' dir='ltr'>ἀγα-</span> 
     </span>
    </p>
   </div>
   <div class='ocr_carea' id='block_1_63' title="bbox 1968 3098 3547 3197">
    <p class='ocr_par' dir='ltr' id='par_1_63' title="bbox 1968 3098 3547 3197">
     <span class='ocr_line' id='line_1_63' title="bbox 1968 3098 3547 3197; baseline -0.009 -15"><span class='ocrx_word' id='word_1_408' title='bbox 1968 3128 2047 3183; x_wconf 91' lang='lat' dir='ltr'><strong>les</strong></span> <span class='ocrx_word' id='word_1_409' title='bbox 2082 3098 2220 3197; x_wconf 78' lang='lat' dir='ltr'><strong>ipsis</strong></span> <span class='ocrx_word' id='word_1_410' title='bbox 2262 3098 2717 3193; x_wconf 63' lang='lat' dir='ltr'><strong>adiungerentur.</strong></span> <span class='ocrx_word' id='word_1_411' title='bbox 2750 3119 2950 3189; x_wconf 88' lang='lat' dir='ltr'><strong>Copias</strong></span> <span class='ocrx_word' id='word_1_412' title='bbox 2985 3127 3167 3174; x_wconf 87' lang='lat' dir='ltr'><strong>tamen</strong></span> <span class='ocrx_word' id='word_1_413' title='bbox 3196 3132 3318 3172; x_wconf 84' lang='lat' dir='ltr'><strong>cum</strong></span> <span class='ocrx_word' id='word_1_414' title='bbox 3376 3116 3547 3169; x_wconf 89' lang='lat' dir='ltr'><strong>duce-</strong></span> 
     </span>
    </p>
   </div>
   <div class='ocr_carea' id='block_1_64' title="bbox 302 3189 1863 3278">
    <p class='ocr_par' dir='ltr' id='par_1_64' title="bbox 302 3189 1863 3278">
     <span class='ocr_line' id='line_1_64' title="bbox 302 3189 1863 3278; baseline 0.017 -37"><span class='ocrx_word' id='word_1_415' title='bbox 302 3189 407 3260; x_wconf 81' lang='grc' dir='ltr'>Θὴν,</span> <span class='ocrx_word' id='word_1_416' title='bbox 431 3193 521 3245; x_wconf 76' lang='grc' dir='ltr'>καὶ</span> <span class='ocrx_word' id='word_1_417' title='bbox 558 3195 775 3264; x_wconf 67' lang='grc' dir='ltr'>ὀχυρὰν</span> <span class='ocrx_word' id='word_1_418' title='bbox 802 3198 901 3266; x_wconf 83' lang='grc' dir='ltr'><strong>τήν</strong></span> <span class='ocrx_word' id='word_1_419' title='bbox 930 3200 1086 3254; x_wconf 86' lang='grc' dir='ltr'>πόλιν</span> <span class='ocrx_word' id='word_1_420' title='bbox 1112 3202 1293 3257; x_wconf 79' lang='grc' dir='ltr'>αὐτῶν</span> <span class='ocrx_word' id='word_1_421' title='bbox 1324 3204 1679 3278; x_wconf 72' lang='grc' dir='ltr'>παρείχοντο.</span> <span class='ocrx_word' id='word_1_422' title='bbox 1728 3213 1863 3267; x_wconf 87' lang='grc' dir='ltr'>κατ’</span> 
     </span>
    </p>
   </div>
   <div class='ocr_carea' id='block_1_65' title="bbox 299 3283 1863 3372">
    <p class='ocr_par' dir='ltr' id='par_1_65' title="bbox 299 3283 1863 3372">
     <span class='ocr_line' id='line_1_65' title="bbox 299 3283 1863 3372; baseline 0.015 -37"><span class='ocrx_word' id='word_1_423' title='bbox 299 3283 447 3353; x_wconf 75' lang='grc' dir='ltr'>ἄμφω</span> <span class='ocrx_word' id='word_1_424' title='bbox 470 3287 544 3339; x_wconf 87' lang='grc' dir='ltr'>τὼ</span> <span class='ocrx_word' id='word_1_425' title='bbox 563 3288 816 3359; x_wconf 87' lang='grc' dir='ltr'>δυνάμεε</span> <span class='ocrx_word' id='word_1_426' title='bbox 846 3292 939 3344; x_wconf 72' lang='grc' dir='ltr'><strong>ἐπὶ</strong></span> <span class='ocrx_word' id='word_1_427' title='bbox 975 3294 1119 3361; x_wconf 80' lang='grc' dir='ltr'>μέγα</span> <span class='ocrx_word' id='word_1_428' title='bbox 1142 3295 1426 3362; x_wconf 76' lang='grc' dir='ltr'>αὔξοντες.</span> <span class='ocrx_word' id='word_1_429' title='bbox 1463 3302 1609 3372; x_wconf 87' lang='grc' dir='ltr'>Πρός</span> <span class='ocrx_word' id='word_1_430' title='bbox 1643 3320 1703 3356; x_wconf 91' lang='grc' dir='ltr'><strong>τε</strong></span> <span class='ocrx_word' id='word_1_431' title='bbox 1733 3304 1863 3368; x_wconf 83' lang='grc' dir='ltr'>τοὺς</span> 
     </span>
    </p>
   </div>
   <div class='ocr_carea' id='block_1_66' title="bbox 298 3375 1863 3466">
    <p class='ocr_par' dir='ltr' id='par_1_66' title="bbox 298 3375 1863 3466">
     <span class='ocr_line' id='line_1_66' title="bbox 298 3375 1863 3466; baseline 0.014 -39"><span class='ocrx_word' id='word_1_432' title='bbox 298 3375 387 3445; x_wconf 76' lang='grc' dir='ltr'>τῆς</span> <span class='ocrx_word' id='word_1_433' title='bbox 430 3379 666 3450; x_wconf 73' lang='grc' dir='ltr'>ἠπείρου</span> <span class='ocrx_word' id='word_1_434' title='bbox 726 3385 1000 3454; x_wconf 74' lang='grc' dir='ltr'>ἡγεμόνας</span> <span class='ocrx_word' id='word_1_435' title='bbox 1056 3389 1459 3459; x_wconf 82' lang='grc' dir='ltr'>διενεχθέντες,</span> <span class='ocrx_word' id='word_1_436' title='bbox 1516 3394 1863 3466; x_wconf 72' lang='grc' dir='ltr'>ἐπολέμησαν</span> 
     </span>
    </p>
   </div>
   <div class='ocr_carea' id='block_1_67' title="bbox 298 3469 1862 3559">
    <p class='ocr_par' dir='ltr' id='par_1_67' title="bbox 298 3469 1862 3559">
     <span class='ocr_line' id='line_1_67' title="bbox 298 3469 1862 3559; baseline 0.018 -41"><span class='ocrx_word' id='word_1_437' title='bbox 298 3469 381 3519; x_wconf 73' lang='grc' dir='ltr'><strong>ἐπὶ</strong></span> <span class='ocrx_word' id='word_1_438' title='bbox 412 3472 613 3537; x_wconf 70' lang='grc' dir='ltr'>πολλάς</span> <span class='ocrx_word' id='word_1_439' title='bbox 645 3475 843 3543; x_wconf 76' lang='grc' dir='ltr'>γενεὰς</span> <span class='ocrx_word' id='word_1_440' title='bbox 868 3477 957 3532; x_wconf 79' lang='grc' dir='ltr'><strong>τὸν</strong></span> <span class='ocrx_word' id='word_1_441' title='bbox 989 3479 1251 3549; x_wconf 76' lang='grc' dir='ltr'>πόλεμον,</span> <span class='ocrx_word' id='word_1_442' title='bbox 1282 3484 1378 3538; x_wconf 72' lang='grc' dir='ltr'>καὶ</span> <span class='ocrx_word' id='word_1_443' title='bbox 1428 3484 1686 3555; x_wconf 83' lang='grc' dir='ltr'>διέφερον</span> <span class='ocrx_word' id='word_1_444' title='bbox 1722 3504 1862 3559; x_wconf 83' lang='grc' dir='ltr'>χρη-</span> 
     </span>
    </p>
   </div>
   <div class='ocr_carea' id='block_1_68' title="bbox 298 3562 1864 3651">
    <p class='ocr_par' dir='ltr' id='par_1_68' title="bbox 298 3562 1864 3651">
     <span class='ocr_line' id='line_1_68' title="bbox 298 3562 1864 3651; baseline 0.013 -37"><span class='ocrx_word' id='word_1_445' title='bbox 298 3562 467 3629; x_wconf 84' lang='grc' dir='ltr'>μάτων</span> <span class='ocrx_word' id='word_1_446' title='bbox 491 3567 777 3637; x_wconf 77' lang='grc' dir='ltr'>προσόδῳ,</span> <span class='ocrx_word' id='word_1_447' title='bbox 810 3569 907 3640; x_wconf 79' lang='grc' dir='ltr'><strong>τήν</strong></span> <span class='ocrx_word' id='word_1_448' title='bbox 935 3572 1092 3627; x_wconf 78' lang='grc' dir='ltr'>πόλιν</span> <span class='ocrx_word' id='word_1_449' title='bbox 1157 3574 1406 3646; x_wconf 87' lang='grc' dir='ltr'>μεγάλην</span> <span class='ocrx_word' id='word_1_450' title='bbox 1435 3578 1652 3643; x_wconf 75' lang='grc' dir='ltr'>ἑαυτοῖς</span> <span class='ocrx_word' id='word_1_451' title='bbox 1689 3597 1864 3651; x_wconf 80' lang='grc' dir='ltr'>παρα-</span> 
     </span>
    </p>
   </div>
   <div class='ocr_carea' id='block_1_69' title="bbox 303 3661 1861 3744">
    <p class='ocr_par' dir='ltr' id='par_1_69' title="bbox 303 3661 1861 3744">
     <span class='ocr_line' id='line_1_69' title="bbox 303 3661 1861 3744; baseline 0.012 -35"><span class='ocrx_word' id='word_1_452' title='bbox 303 3661 731 3733; x_wconf 82' lang='grc' dir='ltr'>σκευασάμενοι.</span> <span class='ocrx_word' id='word_1_453' title='bbox 764 3665 919 3719; x_wconf 79' lang='grc' dir='ltr'>Μετὰ</span> <span class='ocrx_word' id='word_1_454' title='bbox 953 3666 1009 3720; x_wconf 76' lang='grc' dir='ltr'>δὲ</span> <span class='ocrx_word' id='word_1_455' title='bbox 1062 3667 1235 3723; x_wconf 82' lang='grc' dir='ltr'>ταῦτα</span> <span class='ocrx_word' id='word_1_456' title='bbox 1273 3672 1365 3724; x_wconf 74' lang='grc' dir='ltr'>καὶ</span> <span class='ocrx_word' id='word_1_457' title='bbox 1417 3672 1523 3725; x_wconf 82' lang='grc' dir='ltr'><strong>ὑπὸ</strong></span> <span class='ocrx_word' id='word_1_458' title='bbox 1552 3672 1861 3744; x_wconf 79' lang='grc' dir='ltr'>Βαρϐάρων</span> 
     </span>
    </p>
   </div>
   <div class='ocr_carea' id='block_1_70' title="bbox 296 3745 1859 3835">
    <p class='ocr_par' dir='ltr' id='par_1_70' title="bbox 296 3745 1859 3835">
     <span class='ocr_line' id='line_1_70' title="bbox 296 3745 1859 3835; baseline 0.013 -35"><span class='ocrx_word' id='word_1_459' title='bbox 296 3745 544 3815; x_wconf 79' lang='grc' dir='ltr'>βασιλέως</span> <span class='ocrx_word' id='word_1_460' title='bbox 573 3791 595 3817; x_wconf 85' lang='grc'><strong>,</strong></span> <span class='ocrx_word' id='word_1_461' title='bbox 668 3752 771 3821; x_wconf 79' lang='grc' dir='ltr'>τῆς</span> <span class='ocrx_word' id='word_1_462' title='bbox 838 3756 1071 3821; x_wconf 83' lang='grc' dir='ltr'>Ἰταλίας</span> <span class='ocrx_word' id='word_1_463' title='bbox 1138 3760 1277 3829; x_wconf 79' lang='grc' dir='ltr'>πρὸς</span> <span class='ocrx_word' id='word_1_464' title='bbox 1345 3761 1592 3833; x_wconf 76' lang='grc' dir='ltr'>ἑσπέραν</span> <span class='ocrx_word' id='word_1_465' title='bbox 1654 3764 1859 3835; x_wconf 83' lang='grc' dir='ltr'>χώρας,</span> 
     </span>
    </p>
   </div>
   <div class='ocr_carea' id='block_1_71' title="bbox 298 3843 1864 3929">
    <p class='ocr_par' dir='ltr' id='par_1_71' title="bbox 298 3843 1864 3929">
     <span class='ocr_line' id='line_1_71' title="bbox 298 3843 1864 3929; baseline 0.029 -58"><span class='ocrx_word' id='word_1_466' title='bbox 298 3843 417 3910; x_wconf 65' lang='grc' dir='ltr'>πρδς</span> <span class='ocrx_word' id='word_1_467' title='bbox 476 3846 570 3899; x_wconf 66' lang='grc' dir='ltr'><strong>τὸν</strong></span> <span class='ocrx_word' id='word_1_468' title='bbox 646 3846 868 3917; x_wconf 76' lang='grc' dir='ltr'>Ῥώμης</span> <span class='ocrx_word' id='word_1_469' title='bbox 919 3850 1207 3921; x_wconf 74' lang='grc' dir='ltr'>ἀρχιερέα,</span> <span class='ocrx_word' id='word_1_470' title='bbox 1261 3852 1570 3909; x_wconf 74' lang='grc' dir='ltr'>ἐκπεσόντα</span> <span class='ocrx_word' id='word_1_471' title='bbox 1636 3874 1697 3911; x_wconf 79' lang='grc' dir='ltr'><strong>τε</strong></span> <span class='ocrx_word' id='word_1_472' title='bbox 1763 3859 1864 3929; x_wconf 84' lang='grc' dir='ltr'><strong>τῆς</strong></span> 
     </span>
    </p>
   </div>
   <div class='ocr_carea' id='block_1_72' title="bbox 294 3931 1864 4019">
    <p class='ocr_par' dir='ltr' id='par_1_72' title="bbox 294 3931 1864 4019">
     <span class='ocr_line' id='line_1_72' title="bbox 294 3931 1864 4019; baseline 0.014 -36"><span class='ocrx_word' id='word_1_473' title='bbox 294 3931 478 4005; x_wconf 72' lang='grc' dir='ltr'>ἀρχῆς,</span> <span class='ocrx_word' id='word_1_474' title='bbox 542 3939 650 3990; x_wconf 79' lang='grc' dir='ltr'>καὶ</span> <span class='ocrx_word' id='word_1_475' title='bbox 713 3937 815 4007; x_wconf 82' lang='grc' dir='ltr'>τῆς</span> <span class='ocrx_word' id='word_1_476' title='bbox 877 3938 1171 4011; x_wconf 84' lang='grc' dir='ltr'>Ῥωμαίων</span> <span class='ocrx_word' id='word_1_477' title='bbox 1249 3944 1470 4007; x_wconf 84' lang='grc' dir='ltr'>πόλεως</span> <span class='ocrx_word' id='word_1_478' title='bbox 1542 3950 1864 4019; x_wconf 84' lang='grc' dir='ltr'>κατήγαγόν</span> 
     </span>
    </p>
   </div>
   <div class='ocr_carea' id='block_1_73' title="bbox 294 4028 1865 4113">
    <p class='ocr_par' dir='ltr' id='par_1_73' title="bbox 294 4028 1865 4113">
     <span class='ocr_line' id='line_1_73' title="bbox 294 4028 1865 4113; baseline 0.014 -39"><span class='ocrx_word' id='word_1_479' title='bbox 294 4040 347 4076; x_wconf 86' lang='grc' dir='ltr'><strong>τε</strong></span> <span class='ocrx_word' id='word_1_480' title='bbox 398 4028 484 4082; x_wconf 77' lang='grc' dir='ltr'>τὸν</span> <span class='ocrx_word' id='word_1_481' title='bbox 544 4030 822 4100; x_wconf 83' lang='grc' dir='ltr'>ἀρχιερέα</span> <span class='ocrx_word' id='word_1_482' title='bbox 857 4032 952 4086; x_wconf 74' lang='grc' dir='ltr'>καὶ</span> <span class='ocrx_word' id='word_1_483' title='bbox 1009 4033 1148 4103; x_wconf 77' lang='grc' dir='ltr'>πρὸς</span> <span class='ocrx_word' id='word_1_484' title='bbox 1194 4035 1289 4089; x_wconf 84' lang='grc' dir='ltr'><strong>τδν</strong></span> <span class='ocrx_word' id='word_1_485' title='bbox 1345 4036 1573 4106; x_wconf 78' lang='grc' dir='ltr'>βασιλέα</span> <span class='ocrx_word' id='word_1_486' title='bbox 1619 4041 1865 4113; x_wconf 85' lang='grc' dir='ltr'>πολεμή-</span> 
     </span>
    </p>
   </div>
   <div class='ocr_carea' id='block_1_74' title="bbox 301 4119 1864 4205">
    <p class='ocr_par' dir='ltr' id='par_1_74' title="bbox 301 4119 1864 4205">
     <span class='ocr_line' id='line_1_74' title="bbox 301 4119 1864 4205; baseline 0.012 -37"><span class='ocrx_word' id='word_1_487' title='bbox 301 4131 490 4185; x_wconf 83' lang='grc' dir='ltr'>σαντες,</span> <span class='ocrx_word' id='word_1_488' title='bbox 569 4119 722 4174; x_wconf 77' lang='grc' dir='ltr'>ῶστε</span> <span class='ocrx_word' id='word_1_489' title='bbox 782 4123 1103 4193; x_wconf 76' lang='grc' dir='ltr'>ιμπεδῶσαι</span> <span class='ocrx_word' id='word_1_490' title='bbox 1162 4125 1242 4194; x_wconf 82' lang='grc' dir='ltr'>τῷ</span> <span class='ocrx_word' id='word_1_491' title='bbox 1285 4128 1540 4199; x_wconf 84' lang='grc' dir='ltr'>ἀρχιερεῖ</span> <span class='ocrx_word' id='word_1_492' title='bbox 1605 4132 1706 4203; x_wconf 77' lang='grc' dir='ltr'><strong>τήν</strong></span> <span class='ocrx_word' id='word_1_493' title='bbox 1760 4134 1864 4205; x_wconf 85' lang='grc' dir='ltr'><strong>ἁρ-</strong></span> 
     </span>
    </p>
   </div>
   <div class='ocr_carea' id='block_1_75' title="bbox 295 4211 1867 4295">
    <p class='ocr_par' dir='ltr' id='par_1_75' title="bbox 295 4211 1867 4295">
     <span class='ocr_line' id='line_1_75' title="bbox 295 4211 1867 4295; baseline 0.01 -29"><span class='ocrx_word' id='word_1_494' title='bbox 295 4211 406 4281; x_wconf 75' lang='grc' dir='ltr'>χήν.</span> <span class='ocrx_word' id='word_1_495' title='bbox 434 4216 727 4287; x_wconf 71' lang='grc' dir='ltr'>ναυμαχία</span> <span class='ocrx_word' id='word_1_496' title='bbox 755 4233 815 4269; x_wconf 84' lang='grc' dir='ltr'><strong>τε</strong></span> <span class='ocrx_word' id='word_1_497' title='bbox 846 4217 1257 4289; x_wconf 76' lang='grc' dir='ltr'>ἐπεκράτησαν,</span> <span class='ocrx_word' id='word_1_498' title='bbox 1286 4223 1381 4275; x_wconf 83' lang='grc' dir='ltr'>καὶ</span> <span class='ocrx_word' id='word_1_499' title='bbox 1399 4226 1735 4295; x_wconf 85' lang='grc' dir='ltr'>κατήγαγον.</span> <span class='ocrx_word' id='word_1_500' title='bbox 1755 4228 1867 4282; x_wconf 78' lang='grc' dir='ltr'><strong>Καὶ</strong></span> 
     </span>
    </p>
   </div>
   <div class='ocr_carea' id='block_1_76' title="bbox 294 4306 1868 4390">
    <p class='ocr_par' dir='ltr' id='par_1_76' title="bbox 294 4306 1868 4390">
     <span class='ocr_line' id='line_1_76' title="bbox 294 4306 1868 4390; baseline 0.013 -37"><span class='ocrx_word' id='word_1_501' title='bbox 294 4306 418 4372; x_wconf 83' lang='grc' dir='ltr'>πρός</span> <span class='ocrx_word' id='word_1_502' title='bbox 440 4325 499 4359; x_wconf 89' lang='grc' dir='ltr'><strong>τε</strong></span> <span class='ocrx_word' id='word_1_503' title='bbox 529 4309 668 4372; x_wconf 78' lang='grc' dir='ltr'>τοὺς</span> <span class='ocrx_word' id='word_1_504' title='bbox 704 4310 989 4375; x_wconf 85' lang='grc' dir='ltr'>Ἰανυῖους,</span> <span class='ocrx_word' id='word_1_505' title='bbox 1026 4311 1318 4378; x_wconf 83' lang='grc' dir='ltr'>δοκοῦντας</span> <span class='ocrx_word' id='word_1_506' title='bbox 1372 4316 1474 4387; x_wconf 79' lang='grc' dir='ltr'>τῆς</span> <span class='ocrx_word' id='word_1_507' title='bbox 1514 4318 1658 4372; x_wconf 83' lang='grc' dir='ltr'>κατὰ</span> <span class='ocrx_word' id='word_1_508' title='bbox 1691 4320 1868 4390; x_wconf 80' lang='grc' dir='ltr'>χωρία</span> 
     </span>
    </p>
   </div>
   <div class='ocr_carea' id='block_1_77' title="bbox 292 4397 1863 4481">
    <p class='ocr_par' dir='ltr' id='par_1_77' title="bbox 292 4397 1863 4481">
     <span class='ocr_line' id='line_1_77' title="bbox 292 4397 1863 4481; baseline 0.013 -34"><span class='ocrx_word' id='word_1_509' title='bbox 292 4397 483 4464; x_wconf 75' lang='grc' dir='ltr'>ἐκεῖσε,</span> <span class='ocrx_word' id='word_1_510' title='bbox 511 4401 618 4454; x_wconf 63' lang='grc' dir='ltr'>καὶ</span> <span class='ocrx_word' id='word_1_511' title='bbox 646 4401 747 4469; x_wconf 77' lang='grc' dir='ltr'>τὴν</span> <span class='ocrx_word' id='word_1_512' title='bbox 782 4402 1031 4473; x_wconf 86' lang='grc' dir='ltr'>πάραλον</span> <span class='ocrx_word' id='word_1_513' title='bbox 1082 4406 1183 4474; x_wconf 83' lang='grc' dir='ltr'>τῆς</span> <span class='ocrx_word' id='word_1_514' title='bbox 1236 4405 1468 4470; x_wconf 84' lang='grc' dir='ltr'>Ἰταλίας</span> <span class='ocrx_word' id='word_1_515' title='bbox 1522 4411 1863 4481; x_wconf 76' lang='grc' dir='ltr'>ἐπικρατεῖν.</span> 
     </span>
    </p>
   </div>
   <div class='ocr_carea' id='block_1_78' title="bbox 296 4490 1863 4571">
    <p class='ocr_par' dir='ltr' id='par_1_78' title="bbox 296 4490 1863 4571">
     <span class='ocr_line' id='line_1_78' title="bbox 296 4490 1863 4571; baseline 0.01 -31"><span class='ocrx_word' id='word_1_516' title='bbox 296 4490 522 4561; x_wconf 77' lang='grc' dir='ltr'>πόλεμον</span> <span class='ocrx_word' id='word_1_517' title='bbox 549 4490 967 4559; x_wconf 71' lang='grc' dir='ltr'>ἐξενεγκόντες,</span> <span class='ocrx_word' id='word_1_518' title='bbox 1006 4496 1221 4564; x_wconf 77' lang='grc' dir='ltr'>μεγάλα</span> <span class='ocrx_word' id='word_1_519' title='bbox 1261 4497 1653 4565; x_wconf 81' lang='grc' dir='ltr'>ἀποδείξασθαι</span> <span class='ocrx_word' id='word_1_520' title='bbox 1702 4502 1863 4571; x_wconf 75' lang='grc' dir='ltr'>ἔργα,</span> 
     </span>
    </p>
   </div>
   <div class='ocr_carea' id='block_1_79' title="bbox 296 4580 1869 4661">
    <p class='ocr_par' dir='ltr' id='par_1_79' title="bbox 296 4580 1869 4661">
     <span class='ocr_line' id='line_1_79' title="bbox 296 4580 1869 4661; baseline 0.013 -32"><span class='ocrx_word' id='word_1_521' title='bbox 296 4580 532 4652; x_wconf 78' lang='grc' dir='ltr'>πολλαχῆ</span> <span class='ocrx_word' id='word_1_522' title='bbox 563 4584 1125 4656; x_wconf 76' lang='grc' dir='ltr'>διαναυμαχήσαντες</span> <span class='ocrx_word' id='word_1_523' title='bbox 1157 4588 1253 4641; x_wconf 82' lang='grc' dir='ltr'>καὶ</span> <span class='ocrx_word' id='word_1_524' title='bbox 1303 4591 1737 4661; x_wconf 86' lang='grc' dir='ltr'>περιγενόμενοι.</span> <span class='ocrx_word' id='word_1_525' title='bbox 1764 4588 1869 4649; x_wconf 71' lang='grc' dir='ltr'><strong>Οὖ-</strong></span> 
     </span>
    </p>
   </div>
   <div class='ocr_carea' id='block_1_80' title="bbox 294 4676 1867 4756">
    <p class='ocr_par' dir='ltr' id='par_1_80' title="bbox 294 4676 1867 4756">
     <span class='ocr_line' id='line_1_80' title="bbox 294 4676 1867 4756; baseline 0.012 -34"><span class='ocrx_word' id='word_1_526' title='bbox 294 4686 368 4724; x_wconf 87' lang='grc' dir='ltr'><strong>τοι</strong></span> <span class='ocrx_word' id='word_1_527' title='bbox 420 4676 728 4744; x_wconf 78' lang='grc' dir='ltr'>τοιγαροῦν</span> <span class='ocrx_word' id='word_1_528' title='bbox 766 4676 859 4729; x_wconf 78' lang='grc' dir='ltr'>τὸν</span> <span class='ocrx_word' id='word_1_529' title='bbox 906 4678 1042 4748; x_wconf 83' lang='grc' dir='ltr'>πρὸς</span> <span class='ocrx_word' id='word_1_530' title='bbox 1093 4681 1220 4743; x_wconf 77' lang='grc' dir='ltr'>τοὺς</span> <span class='ocrx_word' id='word_1_531' title='bbox 1270 4681 1568 4747; x_wconf 81' lang='grc' dir='ltr'>Οὐενετοὺς</span> <span class='ocrx_word' id='word_1_532' title='bbox 1629 4686 1867 4756; x_wconf 81' lang='grc' dir='ltr'>πόλεμον</span> 
     </span>
    </p>
   </div>
   <div class='ocr_carea' id='block_1_81' title="bbox 294 4766 1868 4849">
    <p class='ocr_par' dir='ltr' id='par_1_81' title="bbox 294 4766 1868 4849">
     <span class='ocr_line' id='line_1_81' title="bbox 294 4766 1868 4849; baseline 0.011 -35"><span class='ocrx_word' id='word_1_533' title='bbox 294 4766 708 4835; x_wconf 80' lang='grc' dir='ltr'>ἀναιρούμενοι,</span> <span class='ocrx_word' id='word_1_534' title='bbox 744 4768 935 4836; x_wconf 84' lang='grc' dir='ltr'>ὀλίγου</span> <span class='ocrx_word' id='word_1_535' title='bbox 965 4769 1079 4823; x_wconf 83' lang='grc' dir='ltr'>δεῖν</span> <span class='ocrx_word' id='word_1_536' title='bbox 1142 4773 1242 4841; x_wconf 74' lang='grc' dir='ltr'>τὴν</span> <span class='ocrx_word' id='word_1_537' title='bbox 1302 4773 1461 4826; x_wconf 86' lang='grc' dir='ltr'>πόλιν</span> <span class='ocrx_word' id='word_1_538' title='bbox 1513 4775 1687 4847; x_wconf 78' lang='grc' dir='ltr'>αὐτὴν</span> <span class='ocrx_word' id='word_1_539' title='bbox 1726 4779 1868 4849; x_wconf 75' lang='grc' dir='ltr'>εχει-</span> 
     </span>
    </p>
   </div>
   <div class='ocr_carea' id='block_1_82' title="bbox 298 4852 1870 4933">
    <p class='ocr_par' dir='ltr' id='par_1_82' title="bbox 298 4852 1870 4933">
     <span class='ocr_line' id='line_1_82' title="bbox 298 4852 1870 4933; baseline 0.011 -28"><span class='ocrx_word' id='word_1_540' title='bbox 298 4852 568 4921; x_wconf 78' lang='grc' dir='ltr'>ρὼσαντο,</span> <span class='ocrx_word' id='word_1_541' title='bbox 600 4858 1041 4924; x_wconf 75' lang='grc' dir='ltr'>ἐπιπλεύσαντες</span> <span class='ocrx_word' id='word_1_542' title='bbox 1097 4864 1349 4933; x_wconf 89' lang='grc' dir='ltr'>τριήρεσι</span> <span class='ocrx_word' id='word_1_543' title='bbox 1398 4866 1493 4919; x_wconf 72' lang='grc' dir='ltr'>καὶ</span> <span class='ocrx_word' id='word_1_544' title='bbox 1536 4868 1727 4921; x_wconf 77' lang='grc' dir='ltr'>ναυσὶν</span> <span class='ocrx_word' id='word_1_545' title='bbox 1776 4871 1870 4922; x_wconf 78' lang='grc' dir='ltr'><strong>ἐπὶ</strong></span> 
     </span>
    </p>
   </div>
   <div class='ocr_carea' id='block_1_83' title="bbox 292 4948 1868 5021">
    <p class='ocr_par' dir='ltr' id='par_1_83' title="bbox 292 4948 1868 5021">
     <span class='ocr_line' id='line_1_83' title="bbox 292 4948 1868 5021; baseline 0.014 -26"><span class='ocrx_word' id='word_1_546' title='bbox 292 4948 392 4997; x_wconf 86' lang='grc' dir='ltr'><strong>τῶν</strong></span> <span class='ocrx_word' id='word_1_547' title='bbox 422 4949 716 5002; x_wconf 71' lang='grc' dir='ltr'>Οὐενετῶν</span> <span class='ocrx_word' id='word_1_548' title='bbox 746 4950 969 5021; x_wconf 86' lang='grc' dir='ltr'>λιμένα,</span> <span class='ocrx_word' id='word_1_549' title='bbox 1001 4954 1098 5007; x_wconf 80' lang='grc' dir='ltr'><strong>καὶ</strong></span> <span class='ocrx_word' id='word_1_550' title='bbox 1129 4955 1637 5021; x_wconf 78' lang='grc' dir='ltr'>είσελθόντεςκατὰ</span> <span class='ocrx_word' id='word_1_551' title='bbox 1676 4962 1736 5015; x_wconf 83' lang='grc' dir='ltr'><strong>τὺ</strong></span> <span class='ocrx_word' id='word_1_552' title='bbox 1774 4963 1868 5016; x_wconf 71' lang='grc' dir='ltr'><strong>ἐπὶ</strong></span> 
     </span>
    </p>
   </div>
   <div class='ocr_carea' id='block_1_84' title="bbox 294 5038 1867 5126">
    <p class='ocr_par' dir='ltr' id='par_1_84' title="bbox 294 5038 1867 5126">
     <span class='ocr_line' id='line_1_84' title="bbox 294 5038 1867 5126; baseline 0.011 -37"><span class='ocrx_word' id='word_1_553' title='bbox 294 5038 525 5112; x_wconf 71' lang='grc' dir='ltr'>Κλιζόην</span> <span class='ocrx_word' id='word_1_554' title='bbox 565 5043 642 5097; x_wconf 79' lang='grc'><strong>⁷⁷.</strong></span> <span class='ocrx_word' id='word_1_555' title='bbox 672 5044 833 5106; x_wconf 85' lang='grc' dir='ltr'>Πόλις</span> <span class='ocrx_word' id='word_1_556' title='bbox 861 5044 916 5096; x_wconf 80' lang='grc' dir='ltr'>δὲ</span> <span class='ocrx_word' id='word_1_557' title='bbox 943 5045 1124 5099; x_wconf 85' lang='grc' dir='ltr'>αὐτῶν</span> <span class='ocrx_word' id='word_1_558' title='bbox 1147 5048 1405 5116; x_wconf 76' lang='grc' dir='ltr'>οἰκεῖται,</span> <span class='ocrx_word' id='word_1_559' title='bbox 1433 5051 1539 5121; x_wconf 83' lang='grc' dir='ltr'>ὅπη</span> <span class='ocrx_word' id='word_1_560' title='bbox 1560 5052 1624 5123; x_wconf 80' lang='grc' dir='ltr'>δὴ</span> <span class='ocrx_word' id='word_1_561' title='bbox 1648 5056 1673 5106; x_wconf 90' lang='grc' dir='ltr'><strong>ό</strong></span> <span class='ocrx_word' id='word_1_562' title='bbox 1703 5054 1867 5126; x_wconf 80' lang='grc' dir='ltr'>λιμὴν</span> 
     </span>
    </p>
   </div>
   <div class='ocr_carea' id='block_1_85' title="bbox 292 5134 1865 5217">
    <p class='ocr_par' dir='ltr' id='par_1_85' title="bbox 292 5134 1865 5217">
     <span class='ocr_line' id='line_1_85' title="bbox 292 5134 1865 5217; baseline 0.011 -33"><span class='ocrx_word' id='word_1_563' title='bbox 292 5134 461 5200; x_wconf 86' lang='grc' dir='ltr'>μέγας</span> <span class='ocrx_word' id='word_1_564' title='bbox 522 5150 587 5187; x_wconf 79' lang='grc' dir='ltr'>τι</span> <span class='ocrx_word' id='word_1_565' title='bbox 614 5134 711 5200; x_wconf 81' lang='grc' dir='ltr'>ὢν,</span> <span class='ocrx_word' id='word_1_566' title='bbox 742 5137 839 5189; x_wconf 82' lang='grc' dir='ltr'>καὶ</span> <span class='ocrx_word' id='word_1_567' title='bbox 891 5138 1292 5203; x_wconf 82' lang='grc' dir='ltr'>πεντακοσίους</span> <span class='ocrx_word' id='word_1_568' title='bbox 1344 5142 1594 5207; x_wconf 87' lang='grc' dir='ltr'>σταδίους</span> <span class='ocrx_word' id='word_1_569' title='bbox 1638 5146 1865 5217; x_wconf 86' lang='grc' dir='ltr'>διήκων,</span> 
     </span>
    </p>
   </div>
   <div class='ocr_carea' id='block_1_86' title="bbox 291 5220 1867 5311">
    <p class='ocr_par' dir='ltr' id='par_1_86' title="bbox 291 5220 1867 5311">
     <span class='ocr_line' id='line_1_86' title="bbox 291 5220 1867 5311; baseline 0.011 -36"><span class='ocrx_word' id='word_1_570' title='bbox 291 5223 443 5295; x_wconf 83' lang='grc' dir='ltr'>λήγει</span> <span class='ocrx_word' id='word_1_571' title='bbox 469 5229 530 5290; x_wconf 84' lang='grc' dir='ltr'>ὲς</span> <span class='ocrx_word' id='word_1_572' title='bbox 564 5230 667 5300; x_wconf 77' lang='grc' dir='ltr'><strong>τὴν</strong></span> <span class='ocrx_word' id='word_1_573' title='bbox 696 5230 841 5283; x_wconf 77' lang='grc' dir='ltr'>κατὰ</span> <span class='ocrx_word' id='word_1_574' title='bbox 870 5232 963 5285; x_wconf 84' lang='grc' dir='ltr'>τὸν</span> <span class='ocrx_word' id='word_1_575' title='bbox 989 5230 1275 5303; x_wconf 66' lang='grc' dir='ltr'>Ἠριδανὸν</span> <span class='ocrx_word' id='word_1_576' title='bbox 1304 5234 1514 5305; x_wconf 78' lang='grc' dir='ltr'>χώραν.</span> <span class='ocrx_word' id='word_1_577' title='bbox 1552 5220 1738 5311; x_wconf 66' lang='grc' dir='ltr'>Ταύτῄ</span> <span class='ocrx_word' id='word_1_578' title='bbox 1758 5240 1867 5310; x_wconf 84' lang='grc' dir='ltr'><strong>γάρ</strong></span> 
     </span>
    </p>
   </div>
   <div class='ocr_carea' id='block_1_87' title="bbox 303 5318 1867 5391">
    <p class='ocr_par' dir='ltr' id='par_1_87' title="bbox 303 5318 1867 5391">
     <span class='ocr_line' id='line_1_87' title="bbox 303 5318 1867 5391; baseline 0.01 -20"><span class='ocrx_word' id='word_1_579' title='bbox 303 5318 589 5388; x_wconf 75' lang='grc' dir='ltr'>Ἠριδανὸς</span> <span class='ocrx_word' id='word_1_580' title='bbox 624 5321 799 5391; x_wconf 81' lang='grc' dir='ltr'>μέγας</span> <span class='ocrx_word' id='word_1_581' title='bbox 835 5340 895 5377; x_wconf 83' lang='grc' dir='ltr'><strong>τε</strong></span> <span class='ocrx_word' id='word_1_582' title='bbox 924 5324 1035 5378; x_wconf 82' lang='grc' dir='ltr'><strong>τῶν</strong></span> <span class='ocrx_word' id='word_1_583' title='bbox 1091 5326 1234 5379; x_wconf 81' lang='grc' dir='ltr'>κατὰ</span> <span class='ocrx_word' id='word_1_584' title='bbox 1276 5328 1376 5382; x_wconf 64' lang='grc' dir='ltr'>τὴν</span> <span class='ocrx_word' id='word_1_585' title='bbox 1406 5328 1641 5384; x_wconf 85' lang='grc' dir='ltr'>Ἰταλίαν</span> <span class='ocrx_word' id='word_1_586' title='bbox 1698 5350 1867 5387; x_wconf 82' lang='grc' dir='ltr'>ποτα-</span> 
     </span>
    </p>
   </div>
   <div class='ocr_carea' id='block_1_88' title="bbox 1964 3209 3545 3281">
    <p class='ocr_par' dir='ltr' id='par_1_88' title="bbox 1964 3209 3545 3281">
     <span class='ocr_line' id='line_1_88' title="bbox 1964 3209 3545 3281; baseline -0.007 -6"><span class='ocrx_word' id='word_1_587' title='bbox 1964 3226 2089 3275; x_wconf 88' lang='lat' dir='ltr'><strong>rent</strong></span> <span class='ocrx_word' id='word_1_588' title='bbox 2114 3217 2382 3274; x_wconf 83' lang='lat' dir='ltr'><strong>adversus</strong></span> <span class='ocrx_word' id='word_1_589' title='bbox 2415 3214 2667 3281; x_wconf 67' lang='lat' dir='ltr'><strong>Graecos,</strong></span> <span class='ocrx_word' id='word_1_590' title='bbox 2703 3213 3022 3269; x_wconf 86' lang='lat' dir='ltr'><strong>continente</strong></span> <span class='ocrx_word' id='word_1_591' title='bbox 3067 3226 3175 3265; x_wconf 93' lang='lat' dir='ltr'><strong>non</strong></span> <span class='ocrx_word' id='word_1_592' title='bbox 3208 3209 3545 3271; x_wconf 84' lang='lat' dir='ltr'><strong>abstinuere.</strong></span> 
     </span>
    </p>
   </div>
   <div class='ocr_carea' id='block_1_89' title="bbox 1964 3302 3547 3380">
    <p class='ocr_par' dir='ltr' id='par_1_89' title="bbox 1964 3302 3547 3380">
     <span class='ocr_line' id='line_1_89' title="bbox 1964 3302 3547 3380; baseline -0.008 -13"><span class='ocrx_word' id='word_1_593' title='bbox 1964 3325 2157 3371; x_wconf 85' lang='lat' dir='ltr'><strong>verum</strong></span> <span class='ocrx_word' id='word_1_594' title='bbox 2191 3309 2463 3380; x_wconf 70' lang='lat' dir='ltr'><strong>regionem</strong></span> <span class='ocrx_word' id='word_1_595' title='bbox 2485 3305 2607 3374; x_wconf 87' lang='lat' dir='ltr'><strong>ejus</strong></span> <span class='ocrx_word' id='word_1_596' title='bbox 2638 3319 2748 3359; x_wconf 85' lang='lat' dir='ltr'><strong>non</strong></span> <span class='ocrx_word' id='word_1_597' title='bbox 2768 3302 3038 3358; x_wconf 90' lang='lat' dir='ltr'><strong>modicam</strong></span> <span class='ocrx_word' id='word_1_598' title='bbox 3066 3308 3121 3356; x_wconf 88' lang='lat' dir='ltr'><strong>et</strong></span> <span class='ocrx_word' id='word_1_599' title='bbox 3144 3302 3405 3371; x_wconf 85' lang='lat' dir='ltr'><strong>optimam</strong></span> <span class='ocrx_word' id='word_1_600' title='bbox 3434 3314 3547 3356; x_wconf 61' lang='lat' dir='ltr'><strong>suae</strong></span> 
     </span>
    </p>
   </div>
   <div class='ocr_carea' id='block_1_90' title="bbox 1964 3391 3544 3469">
    <p class='ocr_par' dir='ltr' id='par_1_90' title="bbox 1964 3391 3544 3469">
     <span class='ocr_line' id='line_1_90' title="bbox 1964 3391 3544 3469; baseline -0.007 -11"><span class='ocrx_word' id='word_1_601' title='bbox 1964 3401 2160 3459; x_wconf 87' lang='lat' dir='ltr'><strong>ditioni</strong></span> <span class='ocrx_word' id='word_1_602' title='bbox 2184 3401 2442 3469; x_wconf 81' lang='lat' dir='ltr'><strong>junxere.</strong></span> <span class='ocrx_word' id='word_1_603' title='bbox 2469 3396 2673 3453; x_wconf 87' lang='lat' dir='ltr'><strong>Urbem</strong></span> <span class='ocrx_word' id='word_1_604' title='bbox 2696 3409 2917 3465; x_wconf 91' lang='lat' dir='ltr'><strong>quoque</strong></span> <span class='ocrx_word' id='word_1_605' title='bbox 2938 3408 3092 3449; x_wconf 88' lang='lat' dir='ltr'><strong>suam</strong></span> <span class='ocrx_word' id='word_1_606' title='bbox 3116 3391 3544 3448; x_wconf 85' lang='lat' dir='ltr'><strong>munitissimam</strong></span> 
     </span>
    </p>
   </div>
   <div class='ocr_carea' id='block_1_91' title="bbox 1965 3482 3543 3565">
    <p class='ocr_par' dir='ltr' id='par_1_91' title="bbox 1965 3482 3543 3565">
     <span class='ocr_line' id='line_1_91' title="bbox 1965 3482 3543 3565; baseline -0.008 -17"><span class='ocrx_word' id='word_1_607' title='bbox 1965 3493 2435 3565; x_wconf 65' lang='lat' dir='ltr'><strong>prastitere.cum</strong></span> <span class='ocrx_word' id='word_1_608' title='bbox 2463 3503 2584 3544; x_wconf 87' lang='lat' dir='ltr'><strong>eam</strong></span> <span class='ocrx_word' id='word_1_609' title='bbox 2615 3496 2669 3543; x_wconf 88' lang='lat' dir='ltr'><strong>et</strong></span> <span class='ocrx_word' id='word_1_610' title='bbox 2697 3483 2875 3539; x_wconf 86' lang='lat' dir='ltr'><strong>navali</strong></span> <span class='ocrx_word' id='word_1_611' title='bbox 2913 3483 3267 3554; x_wconf 89' lang='lat' dir='ltr'><strong>pedestrique</strong></span> <span class='ocrx_word' id='word_1_612' title='bbox 3294 3482 3543 3551; x_wconf 75' lang='lat' dir='ltr'><strong>potentia</strong></span> 
     </span>
    </p>
   </div>
   <div class='ocr_carea' id='block_1_92' title="bbox 1965 3573 3546 3646">
    <p class='ocr_par' dir='ltr' id='par_1_92' title="bbox 1965 3573 3546 3646">
     <span class='ocr_line' id='line_1_92' title="bbox 1965 3573 3546 3646; baseline -0.009 -6"><span class='ocrx_word' id='word_1_613' title='bbox 1965 3585 2271 3641; x_wconf 75' lang='lat' dir='ltr'><strong>auxissent.</strong></span> <span class='ocrx_word' id='word_1_614' title='bbox 2298 3579 2599 3635; x_wconf 71' lang='lat' dir='ltr'><strong>Discordia:</strong></span> <span class='ocrx_word' id='word_1_615' title='bbox 2630 3577 2764 3646; x_wconf 90' lang='lat' dir='ltr'><strong>ipsis</strong></span> <span class='ocrx_word' id='word_1_616' title='bbox 2791 3576 3222 3630; x_wconf 87' lang='lat' dir='ltr'><strong>intercesserant</strong></span> <span class='ocrx_word' id='word_1_617' title='bbox 3242 3589 3364 3631; x_wconf 80' lang='lat' dir='ltr'><strong>cum</strong></span> <span class='ocrx_word' id='word_1_618' title='bbox 3394 3573 3546 3642; x_wconf 85' lang='lat' dir='ltr'><strong>Epiri</strong></span> 
     </span>
    </p>
   </div>
   <div class='ocr_carea' id='block_1_93' title="bbox 1964 3663 3547 3738">
    <p class='ocr_par' dir='ltr' id='par_1_93' title="bbox 1964 3663 3547 3738">
     <span class='ocr_line' id='line_1_93' title="bbox 1964 3663 3547 3738; baseline -0.008 -6"><span class='ocrx_word' id='word_1_619' title='bbox 1964 3678 2218 3733; x_wconf 86' lang='lat' dir='ltr'><strong>ducibus.</strong></span> <span class='ocrx_word' id='word_1_620' title='bbox 2242 3671 2478 3728; x_wconf 86' lang='lat' dir='ltr'><strong>Proinde</strong></span> <span class='ocrx_word' id='word_1_621' title='bbox 2505 3670 2560 3727; x_wconf 90' lang='lat' dir='ltr'><strong>id</strong></span> <span class='ocrx_word' id='word_1_622' title='bbox 2587 3669 2787 3726; x_wconf 90' lang='lat' dir='ltr'><strong>bellum</strong></span> <span class='ocrx_word' id='word_1_623' title='bbox 2821 3667 3039 3738; x_wconf 76' lang='lat' dir='ltr'><strong>longius</strong></span> <span class='ocrx_word' id='word_1_624' title='bbox 3072 3666 3311 3721; x_wconf 87' lang='lat' dir='ltr'><strong>duravit.</strong></span> <span class='ocrx_word' id='word_1_625' title='bbox 3335 3663 3547 3733; x_wconf 89' lang='lat' dir='ltr'><strong>Opibus</strong></span> 
     </span>
    </p>
   </div>
   <div class='ocr_carea' id='block_1_94' title="bbox 1965 3756 3547 3831">
    <p class='ocr_par' dir='ltr' id='par_1_94' title="bbox 1965 3756 3547 3831">
     <span class='ocr_line' id='line_1_94' title="bbox 1965 3756 3547 3831; baseline -0.01 -6"><span class='ocrx_word' id='word_1_626' title='bbox 1965 3768 2318 3829; x_wconf 74' lang='lat' dir='ltr'><strong>excellentes,</strong></span> <span class='ocrx_word' id='word_1_627' title='bbox 2346 3763 2627 3819; x_wconf 88' lang='lat' dir='ltr'><strong>civitatem</strong></span> <span class='ocrx_word' id='word_1_628' title='bbox 2668 3776 2825 3817; x_wconf 83' lang='lat' dir='ltr'><strong>suam</strong></span> <span class='ocrx_word' id='word_1_629' title='bbox 2881 3774 3134 3831; x_wconf 78' lang='lat' dir='ltr'><strong>magnam</strong></span> <span class='ocrx_word' id='word_1_630' title='bbox 3190 3756 3547 3812; x_wconf 84' lang='lat' dir='ltr'><strong>reddiderunt</strong></span> 
     </span>
    </p>
   </div>
   <div class='ocr_carea' id='block_1_95' title="bbox 1965 3847 3545 3932">
    <p class='ocr_par' dir='ltr' id='par_1_95' title="bbox 1965 3847 3545 3932">
     <span class='ocr_line' id='line_1_95' title="bbox 1965 3847 3545 3932; baseline -0.011 -15"><span class='ocrx_word' id='word_1_631' title='bbox 1965 3875 2133 3932; x_wconf 76' lang='lat' dir='ltr'><strong>opum</strong></span> <span class='ocrx_word' id='word_1_632' title='bbox 2164 3873 2417 3915; x_wconf 85' lang='lat' dir='ltr'><strong>accessu.</strong></span> <span class='ocrx_word' id='word_1_633' title='bbox 2443 3856 2716 3910; x_wconf 86' lang='lat' dir='ltr'><strong>Praeterea</strong></span> <span class='ocrx_word' id='word_1_634' title='bbox 2748 3853 3062 3923; x_wconf 79' lang='lat' dir='ltr'><strong>pontificem</strong></span> <span class='ocrx_word' id='word_1_635' title='bbox 3116 3849 3413 3903; x_wconf 80' lang='lat' dir='ltr'><strong>maximum</strong></span> <span class='ocrx_word' id='word_1_636' title='bbox 3443 3847 3545 3901; x_wconf 79' lang='lat' dir='ltr'><strong>Ro-</strong></span> 
     </span>
    </p>
   </div>
   <div class='ocr_carea' id='block_1_96' title="bbox 1967 3941 3547 4016">
    <p class='ocr_par' dir='ltr' id='par_1_96' title="bbox 1967 3941 3547 4016">
     <span class='ocr_line' id='line_1_96' title="bbox 1967 3941 3547 4016; baseline -0.011 -5"><span class='ocrx_word' id='word_1_637' title='bbox 1967 3969 2191 4010; x_wconf 90' lang='lat' dir='ltr'><strong>manum</strong></span> <span class='ocrx_word' id='word_1_638' title='bbox 2209 3951 2361 4005; x_wconf 85' lang='lat' dir='ltr'><strong>Italia</strong></span> <span class='ocrx_word' id='word_1_639' title='bbox 2384 3951 2667 4016; x_wconf 80' lang='lat' dir='ltr'><strong>Romaque</strong></span> <span class='ocrx_word' id='word_1_640' title='bbox 2693 3946 2910 4015; x_wconf 87' lang='lat' dir='ltr'><strong>pulsum</strong></span> <span class='ocrx_word' id='word_1_641' title='bbox 2939 3944 3006 3997; x_wconf 90' lang='lat' dir='ltr'><strong>ab</strong></span> <span class='ocrx_word' id='word_1_642' title='bbox 3032 3958 3159 4010; x_wconf 80' lang='lat' dir='ltr'><strong>rege</strong></span> <span class='ocrx_word' id='word_1_643' title='bbox 3188 3941 3422 3995; x_wconf 82' lang='lat' dir='ltr'><strong>barbaro</strong></span> <span class='ocrx_word' id='word_1_644' title='bbox 3445 3941 3547 4007; x_wconf 85' lang='lat'><strong>(5),</strong></span> 
     </span>
    </p>
   </div>
   <div class='ocr_carea' id='block_1_97' title="bbox 1967 4030 3546 4116">
    <p class='ocr_par' dir='ltr' id='par_1_97' title="bbox 1967 4030 3546 4116">
     <span class='ocr_line' id='line_1_97' title="bbox 1967 4030 3546 4116; baseline -0.011 -15"><span class='ocrx_word' id='word_1_645' title='bbox 1967 4047 2035 4101; x_wconf 91' lang='lat' dir='ltr'><strong>ad</strong></span> <span class='ocrx_word' id='word_1_646' title='bbox 2059 4044 2435 4116; x_wconf 81' lang='lat' dir='ltr'><strong>pontiﬁcatum</strong></span> <span class='ocrx_word' id='word_1_647' title='bbox 2458 4049 2513 4095; x_wconf 89' lang='lat' dir='ltr'><strong>et</strong></span> <span class='ocrx_word' id='word_1_648' title='bbox 2539 4037 2828 4107; x_wconf 86' lang='lat' dir='ltr'><strong>imperium</strong></span> <span class='ocrx_word' id='word_1_649' title='bbox 2854 4034 3217 4097; x_wconf 75' lang='lat' dir='ltr'><strong>reduxerunt,</strong></span> <span class='ocrx_word' id='word_1_650' title='bbox 3246 4030 3389 4084; x_wconf 92' lang='lat' dir='ltr'><strong>victo</strong></span> <span class='ocrx_word' id='word_1_651' title='bbox 3408 4030 3546 4084; x_wconf 85' lang='lat' dir='ltr'><strong>Bar-</strong></span> 
     </span>
    </p>
   </div>
   <div class='ocr_carea' id='block_1_98' title="bbox 1968 4120 3544 4203">
    <p class='ocr_par' dir='ltr' id='par_1_98' title="bbox 1968 4120 3544 4203">
     <span class='ocr_line' id='line_1_98' title="bbox 1968 4120 3544 4203; baseline -0.015 -7"><span class='ocrx_word' id='word_1_652' title='bbox 1968 4142 2106 4196; x_wconf 89' lang='lat' dir='ltr'><strong>baro</strong></span> <span class='ocrx_word' id='word_1_653' title='bbox 2130 4135 2309 4192; x_wconf 87' lang='lat' dir='ltr'><strong>navali</strong></span> <span class='ocrx_word' id='word_1_654' title='bbox 2338 4132 2546 4203; x_wconf 67' lang='lat' dir='ltr'><strong>priclio.</strong></span> <span class='ocrx_word' id='word_1_655' title='bbox 2582 4130 2761 4184; x_wconf 86' lang='lat' dir='ltr'><strong>Etiam</strong></span> <span class='ocrx_word' id='word_1_656' title='bbox 2782 4126 3050 4182; x_wconf 85' lang='lat' dir='ltr'><strong>adversus</strong></span> <span class='ocrx_word' id='word_1_657' title='bbox 3082 4122 3415 4186; x_wconf 85' lang='lat' dir='ltr'><strong>Januenses,</strong></span> <span class='ocrx_word' id='word_1_658' title='bbox 3447 4120 3544 4190; x_wconf 86' lang='lat' dir='ltr'><strong>qui</strong></span> 
     </span>
    </p>
   </div>
   <div class='ocr_carea' id='block_1_99' title="bbox 1967 4214 3544 4301">
    <p class='ocr_par' dir='ltr' id='par_1_99' title="bbox 1967 4214 3544 4301">
     <span class='ocr_line' id='line_1_99' title="bbox 1967 4214 3544 4301; baseline -0.013 -13"><span class='ocrx_word' id='word_1_659' title='bbox 1967 4230 2221 4301; x_wconf 73' lang='lat' dir='ltr'><strong>regiones</strong></span> <span class='ocrx_word' id='word_1_660' title='bbox 2253 4224 2518 4295; x_wconf 85' lang='lat' dir='ltr'><strong>quasdam</strong></span> <span class='ocrx_word' id='word_1_661' title='bbox 2542 4222 2705 4277; x_wconf 86' lang='lat' dir='ltr'><strong>isthic</strong></span> <span class='ocrx_word' id='word_1_662' title='bbox 2742 4228 2798 4275; x_wconf 89' lang='lat' dir='ltr'><strong>et</strong></span> <span class='ocrx_word' id='word_1_663' title='bbox 2850 4216 3175 4281; x_wconf 83' lang='lat' dir='ltr'><strong>maritimam</strong></span> <span class='ocrx_word' id='word_1_664' title='bbox 3195 4214 3364 4269; x_wconf 69' lang='lat' dir='ltr'><strong>Italia:</strong></span> <span class='ocrx_word' id='word_1_665' title='bbox 3392 4228 3544 4267; x_wconf 86' lang='lat' dir='ltr'><strong>oram</strong></span> 
     </span>
    </p>
   </div>
   <div class='ocr_carea' id='block_1_100' title="bbox 1973 4304 3546 4382">
    <p class='ocr_par' dir='ltr' id='par_1_100' title="bbox 1973 4304 3546 4382">
     <span class='ocr_line' id='line_1_100' title="bbox 1973 4304 3546 4382; baseline -0.013 -3"><span class='ocrx_word' id='word_1_666' title='bbox 1973 4334 2159 4379; x_wconf 86' lang='lat' dir='ltr'><strong>tenere</strong></span> <span class='ocrx_word' id='word_1_667' title='bbox 2193 4317 2540 4381; x_wconf 84' lang='lat' dir='ltr'><strong>videbantur,</strong></span> <span class='ocrx_word' id='word_1_668' title='bbox 2588 4311 2730 4369; x_wconf 90' lang='lat' dir='ltr'><strong>bello</strong></span> <span class='ocrx_word' id='word_1_669' title='bbox 2788 4317 3059 4382; x_wconf 88' lang='lat' dir='ltr'><strong>petentes,</strong></span> <span class='ocrx_word' id='word_1_670' title='bbox 3084 4307 3318 4379; x_wconf 88' lang='lat' dir='ltr'><strong>plurima</strong></span> <span class='ocrx_word' id='word_1_671' title='bbox 3345 4304 3546 4358; x_wconf 77' lang='lat' dir='ltr'><strong>milita-</strong></span> 
     </span>
    </p>
   </div>
   <div class='ocr_carea' id='block_1_101' title="bbox 1971 4398 3546 4472">
    <p class='ocr_par' dir='ltr' id='par_1_101' title="bbox 1971 4398 3546 4472">
     <span class='ocr_line' id='line_1_101' title="bbox 1971 4398 3546 4472; baseline -0.016 -3"><span class='ocrx_word' id='word_1_672' title='bbox 1971 4415 2053 4470; x_wconf 86' lang='lat' dir='ltr'><strong>ris</strong></span> <span class='ocrx_word' id='word_1_673' title='bbox 2081 4410 2298 4468; x_wconf 83' lang='lat' dir='ltr'><strong>virtutis</strong></span> <span class='ocrx_word' id='word_1_674' title='bbox 2321 4408 2467 4463; x_wconf 76' lang='lat' dir='ltr'><strong>facta</strong></span> <span class='ocrx_word' id='word_1_675' title='bbox 2495 4404 2757 4467; x_wconf 90' lang='lat' dir='ltr'><strong>edebant,</strong></span> <span class='ocrx_word' id='word_1_676' title='bbox 2824 4403 3149 4472; x_wconf 82' lang='lat' dir='ltr'><strong>plerumque</strong></span> <span class='ocrx_word' id='word_1_677' title='bbox 3174 4398 3372 4468; x_wconf 72' lang='lat' dir='ltr'><strong>pugnis</strong></span> <span class='ocrx_word' id='word_1_678' title='bbox 3444 4412 3546 4447; x_wconf 85' lang='lat' dir='ltr'><strong>na-</strong></span> 
     </span>
    </p>
   </div>
   <div class='ocr_carea' id='block_1_102' title="bbox 1973 4488 3546 4560">
    <p class='ocr_par' dir='ltr' id='par_1_102' title="bbox 1973 4488 3546 4560">
     <span class='ocr_line' id='line_1_102' title="bbox 1973 4488 3546 4560; baseline -0.013 0"><span class='ocrx_word' id='word_1_679' title='bbox 1973 4506 2183 4560; x_wconf 89' lang='lat' dir='ltr'><strong>valibus</strong></span> <span class='ocrx_word' id='word_1_680' title='bbox 2208 4502 2499 4559; x_wconf 86' lang='lat' dir='ltr'><strong>victoriam</strong></span> <span class='ocrx_word' id='word_1_681' title='bbox 2538 4496 2874 4552; x_wconf 88' lang='lat' dir='ltr'><strong>obtinentes.</strong></span> <span class='ocrx_word' id='word_1_682' title='bbox 2910 4491 3307 4545; x_wconf 74' lang='lat' dir='ltr'><strong>Atlanuenses</strong></span> <span class='ocrx_word' id='word_1_683' title='bbox 3342 4488 3546 4543; x_wconf 87' lang='lat' dir='ltr'><strong>bellum</strong></span> 
     </span>
    </p>
   </div>
   <div class='ocr_carea' id='block_1_103' title="bbox 1975 4583 3654 4655">
    <p class='ocr_par' dir='ltr' id='par_1_103' title="bbox 1975 4583 3654 4655">
     <span class='ocr_line' id='line_1_103' title="bbox 1975 4583 3654 4655; baseline -0.015 1"><span class='ocrx_word' id='word_1_684' title='bbox 1975 4601 2243 4655; x_wconf 85' lang='lat' dir='ltr'><strong>adversus</strong></span> <span class='ocrx_word' id='word_1_685' title='bbox 2298 4594 2542 4649; x_wconf 78' lang='lat' dir='ltr'><strong>Venetos</strong></span> <span class='ocrx_word' id='word_1_686' title='bbox 2574 4598 2875 4649; x_wconf 88' lang='lat' dir='ltr'><strong>sumentes,</strong></span> <span class='ocrx_word' id='word_1_687' title='bbox 2917 4583 3317 4655; x_wconf 83' lang='lat' dir='ltr'><strong>propemodum</strong></span> <span class='ocrx_word' id='word_1_688' title='bbox 3344 4583 3545 4635; x_wconf 91' lang='lat' dir='ltr'><strong>horum</strong></span> <span class='ocrx_word' id='word_1_689' title='bbox 3640 4591 3654 4603; x_wconf 84' lang='lat'>&#39;</span> 
     </span>
    </p>
   </div>
   <div class='ocr_carea' id='block_1_104' title="bbox 1979 4673 3546 4749">
    <p class='ocr_par' dir='ltr' id='par_1_104' title="bbox 1979 4673 3546 4749">
     <span class='ocr_line' id='line_1_104' title="bbox 1979 4673 3546 4749; baseline -0.017 0"><span class='ocrx_word' id='word_1_690' title='bbox 1979 4692 2171 4749; x_wconf 85' lang='lat' dir='ltr'><strong>urbem</strong></span> <span class='ocrx_word' id='word_1_691' title='bbox 2193 4691 2247 4744; x_wconf 91' lang='lat' dir='ltr'><strong>in</strong></span> <span class='ocrx_word' id='word_1_692' title='bbox 2268 4685 2603 4742; x_wconf 85' lang='lat' dir='ltr'><strong>deditionem</strong></span> <span class='ocrx_word' id='word_1_693' title='bbox 2648 4685 3003 4747; x_wconf 88' lang='lat' dir='ltr'><strong>acceperunt,</strong></span> <span class='ocrx_word' id='word_1_694' title='bbox 3032 4673 3268 4729; x_wconf 89' lang='lat' dir='ltr'><strong>navibus</strong></span> <span class='ocrx_word' id='word_1_695' title='bbox 3295 4682 3350 4727; x_wconf 86' lang='lat' dir='ltr'><strong>et</strong></span> <span class='ocrx_word' id='word_1_696' title='bbox 3381 4674 3546 4726; x_wconf 86' lang='lat' dir='ltr'><strong>trire-</strong></span> 
     </span>
    </p>
   </div>
   <div class='ocr_carea' id='block_1_105' title="bbox 1978 4770 3545 4841">
    <p class='ocr_par' dir='ltr' id='par_1_105' title="bbox 1978 4770 3545 4841">
     <span class='ocr_line' id='line_1_105' title="bbox 1978 4770 3545 4841; baseline -0.013 -7"><span class='ocrx_word' id='word_1_697' title='bbox 1978 4779 2163 4834; x_wconf 86' lang='lat' dir='ltr'><strong>mibus</strong></span> <span class='ocrx_word' id='word_1_698' title='bbox 2194 4774 2612 4841; x_wconf 74' lang='lat' dir='ltr'><strong>adnavigantes,</strong></span> <span class='ocrx_word' id='word_1_699' title='bbox 2643 4776 2697 4822; x_wconf 92' lang='lat' dir='ltr'><strong>et</strong></span> <span class='ocrx_word' id='word_1_700' title='bbox 2724 4780 2919 4821; x_wconf 91' lang='lat' dir='ltr'><strong>eorum</strong></span> <span class='ocrx_word' id='word_1_701' title='bbox 2947 4772 3166 4833; x_wconf 86' lang='lat' dir='ltr'><strong>portum</strong></span> <span class='ocrx_word' id='word_1_702' title='bbox 3194 4770 3545 4829; x_wconf 81' lang='lat' dir='ltr'><strong>occupantes.</strong></span> 
     </span>
    </p>
   </div>
   <div class='ocr_carea' id='block_1_106' title="bbox 1976 4852 3545 4939">
    <p class='ocr_par' dir='ltr' id='par_1_106' title="bbox 1976 4852 3545 4939">
     <span class='ocr_line' id='line_1_106' title="bbox 1976 4852 3545 4939; baseline -0.013 -13"><span class='ocrx_word' id='word_1_703' title='bbox 1976 4868 2212 4939; x_wconf 72' lang='lat' dir='ltr'><strong>ingressi</strong></span> <span class='ocrx_word' id='word_1_704' title='bbox 2242 4880 2306 4922; x_wconf 92' lang='lat' dir='ltr'><strong>eo</strong></span> <span class='ocrx_word' id='word_1_705' title='bbox 2338 4862 2444 4919; x_wconf 91' lang='lat' dir='ltr'><strong>loci</strong></span> <span class='ocrx_word' id='word_1_706' title='bbox 2480 4861 2571 4916; x_wconf 88' lang='lat' dir='ltr'><strong>ubi</strong></span> <span class='ocrx_word' id='word_1_707' title='bbox 2604 4859 2791 4914; x_wconf 82' lang='lat' dir='ltr'><strong>Clizoe</strong></span> <span class='ocrx_word' id='word_1_708' title='bbox 2821 4856 2933 4911; x_wconf 85' lang='lat' dir='ltr'><strong>sive</strong></span> <span class='ocrx_word' id='word_1_709' title='bbox 2958 4855 3148 4910; x_wconf 88' lang='lat' dir='ltr'><strong>Clodia</strong></span> <span class='ocrx_word' id='word_1_710' title='bbox 3173 4852 3247 4922; x_wconf 91' lang='lat'><strong>(6)</strong></span> <span class='ocrx_word' id='word_1_711' title='bbox 3269 4852 3417 4906; x_wconf 82' lang='lat' dir='ltr'><strong>fossa</strong></span> <span class='ocrx_word' id='word_1_712' title='bbox 3444 4857 3545 4905; x_wconf 74' lang='lat' dir='ltr'><strong>est.</strong></span> 
     </span>
    </p>
   </div>
   <div class='ocr_carea' id='block_1_107' title="bbox 1977 4941 3544 5016">
    <p class='ocr_par' dir='ltr' id='par_1_107' title="bbox 1977 4941 3544 5016">
     <span class='ocr_line' id='line_1_107' title="bbox 1977 4941 3544 5016; baseline -0.017 0"><span class='ocrx_word' id='word_1_713' title='bbox 1977 4959 2121 5016; x_wconf 87' lang='lat' dir='ltr'><strong>Urbs</strong></span> <span class='ocrx_word' id='word_1_714' title='bbox 2146 4956 2481 5011; x_wconf 82' lang='lat' dir='ltr'><strong>Venetorum</strong></span> <span class='ocrx_word' id='word_1_715' title='bbox 2515 4949 2619 5004; x_wconf 81' lang='lat' dir='ltr'><strong>sita</strong></span> <span class='ocrx_word' id='word_1_716' title='bbox 2653 4962 2718 5002; x_wconf 93' lang='lat' dir='ltr'><strong>eo</strong></span> <span class='ocrx_word' id='word_1_717' title='bbox 2742 4947 2874 5008; x_wconf 86' lang='lat' dir='ltr'><strong>loci,</strong></span> <span class='ocrx_word' id='word_1_718' title='bbox 2897 4944 2989 4998; x_wconf 88' lang='lat' dir='ltr'><strong>ubi</strong></span> <span class='ocrx_word' id='word_1_719' title='bbox 3027 4944 3180 4998; x_wconf 87' lang='lat' dir='ltr'><strong>lacus</strong></span> <span class='ocrx_word' id='word_1_720' title='bbox 3198 4941 3313 4995; x_wconf 89' lang='lat' dir='ltr'><strong>sive</strong></span> <span class='ocrx_word' id='word_1_721' title='bbox 3354 4946 3544 5008; x_wconf 86' lang='lat' dir='ltr'><strong>portus</strong></span> 
     </span>
    </p>
   </div>
   <div class='ocr_carea' id='block_1_108' title="bbox 1979 5032 3544 5122">
    <p class='ocr_par' dir='ltr' id='par_1_108' title="bbox 1979 5032 3544 5122">
     <span class='ocr_line' id='line_1_108' title="bbox 1979 5032 3544 5122; baseline -0.017 -14"><span class='ocrx_word' id='word_1_722' title='bbox 1979 5064 2214 5122; x_wconf 72' lang='lat' dir='ltr'><strong>magnus</strong></span> <span class='ocrx_word' id='word_1_723' title='bbox 2237 5047 2454 5109; x_wconf 88' lang='lat' dir='ltr'><strong>visitur,</strong></span> <span class='ocrx_word' id='word_1_724' title='bbox 2483 5042 2576 5111; x_wconf 91' lang='lat' dir='ltr'><strong>qui</strong></span> <span class='ocrx_word' id='word_1_725' title='bbox 2604 5041 2801 5111; x_wconf 80' lang='lat' dir='ltr'><strong>longus</strong></span> <span class='ocrx_word' id='word_1_726' title='bbox 2858 5037 3052 5091; x_wconf 88' lang='lat' dir='ltr'><strong>stadiis</strong></span> <span class='ocrx_word' id='word_1_727' title='bbox 3116 5032 3432 5103; x_wconf 82' lang='lat' dir='ltr'><strong>quingentis</strong></span> <span class='ocrx_word' id='word_1_728' title='bbox 3465 5044 3544 5122; x_wconf 79' lang='lat' dir='ltr'><strong>re-</strong></span> 
     </span>
    </p>
   </div>
   <div class='ocr_carea' id='block_1_109' title="bbox 1975 5120 3555 5216">
    <p class='ocr_par' dir='ltr' id='par_1_109' title="bbox 1975 5120 3555 5216">
     <span class='ocr_line' id='line_1_109' title="bbox 1975 5120 3555 5216; baseline -0.019 -17"><span class='ocrx_word' id='word_1_729' title='bbox 1975 5120 2193 5216; x_wconf 66' lang='lat' dir='ltr'><strong>gionem</strong></span> <span class='ocrx_word' id='word_1_730' title='bbox 2224 5136 2469 5192; x_wconf 82' lang='lat' dir='ltr'><strong>Eridano</strong></span> <span class='ocrx_word' id='word_1_731' title='bbox 2517 5133 2803 5188; x_wconf 83' lang='lat' dir='ltr'><strong>ﬁnitimam</strong></span> <span class='ocrx_word' id='word_1_732' title='bbox 2827 5128 3067 5197; x_wconf 75' lang='lat' dir='ltr'><strong>attingit.</strong></span> <span class='ocrx_word' id='word_1_733' title='bbox 3102 5123 3370 5176; x_wconf 72' lang='lat' dir='ltr'><strong>Eridanus</strong></span> <span class='ocrx_word' id='word_1_734' title='bbox 3399 5120 3555 5175; x_wconf 88' lang='lat' dir='ltr'><strong>enim</strong></span> 
     </span>
    </p>
   </div>
   <div class='ocr_carea' id='block_1_110' title="bbox 1976 5223 3556 5309">
    <p class='ocr_par' dir='ltr' id='par_1_110' title="bbox 1976 5223 3556 5309">
     <span class='ocr_line' id='line_1_110' title="bbox 1976 5223 3556 5309; baseline -0.019 -17"><span class='ocrx_word' id='word_1_735' title='bbox 1976 5238 2170 5309; x_wconf 89' lang='lat' dir='ltr'><strong>(quiet</strong></span> <span class='ocrx_word' id='word_1_736' title='bbox 2202 5230 2400 5301; x_wconf 88' lang='lat' dir='ltr'><strong>Padus)</strong></span> <span class='ocrx_word' id='word_1_737' title='bbox 2434 5227 2601 5282; x_wconf 81' lang='lat' dir='ltr'><strong>italiae</strong></span> <span class='ocrx_word' id='word_1_738' title='bbox 2650 5223 2847 5279; x_wconf 84' lang='lat' dir='ltr'><strong>ﬂnvius</strong></span> <span class='ocrx_word' id='word_1_739' title='bbox 2900 5234 3131 5289; x_wconf 76' lang='lat' dir='ltr'><strong>magnus</strong></span> <span class='ocrx_word' id='word_1_740' title='bbox 3164 5223 3357 5309; x_wconf 29' lang='lat' dir='ltr'><strong>esttet</strong></span> <span class='ocrx_word' id='word_1_741' title='bbox 3382 5224 3556 5309; x_wconf 72' lang='lat' dir='ltr'><strong>naves.</strong></span> 
     </span>
    </p>
   </div>
   <div class='ocr_carea' id='block_1_111' title="bbox 1973 5306 3544 5395">
    <p class='ocr_par' dir='ltr' id='par_1_111' title="bbox 1973 5306 3544 5395">
     <span class='ocr_line' id='line_1_111' title="bbox 1973 5306 3544 5395; baseline -0.021 -7"><span class='ocrx_word' id='word_1_742' title='bbox 1973 5306 2048 5388; x_wconf 84' lang='lat' dir='ltr'><strong>ibi</strong></span> <span class='ocrx_word' id='word_1_743' title='bbox 2068 5331 2122 5385; x_wconf 90' lang='lat' dir='ltr'><strong>in</strong></span> <span class='ocrx_word' id='word_1_744' title='bbox 2148 5342 2299 5384; x_wconf 85' lang='lat' dir='ltr'><strong>mare</strong></span> <span class='ocrx_word' id='word_1_745' title='bbox 2316 5322 2556 5395; x_wconf 81' lang='lat' dir='ltr'><strong>exponit.</strong></span> <span class='ocrx_word' id='word_1_746' title='bbox 2580 5319 2690 5375; x_wconf 90' lang='lat' dir='ltr'><strong>llac</strong></span> <span class='ocrx_word' id='word_1_747' title='bbox 2708 5317 2871 5388; x_wconf 79' lang='lat' dir='ltr'><strong>igitur</strong></span> <span class='ocrx_word' id='word_1_748' title='bbox 2890 5308 3244 5369; x_wconf 82' lang='lat' dir='ltr'><strong>Januensinni</strong></span> <span class='ocrx_word' id='word_1_749' title='bbox 3270 5306 3422 5376; x_wconf 78' lang='lat'><strong>101</strong></span> <span class='ocrx_word' id='word_1_750' title='bbox 3452 5318 3544 5357; x_wconf 75' lang='lat' dir='ltr'><strong>na.-</strong></span> 
     </span>
    </p>
   </div>
   <div class='ocr_carea' id='block_1_112' title="bbox 1565 5442 2252 5525">
    <p class='ocr_par' dir='ltr' id='par_1_112' title="bbox 1565 5442 2252 5525">
     <span class='ocr_line' id='line_1_112' title="bbox 1565 5442 2252 5525; baseline 0 -20"><span class='ocrx_word' id='word_1_751' title='bbox 1565 5446 1810 5508; x_wconf 72' lang='lat' dir='ltr'><strong>Notulm</strong></span> <span class='ocrx_word' id='word_1_752' title='bbox 1838 5442 2252 5525; x_wconf 82' lang='lat' dir='ltr'><strong>marginales.</strong></span> 
     </span>
    </p>
   </div>
   <div class='ocr_carea' id='block_1_113' title="bbox 352 5562 1004 5633">
    <p class='ocr_par' dir='ltr' id='par_1_113' title="bbox 352 5562 1004 5633">
     <span class='ocr_line' id='line_1_113' title="bbox 352 5562 1004 5633; baseline 0.005 -17"><span class='ocrx_word' id='word_1_753' title='bbox 352 5562 430 5627; x_wconf 75' lang='grc' dir='ltr'><strong>(ι)</strong></span> <span class='ocrx_word' id='word_1_754' title='bbox 446 5562 1004 5633; x_wconf 88' lang='lat' dir='ltr'><strong>Constantinopolim.</strong></span> 
     </span>
    </p>
   </div>
   <div class='ocr_carea' id='block_1_114' title="bbox 353 5632 1848 5705">
    <p class='ocr_par' dir='ltr' id='par_1_114' title="bbox 353 5632 1848 5705">
     <span class='ocr_line' id='line_1_114' title="bbox 353 5632 1848 5705; baseline 0.012 -18"><span class='ocrx_word' id='word_1_755' title='bbox 353 5632 431 5701; x_wconf 81' lang='lat'><strong>(5)</strong></span> <span class='ocrx_word' id='word_1_756' title='bbox 454 5634 754 5688; x_wconf 79' lang='lat' dir='ltr'><strong>Alexandri</strong></span> <span class='ocrx_word' id='word_1_757' title='bbox 776 5632 971 5705; x_wconf 73' lang='lat' dir='ltr'><strong>pentil’.</strong></span> <span class='ocrx_word' id='word_1_758' title='bbox 1009 5651 1132 5693; x_wconf 93' lang='lat' dir='ltr'><strong>cum</strong></span> <span class='ocrx_word' id='word_1_759' title='bbox 1171 5635 1451 5697; x_wconf 84' lang='lat' dir='ltr'><strong>Friderico</strong></span> <span class='ocrx_word' id='word_1_760' title='bbox 1515 5642 1848 5704; x_wconf 86' lang='lat' dir='ltr'><strong>Barbarossa</strong></span> 
     </span>
    </p>
   </div>
   <div class='ocr_carea' id='block_1_115' title="bbox 351 5749 1349 5825">
    <p class='ocr_par' dir='ltr' id='par_1_115' title="bbox 351 5749 1349 5825">
     <span class='ocr_line' id='line_1_115' title="bbox 351 5749 1349 5825; baseline 0.009 -25"><span class='ocrx_word' id='word_1_761' title='bbox 351 5749 397 5780; x_wconf 63' lang='grc' dir='ltr'><strong>’ν</strong></span> <span class='ocrx_word' id='word_1_762' title='bbox 423 5751 523 5803; x_wconf 83' lang='grc' dir='ltr'>ἐπί</span> <span class='ocrx_word' id='word_1_763' title='bbox 563 5760 659 5821; x_wconf 77' lang='grc' dir='ltr'><strong>τήν</strong></span> <span class='ocrx_word' id='word_1_764' title='bbox 682 5753 948 5807; x_wconf 81' lang='grc' dir='ltr'>Κλωδίαν.</span> <span class='ocrx_word' id='word_1_765' title='bbox 979 5753 1049 5807; x_wconf 81' lang='lat' dir='ltr'><strong>al.</strong></span> <span class='ocrx_word' id='word_1_766' title='bbox 1090 5752 1349 5825; x_wconf 75' lang='grc' dir='ltr'>Κλιζὸην.</span> 
     </span>
    </p>
   </div>
   <div class='ocr_carea' id='block_1_116' title="bbox 1960 5551 3323 5635">
    <p class='ocr_par' dir='ltr' id='par_1_116' title="bbox 1960 5551 3323 5635">
     <span class='ocr_line' id='line_1_116' title="bbox 1960 5551 3323 5635; baseline -0.019 -4"><span class='ocrx_word' id='word_1_767' title='bbox 1960 5573 2249 5631; x_wconf 87' lang='lat' dir='ltr'><strong>dissidium</strong></span> <span class='ocrx_word' id='word_1_768' title='bbox 2279 5587 2295 5626; x_wconf 87' lang='lat'><strong>:</strong></span> <span class='ocrx_word' id='word_1_769' title='bbox 2323 5584 2454 5623; x_wconf 90' lang='lat' dir='ltr'><strong>ann.</strong></span> <span class='ocrx_word' id='word_1_770' title='bbox 2491 5566 2649 5635; x_wconf 77' lang='lat' dir='ltr'><strong>i380,</strong></span> <span class='ocrx_word' id='word_1_771' title='bbox 2678 5560 2878 5621; x_wconf 83' lang='lat' dir='ltr'><strong>Sabell.</strong></span> <span class='ocrx_word' id='word_1_772' title='bbox 2915 5556 3052 5612; x_wconf 85' lang='lat' dir='ltr'><strong>Enn.</strong></span> <span class='ocrx_word' id='word_1_773' title='bbox 3073 5551 3128 5617; x_wconf 89' lang='lat'><strong>9,</strong></span> <span class='ocrx_word' id='word_1_774' title='bbox 3154 5552 3225 5606; x_wconf 91' lang='lat' dir='ltr'><strong>lih</strong></span> <span class='ocrx_word' id='word_1_775' title='bbox 3246 5567 3323 5607; x_wconf 87' lang='grc' dir='ltr'>ιιι.</span> 
     </span>
    </p>
   </div>
   <div class='ocr_carea' id='block_1_117' title="bbox 2032 5640 2571 5715">
    <p class='ocr_par' dir='ltr' id='par_1_117' title="bbox 2032 5640 2571 5715">
     <span class='ocr_line' id='line_1_117' title="bbox 2032 5640 2571 5715; baseline -0.007 -17"><span class='ocrx_word' id='word_1_776' title='bbox 2032 5645 2108 5715; x_wconf 85' lang='lat'><strong>(6)</strong></span> <span class='ocrx_word' id='word_1_777' title='bbox 2144 5642 2297 5699; x_wconf 84' lang='lat' dir='ltr'><strong>Nunc</strong></span> <span class='ocrx_word' id='word_1_778' title='bbox 2325 5640 2571 5696; x_wconf 74' lang='lat' dir='ltr'><strong>Chiozza.</strong></span> 
     </span>
    </p>
   </div>
  </div>
