4010 6208
467 370 561 434 ιυι

1612 388 1923 451 LAONICI
1963 392 2403 457 CHALCOCON
2416 401 2627 462 DYLE

3611 401 3713 464 12

465 500 559 539 ves
589 485 849 556 ingressas
876 490 930 543 in
981 499 1224 559 portum,
1250 493 1467 550 Clizocn
1497 511 1842 565 occuparunt
1872 514 1925 559 et
1959 506 2040 559 di-

2146 514 2285 580 μιῖιν,
2312 521 2404 571 καὶ
2440 522 2599 573 ναυσὶ
2627 521 2877 589 πλόϊμος,
2916 519 3052 590 πρὸς
3098 518 3270 590 ταύτῃ
3320 519 3383 590 δὴ
3410 520 3612 574 ἐκδιδοῖ
3658 524 3715 586 ἐς

465 579 773 646 ripuerunt.
807 584 927 648 Quo
960 582 1123 646 facto,
1153 587 1360 654 legatos
1422 589 1476 642 in
1510 592 1702 647 urbem
1768 595 2041 666 irejusse-

466 682 610 726 runt.
645 673 806 731 Cives
832 685 1013 732 autem
1054 692 1180 731 cum
1210 679 1265 734 in
1324 683 1551 754 ancipiti
1625 689 1899 744 bmrerent
1922 691 2038 749 dis-

464 765 717 829 crimine,
748 783 847 822 nec
868 770 1001 823 satis
1054 770 1183 839 quid
1238 769 1482 829 facerent
1544 778 1772 847 scirent,
1816 797 2037 851 respon-

466 853 664 909 derunt
696 872 757 912 se
813 866 1034 926 paratos
1095 877 1219 918 esse
1259 866 1442 921 facere
1500 884 1622 939 quae
1676 873 2039 942 imperassent

462 942 768 1002 Januenses
801 958 895 1002 :et
920 965 1039 1005 eam
1094 954 1409 1023 reipublicae
1464 959 1697 1016 formam
1753 966 2038 1035 amplexu—

468 1051 581 1100 ros,
614 1053 775 1107 quam
815 1041 916 1108 ipsi
966 1048 1458 1116 praascripsissent.
1494 1051 1786 1111 Jusserunt
1817 1074 2038 1128 quoque

463 1126 764 1185 Januenses
784 1141 963 1200 petere
984 1151 1103 1204 qua:
1124 1139 1340 1205 vellent,
1359 1146 1515 1210 quasi
1543 1160 1605 1200 ea
1629 1126 2038 1219 promptissime

463 1215 668 1273 daturi.
699 1220 1002 1281 Januenses
1035 1237 1093 1281 ut
1152 1230 1540 1290 intellexerunt
1587 1215 1915 1298 Venetorum
1944 1261 2034 1300 re-

463 1323 757 1380 sponsum,
786 1317 961 1385 magis
988 1319 1041 1372 in
1069 1335 1221 1391 spem
1256 1325 1534 1394 potiunda:
1556 1331 1710 1386 urbis
1741 1334 2035 1404 erigeban-

467 1409 577 1456 tur.
614 1401 856 1461 Proinde
896 1408 1278 1480 immoderate,
1313 1419 1458 1473 nulla
1488 1422 1643 1477 urbis
1702 1401 2035 1486 verecundia

464 1491 680 1549 inhibiti
707 1538 722 1565 ,
754 1503 1109 1570 respondent,
1136 1522 1198 1561 se
1220 1520 1426 1579 petere,
1447 1523 1503 1567 ut
1529 1515 1691 1571 liceat
1712 1519 1900 1575 urbem
1924 1532 2036 1579 tres

464 1583 581 1638 dies
621 1590 913 1648 continuos
939 1594 1201 1667 diripere.
1237 1600 1424 1672 Legati
1484 1606 1536 1660 in
1571 1612 1761 1666 urbem
1807 1618 2033 1682 reversi,

464 1679 784 1744 petitionem
815 1683 1173 1745 Januensiutn
1232 1708 1536 1764 exponunt.
1589 1701 1828 1760 Senatus
1855 1679 2033 1777 popu;

465 1770 657 1841 Iusque
697 1775 776 1830 ira
801 1779 1042 1845 percitus
1068 1793 1297 1854 propter
1332 1798 1439 1843 tam
1490 1790 1817 1850 insolentem
1849 1770 2035 1854 etim-

466 1865 806 1923 moderatam
828 1873 1177 1943 petitionem,
1201 1893 1388 1947 naves,
1413 1893 1691 1955 quotquot
1714 1897 2034 1961 potuerunt,

463 1958 724 2014 continuo
771 1961 1036 2022 militibus
1098 1968 1326 2038 implent
1381 1990 1705 2048 :navesque
1733 1958 2038 2051 solventes,

465 2049 519 2104 in
558 2051 737 2107 lacum
771 2054 1042 2114 feruntur.
1068 2060 1164 2117 His
1187 2064 1405 2122 obviam
1442 2085 1674 2143 pergunt
1704 2049 2038 2144 Januenses,

462 2142 862 2217 confestimque
888 2151 942 2205 in
968 2153 1089 2209 lacu
1123 2158 1310 2213 navale
1338 2163 1587 2228 praelium
1614 2142 2036 2238 commiserunt,

465 2231 519 2286 in
554 2249 663 2304 quo
698 2254 865 2309 penes
912 2242 1144 2301 Venetos
1176 2248 1405 2305 victoria
1440 2252 1561 2309 fuit.
1614 2257 1755 2312 Hinc
1779 2274 1903 2314 cum
1937 2231 2038 2317 bo:-

466 2338 578 2384 s:es
612 2336 762 2401 terga
785 2335 1010 2402 darent,
1031 2340 1311 2411 celerique
1340 2343 1468 2415 fuga
1494 2346 1819 2408 festinarent
1848 2354 1902 2408 in
1931 2356 2041 2410 Cli-

467 2440 625 2492 zoen,
646 2429 911 2485 continuo
944 2431 1136 2490 Veneti
1163 2437 1501 2499 adducentes
1527 2460 1691 2501 unam
1714 2448 1784 2502 de
1803 2463 2038 2505 numero

466 2532 689 2574 suarum
720 2525 938 2580 navium
971 2530 1290 2600 maximam,
1346 2550 1466 2591 eam
1507 2538 1910 2607 demerserunt,
1945 2542 2037 2599 ubi

467 2622 655 2680 portus
692 2620 1125 2688 augustissimus
1156 2634 1281 2680 erat
1319 2644 1334 2683 :
1368 2636 1422 2683 et
1448 2644 1578 2686 suos
1602 2642 1791 2701 portus
1815 2635 2039 2691 obstru-

464 2715 642 2772 entes,
684 2709 824 2765 t‘ame
848 2712 1156 2773 Januenses
1201 2720 1255 2774 in
1303 2720 1490 2778 Clizne
1507 2728 1839 2786 constitutos
1868 2745 2041 2801 expu-

464 2813 636 2892 gnare
665 2800 1001 2859 nitebantur.
1028 2805 1335 2867 Tentabant
1356 2814 1568 2871 obsessi
1593 2819 1793 2874 fossam
1831 2820 1907 2892 (7)
1934 2800 2040 2892 qua
2088 2816 2091 2819 Α

465 2906 534 2944 ει
562 2890 801 2948 Eridano
837 2896 889 2951 in
926 2906 1146 2967 portum
1171 2903 1413 2972 venitur,
1458 2920 1728 2966 conantes
1753 2890 2041 2982 perfodere

463 3000 587 3039 eum
613 2986 819 3057 locum,
841 2989 888 3045 si
910 3006 1021 3061 quo
1038 2994 1200 3052 modo
1221 3010 1449 3068 possent
1466 3018 1635 3060 naves
1658 3005 1713 3060 in
1735 3005 2038 3065 Eridanum

468 3081 768 3150 impellere:
790 3085 885 3142 sed
905 3100 1047 3159 opus
1071 3089 1220 3146 istud
1242 3092 1384 3148 haud
1408 3095 1695 3154 absolvere
1716 3110 2038 3170 potuerunt.

2141 608 2239 674 τήν
2271 609 2572 665 θάλασσαν.
2597 613 2784 684 Ταύτῃ
2818 613 2866 650 ⁷⁸
2900 613 2963 681 δὴ
3001 608 3097 665 οὖν
3125 611 3470 664 εἰσελθοῦσαι
3500 614 3554 665 αἱ
3583 613 3711 683 νῆες

2140 700 2248 751 τὼν
2275 699 2514 754 ἰανυΐων
2544 703 2639 756 ἐπὶ
2663 704 2757 756 τὸν
2792 703 3075 757 Ούενετῶν
3110 704 3331 773 λιμένα,
3362 706 3465 773 τήν
3488 721 3544 756 τε
3576 706 3712 757 Klt-

2142 785 2342 855 ζόηνπ
2400 782 2696 860 κατέσχον,
2748 792 2845 844 καὶ
2902 792 3387 861 ἠνδραποδίσαντο.
3450 794 3603 847 Μετὰ
3655 794 3712 847 δὲ

2139 879 2314 934 ταῦτα
2343 882 2476 950 πρὸς
2498 883 2595 954 τὴν
2623 885 2780 937 πόλιν
2812 884 3285 955 διεπρεσϐεύοντο,
3308 887 3405 938 καὶ
3428 887 3487 939 ὲν
3517 887 3710 957 ἀπόρῳ

2139 973 2197 1026 δὲ
2226 974 2378 1035 ὄντες
2413 975 2463 1026 οἱ
2493 977 2550 1027 ὲν
2596 977 2661 1046 τῇ
2717 977 2893 1041 πόλει,
2925 978 3021 1030 καὶ
3052 977 3152 1029 οὐκ
3182 977 3396 1045 ἔχοντες
3443 978 3472 1030 ὅ
3534 995 3587 1031 τι
3622 979 3714 1045 γέ-

2140 1078 2360 1124 νωνται,
2421 1062 2735 1115 ὑπακοῦσαί
2784 1080 2845 1116 τε
2880 1066 2994 1126 τοῖς
3040 1063 3289 1125 Ἰανυῖοις
3328 1063 3541 1131 ἔφασαν
3573 1064 3715 1117 ἔτοιο

2143 1173 2234 1225 μοι
2269 1150 2430 1220 εἶναι,
2473 1156 2568 1209 καὶ
2596 1157 2671 1221 ὡς
2691 1157 2754 1209 ἂν
2792 1157 2979 1224 δοκοίη
3029 1157 3214 1219 αὐτοῖς
3266 1156 3543 1225 ξύμφορον
3574 1150 3712 1209 εἷναι

2138 1249 2233 1302 καὶ
2263 1250 2591 1319 ἐπιτήδειον,
2642 1250 3043 1313 πολιτεύεσθαι,
3100 1251 3196 1303 καὶ
3242 1248 3513 1303 αἰτεῖσθαι
3571 1253 3714 1319 σφᾶς

2138 1344 2391 1395 ἐκέλευον
2421 1344 2448 1395 ὅ
2477 1362 2529 1397 τι
2558 1343 2865 1414 βούλονται,
2899 1347 2975 1409 ὡς
3022 1347 3416 1418 παρεχομένων
3475 1347 3710 1416 ἑτοίμως

2138 1437 2322 1498 αὺτοῖς
2353 1438 2544 1492 ταῦτα.
2586 1438 2649 1491 Οί
2676 1439 2730 1491 δὲ
2756 1438 2831 1500 ὡς
2863 1439 2931 1491 τὰ
2965 1441 3119 1507 παρὰ
3161 1439 3260 1507 τῆς
3292 1439 3504 1503 πόλεως
3545 1439 3710 1509 ἠκου-

2141 1547 2261 1593 σαν,
2293 1532 2526 1600 οἰόμενοι
2548 1533 2645 1602 τὴν
2667 1535 2823 1586 πόλιν
2855 1532 3288 1603 καταλήψεσθαι,
3313 1533 3710 1601 αὑθαδέστερόν

2138 1640 2197 1676 τε
2232 1624 2600 1691 ἀπεκρίναντο
2647 1626 2712 1692 τῇ
2770 1624 3057 1695 πρεσϐείᾳ,
3118 1623 3374 1694 φάμενοι,
3439 1624 3709 1677 αἰτεῖσθαι

2140 1717 2338 1780 αὐτοὺς
2370 1718 2461 1769 ἐπὶ
2486 1718 2634 1784 τρεῖς
2694 1715 2910 1786 ἡμέρας
2951 1715 3153 1781 ἐξεῖναι
3205 1716 3357 1786 σφίσι
3386 1717 3708 1786 διαρπάζειν

2141 1810 2238 1878 τὴν
2261 1809 2437 1865 πόλιν.
2473 1811 2536 1863 Οἱ
2571 1810 2751 1878 μέντοι
2773 1810 3033 1879 πρέσϐεις
3086 1810 3163 1873 ὡς
3192 1809 3586 1881 ἀπεχώρησαν,
3616 1811 3711 1863 καὶ

2138 1902 2208 1954 τὰ
2265 1901 2643 1969 ἐπεσταλμένα
2703 1904 2769 1972 τῇ
2825 1902 2980 1955 πόλει
3036 1902 3420 1972 παρήγγελλον
3449 1904 3517 1965 ⁸⁸,
3563 1902 3597 1971 ἥ
3652 1919 3708 1954 τε

2142 1993 2446 2063 σύγκλητος
2484 1978 2578 2047 καὶ
2602 1995 2629 2046 ὁ
2654 1993 2829 2063 δῆμος
2858 1993 3287 2065 ὑπεραχθεσθεὶς
3318 1997 3386 2065 τῇ
3428 1994 3535 2046 τῶν
3559 1994 3714 2047 πολει-

2143 2084 2283 2154 μίων
2310 2085 2574 2158 αὐθαδείᾳ
2607 2104 2665 2139 τε
2704 2085 2800 2139 καὶ
2859 2085 3148 2158 ἀκολασία,
3198 2085 3332 2149 ναῦς
3399 2101 3459 2137 τε
3510 2086 3713 2138 αὐτίκα

2140 2180 2487 2248 ἐπλήρωσαν,
2522 2180 2651 2243 ὅσας
2678 2179 2964 2248 ἠδύναντο,
3016 2181 3115 2233 καὶ
3149 2178 3305 2231 αὐτοὶ
3346 2178 3405 2239 ἒς
3453 2177 3552 2239 τὰς
3582 2176 3713 2238 ναῦς

2141 2271 2440 2341 ἐμϐάντες,
2471 2271 2734 2340 ἀνήγοντο
2768 2271 2827 2333 ἐς
2865 2269 2956 2323 τὸν
3004 2270 3219 2337 λιμένα.
3275 2268 3343 2322 Οτ
3374 2286 3431 2320 τε
3493 2266 3715 2319 Ἰανυΐοι

2140 2366 2527 2434 ἀντανήγοντο,
2585 2366 2677 2418 καὶ
2726 2364 2923 2417 αὐτίκα
2963 2366 3021 2417 ὲν
3055 2363 3133 2432 τῷ
3176 2363 3350 2431 λιμένι
3396 2360 3709 2427 ἐναυμάχη-

2143 2474 2264 2520 σαν,
2303 2456 2399 2509 καὶ
2431 2456 2584 2509 οὐδὲν
2610 2456 2773 2509 πλέον
2833 2456 2993 2525 ἔσχον
3051 2457 3103 2509 oi
3136 2455 3406 2519 πολέμιοι.
3442 2451 3709 2504 Ἐνταῦθα

2140 2551 2215 2613 ὡς
2244 2550 2619 2621 ἐπετράποντο
2652 2549 2950 2619 ἡττημένοι
2994 2550 3075 2612 είς
3124 2547 3363 2616 Κλιζόην
3403 2546 3472 2607 ⁸¹,
3511 2544 3710 2598 αἰτίκα

2141 2643 2189 2695 οἱ
2221 2642 2479 2703 Οὐενετοὶ
2505 2640 2640 2697 ναῦν
2666 2641 2947 2710 φέροντες,
2973 2643 3239 2711 μεγίστην
3253 2642 3364 2694 τῶν
3389 2642 3538 2710 παρὰ
3559 2640 3710 2708 σφίσι

2142 2736 2301 2801 νεῶν,
2335 2736 2392 2798 ἐς
2418 2735 2480 2786 τὸ
2518 2734 2614 2787 τοῦ
2647 2734 2869 2803 λιμένος
2894 2735 3091 2803 στόμα,
3228 2734 3293 2804 δὴ
3343 2733 3599 2805 εἰσῄεσαν
3660 2733 3711 2784 oi

2142 2829 2429 2898 πολέμιοι,
2464 2827 2771 2881 κατέδυσαν
2801 2827 2965 2881 αὐτοῦ
2992 2826 3164 2898 ταύτῃ
3190 2843 3203 2858 ⁸
3239 2827 3356 2880 ἐστι
3400 2826 3509 2896 γὰρ
3554 2825 3710 2879 τοῦτο

2144 2919 2498 2983 στενώτατον,
2529 2919 2627 2973 καὶ
2654 2920 2715 2971 τὸ
2739 2918 2915 2988 στόμα
2943 2918 3379 2983 ὲπικλείσαντες,
3415 2918 3559 2988 λιμῷ
3586 2917 3711 2979 τοῦς

2152 3013 2416 3076 Ἰανυΐους
2465 3012 2523 3065 ἐν
2583 3012 2650 3083 τῇ
2686 3010 2894 3082 Κλιζόῃ
2935 3011 2982 3043 ⁸⁸
3018 3011 3502 3081 ἐξεπολιόρκησαν.
3548 3012 3709 3064 Ἀπε-

2142 3107 2414 3175 πειρῶντο
2443 3104 2542 3175 μὶν
2570 3099 2665 3158 οῦν
2698 3104 2794 3159 καὶ
2825 3107 2925 3174 τῆς
2947 3102 3237 3174 διώρυχος,
3339 3105 3402 3157 ὲκ
3422 3102 3515 3156 τοῦ
3551 3102 3710 3173 Ἥρι-

469 3175 673 3233 Patavii
701 3178 812 3234 dux
833 3179 1122 3239 Carrarius
1160 3183 1392 3243 Venetis
1423 3188 1683 3257 infestus,
1729 3192 2039 3252 Januenses

2144 3197 2306 3251 δανοῦ
2337 3198 2396 3260 ἐς
2425 3196 2518 3251 τὸν
2542 3196 2738 3266 λιμένα
2766 3196 3100 3266 ἀφικνεῖται,
3142 3175 3547 3265 διορύσσοντες,
3566 3196 3707 3250 ὥστε

465 3268 521 3324 in
540 3269 662 3327 ‘isto
711 3273 901 3341 praelio
923 3276 1153 3347 adjuvit.
1214 3276 1383 3336 Fame
1435 3280 1603 3351 igitur
1625 3284 1845 3351 domiti,
1885 3287 2039 3342 dedi-

463 3360 594 3417 dere
632 3377 691 3418 se
719 3360 1027 3423 Januenses
1052 3366 1302 3438 Venetis,
1347 3380 1406 3427 ut
1454 3389 1643 3430 secum
1680 3380 1791 3445 ’pro
1813 3379 2042 3435 arbitrio

466 3470 568 3509 suo
598 3464 841 3527 agerent.
868 3458 937 3514 Et
988 3460 1213 3530 quidem
1247 3462 1340 3519 hic
1386 3466 1706 3535 turpissime
1740 3470 2040 3538 perierunt,

467 3565 567 3606 nec
601 3567 746 3607 nunc
776 3554 912 3610 satis
938 3553 1102 3623 digne
1147 3557 1393 3620 tractati,
1452 3567 1513 3613 ut
1534 3561 1588 3615 in
1611 3570 1891 3630 posterum
1922 3581 2043 3621 mo-

467 3644 655 3699 destiae
686 3660 957 3703 memores
982 3660 1187 3704 essent.
1216 3649 1310 3706 His
1330 3652 1384 3705 in
1439 3653 1586 3709 hunc
1635 3655 1855 3710 modum
1884 3673 2046 3727 pera-

471 3738 599 3801 ctis,
642 3737 749 3790 vim
783 3737 909 3792 belli
932 3749 1124 3795 contra
1153 3740 1518 3798 Januensium
1576 3747 1766 3802 urbem
1806 3758 2038 3806 vertere.

466 3830 603 3883 Cum
622 3840 800 3885 autem
834 3830 1036 3901 ubique
1058 3833 1305 3891 victoriis
1328 3836 1617 3893 navalibus
1647 3839 2040 3908 clarescerent,

467 3930 521 3973 et
560 3922 862 3976 mirabilem
891 3923 995 3978 sibi
1030 3925 1252 3995 'ubique
1311 3929 1606 3997 potentiam
1668 3942 1947 4000 pararent,
1987 3943 2045 3990 et

466 4011 631 4065 etiam
655 4012 794 4069 alios
839 4013 1000 4077 mari,
1025 4016 1171 4084 quod
1219 4032 1339 4073 eam
1391 4020 1666 4089 regionem
1699 4022 1878 4088 alluit,
1914 4039 2043 4094 pro-

470 4104 747 4169 biberent,
780 4107 983 4162 accidit
1005 4117 1065 4161 ut
1099 4108 1459 4166 Januensium
1510 4113 1640 4170 urbs
1667 4114 1719 4169 in
1746 4117 2042 4172 maximam

468 4197 858 4253 devolveretur
876 4199 1269 4265 calamitatem,
1302 4210 1363 4256 ut
1391 4218 1513 4274 qua:
1556 4206 1845 4262 navalibus
1898 4222 2042 4277 prae-

469 4290 557 4344 liis
613 4288 749 4343 nihil
801 4291 1036 4360 amplius
1096 4292 1311 4348 elﬁcere
1373 4304 1595 4365 posset:
1640 4307 1827 4365 postea
1877 4297 2042 4354 etiam

467 4378 675 4435 Patavii
708 4381 1010 4453 principem
1033 4383 1131 4438 ulti
1163 4394 1317 4450 sunt,
1380 4387 1570 4443 urbem
1616 4387 1735 4455 ejus
1752 4389 2044 4446 obsidione

468 4484 797 4542 prementes.
854 4474 1059 4531 Deinde
1117 4476 1340 4532 adducti
1377 4478 1430 4532 in
1468 4480 1865 4547 continentem,
1919 4496 2038 4537 eam

2142 3278 2431 3359 ἐκπλόῖμοι
2481 3289 2739 3358 γενέσθαι
2795 3292 2919 3352 ταῖς
2969 3289 3182 3343 ἑαυτῶν
3239 3290 3433 3343 ναυσὶν
3494 3290 3586 3342 ἐπὶ
3620 3288 3713 3342 τὸν

2154 3381 2461 3450 Ἠριδανόν.
2504 3381 2647 3435 Ἀλλ’
2672 3382 2771 3452 οὐχ
2791 3374 2893 3435 οἷοί
2918 3399 2979 3435 τε
3029 3382 3282 3451 ἐγένοντο
3330 3383 3526 3436 ἁνῦσαι
3550 3376 3711 3451 τοῦρ-

2143 3489 2263 3541 γον.
2300 3473 2508 3527 Ἐδόκει
2537 3473 2593 3527 δὲ
2618 3474 2713 3528 καὶ
2752 3474 2781 3526 ό
2850 3475 3128 3528 Παταϐίου
3174 3475 3399 3544 ἡγεμὼν
3444 3474 3718 3544 συμϐαλέ-

2146 3563 2276 3617 σθαι
2310 3565 2497 3629 αὐτοῖς
2554 3566 2610 3629 ἐς
2651 3566 2743 3620 τόν
2791 3584 2851 3619 τε
2892 3565 3148 3635 πόλεμον,
3180 3565 3436 3635 διάφορος
3493 3565 3569 3618 ὢν
3600 3567 3713 3627 τοῖς

2145 3654 2451 3717 Οὑενετοίς.
2507 3656 2673 3710 Οὗτοι
2702 3657 2799 3726 μὲν
2857 3657 3003 3727 λιμῷ
3050 3656 3567 3725 ὲκπολιορκηθέντες
3609 3657 3716 3710 ὑπὸ

2143 3749 2243 3816 τῆς
2271 3748 2548 3801 Οὑενετῶν
2572 3750 2802 3811 πόλεως,
2833 3749 3139 3818 παρέδοσαν
3163 3751 3304 3818 σφᾶς
3329 3750 3562 3821 χρῆσθαι
3596 3750 3719 3819 σφίο

2146 3858 2253 3903 σιν,
2292 3840 2320 3894 ὅ
2352 3856 2405 3892 τι
2440 3838 2744 3907 βούλονται,
2774 3841 2870 3892 καὶ
2907 3840 3083 3914 ταύτῃ
3117 3842 3374 3911 αἴσχιστα
3412 3842 3713 3907 ἀπώλοντο,

2144 3933 2245 3985 οὐκ
2289 3931 2365 3983 ἔτι
2395 3931 2544 3997 παρὰ
2569 3930 2633 3982 τὸ
2662 3931 2784 3984 δέον
2816 3932 3303 4000 σωφρονισθέντες.
3368 3933 3431 3985 Ol
3466 3933 3524 3986 δὲ
3575 3933 3715 3989 Obs-

2146 4023 2291 4075 νετοὶ
2329 4023 2390 4077 τὸ
2418 4023 2527 4076 ἀπὸ
2552 4022 2706 4077 τοῦδε
2740 4025 3163 4094 στρατευόμενοι
3187 4028 3281 4080 ἐπὶ
3322 4027 3420 4096 τὴν
3474 4026 3716 4081 ἰανυτων

2147 4115 2325 4181 πόλιν,
2358 4116 2602 4187 πολλαχῆ
2634 4133 2692 4169 τε
2736 4117 3149 4187 ἱναυμάχησαν,
3180 4120 3275 4172 καὶ
3303 4119 3711 4189 ἐπεκράτησαν,

2145 4207 2378 4276 δύναμίν
2410 4226 2470 4262 τε
2523 4207 2977 4278 περιποιούμενοι
3014 4209 3073 4263 τὸ
3112 4210 3222 4264 ἀπὸ
3273 4211 3453 4276 τοῦδε,
3490 4212 3584 4264 καὶ
3618 4211 3715 4280 τῆς

2147 4302 2417 4369 θαλάττης
2448 4294 2741 4371 εἴργοντες,
2796 4303 2897 4372 τῆς
2930 4302 3054 4357 κατ’
3100 4304 3316 4372 ἐκείνην
3358 4304 3458 4375 τὴν
3508 4304 3711 4375 χώραν.

2149 4390 2319 4444 Ἔνθα
2341 4391 2405 4461 δὴ
2436 4389 2689 4460 ξυμφορᾷ
2712 4390 3039 4461 περιέπεσεν
3072 4394 3105 4463 ἡ
3130 4394 3287 4454 πόλις
3314 4393 3477 4463 αὕτη,
3542 4394 3603 4445 οὑ
3646 4396 3710 4463 τῇ

2149 4484 2503 4555 ἐπιτυχούσῃ,
2531 4483 2624 4537 διὼ
2661 4484 2761 4547 τὰς
2804 4485 3117 4555 ναυμαχίας
3148 4487 3374 4548 ταύτας.
3434 4486 3708 4554 Ὕστερον

465 4566 810 4621 constantius
834 4567 939 4623 sibi
968 4568 1241 4632 subjicere
1274 4569 1665 4635 moliebantur,
1689 4581 1747 4625 ut
1772 4574 1878 4628 sibi
1908 4588 2040 4629 con-

2155 4577 2360 4647 μέντοι,
2428 4576 2521 4630 τόν
2556 4593 2617 4629 τε
2647 4575 2743 4629 τοῦ
2795 4576 3067 4629 Παταϐίου
3122 4578 3367 4647 ἡγεμόνα
3410 4574 3717 4641 τισάμενοι,

466 4662 749 4713 tirmarent
780 4661 1114 4716 continentis
1148 4661 1463 4731 imperium.
1491 4662 1557 4716 Et
1589 4678 1714 4718 cum
1742 4672 1905 4720 antea
1939 4666 2043 4720 im-

469 4752 678 4821 perium
704 4752 980 4823 quoddam
1009 4752 1087 4825 (8)
1119 4755 1172 4808 in
1219 4754 1447 4824 regione
1485 4756 1820 4812 continentis
1852 4770 2042 4814 essent

464 4846 634 4909 nacti,
682 4854 737 4901 et
769 4845 1080 4901 Tervisium
1147 4847 1339 4903 urbem
1365 4848 1564 4917 opibus
1618 4847 1905 4905 ﬂorentem
1936 4867 2040 4907 suo

462 4935 709 4991 dominio
749 4936 1092 5006 adjicientes.
1144 4938 1422 5004 regionem
1487 4940 2039 5009 praatergressisunt,

462 5044 589 5084 cum
626 5028 966 5084 odioincula:
1002 5030 1159 5099 102
1187 5030 1337 5086 urbis
1385 5030 1751 5087 incitarentur
1776 5032 2040 5088 adversus

463 5143 596 5183 suos
625 5125 922 5197 principes.
948 5128 1080 5182 Cum
1099 5127 1383 5182 Patavium
1413 5129 1467 5182 in
1496 5137 1825 5199 potestatem
1858 5130 2039 5185 venis-

358 5258 367 5259 κ
462 5231 570 5287 set,
590 5222 754 5274 etiam
782 5220 1169 5275 Carrariorum
1197 5236 1227 5276 e
1261 5220 1468 5276 familia
1489 5222 1601 5276 dux
1631 5232 1823 5277 contra
1843 5238 1940 5277 eos
1963 5222 2044 5275 iu-

465 5314 710 5369 surresit
750 5330 764 5368 :
798 5322 993 5369 contra
1028 5330 1191 5383 quem
1228 5314 1416 5371 bostili
1440 5316 1626 5370 animo
1658 5313 2041 5384 procedentes,

2144 4672 2246 4740 τήν
2273 4688 2332 4725 τε
2392 4670 2549 4724 πόλιν
2599 4670 3018 4740 επολιόρκησαν,
3084 4671 3180 4722 καὶ
3231 4668 3564 4735 ὑπαγόμενοι
3614 4668 3716 4737 τῆς

2142 4763 2401 4834 ἠπείρου,
2461 4762 2774 4831 ἀντείχοντο
2847 4760 3196 4830 βεϐαιότερον
3246 4759 3305 4821 ἐς
3377 4760 3539 4826 σφᾶς.
3590 4760 3716 4829 ἔχυ-

2144 4856 2368 4928 ροῦντες
2402 4857 2460 4917 ὲς
2493 4855 2594 4922 τὴν
2646 4855 2823 4924 ἀρχὴν
2849 4853 2946 4919 τῆς
3000 4850 3251 4920 ἠπείρου.
3283 4851 3394 4903 Καὶ
3451 4852 3715 4922 πρότερον

2150 4950 2332 5019 μέντοι
2358 4948 2537 5016 ἀρχήν
2575 4962 2695 4998 τινα
2742 4947 2799 5005 ἐς
2824 4943 2922 5011 τὴν
2965 4942 3104 4996 κατὰ
3120 4942 3221 5010 τήν
3250 4943 3481 5027 ἦπειρον
3510 4945 3715 5013 κτησά-

2149 5054 2324 5109 μενοι,
2365 5038 2457 5089 καὶ
2481 5034 2784 5105 Τερϐύζιον
2823 5032 2976 5085 πόλιν
3016 5031 3312 5102 εὐδαίμονα
3342 5036 3711 5107 ἐπικτησάμε-

2143 5146 2247 5193 νοι,
2268 5128 2581 5197 προήγαγον
2598 5124 2698 5194 τὴν
2720 5121 2906 5192 χώραν
2929 5122 3130 5189 αὐτῶν,
3148 5124 3503 5195 ἐπαγομένων
3520 5128 3598 5197 τῷ
3616 5131 3713 5195 τῆς

2146 5222 2350 5284 πόλεως
2384 5219 2530 5290 ἔχθει
2559 5216 2637 5288 τῷ
2675 5216 2923 5287 σφετέρῳ
2954 5217 3091 5287 πρὸς
3128 5218 3256 5282 τοὺς
3309 5219 3460 5289 σφῶν
3511 5221 3711 5289 ἡγεμό.

2142 5330 2261 5375 νας,
2291 5312 2384 5365 καὶ
2414 5306 2826 5377 ὑστερούμενοι,
2851 5306 2926 5368 ὼς
2945 5308 3005 5361 τὸ
3035 5308 3310 5362 Πατάϐιον
3340 5309 3710 5381 ἐχειρώσαντο

1732 5456 1983 5518 Νοίυιω
2014 5452 2427 5532 marginales.

539 5586 616 5658 (7)
652 5585 988 5643 Brundulum
1022 5595 1237 5643 vocant.

535 5757 584 5788 ’⁸
614 5754 836 5823 ταύτην.
874 5754 933 5808 ιι.
962 5766 1018 5807 ιιι
1056 5757 1106 5809 in
1140 5769 1280 5816 cont.
1360 5761 1401 5794 "’
1434 5761 1702 5815 Κλωδίαν.
1732 5760 1803 5815 al.
1831 5771 1883 5814 ut
1917 5762 1967 5814 in
1998 5766 2046 5816 τ.

470 5828 513 5857 ⁶¹²
549 5825 778 5879 Κλωδία.
808 5826 877 5881 al.
913 5836 965 5877 ut
1005 5827 1055 5879 in
1087 5843 1133 5881 ε.

2217 5584 2292 5653 (8)
2322 5582 2681 5650 Foroiulium.

2163 5761 2207 5791 λθ
2245 5758 2545 5830 itm/7:2)”
2583 5758 2657 5811 at.
2693 5766 2743 5809 ut
2786 5755 2834 5807 in
2868 5769 2912 5806 ε.
2985 5751 3028 5784 ⁸¹
3060 5752 3321 5806 Κλωδίαν.
3362 5751 3436 5805 al.
3486 5761 3539 5805 ut
3566 5753 3618 5806 in
3658 5768 3705 5807 ι’.
