4010 6208
510 304 613 368 195

508 512 837 568 diolanensi.
901 508 1001 565 Ubi
1055 515 1241 563 autem
1300 507 1718 571 intellexerunt,
1751 520 1877 560 eum
1912 503 2094 574 regio-

510 620 633 659 nem
692 602 945 672 prodere,
999 610 1053 655 et
1083 600 1367 657 colludere
1416 615 1542 654 cum
1596 598 1887 653 Mediolani
1931 596 2091 663 duce,

510 706 734 766 captum
788 691 1215 751 interfecerunt.
1270 691 1340 747 Et
1410 700 1673 746 vocantes
1727 690 2092 745 Franciscum

504 785 834 859 cognomine
859 783 1145 850 Sfortiam,
1187 784 1385 840 ducem
1433 784 1488 839 in
1507 783 1689 840 locum
1723 785 1896 840 occisi
1958 783 2092 838 sub-

468 890 795 953 .rogarunt.
848 877 1063 948 Magnis
1142 893 1367 949 quoque
1428 877 1735 932 honoribus
1782 892 1907 932 eum
1950 876 2092 931 απε-

503 981 728 1035 cerunt,
763 986 887 1025 cum
914 970 1079 1024 etiam
1110 980 1270 1024 antea
1300 970 1475 1041 gloria
1520 969 1691 1024 multa
1717 968 2090 1040 praefulgeret,

503 1076 561 1120 et
613 1079 723 1118 non
793 1061 1043 1118 modicas
1095 1060 1336 1133 Liguria:
1385 1062 1550 1118 urbes
1608 1062 1931 1131 subjiceret.
1988 1060 2094 1115 lm-

505 1157 716 1225 periutn
767 1155 1110 1210 continentis
1145 1157 1210 1209 ad
1249 1170 1498 1225 magnam
1552 1155 1852 1224 petentiam
1891 1154 2093 1224 produ-

501 1248 606 1302 xit.
663 1248 740 1304 Ut
798 1258 984 1303 autem
1037 1246 1191 1302 ltalia
1246 1248 1300 1302 in
1336 1257 1534 1316 partes
1579 1246 1798 1313 abierit,
1866 1248 2087 1318 quidam

507 1340 776 1408 Venetos,
843 1340 1065 1411 quidam
1122 1339 1354 1411 Ligures
1397 1340 1573 1395 secuti
1616 1340 1670 1394 in
1729 1339 2091 1409 sequentibus

503 1442 561 1485 ut
620 1433 804 1486 omnia
845 1430 1211 1502 contigerint,
1252 1433 1550 1486 enarrabo.
1586 1430 1775 1486 Redeo
1823 1446 1970 1487 nunc
2014 1432 2079 1487 ad

506 1523 841 1579 Venetorum
889 1524 1105 1587 urbem,
1150 1539 1272 1593 qua:
1330 1530 1628 1592 utramque
1672 1521 1952 1577 fortunam
2000 1538 2093 1578 ex-

503 1626 655 1686 perta
705 1626 808 1672 est.
875 1615 1070 1672 Veneti
1101 1617 1270 1688 igitur
1315 1616 1603 1684 elegerunt
1634 1615 1702 1669 ad
1767 1615 1820 1670 id
1885 1614 2088 1670 bellum

501 1708 801 1775 gerendum
865 1711 1035 1763 duces
1092 1709 1173 1763 rei
1241 1707 1499 1762 militaris
1554 1706 1753 1777 peritia
1811 1708 2081 1777 insignes,

502 1808 560 1853 ut
613 1816 780 1869 supra
835 1802 1020 1865 docui,
1060 1800 1203 1855 inter
1243 1815 1386 1870 quos
1434 1799 1833 1854 Carminiolam
1863 1799 2081 1870 impen-

497 1892 614 1946 sius
684 1892 961 1945 faventem
1021 1892 1188 1946 rebus
1249 1892 1407 1946 ducis
1460 1889 1781 1955 Mediolani,
1858 1875 2084 1961 captum

498 1992 792 2049 necarunt,
828 1983 959 2055 quia
992 1999 1118 2039 eum
1153 1983 1258 2039 sibi
1293 1983 1531 2039 insidias
1558 1992 1775 2038 struere
1797 1985 2081 2054 cognitum

498 2077 795 2131 habebant.
860 2076 1123 2132 Sfortiam
1176 2075 1416 2131 accitum
1453 2076 1509 2131 in
1553 2076 1739 2131 locum
1794 2076 2081 2133 interfecti

496 2170 691 2223 ducem
726 2170 1088 2226 substituere.

497 2259 648 2323 σφίσι
704 2258 983 2325 λαϐόντες,

498 2370 678 2420 μενοι.

1339 2503 1367 2535 Ι

563 2542 913 2601 Manifestum
942 2545 1319 2603 arbitroresse
1348 2546 1628 2612 omnibus,
1664 2544 1901 2603 Venetos
1934 2564 2075 2621 prae-

493 2636 663 2691 claris
693 2637 1035 2693 facinoribus
1071 2638 1277 2708 ubique
1302 2638 1491 2704 editis,
1544 2639 1693 2694 mille
1731 2641 1894 2695 annis
1939 2655 2070 2697 nsos

496 2744 761 2801 prospero
796 2746 979 2785 rerum
1031 2746 1317 2795 successu,
1373 2732 1673 2801 plurimum
1725 2733 1919 2801 gloriae
1977 2747 2072 2802 per

494 2822 815 2877 universam
861 2822 1075 2876 italiam
1110 2821 1256 2891 apud
1319 2838 1512 2878 omnes
1581 2826 1851 2881 tenuisse.
1917 2824 2074 2892 Quod

495 2923 679 2968 autem
715 2915 995 2970 civitatem
1030 2930 1188 2970 suam
1216 2916 1294 2970 ita
1321 2918 1693 2987 reguaverint,
1728 2928 1787 2973 ut
1814 2918 2078 2973 inviolata

1644 297 1953 361 LAONICI
2002 298 2680 361 CIIALCOCONDYLE

507 421 703 476 ducent
758 417 1031 484 fecerunt,
1058 430 1223 488 quem
1251 423 1636 487 opposuerunt
1675 413 1914 485 principi
1972 413 2077 467 Me-

508 512 837 568 diolanensi.
901 508 1001 565 Ubi
1055 515 1241 563 autem
1300 507 1718 571 intellexerunt,
1751 520 1877 560 eum
1912 503 2077 574 regio-

510 620 633 659 nem
692 602 945 664 prodere,
999 610 1053 655 et
1083 600 1367 657 colludere
1416 615 1542 654 cum
1596 598 1887 653 Mediolani
1931 596 2077 652 duce

2190 418 2246 479 ἐς
2267 415 2360 468 τὸν
2392 415 2649 485 πόλεμον,
2680 412 2879 484 ἄνδρας
2910 428 2967 464 τε
2994 409 3234 479 ἀγαθοὺς
3262 412 3343 519 ,ιι
3369 409 3530 491 Ra"
3550 428 3644 481 ρας
3680 414 3778 482 ἄρ..

2196 527 2391 579 χοντας
2437 508 2539 562 οὐκ
2582 509 2792 577 ὀλίγης.
2859 506 3084 576 Πρῶτον
3129 427 3778 664 μέντψὲμινιόλαν

2197 601 2503 664 στρατηγὸν
2533 600 2741 653 εἴλοντο
2769 599 2863 651 ἐπὶ
2890 600 2983 652 τὸν
3026 596 3293 664 Λιγυρία..
3426 614 3610 664 χοντα.
3665 600 3778 651 Καὶ

1079 2261 1434 2315 ἀπέκτειναν.
1516 2258 1748 2330 Φορτίαν
1845 2260 1903 2314 δὲ
2002 2263 2542 2336 μεταπεμψάμενοι,

3337 338 3445 401 κᾶΐ
3464 343 3503 412 ‘3
3519 410 3529 412 μ
3680 292 3777 356 196

2196 527 2391 579 χοντας
2437 508 2539 562 οὐκ
2582 509 2792 577 ὀλίγης.
2859 506 3084 576 Πρῶτον
3129 506 3779 583 μέντοσξιᾶδμιμινιόλαν

2197 601 2503 671 στρατηγὸν
2533 600 2741 653 εἴλοντο
2769 599 2863 651 ἐπὶ
2890 600 2983 652 τὸν
3026 596 3610 667 ΛιγυρίαΜχοντα.
3665 600 3778 651 Καὶ

2195 696 2270 757 ὡς
2300 693 2469 747 αὑτοῦ
2498 693 2751 747 συνίεσαν
2784 691 3279 759 καταπροδιδόντος
3312 680 3413 761 τὴν
3446 692 3635 763 χώραν
3677 694 3774 746 καὶ

2198 784 2585 855 συντιθεμένου
2619 784 2698 854 τῷ
2724 783 3063 838 Μεδιολάνου
3099 783 3360 853 ήγεμόνι,
3390 783 3771 853 συλλαϐόντες,

2196 880 2430 944 ἀνεῖλον,
2463 878 2559 932 καὶ
2588 877 2964 945 Φραντζίσκον
2994 877 3085 929 τὸν
3143 878 3376 948 Φορτίαν
3406 879 3643 949 ἐπίκλην
3679 898 3773 949 με-

2194 969 2638 1039 ταπεμπόμενοι,
2670 967 2926 1037 ἡγεῖσθαί
2954 984 3011 1019 τε
3040 967 3204 1020 αὑτὸν
3233 967 3510 1030 ἐκέλευον,
3542 970 3639 1021 καὶ
3662 971 3769 1022 ἐτί-

2198 1081 2317 1133 μων
2343 1062 2620 1132 μεγάλως,
2647 1063 2715 1115 τά
2744 1077 2805 1113 τε
2838 1059 2975 1114 ἄλλα
3009 1060 3425 1130 εὐδοκιμοῦντα,
3458 1063 3554 1113 καὶ
3586 1062 3770 1124 πόλεις

2192 1155 2293 1224 τῆς
2317 1156 2596 1226 Διγυρίων
2627 1155 2817 1225 χώρας
2849 1156 2952 1208 οὐκ
2999 1154 3188 1222 ὀλίγας
3243 1153 3767 1224 παραστησάμενον,

2191 1249 2293 1319 τήν
2337 1265 2397 1301 τε
2455 1247 2634 1320 ἀρχὴν
2684 1250 2781 1319 τῆς
2834 1249 3068 1320 ἠπείρου
3118 1247 3215 1301 ἐπὶ
3279 1250 3424 1318 μέγα
3486 1250 3769 1318 προήγαγε

2192 1343 2499 1411 δυνάμεως.
2542 1343 2631 1406 Ὠς
2669 1343 2770 1412 μὲν
2813 1343 2908 1396 οὖν
2953 1344 3091 1411 πρὸς
3136 1342 3362 1405 τούτους
3393 1341 3771 1411 πολεμοῦντας

2192 1436 2467 1506 ἀλλήλοις,
2504 1420 2772 1505 ξύμπασα
2818 1437 2852 1503 ή
2894 1435 3096 1490 Ἰταλία
3158 1434 3344 1504 διέστη
3398 1435 3535 1503 πρὸς
3580 1436 3773 1488 ἑκατέ-

2194 1545 2346 1598 ρους,
2382 1530 2476 1582 καὶ
2507 1528 2584 1590 ὼς
2612 1528 2986 1598 ἐπολέμησαν,
3034 1530 3093 1590 ἐς
3141 1526 3205 1580 τδ
3250 1525 3443 1598 πρόσω
3487 1527 3622 1579 ἰόντι
3676 1527 3770 1579 τοῦ

2190 1617 2355 1686 λόγου
2387 1616 2646 1688 δηλοῦταί
2682 1636 2772 1689 μοι
2800 1618 2875 1682 ὡς
2933 1617 3174 1686 ἐγένετο.
3208 1616 3509 1686 Ἐπάνειμι
3563 1616 3627 1686 δὴ
3678 1616 3770 1668 ἐπὶ

2191 1712 2291 1781 τὴν
2348 1711 2629 1764 Οὑενετῶν
2678 1710 2853 1776 πόλιν,
2914 1712 2990 1773 ὡς
3046 1709 3217 1781 ταύτῃ
3246 1711 3315 1780 τῇ
3347 1710 3500 1762 πόλει
3551 1708 3769 1776 ἐγένετο

2184 1800 2324 1873 τΰχη
2379 1802 2465 1853 ἐπ’
2495 1802 2786 1871 ἀμφοτέρα
2816 1803 2881 1871 τῇ
2922 1798 3100 1861 πόλει,
3129 1799 3363 1864 ἐναλλὰξ
3392 1800 3634 1869 συμϐάν.
3655 1800 3763 1854 Καὶ

2189 1894 2329 1965 αὕτη
2362 1896 2415 1957 ἐς
2454 1895 2602 1947 τόνδε
2631 1896 2722 1948 τὸν
2760 1893 3001 1964 πόλεμον
3034 1894 3265 1964 ἑλομένη
3327 1893 3497 1964 ἑαυτῇ
3534 1909 3765 1962 στρατη-

2187 1989 2318 2057 γοὺς
2349 1987 2416 2040 τὰ
2450 1988 2685 2056 πολέμια
2715 1986 2978 2054 ἀγαθούς.
3024 1986 3114 2040 Ἐν
3153 1986 3208 2039 δὲ
3258 1985 3324 2056 δὴ
3358 1990 3451 2040 καὶ
3492 1985 3589 2049 οὓς
3639 1986 3766 2055 toﬁ-

2191 2098 2339 2151 μηνα
2368 2080 2789 2150 Καραμινιόλαν
2820 2080 3097 2150 κηδεστὴν
3125 2080 3425 2149 γενόμενον
3455 2079 3549 2132 τοῦ
3601 2076 3767 2146 Λιγύ-

2191 2189 2301 2243 ρων
2364 2173 2658 2242 τυράννου.
2705 2170 2911 2226 Τοῦτον
2965 2173 3150 2244 μέντοι
3211 2172 3288 2236 ὡς
3337 2171 3764 2227 ἐπιδουλεύοντα

2641 2265 2941 2335 έστήσαντο
3012 2265 3166 2335 σφίσι
3243 2262 3554 2337 στρατηγὸν
3644 2263 3767 2318 ἑλό-

2268 2549 2353 2613 Ὠς
2388 2549 2487 2621 μὲν
2514 2546 2608 2607 οὖν
2632 2551 2771 2622 ἔργα
2804 2548 3305 2620 ἀποδεικνυμένους
3342 2550 3554 2619 μεγάλα
3574 2568 3632 2604 τε
3667 2551 3766 2606 καὶ

2184 2641 2311 2708 ἀξια
2336 2641 2525 2711 λόγου,
2555 2644 2647 2697 ἐπὶ
2668 2643 2817 2714 χίλια
2849 2643 2945 2713 ἐτη
2970 2644 3302 2713 εὐδαίμονας
3324 2643 3761 2713 διαγενομένους,

2183 2735 2368 2796 ἄλλοις
2402 2736 2650 2806 πολλαχῆ
2697 2737 2840 2790 κατά
2888 2737 2989 2805 τὴν
3046 2734 3285 2789 Ἰταλίαν
3318 2734 3763 2806 ἐνευδοκιμῆσαι,

2184 2825 2491 2897 κατάδηλόν
2540 2829 2678 2893 ἐστι,
2716 2830 2813 2882 καὶ
2855 2828 3177 2898 ὲμπεδῶσαι
3211 2829 3347 2897 αὐτῇ
3380 2828 3449 2881 τὰ
3497 2830 3638 2883 κατὰ
3665 2829 3766 2899 τήν

2185 2916 2383 2986 ἀρχὴν,
2418 2916 2493 2981 ὡς
2525 2918 2786 2989 ὲλάχιστα
2811 2918 3075 2987 ὲσφάλετο
3100 2919 3204 2971 ὑπὸ
3229 2920 3338 2972 τῶν
3365 2918 3767 2990 πολιτῶν,τῇδέ

492 3014 549 3061 et
587 3008 792 3062 intacta
827 3022 855 3061 a
909 3007 1287 3063 seditionibus
1351 3008 1519 3064 fuerit
1574 3026 1811 3079 semper,
1872 3010 2077 3068 decens

2186 3025 2264 3077 πη
2316 3007 2381 3063 ἂν
2442 3010 2746 3080 κατάδηλος
2778 3010 3054 3079 γένοιτοῆ
3088 3011 3187 3080 τῆς
3229 3009 3440 3074 πόλεως
3475 3009 3764 3081 διοίκησις,

492 3100 668 3154 totius
716 3100 871 3156 urbis
925 3100 1360 3165 administratio,
1389 3116 1554 3171 quam
1606 3103 1867 3159 brevibus
1928 3121 2077 3161 nunc

2187 3102 2262 3164 ὡς
2291 3102 2349 3155 ἐν
2379 3100 2574 3172 βραχεῖ
2615 3101 2987 3173 διασημήναν
3028 3099 3097 3173 ἦν
3138 3102 3243 3172 γὰρ
3279 3103 3421 3172 αὕτη
3455 3104 3488 3173 ή
3523 3102 3679 3165 πόλις
3705 3102 3768 3156 τὸ

496 3192 921 3258 describam,in
964 3208 1129 3249 causa
1176 3192 1304 3250 fuit.
1354 3193 1497 3249 Olim
1545 3196 1884 3251 democratia
1913 3196 2071 3252 istam

2186 3194 2418 3248 παλαιὸν
2446 3195 2815 3264 δημοκρατία,
2848 3196 2943 3248 καὶ
2966 3194 3072 3248 ὑπὸ
3104 3196 3302 3265 δήμοις
3333 3213 3391 3249 τε
3419 3196 3535 3264 ἅμα
3564 3196 3624 3247 ιν
3644 3198 3767 3259 ταῖς

488 3286 771 3341 civitatem
826 3285 1199 3356 gubernabat,
1242 3288 1596 3359 populusque
1626 3289 1793 3345 simul
1832 3305 1957 3345 cum
1991 3290 2076 3345 his

488 3378 585 3446 qui
632 3378 685 3430 in
720 3377 1049 3447 magistratu
1088 3378 1252 3447 positi
1290 3388 1470 3443 erant,
1521 3395 1629 3451 qua
1698 3380 1803 3436 sibi
1850 3381 2077 3437 consul-

490 3467 764 3522 tissimum
791 3467 1108 3532 videbatur,
1144 3468 1424 3523 civitatem
1449 3470 1900 3525 moderabantur.
1921 3470 2078 3527 Post-

490 3573 555 3612 ea
587 3566 711 3612 cum
752 3562 817 3613 atl
876 3576 1041 3630 opera
1091 3562 1384 3632 populares
1436 3564 1642 3633 singuli
1685 3578 2073 3631 avocarentur,

492 3664 595 3705 nec
624 3650 797 3705 otium
839 3653 1098 3722 amplius,
1163 3654 1385 3721 quando
1414 3655 1489 3708 ita
1542 3669 1631 3709 res
1660 3656 1986 3721 monuisset,
2020 3658 2074 3712 in

492 3757 667 3796 unum
727 3744 1096 3798 conveniendi
1125 3753 1179 3798 et
1198 3747 1553 3801 consultandi
1580 3757 1917 3817 superesset,
1936 3751 2077 3821 opti-

488 3848 619 3887 mus
670 3848 925 3903 quosque
978 3834 1069 3889 isti
1123 3850 1272 3890 curae
1334 3836 1732 3905 praefecerunt,
1788 3841 1873 3895 vel
1935 3842 2073 3896 sorti

494 3925 576 3977 vel
635 3924 899 3994 suﬂragio
932 3925 1265 3980 electionem
1317 3930 1751 3985 committentes.
1814 3929 1870 3985 In
1927 3934 2073 3987 hunc

492 4012 717 4069 modum
752 4015 1077 4085 reipublicae
1116 4015 1294 4070 forma
1323 4033 1387 4071 ex
1422 4017 1765 4074 democratia
1801 4020 1855 4076 in
1875 4022 2076 4077 aristo-

492 4108 724 4161 cratiam
768 4116 973 4163 mutata
1006 4118 1112 4165 est.
1171 4109 1250 4163 Ex
1279 4127 1347 4166 eo
1402 4111 1531 4166 inde
1572 4123 1823 4183 tempore
1880 4115 2074 4171 civitas

491 4199 584 4254 illa
650 4200 876 4269 pulchre
910 4200 1319 4269 administrata,
1368 4203 1666 4259 maximam
1722 4204 1827 4259 sibi
1884 4215 2078 4273 poten-

482 4292 619 4345 tiam
677 4292 910 4361 peperit.
973 4290 1189 4347 Habent
1249 4303 1529 4359 senatum,
1594 4309 1756 4364 quem
1816 4308 2072 4363 magnum

486 4393 713 4447 vocant,
774 4386 827 4438 iu
877 4400 989 4455 quo
1025 4386 1268 4455 singulis
1311 4397 1437 4440 octo
1470 4387 1668 4442 diebus
1730 4389 2070 4443 consultant.

483 4475 589 4530 ilic
640 4487 867 4533 senatus
911 4480 1126 4547 oppidis
1159 4479 1424 4546 suilragio
1458 4481 1836 4536 intercedente
1861 4482 2072 4552 princi-

2186 3286 2387 3357 ἀρχαῖς
2416 3287 2621 3350 αὐτῶν,
2650 3285 2719 3350 ἃς
2750 3288 2935 3358 ᾑρεῖτο
2970 3286 3070 3357 τὴν
3104 3287 3281 3352 πόλιν,
3306 3282 3340 3359 ᾖ
3366 3287 3542 3342 έδόκει
3584 3285 3767 3350 καλῶς

2184 3378 2332 3448 ἔχειν
2359 3380 2534 3446 σφίσι,
2562 3378 2793 3450 διῴκουν
2812 3395 2827 3412 ο
2862 3379 3001 3448 μετά
3021 3380 3077 3432 δὲ
3101 3380 3296 3444 ταῦτα,
3321 3380 3396 3442 ὡς
3420 3380 3512 3432 ἰπὶ
3535 3379 3600 3431 τὰ
3624 3378 3765 3450 ἔργα

2188 3471 2339 3540 σφῶν
2364 3472 2412 3524 οἱ
2438 3471 2670 3542 δημόται
2701 3473 3021 3542 ἐτρέποντο,
3052 3472 3147 3525 καὶ
3168 3472 3349 3525 οὐκέτι
3378 3472 3574 3543 σχολὴν
3600 3469 3762 3543 ἦγον,

2185 3564 2324 3619 ὥστε
2354 3565 2449 3617 ἰπὶ
2474 3566 2573 3636 τὴν
2596 3565 2865 3635 διοίκησιν
2886 3564 3045 3632 λόγον
3075 3566 3372 3630 ποιεῖσθαι,
3397 3566 3471 3630 ὼς
3499 3568 3763 3622 ἑκάστοτε

2187 3656 2489 3725 ἀναγκάζοι
2521 3656 2876 3726 βουλεύεσθαι
2907 3659 2935 3709 6
2966 3657 3179 3728 χρόνος,
3214 3657 3597 3729 ἐπιλεξάμενοι
3634 3660 3767 3723 τοὺς

2187 3748 2467 3818 ἀρίστους,
2500 3748 2613 3801 εἴτε
2642 3749 2782 3820 τύχῃ
2810 3747 2940 3814 τινὶ,
3004 3751 3113 3802 εἴτε
3148 3749 3212 3820 δὴ
3251 3752 3347 3804 καὶ
3375 3750 3544 3821 ψήφῳ
3573 3751 3771 3823 ἑλόμε-

2185 3855 2267 3892 νοι
2290 3855 2305 3870 ο
2333 3838 2477 3891 οὕτω
2509 3840 2638 3910 περὶ
2678 3839 2869 3892 τούτου
2920 3842 2978 3903 ές
3028 3842 3458 3913 ἀριστοκρατίαν
3484 3842 3545 3895 τὸ
3581 3844 3766 3913 παρά-

2184 3949 2293 3985 παν
2324 3933 2559 4002 ἐτράπη,
2594 3934 2691 3987 καὶ
2722 3934 2781 3985 τὸ
2811 3934 2920 3986 ἀπὸ
2950 3936 3105 3988 τοῦδε
3134 3938 3305 3989 είσὲτι
3336 3936 3430 3989 καὶ⁵
3458 3935 3553 3989 νῦν
3586 3938 3767 4006 ἀσφα-

2182 4024 2289 4087 λῶς
2320 4024 2661 4094 διῳκημένη,
2693 4025 2787 4077 ἐπὶ
2824 4026 2969 4095 μέγα
3000 4026 3282 4095 δυνάμεως
3314 4026 3585 4097 ὶχώρησε.
3615 4029 3762 4080 Atat-

2182 4118 2360 4170 κεῖται
2401 4115 2456 4169 δὲ
2484 4117 2629 4169 κατά
2659 4117 2807 4170 τάδε.
2842 4118 3036 4173 Ἔστιν
3067 4120 3100 4188 ή
3127 4119 3339 4189 μεγάλη
3371 4119 3540 4191 βουλὴ
3564 4119 3770 4172 καλου-

2185 4209 2321 4279 μένη
2354 4211 2563 4274 αὐτοῖς,
2583 4210 2643 4262 έν
2734 4211 2825 4263 ἐπὶ
2859 4210 3072 4282 ἡμέρας
3100 4210 3247 4264 ὀκτὼ
3281 4213 3478 4285 σχολὴν
3507 4218 3763 4285 ἄγουσιν,

2193 4300 2283 4353 Ἐν
2313 4301 2485 4371 ταύτῃ
2536 4301 2600 4372 δὴ
2644 4305 2711 4372 τῇ
2767 4300 2930 4373 βουλῇ
2967 4304 3067 4366 τάς
3096 4321 3156 4358 τε
3194 4306 3368 4376 ἀρχὰς
3398 4309 3510 4363 τῶν
3553 4311 3770 4366 πόλεων

2181 4393 2489 4464 αἱροῦνται,
2536 4395 2754 4464 ψήφους
2802 4395 3100 4466 τιθέμενοι,
3130 4400 3227 4452 καὶ
3268 4400 3367 4466 τὰς
3412 4402 3468 4455 ἐν
3509 4406 3574 4473 τῇ
3608 4405 3768 4460 πόλει

2180 4488 2319 4555 αὐτῇ
2372 4487 2565 4556 ἀρχὰς,
2621 4487 2733 4558 ὅπη
2784 4487 2853 4542 ἀν
2909 4490 3302 4546 καθιστῶνται.
3352 4493 3656 4561 Νομίζεται
3702 4496 3769 4550 δὲ

490 4581 585 4635 pes
620 4567 835 4621 statuit.
898 4567 1075 4622 Etiam
1118 4570 1269 4623 urbis
1314 4570 1675 4640 magistratus
1729 4572 1869 4627 idem
1902 4589 2067 4629 sena-

2184 4553 2373 4646 ὲξεῖναι
2521 4582 2579 4643 ἐς
2613 4553 2990 4654 ἔτηττέσσαρα
3019 4585 3113 4636 καὶ
3151 4584 3325 4637 εἴκοσι
3376 4553 3616 4652 γεγονὼς
3647 4587 3764 4657 εἴη,

486 4666 574 4711 tus
594 4658 864 4714 decernit.
884 4658 1030 4729 Lege
1054 4669 1235 4716 autem
1264 4664 1529 4729 sancitur,
1558 4664 1614 4719 in
1645 4665 1790 4720 hunc
1814 4676 2065 4721 senatum

481 4750 654 4805 ticere
718 4750 768 4804 ei
800 4751 1014 4821 ingredi
1047 4754 1143 4822 qui
1183 4764 1345 4809 natus
1387 4754 1462 4809 sit
1496 4769 1675 4811 annos
1704 4757 1896 4827 viginti
1928 4773 2068 4829 qua-

481 4850 633 4907 tuor,
698 4853 746 4897 et
783 4855 1009 4899 senator
1049 4846 1096 4900 is
1128 4845 1244 4900 sive
1300 4847 1573 4917 patricius
1610 4849 1703 4916 sit,
1757 4865 1858 4907 nec
1883 4852 2069 4920 aliqua

478 4948 648 4989 causa
679 4942 886 5001 exstet,
941 4951 1066 5007 quae
1109 4940 1177 4991 ab
1211 4948 1409 4993 senatu
1441 4954 1567 4995 eum
1603 4941 1879 4999 excludat.
1929 4943 2070 4999 Sunt

478 5034 667 5079 autem
704 5025 808 5079 viri
848 5026 931 5081 bis
967 5027 1141 5091 mille,
1185 5029 1279 5097 qui
1333 5028 1576 5087 calculos
1611 5030 1822 5098 ferunt,
1861 5042 1915 5088 et
1948 5032 2070 5087 uni-

482 5117 635 5171 versi
688 5117 909 5187 imperii
971 5119 1330 5189 magistratus
1384 5121 1618 5193 eligunt.
1688 5124 1890 5179 Ducem
1952 5127 2069 5182 sive

474 5206 785 5277 principem
817 5209 923 5263 sibi
944 5224 1070 5265 eum
1115 5212 1486 5277 constituunt,
1533 5217 1625 5284 qui
1679 5216 1821 5285 apud
1860 5231 1956 5272 eos
1999 5232 2066 5271 ex

480 5298 633 5352 omni
685 5313 922 5355 numero
976 5301 1223 5371 optimus
1279 5304 1537 5359 habetur.
1587 5304 1685 5360 Hic
1719 5307 1853 5361 tluos
1907 5308 2067 5381 104

488 5391 642 5458 ponit
694 5394 966 5461 calculos,
1041 5411 1185 5465 quos
1248 5399 1562 5469 cuicunque
1630 5400 1872 5456 voluerit
1923 5403 2066 5471 parti

478 5482 687 5539 addere
740 5496 945 5555 potest.
999 5488 1264 5559 Princeps
1324 5491 1416 5547 ille
1471 5502 1656 5547 manet
1689 5494 1745 5547 in
1782 5496 1976 5564 primis
2036 5512 2066 5551 a

482 5578 838 5634 senatoribus
878 5580 1206 5638 honoratus.
1256 5584 1307 5641 ls
1344 5587 1397 5639 in
1424 5586 1593 5657 regali
1636 5588 1759 5640 aula
1786 5588 2065 5657 habitans,

487 5670 692 5721 victum
724 5671 939 5726 habet:
972 5685 1255 5745 sumptus,
1314 5692 1458 5747 quos
1523 5678 1676 5741 facit,
1708 5679 1779 5733 ab
1828 5680 1914 5737 his
1971 5686 2063 5753 qui

487 5759 757 5818 universa:
806 5764 1012 5821 civitati
1038 5768 1357 5837 praesident,
1412 5770 1580 5841 capit.
1614 5769 1829 5831 Adsunt
1857 5775 1906 5829 ei
1962 5775 2066 5829 viri

2176 4672 2406 4725 είσιέναι
2439 4674 2495 4734 ἐς
2524 4672 2733 4743 ταύτην
2786 4675 2885 4743 τὴν
2928 4675 3144 4746 βουλὴν,
3178 4676 3244 4744 ἢν
3276 4675 3422 4745 αὐτῷ
3454 4676 3551 4746 τὴν
3579 4676 3763 4748 ἀρχὴν

2178 4763 2535 4834 συνεχωρήθη
2556 4781 2620 4834 γε
2652 4765 2903 4829 εἰσιέναι,
2931 4767 3033 4819 κᾶν
3060 4768 3425 4837 συγκλητικὸς
3545 4770 3760 4841 Εἴησαν

2169 4853 2213 4905 δ’
2247 4852 2313 4907 ἀν
2341 4853 2487 4909 οὗτοι
2518 4857 2663 4927 ἀμφὶ
2709 4857 2836 4918 τοὺς
2881 4857 3198 4926 δισχιλίους,
3228 4863 3275 4912 οί
3308 4861 3406 4924 τάς
3440 4877 3500 4914 τε
3534 4861 3761 4931 ψήφους

2169 4944 2469 5013 τιθέμενοι,
2497 4946 2595 4999 καὶ
2624 4948 2725 5010 τὰς
2774 4949 2952 5018 ἀρχὰς
2988 4951 3282 5021 ξυμπάσης
3313 4952 3416 5023 ἥδη
3450 4955 3550 5025 τῆς
3575 4956 3762 5025 ἀρχῆς

2169 5034 2507 5106 αἱρούμενοι.
2549 5035 2809 5108 Ἠγεμὼν
2839 5040 2895 5093 δέ
2930 5040 3140 5095 τούτων
3190 5043 3342 5098 ἐστὶν
3374 5043 3434 5097 δν
3472 5045 3765 5099 ἀνέλων-

2166 5146 2280 5192 ται,
2304 5130 2397 5181 τδν
2430 5132 2565 5199 παρ’
2611 5130 2797 5195 αὐτοῖς
2827 5134 3125 5206 κράτιστον
3160 5135 3425 5191 δοκοῦντα
3470 5137 3754 5206 γενέσθαι.

2175 5220 2337 5291 Φέρει
2366 5221 2423 5277 δὶ
2451 5215 2603 5287 οὗτος
2634 5222 2728 5277 δύο
2761 5226 2998 5297 ψήφους,
3028 5229 3317 5300 τιθέμενος
3414 5232 3479 5285 ἂν
3509 5230 3760 5301 βούλοιτο

2177 5317 2594 5385 προστίθεσθαι.
2623 5319 2793 5373 Μένει
2816 5320 2861 5373 δ’
2885 5314 3039 5385 οὗτος
3078 5322 3326 5392 ήγεμὼν,
3351 5324 3660 5395 τιμώμενός
3687 5342 3756 5379 τε

2174 5408 2243 5461 τὰ
2275 5407 2470 5479 πρῶτα
2500 5408 2605 5461 ὑπὸ
2634 5409 2744 5463 τῶν
2778 5412 3186 5482 συγκλητικῶν,
3217 5413 3311 5467 καὶ
3342 5412 3398 5466 ὲν
3446 5414 3557 5477 τοῖς
3587 5411 3756 5483 βασι-

2176 5498 2341 5563 λείοις
2369 5500 2674 5569 ὲπιμένων,
2702 5500 2843 5572 έχων
2871 5504 2971 5573 τήν
3003 5519 3064 5556 τε
3098 5503 3345 5573 δαπάνην
3373 5504 3479 5556 ὑπὸ
3506 5503 3614 5557 τῶν
3648 5503 3761 5574 τῆς

2177 5592 2388 5656 πόλεως
2422 5596 2860 5664 προεστηκότων.
2888 5598 3119 5668 Πάρεισι
3160 5598 3206 5651 δ’
3243 5597 3391 5666 αὐτῷ
3421 5597 3760 5669 βουληφόροι

2175 5684 2472 5755 ἄνδρες,ἒξ
2496 5685 2587 5738 τὸν
2622 5683 2878 5758 ἀριθμὸν,
2916 5690 3095 5762 ἕτεροί
3155 5707 3213 5742 τε
3251 5690 3400 5759 αὐτῷ
3438 5690 3613 5755 ὄντες,
3659 5691 3764 5745 καὶ

2176 5781 2277 5846 τὴν
2305 5778 2471 5847 τιμὴν
2528 5778 2625 5848 τῆς
2674 5780 2979 5850 ἡγεμονίας
3029 5780 3627 5853 συγκατεργαζνίμενοι,
3665 5784 3764 5835 ἐπὶ
