4010 6208
243 305 327 372 ltl7
1272 315 1369 374 DE
1398 313 1652 375 REBUS
1689 312 2049 375 TURCICIS
2093 314 2239 377 LIB.
2270 315 2371 377 IV.

3362 326 3464 394 198

240 424 396 493 μῆνας
448 420 505 488 ἒξ
553 418 1023 493 ἀπαλλαττόμενοι
1061 423 1159 495 τῆς
1211 426 1365 495 σφῶν
1399 425 1544 480 οὗτοι
1575 427 1778 496 ἀρχῆς.

1898 426 2191 481 :onsiliarii
2239 442 2334 482 sex
2362 426 2504 497 (ιε),
2549 429 2685 484 socii
2746 429 2865 500 ejus
2900 432 3255 501 cxsistentcs,
3312 447 3368 493 et
3409 439 3463 493 iu

236 514 371 566 una
398 512 449 565 δέ
484 512 584 581 τὴν
616 512 863 583 μεγάλην
915 514 1137 584 βουλὴν.
1172 516 1376 588 ἔστινή
1407 518 1576 589 βουλὴ
1611 519 1657 551 ⁸⁸
1697 536 1790 587 γε·

240 605 408 672 ρουσία
438 604 652 675 κλητῶν
699 605 1034 679 καλουμένη,
1064 610 1206 679 ἀμφὶ
1246 612 1372 675 τοὺς
1411 612 1787 681 τριακοσίους.

240 697 503 767 Αἱροῦνται
531 697 599 766 δὴ
630 698 856 763 τούτους
886 700 986 771 ήδη
1021 703 1117 755 καὶ
1165 703 1265 767 τὰς
1295 703 1488 769 λοιπὰς
1522 706 1699 777 ἀρχὰς
1730 709 1790 759 ἐν

242 793 298 859 τῇ
336 789 528 862 μεγάλῃ
564 788 754 860 βουλῇ,
782 792 1173 862 ἐπιλεξάμενοι
1205 796 1335 859 τοὺς
1368 798 1612 867 τὰμεινω
1656 815 1789 869 φρο-

243 883 458 945 νοῦντας.
509 884 633 937 Κάν
676 884 851 956 ταύτῃ
878 887 941 956 δὴ
972 888 1040 957 τῇ
1072 888 1183 940 τῶν
1218 889 1432 960 κλητῶν
1461 891 1791 962 ἐπονομαζο-

248 975 365 1045 μένῃ
390 974 565 1045 βουλῇ,
600 974 727 1043 περί
762 993 822 1029 τε
873 978 1146 1046 πολέμων,
1176 980 1271 1032 καὶ
1300 982 1525 1051 εξρήνης
1567 982 1790 1051 βουλεύ-

244 1083 371 1118 ονται
396 1066 482 1118 καὶ
508 1066 844 1132 πρεσϐειῶν,
868 1067 896 1121 δ
927 1085 981 1120 τι
1012 1068 1078 1122 ἂν
1108 1065 1143 1142 ἦ
1173 1070 1457 1142 δεδομένον
1477 1075 1524 1111 ³⁸
1555 1073 1787 1140 τούτοις,

250 1158 501 1211 πείθεσθαι
554 1158 759 1211 αὐτίκα
814 1160 913 1229 τὴν
961 1160 1139 1227 πόλιν,
1188 1164 1282 1216 καὶ
1316 1163 1374 1226 ἐς
1418 1162 1445 1215 δ
1480 1181 1531 1216 τι
1563 1163 1631 1219 ἂν
1662 1164 1789 1234 δόξῃ

249 1251 396 1322 ταύτῃ
426 1254 485 1321 τῇ
522 1250 716 1323 βουλῇ,
750 1251 1046 1321 ξύμπασαν
1096 1255 1195 1325 τὴν
1249 1256 1409 1309 πόλιν
1457 1255 1614 1310 ἰέναι.
1663 1256 1790 1311 Ἐπὶ

252 1346 299 1397 δέ
330 1348 425 1408 τοῖς
453 1344 559 1397 τῶν
603 1344 745 1398 ὅλων
805 1346 1149 1415 ἐγκλήμασιν
1213 1349 1507 1416 ἐφεστᾶσιν
1531 1347 1792 1419 ἄρχοντες

252 1437 380 1503 δέκα,
407 1437 594 1499 οἵτινες
632 1437 702 1491 τά
730 1455 788 1490 τε
818 1438 1162 1509 ἐγκλήματα,
1196 1441 1291 1493 καὶ
1319 1440 1416 1503 τὰς
1451 1440 1642 1504 ποινὰς
1673 1441 1794 1493 ἐπι-

256 1528 479 1596 φέρουσιν
504 1526 585 1579 ἐνὶ
614 1527 858 1599 ἑκάστῳ.
888 1527 1107 1594 Ἔξεστι
1135 1530 1193 1583 δὲ
1214 1531 1423 1593 τούτοις
1451 1531 1542 1585 τόν
1570 1548 1629 1583 τε
1656 1532 1786 1600 ήγε-

259 1620 375 1689 μόνα
414 1623 673 1685 λαϐόντας
728 1623 958 1677 θάνατον
1005 1625 1343 1691 ἀπάγεσθαι,
1375 1626 1482 1679 ὑπὸ
1517 1624 1789 1696 μηδεμιᾶς

258 1716 350 1769 τῶν
395 1717 564 1787 ἀρχῶν
613 1717 1067 1786 ἀπαιτουμένους
1104 1718 1203 1787 τὴν
1234 1718 1417 1771 αἰτίαν
1464 1719 1562 1787 τῆς
1592 1718 1750 1787 δίκης
1774 1733 1789 1749 ⁸

259 1774 507 1859 omnis;
530 1808 637 1877 γὰρ
685 1774 897 1870 οὕτως’
929 1808 1023 1861 καὶ
1047 1774 1411 1862 καθἰστανται
1440 1774 1792 1880 ηδξξυμτὲὲι-
1824 1774 1865 1829 Β

268 1912 356 1966 σης
378 1896 465 1966 τῆς
492 1899 685 1964 πόλεως
714 1901 773 1960 ἐς
795 1899 894 1962 τὰς
922 1898 1156 1963 εὐθύνας
1176 1900 1285 1953 τῶν
1311 1901 1489 1956 ὁτιοῦν
1514 1900 1641 1972 περι
1670 1918 1793 1956 τινα

273 1990 665 2061 ἐξαμαρτόντων,
698 1992 731 2059 ἤ
776 1992 908 2063 περὶ
942 1993 1041 2065 τὴν
1078 1992 1255 2057 πόλιν,
1305 1992 1337 2064 ἢ
1392 1995 1450 2057 ἐς
1504 1994 1791 2066 ἀλλήλους.

281 2084 511 2150 Ἀγονται
537 2085 587 2139 δέ
615 2086 859 2152 θανάτου,
891 2088 1074 2141 ὅντινα
1125 2087 1192 2141 ἂν
1248 2087 1508 2141 ὑπόδικον
1561 2086 1789 2158 εὕρωσι.

280 2173 611 2231 Καθίστανται
640 2176 695 2230 δέ
724 2179 811 2231 καὶ
850 2178 907 2239 ἐς
960 2177 1056 2240 τὰς
1089 2176 1256 2241 ἄλλας
1311 2178 1470 2241 δίκας
1517 2178 1790 2242 δικασταὶ,

272 2266 366 2317 τῶν
395 2285 447 2319 τε
477 2269 770 2339 ἐπιχωρίων
807 2268 980 2335 ἄλλοι,
1012 2273 1104 2323 καὶ
1133 2271 1189 2333 ἐς
1228 2269 1355 2335 τοὺς
1393 2270 1578 2335 ξένους
1618 2269 1790 2326 ἄλλοι.

278 2356 382 2410 Ἐπὶ
409 2358 599 2424 τούτοις
646 2361 935 2431 ἐφιστᾶσιν
978 2362 1244 2433 ἄρχοντας
1273 2362 1705 2431 τεσσαράκοντα,
1738 2364 1795 2427 ἐς

259 2446 343 2510 03;
388 2451 591 2504 ἐπειδὰν
631 2452 690 2506 αἱ
734 2452 885 2506 δεκαι
939 2452 1325 2524 ἀνενεχθῶσιν,
1361 2453 1652 2507 εὐθύνουσι
1696 2453 1794 2517 τὰς

259 2538 473 2609 ψήφους.
502 2544 550 2605 ἒς
581 2547 642 2597 τὸ
684 2546 872 2612 σφίσιν
900 2546 993 2599 ἐπὶ
1042 2546 1102 2599 τὸ
1136 2545 1212 2609 ὡς
1242 2546 1514 2615 κράτιστα
1539 2544 1683 2616 ἔχειν
1708 2545 1795 2599 δο-

265 2631 399 2687 κοῦν.
429 2632 520 2687 Ἦν
542 2636 596 2689 δέ
628 2637 704 2708 μὴ
737 2639 1131 2708 συμφέρωνται
1160 2638 1215 2700 ἐς
1239 2636 1337 2705 τὴν
1369 2637 1547 2705 δίκην,
1576 2638 1670 2690 ἐπὶ
1697 2636 1797 2708 τήν

262 2722 360 2777 τῶν
387 2725 576 2796 κλητῶν
610 2728 811 2798 βουλὴν
834 2730 1189 2799 ἀναφέρεται,
1216 2730 1380 2781 κάκεῖ
1402 2728 1800 2801 πολυπραγμο-

256 2818 427 2882 νεῖται,
458 2822 543 2873 καὶ¹
579 2823 682 2894 τὴν
720 2822 994 2875 ἀπόϐασιν
1040 2823 1201 2892 ῐσχει.
1238 2823 1363 2876 Εἰσὶ
1412 2822 1655 2892 μὲνοοῦν
1704 2823 1799 2877 καὶ

253 2908 389 2963 ἄλλαι
412 2912 572 2981 ἀρχαὶ
601 2914 703 2966 οὐκ
728 2913 909 2981 όλίγαι
934 2918 1030 2985 τῆς
1055 2915 1286 2980 πόλεως,
1312 2916 1561 2986 φυλακῆς
1581 2934 1641 2970 τε
1668 2918 1797 2986 πέρι

253 3003 558 3071 καθήκεσαν,
593 3006 685 3057 καὶ
720 3006 775 3067 ἐς
820 3009 948 3070 τοὺς
1000 3007 1194 3071 νυκτὸς
1248 3008 1520 3063 ἀστασιαν
1564 3009 1688 3062 τινὰ
1741 3010 1799 3072 ἐς

1891 524 2105 585 partem
2185 530 2445 573 curarum
2510 520 2860 590 principatus
2944 523 3325 582 adhibentur:
3368 532 3464 596 qui

1894 608 2181 662 mensibus
2252 609 2403 663 senis
2462 610 2721 676 evolutis,
2774 614 3102 683 dignitatem
3158 617 3463 686 deponunt.

1888 695 2017 752 Post
2042 710 2290 753 senatum
2313 716 2567 773 magnum
2590 702 2731 759 alius
2749 711 2978 761 senatus
3003 714 3113 771 est,
3141 708 3233 775 qui
3257 708 3468 764 Evoca-

1890 796 2067 843 torum
2096 790 2206 861 (l3)
2240 791 2460 858 dicitur,
2486 794 2577 861 qui
2599 795 2731 850 viris
2757 805 2974 851 constat
2998 799 3280 853 trecentis.
3309 798 3464 854 Hunc

1892 893 2146 937 senatum
2208 893 2399 939 creant
2458 885 2512 939 in
2549 902 2745 956 magno
2784 898 3004 955 senatu,
3050 890 3349 960 allegantes
3370 894 3466 962 qui

1892 977 2182 1047 prudentia
2239 986 2504 1047 praestare
2542 979 2825 1035 videntur.
2881 980 3118 1037 Senatus
3161 995 3341 1037 autem
3368 1001 3466 1037 vo-

1892 1076 2139 1123 catorum
2155 1068 2221 1124 de
2250 1070 2396 1125 bello
2424 1077 2477 1125 et
2498 1084 2634 1140 pace
2663 1071 3142 1144 legationibusque
3168 1075 3464 1130 consultat.

1904 1162 1970 1215 Et
2030 1161 2104 1227 ei,
2160 1163 2532 1232 quodcunque
2579 1164 2757 1218 visum
2836 1164 3002 1219 fuerit
3070 1165 3163 1221 isti
3225 1170 3464 1231 senatui,

1894 1250 2089 1306 civitas
2126 1260 2238 1305 tota
2273 1260 2471 1321 paret,
2500 1260 2554 1307 et
2596 1251 2651 1305 in
2707 1253 3058 1317 sententiam,
3096 1268 3258 1323 quam
3305 1253 3470 1308 dede-

1894 1346 1989 1410 rit,
2032 1344 2288 1399 manibus
2319 1345 2664 1416 pedibusque
2711 1346 2974 1403 universa
3037 1348 3238 1403 civitas
3292 1348 3464 1403 vadit.

1893 1435 2229 1491 Criminibus
2248 1438 2579 1506 capitalibus
2604 1438 2751 1493 viros
2775 1439 3071 1508 praefecere
3107 1442 3298 1495 decem
3323 1439 3466 1509 (14).

1894 1526 1987 1595 qui
2027 1537 2288 1582 accusent
2317 1537 2371 1582 et
2401 1528 2653 1597 puniant.
2686 1527 2783 1586 His
2809 1531 2943 1585 licet
2971 1547 3171 1588 manus
3224 1533 3469 1604 principi

1894 1619 2125 1689 injicere
2172 1630 2228 1674 et
2258 1620 2326 1675 ad
2364 1636 2553 1676 necem
2580 1608 2583 1611 ’
2613 1624 2832 1680 trahere
2863 1642 2878 1679 :
2911 1640 3012 1681 nec
3039 1635 3125 1682 est
3178 1627 3273 1696 qui
3325 1627 3477 1680 ausit

1895 1711 2015 1781 ejus
2063 1725 2286 1766 causam
2319 1712 2604 1781 inquirere
2634 1730 2648 1780 ;
2684 1716 2769 1770 sic
2813 1714 2961 1769 enim
2992 1716 3308 1771 ordinatum
3359 1727 3467 1783 est;

1897 1810 1950 1856 et
1999 1813 2258 1858 creantur
2305 1810 2363 1857 ut
2401 1803 2786 1873 delinquentes
2817 1806 3040 1863 feriant.
3084 1807 3211 1863 Sive
3246 1808 3300 1862 in
3332 1808 3470 1862 civi-

1897 1903 2089 1963 tatem,
2140 1895 2259 1951 sive
2310 1895 2364 1949 in
2419 1896 2693 1966 privatum
2750 1897 2876 1966 quis
2906 1899 3052 1967 ﬁllid
3101 1901 3466 1963 commiserit,

1896 1986 2082 2043 decem
2100 1987 2204 2042 viri
2232 1987 2276 2043 si
2294 1990 2669 2058 cognoverint,
2698 1988 2764 2042 de
2778 2004 2843 2043 eo
2864 1991 3193 2060 supplicium
3217 2002 3465 2047 sumunt.

1898 2078 2040 2134 Sunt
2085 2088 2139 2134 et
2187 2079 2278 2133 alii
2309 2078 2545 2148 judices,
2598 2079 2691 2150 qui
2733 2080 2791 2135 in
2828 2081 3060 2152 reliquis
3112 2082 3203 2152 jus
3251 2083 3463 2148 dicunt,

1895 2173 2117 2244 quidam
2154 2172 2371 2239 urbani,
2405 2174 2629 2243 quidam
2675 2176 2978 2244 peregrini.
3016 2174 3115 2232 llis
3150 2191 3465 2246 praeposue-

1898 2272 2030 2320 runt
2076 2266 2462 2333 magistratum
2519 2265 2884 2335 quadraginta
2930 2267 3176 2323 virorum
3216 2266 3356 2338 (15),
3396 2269 3462 2323 ad

1899 2369 2038 2425 quos
2094 2356 2403 2411 sententias
2452 2371 2619 2425 super
2677 2357 2976 2428 puniendis
3010 2358 3260 2413 sontibus
3292 2368 3471 2413 trans-

1898 2446 2139 2512 mittant,
2208 2456 2266 2502 ut
2318 2447 2638 2517 dispiciant,
2684 2464 2815 2502 num
2870 2456 2925 2503 et
2985 2448 3121 2519 ipsis
3178 2449 3469 2503 sententiae

1897 2535 2107 2606 optime
2142 2535 2349 2592 habere
2384 2536 2699 2591 videantur.
2749 2536 2807 2591 Si
2852 2539 3142 2593 sententiae
3170 2537 3466 2609 displicue-

1899 2630 2033 2698 rint,
2094 2638 2149 2685 et
2204 2630 2310 2701 ipsi
2389 2632 2535 2685 inter
2618 2646 2678 2685 se
2729 2632 3119 2696 dissenserint,
3186 2632 3467 2702 negotium

1900 2732 2075 2778 totum
2138 2723 2207 2778 ad
2266 2723 2629 2779 Evocatorum
2707 2731 2960 2779 senatum
3016 2723 3277 2779 refertur.
3369 2722 3469 2779 Hic

1899 2818 2187 2872 sententia:
2224 2816 2391 2871 multa
2416 2816 2704 2887 diligentia
2743 2817 3130 2881 excutiuntur,
3163 2829 3216 2872 et
3245 2819 3465 2873 tandem

1899 2910 1966 2964 ad
2018 2909 2181 2963 finem
2216 2910 2521 2964 ducuntur.
2577 2908 2789 2964 Suntet
2838 2910 2931 2963 alii
2966 2910 3319 2978 magistratus
3348 2911 3469 2980 plu-

1900 3001 2024 3055 rimi
2066 3001 2120 3055 in
2154 3001 2462 3057 custodiam
2512 3000 2666 3056 urbis
2718 3002 3048 3072 comparati.
3090 3001 3228 3056 Sunt
3272 3002 3471 3073 quibus

255 3094 337 3161 τήν
366 3096 505 3149 πόλιν
544 3098 917 3165 πράσσοντας.
946 3098 1054 3151 Καὶ
1078 3099 1413 3171 ἁγορανόμοι
1440 3100 1618 3171 ἐτεροι
1640 3100 1793 3153 καθί-

1901 3092 2180 3163 negotium
2213 3092 2457 3147 civitatis
2509 3092 2867 3148 commissum
2894 3100 2980 3147 est
3029 3093 3083 3147 in
3118 3106 3219 3147 eos
3255 3094 3349 3162 qui
3373 3094 3473 3148 de-

254 3197 467 3249 στανται,
498 3187 633 3250 τοὺς
666 3188 867 3257 φόρους
891 3187 999 3243 τῶν
1033 3190 1127 3242 ἐπι
1157 3207 1265 3243 τινι
1297 3190 1665 3261 πραγμάτων,
1699 3193 1795 3244 καὶ

249 3271 298 3335 ἐς
321 3273 408 3337 τὰς
444 3278 747 3347 προσόδους
782 3282 879 3348 τῆς
912 3282 1122 3345 πόλεως
1152 3283 1504 3352 ἀπαιτήσεις,
1533 3284 1581 3335 οἱ
1605 3282 1669 3354 δὴ
1695 3284 1794 3346 τὰς

247 3367 515 3432 προσόδους
575 3370 912 3441 πράττοντες
948 3373 1370 3443 καθιστάμενοι,
1399 3373 1485 3441 ἐφ’
1513 3373 1606 3437 οὒς
1633 3374 1697 3444 δὴ
1727 3375 1795 3427 τὰ

247 3459 335 3524 τῆς
383 3458 674 3531 ξυμπάσης
720 3460 930 3527 πόλεως
984 3464 1267 3534 χρήματα,
1302 3466 1398 3519 καὶ
1443 3465 1493 3517 οἱ
1546 3466 1703 3535 φόροι
1747 3467 1793 3498 ’°

244 3548 613 3622 ἀναφέρονται.
669 3556 965 3625 ’Ἄρχοντες
1008 3557 1065 3609 δὲ
1108 3559 1158 3609 οἱ
1210 3557 1553 3629 γεραιότεροί
1587 3574 1668 3623 τε,
1699 3559 1794 3610 καὶ

244 3641 489 3713 ἀξιώματι
515 3649 776 3717 προέχειν
802 3648 1109 3712 δοκοῦντες,
1142 3650 1495 3704 καθίστανται
1524 3652 1611 3705 διὰ
1640 3651 1757 3721 βίου
1776 3667 1790 3681 ⁸

241 3731 306 3795 ὣς
331 3737 566 3806 ἐργῶδες
607 3738 666 3791 δν
695 3739 817 3791 κατ’
841 3741 1085 3793 ἐνιαυτὸν
1119 3741 1431 3810 λογίζεσθαι
1464 3745 1564 3804 τὰς
1594 3746 1795 3813 προσό-

239 3821 343 3887 δους
370 3843 424 3879 τε
454 3830 553 3883 καὶ
578 3828 787 3908 ἐξόδους
829 3829 929 3899 τῆς
970 3832 1200 3895 πόλεως,
1227 3833 1255 3884 ὅ
1286 3849 1339 3884 τι
1374 3832 1440 3885 ἂν
1470 3833 1794 3901 ἀπογένοιτό

238 3930 288 3967 τε
317 3920 407 3971 καὶ
436 3920 787 3990 περιγένοιτο
813 3922 990 3975 αὐτῶν
1020 3921 1130 3976 τῶν
1156 3924 1479 3994 χρημάτων.
1518 3925 1655 3978 Ἀπὸ
1689 3926 1794 3997 μέν

239 4004 318 4062 οὖν
345 4014 550 4068 τούτων
587 4013 867 4086 αἱροῦνται
900 4016 1084 4085 σφίσιν
1109 4018 1373 4085 ἡγεμόνα,
1392 4017 1612 4071 ἐπειδὰν
1639 4020 1793 4087 σφίσι

235 4103 543 4179 τελευτήσῃ,
575 4108 632 4170 ἐς
660 4107 728 4159 τὰ
760 4108 953 4177 πρῶτα
981 4108 1147 4178 τιμῆς
1177 4109 1474 4179 ἀνήκουσιν
1505 4111 1562 4173 ἐς
1586 4113 1793 4181 ταύτην

236 4196 325 4264 τὴν
349 4200 644 4252 πολιτείαν.
663 4198 801 4261 Τούς
826 4216 884 4251 τε
910 4200 1017 4269 γὰρ
1049 4199 1356 4271 θησαυροὺς
1384 4201 1602 4265 καὶτὰς
1626 4220 1794 4272 προσ-

234 4288 370 4346 όδους
402 4290 677 4359 ἐφορῶσιν
719 4284 892 4358 οὗτοι,
920 4291 1013 4341 καὶ
1056 4289 1505 4358 ἐπιτροπεύουσι.
1561 4289 1795 4360 Χρήμα-

238 4378 423 4439 τξζουσι
453 4381 513 4432 δὲ
554 4380 742 4446 σφισιν
773 4381 828 4441 ἐς
864 4379 963 4449 τὴν
991 4379 1165 4448 ἀρχὴν
1195 4378 1395 4443 αὐτῶν,
1424 4380 1522 4433 σὺν
1548 4379 1625 4449 τῷ
1654 4382 1791 4449 ήγε-

1905 3182 2202 3237 fectionem
2236 3182 2475 3252 aliquant
2496 3183 2613 3237 sive
2637 3183 2934 3237 tumultum
2967 3193 3134 3237 noctu
3168 3184 3469 3237 concitant.

1906 3274 2049 3329 Sunt
2078 3284 2132 3329 et
2158 3288 2345 3329 rerum
2391 3274 2691 3341 venalium,
2755 3282 2925 3344 atque
2982 3274 3119 3329 adeo
3152 3275 3325 3330 totius
3364 3274 3473 3329 fori

1905 3366 2191 3436 praesides.
2286 3365 2394 3420 Alii
2477 3366 2774 3435 praesident
2835 3366 3196 3435 vectigalibus
3257 3381 3470 3433 rerum,

1902 3457 1994 3509 alii
2012 3466 2140 3511 sunt
2162 3455 2495 3510 tributorum
2519 3464 2573 3509 et
2596 3455 2835 3509 civitatis
2859 3453 3135 3508 redituum
3160 3463 3469 3510 exactores.

1903 3550 2136 3616 Quidam
2171 3547 2451 3619 praepositi
2492 3556 2624 3603 sunt
2662 3547 3022 3617 vectigalibus
3071 3554 3126 3601 et
3180 3547 3469 3611 reditibus,

1902 3642 1967 3696 ad
2009 3656 2147 3711 quos
2183 3642 2458 3697 universa:
2520 3642 2756 3695 civitatis
2789 3656 2923 3711 opes
2968 3641 3235 3696 adhibitis
3286 3641 3473 3695 obser-

1904 3732 2189 3788 vatoribus
2242 3733 2593 3788 deferuntur.
2657 3732 3010 3803 Magistratus
3094 3734 3185 3788 liic
3255 3740 3473 3787 constat

1904 3825 2039 3880 viris
2103 3835 2263 3879 attate
2310 3836 2363 3879 et
2410 3825 2715 3880 honoribus
2799 3824 3167 3895 gravissimis,
3216 3825 3310 3893 qui
3378 3838 3472 3893 per

1912 3917 2222 3972 universam
2255 3916 2420 3970 vitam
2451 3917 2616 3970 istum
2644 3916 3029 3985 magistratum
3059 3916 3321 3978 retinent,
3341 3914 3469 3984 quia

1902 4009 2117 4065 difficile
2163 4009 2377 4063 videtur
2405 4017 2628 4076 accepta
2654 4017 2707 4062 et
2744 4023 2987 4077 expensa
3030 4006 3299 4073 civitatis,
3335 4007 3467 4069 quid

1901 4100 2246 4171 expendatur
2281 4110 2334 4155 et
2367 4099 2498 4169 quid
2519 4100 2781 4167 supersit.
2803 4099 3099 4167 quotannis
3125 4106 3471 4166 computare,

1902 4202 1955 4248 et
1992 4192 2204 4261 singula
2241 4191 2297 4244 in
2332 4191 2571 4244 rationes
2610 4189 2839 4243 referre.
2880 4188 2960 4242 Ex
3013 4188 3099 4241 Itis
3136 4188 3240 4242 sibi
3272 4188 3469 4240 ducem

1901 4286 2146 4355 capiunt,
2185 4282 2408 4353 quando
2462 4282 2509 4336 is
2552 4282 2648 4350 qui
2713 4295 2897 4334 rerum
2953 4280 3177 4349 potitur,
3217 4287 3470 4332 mortuus

1904 4376 2092 4431 fuerit.
2154 4375 2256 4441 Qui
2307 4375 2375 4429 ad
2430 4375 2671 4443 primum
2720 4371 3003 4440 dignitatis
3066 4371 3241 4423 locum
3298 4368 3468 4423 evecti

234 4470 341 4535 μὸνι
374 4472 820 4541 παραγενόμενοι
849 4470 903 4533 ἐς
957 4487 1015 4522 τε
1048 4471 1315 4539 ἀκρόασιν
1349 4470 1658 4539 πρέσϐεων,
1699 4472 1793 4524 καὶ

1901 4469 2127 4531 fuerint,
2176 4469 2243 4521 ad
2293 4468 2458 4521 istum
2491 4468 2704 4519 tandem
2743 4465 3007 4518 honorem
3044 4473 3470 4532 pratuoventur.

231 4559 325 4610 τῶν
382 4562 662 4631 μεγάλων,
706 4562 814 4613 εἴτε
861 4561 1150 4631 βασιλέων,
1203 4562 1315 4613 εἴτε
1364 4562 1458 4615 καὶ
1511 4563 1793 4631 ἡγεμόνων

1898 4560 2213 4615 Thesauros
2258 4568 2423 4628 atque
2458 4559 2631 4611 totius
2678 4557 2829 4612 urbis
2857 4571 2987 4623 opes
3029 4566 3083 4609 et
3130 4552 3342 4607 reditus
3388 4554 3470 4607 in-

231 4652 518 4723 ἀναφορὰς.
552 4655 665 4707 Καὶ
693 4654 884 4723 ἄνδρες
915 4653 1061 4707 οὗτοι
1091 4657 1124 4723 ή
1159 4655 1260 4721 τῆς
1288 4654 1499 4716 πόλεως
1527 4655 1619 4723 ὅλη
1647 4655 1793 4719 ἐξου-

1898 4653 2138 4722 spiciunt
2159 4660 2212 4706 et
2244 4658 2517 4706 tutantur.
2550 4649 2754 4702 Eorum
2808 4645 3042 4699 ofﬁcium
3076 4644 3230 4713 105
3247 4655 3352 4711 est,
3378 4644 3471 4697 ubi

234 4741 314 4792 σία
335 4758 351 4773 ο
372 4742 709 4811 ὀνομάζεται
750 4742 806 4794 δέ
844 4744 941 4794 καὶ
970 4745 1261 4813 ἡγεμονία.
1298 4746 1530 4815 Προέχει
1563 4744 1619 4797 δέ
1653 4743 1793 4813 αὕτη

1898 4747 2278 4813 magistratum
2320 4746 2467 4797 hunc
2520 4741 2774 4801 inierint,
2830 4738 3470 4793 consultationibuscum

227 4831 257 4897 ή
288 4832 437 4894 πόλις
470 4833 621 4885 δυοῖν
659 4832 768 4884 τῶν
808 4834 865 4883 ἐν
897 4836 963 4903 τῇ
1007 4832 1206 4901 Ἰταλία
1241 4833 1449 4885 πόλεων
1501 4833 1693 4886 οἰκιῶν
1734 4850 1793 4884 τε

1905 4839 2156 4908 principe
2193 4851 2415 4896 vacare,
2449 4842 2502 4889 et
2536 4848 2662 4887 cum
2689 4835 2880 4887 enJem
2907 4833 3211 4902 legationes
3268 4830 3470 4899 princi-

228 4922 547 4995 εὐπρεπείᾳ,
594 4925 689 4976 καὶ
741 4928 1057 4995 κατασκευῇ
1096 4925 1334 4980 ἐπὶτῶν
1364 4924 1465 4995 τῆς
1514 4925 1793 4993 θαλάσσης

223 5017 699 5087 οἰκοδομημάτων,
748 5016 823 5078 ὡς
876 5015 936 5068 τὸ
1006 5016 1213 5069 ἐπίπαν
1262 5016 1360 5087 τῆς
1417 5016 1649 5081 πόλεως,
1699 5018 1794 5070 καὶ

225 5108 434 5178 πλούτῳ
464 5110 579 5161 τῶν
616 5110 673 5159 ἐν
702 5110 767 5178 τῇ
800 5107 955 5160 πόλει
994 5107 1369 5172 ἐνοικούντων,
1408 5108 1504 5161 ἆτε
1548 5110 1647 5178 τῆς
1693 5111 1792 5162 πό-

220 5196 344 5261 λεως
374 5200 475 5253 ἐπὶ
504 5198 779 5269 ἐμπορίαν
814 5197 1138 5268 ἐπιτηδείως
1169 5198 1400 5268 ἐχούσης
1428 5198 1504 5262 ὡς
1529 5199 1788 5268 μάλιστα,

220 5291 306 5342 καὶ
332 5294 603 5361 χρήματα
633 5290 881 5353 εὐπετῶς
918 5290 1312 5362 ποριζομένης.
1339 5292 1703 5361 Κεκόσμηται
1729 5292 1787 5345 δὲ

1904 4948 2029 5003 pum
2063 4944 2361 5000 regumque
2396 4927 2697 4982 relationes
2720 4924 2935 4978 audire.
2987 4925 3239 4975 Potestas
3300 4920 3472 4973 totius

1902 5022 2146 5078 civitatis
2192 5034 2359 5089 penes
2414 5017 2516 5072 ltos
2568 5025 2652 5073 est
2684 5033 2695 5069 :
2729 5024 2787 5069 et
2857 5028 3048 5069 revera
3096 5011 3467 5081 principatum

1902 5112 2228 5182 gubernant.
2255 5107 2462 5161 Civitas
2492 5106 2595 5161 ista
2629 5105 2846 5159 duobus
2878 5120 3069 5158 onmes
3104 5100 3270 5156 Italiae
3309 5098 3473 5151 urbes

1902 5198 2176 5255 antecedit
2217 5215 2229 5251 :
2273 5197 2529 5251 videlicet
2573 5195 2860 5253 domorum
2923 5188 3349 5260 magnificentia,
3413 5194 3472 5238 et

1905 5292 2267 5347 aediﬁciorum
2300 5304 2419 5359 quae
2447 5288 2501 5341 in
2547 5288 2685 5342 mari
2716 5286 2983 5342 aediﬁcata
3029 5290 3156 5340 sunt
3179 5287 3465 5353 apparatu.

1492 5406 1740 5469 Notules
1781 5402 2190 5485 marginales.

1964 5508 2075 5575 (Η)
2111 5504 2260 5575 βειρο
2293 5502 2363 5575 di
2386 5501 2558 5556 Dieci.

1961 5573 2075 5648 (15)
2102 5573 2438 5641 Quarantim.

279 5507 395 5575 (12)
425 5508 722 5563 Sextertia.

278 5581 391 5647 (l3)
418 5582 736 5647 Avogatori.

280 5740 328 5771 ⁸⁸
366 5739 437 5795 In
468 5759 582 5811 ora,
611 5744 893 5815 πρτγὰδοι.
968 5742 1025 5817 "A
1042 5742 1395 5813 δεδογμένων.
1424 5738 1483 5796 R.
1521 5750 1576 5793 ttt
1616 5739 1667 5792 in
1694 5754 1740 5791 c.

1898 5734 1956 5789 ιη
1981 5748 2109 5799 uno,
2145 5732 2347 5801 ἔφοροι,
2377 5730 2508 5784 utin
2549 5745 2631 5798 pr.
2665 5729 2751 5783 ed.
