4010 6208
498 342 602 404 199

1645 334 1956 399 LAON-iCl
1988 337 2663 399 Cll.\l.COCONDYL.E

3648 335 3755 398 200

499 456 732 512 Excellit
792 464 847 511 et
908 456 1211 526 opulentia,
1281 470 1402 525 qua:
1484 472 1652 526 penes
1720 458 1871 511 cives
1946 465 2070 521 est;

2193 457 2210 525 ί]
2248 460 2402 520 πόλις
2442 457 2583 527 αῦτη
2626 456 2694 510 τά
2723 473 2781 509 τε
2836 456 2998 521 ἄλλα,
3032 456 3125 509 καὶ
3174 454 3401 526 ἐπινείῳ
3453 454 3603 516 ma,-
3657 454 3758 522 τῆς

500 562 625 601 nam
667 564 793 601 cum
862 548 935 603 sit
990 559 1318 603 mercatura:
1350 556 1403 602 et
1453 549 1925 618 negotiationibus
1960 548 2076 601 ido-

504 657 629 704 nea,
661 640 721 694 ﬁt
759 648 819 695 ut
858 641 1054 694 incola
1092 641 1366 710 plurimas
1418 642 1545 697 hinc
1600 642 1863 711 colligant
1917 656 2072 710 Opt‘s.

502 730 782 783 Exornata
817 739 905 783 est
937 731 1129 785 eadem
1164 730 1295 784 urbs
1323 730 1549 800 pulchra
1583 729 1802 784 navium
1838 731 2077 784 statione

500 839 624 894 qua:
659 822 803 875 intra
862 824 1051 877 urbem
1087 824 1190 877 sita
1224 833 1330 889 est,
1387 824 1757 892 pulcherrima
1808 832 1863 878 et
1910 837 2079 875 amm-

500 916 729 970 nissinta
797 915 939 976 visu,
991 914 1266 969 instructa
1334 914 1684 977 triremibus.
1740 916 2079 984 navibusque

502 1009 627 1061 aliis
679 1007 954 1077 plurimis.
1047 1009 1323 1078 Copiosus
1377 1007 1449 1061 ibi
1494 1014 1581 1061 est
1629 1014 1928 1075 apparatus
2022 1007 2076 1057 in

502 1111 757 1171 promptu
810 1108 1304 1162 armamentorum,
1351 1109 1403 1153 et
1459 1101 1697 1153 aliorum
1728 1114 1853 1168 quae
1911 1112 2079 1151 naves

503 1196 806 1260 postulant.
862 1192 1118 1262 Spatium
1157 1202 1393 1262 occupat
1432 1192 1677 1263 quinque
1745 1192 2076 1245 stadiorum.

508 1283 619 1338 Viri
644 1285 958 1353 complures
984 1284 1228 1353 quotidie
1259 1285 1367 1338 ltuc
1395 1292 1732 1349 commeant,
1786 1294 2080 1354 operantes

503 1378 719 1439 sedulo,
761 1388 819 1431 ut
871 1392 993 1446 qua:
1043 1376 1109 1429 ad
1142 1392 1311 1429 naves
1362 1377 1662 1444 pertinent,
1710 1390 1822 1430 non
1875 1374 2077 1429 desint.

503 1468 816 1534 Quotauuis
853 1470 1002 1522 viros
1035 1468 1175 1521 duos
1217 1469 1427 1539 eligunt
1494 1468 1806 1538 primarius,
1842 1468 1937 1537 qui
1968 1476 2083 1522 sta-

506 1562 643 1614 tioni
706 1561 782 1614 illi
860 1560 1260 1630 przcliciuntur,
1338 1572 1395 1613 ut
1457 1575 1519 1614 ea
1579 1576 1701 1630 qua:
1760 1560 1826 1615 ad
1908 1561 2080 1629 ipsam

505 1656 782 1716 spectant,
836 1648 1033 1704 sedulo
1068 1658 1392 1718 procurent.
1456 1649 1743 1717 Equorum
1781 1647 1970 1701 nullus
2029 1648 2081 1700 in

509 1741 611 1793 ista
648 1743 782 1795 urbe
815 1756 970 1794 usus.
1031 1740 1280 1794 Pedestri
1342 1740 1541 1794 itinere
1578 1751 1812 1793 utuntur
1858 1739 1914 1792 in
1952 1750 2084 1790 con-

2182 548 2394 611 πόλεως
2423 548 2855 619 ᾠκοδομημένῳ,
2880 550 3142 603 κάλλιστά
3168 567 3227 601 τε
3256 550 3404 613 ἰδεῖν,
3436 550 3531 602 καὶ
3560 549 3761 619 εὐπρε-

2181 641 2459 711 πεστάτῳ,
2488 644 2608 701 ταῖς
2640 644 2928 713 τριήρεσιν
2958 642 3159 712 ἐξηρτη
3172 642 3318 712 μένῳ
3355 641 3430 704 ὡς
3452 640 3756 708 πλείσταις,

2181 732 2277 783 καὶ
2319 732 2521 794 πλοίοις
2553 733 2737 796 ἄλλοις
2775 734 3143 803 παμπόλλοις,
3176 734 3270 785 καί
3314 736 3379 802 τῇ
3428 735 3597 804 σκευῇ
3630 733 3756 785 τούο

2180 840 2287 875 των
2320 823 2567 892 ἀφθόνως
2598 842 2654 877 τε
2692 825 2889 896 ἐχούσῃ
2924 824 3113 891 αὑτοῦ,
3155 825 3265 878 ἀπό
3293 842 3351 877 τε
3384 826 3428 857 ⁸⁸
3457 826 3637 877 ὃπλων
3665 828 3760 879 καὶ

2181 914 2357 968 ἄλλων
2386 917 2483 968 ὅσα
2525 919 2580 979 ὲς
2618 919 2808 986 χρείαν
2880 918 3037 988 φέρει
3092 920 3213 980 ταῖς
3268 917 3449 971 ναυσί.
3481 917 3671 986 Διήκει
3703 917 3758 970 δὲ

2182 1007 2276 1059 ἐπὶ
2318 1008 2477 1060 πέντε
2531 1009 2801 1072 σταδίους,
2836 1009 2934 1061 καὶ
2986 1009 3177 1081 ἄνδρες
3215 1009 3289 1072 ὡς
3322 1011 3566 1061 πλεῖστοι
3594 1012 3759 1079 ὲργαι

2183 1100 2403 1167 ζόμενοι
2435 1099 2603 1152 αὐτοῦ
2638 1100 2760 1153 καθ’
2785 1102 3023 1169 ἑκάστην
3058 1103 3115 1163 ές
3146 1102 3241 1162 τὰς
3269 1100 3420 1161 ναῦς.
3453 1101 3757 1171 ’Δρχοντας

2182 1190 2239 1242 δὲ
2272 1190 2560 1260 αίροῦνται
2592 1192 2685 1244 τοῦ
2727 1192 2975 1245 ἐνιαυτοῦ
3007 1193 3101 1244 δύο
3129 1193 3185 1255 ἐς
3219 1192 3279 1245 τὸ
3312 1192 3550 1245 ἐπίνειον
3577 1191 3755 1256 ταῦτα,

2184 1286 2280 1338 καὶ
2316 1291 2373 1348 ἐς
2414 1286 2709 1356 ξύμπασαν
2743 1287 2844 1358 τὴν
2877 1290 3247 1360 κατασκευήν.
3276 1289 3497 1351 Ἵπποις
3524 1289 3579 1341 δὲ
3603 1288 3758 1341 οὐδέν

2183 1394 2266 1429 τοι
2299 1378 2497 1447 χρῆται
2533 1380 2567 1449 ή
2596 1380 2753 1441 πόλις
2778 1379 2939 1448 αὓτη,
2970 1381 3107 1433 ἀλλά
3134 1379 3271 1450 πεζῇ
3293 1397 3347 1432 τε
3378 1380 3465 1453 ἐπ’
3493 1381 3757 1451 ἀλλήλους

2186 1468 2439 1534 φοιτῶσι,
2472 1471 2567 1520 καὶ
2599 1469 2929 1539 πλοιαρίοις,
2972 1473 3038 1540 τῇ
3084 1469 3184 1537 μὲν
3219 1470 3316 1540 τῆς
3360 1470 3639 1544 θαλάσσης
3670 1475 3761 1528 διὰ

2183 1556 2296 1608 τῶν
2326 1557 2513 1609 οἰκιῶν
2541 1558 2830 1627 διήκουσα,
2855 1564 2919 1631 τῇ
2954 1560 3009 1613 δὲ
3040 1562 3132 1614 καὶ
3159 1562 3339 1614 αὐτῶν
3373 1567 3763 1635 κατεστρωμέ-

2185 1667 2292 1701 νων
2329 1650 2576 1714 πλίνθοις
2607 1653 2900 1723 ἅπανταχῆ
2926 1656 3025 1724 τῆς
3052 1655 3285 1718 πόλεως.
3324 1657 3508 1727 Τείχει
3528 1658 3582 1711 δὲ
3605 1658 3757 1712 οὐδὲν

2188 1741 2580 1811 περιϐέϐληται
2614 1745 2648 1814 ή
2685 1744 2861 1808 πόλις.
2901 1746 3011 1808 ἰ’ἀς
3045 1748 3232 1815 μέντοι
3282 1747 3458 1814 ἀρχὰς
3486 1749 3596 1801 τῶν
3627 1767 3757 1819 σφε-

507 1834 788 1902 gressibus
830 1833 1056 1887 mutuis.
1105 1830 1462 1900 Navigiorum
1510 1848 1645 1887 usus
1676 1831 1820 1902 apud
1847 1845 1944 1885 eos
1971 1831 2080 1883 {re-

2193 1806 2363 1904 τέρων
2398 1806 2606 1888 πόλεων
2634 1806 2689 1899 ές
2736 1854 2795 1890 τε
2823 1806 2940 1910 ήτὴν
2980 1806 3210 1912 ἤπειρον
3244 1806 3639 1911 τῆςηΊταλίας,
3667 1806 3761 1897 καὶ

502 1938 683 1993 quens
730 1931 837 1985 est,
889 1937 1013 1977 cum
1058 1936 1210 1976 mare
1254 1930 1504 1977 transeat
1544 1937 1642 1991 per
1680 1923 1899 1977 domos.
1935 1919 2080 1974 Prce-

504 2024 653 2067 tcrea
694 2015 827 2066 urbs
884 2022 991 2067 tota
1046 2012 1244 2082 tegulis
1295 2012 1576 2082 integitur,
1637 2029 1738 2068 nec
1782 2013 1909 2066 ullis
1944 2025 2081 2065 mm-

504 2107 671 2161 nibus
704 2106 960 2175 cingitur.
997 2105 1373 2174 Magistratus,
1400 2121 1540 2173 quos
1561 2107 1787 2161 urbibus
1827 2106 1881 2161 in
1915 2104 2081 2161 italia

503 2196 824 2250 continente
855 2205 909 2250 et
961 2195 1017 2249 in
1056 2193 1333 2248 maritima
1383 2193 1627 2264 ipsorum
1660 2196 1887 2265 regione
1957 2194 2081 2249 sitis

504 2290 834 2347 decernunt.
899 2289 1222 2358 plerumque
1282 2289 1457 2343 exiis
1492 2288 1584 2358 qui
1628 2288 1681 2341 in
1754 2288 2080 2359 magistratu

506 2389 635 2434 sunt
695 2380 1067 2434 constituunt.
1120 2379 1223 2435 Ubi
1264 2372 1330 2437 illi
1366 2380 1571 2435 reversi
1621 2380 1845 2442 fuerint,
1882 2393 2076 2448 poenas

505 2470 638 2523 dant
679 2486 870 2525 eorum
918 2486 1040 2541 quae
1084 2472 1270 2542 inique
1327 2471 1382 2525 in
1428 2471 1761 2540 magistratu
1824 2467 2079 2523 collocati

502 2571 759 2631 egerunt.
822 2562 1051 2627 Ducem,
1118 2580 1282 2635 quem
1353 2563 1696 2619 exercitibus
1746 2560 2081 2615 continentis

507 2667 843 2726 proponunt,
908 2672 1019 2711 nott
1052 2656 1368 2727 indigenam
1400 2665 1494 2711 aut
1521 2657 1696 2711 civem
1732 2663 1953 2715 creant,
1983 2667 2079 2707 ve-

508 2749 603 2801 riti
635 2757 694 2800 ut
727 2748 1038 2803 conciliatis
1100 2749 1335 2802 militum
1379 2748 1602 2809 animis.
1669 2746 2082 2801 lunovationem

508 2841 749 2910 aliquam
778 2840 1067 2893 moliretur
1102 2848 1298 2895 contra
1348 2841 1747 2910 principatum,
1783 2851 2083 2909 rerumque

507 2946 721 2987 summa
749 2931 804 2985 in
837 2932 1143 2999 periculum
1159 2934 1393 2988 veniret.
1425 2931 1725 2987 Navallbus
1745 2931 1922 3001 copiis
1958 2944 2083 2986 cum

508 3039 618 3078 non
652 3023 867 3093 possint
902 3025 1033 3078 dare
1063 3025 1450 3095 imperatorem
1493 3023 1867 3094 peregrinum,
1913 3036 2082 3075 unum

509 3116 577 3169 de
613 3130 716 3170 suo
771 3130 1004 3184 corpore
1036 3116 1653 3186 deligunt,quinavalia
1678 3114 1862 3185 praelia
1899 3129 2088 3184 capes-

511 3218 616 3273 sat,
665 3223 790 3262 cum
825 3209 892 3262 ad
937 3209 1375 3280 belligerandum
1423 3209 1720 3279 prodeunt.
1779 3208 2087 3279 Separatitn

510 3301 810 3370 quctannis
846 3301 1036 3355 decem
1104 3301 1364 3356 triremes
1397 3302 1624 3355 mittunt
1675 3302 1728 3355 in
1763 3300 1978 3355 lonium
2036 3308 2092 3354 et

509 3392 757 3461 Egseum
797 3409 970 3459 mare,
1029 3402 1256 3464 propter
1308 3409 1477 3450 naves
1510 3408 1635 3464 qua:
1698 3393 1754 3446 in
1789 3390 2090 3463 Egyptum

507 3500 563 3542 et
593 3488 646 3539 in
689 3486 914 3557 Libyam
965 3488 1231 3542 mercium
1282 3487 1458 3557 gratia
1512 3485 1939 3556 proficiscuntur
1996 3500 2094 3555 per

509 3577 791 3633 Oceanum
848 3589 902 3633 et
946 3581 1223 3634 Euxinum
1250 3595 1422 3634 mare.
1464 3578 1613 3634 Mare
1658 3579 1765 3634 hoc
1796 3588 2094 3649 repurgant

512 3688 539 3724 a
570 3671 790 3738 piratis,
848 3686 988 3740 quos
1041 3680 1296 3726 arcentes
1344 3671 1661 3740 ubicunque
1705 3670 1757 3724 in
1813 3686 1908 3726 eos
1953 3670 2092 3725 inei-

512 3765 717 3828 derint,
758 3764 896 3817 foris
933 3771 1222 3818 morantur
1250 3778 1343 3828 per
1372 3763 1647 3832 integrum
1711 3776 1937 3827 annum,
1995 3777 2092 3816 ex-

512 3864 826 3923 spectantes
855 3856 1030 3909 donec
1057 3854 1245 3908 decem
1273 3854 1392 3907 alite
1424 3853 1843 3909 submittantur.
1862 3852 1995 3918 Quae
2046 3854 2093 3908 si

514 3946 784 4011 venerint,
808 3947 1049 4001 liberata:
1078 3946 1290 4016 priores
1332 3946 1499 4000 maris
1536 3946 1810 4012 custodia,
1866 3947 2091 4000 domum

514 4047 787 4094 remeant.
829 4036 1047 4094 Civitas
1076 4039 1179 4093 ista
1218 4037 1383 4092 mittit
1426 4041 1705 4103 triremes,
1757 4053 1897 4109 quas
1947 4038 2095 4094 cives

512 4137 723 4193 eruunt,
756 4131 986 4200 petitum
1024 4144 1254 4194 merces,
1287 4129 1340 4183 in
1377 4129 1791 4194 Alexandriam,
1850 4128 2092 4200 Syriam,

516 4222 776 4285 Tanaim,
821 4223 1169 4278 Britannicas
1230 4224 1463 4288 insulas,
1501 4225 1639 4279 etin
1687 4225 1952 4279 Africam.
2002 4224 2095 4280 Βία

520 4322 656 4367 sunt
719 4330 953 4369 numero
986 4316 1183 4384 viginti
1222 4315 1365 4379 duae,
1395 4332 1517 4384 quae
1568 4317 1956 4386 magnitudine
1983 4317 2089 4371 dif-

516 4406 703 4461 ferunt
752 4421 780 4459 a
841 4407 1090 4475 reliquis,
1146 4416 1204 4461 ut
1269 4424 1389 4476 qua:
1440 4423 1507 4461 au
1559 4423 1767 4462 merces
1796 4409 2092 4478 capiendas

2191 1929 2245 1989 ἐς
2285 1929 2385 1998 τὴν
2419 1931 2686 2000 παράλιον
2716 1932 2903 2003 χώραν
2932 1933 3136 1998 αὐτῶν,
3170 1934 3259 1987 διὰ
3295 1935 3448 1999 τέλος
3484 1937 3539 1989 δὲ
3570 1938 3642 1998 ὡς
3668 1939 3763 1990 ἐπὶ

2188 2023 2247 2074 τὸ
2301 2023 2436 2075 πολὺ
2490 2022 2799 2095 αίροῦνται.
2844 2024 3098 2078 Ἐπειδὰν
3151 2025 3207 2079 δὲ
3252 2028 3551 2082 ἐπανίωσιν
3582 2030 3636 2093 ις
3664 2030 3762 2098 τὴν

2189 2113 2369 2179 πόλιν,
2402 2114 2468 2185 ην
2497 2132 2550 2167 τι
2592 2115 2667 2186 μὴ
2693 2114 2869 2187 ὀρθῶς
2897 2119 3290 2187 πεπραγμένον
3382 2118 3552 2188 αὐτῷ,
3580 2120 3677 2183 τάς
3706 2137 3762 2172 τε

2190 2207 2420 2270 εὐθύνας
2454 2207 2639 2260 δίδωσι
2671 2209 2767 2261 καὶ
2792 2209 2948 2279 δίκην
2989 2208 3074 2278 ἐφ’
3113 2205 3194 2273 οἷς
3228 2210 3303 2281 μὴ
3334 2212 3514 2275 καλῶς
3537 2212 3765 2265 πεπολι-

2189 2302 2428 2369 τευμένα
2479 2301 2741 2369 τυγχάνει
2792 2302 2960 2371 αὐτῷ.
3000 2302 3111 2354 Καὶ
3163 2303 3440 2373 αίροῦνται
3479 2303 3577 2373 μὲν
3616 2302 3763 2355 οὗτοι

2193 2392 2502 2462 στρατηγὸν
2528 2397 2715 2461 σφίσιν
2739 2393 2841 2446 οὐκ
2869 2393 3164 2465 ἐπιχώριον
3196 2396 3252 2459 ες
3275 2398 3341 2448 τά
3372 2395 3761 2466 στρατεύματα

2190 2482 2291 2551 τῆς
2324 2483 2578 2554 ηπείρου,
2603 2482 2841 2547 δεδιότες
2874 2485 2949 2555 μὴ
2993 2487 3397 2557 προσαγόμενοι
3427 2488 3550 2550 τοὺς
3598 2503 3764 2554 στρα-

2191 2575 2417 2640 τιώτας,
2459 2576 2590 2645 περὶ
2631 2576 2731 2648 τὴν
2784 2577 2960 2649 ἀρχὴν
3018 2581 3406 2649 νεωτερίσωσι,
3456 2580 3549 2633 καὶ
3587 2580 3763 2633 κινδυ-

2196 2668 2363 2740 νεύσῃ
2396 2668 2578 2731 αὐτοῖς
2636 2669 3004 2743 διαφθαρῆναι
3037 2672 3104 2725 τὰ
3142 2675 3468 2743 πράγματα.
3516 2674 3602 2738 Ἐς
3642 2672 3765 2744 μέν·

2190 2776 2275 2813 τοι
2333 2760 2431 2829 τὴν
2469 2760 2645 2830 ἀρχὴν
2694 2765 2793 2833 τῆς
2852 2763 3149 2835 θαλάσσης,
3203 2766 3304 2819 οὐκ
3348 2766 3563 2836 ἔχοντες
3617 2768 3764 2828 ὅπως

2193 2841 2511 2924 ὲπάγωνῖιαι
2542 2856 2881 2927 ἀλλοτρίους,
2912 2859 3204 2913 καθιστᾶσι
3233 2878 3291 2912 τε
3317 2864 3379 2913 ἐκ
3424 2863 3529 2914 τῶν
3562 2862 3763 2930 ἐπιχω-

2197 2948 2328 3019 ρίων
2364 2949 2802 3019 αὐτοκράτορας,
2851 2952 3074 3006 ἐπειδὰν
3125 2953 3383 3024 πολεμεῖν
3412 2955 3761 3025 ἐξέρχωνται.

2195 3041 2303 3094 Καὶ
2345 3041 2449 3112 ίδία
2480 3044 2603 3096 κατ’
2647 3043 2892 3097 ἐνιαυτὸν
2944 3045 3043 3109 τὰς
3077 3045 3210 3101 δέκα
3256 3050 3522 3119 τριήρεις.
3546 3050 3612 3113 ἀς
3646 3052 3767 3103 ἐπι-

2198 3135 2515 3203 πέμπουσιν
2547 3137 2700 3199 ἔτους
2730 3138 2988 3202 ἑκάστου,
3020 3141 3075 3203 ἐς
3122 3159 3183 3194 τε
3228 3143 3319 3196 τὸν
3357 3142 3559 3211 Ἰόνιον,
3588 3145 3683 3197 καὶ
3712 3146 3769 3207 ἐς

2191 3228 2252 3279 τὸ
2289 3228 2537 3295 Αίγαῖον,
2580 3230 2688 3281 τῶν
2725 3230 2861 3285 νεῶν
2894 3231 3072 3285 αὐτῶν
3113 3234 3172 3286 αἶ
3207 3234 3298 3287 ἐπὶ
3332 3236 3608 3305 ἐμπορίαν
3639 3238 3769 3306 ἀφιο

2193 3320 2448 3375 κνοῦνται
2494 3322 2588 3375 ἐπὶ
2620 3322 2895 3391 Αἴγυπτον
2942 3327 3036 3378 καὶ
3091 3326 3323 3399 Λιὸύην,
3353 3332 3448 3383 καλ⁸
3495 3331 3770 3397 Ὠκεανὸν,

2195 3413 2287 3465 καὶ
2319 3412 2573 3479 Εθξεινον
2606 3414 2824 3469 πόντον.
2882 3416 2990 3469 Καὶ
3020 3416 3417 3487 καθαιροῦντες
3452 3419 3511 3472 τὸ
3546 3420 3773 3491 λῃστρι-

2195 3502 2311 3570 κδν,
2361 3506 2484 3557 ὅποι
2516 3504 2583 3559 ἂν
2630 3506 3003 3577 περιτύχωσιν
3049 3508 3105 3561 ai
3139 3509 3271 3562 δέκα
3300 3503 3461 3564 αὗται
3498 3515 3770 3583 τριήρεις,

2194 3596 2567 3667 διατρίϐουσιν
2595 3600 2716 3652 δλον
2739 3597 3005 3660 ὶνιαυτὺν,
3030 3602 3085 3662 ὲς
3109 3602 3248 3672 ὅπερ
3277 3602 3331 3655 ai
3359 3603 3490 3656 δέκα
3512 3606 3609 3673 ἀφι
3638 3605 3774 3659 ,νού-

2200 3707 2382 3760 μεναι,
2432 3691 2839 3746 ἀπαλλάττουσι
2888 3696 3097 3759 ταύτας
3155 3700 3255 3765 τῆς
3307 3699 3581 3769 φυλακῆς.
3624 3700 3775 3753 Ἐπι-

2196 3782 2477 3850 πέμπουσι
2523 3782 2581 3834 δὲ
2631 3786 2724 3835 καὶ
2767 3785 3016 3855 τριήρεις
3064 3788 3159 3839 ὲπί
3194 3789 3469 3857 ἐμπορίαν
3516 3791 3549 3859 ή
3595 3792 3768 3855 πόλις.

2197 3866 2583 3937 ὲξωνουμένων
2629 3870 2737 3922 τῶν
2783 3872 3020 3925 πολιτῶν
3054 3874 3277 3938 ταύτας,
3308 3876 3362 3939 ἐς
3414 3895 3475 3931 τε
3517 3880 3775 3945 Ἀλεξάν-

2196 3958 2386 4028 δρειαν
2416 3961 2510 4012 καὶ
2540 3961 2765 4032 Συρίαν,
2802 3965 2897 4016 καὶ
2930 3965 3159 4033 Τάναϊν,
3189 3971 3283 4022 καὶ
3318 3973 3375 4033 ἐς
3408 3973 3509 4035 τὰς
3538 3973 3774 4041 Βρεταν-

2196 4051 2355 4113 νικάς
2400 4054 2619 4123 νήσους,
2658 4055 2755 4107 καλ⁸
2789 4057 2843 4117 ἐς
2878 4056 2980 4127 τὴν
3027 4058 3258 4130 Λιϐύην.
3293 4062 3499 4132 Είησαν
3532 4064 3576 4118 δ’
3616 4063 3681 4117 ἂν
3716 4067 3774 4118 ai

2198 4145 2443 4214 τριήρεις
2491 4140 2652 4199 αὗται
2704 4147 2796 4199 δύο
2849 4149 2943 4201 καὶ¹
2978 4149 3150 4204 εἴκοσι
3191 4154 3415 4220 μείζους
3451 4157 3558 4208 τῶν
3594 4156 3774 4210 ἄλλων

2197 4238 2491 4308 τριήρεων,
2522 4237 2618 4291 an
2663 4240 2756 4294 ἐπὶ
2789 4241 3062 4315 ἐμπορίαν
3104 4249 3640 4318 κατεσκευασμέναι.
3670 4249 3776 4302 Νο-

2203 4328 2421 4397 μίςεται
2445 4329 2489 4382 δ’
2515 4329 2700 4394 αὐτοῖς
2728 4331 2813 4400 ἐφ’
2837 4332 3075 4405 ἑκάστης
3110 4336 3249 4401 νεὼς
3282 4342 3376 4395 καὶ
3415 4342 3609 4406 παῖδας
3647 4360 3778 4412 συγο

2200 4416 2477 4483 κλητικῶν
2519 4419 2728 4489 ἀνδρῶν
2780 4422 2874 4474 ἐπὶ
2926 4422 3025 4495 τὴν
3074 4426 3351 4498 ἐμπορίαν
3400 4430 3777 4498 ἀφικνεῖσθαι,

515 4507 811 4551 exstructas
853 4498 983 4551 sint.
1017 4498 1208 4552 Solent
1241 4499 1401 4570 106
1433 4510 1638 4563 autem,
1668 4500 1741 4553 ita
1773 4502 1915 4554 enim
1964 4517 2085 4555 con-

2205 4510 2664 4580 μεμισθωμένους
2722 4517 2818 4568 καὶ
2873 4516 3099 4581 τούτους
3148 4521 3248 4573 σὺν
3297 4524 3363 4591 τῇ
3414 4522 3505 4591 νηῒ
3555 4524 3647 4575 ἐπὶ
3684 4527 3780 4595 τὴν

514 4588 748 4641 snt-tudo
781 4598 947 4653 tenet,
1002 4606 1126 4643 cum
1163 4591 1397 4657 singulis
1467 4591 1701 4645 navibus
1727 4591 2099 4661 {patriciorum

2202 4599 2502 4670 ἐμπορίαν.
2546 4602 2873 4676 Ἐξεύρηται
2912 4608 3014 4676 μὲν
3051 4605 3146 4663 οὖν
3182 4610 3396 4671 τούτοις
3438 4614 3550 4674 τοῖς
3587 4615 3753 4669 Ούενε

517 4680 613 4734 lilii
662 4680 727 4734 ad
785 4696 996 4736 merces
1046 4682 1453 4752 cmnparandas
1518 4684 1792 4752 proﬁcisci
1848 4694 2085 4743 msrcedt

2202 4696 2335 4761 τοῖς,
2394 4696 2528 4765 πρὺς
2585 4696 2678 4749 τον
2733 4700 3003 4770 Λιγυρίας
3050 4701 3315 4771 τύραννον
3365 4703 3782 4775 διαπολεμοῦσι,

521 4773 803 4827 Conducti.
862 4773 1115 4843 Magnam
1166 4775 1411 4844 pecuniae
1463 4776 1573 4830 vim
1608 4774 1801 4832 Veneti
1838 4780 2085 4836 confece-

2203 4788 2467 4858 χρήματα
2498 4792 2566 4859 τῇ
2594 4808 2650 4841 τε
2681 4790 2839 4861 ἄλλῃ.
2868 4793 2963 4845 καὶ
3013 4792 3077 4862 δὴ
3125 4793 3233 4845 τῶν
3277 4794 3515 4849 πολιτῶν
3547 4773 3784 4851 ἑκάστου

519 4876 671 4931 runt,
728 4882 853 4920 cum
891 4866 1091 4921 bellum
1146 4878 1403 4937 gererent
1467 4872 1741 4927 adversus
1800 4871 2085 4928 Mediolani

2200 4879 2299 4948 τῆς
2331 4881 2521 4943 οὐσίας
2553 4883 2579 4931 ό
2606 4881 2960 4951 δεκατισμός.
3009 4883 3153 4953 Πρὸς
3182 4883 3275 4947 οὓς
3306 4886 3370 4956 δὴ
3402 4888 3589 4942 τάττει
3620 4893 3653 4961 ή
3685 4892 3784 4943 πό-

515 4958 735 5021 ducem,
759 4958 1053 5024 bonorum,
1086 4974 1209 5029 quin
1236 4960 1384 5016 cives
1420 4963 1806 5032 possidebant,
1842 4964 2098 5022 introdu-

515 5058 602 5105 cta
655 5052 1040 5108 decimatione.
1072 5052 1306 5126 Propter
1350 5056 1492 5112 hanc
1537 5058 1756 5113 civibus
1818 5074 2092 5125 annuum,

517 5145 675 5211 quasi
714 5144 881 5200 dt-biti
930 5148 1386 5223 persolutionem,
1419 5149 1753 5206 ordinarunt
1785 5151 2019 5207 reditum
2078 5170 2094 5207 :

522 5237 906 5304 promittentes
964 5254 1314 5311 quacunque
1382 5244 1753 5298 contulissent
1822 5244 1969 5298 cives
2041 5246 2094 5299 in

522 5343 685 5381 usum
722 5329 871 5393 belli,
921 5344 1112 5383 eorum
1150 5332 1367 5385 tertiam
1423 5344 1632 5401 partem
1704 5335 1940 5403 singulis
1988 5350 2098 5388 an-

521 5419 609 5473 nis
630 5420 778 5473 cives
815 5422 1069 5492 singulos
1094 5434 1439 5493 recepturos.
1470 5424 1570 5479 Hic
1601 5426 1816 5482 reditus
1852 5426 1920 5480 ad
1962 5430 2099 5483 libe-

515 5525 605 5565 ros
642 5519 696 5565 et
745 5524 972 5584 nepotes
1007 5514 1174 5570 redit.
1231 5514 1466 5581 Quidam
1521 5517 1621 5572 bos
1665 5517 1875 5575 reditus
1931 5535 2101 5590 parvo

2206 4970 2287 5032 λις
2321 4972 2535 5039 ἐτήσιον
2569 4972 2858 5041 πρόσοδον,
2890 4967 2977 5025 οἷα
3010 4975 3104 5027 τοῦ
3140 4978 3336 5046 χρέους
3358 4980 3619 5035 ἀπόδοσιν
3648 4998 3663 5015 ο
3689 4986 3785 5037 καὶ

2209 5060 2343 5114 ἅττα
2372 5061 2415 5114 δ’
2448 5065 2514 5115 ἂν
2542 5064 2855 5134 ἐπαγγέλλῃ
2892 5066 3199 5135 λαμϐάνειν
3229 5072 3357 5133 τοὺς
3390 5071 3633 5138 πολίτας,
3658 5076 3784 5144 τρία

2208 5155 2273 5224 δὴ
2326 5155 2557 5211 ἕκαστον
2606 5158 2937 5227 ἐπαγγέλλει
2976 5162 3286 5218 ἀποδιδόναι
3326 5166 3481 5231 έτους
3524 5170 3785 5225 ἑκάστου.

2210 5248 2322 5300 Οὐκ
2354 5248 2499 5302 ἔστιν
2534 5251 2620 5302 ὅτε
2648 5252 2743 5303 ἐπὶ
2772 5253 2897 5315 τοὺς
2930 5252 3129 5317 παῖδάς
3156 5271 3216 5309 τε
3261 5259 3356 5311 καὶ
3393 5259 3649 5327 ἐγγόνους
3683 5262 3788 5317 οὐκ

2205 5343 2519 5409 ἀφικνεῖται
2569 5346 2601 5413 ἠ
2651 5345 2877 5416 τοιαύτη
2936 5349 3225 5417 πρόσοδος.
3289 5352 3644 5418 Ἐξωνοῦνται
3684 5355 3787 5423 μὲν

2205 5433 2339 5484 ἔνιοι
2370 5433 2577 5497 ταύτας
2620 5434 2804 5504 ὀλίγου
2838 5436 2983 5501 τινὸς
3010 5439 3082 5503 η,
3114 5440 3265 5508 παρὰ
3316 5441 3425 5493 τῶν
3461 5440 3659 5503 ἐνδεῶς
3690 5440 3787 5493 τοῦ

2211 5526 2326 5595 βίου
2366 5527 2551 5595 σφίσιν
2589 5528 2846 5596 ἑχόντων,
2878 5532 2974 5582 καὶ
3024 5531 3433 5601 εὐδαιμονοῦσι.
3463 5536 3620 5588 Δοκεῖ
3664 5534 3721 5589 δὲ
3762 5538 3789 5601 ἡ

1778 5617 2029 5679 Νοιιιιω
2071 5622 2477 5701 marginales.

643 5708 687 5740 οι
721 5708 787 5794 [ιιι
839 5727 956 5794 σγα,
996 5712 1116 5780 ἦτοι
1163 5714 1367 5785 ἀρσενά
1418 5732 1475 5769 τε
1509 5713 1602 5771 νῦν
1643 5715 1813 5780 οὓτως
1843 5718 2270 5793 ὀνομαζόμενον.
2308 5723 2379 5778 ἵσ.
2420 5724 2661 5794 ἀρπενάλ
2700 5765 2711 5779 .

514 5774 674 5842 τινός.
718 5780 777 5833 R.
816 5792 872 5834 ut
902 5774 954 5836 in
988 5774 1134 5839 cont.

2830 5727 2875 5757 "
2914 5725 3028 5781 Duo
3065 5744 3193 5785 mss.
3227 5730 3445 5797 hai‘ent,
3476 5734 3572 5787 οὐκ
3599 5734 3786 5804 ὀλίγου

2290 5837 2305 5875 1
