4010 6208
240 308 335 374 201
1304 311 1402 372 DE
1431 311 1686 382 REBUS
1714 310 2075 372 TURClClS
2110 309 2253 372 LIB.
2302 310 2406 374 IV.

3350 305 3458 375 20?.

235 421 374 482 πόλις
408 419 551 487 αὕτη
582 417 694 472 άπδ
725 419 1004 472 Οὐενετῶν
1027 419 1134 472 ἀπὸ
1155 418 1385 472 παλαιοῦ
1413 420 1790 490 εὐνομουμένη

1902 425 2072 490 pretio
2116 425 2416 484 redimunt.
2451 419 2624 475 abiis
2659 421 2754 492 qui
2794 433 3088 492 pauperem
3133 419 3277 491 apud
3310 421 3458 490 ipsos

236 512 425 582 μηδένα
458 510 666 579 φθῆναι
721 511 815 563 ἐπὶ
863 511 1230 587 νεωτερισμὸν
1285 511 1604 578 ἀφικέσθαι,
1643 510 1783 580 πλὴν

230 606 285 673 δή
318 603 644 672 Βαῖμοῦνδον
697 604 939 666 νεανίαν,
970 605 1300 658 ὀλόιώτατον
1332 605 1591 658 δοκοῦντα
1630 607 1786 674 γενέ·

235 696 363 758 σθαι,
388 695 781 763 ἀνακτώμενον
814 695 877 748 τὸ
907 695 1114 766 πλῆθος
1162 698 1254 748 ἐπὶ
1283 697 1441 750 τοῦτο
1465 697 1780 769 ὡρμῆσθαι.

241 789 358 842 utra
391 790 563 850 οῖκίας
593 788 650 840 δέ
681 805 828 850 τινος
856 788 1120 858 βληθέντα
1152 789 1254 840 ὑπὸ
1276 790 1529 855 γυναικὸς
1556 789 1786 854 ἄνωθεν,

233 888 284 939 ἓν
311 889 366 954 τῇ
415 883 516 950 ὁδῷ
569 883 835 952 προϊόντα
871 884 962 935 ἐπὶ
1001 883 1068 934 τὰ
1095 882 1376 951 βασίλεια,
1408 884 1785 949 ὲπισπομὲνου

235 976 366 1046 αὖτῷ
398 975 487 1028 τοῦ
545 975 815 1044 πλήθους,
849 977 945 1027 καὶ
997 975 1269 1044 δεσπότην
1328 972 1500 1042 σφῶν,
1557 975 1650 1026 καὶ
1688 974 1785 1042 τῆς

237 1070 424 1132 πόλεως
451 1069 943 1136 ἀποδεικνυμένου,
977 1069 1072 1121 καὶ
1112 1067 1281 1137 ταύτῃ
1335 1067 1603 1136 βληθέντα
1631 1066 1787 1136 λίθῳ,

237 1161 522 1212 ἀποθανεῖν.
561 1161 839 1230 ’Ὕστερον
875 1159 1079 1227 μέντοι,
1110 1159 1322 1220 οὐδένες
1350 1159 1378 1210 ὃ
1417 1175 1470 1210 τι
1515 1159 1610 1210 καὶ
1637 1157 1788 1220 ἄξιον

237 1253 377 1318 λόγον
405 1256 456 1314 ἐς
483 1251 862 1321 νεωτερισμὸν
892 1251 1019 1317 περὶ
1049 1251 1148 1318 τὴν
1186 1251 1340 1302 πόλιν
1373 1249 1576 1318 ταύτην
1605 1249 1791 1317 ἐξηνέ-

239 1345 444 1413 χθησαν.
475 1345 666 1406 δεινῶς
717 1344 877 1396 τοῦτο
935 1343 1348 1412 φυλαττομένης
1402 1343 1502 1411 τῆς
1554 1341 1786 1408 πόλεως,

242 1442 306 1507 μή
335 1439 592 1507 συμϐῆναι
625 1437 787 1506 αὐτῇ.

1899 517 2065 569 vitam
2121 526 2311 588 agunt.
2366 514 2572 568 Civitas
2608 513 2716 568 ista
2779 515 2936 583 plane
2988 513 3117 568 felix
3178 523 3281 568 est.
3335 512 3460 569 Hzcc

1897 607 2152 672 cumjatn
2186 623 2212 659 a
2249 607 2551 676 primordio
2583 607 2741 659 bonis
2779 605 2993 674 legibus
3023 613 3169 660 esset
3212 605 3460 664 fundata,

1893 699 2078 753 evenit
2110 710 2166 751 ut
2197 698 2384 752 nullus
2416 706 2667 768 repertus
2703 699 2794 758 sit,
2835 698 2926 766 qui
2975 697 3304 752 seditionem
3359 698 3463 752 ali-

1891 804 2081 856 quam,
2155 805 2422 842 novarum
2475 806 2657 843 rerum
2719 790 2978 858 cupidus,
3037 790 3088 843 in
3125 805 3186 844 ea
3213 792 3462 844 excitare

1890 892 2123 934 conatus
2159 881 2249 943 sit,
2281 893 2477 950 praeter
2510 881 2872 936 Baimundum
2906 882 3304 938 adolescentem
3327 897 3463 953 opu-

1894 972 2282 1036 lentissimum,
2307 974 2396 1043 qui
2425 975 2599 1043 pretio
2617 975 2861 1028 alliciens
2893 975 3326 1038 multitudinem,
3361 976 3464 1029 rei-

1895 1067 2121 1136 publicae
2155 1077 2353 1122 statum
2395 1070 2654 1124 innovare
2681 1070 2902 1136 parabat
2922 1071 3054 1140 (I6):
3078 1067 3132 1123 in
3152 1086 3311 1140 quem
3339 1084 3465 1138 pro—

1896 1159 2156 1213 deuntem
2212 1162 2277 1213 ad
2340 1167 2590 1230 regiam,
2629 1163 2883 1233 stipatum
2955 1165 3112 1216 tutba
3181 1163 3462 1220 hominum

1899 1252 2160 1315 maxima,
2185 1254 2276 1319 qui
2301 1270 2424 1308 eum
2447 1255 2728 1307 dominum
2761 1272 2920 1310 suum
2950 1265 3004 1308 et
3033 1254 3188 1308 urbis
3219 1254 3466 1308 declara-

1898 1341 2054 1408 bant,
2098 1348 2291 1399 mulier
2339 1349 2402 1400 de
2451 1340 2592 1401 tecm
2643 1350 2881 1419 quodam
2948 1349 3184 1418 lapidem
3233 1347 3468 1418 jacicus,

1894 1450 2019 1490 cum
2069 1439 2390 1503 trucidavit,
2425 1449 2592 1507 atque
2639 1456 2704 1494 eo
2763 1441 2868 1495 loci
2923 1443 3228 1498 seditiosus
3292 1444 3461 1497 vitam

242 1535 384 1588 finiit.
425 1534 684 1600 Deinceps
719 1531 904 1585 nullus
925 1530 1086 1596 alius,
1129 1531 1218 1600 qui
1258 1530 1398 1583 idem
1450 1529 1755 1592 moliretur,
1800 1528 2056 1584 inventus
2099 1542 2182 1588 cst
2219 1553 2233 1588 :
2275 1551 2395 1588 cum
2430 1535 2622 1591 civitas
2674 1550 2888 1592 summa
2939 1552 3064 1606 ope,
3095 1552 3164 1592 ne
3240 1533 3294 1589 id
3339 1528 3469 1592 mali

243 1628 516 1696 contingat,
546 1639 858 1695 prtecavere
902 1621 1099 1676 soleat.

318 1721 395 1783 Ὠς
424 1720 514 1788 μὲν
543 1715 636 1772 οῦν
670 1720 735 1787 τῇ
777 1717 934 1769 πόλει
969 1704 1141 1788 ταύτῃ
1177 1714 1414 1784 πόλεμον
1449 1713 1778 1780 ἐπαγγείλας
1816 1715 1857 1772 Β

247 1813 515 1880 Μεχμέτης
551 1811 577 1861 ό
607 1809 938 1878 Παιαξήτεω
987 1810 1138 1871 παῖς,
1181 1809 1276 1858 καὶ
1325 1807 1573 1875 τριήρεις
1619 1805 1792 1873 ἐπλή-

261 1918 429 1971 ρωσαν
473 1901 560 1952 ἐπὶ
604 1902 725 1960 ταῖς
789 1899 1169 1968 προφυλακαῖς
1216 1896 1383 1960 ἄλλας
1431 1897 1540 1958 ἀεὶ,
1569 1897 1663 1949 καὶ
1701 1895 1794 1948 δύο

265 1994 562 2062 γενομένας,
583 1993 768 2046 ἔπλεον
801 1985 967 2044 αὗται
1010 1989 1140 2044 εὐθὺ
1176 1990 1594 2059 Ἑλλησπόντου,
1632 1991 1793 2060 ήγου-

278 2087 426 2154 μένου
453 2087 640 2156 Πέτρου
681 2085 769 2138 τοῦ
816 2084 1182 2155 Δαυρεδάνων
1211 2083 1417 2146 οἰκίας,
1452 2084 1508 2145 ἐς
1541 2080 1791 2152 ὕστερον,

268 2181 358 2232 καί
389 2179 479 2248 τήν
506 2180 588 2230 ἐπὶ
616 2180 733 2240 τοὺς
774 2177 1033 2239 ’Ῐανυῖους
1085 2176 1447 2244 στρατηγίαν,
1479 2176 1571 2226 καὶ
1627 2190 1794 2244 στρα-

264 2273 492 2341 τηγικῶς
514 2273 876 2340 εὐδοκίμησεν.
910 2266 1081 2332 Οὗτος
1115 2269 1178 2339 δή
1205 2264 1298 2322 οὖν
1331 2268 1428 2320 σὺν
1454 2269 1574 2328 ταῖς
1601 2268 1794 2320 ναυσὶν

251 2365 637 2433 ἁςικόμενοςές
679 2364 768 2414 τὸν
816 2363 1242 2431 Ἑλλήσποντον,
1275 2361 1368 2414 ἐπὶ
1394 2360 1495 2428 τῆς
1527 2358 1792 2413 Καλλιου-

251 2457 442 2516 πόλεως
488 2455 789 2524 ἀνεκώχευε
835 2457 1149 2524 μετεώρους
1180 2454 1277 2516 τὰς
1314 2451 1442 2513 ναῦς
1476 2453 1533 2505 ἐν
1570 2453 1650 2521 τῷ
1699 2467 1796 2504 πε-

255 2550 420 2618 λάγει,
448 2550 579 2601 ἑκὼν
630 2550 726 2619 μὲν
780 2551 879 2602 οὐκ
907 2548 1168 2619 ἐπάρχων
1217 2547 1480 2614 πολέμου,
1509 2545 1680 2598 ἐδόκει
1737 2560 1795 2596 τε

258 2645 356 2711 γὰρ
386 2643 560 2711 εἰρήνη
589 2645 634 2673 ⁵⁸
659 2659 719 2694 τε
753 2640 916 2705 εἶναι,
953 2643 1046 2694 καὶ
1082 2640 1182 2702 τὰς
1218 2639 1450 2700 σπονδὰς
1519 2639 1593 2706 μή
1640 2635 1796 2688 λελῦ-

256 2736 371 2787 σοαι
394 2751 406 2763 ·
431 2737 516 2788 καὶ
544 2736 766 2804 ἀμύνειν
803 2735 987 2803 μέντοι
1021 2729 1394 2801 ἐπηγγέλλετο
1424 2728 1594 2797 αὐτῷ,
1621 2728 1797 2797 ὑπάρ-

253 2826 330 2889 ξαι
357 2827 409 2878 δὲ
453 2827 683 2896 πολέμου
723 2827 946 2896 μηκέτι.
981 2824 1190 2877 Ἐδόκει
1217 2840 1278 2875 τε
1310 2823 1415 2891 γὰρ
1448 2822 1542 2874 καί
1580 2821 1656 2890 μὴ
1697 2838 1796 2872 πο-

249 2920 438 2986 λεμεῖν,
461 2921 567 2972 τῶν
594 2921 805 2972 πόλεων
837 2920 990 2988 σφίσι
1017 2919 1073 2970 ἐν
1101 2919 1166 2988 τῇ
1199 2915 1290 2970 τοῦ
1319 2913 1623 2984 Μεχμὲτεω
1645 2912 1798 2982 χώρᾳ.

249 3014 342 3065 ὑπὸ
369 3013 626 3085 Τούρκων
661 3017 737 3083 μὴ
772 3013 954 3070 κακῶς
987 3012 1246 3080 πάσχειν,
1271 3009 1328 3062 ἐν
1355 3025 1413 3059 τε
1441 3009 1506 3076 τῇ
1544 3005 1678 3076 πρὸς
1709 3006 1796 3057 τὸν

261 3108 440 3170 Ἰόνιον,
465 3111 564 3162 καὶ
600 3112 656 3160 ἐν
687 3109 764 3177 τῷ
794 3105 1004 3175 Αἰγαίῳ
1040 3103 1290 3171 πελάγει.
1338 3101 1526 3171 Τούτῳ
1566 3098 1666 3169 μὲν
1701 3096 1796 3150 οῦν

247 3197 370 3250 οὕτω
402 3201 758 3252 ἐπιτέτακται
807 3198 920 3250 ὑπο
944 3196 1044 3265 τῆς
1079 3195 1408 3262 συγκλήτου,
1455 3191 1796 3262 ἀμυνόμενον

247 3290 332 3358 μὲν
375 3291 840 3361 διαναυμαχῆσαι,
874 3289 1070 3340 ἑκόντα
1129 3287 1186 3340 δὲ
1231 3282 1369 3340 εἶναι
1429 3284 1504 3354 μὴ
1557 3283 1798 3354 ὑπάρξαι

243 3385 481 3452 πολέμου.
525 3385 626 3444 Ὠς
664 3384 719 3434 δὲ
773 3382 1001 3449 ἀφίκετο
1033 3382 1089 3443 ἐς
1122 3380 1214 3432 τὸν
1256 3379 1670 3446 Ἑλλήσποντον.
1702 3380 1798 3429 καὶ

241 3473 341 3526 ἀπὸ
362 3475 454 3542 τῆς
489 3475 680 3533 Ἀσίας
714 3473 1003 3543 ήδρεύοντο
1054 3472 1108 3523 αἰ
1151 3471 1423 3540 τριήρεις,
1456 3471 1484 3521 ό
1513 3471 1612 3537 τῆς
1651 3468 1797 3522 Καλ-

240 3565 551 3630 λιουπόλεως
626 3566 871 3635 ὖπαρχος
946 3565 1130 3617 οὐκέτι
1185 3562 1480 3633 ἀνασχετὸν
1537 3563 1795 3622 ἐποιεῖτο.

237 3658 354 3721 τοὺς
405 3659 704 3720 Οὐενετοὺς
759 3655 901 3708 οὕτω
965 3653 1274 3724 περιφανῶς
1309 3651 1685 3721 ὐΰρίζειν,δτι
1723 3650 1800 3722 μὴ

237 3752 317 3804 τὸν
360 3753 522 3806 παῖδα
579 3749 678 3804 τοῦ
725 3748 997 3820 ἡγεμόνος
1023 3747 1118 3800 τοῦ
1172 3746 1535 3815 ⁴ιὀυσκαρὲων
1593 3746 1796 3812 οἰκίας,

233 3845 376 3912 qui,
404 3844 830 3913 νεωτερίζοντα,
859 3841 1160 3895 ἑαλωκέναι
1187 3839 1292 3892 ὑπὸ
1322 3838 1431 3892 τῶν
1465 3839 1564 3908 τῆς
1589 3838 1798 3902 πόλεως

234 3939 491 4002 ἁστυκῶν,
521 3939 629 3992 καὶ
659 3939 716 4000 ἐς
751 3937 994 4004 ἀνάγκας
1023 3933 1360 4004 ἀφικόμενον
1393 3933 1666 4003 μεγάλας,
1696 3950 1800 4003 μηο

232 4027 428 4082 δοτιοῦν
470 4028 762 4100 εὑρίσκειν
794 4029 851 4080 ὲν
882 4025 1081 4095 ἑαυτῷ.
1134 4024 1247 4078 Καὶ
1279 4023 1371 4077 τὸν
1426 4024 1526 4094 μὲν
1581 4025 1800 4077 νεανίαν

230 4125 669 4186 ἐκπεπτωκέναι,
723 4121 812 4174 διὰ
861 4121 962 4191 τήν
1031 4135 1091 4172 τε
1154 4117 1336 4189 ἑαυτῷ
1414 4117 1801 4188 ἐπενεχθεῖσαν

234 4216 410 4268 αἰτίαν
456 4233 480 4255 ·-
557 4214 690 4266 ὅθεν
771 4212 866 4266 καὶ
942 4211 1284 4282 εὐφροσύνην
1373 4211 1800 4282 εὐπορισάμενοι

228 4310 522 4374 κατελθεῖν,
593 4309 691 4360 καὶ
742 4303 900 4370 αὖθις
969 4307 1200 4368 ἁλῶναι,
1253 4305 1647 4376 διαφθείραντα
1702 4305 1796 4357 τὸν

225 4403 384 4471 ἄνδρα
442 4404 687 4464 ἐκεῖνον,
729 4400 804 4464 ὡς

225 4496 463 4561 ἀνάγκας
505 4495 664 4548 ἰόντα
702 4494 795 4547 τὸν
826 4493 999 4550 οὕτως
1051 4497 1445 4548 ἐκπεπτωκότα
1497 4493 1797 4563 διατρίϐειν

221 4588 275 4637 ἐν
308 4589 526 4659 Κρήτῃ.
598 4585 1035 4656 Ἐπιφερομένης
1085 4588 1142 4640 δὲ
1193 4588 1356 4641 αὐτὸν
1393 4581 1546 4649 αὖθις
1596 4587 1794 4651 αἰτίας,

225 4679 309 4731 ἐπὶ
337 4682 502 4734 τοῦτο
538 4679 1084 4750 μεταπεμψαμένους
1113 4681 1239 4742 τοὺς
1270 4679 1402 4733 δέκα
1433 4679 1532 4748 τῆς
1567 4679 1794 4740 πόλεως,

223 4774 738 4844 πολυπραγμονεῖν,
784 4773 878 4824 καὶ
929 4771 1027 4839 οὐχ
1064 4770 1347 4839 εὑρόντας.
1381 4769 1708 4839 ἀποπέμψαι
1739 4787 1796 4822 τε

221 4865 370 4928 αὖθις
397 4871 458 4929 ὲς
494 4867 752 4936 Κρήτην,
779 4868 874 4918 καὶ
911 4863 1027 4933 μετ’
1077 4866 1136 4916 οὺ
1175 4865 1310 4917 πολὺ
1343 4864 1508 4917 αὑτοῦ
1544 4863 1799 4930 τελευτῆ-

221 4975 330 5013 σαι.
389 4959 481 5021 Ἐς
511 4961 615 5028 τὴν
645 4958 915 5026 βασιλέως
960 4957 1143 5027 χώραν
1179 4960 1245 5020 ’⁸,
1281 4959 1376 5009 καὶ
1407 4960 1463 5020 ἐς
1499 4958 1630 5010 αὑτὴ
1662 4959 1710 4990 ⁸⁸
1735 4957 1796 5008 τὸ

221 5051 459 5102 ἐπίνειον
489 5048 686 5111 αὑτοῦ,
716 5049 810 5100 καί.
839 5048 915 5110 ὡς
941 5049 1182 5118 ἐπλήρου
1213 5050 1269 5100 δὲ
1297 5050 1396 5108 τὰς
1429 5047 1583 5109 ναῦς,
1631 5049 1799 5100 ἀντα-

222 5141 418 5209 νήγετο
464 5142 566 5194 καὶ
597 5134 776 5204 οὗτος,
806 5139 945 5209 ἔχων
989 5141 1236 5210 τριήρεις
1272 5140 1430 5192 πέντε
1473 5141 1567 5190 καὶ
1599 5137 1798 5202 εἰκοσι,

221 5233 349 5300 νῆας
381 5235 445 5286 δὲ
479 5233 656 5296 ἄλλας
685 5233 830 5302 ἀμφὶ
869 5232 968 5296 τὰς
999 5233 1356 5302 ὀγδοήκοντα,
1394 5231 1468 5293 ὡς
1495 5229 1802 5299 δεδιττόμε-

1957 1712 2283 1768 Mecbmetes
2327 1714 2489 1783 igitur
2554 1715 2810 1786 Pajazitis
2867 1718 3007 1774 filius
3071 1735 3196 1776 cum
3260 1722 3464 1776 bellum

1895 1804 2121 1860 Venetis
2154 1807 2440 1872 indiceret,
2469 1808 2744 1874 triremes,
2796 1826 2916 1880 qua:
2962 1827 3180 1883 semper
3238 1814 3378 1869 bina:
3413 1817 3468 1870 in

1898 1899 2325 1969 propugnaculis
2385 1913 2562 1965 erant,
2603 1903 2994 1972 impleverunt,
3034 1918 3089 1960 ct
3123 1917 3275 1961 recta
3320 1912 3470 1962 navi-

1895 1999 2096 2058 garunt
2175 1992 2228 2044 in
2281 1991 2714 2062 l—lcllcspontnm,
2747 2003 2885 2051 duce
2913 1995 3073 2053 Petro
3103 1999 3215 2067 (l7)
3254 2001 3470 2056 familia:

1897 2081 2373 2150 Lauredanorum,
2401 2086 2492 2154 qui
2522 2085 2574 2139 in
2606 2089 2959 2155 expeditione
2983 2103 3178 2146 contra
3225 2093 3467 2150 Januen-

1895 2192 1983 2230 scs
2012 2177 2391 2231 admirabilem
2462 2179 2770 2236 claritatem
2818 2185 2982 2239 rebus
3043 2185 3256 2242 fortiter
3305 2191 3469 2256 gestis

1895 2268 2000 2322 sibi
2030 2275 2340 2337 paraverat.
2384 2268 2484 2324 llic
2509 2273 2600 2326 ubi
2630 2289 2754 2327 cum
2792 2277 3027 2330 navibus
3061 2279 3113 2331 in
3150 2278 3470 2350 Hellespon-

1898 2370 2013 2414 tum
2037 2363 2371 2429 advenisset,
2399 2381 2428 2419 e
2460 2366 2683 2434 regione
2702 2365 2988 2437 Callipolis
3013 2370 3124 2424 vela
3147 2378 3473 2441 expandens

1899 2454 2145 2520 praelium
2173 2455 2316 2509 haud
2357 2456 2556 2510 volenti
2584 2459 2768 2512 animo
2803 2459 2940 2515 inire
2993 2460 3046 2515 in
3083 2465 3330 2518 animum
3385 2467 3472 2520 ind

1899 2545 2152 2599 duxerat.
2186 2546 2293 2599 Pax
2325 2547 2469 2600 enim
2503 2547 2690 2603 adhuc
2707 2550 2949 2620 vigorem
2986 2568 3144 2607 suum
3200 2557 3471 2620 obtinere.

1912 2638 2145 2692 necdum
2207 2638 2411 2693 fmdcra
2432 2639 2629 2694 violata
2657 2657 2780 2697 esse
2807 2643 3149 2702 videbantur.
3178 2648 3304 2702 Erat
3335 2665 3473 2718 prte-

1903 2736 2050 2782 terea
2085 2745 2112 2780 a
2155 2739 2350 2783 senatu
2409 2730 2489 2784 illi
2527 2731 2860 2802 imperatum
2897 2746 2954 2790 ut
3005 2737 3324 2794 defenderet
3380 2757 3473 2808 po-

1901 2821 2028 2883 tius,
2061 2839 2156 2876 nec
2181 2825 2334 2892 prior
2368 2825 2613 2894 praelium
2650 2829 3014 2885 exordirctur.
3084 2830 3269 2887 Visum
3326 2836 3472 2889 enim

1900 2925 1985 2968 est
2015 2912 2236 2968 Venetis
2265 2931 2369 2970 non
2414 2916 2638 2972 hostilia
2670 2917 2872 2983 facere,
2907 2938 2972 2976 ne
3007 2923 3169 2980 urbes
3221 2927 3468 2995 ipsorum

1904 3004 1956 3058 in
1999 3005 2314 3061 l.lleclnnetis
2343 3009 2567 3076 regione
2595 3025 2734 3078 quas
2767 3012 3056 3076 habebant,
3095 3018 3298 3087 aliquid
3346 3020 3468 3072 mali

1902 3113 1932 3152 a
1975 3099 2170 3154 Turcis
2195 3111 2537 3170 paterentur.
2573 3100 2663 3158 lla:
2715 3114 2896 3162 autem
2922 3109 3040 3165 sita:
3095 3113 3336 3166 erantin
3387 3127 3474 3168 reo

1899 3191 2062 3262 gione
2097 3207 2220 3263 quae
2255 3193 2464 3248 Ionium
2503 3205 2733 3266 spectat,
2787 3209 2841 3252 et
2877 3200 2930 3254 in
2966 3195 3136 3272 Egeo
3178 3205 3338 3257 mari.
3378 3206 3475 3262 Sc-

1901 3293 2061 3339 natus
2096 3284 2265 3354 igitur
2286 3285 2616 3340 Venetorum
2651 3290 2970 3346 tnandatum
3022 3295 3332 3363 lmjusmodi
3369 3314 3471 3352 suo

1901 3375 2027 3430 duci
2047 3377 2292 3442 dederat,
2325 3389 2383 3432 ut
2423 3395 2531 3432 non
2566 3380 2718 3450 prior
2747 3398 2897 3435 arma
2934 3385 3201 3441 inferret:
3237 3404 3337 3443 nec
3388 3391 3471 3443 la-

1900 3485 2144 3536 cessens,
2173 3487 2358 3524 verum
2422 3472 2714 3529 lacessitus
2774 3477 3016 3544 ptmlium
3068 3482 3360 3550 occiperet.
3401 3483 3472 3539 Ut

1902 3567 2053 3618 venit
2091 3563 2145 3618 in
2179 3563 2621 3634 Hellespontum,
2663 3585 2764 3624 nec
2792 3571 3020 3624 multum
3064 3573 3132 3627 ab
3160 3575 3284 3628 Asia
3303 3592 3472 3632 naves

1903 3666 2132 3722 starent,
2173 3657 2492 3728 Calliopolis
2511 3660 2620 3715 dux
2647 3678 2755 3715 non
2792 3664 3027 3732 amplius
3051 3665 3304 3724 ferendos
3347 3687 3473 3726 esse

1912 3750 2242 3821 dicebatqui
2269 3767 2332 3806 ex
2368 3763 2561 3823 aperto
2582 3755 2941 3811 contumeliis
2969 3768 3023 3812 et
3047 3758 3260 3824 injuriis
3301 3775 3477 3817 certa-

1904 3853 2046 3898 rent.
2075 3844 2229 3911 Quod
2291 3847 2436 3901 tilius
2470 3847 2628 3900 ducis
2659 3864 2690 3903 e
2721 3849 2926 3904 familia
2956 3851 3362 3908 Pltoscarorum
3405 3855 3475 3908 ab

1901 3938 2224 3992 decemviris
2259 3948 2450 4006 captus
2507 3939 2662 4010 107
2696 3942 2748 3996 in
2793 3946 3169 4012 gravissimam
3227 3948 3471 4001 necessi-

1903 4039 2066 4084 tatem
2108 4032 2368 4095 venisset,
2403 4034 2559 4101 quasi
2612 4035 2906 4090 seditionis
2939 4045 3155 4100 auctor,
3186 4051 3239 4090 et
3301 4055 3472 4092 nova-

1905 4137 2023 4176 rum
2091 4137 2272 4175 rerum
2334 4132 2640 4193 appetens:
2685 4141 2873 4179 verum
2933 4129 3234 4196 quazstione
3289 4130 3470 4184 ltabita

1902 4214 2112 4267 nullum
2157 4213 2404 4267 invenire
2467 4214 2679 4268 crimen
2722 4218 2989 4285 potuisse.
3056 4220 3472 4278 Adolescenﬁczn

1902 4304 2120 4374 quidem
2144 4304 2385 4357 evasisse
2437 4305 2644 4358 illatum
2681 4307 2909 4361 crimen.
2962 4307 3038 4361 Ex
3085 4325 3192 4378 qua
3260 4327 3316 4364 re.
3361 4328 3467 4364 non

883 4400 1100 4470 ἀπῆγεν
1147 4399 1310 4454 αὑτὸν
1366 4401 1681 4468 προδοσίας,
1740 4401 1795 4462 ἐς

1907 4396 2198 4450 mediocris
2226 4394 2412 4449 laetitia
2446 4395 2638 4450 oborta
2687 4404 2812 4451 cst:
2851 4398 3076 4468 ipseque
3115 4400 3338 4454 domum
3391 4417 3476 4456 re-

1908 4490 2028 4544 diit.
2061 4488 2264 4544 Deinde
2287 4490 2485 4542 iterum
2542 4499 2736 4560 captus
2789 4500 2898 4550 est.
2937 4507 3061 4546 cum
3107 4494 3475 4549 interfecisset

1906 4581 2104 4638 virum.
2142 4582 2232 4653 qui
2269 4581 2475 4636 crimen
2508 4583 2837 4650 proditionis
2865 4585 2913 4636 ei
2942 4586 3264 4654 iutprgerat.
3319 4585 3476 4642 Unde

1907 4677 1960 4729 iu
1987 4674 2147 4729 Creta
2183 4675 2384 4730 morari
2419 4685 2646 4729 coactus
2679 4685 2784 4730 est.
2833 4675 3080 4732 Tandem
3129 4698 3249 4732 t'lllll
3295 4681 3475 4734 denuo

1909 4768 2235 4838 proditionis
2262 4783 2384 4822 rens
2416 4767 2590 4828 fieret.
2631 4768 2930 4822 decemviri
2957 4773 3197 4825 civitatis
3220 4791 3342 4825 eum
3379 4791 3472 4826 ac-

1906 4871 2202 4923 cersentes‘,
2232 4874 2354 4912 cum
2417 4861 2597 4913 omnia
2652 4869 2954 4921 tentarent,
3004 4879 3102 4914 nec
3153 4866 3261 4917 ullo
3312 4867 3474 4918 modo

1905 4952 2113 5004 crimen
2185 4958 2432 5018 pateret.
2496 4955 2759 5004 remissus
2822 4954 2992 5006 estin
3058 4956 3316 5008 Cretam:
3375 4973 3475 5010 nec

1908 5047 2077 5099 multo
2110 5056 2230 5116 post
2288 5046 2484 5100 ibidem
2515 5050 2621 5100 vita
2667 5049 2922 5102 decessit.
2972 5048 3092 5106 Dux
3152 5053 3314 5120 igitur
3347 5053 3474 5105 Cal-

1910 5137 2127 5207 liopolis
2159 5140 2383 5191 veniens
2414 5138 2467 5190 in
2514 5137 2662 5206 regis
2714 5141 3011 5206 regionem,
3061 5151 3114 5193 et
3169 5141 3222 5193 in
3283 5144 3472 5196 navale

1911 5229 2050 5295 ejus,
2088 5243 2253 5282 naves
2289 5229 2558 5284 militibus
2592 5230 2858 5300 implevit.
2891 5244 2940 5285 et
2971 5232 3180 5287 ducens
3223 5235 3473 5291 triremes

1504 5346 1750 5409 Notulte
1779 5347 2183 5426 marginales.

221 5455 414 5586 12$£176)
459 5450 1004 5525 BaimundiTeupuli
1039 5455 1368 5524 coniuratio,
1395 5452 1539 5506 circa
1591 5466 1793 5503 annum

1979 5451 2090 5515 (l7)
2118 5453 2202 5506 Al.
2241 5453 2462 5508 Αιοὶδίυ.
2500 5452 2694 5508 Petrus
2719 5454 3086 5508 Laur'cdanus.

288 5672 337 5703 ”
365 5667 627 5737 εἰρήνην.
655 5664 719 5719 R.
737 5645 792 5718 ul
819 5666 872 5718 in
897 5674 1042 5737 eam.
1109 5666 1163 5737 7”
1184 5668 1283 5719 Hic
1311 5662 1687 5737 locttsvidetttr
1721 5675 1834 5737 esse
1869 5658 2458 5737 mutilum}!_laliu,rcl
2491 5662 2704 5737 similia
2725 5663 2977 5716 vocabula
3003 5664 3394 5734 desiderantur,
3411 5665 3476 5727 ὀ

226 5741 321 5808 μὲν
355 5729 456 5793 οὖν
487 5729 753 5806 ’ἡγεμὼν,
791 5736 956 5788 ἐλθὼν
987 5737 1041 5797 ἐς
1068 5736 1308 5803 ripaue.
1345 5729 1408 5788 In
1440 5734 1498 5788 Ii.
1531 5731 1676 5786 nulla
1707 5741 1781 5784 est
1817 5731 2029 5784 (acrum.

525 5832 792 5891 Ριτιιοι.
823 5829 936 5890 Gn.
977 5827 1169 5888 CLIX.

2115 5733 2160 5762 ’⁸
2193 5729 2261 5784 1η
2295 5749 2416 5797 uno,
2456 5735 2547 5785 καὶ
2577 5735 2728 5786 αἰτό.

3000 5830 3036 5888 7
3261 5830 3288 5843 -
