4010 6208
569 311 674 374 5303

1679 310 1875 368 ῘΑΟΝ
1891 309 1985 368 [Cl
2026 313 2064 366 (Ι
2075 311 2123 368 Η
2139 316 2166 365 ιι
2181 309 2458 369 LCOCON
2473 310 2681 368 DY

3684 306 3790 371 ΞΜ

572 425 762 489 Viginti
796 425 1056 493 quinque,
1083 423 1326 492 aliasque
1357 437 1521 477 naves
1543 423 1760 478 circiter
1793 426 2106 493 octuuginta

2239 443 2326 487 νος
2381 427 2502 486 τοὺς
2553 426 2865 487 Οὖενετοίις,
2898 425 2972 494 τῷ
3012 425 3273 494 βασιὶέως
3332 426 3588 494 ναυτικῷ.
3629 427 3790 481 οὗτοι

573 521 720 584 regia
803 519 975 570 classe
1043 516 1280 580 Venetis,
1339 532 1475 582 quos
1531 526 1718 571 contra
1782 518 2125 585 praeetieba-t,

575 623 833 664 terrorem
889 610 1107 674 injicere
1162 610 1454 670 nitebatur.
1493 609 1555 663 lli
1612 610 1874 679 quidem,
1904 611 2132 664 sublatis

575 704 794 755 navium
823 701 1199 764 armamentis,
1232 702 1504 772 progressi
1537 701 2128 768 suntf’rreeonnesum,

572 797 702 847 nihil
757 803 1064 848 metuentes
1121 795 1365 848 hostem.
1447 795 1607 850 Navis
1671 795 2128 864 Peloponnesiaca

569 888 980 954 relinquebatur
1029 902 1058 938 a
1101 897 1270 955 tergo,
1329 888 1454 956 quia
1486 898 1764 954 postremo
1808 887 2128 941 adducenda

565 991 888 1048 erat:qu:e,
955 995 1076 1032 cum
1131 980 1272 1047 regia
1340 980 1580 1031 triremis
1613 979 2122 1048 appropinquasset,

568 1077 976 1130 accersebatur.
1014 1076 1128 1127 Dux
1161 1085 1341 1128 autem
1374 1071 1707 1128 Venetorum
1733 1073 1949 1127 sublato
1970 1075 2125 1142 signo

568 1184 686 1218 ":tlll
729 1167 906 1235 sequi,
970 1183 1069 1220 nec
1123 1167 1360 1235 priorem
1412 1165 1466 1218 iu
1522 1167 1727 1219 hostem
1761 1166 2124 1219 incursionem

568 1255 1011 1324 faecrejubebat.
1039 1254 1517 1323 Peloponnesiaca:
1558 1255 1794 1308 triremis
1831 1255 1964 1317 dux.
2000 1269 2123 1308 cum

569 1359 780 1415 putaret
813 1364 872 1402 se
921 1349 1134 1416 jussum
1189 1349 1392 1402 irruere
1419 1340 1490 1400 4η
1540 1350 1774 1409 hostem,
1813 1355 1867 1400 et
1906 1357 2126 1417 prOpter

564 1440 809 1494 eamdem
835 1457 946 1493 rem
977 1441 1189 1510 signum
1213 1454 1335 1494 esse
1357 1441 1562 1506 datum,
1594 1442 1853 1508 impetum
1890 1440 1942 1492 in
1981 1440 2124 1510 regis

567 1551 756 1588 navem
807 1534 955 1598 fec-it,
981 1548 1212 1600 eamque
1249 1532 1531 1604 demergit.
1561 1533 1800 1603 Reliqua:
1855 1532 2124 1586 Barbaro-

568 1642 685 1678 rum
711 1640 872 1678 naves
913 1641 1034 1678 cum
1087 1625 1452 1690 adverterent,
1497 1640 1525 1679 a
1570 1635 1721 1694 parte
1759 1624 1985 1678 adversa
2035 1639 2126 1679 oc-

566 1727 777 1785 ceptum
809 1717 1085 1786 prmlium,
1133 1727 1187 1771 et
1226 1719 1356 1788 ipsae
1407 1720 1472 1772 ad
1498 1719 1738 1788 pra-lium
1792 1734 1850 1772 se
1899 1731 2123 1771 conver-

2239 519 2337 586 μὲν
2369 522 2645 588 προῄεσαν
2672 519 2762 568 ἐπὶ
2792 519 3204 588 Προικόννησον,
3241 517 3544 586 μετεώρους
3573 517 3790 586 ἔχοντες

2233 613 2328 672 τὰς
2367 609 2495 671 ναῦς
2532 611 2735 671 αὐτοῖς.
2775 610 2838 661 Ἢ
2867 609 2922 662 δὲ
2954 609 3362 679 -Πελοποννησία
3401 609 3789 672 ὑπολέλειπτο,

2233 701 2306 762 ὡς
2335 699 2560 770 ὓστερον
2602 701 2937 770 ἀναγομένη.
2983 701 3244 756 Ἐνταῦθα
3265 703 3338 763 ὼς
3369 701 3541 771 ἀγχοῦ
3571 701 3790 770 ἐγένετο

2237 793 2476 863 τριήρης
2510 794 2609 862 μία
2637 793 2728 845 τοῦ
2764 793 3045 862 βασιλέως.
3090 795 3472 863 μετεπέμπετο
3507 795 3535 846 ὁ
3564 793 3789 864 ἡγεμὼν

2229 884 2339 935 τῶν
2385 884 2679 949 Οὐενετῶν,
2726 886 2952 956 σημεῖον
2991 885 3226 954 ἐπάρας,
3258 885 3497 938 κελεύων
3529 885 3783 948 ἕπεσθαι,

2232 976 2325 1028 καὶ
2361 976 2434 1046 μὴ
2469 976 2779 1046 ἐμϐάλλειν.
2826 978 3082 1046 Οἰὸμενος
3119 977 3164 1028 δ’
3210 980 3237 1030 ὁ
3275 977 3374 1046 τῆς
3406 978 3667 1048 τριήρους
3695 978 3787 1048 ἄρα

2229 1085 2336 1137 χων
2379 1068 2476 1137 τῆς
2513 1069 2969 1138 Πελοποννησίοις.
3001 1069 3076 1124 ὡς
3111 1069 3324 1122 κελεύοι
3379 1069 3690 1138 ἐμϐάλλειν,
3723 1070 3787 1120 τὸ

2231 1161 2480 1230 σύνθημα
2514 1161 2760 1230 οἰόμενός
2792 1164 2842 1214 οἱ
2890 1161 3143 1229 γενέσθαι
3191 1161 3294 1214 ὑπὸ
3325 1161 3418 1216 τοῦ
3455 1161 3782 1231 στρατηγοῦ,

2228 1253 2487 1320 ἐμϐάλλει
2513 1271 2573 1305 τε
2603 1256 2668 1323 τῇ
2702 1255 2796 1306 τοῦ
2829 1253 3096 1323 βασιλέως
3123 1251 3232 1322 νηῒ,
3257 1255 3350 1306 καί
3401 1253 3679 1306 καταδύει.
3719 1254 3784 1306 Al

2227 1345 2284 1397 δὲ
2305 1345 2491 1397 λοιπαὶ
2521 1345 2627 1397 τῶν
2661 1345 3017 1416 βαρϐαρικῶν
3057 1363 3194 1398 νεων
3246 1345 3470 1410 ἰδοῦσαι,
3501 1345 3576 1409 ὠς
3607 1347 3784 1417 ὑπῆρ-

2227 1455 2323 1490 κτο
2349 1437 2610 1506 πολέμου,
2635 1440 2728 1490 καὶ
2757 1441 2811 1500 ἐς
2849 1439 3030 1508 μάχην
3067 1437 3442 1501 καθίστανται,
3475 1439 3782 1506 ἐπείγονται

2227 1530 2528 1600 ἐπαμύνειν
2557 1531 2874 1600 βουλόμεναι
2900 1532 2991 1584 ἐπὶ
3039 1531 3136 1599 τὴν
3165 1530 3601 1604 Πελοποννησίαν
3626 1531 3776 1586 ναῦν.

2240 1624 2507 1678 Ἐνταῦθα
2531 1625 2595 1695 δὴ
2621 1625 2725 1678 τῶν
2775 1627 2820 1657 ’⁸
2873 1626 3151 1679 Οὐενετῶν
3183 1625 3434 1695 τριήρεις
3465 1625 3778 1679 κατιδοῦσαι

2226 1718 2286 1770 τὸ
2314 1719 2556 1786 γεγονὸς,
2581 1719 2656 1782 ὡς
2680 1719 2770 1771 ἐπὶ
2795 1717 2898 1788 τὴν
2930 1719 3194 1789 σφετέραν
3217 1719 3274 1771 αί
3297 1719 3632 1786 βαρϐαρικαὶ
3653 1720 3779 1786 νῆες

567 1810 792 1863 trbant:
848 1809 1225 1878 festinantque
1288 1813 1546 1879 impetum
1583 1811 1638 1862 in
1707 1808 2113 1877 Peloponnesia-

2227 1808 2558 1876 ἐπείγονται,
2587 1811 2950 1881 ἀντανήγοντο
2988 1812 3082 1864 κοιλ⁵
3111 1809 3271 1864 αὗται
3311 1811 3406 1862 ἐπὶ
3457 1811 3774 1879 ναυμαχίαν,

563 1919 682 1954 eum
719 1917 911 1954 navent
949 1902 1142 1956 dantes
1172 1902 1430 1956 resistere
1462 1901 1704 1955 forti-ter.
1742 1901 1926 1956 Veneti
1973 1902 2124 1956 vide-

563 2003 710 2056 runt,
737 1993 877 2058 quod
912 1994 1228 2062 parabatur,
1291 1993 1542 2055 videlicet
1593 1995 1821 2048 classem
1869 1994 2118 2049 hostilem

559 2085 841 2138 incursare
874 2083 927 2136 iu
952 2083 1470 2151 Peloponnesiaeam
1504 2085 1812 2146 triremem,
1856 2085 1957 2154 ipsi
1988 2100 2121 2153 quo-

559 2190 662 2243 que
693 2175 757 2227 ad
804 2175 994 2228 navale
1063 2185 1344 2230 certamen
1404 2177 1848 2245 accingebantur.
1901 2176 2118 2230 Interim

560 2270 683 2324 dum
713 2272 948 2323 ferveret
976 2271 1247 2338 praelium,
1284 2271 1611 2339 navigabant
1643 2287 1737 2339 per
1777 2287 1966 2324 omnes
2020 2270 2113 2322 ho-

560 2361 725 2412 stium
786 2373 974 2422 naves,
1031 2361 1294 2428 quasdam
1359 2360 1525 2414 remis
1561 2361 1626 2414 ad
1679 2363 1826 2415 littus
1878 2371 2115 2429 agentes.

558 2448 749 2503 Veneti
785 2451 840 2503 in
885 2450 1035 2503 hune
1072 2452 1292 2504 modum
1339 2451 1562 2504 victoria
1609 2453 1763 2520 potiti
1812 2465 1969 2517 sunt,
2027 2470 2120 2508 ca-

559 2543 767 2611 pientes
800 2559 965 2599 uaves
1000 2544 1316 2599 barbaricas
1365 2546 1654 2610 tredecim,
1687 2548 1976 2618 plerasque
2028 2558 2112 2601 ta-

558 2654 678 2690 men
731 2653 954 2693 vacuas.
1016 2637 1150 2692 Nam
1215 2639 1397 2702 Turci,
1457 2641 1547 2694 ubi
1579 2651 1862 2696 senserant
1926 2656 2113 2705 naves,

557 2729 612 2782 in
648 2731 848 2797 quibus
887 2740 1066 2791 erant.
1092 2732 1203 2799 jam
1233 2732 1548 2800 capiendas,
1585 2733 1638 2786 in
1695 2750 1842 2788 mare
1874 2749 1933 2788 se
1973 2737 2113 2805 abji-

553 2821 790 2881 eiebant,
823 2828 876 2874 et
911 2820 962 2873 in
1001 2831 1203 2875 terram
1244 2823 1555 2878 enatabant.
1614 2823 1821 2878 Eodem
1867 2835 2112 2894 tempore

553 2927 674 2963 cum
701 2913 872 2967 armis
907 2924 1167 2981 urgerent
1203 2914 1386 2969 Veneti
1440 2916 1818 2981 Meehmeteiu,
1852 2917 2109 2987 Lampsa-

550 3019 672 3054 cum
740 3005 1049 3060 obsidendo
1107 3007 1162 3060 in
1200 3006 1463 3062 ditionem
1505 3020 1873 3078 acceperunt:
1927 3010 2110 3078 ibique

2224 1904 2316 1954 καὶ
2361 1902 2437 1965 ὼς
2489 1903 2853 1972 ἐναυμάχουν,
2897 1904 3188 1956 διέκπλουν
3223 1921 3282 1956 τε
3312 1903 3656 1972 ἐποιήσαντο,
3683 1904 3773 1954 καὶ

2222 1995 2621 2059 καταδύσαντες
2651 1997 2783 2060 ναῦς
2813 1997 2882 2051 ’τέ
2925 2015 3096 2061 τινας,
3127 1998 3218 2050 καὶ
3260 1997 3643 2067 ζωγρήσαντες
3677 1998 3772 2056 τὰς

2223 2088 2437 2154 λοιπάς,
2471 2091 2526 2148 ἐς
2553 2089 2653 2159 τὴν
2679 2089 2785 2159 γῆν
2841 2091 3160 2161 ἐτρέψαντο.
3204 2091 3310 2142 Καὶ
3343 2091 3603 2160 ἐνίκησαν
3643 2091 3773 2140 Οὐε-

2221 2180 2386 2245 νετοὶ,
2419 2181 2550 2244 ναῦς
2597 2182 2848 2246 λαϐόντες
2898 2184 3007 2235 τῶν
3066 2181 3367 2252 Βαρϐάρων
3396 2183 3770 2251 τρισκαίδεκα,

2219 2275 2383 2337 κενὰς
2409 2275 2462 2328 δὲ
2497 2278 2594 2338 τὰς
2625 2275 2861 2338 πλείους.
2893 2278 2955 2329 Οί
2981 2276 3088 2346 γὰρ
3117 2276 3368 2346 Τοῦρκοι,
3392 2275 3467 2335 ὡς
3495 2276 3770 2328 ἁλίσκοιτο

2220 2369 2251 2437 ἡ
2287 2365 2438 2430 ναῦς,
2464 2369 2518 2429 ἐς
2551 2368 2651 2434 τὴν
2688 2369 2957 2422 θάλατταν
3005 2368 3253 2430 ἔπιπτον,
3287 2369 3376 2421 καὶ
3431 2368 3640 2432 ἐξὲνεον
3673 2367 3768 2418 ἐπὶ

2217 2459 2315 2528 τὴν
2345 2461 2469 2528 γῆν.
2511 2461 2778 2514 Ἐνταῦθα
2803 2461 2876 2521 ὡς
2905 2462 3004 2532 ἠδη
3051 2461 3284 2529 πόλεμον
3331 2460 3444 2515 τοῖς
3489 2458 3768 2519 Οὑενετοίς

2216 2552 2560 2622 ἀνελομένοις
2605 2554 2739 2625 πρὸς
2773 2554 2992 2623 βασιλέα
3046 2549 3361 2622 Μέχμέτην,
3395 2552 3490 2619 τήν
3528 2565 3585 2601 τε
3611 2549 3766 2616 Λάμ-

2213 2643 2388 2711 ψακον
2425 2645 2711 2716 πολιορκίᾳ
2739 2645 3177 2715 παρεστήσαντο,
3201 2644 3294 2725 καὶ
3323 2641 3568 2711 φυλακὴν
3603 2641 3768 2706 ἐγκα-

2211 2736 2450 2798 τέλιπον,
2485 2744 2576 2788 καὶ
2626 2737 2780 2788 αὐτοὶ
2830 2734 3031 2806 ᾤχοντο
3061 2737 3145 2788 ἐπ’
3185 2735 3336 2787 οἴκου
3386 2732 3760 2791 ἀποπλέοντες.

2222 2831 2486 2884 Ἐνταῦθα
2519 2835 2703 2901 μέντοι
2731 2833 2787 2884 οἴ
2817 2848 2876 2884 τε
2906 2831 3160 2885 Οὐενετοὶ
3186 2830 3376 2884 τοῦτον
3403 2831 3495 2883 τὸν
3535 2847 3762 2897 στρατη-

2211 2923 2386 2989 γὺν,ὃς
2416 2925 2760 2993 περιεγένετο
2775 2924 2868 2978 τοῦ
2890 2926 2998 2976 τῶν
3019 2925 3319 2996 Βαρϐάρων
3344 2923 3552 2985 στόλου,
3572 2924 3762 2992 ἤγοντο

2213 3016 2464 3080 θανάτου,
2488 3016 2561 3078 ὼς
2588 3017 2849 3088 πρότερον
2879 3017 3198 3084 ὑπάρξαντα
3230 3016 3460 3080 ἀδικίας,
3491 3016 3585 3066 καὶ
3603 3013 3763 3066 λελυ-

551 3097 806 3164 praesidio
840 3099 1054 3163 relicto,
1087 3100 1306 3154 domi-nn
1357 3103 1558 3156 reversi
1587 3113 1734 3158 sunt.
1771 3101 1962 3156 Veneti
2004 3102 2108 3155 du-

2217 3109 2343 3158 x’ita
2372 3107 2471 3169 τὰς
2503 3106 2733 3168 σπονδάς
2765 3107 2918 3176 παρὰ
2941 3109 3012 3162 τά
3040 3108 3416 3177 ἐπεσταλμένα
3444 3105 3616 3174 αὐτῷ.
3653 3106 3763 3158 Καὶ

551 3204 666 3239 t'em
727 3188 875 3242 illum
933 3191 1025 3258 qui
1083 3190 1266 3259 praelia
1325 3192 1564 3246 secunda
1617 3203 1808 3246 contra
1845 3192 2112 3246 Barbaros

551 3283 775 3346 fecerat,
813 3297 1094 3337 reversum
1128 3283 1322 3352 capitis
1369 3289 1720 3340 accusabant.
1760 3283 1986 3339 Crimini
2018 3287 2111 3337 da-

549 3370 727 3432 batur,
757 3370 900 3436 quod
933 3372 1080 3440 prior
1104 3375 1412 3442 primarius
1453 3384 1508 3427 et
1534 3389 1771 3444 acquum,
1823 3384 1877 3428 et
1921 3385 2114 3443 printer

549 3463 1229 3533 magistratusimperium,
1279 3467 1525 3536 praelium
1582 3468 1819 3534 iniisset,
1875 3468 2113 3523 {cedere-

2212 3197 2272 3247 ὲν
2298 3197 2419 3268 δίκῃ
2447 3198 2736 3266 γενόμενος
2761 3199 2910 3268 παρὰ
2939 3200 3239 3264 δικασταῖς,
3269 3199 3538 3266 ἀπελύθη,
3570 3199 3643 3268 μὴ
3670 3198 3765 3248 σύ-

2209 3284 2300 3346 τδς
2335 3286 2596 3356 πρότερος
2633 3287 2870 3358 ὑπάρξαι
2905 3289 2998 3342 τοῦ
3028 3290 3162 3360 πρὸς
3195 3289 3467 3359 βάρϐαρον
3503 3288 3760 3357 πολέμου.

2213 3376 2346 3429 Μετ’
2369 3377 2426 3428 ού
2459 3379 2624 3430 πολὺν
2647 3379 2702 3432 δὲ
2732 3381 2922 3450 χρόνον
2947 3381 3458 3452 διεπρεσϐεύσαντο,
3486 3382 3578 3434 καὶ
3603 3399 3766 3433 σπον-

2209 3462 2305 3531 δὰς
2335 3471 2683 3539 ἐποιήσαντο.

548 3570 653 3621 que
677 3554 956 3622 fregisset.
993 3555 1128 3612 Cum
1157 3557 1210 3610 in
1243 3558 1387 3614 hunc
1453 3560 1674 3614 modum
1736 3561 1929 3630 capitis
1995 3560 2404 3630 anquireretur,
2475 3565 2705 3620 crimine
2747 3567 3029 3623 absolutus
3081 3579 3186 3633 est,
3255 3578 3313 3624 ut
3365 3571 3452 3638 qui
3518 3570 3759 3640 praelium

553 3648 712 3717 103
759 3649 899 3700 haud
942 3648 1088 3715 prior
1120 3649 1435 3718 incepisset.
1489 3650 1598 3706 Nec
1646 3664 1889 3722 tempore
1949 3655 2114 3709 multo
2154 3654 2476 3727 interposito
2513 3659 2807 3729 legationes
2837 3660 2985 3715 ultro
3039 3662 3286 3732 citroque
3353 3662 3552 3727 misse,
3620 3664 3763 3718 inter

549 3750 809 3809 utrosque
841 3756 1028 3810 pacem
1054 3742 1164 3797 icto
1201 3743 1403 3800 findere
1427 3756 1750 3802 sanxerunt.

619 3833 950 3887 Mechtnetes
980 3834 1223 3902 quidem,
1274 3835 1732 3902 quemadmodum
1790 3841 2104 3908 accepimus

549 3927 733 3988 modo.
791 3941 918 3993 erga
975 3924 1211 3980 Venetos
1273 3926 1500 3982 affectus
1549 3937 1690 3983 erat.
1721 3928 1931 3984 Graecis
1979 3948 2104 3986 vero

550 4027 665 4072 erat
691 4033 953 4086 perquam
1003 4016 1313 4079 familiaris,
1383 4033 1584 4087 eosque
1637 4019 1813 4074 colere
1857 4021 2106 4088 cupiebat

553 4111 604 4162 in
636 4108 891 4163 erunibus
915 4123 1250 4178 quaecunque
1302 4109 1588 4178 petiissent
1641 4111 1783 4167 haud
1825 4116 2097 4181 gravatim

551 4201 850 4269 largiendo.
887 4199 1302 4267 Fapiiliaritatis
1330 4211 1514 4256 autent
1547 4202 1665 4269 ejus
1711 4220 1897 4269 causa,
1939 4222 2101 4274 quam

550 4310 694 4346 nunc
733 4293 1002 4352 dabimus.
1061 4303 1199 4347 erat.
1255 4292 1566 4362 Mustaphas
1610 4310 1748 4350 unus
1797 4311 1826 4349 e
1882 4313 2103 4350 numero

551 4386 787 4437 filiorum
820 4384 1096 4452 l’ajazitis.
1129 4385 1370 4438 imitatus
1389 4382 1596 4438 Mosem
1630 4384 1875 4448 fratrem,
1919 4388 1983 4439 ad
2019 4386 2103 4439 Si-

2286 3839 2374 3902 ‘E;
2407 3838 2629 3900 τούτους
2669 3837 2766 3906 μὲν
2794 3837 2888 3890 οὖν
2917 3838 3086 3901 οὕτως
3117 3839 3243 3910 ἔσχε
3276 3839 3351 3911 τῷ
3391 3840 3595 3911 βασιλεί
3619 3844 3761 3914 Μεχ’

2213 3928 2374 4000 μέτῃ.
2407 3929 2531 3990 Τοῖς
2559 3928 2616 3980 δὲ
2665 3927 2921 3998 Ἕλλησιν
2950 3929 3257 3999 ἐπιτήδειός
3283 3947 3341 3983 τε
3371 3933 3464 3984 καὶ
3499 3935 3759 4003 συνήθης,

2201 4021 2355 4093 ἠξίου
2373 4019 2692 4090 θεραπεύειν
2720 4021 2842 4072 ὅτου
2865 4019 2930 4074 ἂν
2945 4021 3226 4090 δεήσαιντο
3245 4021 3371 4091 παρ’
3391 4024 3564 4093 ἐαυτῷ
3594 4025 3658 4077 δι’
3678 4034 3761 4076 αὲ-
3824 4049 3826 4052 ν

2209 4085 2331 4165 τίαν
2352 4085 2526 4182 τήνδε.
2547 4113 2881 4181 Μουσταφᾶς
2897 4113 3002 4183 γάρ
3025 4085 3105 4166 τοι
3119 4115 3151 4166 ὁ
3166 4114 3273 4166 τῶν
3293 4085 3610 4184 Ῑίαιαζήτεω
3625 4118 3757 4169 παί-

2200 4206 2334 4268 -δων,
2372 4204 2750 4274 μιμησάμενος
2787 4204 2990 4257 Μωσέα
3039 4205 3130 4257 τὸν
3182 4205 3432 4274 ἀδελφὸν,
3480 4208 3574 4260 καὶ
3621 4209 3758 4278 πρὸς

2210 4299 2299 4368 τὴν
2339 4295 2589 4361 Σινώπης
2627 4296 2870 4366 ἄρχοντα
2920 4297 3181 4367 πολέμιον
3231 4299 3360 4353 ὄντα
3416 4301 3490 4371 τῷ
3545 4301 3758 4370 ἀδελφῷ

2209 4389 2472 4457 Μεχμέτῃ
2508 4388 2832 4457 ἀφικόμενος
2875 4392 2970 4442 καὶ
3005 4391 3165 4460 ὅρκια
3195 4394 3584 4462 ποιησάμενος,
3616 4394 3758 4448 ὥστε

550 4476 767 4543 impium
792 4478 1008 4538 ducem,
1035 4476 1128 4544 qui
1158 4475 1332 4530 hostis
1363 4484 1482 4529 erat
1529 4475 1870 4540 Meebmetis,
1915 4491 2104 4545 perve-

2217 4481 2393 4545 ξένους
2427 4482 2564 4534 εἰναί
2595 4499 2652 4534 τε
2685 4483 2782 4535 καὶ
2832 4484 3018 4552 φίλους
3069 4484 3341 4554 ἀλλήλοις,
3370 4488 3464 4539 καὶ
3502 4490 3636 4557 πρὸς
3667 4492 3758 4541 τὸν

550 4567 1038 4634 nicns,juramcnti
1076 4566 1339 4635 religione
1397 4567 1716 4635 interposita
1771 4582 1829 4621 se
1871 4567 2100 4620 invicem

547 4659 749 4709 amicos
789 4666 841 4709 ct
875 4657 1119 4724 hespites
1154 4659 1203 4707 in
1224 4665 1503 4724 posterum
1538 4659 1652 4711 fore
1679 4658 2100 4713 confirmabant.

549 4747 748 4801 1)C|I|de
775 4764 895 4799 cum
931 4749 1139 4815 legatos
1186 4749 1425 4801 misisset
1451 4749 1518 4801 ad
1569 4749 1740 4802 Dacia.-
1767 4750 1959 4804 ducetn
1986 4789 2001 4813 ,
2051 4761 2106 4804 et

547 4843 719 4892 amice
748 4842 813 4891 ah
843 4855 906 4893 eo
932 4841 1070 4892 foret
1093 4849 1374 4908 acceptus,
1404 4841 1864 4912 pollicereturque
1914 4858 1972 4898 se
2001 4846 2102 4911 ipsi

545 4933 824 5000 suppetias
843 4933 1078 4985 laturum
1109 4935 1162 4986 in
1190 4950 1358 5002 regno
1376 4934 1519 5002 quod
1545 4944 1729 4988 averet
1745 4937 2096 5002 acquirendo,

545 5022 598 5074 iu
625 5025 807 5074 Asiam
838 5021 947 5091 (l8)
980 5024 1129 5077 abire
1159 5023 1422 5080 decrevit.
1456 5025 1592 5080 Cum
1646 5027 1697 5080 in
1755 5025 1881 5081 Asia
1938 5030 2099 5096 longo

546 5125 787 5183 tempore
809 5126 1048 5171 moratus
1081 5126 1244 5184 esset,
1303 5119 1509 5174 habens
1549 5137 1734 5175 secum
1799 5124 1943 5176 viros
1991 5133 2097 5175 tre-

543 5222 753 5271 centos,
788 5210 928 5262 haud
955 5211 1205 5265 cessabat
1233 5213 1444 5267 ambire
1498 5211 1796 5269 Turcorum
1828 5218 2093 5284 Optimum

540 5316 828 5370 quemque,
858 5313 909 5356 ct
935 5302 1002 5354 ad
1061 5303 1420 5358 defectionem
1476 5306 1752 5374 pellicere.
1811 5306 1948 5360 Cum
2011 5322 2097 5360 res

2206 4574 2408 4638 Δακίας
2480 4574 2723 4644 ἡγεμόνα
2802 4575 3388 4646 διαπρεσϐευσάμενος,
3453 4577 3528 4634 ὡς
3595 4581 3760 4634 αὐτὴν

2204 4665 2444 4735 ἄσμενος
2470 4667 2782 4737 ὑπεδέχετο,
2813 4671 2905 4720 καὶ
2932 4668 3094 4722 τᾶλλα
3117 4670 3431 4738 -ύπισχνεῖτο
3454 4685 3759 4740 συγκατερ-

2203 4759 2466 4827 γάζεσθαι
2496 4759 2566 4813 τὰ
2587 4761 2643 4822 ἐς
2671 4761 2768 4827 τὴν
2801 4761 3078 4830 βασιλείαν
3103 4802 3116 4823 ,
3147 4761 3296 4828 διέϐη
3325 4777 3380 4813 τε
3411 4763 3491 4823 εἰς
3514 4764 3613 4832 τὴν
3649 4767 3754 4816 Aac

2205 4854 2328 4905 κίαν
2358 4853 2708 4920 Μουσεαφᾶς,
2753 4855 2848 4906 καὶ
2887 4853 3074 4922 χρόνον
3110 4851 3297 4906 αὐτόθι
3339 4854 3620 4925 διατρίψας
3666 4873 3758 4908 συ-

2206 4943 2353 5012 χνὸν.
2377 4944 2513 5011 ἔχων
2557 4943 2753 5011 ἄνδρας
2785 4943 3149 5008 τριακοσίους,
3179 4944 3419 5012 ἔπρασσε
3455 4950 3590 5016 πρὸς
3629 4952 3753 5009 τοὺς

2207 5033 2464 5100 Τούρκων
2509 5033 2784 5104 ἀρίστους,
2833 5034 3032 5101 μετιὼν
3079 5035 3337 5089 ἕκαστον.
3369 5037 3470 5098 .⁹Ως
3521 5038 3565 5092 δ’
3602 5039 3754 5092 οὐδὲν

2208 5125 2510 5194 προεχώρει
2543 5126 2609 5190 ’⁷,
2638 5122 2707 5196 ἦν
2744 5126 2852 5194 γὰρ
2893 5127 3184 5198 Μεκμέτης
3213 5128 3284 5181 τά
3310 5145 3368 5181 τε
3412 5129 3548 5184 ἄλλα
3575 5133 3751 5183 ἐπιει-

2205 5217 2327 5286 κὴς,
2354 5220 2446 5268 καὶ
2480 5222 2536 5278 ἐς
2564 5220 2622 5268 τὸ
2653 5217 2974 5287 θεραπεύειν
3004 5219 3128 5282 τοὺς
3158 5221 3411 5292 ἀρίστους
3441 5223 3547 5274 τῶν
3587 5222 3756 5291 Τούρ‹⁵

2207 5325 2318 5361 κων
2349 5311 2450 5362 οὐκ
2500 5309 2779 5379 ἀδόκιμος,
2820 5311 3025 5381 τρόπου
3076 5328 3134 5363 τε
3191 5312 3438 5383 ἡσυχίου,
3477 5313 3642 5385 ψευδῆ
3692 5330 3752 5365 τε

1811 5424 2054 5484 Νοιυιω
2083 5425 2486 5503 marginales.

609 5524 720 5592 (l8)
755 5527 842 5578 Al.
872 5527 1160 5597 Europam,
1195 5528 1266 5582 al.
1297 5527 1542 5582 Daciam.

599 5667 644 5696 9°
683 5667 742 5717 In
777 5684 900 5723 uno,
941 5671 995 5718 αἱ
1023 5668 1202 5720 λοιπαὶ
1234 5686 1282 5721 τ.

540 5730 609 5789 iu
647 5737 706 5790 1i.
741 5740 882 5789 nulla
914 5749 986 5788 est
1018 5739 1229 5791 lucrum.

1359 5671 1402 5701 ’⁷
1432 5668 1513 5721 Ex
1540 5667 1731 5724 Latina
1765 5671 1997 5724 versione
2033 5690 2113 5740 pm

2217 5672 2500 5728 rles‘iderari
2558 5684 2665 5730 hate
2700 5676 2868 5740 verba,
2904 5673 3098 5762 ἤχθετο
3137 5673 3386 5740 μάλιστα,
3420 5674 3492 5727 ιιεί
3530 5677 3747 5733 συηὶίὶα.
