4010 6208
516 327 631 389 Ξ).θῖ

1618 310 1926 372 LAONICI
1971 303 2627 367 CHALCOCONDYLE

3646 303 3755 368 208

522 449 729 491 tanturn
806 432 1047 488 mulieris
1112 430 1436 499 ohrepscrat
1489 426 1789 481 fastidium.
1864 423 2078 487 Mulier,

2192 420 2279 472 ἐπί
2307 438 2427 473 τινα
2458 419 2670 489 χρόνον.
2698 418 2806 471 Καὶ
2835 417 2867 486 ἦ
2923 433 2981 469 τε
3018 415 3155 487 γυνὴ
3183 414 3275 469 τοῦ
3313 414 3571 487 βασιλέως
3595 415 3761 469 ἐνεώ-

518 534 808 582 advertens
848 542 907 579 se
943 525 1136 578 marito
1177 536 1300 577 esse
1356 518 1588 574 invisam
1636 518 1951 581 admodum,
1984 533 2079 571 na-

518 637 637 673 veni
669 616 1012 683 conscendit,
1044 625 1099 669 et
1128 614 1197 668 ad
1222 628 1422 683 genere
1452 612 1793 682 prapinquos
1829 628 1889 667 sc
1926 628 2081 666 rece-

518 716 616 781 pit.
648 713 765 782 Ipse
792 710 1009 764 interim
1049 707 1399 761 matrimonio
1450 704 1552 759 sibi
1583 703 1770 774 junxit
1799 703 2084 757 Sarmatize

519 810 661 876 (quze
717 815 767 858 et
828 801 1043 872 Bussia)
1095 800 1357 871 principis
1412 797 1601 852 ﬁliam.
1645 797 1742 850 lhe
1777 797 1995 865 quidem
2031 796 2082 848 in

519 900 682 953 istum
717 897 935 950 modum
984 896 1212 947 allectus
1279 905 1449 961 regno
1502 888 1736 958 praefuit.
1774 887 2086 941 Andronico

520 998 700 1041 autem
733 984 964 1054 imperio
1006 982 1303 1054 regendam
1344 982 1619 1037 concessit
1648 980 1963 1040 Ther-mam,
1990 979 2085 1048 qui

520 1080 721 1133 virtute
761 1088 882 1147 post
914 1078 1179 1130 Joannem
1213 1079 1488 1129 secundus
1529 1075 1671 1127 inter
1721 1074 1860 1126 ﬁlios
1905 1073 2085 1140 regios

518 1178 656 1222 erat.
717 1167 852 1222 Cum
902 1167 1183 1235 aliquanto
1246 1174 1491 1234 tempore
1551 1165 1965 1233 supervixisset,
2029 1166 2085 1216 in

518 1261 933 1331 elephantiasim
986 1259 1194 1313 incidit.
1254 1256 1547 1310 Thermam
1577 1272 1813 1326 quoque,
1844 1265 1903 1309 ut
1971 1258 2123 1323 (μηδ’

522 1369 624 1405 non
668 1352 902 1420 amplius
948 1350 1169 1404 retineri
1224 1357 1430 1418 posset,
1465 1358 1693 1418 propter
1729 1364 1814 1400 res
1845 1346 2090 1401 civitatis

519 1445 813 1497 admodum
863 1442 1096 1506 accisas,
1162 1441 1383 1495 Venetis
1437 1440 1697 1493 vendidit.
1750 1438 1884 1493 Cum
1927 1440 2091 1508 igitur

518 1537 826 1605 iudicarent
854 1552 968 1591 eam
1004 1536 1372 1589 venditionem
1405 1544 1517 1587 tum
1556 1535 1657 1589 sibi
1688 1544 1799 1587 tum
1839 1534 1959 1588 urbi
2000 1549 2095 1587 ex-

520 1629 727 1697 pedire,
782 1643 949 1697 parvo
992 1628 1167 1696 pretio
1215 1635 1460 1695 accepto,
1509 1642 1627 1681 eam
1666 1626 1884 1681 Venetis
1914 1627 2090 1681 tradi-

520 1721 618 1774 dit.
646 1720 995 1774 Andronicus
1027 1730 1207 1773 autem
1243 1718 1520 1779 profectus
1550 1718 1612 1771 ad
1647 1717 1867 1772 fratrem
1904 1718 1957 1772 in
1997 1718 2092 1771 Pe-

521 1814 902 1882 loponnesum,
948 1814 1148 1866 victum
1188 1812 1240 1864 in
1287 1807 1559 1864 Mantinea
1596 1810 1847 1865 Laconia:
1876 1813 2084 1865 habuit.

518 1904 740 1958 Morbus
771 1920 893 1957 cum
924 1904 1099 1957 indies
1124 1904 1501 1965 invalesceret.
1538 1903 1753 1957 tandem
1782 1904 1889 1955 vita
1922 1903 2081 1956 lunc-

520 2008 607 2053 tus
657 2008 758 2051 est.
811 1996 1184 2059 Theodorum,
1253 1995 1346 2065 qui
1407 1996 1646 2049 defuncti
1693 2012 1911 2066 quoque
1946 1996 2087 2052 ﬁlius

518 2098 656 2153 erat,
692 2087 843 2140 misit
890 2087 956 2140 ad
999 2086 1226 2142 fratrem
1258 2086 1608 2141 Theodorum
1638 2086 2086 2158 Porphyrogeni-

519 2193 659 2247 tum,
691 2190 750 2236 ut
772 2195 896 2234 eum
919 2179 1284 2249 Peloponnesi
1313 2193 1691 2234 successorem
1731 2179 2083 2248 relinqueret.

519 2274 690 2339 Quem
729 2271 993 2341 suscepit,
1048 2280 1102 2324 et
1154 2280 1212 2324 ut
1270 2269 1459 2326 fratris
1505 2280 1561 2324 et
1593 2271 1892 2324 necessarii
1918 2271 2086 2325 ﬁlium

519 2365 664 2436 apud
725 2380 783 2419 se
845 2362 1115 2427 detinuit;
1170 2377 1283 2431 quo
1340 2370 1578 2424 mortuo,
1622 2364 2084 2431 quemadmodum

520 2464 873 2519 convenerat,
922 2454 1193 2510 successit
1226 2455 1288 2508 in
1331 2453 1696 2525 Peloponnesi
1737 2456 2085 2512 administra-

520 2553 747 2607 tionem.
784 2549 943 2620 110
967 2549 1085 2603 llic‘
1100 2548 1192 2603 ubi
1230 2549 1459 2619 imperio
1484 2552 1691 2619 potitus
1724 2558 1827 2612 est,
1857 2567 2083 2606 uxorem

520 2643 733 2712 accepit
774 2659 838 2696 ex
877 2641 1053 2705 Italia,
1092 2640 1259 2695 ﬁliam
1288 2640 1585 2697 Malatestae
1612 2642 1768 2697 ducis
1799 2642 2078 2707 Marchiae,

521 2720 643 2807 quae
677 2736 869 2789 formae
901 2743 1189 2790 venustate
1224 2744 1278 2789 et
1316 2736 1542 2805 reliquis
1597 2736 1882 2791 mulierum
1935 2737 2082 2791 deti-

521 2832 626 2885 bus
652 2829 944 2883 admodum
979 2828 1299 2898 praestabat.
1341 2827 1539 2882 Postea
1588 2844 1711 2882 cum
1752 2829 1960 2890 odium,
1992 2830 2083 2883 de-

526 2924 655 2976 hinc
688 2918 974 2976 discordiae
1009 2919 1060 2974 id
1091 2919 1504 2973 matrimonium
1549 2919 1902 2980 invasissent.
1931 2922 2079 2983 odio,

524 3029 631 3080 quo
661 3027 882 3068 uxorem
936 3010 1396 3081 prosequebatur,
1445 3022 1745 3076 permoms,
1804 3011 1872 3065 ad
1912 3010 2084 3066 Naza-

2191 531 2258 583 ρα
2286 516 2342 577 ἐς
2402 514 2571 583 αὐτὴν
2604 514 2694 565 τὸν
2740 512 2908 581 ἄνδρα
2954 510 3137 580 ἀηδῶς
3188 512 3400 581 ἔχοντα,
3464 513 3558 565 καὶ
3586 511 3758 580 αὐτὴν

2185 604 2593 674 ἀπεχθάνεσθαι
2646 604 2723 672 τῷ
2772 603 2928 674 ἀνδρὶ
2979 604 3035 664 ἐς
3088 605 3157 657 τὰ
3197 604 3454 671 μάλιστα,
3514 602 3758 655 ἐπιϐᾶσα

2186 698 2341 762 νεὼς,
2392 696 2562 766 ᾤχετο
2594 694 2945 749 ἀποπλέουσα
2998 694 3092 746 ἐπὶ
3143 694 3370 756 Ἰταλίας
3432 695 3578 763 παρὰ
3632 696 3760 751 τοὺς

2189 792 2587 859 προσήκοντας.
2609 790 2878 856 Ἠγάγετο
2909 788 2964 840 δὲ
3000 789 3253 855 γυναῖκα,
3284 789 3383 857 τὴν
3406 789 3513 841 ἀπὸ
3542 789 3761 857 Σαρμα-

2187 884 2332 946 τίας,
2360 884 2453 935 τοῦ
2496 881 2801 953 Σαρματῶν
2830 882 3102 951 ἡγεμόνος
3132 880 3427 947 θυγατέρα.
3461 873 3630 943 Οὗτος
3666 882 3761 948 μὲν

2189 975 2280 1027 οὖν
2314 975 2454 1028 οὓτω
2484 975 2747 1036 διατεθεὶς
2783 974 3116 1037 ἐϐασίλευεν,
3158 974 3479 1044 Ἀνδρονίκῳ
3506 973 3603 1039 μὲν
3663 977 3763 1043 τήν

2190 1086 2247 1120 τε
2298 1070 2520 1139 Θέρμην
2577 1069 2875 1140 ἐπέτρεψεν
2921 1070 3111 1132 οἰκεῖν,
3169 1069 3323 1138 ἀνδρὶ
3375 1070 3473 1121 οὐκ
3523 1070 3762 1134 ἀγεννεῖ,

2194 1161 2333 1230 μετά
2361 1178 2423 1229 γε
2468 1162 2723 1229 Ἰωάννην
2749 1162 2839 1212 τὸν
2881 1159 3131 1229 βασιλέα,
3165 1161 3254 1213 καὶ
3285 1160 3376 1212 ἐπί
3406 1177 3527 1212 τινα
3574 1161 3765 1228 χῴνον

2190 1254 2589 1323 διαγενόμενος,
2619 1257 2673 1316 ἐς
2701 1256 2852 1307 νόσον
2896 1252 3198 1322 περιῆλθεν
3231 1253 3629 1322 ἐλεφαντίασιν.
3658 1253 3766 1304 Καὶ

2191 1345 2289 1414 τὴν
2317 1347 2542 1415 Θέρμην
2572 1347 2801 1399 ἀπέδοτο
2834 1348 2946 1409 τοῖς
2984 1346 3285 1407 Οὐενετοῖς.
3317 1345 3392 1407 ὡς
3420 1345 3524 1411 τῆς
3554 1362 3613 1397 τε
3664 1345 3767 1397 πό.

2193 1442 2329 1497 λεως
2356 1440 2453 1492 οὐκ
2495 1441 2574 1492 ἔτι
2605 1439 2923 1509 ἐπιτηδείως
2979 1439 3208 1508 ἐχούσης
3235 1440 3292 1500 ἐς
3316 1437 3566 1508 φυλακὴν
3595 1440 3766 1510 αὐτῆς

2194 1534 2286 1586 καὶ
2327 1531 2479 1600 σφίσι
2513 1530 2581 1584 τὰ
2611 1532 2916 1599 πράγματα
2965 1530 3220 1599 πονήρως
3268 1529 3368 1600 ἥδη
3404 1529 3622 1599 ἔχοντα.
3657 1531 3766 1582 Καὶ

2191 1624 2267 1687 ὡς
2297 1624 2539 1677 ἐδέδοκτο
2582 1623 2682 1693 ἤδη
2713 1623 2916 1684 αὐτοῖς,
2949 1622 3123 1691 ταύτῃ
3171 1620 3322 1691 σφίσι
3347 1639 3405 1674 τε
3431 1622 3640 1687 αὐτοῖς,
3671 1626 3767 1675 καὶ

2196 1718 2262 1786 τῇ
2296 1715 2446 1768 πόλει
2471 1715 2694 1784 ἄμεινον
2733 1714 2974 1778 ἔσεσθαι,
3003 1714 3231 1766 ἀπέδοτο
3258 1714 3463 1783 ταύτην
3488 1719 3597 1778 τοῖς
3634 1719 3767 1769 Οὑε-

2194 1811 2365 1871 νετοῖς
2402 1812 2461 1860 οὐ
2493 1806 2688 1860 πολλοῦ
2719 1824 2886 1870 τινος.
2928 1806 3269 1874 Ἀνδρόνικος
3304 1808 3483 1877 μέντοι
3510 1809 3569 1872 ἐς
3602 1811 3767 1861 "aio.

2197 1904 2463 1971 πόννησον
2485 1900 2639 1972 παρὰ
2661 1899 2752 1954 τὸν
2779 1900 3003 1969 ἀδελφὸν
3033 1902 3389 1969 ἀφικόμενος,
3416 1902 3516 1969 τήν
3545 1918 3603 1953 τε
3631 1901 3767 1954 δίαι-

2195 2013 2295 2047 ταν
2324 1991 2470 2063 εἶχεν
2491 1996 2550 2047 ἐν
2580 1991 2887 2062 Μαντινείᾳ
2919 1993 3014 2062 τῆς
3047 1993 3399 2061 Λακωνικῆς,
3420 1993 3479 2056 ἐς
3511 1993 3538 2046 ὃ
3563 1994 3627 2065 δὴ
3649 1995 3767 2046 ἐπι-

2196 2086 2523 2156 κρατοῦντος
2550 2086 2645 2139 τοῦ
2695 2086 3003 2156 νοσήματος
3046 2085 3149 2154 ἠδη
3182 2085 3383 2148 τελέως
3416 2086 3762 2155 ἐτελεύτησε.

2195 2179 2298 2232 Τὸν
2333 2181 2388 2232 δὲ
2414 2180 2689 2250 Θεόδωρον
2717 2179 2911 2231 τούτου
2946 2178 3108 2230 παῖδα
3155 2176 3283 2230 ὄντα
3342 2178 3598 2246 βασιλεὺς
3637 2177 3768 2246 Ἐμ-

2198 2274 2501 2343 μανουῆλος
2523 2272 2834 2342 ἐπεπόμφει
2868 2271 3019 2341 παρά
3041 2270 3268 2340 ἀδελφὸν
3296 2271 3461 2326 αὑτοῦ
3490 2273 3767 2342 Θεόδωρον

2194 2367 2285 2419 τὸν
2314 2365 2850 2436 Πορφυρογέννητον.
2909 2364 2994 2432 ἐφ’
3027 2357 3070 2432 ᾧ
3113 2365 3353 2435 διάδοχόν
3383 2382 3442 2416 τε
3471 2366 3562 2417 τὸν
3595 2369 3765 2418 παῖδα

2195 2459 2518 2511 καταλιπεῖν
2548 2459 2638 2510 ἐπὶ
2669 2461 2735 2528 τῇ
2791 2458 3203 2528 Πελοποννήσῳ.
3259 2459 3367 2510 Καὶ
3425 2458 3498 2521 ὡς
3547 2459 3769 2523 ἐδέξατο

2193 2550 2403 2616 τοῦτον,
2452 2551 2682 2619 ἀδελφοῦ
2716 2568 2775 2603 τε
2832 2552 3016 2609 παῖδα.
3050 2552 3145 2602 καὶ
3191 2552 3518 2621 ἐπιτηδείου,
3548 2550 3660 2623 εἶχέ
3708 2572 3767 2605 τε

2193 2644 2325 2715 παρ’
2384 2644 2553 2711 αὐτῷ,
2606 2644 2697 2697 καὶ
2732 2648 2806 2706 ὡς
2839 2644 3111 2707 ἐτελεύτα,
3148 2644 3408 2698 κατέλιπε
3441 2645 3538 2714 τὴν
3590 2646 3765 2716 ἀρχὴν

2192 2738 2363 2808 αὐτῷ.
2396 2731 2564 2800 Οὗτος
2590 2737 2645 2790 δὲ
2682 2737 2758 2797 ὼς
2786 2739 2843 2799 ἐς
2873 2737 2971 2806 τὴν
3016 2739 3316 2805 ἡγεμονίαν
3346 2739 3607 2808 κατέστη,
3637 2740 3764 2807 ἔγη-

2195 2828 2263 2899 μέ
2297 2845 2354 2880 τε
2390 2829 2624 2894 γυναῖκα
2658 2826 2765 2879 ἀπὸ
2818 2826 3068 2889 Ἰταλίας,
3107 2826 3385 2896 θυγατέρα
3423 2825 3762 2893 Μαλατέστα,

2190 2920 2283 2974 τοῦ
2310 2922 2544 2989 Μάρκης
2591 2919 2876 2987 ἡγεμόνος,
2912 2920 2987 2986 τῷ
3015 2937 3073 2972 τε
3123 2920 3307 2973 κάλλει
3344 2921 3765 2991 διαπρέπουσα-ι,

2192 3015 2286 3065 καὶ
2314 3015 2378 3083 τῇ
2410 3012 2549 3085 ἄλλῃ
2574 3013 2891 3083 κοσμτετητι.
2928 3014 3194 3080 ’Ὕστερον
3246 3013 3454 3081 μέντοι,
3484 3016 3556 3075 ὡς
3586 3015 3641 3074 ἐς
3677 3017 3765 3082 μῖ-

523 3119 761 3159 razorum
786 3104 1027 3156 'schema
1074 3101 1311 3170 migrare
1357 3101 1568 3156 statuit.
1599 3100 1733 3156 Cum
1760 3113 1938 3156 autem
1968 3105 2080 3170 jam

2192 3107 2283 3168 σός
2313 3123 2373 3157 τε
2399 3105 2627 3171 ἀφίκετο
2651 3107 2713 3172 τῇ
2752 3105 2993 3170 γυναικὶ,
3027 3106 3121 3157 καὶ
3150 3107 3208 3167 ἐς
3238 3105 3393 3174 ἔχθος
3413 3105 3770 3187 ἀφικόμενος9

524 3199 708 3251 animo
734 3195 897 3249 ﬁxum
942 3203 1047 3257 est,
1084 3192 1464 3248 Nazaraeorum
1501 3193 1781 3263 suscipere
1815 3195 2080 3259 habitum,

527 3290 815 3345 accersivit
845 3288 1095 3351 fratrem,
1146 3298 1203 3341 ut
1251 3288 1298 3340 ei
1333 3302 1558 3355 regnum
1620 3288 1905 3353 tribueret,
1933 3306 2092 3359 opes-

524 3402 654 3453 que.
698 3383 896 3437 Verqu
929 3380 1072 3435 haud
1103 3380 1273 3434 multo
1305 3390 1428 3450 post
1468 3380 1805 3435 voluntatem
1835 3383 2089 3449 mutavit,

524 3490 647 3527 eum
679 3488 806 3526 eum
838 3470 1030 3541 optimi
1060 3470 1263 3540 quique
1292 3471 1360 3524 ab
1397 3471 1498 3524 isto
1544 3470 1797 3526 instituto
1827 3472 2089 3527 dehorta-

527 3576 733 3627 rentnr,
765 3578 864 3617 nec
897 3578 1020 3617 eum
1083 3561 1149 3616 ad
1204 3563 1345 3615 hanc
1399 3561 1525 3615 vitae
1578 3562 1809 3617 formam
1852 3566 2090 3619 transire

527 3656 791 3708 sinerent.
825 3653 1018 3708 Senior
1062 3653 1380 3707 Theodorus
1423 3668 1535 3706 non
1594 3654 1793 3709 tulerat
1840 3656 1982 3709 ﬁlios
2023 3673 2092 3710 ex

528 3746 803 3799 lthainerii
842 3745 949 3799 ﬁlia
989 3762 1003 3803 :
1051 3760 1240 3799 verum
1292 3746 1405 3799 nati
1462 3754 1592 3799 sunt
1647 3748 1695 3800 ei
1756 3747 1850 3802 ﬁlii
1896 3750 2083 3816 nothi;

530 3853 650 3891 nam
692 3836 849 3891 duxit
906 3851 1133 3891 uxorem
1198 3836 1535 3898 Athenarum
1598 3839 1860 3909 principis
1904 3842 2089 3906 tiliam,

525 3946 647 4001 quae
671 3944 861 3984 omnes
892 3928 977 3983 sui
1002 3928 1193 3983 saeculi
1235 3928 1508 3983 formosas
1542 3933 1749 3984 anteire
1779 3932 2088 3990 dicebatur.

525 4022 860 4077 Rhainerius
893 4021 1004 4089 (i9)
1037 4020 1128 4077 hic
1167 4019 1419 4075 Corinthi
1461 4030 1515 4075 et
1555 4022 1887 4078 Athenarum
1939 4028 2090 4094 prin-

527 4133 655 4187 ceps
689 4115 903 4171 exstitit
937 4132 951 4169 :
984 4113 1203 4169 Bteotia:
1230 4128 1447 4183 quoque
1492 4116 1797 4186 imperavit,
1829 4127 1885 4171 ct
1919 4135 2091 4188 usque

529 4214 580 4266 in
604 4209 943 4265 Thessaliam
978 4208 1270 4279 processit.
1307 4208 1599 4278 Imperium
1637 4210 1738 4264 hoc
1771 4212 1932 4265 modo
1961 4228 2093 4266 nae-

529 4314 615 4358 tus
652 4310 755 4356 est.
794 4302 932 4354 Cum
986 4307 1176 4353 contra
1210 4296 1453 4362 Graeeos,
1510 4299 1592 4353 sic
1646 4299 1941 4369 instigante
1983 4300 2093 4355 Ro-

527 4411 690 4450 mano
742 4393 1019 4463 pomiﬁce,
1053 4390 1452 4459 expeditionem
1508 4400 1791 4445 sumerent
1842 4391 1981 4446 Galli
2038 4400 2091 4446 et

2161 3202 2248 3261 ’ἐς
2272 3200 2533 3268 διαφορὰν
2567 3199 2824 3265 κατέστη,
2849 3201 2903 3260 ἐς
2931 3200 3026 3266 τὴν
3059 3199 3390 3268 Ναζηραίων
3414 3199 3624 3252 δίαιταν
3654 3199 3763 3269 ὧρ-

2196 3310 2334 3362 μητο
2366 3293 2641 3358 γενέσθαι,
2670 3294 2763 3343 καὶ
2785 3293 2878 3343 τὸν
2911 3291 3136 3360 ἀδελφὸν
3169 3289 3333 3344 αὐτοῦ
3381 3293 3765 3359 μετεπέμπετο

2192 3388 2283 3438 ἐπὶ
2318 3386 2415 3454 τὴν
2442 3386 2640 3455 ἀρχήν.
2695 3386 2783 3447 Ὠς
2820 3385 3022 3451 ἐπείκοὶ
3054 3384 3227 3437 ἐδόκει
3268 3385 3401 3437 ἰέναι
3447 3387 3504 3446 ἐς
3560 3386 3619 3436 τὸ
3659 3382 3766 3437 Να-

2193 3479 2666 3548 ζηραίων”σχῆμα,
2692 3480 2790 3547 τήν
2820 3495 2876 3531 τε
2903 3478 3078 3547 ἀρχὴν
3108 3478 3416 3546 ἐπιτρέψων
3470 3478 3639 3547 αὐτῷ,
3672 3479 3767 3531 καὶ

2192 3572 2290 3634 τὴν
2315 3572 2523 3624 οὐσίαν.
2559 3564 2729 3633 Οὗτος
2772 3569 2954 3638 μέντοι
2994 3570 3093 3622 οὐκ
3121 3573 3200 3633 είς
3232 3570 3447 3638 μακρὰν
3483 3570 3635 3633 αὖθις
3671 3588 3766 3641 με-

2193 3664 2472 3727 τέϐαλλεν,
2524 3664 2993 3731 ἀποτρεπομένων
3052 3661 3162 3715 τῶν
3199 3662 3434 3731 ἀρίστων
3463 3664 3626 3715 αὑτοῦ
3658 3663 3767 3717 ἀπὸ

2191 3757 2403 3818 τούτου,
2432 3756 2525 3809 καὶ
2553 3757 2653 3809 οὐκ
2688 3756 3094 3825 ἐπιτρεπόντων
3126 3755 3263 3809 ἱέναι
3300 3757 3467 3825 αὐτῷ,
3496 3756 3577 3817 είς
3602 3755 3630 3807 ὃ
3662 3753 3769 3825 ὥρ-

2197 3867 2353 3920 μητο.
2373 3848 2462 3917 Τῷ
2500 3848 2598 3918 μὲν
2622 3847 2714 3900 οὖν
2743 3847 3096 3917 πρεσϐυτέρῳ
3116 3847 3375 3918 Θεοδώρῳ
3423 3848 3500 3917 τῷ
3527 3846 3766 3918 πατρῴῳ

2193 3946 2321 4005 παῖς
2352 3944 2450 3996 οὐκ
2488 3944 2704 4011 ἐγένετο
2740 3945 2844 3996 ἀπὸ
2866 3945 2966 4011 τῆς
3008 3943 3317 4013 Ῥαινερίου
3359 3926 3647 4014 θυγατρὸς,
3682 3945 3765 3995 νό-

2195 4036 2275 4089 θοι
2300 4038 2356 4089 δὲ
2385 4039 2648 4103 ἐγένοντο,
2696 4038 2963 4105 Ἠγάγετο
2993 4039 3103 4108 γὰρ
3131 4031 3287 4100 οὗτος
3336 4038 3436 4107 τὴν
3464 4038 3556 4091 τοῦ
3600 4037 3765 4107 Ἀθη-

2195 4128 2301 4182 νῶν
2333 4131 2598 4199 τυράννου
2634 4131 2932 4199 θυγατέρα,
2969 4131 3158 4183 πασῶν
3186 4132 3244 4184 δὲ
3292 4131 3594 4202 λεγομένην
3624 4130 3763 4184 εἶναι

2195 4222 2492 4289 καλλίστην
2550 4222 2657 4275 τῶν
2711 4223 2790 4285 είς
2820 4226 3029 4275 ἐκεῖνον
3059 4224 3150 4275 τὸν
3192 4225 3380 4293 χρόνον
3435 4224 3623 4278 κάλλει
3652 4226 3761 4277 διε-

2194 4316 2526 4381 νεγκουσῶν.
2561 4314 2857 4385 Ῥαινέριος
2879 4316 2934 4367 δὲ
2968 4309 3122 4377 οὗτος
3152 4316 3417 4386 Κορίνθου
3446 4335 3504 4370 τε
3538 4320 3765 4387 ἐτυράν-

2195 4422 2338 4469 νευε,
2376 4407 2470 4457 καὶ
2519 4404 2780 4475 Ἀθηνῶν,
2826 4410 2924 4475 τῆς
2975 4425 3030 4459 τε
3064 4408 3324 4471 Βοιωτίας
3352 4409 3609 4479 ἐπῆρξεν,
3641 4409 3765 4462 ἔστε

526 4487 744 4551 Veneti,
778 4494 892 4539 tum
923 4483 1088 4537 etiam
1140 4481 1528 4551 Neapolitanus
1563 4498 1679 4546 rex,
1712 4500 1923 4536 necnon
1951 4483 2088 4556 Tyr-

2196 4494 2284 4546 ἐπὶ
2312 4492 2606 4546 Θετταλίαν
2637 4474 2906 4564 χωρῆσαι.
2950 4497 3189 4567 Ἐπῆρξε
3242 4499 3298 4551 δὲ
3337 4474 3523 4567 τρόπῳ
3550 4501 3762 4569 τοιῷδε.

528 4579 826 4631 rhenornm
855 4584 909 4630 et
931 4573 1286 4628 Januensium
1322 4574 1424 4626 viri
1463 4574 1831 4643 potentissimi
1855 4575 2088 4644 profecti

530 4679 677 4735 sunt,
707 4679 763 4722 ut
781 4668 1216 4735 Peloponnesum
1234 4674 1288 4718 et
1318 4664 1577 4735 reliquam
1597 4664 1854 4719 Graeciam
1875 4668 2089 4738 subige-

532 4774 672 4816 rent.
702 4762 770 4815 Et
802 4760 1239 4831 Peloponnesum
1263 4760 1485 4829 quidem
1525 4762 1704 4815 caeteri
1740 4763 1790 4815 in
1828 4763 2086 4819 ditiOnem

532 4853 811 4923 redegcre.
840 4851 907 4906 At
936 4850 1242 4907 Januenses
1288 4854 1378 4922 qui
1438 4861 1596 4907 erant
1638 4852 1708 4908 de
1739 4852 1943 4909 familia
1981 4854 2087 4910 Za-

531 4948 842 5001 chariarum
873 4945 1011 5014 (νο),
1050 4956 1314 5014 ceperunt
1352 4944 1615 4999 Achaiam
1662 4956 1715 5000 et
1749 4946 1919 5001 Elidis
1967 4964 2088 5017 par-

529 5053 634 5097 tem
697 5042 1022 5105 maximam;
1078 5050 1421 5110 occuparunt
1482 5048 1536 5093 et
1585 5038 1801 5109 Pylum.
1871 5056 2085 5094 necnon

529 5135 791 5190 Messanae
826 5135 1099 5205 regionem
1142 5134 1287 5189 haud
1332 5149 1577 5203 parvam,
1613 5142 1672 5187 ut
1712 5135 1875 5188 etiam
1909 5135 1962 5187 in
1990 5134 2089 5187 La—

527 5230 743 5282 coniam
778 5230 1171 5296 irrumperent.
1200 5226 1649 5281 Mediterraneam
1690 5228 1965 5295 regionem
1995 5226 2090 5279 Pc-

529 5321 808 5389 lopuunesi
840 5321 1127 5376 obtinuere
1156 5318 1330 5374 Graeci
1365 5318 1837 5388 Peloponnesiaci.
1865 5319 2092 5373 Univer-

527 5427 642 5464 sam
706 5414 1034 5469 maritimam
1077 5412 1437 5482 Peloponnesi
1484 5426 1634 5464 oram
1691 5412 1967 5479 capientes
2006 5420 2089 5464 te-

529 5512 762 5554 nuerunt
807 5504 1065 5561 Celtiberi
1106 5503 1495 5562 occidentales,
1522 5516 1741 5556 necnon
1781 5499 2086 5554 Januenscs

2208 4583 2400 4638 Ὁπότε
2430 4584 2523 4638 ἐπὶ
2559 4586 2683 4648 τοὺς
2713 4586 2981 4657 ’Έλληνας
3010 4589 3299 4657 ἐνάγοντος
3332 4590 3425 4641 τοῦ
3472 4589 3765 4659 Ῥωμαίων

2193 4676 2496 4746 ἀρχιερέως
2522 4677 2919 4747 ἐστρατεύοντο
2944 4681 2991 4733 οί
3034 4682 3142 4734 ἀπὸ
3170 4682 3269 4750 τῆς
3301 4682 3542 4749 ἑσπέρας
3566 4684 3765 4737 Κελτοί

2190 4784 2248 4819 τε
2281 4766 2414 4837 ἅμα,
2466 4768 2560 4820 καὶ
2614 4770 2886 4834 Οὑενετοὶ,
2923 4773 3045 4824 τότε
3088 4773 3149 4842 δὴ
3182 4775 3271 4825 καὶ
3301 4774 3348 4825 οἱ
3379 4773 3488 4825 ἀπὸ
3550 4772 3766 4827 Νεαπό-

2190 4857 2327 4922 λεως
2352 4857 2445 4910 τοῦ
2476 4858 2764 4929 βασιλέως,
2794 4865 2885 4914 καὶ
2920 4861 3026 4913 ἀπὸ
3053 4863 3353 4934 Τυρρηνῶν
3377 4863 3635 4935 ὥρμηντο
3667 4865 3765 4919 ἀν-

2184 4948 2314 5017 δρες
2349 4950 2590 5005 Ἰανυῖων
2618 4952 2762 5022 μέγα
2789 4953 3077 5023 δυνάμενοι
3102 4956 3197 5009 ἐπὶ
3234 4958 3336 5024 τὴν
3363 4958 3462 5028 τῆς
3495 4960 3764 5013 Πελοπον-

2186 5039 2352 5108 νήσου
2380 5057 2439 5091 τε
2477 5043 2593 5110 ἅμα
2643 5044 2738 5097 καὶ
2789 5043 2891 5113 τῆς
2920 5045 3090 5115 ἄλλης
3150 5046 3402 5111 Ἑλλάδος
3455 5065 3762 5119 καταστρο-

2188 5133 2318 5201 φήν.
2348 5134 2455 5186 Καὶ
2484 5135 2583 5205 τὴν
2620 5136 2805 5205 μέντοι
2860 5138 3266 5209 Πελοπόννησον
3318 5144 3763 5214 κατεστρέψαντο

2189 5224 2338 5277 ἄλλοι
2362 5243 2443 5291 τε,
2470 5228 2562 5279 καὶ
2594 5228 2702 5280 dna
2725 5228 2824 5299 τῆς
2852 5231 3098 5285 ’Ῐανυῖων
3118 5234 3336 5302 μοίρας,
3364 5235 3457 5288 τοῦ
3485 5237 3632 5290 οἴκου
3658 5240 3764 5291 Ζα-

2190 5318 2415 5386 χαρίων,
2465 5321 2563 5388 τήν
2593 5337 2652 5372 τε
2700 5321 2923 5391 Ἀχαΐαν
2954 5324 3046 5376 καὶ
3078 5323 3294 5390 Ἤλιδος
3325 5326 3392 5380 τά
3424 5328 3613 5392 πλείω,
3663 5332 3763 5384 καὶ
3840 5356 3857 5369 κ

2194 5409 2257 5478 δὴ
2282 5412 2370 5461 καὶ
2395 5412 2585 5473 Πῦλον,
2619 5413 2713 5466 καὶ
2746 5415 3005 5484 Μεσήνης
3046 5417 3229 5487 χώραν
3267 5419 3367 5471 οὐκ
3398 5420 3605 5491 ὀλίγην,
3638 5422 3762 5475 ἕστε

2195 5501 2289 5554 ἐπὶ
2316 5505 2640 5574 Λακωνικὴν
2679 5506 2909 5574 siem,
2948 5509 3058 5578 Τὴν
3104 5512 3288 5577 μέντοι
3342 5516 3628 5581 μεσόγαιον
3660 5514 3762 5584 τῆς

1798 5615 2047 5676 Notulc'e
2076 5620 2483 5697 marginales.

598 5716 708 5785 (l9)
728 5719 993 5777 Grvtzoras
1024 5733 1070 5775 et
1103 5721 1348 5778 Farcllus
1375 5724 1515 5773 hunc
1544 5720 1834 5788 {ingenium
1868 5722 1933 5774 de
1954 5721 2076 5773 Em-

524 5803 699 5858 puttts
730 5796 953 5842 tattuut.

2258 5726 2368 5778 (2οι
2406 5726 2839 5783 Giachariorum.
