4010 6208
219 318 315 378 ΞΟ)

1291 323 1387 383 DE
1426 320 1684 385 REBUS
1718 323 2073 385 TUBCICIS
2122 326 2264 386 LIB.
2291 326 2383 387 ιν.

3349 328 3469 391 ⁵2⁵11)

223 428 643 495 Πελοποννήσου
676 433 924 502 κατεῖχον
954 433 1106 488 αὐτοί
1135 451 1192 485 τε
1227 436 1642 506 Πελοποννήσιοι
1671 438 1786 490 Ἐλ-

1900 440 2261 507 et'l‘yrrlwni.
2304 439 2631 494 ltbaincrius
2657 453 2781 493 cum
2819 440 2886 492 ab
2936 439 3208 494 Florentia
3243 444 3452 494 veniret

222 520 397 584 ληνες.
427 520 742 591 Ξύμπασαν
764 523 821 576 δὲ
852 523 949 593 τὴν
976 526 1240 595 παράλιον
1264 530 1361 598 τῆς
1385 530 1791 599 Πελοποννήσου

223 614 267 664 οἱ
295 612 397 663 {me
426 616 525 682 τῆς
556 615 798 682 ἐτπέρας
849 619 1356 688 καταστρεψάμενοι
1406 619 1572 691 εἶχον,
1602 622 1794 675 Κελτοί

223 721 274 755 τε
301 706 361 759 δὴ
396 706 493 757 καὶ
551 707 915 776 Κελτίϐηρες,
950 711 1045 761 καὶ
1094 710 1203 763 τῶν
1246 712 1490 765 Ἰανυΐων
1526 715 1618 767 καὶ
1654 714 1791 783 Τυῤ-

227 796 390 865 ρηνῶν
420 798 575 851 ἄλλοι
606 816 689 863 τε,
728 800 822 851 καὶ
856 801 918 869 δὴ
948 802 1039 853 καὶ
1088 802 1380 871 Ῥαινέριος
1408 806 1516 858 ἀπὸ
1545 807 1788 874 Φλωρεν-

227 888 335 948 tia;
366 888 706 957 ἀφικόμενος
737 893 831 945 ἐπὶ
866 897 930 962 τῇ
982 911 1045 961 γε
1098 898 1325 967 στρατιᾷ
1359 897 1531 968 ταύτῃ
1580 898 1673 950 τοῦ
1715 902 1790 952 οῖ-

230 998 316 1032 κου
355 982 463 1033 τῶν
496 984 818 1048 Ἀζαῐόλων,
863 988 960 1054 τήν
1005 1004 1062 1039 τε
1104 989 1355 1058 Ἀττικὴν
1408 993 1657 1061 κατέσχε,
1695 995 1789 1046 καὶ

231 1074 496 1137 Βοιωτίαν,
530 1078 631 1129 καὶ
678 1077 944 1147 πρότερόν
981 1098 1070 1146 μοι
1109 1082 1421 1152 δεδήλωται,
1458 1086 1554 1137 καὶ
1578 1087 1789 1139 Φωκαϊ-

230 1165 308 1228 δος
341 1166 521 1235 χώρας
567 1168 639 1221 τὰ
690 1168 883 1223 πλείω.
920 1171 1155 1242 Λίγυρες
1200 1175 1385 1243 μέντοι
1426 1179 1524 1244 τὴν
1553 1177 1788 1232 Εὔϐοιαν

234 1258 399 1328 πολλῷ
444 1259 527 1312 ἔτι
560 1261 930 1333 παλαιότερον
985 1266 1251 1335 κατέσχον
1274 1282 1289 1297 ο
1326 1268 1418 1336 ἀφ’
1450 1262 1525 1322 ὧν
1554 1271 1784 1339 ἐπιτρα-

235 1352 411 1413 πέντες
456 1354 504 1405 οξ
534 1355 810 1421 Οὐενετοὶ,
840 1356 934 1408 ἐπὶ
959 1356 1109 1427 ῥητῷ
1133 1360 1235 1427 τῆς
1270 1361 1435 1431 νήσου
1486 1361 1793 1431 ἐπέϐησαν)

236 1444 375 1496 Μετὰ
396 1445 451 1497 δέ
482 1446 658 1498 ταῦτα
688 1448 831 1499 κατὰ
863 1447 1036 1517 βραχὺ
1070 1451 1373 1521 προϊόντες,
1413 1454 1707 1522 ξύμπασάν
1726 1472 1787 1509 τε

237 1537 325 1604 τὴν
353 1536 574 1591 Εὔϐοιαν
601 1541 889 1610 κατέσχον,
925 1544 983 1604 ἐς
1013 1545 1275 1613 διαφορὰν
1306 1547 1456 1613 σφίσι
1485 1549 1593 1600 τῶν
1621 1551 1785 1618 Λιγύ-

244 1650 339 1699 ρων
385 1634 813 1701 ἀφικνουμένων,
870 1638 964 1688 καὶ
1010 1641 1111 1703 τήν
1138 1655 1196 1691 τε
1239 1642 1423 1710 χώραν
1461 1646 1555 1695 καὶ
1588 1646 1785 1713 προσό⁴

242 1725 351 1785 δους
394 1726 584 1787 αὐτῶν,
610 1729 725 1781 ὅσοι
755 1732 869 1791 τοῖς
891 1730 1172 1794 Οὑενετοϊς
1214 1736 1509 1804 ἐπιτήδειοι
1553 1737 1781 1806 ἐτύγχα-

246 1832 329 1866 νον
354 1817 515 1880 δντες,
559 1822 725 1874 είσὲτι
778 1821 994 1874 καὶνῦν
1039 1823 1373 1877 διατελοῦσιν
1402 1827 1636 1893 ἔχοντες,
1686 1829 1779 1879 καὶ

254 1910 388 1961 κατὰ
427 1907 581 1963 ταῦτα
606 1915 961 1981 ἐμμένοντες.
1010 1915 1124 1981 Ἐφ’
1156 1909 1237 1979 οἷς
1290 1916 1642 1986 σπενδόμενοι
1686 1920 1780 1971 αὐ-

263 2001 363 2060 τοῖς
384 1999 654 2071 ξυνέϐησαν
684 2004 820 2057 κατὰ
847 2005 945 2075 τὴν
986 2008 1146 2073 νῆσον
1169 2008 1217 2059 oi
1249 2008 1520 2063 Οὐενετοί.
1572 2010 1630 2060 '0
1656 2010 1782 2078 μέν·

264 2110 345 2143 τοι
373 2092 666 2164 Ῥαινέριος,
693 2101 785 2151 καὶ
806 2100 853 2150 οί
892 2100 1248 2169 Κελτίϐηρες,
1299 2104 1391 2154 καὶ
1425 2103 1641 2156 Κελτῶν
1668 2105 1782 2159 ὅσοι

260 2185 349 2237 ἐπὶ
375 2186 469 2254 τὴν
492 2187 582 2255 τῆς
612 2190 845 2254 Ἑλλάδος
880 2194 1268 2261 καταστροφὴν
1305 2195 1570 2261 ἐγένοντο,
1607 2197 1783 2266 πολλῷ

257 2278 467 2348 ὕστερον
485 2281 674 2334 τούτων
700 2284 979 2351 φαίνονται
1014 2286 1334 2355 ἀφικόμενοι
1364 2289 1456 2341 ἐπὶ
1493 2290 1584 2341 τὸν
1606 2290 1783 2361 χῶρον

248 2371 438 2425 τοῦτον.
480 2373 771 2443 Ῥαινέριος
822 2375 879 2429 δὲ
927 2378 1020 2429 καὶ
1068 2378 1246 2446 πολλῷ
1297 2380 1377 2432 ἔτι
1432 2380 1625 2451 νέηλυς
1683 2382 1779 2450 ὦν,

248 2464 525 2532 ἐπιγαμίαν
548 2484 601 2519 τε
633 2467 769 2535 πρὸς
795 2468 921 2530 τοὺς
954 2469 1009 2521 ἐν
1028 2472 1092 2539 τῇ
1124 2469 1323 2541 Εὐϐοίᾳ
1346 2471 1600 2539 Λιγύρων
1628 2491 1785 2543 ποιη-

218 2560 227 2567 ’
254 2558 487 2625 σάμενος,
520 2561 607 2612 καὶ
636 2560 928 2628 Προθυμοῦ
961 2579 1104 2624 τινος
1135 2563 1415 2634 θυγατέρα
1467 2564 1663 2635 ἔγημε,
1690 2568 1784 2620 καὶ

251 2651 341 2717 τήν
384 2668 438 2703 τε
469 2653 637 2720 χώραν
665 2654 981 2722 κατασχὼν,
1017 2655 1279 2723 Κόρινθόν
1326 2673 1386 2708 τε
1427 2658 1779 2726 ἐχειρώσατο,

246 2739 333 2789 καὶ
360 2737 447 2808 τὴν
479 2741 885 2813 Πελοπόννησον
912 2744 1125 2796 ἐπενόει
1150 2745 1231 2797 ὅτι
1264 2746 1493 2815 τάχιστα
1525 2747 1614 2814 ὑφ’
1637 2748 1785 2818 αὑτῷ

242 2831 566 2899 τοιήσασθαι.
598 2835 869 2905 ’Ὕστερον
903 2838 1087 2905 μέντοι
1136 2838 1464 2906 ἀφικομένου
1522 2840 1615 2890 τοῦ
1662 2840 1784 2891 Έλ-

242 2924 393 2990 λὴνων
437 2926 703 2995 βασιλέως
761 2927 1020 2995 ἀδελφοῦ,
1079 2929 1383 2998 ἐπιγαμίαν
1425 2929 1562 2999 πρὸς
1595 2930 1795 2995 τοῦτον

242 3018 519 3088 ἐπεποίητο,
558 3023 656 3075 καὶ
707 3021 984 3091 θυγατέρα
1021 3021 1296 3091 ἡρμόσατο
1332 3023 1507 3091 τούτῳ
1554 3024 1630 3091 τῷ
1656 3026 1786 3090 ἡγε-

1897 534 1947 583 in
1973 534 2377 599 expeditionem
2418 535 2555 585 hanc
2601 534 2740 602 (erat
2776 535 2921 586 enim
2968 544 3123 587 ortus
3146 550 3207 586 ex
3244 532 3446 587 familia

1894 626 2218 679 Azeolorum
2274 626 2386 678 sive
2436 624 2889 694 Arciojolorum),
2930 625 3161 679 Atticam
3218 637 3269 679 et
3300 626 3455 679 Βαιθ-

1897 718 2045 779 tiam.
2084 729 2140 771 ut
2174 728 2298 771 ante
2322 719 2448 779 dixi,
2486 718 2537 770 in
2569 718 2829 771 ditiOnem
2871 718 3100 785 accepit.
3125 716 3328 771 Nactus
3368 731 3451 772 est

1892 820 1947 861 et
1973 811 2334 864 Dhoceusium
2358 811 2595 877 regionis
2618 811 2891 878 pleraque.
2931 810 3156 880 Ligures
3186 810 3446 863 Euboiam

1894 900 2070 967 longis
2103 901 2439 968 temporibus
2479 911 2627 955 retro
2656 912 2912 970 ceperant
2943 903 3072 969 :qui
3096 903 3456 971 permiserunt

1892 990 2137 1057 Venetis,
2170 993 2334 1046 certis
2366 979 2771 1047 conditionibus
2817 1006 2873 1047 et
2917 995 3087 1063 pactis
3119 995 3172 1047 in
3220 995 3450 1049 insulam

1891 1084 2206 1138 ascendere.
2261 1084 2506 1138 Posthac
2540 1085 2797 1152 paulatim
2836 1085 3133 1155 progressi,
3190 1084 3451 1139 Enboiam

1891 1160 2199 1231 universam
2238 1184 2593 1244 occuparunt.
2623 1191 2745 1230 cum
2775 1176 3215 1232 intercessissent
3241 1176 3456 1231 discor-

1889 1269 1990 1322 dia:
2023 1269 2165 1322 inter
2198 1267 2432 1322 Venetos
2458 1279 2513 1322 et
2547 1269 2773 1338 Ligures
2802 1268 2937 1338 (21).
2975 1268 3264 1339 Regionem
3292 1269 3450 1322 istam

1887 1370 1940 1413 et
1980 1359 2244 1423 redditus.
2289 1360 2414 1429 quia
2452 1361 2755 1429 placebant,
2812 1359 3001 1415 Veneti
3041 1360 3217 1415 adhuc
3254 1360 3453 1414 habent

1887 1454 2295 1507 conditionibus
2324 1463 2374 1507 et
2404 1456 2580 1523 pactis
2618 1455 2835 1515 iisdem.
2890 1454 3091 1523 quibus
3125 1454 3180 1508 in
3212 1471 3329 1508 eam
3363 1455 3449 1508 in-

1887 1545 2058 1598 sulam
2095 1554 2497 1611 pervenerunt;
2532 1562 2654 1613 qua:
2691 1546 2914 1614 quidem
2958 1546 3098 1600 bona
3132 1545 3235 1599 fide
3266 1546 3452 1600 colue-

1886 1643 2035 1688 runt.
2088 1633 2440 1697 lihainerlus,
2502 1636 2761 1691 Celtiberi
2846 1637 3118 1705 Gallique.
3185 1646 3453 1706 quotquot

1888 1726 2027 1780 bello
2053 1725 2270 1782 Graecos
2319 1727 2681 1790 lacessebant.
2717 1730 2885 1797 longo
2932 1740 3178 1799 tempore
3226 1730 3443 1785 demum

1889 1829 2009 1889 post
2041 1821 2269 1875 Venetos
2304 1829 2357 1875 et
2391 1821 2621 1891 Ligures
2672 1823 2725 1875 in
2774 1823 2934 1877 istam
2968 1824 3247 1892 regionem
3274 1840 3446 1891 appu-

1884 1915 2012 1969 lisse
2052 1915 2329 1969 videntur.
2384 1913 2715 1968 Rhainerius
2776 1930 3000 1984 quoque
3035 1916 3189 1984 ιιι
3241 1918 3449 1969 advena

1883 2006 2175 2069 exsistcns,
2207 2005 2467 2060 alliuitate
2494 2008 2684 2074 juncta
2712 2022 2832 2060 cum
2870 2005 3158 2075 Liguribus
3184 2008 3309 2076 quia
3345 2008 3457 2061 Eu-

1884 2098 2059 2151 boiam
2123 2099 2402 2162 tenebant,
2463 2097 2739 2170 Prothymi
2776 2098 2890 2165 (22)
2944 2100 3226 2169 cujusdam
3288 2100 3453 2153 tiliam

1884 2205 2107 2244 uxorem
2139 2191 2243 2245 sibi
2271 2191 2585 2245 associavit.
2638 2192 2780 2245 llinc
2835 2191 3113 2260 regionem
3143 2207 3262 2246 eam
3297 2207 3459 2245 occu-

1886 2298 2052 2352 pans,
2105 2283 2271 2335 etiam
2331 2281 2659 2337 Corinthum
2717 2282 2953 2350 subegit.
3010 2281 3452 2351 Peloponnesum

1888 2390 2109 2444 quoque
2153 2374 2429 2443 subjicere
2473 2375 2658 2428 animo
2702 2374 2966 2443 agitabat.
3003 2373 3195 2428 l'ostea
3234 2388 3358 2426 cum
3391 2374 3457 2426 ad

1886 2469 2066 2537 ipsum
2099 2469 2313 2521 veniret
2347 2470 2516 2522 frater
2560 2467 2874 2523 Graecorum
2926 2467 3070 2536 regis
3110 2466 3456 2525 Theodorus.

1886 2558 2032 2611 inter
2073 2572 2131 2610 se
2176 2558 2495 2611 afﬁnitatem
2547 2556 2997 2621 fecerunt;.nam
3046 2571 3269 2611 uxorem
3310 2556 3461 2611 dedit

1886 2648 2178 2705 Theodoro
2214 2650 2337 2705 duci
2396 2651 2560 2704 filiam
2588 2666 2766 2710 suam.
2797 2666 2919 2718 quae
2964 2649 3152 2703 forma
3190 2650 3456 2719 elegantia

1885 2757 2076 2798 omnes
2110 2742 2501 2809 antecedebat;
2550 2743 3007 2811 Corintbuinque,
3053 2743 3147 2797 ubi
3208 2751 3459 2796 mortuus

1887 2844 2057 2909 esset,
2104 2835 2155 2889 ei
2198 2836 2489 2889 concessit.
2562 2834 2896 2890 Promiserat
2927 2836 3071 2889 enim
3104 2834 3456 2899 Rbainerius,

1890 2935 1949 2979 ut
1977 2926 2122 2980 dotis
2156 2928 2398 2989 nomine,
2434 2928 2525 2982 ubi
2571 2928 2805 2993 primum
2862 2928 2980 2997 ipse
3016 2928 3311 2984 defunctus
3339 2928 3458 2982 fue—

1891 3019 1979 3081 rit.
2012 3019 2337 3074 Corinthum
2372 3020 2624 3085 accipiat.
2664 3018 2853 3074 Filiam
2902 3036 3057 3074 suam
3099 3022 3324 3074 alteram
3360 3020 3461 3073 tle-

242 3112 347 3177 μένι
371 3112 653 3183 Θεοδώρῳ,
711 3114 921 3175 κάλλει,
955 3113 1030 3176 ὡς
1088 3112 1248 3183 ἔφην,
1282 3114 1471 3166 πασῶν
1514 3115 1623 3166 τῶν
1663 3114 1783 3166 τότε

1892 3110 2116 3177 spondit
2161 3108 2361 3163 Carolo
2390 3110 2715 3163 Acarnania:
2738 3121 2789 3163 et
2816 3109 3031 3164 Aitoliae
3067 3110 3295 3179 principi
3320 3109 3457 3177 (25).

241 3202 599 3273 διαφέρουσαν,
656 3206 752 3259 καὶ
815 3208 916 3275 τήν
960 3225 1020 3260 τε
1049 3208 1312 3276 Κόρινθον
1367 3208 1459 3259 ἐπὶ
1494 3209 1558 3277 τῇ
1593 3207 1786 3259 ἑαυτοῦ

239 3297 432 3366 τελευτῇ
459 3300 783 3354 κατέλιπεν.
830 3299 1129 3369 ’Υπέσχετο
1164 3300 1271 3369 γὰρ
1312 3299 1472 3351 ὁπότε
1508 3298 1658 3367 αὐτῷ
1689 3299 1786 3368 τὴν

239 3386 487 3459 Θνγατέρα
515 3391 807 3460 ἡρμόσατο
839 3392 895 3453 ἐς
913 3391 1116 3463 φερνὴν
1146 3390 1297 3460 αὑτῴ
1317 3390 1515 3461 ταύτῃ,
1563 3392 1787 3444 ἐπειδὰν

237 3479 536 3552 τελευτήσῃ·
584 3485 867 3553 ἡρμόσατο
895 3484 951 3536 δὲ
974 3485 1069 3538 καὶ
1092 3484 1286 3555 ἑτέραν
1308 3483 1471 3537 αὑτοῦ
1510 3484 1785 3552 θυγατέρα

240 3571 477 3645 Καρούλῳ
503 3576 590 3645 τῷ
627 3576 990 3646 Ἀκαρνανίας
1016 3594 1075 3629 τε
1102 3579 1201 3630 καὶ
1228 3576 1499 3638 Αἰτωλίας
1531 3576 1783 3645 ἡγεμόνι.

238 3664 389 3730 Οὗτος
416 3667 550 3739 γὰρ,
586 3667 658 3730 ὡς
709 3670 757 3720 οἱ
785 3668 882 3737 τῆς
906 3668 1088 3738 χώρας
1119 3671 1324 3740 ταύτης
1357 3670 1616 3738 ἄρχοντες
1651 3667 1785 3737 πρό-

236 3775 372 3827 τερον
419 3761 796 3830 προσήκοντές
846 3778 906 3814 τε
958 3758 1097 3832 ἦσαν
1145 3762 1238 3816 τοῦ
1300 3762 1659 3832 Παρθενόπης
1686 3763 1786 3828 τῆς

235 3850 539 3918 Νεαπόλεως
597 3855 936 3924 καλουμένης
985 3854 1275 3924 βασιλέωςο
1315 3855 1412 3906 καὶ
1458 3855 1533 3917 ὡς
1581 3854 1684 3906 ὑπό
1723 3871 1781 3906 τε

236 3944 331 3993 τῶν
368 3946 667 4015 περιοίκων
712 3944 807 3997 καὶ
844 3946 949 3997 τῶν
976 3945 1147 4018 ταύτῃ
1205 3945 1375 3997 ἐθνῶν
1406 3945 1782 4014 ἀπηλαύνοντο

238 4036 290 4087 ἐκ
316 4036 407 4105 τῆς
420 4038 607 4108 χώρας
624 4037 882 4108 ἄρχοντος
905 4037 1374 4104 ἀπαλλαττόμενοι
1400 4037 1490 4091 ἐπὶ
1529 4037 1779 4101 Ἰταλίας,

236 4126 564 4199 Κεφαλληνία
595 4130 651 4182 δὲ
683 4129 779 4182 καὶ
828 4128 1123 4193 Ζάκυνθος,
1156 4130 1251 4181 καὶ
1276 4131 1329 4183 αἱ
1384 4129 1659 4200 Ἐχινάδες
1689 4129 1783 4197 νῆ-

236 4234 331 4284 σοι,
362 4223 471 4276 ὅσαι
501 4222 683 4292 ταύτῃ
711 4222 994 4291 ᾡκημέναι
1025 4220 1339 4291 ἐτῦγχανον,
1375 4223 1432 4285 ἐς
1457 4223 1668 4275 τουτονὶ
1696 4221 1786 4276 τὸν

237 4314 435 4378 βασιλέα
479 4316 903 4385 τετραμμέναι,
936 4313 1220 4383 ἁρμοστήν
1252 4331 1312 4366 τε
1357 4314 1624 4384 ἐδέχοντο,
1690 4314 1786 4367 καὶ

234 4405 447 4479 ἄρχοντα
483 4411 585 4465 τοῦ
629 4409 896 4479 βασιλέως
935 4407 1308 4476 Παρθενόπης.
1355 4408 1639 4475 Ἀφίκοντυ
1683 4408 1783 4476 μέν

1886 3199 2061 3253 Duces
2094 3202 2332 3268 regionis
2365 3201 2513 3253 illius
2539 3201 2750 3269 priores
2785 3203 3129 3269 pertinebant
3167 3201 3234 3256 ad
3270 3216 3454 3271 regem

1886 3294 2283 3365 Parthenopes.
2330 3311 2453 3365 qua:
2508 3311 2654 3348 nunc
2692 3292 2942 3363 Neapolis
2980 3302 3225 3347 vocatur.
3260 3292 3393 3347 Cum
3428 3309 3456 3345 a

1887 3387 2140 3441 finitimis
2168 3398 2225 3442 et
2251 3388 2449 3442 vicinis
2479 3390 2735 3456 gentibus
2775 3387 3191 3453 expellerentur
3218 3386 3333 3439 suis
3381 3402 3462 3439 se-

1886 3481 2072 3543 dibus.
2108 3483 2245 3535 duce
2294 3480 2587 3540 destitutae.
2639 3480 3016 3549 Cephallenia,
3084 3479 3382 3533 Zacinthus
3405 3486 3462 3531 et

1888 3574 2196 3629 Echinades
2228 3574 2440 3637 insulee,
2464 3572 2530 3627 ad
2567 3572 2729 3627 istum
2763 3587 2943 3641 regem
2983 3587 3284 3633 conversae,
3318 3587 3460 3639 prte-

1886 3669 2089 3724 fectum
2135 3677 2188 3723 et
2240 3668 2543 3737 principem
2567 3667 2635 3720 ab
2675 3681 2743 3719 eo
2797 3675 3147 3731 acceperunt.
3188 3664 3460 3718 Veneram

1883 3761 1995 3831 jam
2026 3760 2153 3814 olim
2184 3769 2241 3815 et
2292 3760 2387 3812 alii
2434 3758 2674 3827 praefecti
2724 3767 2778 3811 et
2830 3759 3110 3827 principes
3154 3758 3207 3810 in
3244 3757 3455 3810 insulas

1894 3855 2054 3909 istas.
2089 3851 2162 3907 lbi
2198 3863 2311 3907 tum
2342 3852 2572 3907 Carolus
2602 3852 2691 3905 ille
2722 3850 2788 3906 de
2830 3850 3037 3905 familia
3063 3850 3333 3904 Toeorum
3365 3851 3461 3903 ha-

1894 3945 2010 3999 buit
2050 3961 2233 4000 secum
2282 3945 2429 3999 viros
2476 3953 2734 4013 spectata:
2770 3943 3013 4005 virtutis,
3047 3941 3293 3995 Rhesum
3324 3930 3459 4009 (ΞΖ),

1895 4038 2112 4093 Gidium
2147 4038 2261 4091 sive
2289 4036 2616 4099 Guidonem,
2657 4034 3050 4105 Myleiaresem.
3096 4033 3159 4086 Et
3195 4048 3317 4087 cum
3352 4033 3456 4085 Ce-

1894 4127 2181 4201 phallenia:
2212 4143 2396 4182 moras
2437 4128 2737 4191 traherent,
2768 4127 3009 4179 animum
3039 4128 3091 4178 in
3130 4124 3342 4193 Epirum
3378 4127 3460 4177 in-

1894 4221 2217 4283 tenderunt;
2274 4218 2661 4287 adjunctisque
2688 4216 2949 4285 Epirotis,
2988 4216 3262 4283 regionem
3294 4231 3458 4284 quam

1893 4314 2165 4370 habebant
2193 4312 2517 4380 subjectam,
2542 4310 2594 4363 in
2623 4310 2888 4363 ditionem
2924 4319 3287 4377 acceperunt;
3327 4324 3461 4376 pan-

1890 4407 2155 4475 latimque
2185 4407 2351 4459 etiam
2382 4403 2693 4457 Acarnania
2726 4403 2780 4456 in
2808 4402 3073 4457 ditionem
3104 4402 3274 4455 venit.

232 4501 285 4569 δὴ
307 4506 392 4559 καὶ
426 4507 582 4560 ἄλλοι
616 4505 851 4575 πρόσθεν
871 4504 1141 4575 ἁρμοσταὶ
1183 4503 1264 4564 είς
1291 4500 1390 4566 τὰς
1420 4503 1622 4571 νήσους
1650 4499 1878 4568 ταύτας,
1947 4504 2006 4554 ἐν
2069 4502 2126 4554 δὲ
2175 4501 2238 4569 δὴ
2286 4498 2381 4552 καὶ
2456 4496 2737 4566 Κάρουλος
2782 4496 3018 4556 οὑτοσὶν,
3054 4496 3081 4547 ὁ
3123 4495 3225 4562 τῆς
3286 4493 3462 4553 οἰκίας

233 4598 397 4654 Τόκων
419 4599 794 4669 καλούμενος,
824 4596 961 4667 ἔχων
992 4596 1243 4665 ἑταίρους
1295 4593 1413 4665 μεθ’
1440 4595 1638 4647 ἐαυτοῦ
1680 4595 1878 4664 ἄνδρας
1904 4594 2168 4660 ἀγαθοὺς,
2224 4593 2316 4647 τόν
2349 4608 2410 4644 τε
2483 4591 2710 4656 Ῥῶσον,
2761 4589 2852 4641 καὶ
2902 4588 3115 4653 Γυῖδον,
3173 4587 3269 4641 καὶ
3344 4587 3462 4639 Μυ-

232 4694 526 4765 λεῑειρισην.
565 4696 674 4749 Καὶ
702 4694 776 4757 ὡς
812 4694 869 4746 ἐν
898 4695 964 4763 τῇ
997 4689 1346 4760 Κεφαλληνίᾳ
1380 4688 1771 4760 διατρίϐοντες,
1812 4689 2117 4759 προσέσχον
2178 4704 2238 4742 τε
2284 4688 2348 4758 τῇ
2374 4682 2670 4754 Ἦπείρῳ,’
2698 4681 3055 4751 ἐπαγομένων
3122 4680 3231 4734 τῶν
3274 4680 3466 4735 Ἤπει-

236 4790 425 4856 ρωτῶν,
452 4790 560 4858 τήν
590 4803 649 4839 τε
685 4785 869 4855 χώραν
923 4781 1223 4849 ἐκτήσαντο
1271 4781 1453 4848 σφίσιν
1497 4781 1739 4850 ὑπήκοον
1762 4795 1777 4810 ο
1820 4780 2084 4833 καὶκατὰ
2115 4777 2287 4849 βραχὺ
2308 4777 2409 4847 τήν
2430 4794 2490 4828 τε
2519 4775 2898 4844 ’Δκαρνανίαν.

304 4882 549 4935 Ἀλϐανοὶ
608 4880 664 4933 δὲ
694 4879 1015 4949 ὡρμημένοι
1049 4878 1157 4932 ἀπὸ
1209 4876 1567 4945 Ἐπιδάμνου,
1595 4877 1691 4928 καὶ
1730 4872 1786 4925 ab

1969 4873 2165 4927 Albani
2204 4880 2425 4925 ruentes
2487 4868 2555 4923 ab
2600 4868 2923 4936 Epidamno,
2978 4873 3032 4920 et
3079 4866 3147 4920 ad
3196 4866 3461 4921 orientem

232 4975 359 5044 «92,;
388 4976 461 5028 ἐω
499 4972 805 5042 βαδίζοντες
826 4969 1122 5023 Θετταλίαν
1153 4986 1212 5021 τε
1244 4969 1593 5038 ὑπηγάγοντο
1614 4964 1788 5032 σφίσι,

236 5071 319 5120 καὶ
362 5070 457 5138 τῆς
504 5065 797 5137 μεσογαίου
839 5063 1178 5125 Μακεδονίας
1212 5062 1279 5114 τὰ
1328 5061 1495 5125 πλέω,
1531 5058 1792 5129 Ἀργυρο-

234 5148 481 5234 πολῖχνην
519 5179 619 5225 τε,
654 5161 750 5214 καὶ
797 5158 1133 5228 Καστορίαν.
1189 5156 1535 5223 ’Δφικόμενοι
1594 5153 1651 5204 δὲ
1702 5154 1793 5204 ἐπὶ

234 5255 544 5321 Θετταλίαν,
567 5256 669 5325 τήν
691 5271 753 5306 τε
777 5253 962 5324 χώραν
1009 5252 1193 5320 σφίσιν
1216 5250 1525 5320 ὑποχείριον
1564 5246 1797 5315 ποιησά-

236 5365 396 5415 μενοι,
417 5351 514 5404 καὶ
555 5350 653 5412 τὰς
683 5347 870 5411 πόλεις
898 5344 1315 5413 ἐπιδιελόμενοι,
1342 5342 1485 5396 κατὰ
1508 5342 1647 5406 σφᾶς
1673 5338 1793 5391 ἐνέ-

1900 4976 2279 5037 properantes,
2330 4962 2693 5023 Thessaliam,
2746 4970 2802 5015 et
2857 4959 3261 5014 Mediterrauea:
3289 4957 3466 5011 Macc-

1901 5058 2079 5113 donite
2125 5057 2401 5125 pleraque,
2460 5052 2989 5123 Argyropolichnam
3049 5057 3103 5103 et
3157 5049 3459 5102 Castoriam

1899 5148 2149 5206 dominio
2198 5162 2297 5201 suo
2356 5144 2706 5199 addiderunt.
2754 5142 3120 5196 Advenientes
3169 5140 3365 5193 deinde
3408 5141 3461 5192 in

1901 5241 2268 5303 Thessaliam.
2302 5242 2466 5295 urbes
2498 5240 2638 5293 inter
2675 5252 2733 5290 se
2756 5245 2885 5291 sunt
2916 5232 3123 5303 partiti.
3158 5232 3464 5301 regionem-

1900 5352 2030 5407 que.
2056 5344 2115 5390 ut
2144 5335 2234 5404 qui
2263 5343 2512 5404 pastores
2547 5338 2754 5394 essent,
2804 5342 2905 5380 nec
2956 5326 3067 5380 ullo
3096 5326 3147 5379 in
3174 5324 3292 5379 loco
3326 5326 3461 5377 lixas

1490 5486 1738 5546 Nolulm
1771 5480 2175 5557 marginales.

299 5632 411 5697 (2|)
450 5632 585 5685 Ann.
622 5633 781 5686 1501.

234 5714 243 5733 ¹
300 5704 412 5763 122)
449 5702 677 5771 Philippi
710 5705 776 5757 de
816 5703 962 5757 Oria.
1006 5704 1157 5757 HSI.

296 5776 407 5842 (25)
448 5774 489 5827 E
514 5774 716 5829 familia
753 5774 1080 5829 Tochiorum
1117 5775 1230 5829 sive
1262 5773 1555 5843 Topiorum
1624 5774 1789 5827 Bene-

1898 5635 2353 5763 veii‘zliimiacnbus
2389 5692 2451 5748 de
2480 5682 3010 5757 Rczza,fDoniitiicus
3035 5682 3233 5747 Gilins,
3256 5682 3467 5737 Gntfri-

1895 5758 1993 5824 dus
2021 5758 2151 5823 Mili.
