4010 6208
488 328 590 397 911

1584 328 1893 389 LAONiCI
1928 327 2587 390 CHALCWZONDYL/E

3617 317 3723 379 212

480 446 639 501 sedes
688 445 973 507 baberent,
1011 443 1465 513 depascebantur.
1529 440 1821 509 Postquam
1851 451 2033 493 autem

2165 455 2301 490 ιοντο
2330 438 2429 509 τὴν
2464 436 2675 508 χώραν.
2711 436 2958 507 Νομάδες
2980 454 3040 490 τε
3068 435 3241 497 ὄντες,
3286 433 3376 485 καὶ
3399 428 3613 497 οὐδαμῆ
3642 431 3723 481 ἔτι

482 542 535 594 in
566 538 930 592 Acarnaniam
968 550 1281 605 pervenere,
1329 534 1654 587 Acarnania:
1697 532 1944 602 principe
1988 532 2041 585 id

482 630 865 701 permittente,
897 627 1059 682 etiam
1108 641 1227 679 eam
1286 624 1559 695 regionem
1617 622 1906 692 pecoribus
1952 623 2046 675 de-

482 720 809 791 poscendam
841 717 1117 787 obiecere.
1162 716 1360 771 Postea
1394 716 1653 771 convenit
1702 716 1845 769 inter
1870 716 2043 784 ipsos,

483 811 794 868 utinsidias
832 810 1122 866 tenderent
1159 809 1387 871 Graecis,
1435 819 1709 877 utcunque
1742 817 1919 861 tamen
1955 822 2045 861 res

481 904 793 959 cecidisset.
826 902 894 956 Et
937 917 1072 958 sane
1102 900 1227 957 duci
1270 900 1455 956 lsaaco
1487 900 1623 970 (25),
1662 899 1754 969 qui
1790 906 2045 953 venatum

482 997 765 1069 profectus
800 1003 941 1057 erat,
988 994 1185 1049 Albani
1231 994 1513 1049 venientes
1554 992 1785 1047 insidias
1825 998 2048 1046 struunt

481 1093 619 1146 duce
659 1088 825 1159 Spata
854 1086 991 1160 (26).
1032 1086 1137 1153 Qui
1170 1101 1293 1141 cum
1336 1085 1477 1141 foret
1507 1085 1591 1138 vir
1617 1085 1866 1155 impiger,
1898 1093 1951 1137 et
1979 1082 2047 1137 ad

488 1188 670 1242 omnia
713 1186 916 1251 audax,
952 1184 1251 1254 plurimum
1280 1183 1397 1239 suis
1438 1198 1503 1238 eo
1538 1191 1783 1252 tempore
1818 1180 2048 1235 audacia

482 1286 537 1333 rt
590 1277 911 1333 fortitudine
966 1276 1195 1347 profuit.
1261 1275 1462 1332 Ducem
1523 1273 1792 1330 lsaacium
1834 1290 1899 1329 eo
1943 1273 2049 1328 loci

482 1372 866 1428 confecerunt.
910 1370 1048 1426 lliuc
1094 1370 1360 1442 continuo
1393 1369 1764 1425 incursionem
1796 1368 1849 1421 in
1874 1368 2053 1438 regio-

487 1481 607 1519 nem
641 1465 762 1534 ejus
792 1464 1077 1530 iacientes,
1124 1478 1243 1519 eam
1275 1462 1562 1533 subegere,
1596 1462 1852 1530 virosque
1877 1476 2049 1532 quos-

485 1572 701 1628 cunque
755 1557 811 1613 in
864 1556 1010 1626 agris
1064 1554 1565 1625 deprehenderunt,
1619 1568 1813 1624 cepere
1874 1553 2049 1607 vivos.

486 1652 682 1706 Postea
760 1651 1082 1706 obsidentes
1135 1652 1307 1703 Arten
1377 1651 1520 1719 (quae
1575 1634 1703 1703 olim
1737 1647 2050 1714 Ambracia)

2150 530 2363 599 βέϐαιον
2417 531 2568 600 σφῶν
2616 531 2793 585 αὐτῶν
2818 531 2916 602 τὴν
2943 530 3158 600 οἴκησιν
3187 525 3522 594 ποιούμενοι.
3573 524 3728 576 Ἐπεὶ

2148 622 2204 675 δὲ
2228 623 2321 675 κα).
2360 624 2415 685 ἐς
2459 624 2822 693 Ἀκαρνανίαν
2849 625 3199 692 ἀφικόμενοι,
3251 618 3447 687 γνώμη
3478 614 3574 667 τοῦ
3600 617 3727 682 ἠγε-

2152 716 2311 785 μόνος
2346 717 2723 785 Ἀκαρνανίας,
2756 718 3045 785 ἐφιέμενον
3094 718 3141 747 ³⁸³
3174 713 3356 773 αὐτοῖς
3386 710 3487 777 τῆς
3519 707 3726 777 χώρας,

2150 807 2411 877 ἐνέμοντό
2442 826 2499 861 τε
2547 811 2702 878 τήνδε
2730 810 2828 880 τὴν
2866 810 3071 879 χώραν.
3106 808 3259 861 Μετὰ
3292 806 3345 857 δὲ
3378 804 3552 854 ταῦτα
3584 801 3730 853 συνί-

2151 918 2345 954 σταντο
2396 901 2666 970 ἀλλήλοις,
2720 903 2794 965 ὡς
2836 905 2946 965 τοῖς
3001 902 3266 969 Ἕλλησιν
3313 897 3725 964 ἐπιθησόμενοι,

2148 996 2296 1056 ὅπως
2320 994 2387 1048 ἂν
2421 996 2604 1057 αὐτοῖς
2630 998 2939 1064 προχωροίη
2965 1011 2979 1025 ’
3014 994 3108 1046 καὶ
3142 994 3341 1061 δήποτε
3394 990 3489 1042 τοῦ
3526 990 3731 1058 ἡγεμό-

2152 1107 2259 1155 νος,
2301 1088 2568 1151 Ἰσαάκιος
2601 1089 2645 1139 δ’
2674 1084 2741 1158 ἧν
2768 1086 3025 1152 τοῦνομα,
3077 1086 3169 1137 ἐπὶ
3216 1085 3391 1153 ἄγραν
3439 1082 3731 1150 φοιτῶντος

2152 1183 2576 1251 ἀφικνουμένου,
2610 1180 2868 1232 ἐπέθεντό
2913 1196 2969 1231 τε
2997 1178 3142 1247 αὐτῷ
3174 1178 3223 1230 οἱ
3268 1175 3535 1235 Ἀλϐανοὶ,
3568 1175 3731 1242 ἡγου-

2155 1278 2316 1345 μένου
2350 1273 2517 1327 αὐτοῦ
2548 1275 2561 1305 ί
2596 1275 2807 1337 Eadm,
2855 1272 3048 1341 ἀνδρὸς
3096 1270 3274 1341 ὁρμὴν
3298 1287 3355 1321 τε
3403 1267 3495 1319 καὶ
3519 1268 3732 1333 τόλμαν

2152 1368 2600 1436 ἐπιδεικνυμένου
2640 1367 2826 1435 σφίσιν
2856 1367 2914 1418 ἐν
2945 1365 3021 1432 τῷ
3065 1365 3189 1417 τότε
3219 1361 3474 1428 παρόντι,
3514 1359 3727 1426 Educe-

2156 1477 2247 1532 ρον
2274 1462 2327 1523 ἐς
2372 1461 2439 1512 τὰ
2486 1462 2731 1528 παρόντα
2764 1461 2968 1522 αὐτοῖς,
3016 1459 3111 1512 καὶ
3159 1457 3259 1510 οὐκ
3291 1456 3571 1524 ἀδόκιμον.
3626 1452 3734 1504 Καὶ

2153 1555 2245 1605 τδν
2279 1554 2379 1619 μὲν
2410 1554 2656 1623 ἡγεμόνα
2694 1552 2858 1605 αὑτοῦ
2910 1551 3086 1623 ταύτῃ
3119 1549 3333 1603 ἀνεῖλον
3354 1564 3368 1579 ·
3402 1546 3499 1617 τὴν
3545 1545 3602 1598 δὲ
3630 1544 3735 1614 χώ-

2158 1663 2254 1715 ραν
2281 1646 2475 1697 αὐτίκα
2500 1645 2894 1706 ὑπελαύνοντες
2927 1643 3189 1711 κατέσχον
3239 1657 3300 1692 τε
3335 1641 3433 1691 καὶ
3481 1636 3736 1705 ἐζώγρη-

485 1743 812 1799 Acarnania:
899 1744 1111 1805 urbem,
1180 1742 1325 1796 haud
1385 1751 1675 1797 cessarunt
1734 1741 2051 1812 priusquam

2165 1756 2257 1790 σαν
2283 1739 2409 1801 τοὺς
2428 1739 2483 1789 ὲν
2505 1740 2619 1800 τοῖς
2650 1739 2842 1804 ἀγροῖς
2876 1735 3372 1804 συλλαμϐάνοντες,
3476 1731 3544 1785 ἂν
3572 1747 3734 1799 περι-

488 1851 606 1890 eam
637 1842 1022 1905 occupassent.
1045 1833 1200 1889 Hauc
1243 1834 1521 1905 regionem
1546 1834 1882 1904 subigentes,
1909 1832 2051 1886 haud

488 1927 835 1981 abstinebant
866 1925 935 1982 ab
962 1926 1383 1982 occidentalium
1423 1927 1665 1996 regione,
1704 1941 1866 1997 quam
1899 1926 2055 1994 112

489 2019 643 2074 miris
684 2018 862 2073 modis
902 2018 1250 2083 evastabant,
1293 2034 1578 2087 nunquam
1630 2019 1797 2089 quieti
1847 2034 1906 2073 se
1941 2027 2057 2071 tra-

489 2111 702 2166 dentes.
754 2112 852 2166 His
890 2112 1023 2166 moti
1071 2113 1345 2182 principes
1396 2111 1763 2182 Neapolitani,
1801 2111 1871 2165 ah
1916 2110 2055 2165 Coro

488 2218 615 2274 cyra
645 2203 820 2257 insula
856 2201 968 2272 (27)
1001 2213 1286 2274 pergentes
1326 2205 1587 2274 (insulam
1629 2205 1771 2259 enim
1808 2205 1964 2260 istam
1995 2219 2059 2260 ea

491 2301 818 2363 tempestate
856 2295 1234 2365 Parthenopes
1288 2310 1444 2365 reges
1475 2295 1759 2366 tenebant)
1791 2306 1849 2351 et
1872 2299 2061 2366 cupias

491 2385 885 2441 contrahentes
921 2385 1419 2455 proliciscebautur
1448 2396 1642 2440 contra
1669 2388 2057 2453 Acarnaniam,

494 2488 553 2533 ut
591 2476 832 2532 Albanos
862 2493 929 2532 ex
970 2491 1066 2533 sua
1115 2478 1335 2546 regione
1373 2478 1756 2545 deturbarent,
1804 2487 1859 2533 et
1893 2480 2059 2533 Arten

490 2568 816 2628 Acarnania
863 2572 1055 2625 urbem
1116 2578 1330 2638 captam
1377 2579 1794 2640 recuperarent.
1826 2571 1929 2637 Qui
1963 2570 2061 2625 ad-

495 2664 799 2727 venientes,
833 2662 999 2717 Arten
1018 2662 1379 2724 obsederunt,
1414 2664 1749 2734 bellicasqne
1779 2665 2063 2720 machinas

494 2767 653 2807 muro
688 2752 1071 2818 admoverunt,
1106 2762 1165 2807 ut
1204 2755 1399 2808 urbem
1433 2755 1485 2808 vi
1526 2763 1813 2823 caperent.
1863 2755 2064 2823 Spatas

494 2846 828 2900 Albanorum
863 2846 973 2900 dux
1028 2845 1170 2899 haud
1204 2846 1349 2899 intra
1383 2847 1586 2901 tumnia
1625 2863 1685 2902 se
1717 2847 2063 2911 continebat,

498 2936 594 2990 sed
631 2944 785 2989 extra
814 2934 1007 2988 urbem
1048 2934 1413 2989 obambulans
1448 2937 1769 2990 consulebat
1813 2937 2064 3004 Albanis,

498 3040 635 3096 quos
659 3027 711 3079 in
737 3039 903 3079 unum
934 3024 1252 3094 collegerat,
1283 3034 1341 3079 ut
1359 3040 1418 3080 se
1439 3034 1688 3096 prompte
1706 3042 2066 3094 sequerentur

2160 1828 2402 1898 τύχοιεν.
2454 1827 2610 1880 Μετὰ
2641 1826 2697 1879 δὲ
2742 1825 2915 1878 ταῦτα
2964 1820 3382 1892 πολιορκοῦντές
3430 1836 3488 1871 τε
3524 1819 3735 1887 Ἀρτην

2160 1922 2260 1985 τῇς
2303 1921 2662 1990 Ἀκαρνανίας
2691 1920 2866 1982 πόλιν,
2893 1917 3331 1987 παρεστήσαντο.
3361 1914 3470 1967 Καὶ
3506 1912 3602 1979 τὴν
3630 1908 3735 1990 χῶ-

2171 2029 2273 2081 ραν
2298 2010 2501 2078 ταύτην
2525 2009 2614 2077 ὑφ’
2643 2009 2829 2070 αὐτοῖς
2854 2007 3234 2078 ποιησάμενοι,
3267 2005 3368 2075 τὴν
3393 2002 3504 2056 τῶν
3537 1986 3737 2055 Ἐσπέ-

2164 2106 2293 2175 ρίων
2318 2103 2502 2175 χώραν
2533 2102 2741 2174 ἐδῄουν.
2766 2102 2919 2154 οὐδὲν
2981 2099 3062 2153 ἔτι
3092 2102 3149 2162 ἐς
3175 2097 3406 2168 ἡσυχίαν
3424 2095 3736 2153 ἐνδιδόντες.

2161 2196 2319 2251 Μετὰ
2348 2196 2406 2249 δὲ
2470 2195 2647 2248 ταῦτα
2677 2196 2727 2246 οἱ
2767 2194 2866 2262 τῆς
2922 2193 3250 2252 Νεαπόλεως
3300 2190 3577 2259 ἄρχοντες,
3630 2185 3739 2239 ἀπὸ

2162 2288 2455 2359 Κερκύρας
2500 2288 2601 2355 τῆς
2630 2288 2796 2359 νήσου
2828 2285 3140 2355 ὁρμώμενοι
3185 2281 3349 2353 (εἶχον
3380 2282 3437 2335 δὲ
3479 2281 3604 2333 τότε
3637 2280 3738 2345 τὴν

2162 2382 2323 2450 νῆσον
2352 2381 2399 2434 ei
2430 2379 2785 2447 Παρθενόπης
2811 2378 3097 2449 βασιλεῖς),
3124 2376 3218 2430 καὶ.
3238 2373 3739 2443 παρασκευασάμεο

2161 2492 2243 2527 νοι
2278 2474 2529 2542 στρατὸν,
2568 2474 2708 2527 ῐεντο
2735 2472 2825 2524 ἐπὶ
2857 2472 2956 2539 τὴν
2998 2469 3386 2539 Ἀκαρνανίαν,
3415 2466 3489 2529 ὡς
3514 2465 3642 2527 τούς
3674 2481 3734 2516 τε

2175 2568 2468 2629 Ἀλϐανοὺς
2522 2568 2621 2636 τὴν
2668 2566 2855 2635 χώραν
2884 2564 3343 2634 ἀφαιρησόμενοι,
3398 2560 3493 2614 καὶ
3528 2560 3739 2627 Ἀρτην

2162 2662 2261 2729 τῆς
2303 2660 2663 2729 Ἀκαρνανίας
2717 2658 3226 2728 καταστρεψόμενοι
3274 2655 3553 2716 λαϐόντες.
3584 2652 3739 2721 Ἀφιο

2166 2738 2386 2824 κόμενοι
2416 2754 2473 2807 δέ
2494 2755 2553 2817 ἐς
2580 2756 2810 2824 ’Λρτην,
2843 2755 2942 2822 τήν
2973 2771 3029 2804 τε
3060 2752 3214 2805 πόλιν
3236 2751 3611 2819 ἐπολιόρκουν,
3643 2747 3735 2799 καὶ

2172 2848 2417 2918 μηχανὰς
2472 2847 2814 2916 προσέφερον
2863 2847 2941 2915 τῷ
2989 2845 3183 2915 τείχει,
3222 2844 3297 2907 ὡς
3343 2843 3661 2913 αἱρήσοντες
3689 2841 3732 2891 ⁸.

2169 2941 2387 3003 Σπάτας
2412 2939 2467 2992 δὲ
2496 2940 2524 2990 ὁ
2555 2939 2663 2991 τῶν
2693 2937 2969 2990 Ἀλϐανῶν
3019 2936 3265 3006 ἡγεμὼν,
3314 2935 3375 2987 οὐ
3430 2934 3538 3003 γὰρ
3568 2930 3735 3003 εἰσῄει

2170 3032 2226 3096 ἐς
2251 3031 2350 3103 τὴν
2381 3031 2557 3097 πόλιν,
2592 3029 2707 3084 ἀλλ’
2747 3029 2903 3089 ἐκτὸς
2926 3027 3143 3100 περιῄει
3170 3029 3269 3097 τὴν
3292 3030 3497 3098 χώραν,
3521 3027 3645 3088 τούς
3677 3040 3737 3076 τε

498 3119 565 3175 ad
606 3132 846 3188 praesens
876 3117 1203 3187 periculum.
1235 3118 1356 3183 Quo
1416 3118 1648 3189 impigre
1689 3120 1853 3181 facto,
1887 3123 2060 3191 oppri-

2186 3125 2477 3188 ’Λλϐανοὺς
2537 3124 2793 3189 συλλέξας
2827 3124 2884 3186 ἐς
2920 3123 3108 3185 ταυτὸ,
3142 3122 3234 3174 κα).
3290 3119 3737 3191 βουλευσάμενος,

502 3223 657 3267 munt
725 3211 911 3266 subito
980 3209 1240 3266 Italorum
1301 3212 1603 3265 exercitum
1672 3215 2063 3282 Oppugnationi

502 3306 800 3368 intentum,
856 3317 1001 3372 quos
1050 3302 1107 3355 in
1154 3302 1339 3374 fugam
1397 3303 1752 3372 compellunt,
1815 3305 2066 3372 plurimis

500 3398 695 3468 partim
730 3395 964 3458 necatis,
1013 3395 1212 3463 partim
1264 3396 1463 3463 captis.
1519 3395 1715 3452 Socius
1741 3405 1797 3452 et
1833 3397 2067 3453 auxilia-

503 3492 578 3545 ris
600 3490 792 3543 aderat
823 3490 878 3542 in
911 3502 977 3542 eo
1006 3487 1194 3557 praelia
1229 3486 1523 3559 Prialupas
1558 3488 1777 3544 Elatiae
1809 3490 2066 3559 princeps

500 3579 777 3633 Triballos
816 3578 1000 3635 at‘llnis
1047 3579 1231 3649 Spatze
1278 3581 1407 3636 duci
1458 3584 1626 3636 Artre.
1676 3583 1735 3636 in
1764 3582 1908 3637 hunc
1950 3596 2069 3637 mo-

501 3673 630 3723 dum
660 3670 1246 3738 Spatreifltcarnaniatu
1276 3684 1641 3741 occuparunt.
1671 3674 1865 3731 Postea
1897 3676 2068 3730 Caro-

505 3765 591 3819 lus
616 3780 742 3819 cum
772 3765 1219 3834 proﬁcisceretur
1248 3767 1317 3821 ab
1351 3767 1548 3821 insulis
1577 3783 1701 3821 cum
1736 3769 1851 3821 suis
1874 3767 2065 3831 sociis,

506 3868 723 3913 necnon
780 3859 906 3915 aliis
952 3862 1282 3930 quibusdam
1339 3862 1432 3929 qui
1486 3861 1539 3915 in
1577 3863 1897 3916 societatem
1936 3864 2065 3917 belli

505 3962 791 4016 venerant,
821 3950 1012 4008 oﬂensi
1048 3953 1383 4007 Albanorum
1437 3954 1752 4024 tyrannide,
1782 3953 2066 4024 regionem

503 4047 831 4107 Acarnaniae
863 4048 1219 4117 subegerunt.
1261 4048 1533 4102 Przeterca
1560 4050 1883 4117 eripuerunt
1908 4048 2069 4103 Elo-

507 4140 631 4192 liam
660 4139 848 4193 lzaulo
885 4137 997 4209 (εδ)
1041 4139 1250 4210 regenti
1300 4139 1715 4194 Dromasnoruiu
1781 4141 1966 4196 urbem
2018 4149 2073 4196 et

507 4231 792 4286 .Etoliam.
826 4231 1119 4301 imperium
1152 4231 1371 4287 IEtoliae
1406 4240 1569 4287 antea
1602 4248 1769 4302 penes
1801 4231 2068 4287 Thomam

505 4320 774 4392 Prialupm
836 4323 1061 4377 Triballl
1132 4324 1301 4378 lilium
1367 4324 1490 4387 fuit,
1554 4333 1608 4379 et
1667 4325 1772 4377 hoc
1823 4333 1982 4394 pacto
2014 4325 2070 4379 in

508 4413 750 4467 lzaulutu
788 4417 1057 4484 pervenit.
1099 4416 1235 4470 Cum
1276 4417 1563 4487 adjuvaret
1612 4417 1900 4486 Prialupas
1936 4417 2071 4486 Spa-

510 4515 628 4571 tau,
682 4514 738 4559 et
793 4506 1037 4561 Albanos
1096 4506 1149 4561 in
1200 4507 1346 4562 bello
1405 4507 1551 4577 quod
1580 4520 1794 4578 gestum
1831 4516 1914 4564 est
1945 4524 2071 4563 cum

511 4595 681 4657 Italis,
711 4597 885 4650 Artcn
937 4597 1279 4664 metropoiim
1309 4598 1632 4652 Acarnania:
1672 4598 2073 4665 obsidentibus,

508 4686 692 4741 evenit
724 4695 783 4740 ut
828 4687 883 4741 in
924 4703 991 4743 eo
1018 4689 1206 4755 prazlio
1235 4690 1436 4759 captivi
1481 4690 1817 4760 complures,
1849 4693 1942 4763 qui
1976 4708 2073 4762 ge-

510 4778 663 4832 neris
711 4779 966 4834 claritate
1022 4780 1367 4836 excellebant
1416 4783 1733 4847 admodum,
1782 4785 1837 4839 in
1876 4800 2072 4840 manus

511 4871 784 4927 venirent.
812 4870 959 4927 inter
1004 4873 1259 4943 captivos
1315 4875 1416 4929 hos
1461 4876 1678 4930 exstitit
1710 4886 1763 4931 ct
1792 4878 2010 4932 lzaulus
2042 4894 2073 4934 e

512 4980 674 5036 grege
734 4966 1056 5036 optimatum
1092 4984 1108 5022 :
1146 4968 1239 5039 qui
1280 4969 1606 5025 adolescens
1651 4971 1795 5039 regis
1842 4971 2075 5027 Parthe-

509 5074 684 5128 n0pes
758 5061 1204 5130 nuncupabatur.
1287 5060 1483 5117 Forma
1550 5071 1670 5118 erat
1721 5065 1956 5130 liberali,
2020 5076 2075 5121 et

512 5162 784 5218 quantum
837 5153 904 5209 ad
950 5168 1131 5210 mores
1189 5156 1401 5222 attinet,
1459 5172 1652 5226 aequus
1700 5167 1753 5212 et
1802 5160 2067 5226 placidus.

515 5241 671 5301 tlunc
698 5261 819 5301 cum
858 5244 1110 5318 plurimis
1138 5247 1263 5310 aliis
1286 5248 1562 5318 captivqu
1607 5251 1834 5308 trahens
1862 5249 2071 5305 Prialu-

2098 4469 2153 4529 D

2166 3216 2241 3279 ὡς
2274 3217 2421 3286 αὐτῷ
2483 3217 2698 3270 εἵποντο
2756 3218 2989 3285 ἑτοίμως
3051 3217 3129 3278 είς
3156 3214 3249 3268 τὸν
3291 3213 3556 3277 κίνδυνον,
3584 3213 3739 3280 ἄφνω

2168 3308 2589 3362 ἐπεισπίπτουσι
2639 3309 2716 3376 τῷ
2756 3309 2976 3362 Ἰταλῶν
3009 3307 3402 3377 στρατεύματι,
3431 3305 3458 3358 δ
3490 3305 3741 3375 ἐπολιόρο

2169 3420 2254 3455 κει
2278 3400 2376 3472 τὴν
2425 3401 2603 3465 πόλιν,
2654 3403 2753 3454 καὶ
2787 3401 3120 3473 τρεψάμενοι
3154 3403 3210 3461 ἐς
3258 3400 3458 3468 φυγὴν,
3506 3398 3740 3458 πολλοὺς

2172 3495 2270 3565 μὲν
2302 3494 2637 3565 διέφθειραν,
2689 3494 2815 3557 τοὺς
2846 3493 2902 3546 δέ
2932 3493 3153 3554 πλείους
3204 3489 3548 3561 ἐζώγρησαν.
3580 3490 3741 3541 Συνε-

2172 3587 2441 3642 πελὰϐετο
2468 3587 2525 3641 δὲ
2551 3589 2732 3649 αὐτοῖς
2756 3588 2827 3650 ἐς
2853 3587 3003 3639 τόνδε
3042 3586 3132 3638 τὸν
3172 3584 3407 3652 πόλεμον
3452 3584 3547 3636 κα).
3571 3582 3739 3653 Πριά-

2170 3680 2380 3742 λουπας
2401 3681 2429 3732 ό
2450 3680 2546 3749 τῆς
2571 3678 2837 3740 Αἰτωλίας
2864 3676 3111 3746 ἡγεμὼν,
3150 3677 3288 3747 ἀνὴρ
3312 3676 3630 3746 Τριϐαλλδς,
3681 3675 3741 3737 ὃς

2172 3772 2474 3843 ἐπιγαμίαν
2503 3772 2639 3840 πρὸς
2664 3772 2757 3823 τον
2804 3771 3045 3829 Σπάταν.
3090 3770 3191 3839 τῆς
3224 3770 3286 3822 Ἀ
3299 3786 3433 3840 ρτης
3455 3768 3728 3839 ἡγεμόνα,

2170 3866 2484 3932 ἐπεποίητο.
2519 3861 2677 3915 Οὕτω
2713 3862 2811 3931 μὲν
2837 3858 2931 3915 οὖν
2960 3861 3226 3930 κατέσχον
3270 3861 3320 3912 oi
3358 3861 3621 3913 Σπαταίοι
3644 3858 3740 3929 τὴν

2170 3958 2352 4029 χώραν
2370 3957 2468 4026 τῆς
2491 3954 2875 4025 ’Δκαρνανίας.
2905 3954 3057 4007 Μετὰ
3084 3954 3140 4006 δὲ
3180 3952 3356 4006 ταῦτα
3402 3953 3737 4022 ὡρμημένου

2170 4050 2263 4103 τοῦ
2296 4048 2577 4120 Καρούλου
2628 4048 2735 4100 ἀπὸ
2760 4046 2866 4099 τῶν
2893 4046 3072 4115 νήσων
3121 4046 3218 4099 σὺν
3242 4048 3355 4106 τοῖς
3380 4045 3617 4113 culpet;
3642 4043 3737 4095 αὑ-

2170 4143 2287 4207 τοῦ,
2324 4141 2417 4195 καί
2465 4157 2626 4195 τινων
2678 4139 2785 4193 τῶν
2818 4139 2920 4208 τῆς
2962 4137 3167 4209 χώρας.
3198 4138 3291 4191 ἅτε
3316 4139 3377 4207 δὴ
3425 4136 3740 4206 ἀχθομένων

2172 4238 2238 4306 τῇ
2263 4235 2540 4288 Ἀλϐανῶν
2572 4232 2868 4305 τυραννίδι,
2897 4232 2999 4301 τήν
3020 4249 3079 4285 τε
3112 4230 3297 4302 χώραν
3330 4230 3739 4300 κατεστρέψαν-

2171 4344 2232 4380 το
2280 4328 2376 4397 τῆς
2413 4325 2775 4395 Ἀκαρνανίας
2801 4340 2816 4356 ⁶
2852 4325 2991 4394 πρὸς
3032 4323 3091 4377 δὲ
3148 4324 3244 4377 καὶ
3292 4325 3392 4393 τὴν
3446 4322 3736 4387 Αἰτωλίαν,

2178 4420 2505 4489 ἀφελόμενοι
2563 4418 2836 4483 ἰζάουλον
2877 4419 2969 4470 τὸν
3009 4420 3131 4471 τότε
3176 4418 3581 4489 ἡγεμονεύοντα
3605 4420 3740 4488 Δρο-

2180 4510 2388 4578 μαίνων
2423 4526 2483 4563 τε
2511 4510 2612 4579 τῆς
2655 4509 2887 4573 πόλεως,
2917 4511 3015 4562 καὶ
3044 4511 3226 4579 χώρας
3254 4528 3313 4563 τε
3345 4513 3441 4579 τῆς
3471 4510 3741 4574 Αἰτωλίας

2173 4601 2295 4674 ἤδη.
2332 4603 2398 4655 Ἦ
2446 4602 2503 4655 δὲ
2548 4601 2691 4671 ἀρχὴ
2747 4602 2846 4671 τῆς
2877 4601 3149 4665 Αἰτωλίας
3195 4602 3329 4656 οὖσα
3373 4603 3433 4654 τὺ
3471 4603 3742 4672 πρότερον

2170 4692 2343 4759 Θωμᾶ
2386 4689 2477 4744 τοῦ
2524 4692 2885 4764 Πριαλούπων
2941 4692 3242 4762 Τριϐαλλοῦ
3270 4734 3284 4757 ,
3340 4693 3638 4760 περιῆλθεν
3684 4699 3742 4756 ἐς

2172 4783 2364 4838 τοῦτον
2387 4783 2452 4855 δὴ
2478 4784 2569 4837 τὸν
2614 4783 2881 4861 Ἰζᾲουλον
2908 4783 3098 4853 τρόπῳ
3141 4783 3347 4851 τοιῷδε.
3390 4783 3479 4845 Ὠς
3513 4801 3740 4836 συνεπε-

2174 4878 2370 4932 λάϐετο
2408 4881 2437 4931 ό
2469 4878 2815 4946 Πριάλουπας
2861 4877 2939 4946 τῷ
2968 4892 3027 4928 τε
3059 4875 3249 4946 Σπάτᾳ
3276 4875 3373 4928 καὶ
3417 4879 3531 4939 τοῖς
3555 4877 3742 4929 Ἀλϐα-

2172 4975 2280 5033 νοῖς
2335 4972 2392 5034 ἐς
2445 4970 2536 5023 τὸν
2593 4971 2728 5039 πρὸς
2752 4970 2987 5032 Ἰταλοὺς
3026 4970 3280 5036 πόλεμον,
3316 4968 3741 5041 πολιορκοῦντας

2183 5064 2389 5135 Ἀρτην
2429 5064 2760 5135 μητρόπολιν
2784 5064 2882 5128 τῆς
2914 5064 3275 5133 Ἀκαρνανίας
3307 5064 3511 5133 χώρας.
3567 5065 3738 5119 ἑάλω-

2182 5178 2282 5214 σαν
2316 5159 2380 5229 δὴ
2407 5162 2463 5211 ἐν
2490 5161 2553 5228 τῇ
2585 5158 2731 5227 μάχῃ
2760 5155 2934 5229 ταύτῃ
2969 5156 3118 5211 ἄλλοι
3148 5173 3207 5208 τε
3246 5156 3433 5209 πολλοὶ
3458 5158 3566 5210 τῶν
3591 5158 3739 5226 παρὰ

2180 5255 2363 5323 σφίσιν
2391 5251 2822 5320 εὐδοκιμούντων
2854 5252 2932 5321 τῷ
2965 5250 3136 5319 γένει,
3170 5250 3265 5305 καὶ
3293 5251 3359 5321 δὴ
3410 5252 3507 5305 καὶ
3541 5250 3739 5315 Ὶζάου-

1781 5386 2027 5447 Νοῐυιω
2056 5386 2463 5464 marginales.

585 5527 697 5587 (25)
737 5530 837 5591 Qui
871 5536 923 5580 rt
953 5530 1281 5585 Musacltitts.

586 5600 698 5668 (26)
726 5600 1034 5670 Spatal'ora.

579 5768 624 5801 ”
654 5767 958 5837 ἀ¹ξιέμενον,
992 5765 1052 5820 Ιί.
1089 5767 1220 5821 utin
1259 5782 1303 5819 ι.

1406 5768 1421 5798 ⁸
1467 5769 1669 5832 αὐτοῖς.
1704 5769 1791 5826 Sic
1830 5769 1987 5823 etiam
2024 5770 2089 5824 Β.

2245 5530 2623 5601 (27)7Corcyra
2665 5546 2692 5581 τι
2722 5529 3163 5601 lingeriocapta.
3193 5531 3336 5587 circa
3387 5546 3517 5585 ann.
3566 5530 3727 5589 “50.

2239 5602 2347 5669 (9.8)
2374 5600 2520 5655 inice
2559 5605 2627 5654 de
2658 5601 2877 5657 Daulus.
2902 5600 2988 5655 ΑΙ.
3020 5600 3222 5657 Iaculo.

2168 5772 2186 5802 ²
2227 5770 2550 5842 αἱρήσαντες
2590 5769 2655 5826 Ii.
2695 5781 2748 5825 ut
2781 5773 2834 5826 in
2866 5788 2913 5825 ι’.
