4010 6208
200 336 290 402 913

1275 334 1374 394 DE
1406 333 1662 394 REBUS
1692 331 2044 394 TURCICIS
2094 328 2241 388 LIB.
2283 329 2379 387 IV.

3320 317 3430 383 ΞΜ

201 447 300 510 λος,
328 442 406 510 εἷς
431 446 546 500 τῶν
592 447 832 516 ἀρίστων
881 447 1172 526 λεγόμενος
1202 448 1454 516 γενέσθαι
1486 450 1576 500 τοῦ
1611 449 1757 516 [lap-

1885 458 1956 496 tas
1992 441 2237 502 domum,
2295 448 2356 492 ut
2423 436 2759 505 mancipium
2804 433 3088 501 tractavit;
3123 447 3328 500 eosque
3372 435 3424 486 in

205 539 416 607 θενόπης
439 537 713 605 βασιλέως
746 539 984 602 νεανίας,
1031 539 1090 616 τρ
1128 540 1225 608 μὲν
1253 536 1390 602 εἶδος
1439 541 1538 592 ούκ
1569 539 1760 608 ἀηδὴς.

208 632 438 702 ἐπιεικὴς
457 631 515 683 δὲ
542 631 638 683 τὸν
658 635 862 701 τρόπον
891 632 986 686 καὶ
1008 632 1249 703 ἠσύχιος.
1276 633 1477 687 Τοῦτον
1506 634 1602 690 σὺν
1633 633 1761 687 πολ-

208 728 304 788 λοῖς
331 726 508 787 ἄλλοις
533 726 810 794 ἀγόμενος
835 728 862 778 ὁ
897 726 1246 796 [Ιριάλουπας
1276 729 1355 790 είς
1375 729 1441 779 τὰ
1464 729 1666 794 οἰκεῖα,
1687 728 1762 790 ὡς

212 818 496 888 ἀνδράποδά
517 836 578 870 τε
617 822 891 889 περιεῖπε,
937 823 1033 874 καὶ
1065 817 1210 890 εἶχεν
1242 822 1300 873 ἐν
1326 821 1568 889 φυλακῇ,
1603 823 1658 883 ἐς
1695 821 1764 875 τὰ

216 913 435 980 βασίλεια
473 912 798 980 διατρίϐων,
827 915 1077 983 κατεῖχεν
1105 913 1178 978 ὡς
1228 914 1528 984 χρημάτων
1557 915 1612 976 ἐς
1637 913 1764 974 τοὺς

218 1006 565 1074 προσήκοντας
609 1003 834 1066 ἐσαῦθις
870 1005 1275 1073 ἀποδιδόμενος,
1310 1005 1375 1074 ἢν
1407 1006 1642 1058 αίτοῐντο
1671 1003 1768 1058 αύ-

217 1096 345 1158 τούς.
363 1097 423 1147 ’11
444 1096 498 1148 δέ
514 1097 659 1166 γυνὴ
682 1095 900 1161 τούτου,
923 1095 997 1162 ὡς
1020 1097 1168 1168 ἐώρα
1185 1099 1282 1152 τὸν
1306 1097 1767 1168 νεανίαν,ἡράσθη

221 1208 269 1242 τε
288 1189 472 1243 αὑτοῦ·
511 1183 584 1260 ἦν
612 1188 721 1259 γὰρ
760 1188 855 1242 καὶ
905 1193 961 1253 ἐς
991 1189 1184 1252 ἄλλους
1229 1190 1494 1261 πρότερον
1524 1189 1769 1259 φοιτῶσα

224 1285 291 1343 εἰς
316 1282 520 1352 ἄνδρας,
555 1282 654 1333 καὶ
711 1281 1030 1343 ἀκόλαστος.
1066 1281 1440 1351 Συγγινομὲνη
1475 1283 1658 1334 τοίνυν
1690 1283 1768 1352 τῷ

229 1375 405 1446 νεανίᾳ,
435 1376 524 1427 καὶ
551 1375 955 1444 ἐπιμαινομένη
972 1373 1122 1444 αύτῷ
1154 1376 1208 1438 ἐς
1244 1375 1334 1428 τὸν
1363 1375 1564 1444 ἔρωτα,
1594 1373 1774 1426 συντίο

230 1469 526 1538 θεταιαύτῷ
554 1469 649 1520 ἐπὶ
679 1467 758 1536 τῷ
790 1468 944 1538 ἀνδρὶ
998 1467 1313 1535 ἐπιϐουλὴν,
1343 1468 1434 1520 καὶ
1466 1468 1771 1537 ἐξηγουμέ-

230 1579 313 1630 νης
343 1563 430 1628 τῆς
482 1561 741 1629 γυναικὸς
800 1562 856 1624 ἐς
913 1561 1007 1632 τὴν
1067 1563 1288 1632 κοίτην,
1344 1563 1423 1624 ὡς
1470 1561 1773 1616 ἀνεπαύετο

238 1656 553 1723 Πριάλουπας
579 1659 606 1707 ὁ
637 1654 887 1723 ἡγεμὼν,
916 1656 1094 1708 ἀνεῖλέ
1123 1673 1185 1709 τε
1220 1657 1380 1709 αὐτὸν
1424 1655 1540 1725 ἅμα
1568 1655 1665 1708 σὺν
1703 1657 1770 1726 τῇ

236 1749 452 1811 γυναικὶ,
483 1749 573 1800 καὶ
619 1747 736 1815 ἅμα
766 1747 1123 1818 συγκατίσχει
1154 1748 1252 1818 τὴν
1283 1749 1578 1818 ἠγεμονίαν
1601 1747 1770 1818 αύτῷ.

1865 533 2116 588 custodia
2149 530 2475 593 asservavit,
2532 540 2776 583 moratus
2810 530 2860 581 in
2915 530 3084 596 regia,
3121 527 3313 580 volens
3336 543 3430 580 vos

1867 625 2191 696 pr0pinquis
2217 625 2528 683 resrituere,
2558 631 2781 690 accepta
2817 619 3066 687 pecunia,
3095 620 3140 672 si
3176 616 3430 670 venirent

1867 734 1997 773 suos
2051 717 2418 785 redemptum.
2486 714 2636 767 Uxor
2703 711 2972 780 Prialupa:
3025 711 3430 764 adolescentem

1866 810 2042 864 visum
2069 825 2252 863 amare
2277 807 2470 877 cmpit.
2520 806 2650 860 Erat
2697 808 2842 859 enim
2881 805 3040 858 istius
3069 803 3314 856 mulieris
3348 801 3434 852 in-

1867 901 2106 970 genium,
2163 907 2222 953 ut
2273 899 2594 967 priusquam
2653 906 2946 966 peteretur,
2996 901 3202 962 peteret
3261 891 3432 950 Viros,

1871 1009 1979 1061 pra:
2009 992 2426 1061 intemperantia
2485 993 2574 1044 cui
2632 991 2869 1044 obnoxia
2915 996 3054 1041 erat.
3100 984 3236 1039 Cum
3267 983 3434 1051 igitur

1870 1087 2045 1154 stupri
2085 1085 2534 1140 consuetudinem
2589 1099 2712 1138 eum
2748 1084 3092 1137 adolescente
3125 1077 3436 1135 habuisset,

1871 1191 2056 1232 amore
2085 1178 2283 1231 ardens
2318 1186 2372 1230 et
2417 1177 2626 1240 furens,
2660 1190 2784 1228 cum
2820 1173 3172 1227 adolescente
3200 1167 3436 1221 insidias

1872 1269 2069 1324 marito
2131 1270 2418 1324 subornat.
2483 1268 2679 1322 Mulier
2735 1263 3136 1320 adelcscentem
3184 1260 3336 1316 ducit
3382 1260 3437 1312 in

1873 1361 2214 1426 cubiculum,
2253 1362 2305 1416 in
2336 1378 2443 1432 quo
2470 1361 2756 1430 quiescere
2778 1358 2976 1412 solitus
3004 1365 3122 1411 erat
3152 1353 3440 1422 Prialupas

1873 1453 1982 1506 dux
2015 1470 2029 1507 :
2061 1452 2271 1523 ibique,
2297 1451 2570 1522 adiuvans
2595 1451 2998 1504 adolescentem
3029 1446 3246 1508 mulier,
3291 1443 3442 1497 Pria-

1873 1545 2030 1614 lupas
2065 1545 2286 1599 occisus
2321 1556 2426 1609 est,
2461 1551 2515 1598 et
2551 1543 2666 1613 ipse
2704 1544 2770 1596 ad
2807 1540 3022 1608 imperii
3066 1535 3440 1609 gubernacula

1873 1635 2140 1690 ascendit.
2175 1635 2311 1690 Cum
2348 1646 2526 1689 autem
2553 1636 2658 1688 sibi
2695 1633 3035 1705 tyrannidem
3072 1631 3138 1684 ad
3167 1646 3289 1683 eum
3322 1644 3441 1682 mo—

1877 1731 2004 1802 dum
2039 1739 2309 1799 parasset,
2356 1729 2563 1784 nemini
2615 1729 2720 1782 nisi
2776 1727 2990 1782 mulieri
3026 1725 3128 1780 soli
3170 1723 3440 1794 placebat.

251 1839 449 1908 Ἐπειδὴ
498 1841 884 1912 ἐτυράννευεν,
951 1841 1128 1892 οὐδενὶ
1182 1841 1290 1894 τῶν
1347 1842 1405 1893 ἐν
1462 1844 1526 1909 τῇ
1589 1841 1764 1901 πόλει,

1885 1798 1944 1876 At
1976 1798 2112 1878 ultio
2136 1823 2278 1877 haud
2313 1823 2483 1876 multo
2510 1833 2636 1888 post
2677 1830 2868 1877 secuta
2902 1818 3058 1892 113
3087 1830 3190 1872 (εει.
3225 1798 3442 1868 ἰδίωμα

250 1930 350 1983 ἀλλ’
385 1932 438 1982 ἐν
472 1933 544 2006 ,τῇ
587 1933 804 1998 γυναικὶ
855 1931 1243 2002 ἀρεσκόμενος.
1314 1931 1384 1984 Ἦ
1439 1933 1618 2001 μέντοι
1645 1932 1766 2003 δίκη

258 2027 340 2080 τὸν
387 2027 698 2098 Πριαλούπην
747 2027 846 2080 οὐκ
920 2029 1000 2090 εἰς
1075 2028 1292 2100 μακρὰν
1361 2028 1629 2082 κατέλαϐε
1675 2027 1770 2080 τὸν

260 2119 413 2172 παῖδα
436 2119 582 2174 αὐτοῦ
612 2121 718 2174 ἀπὸ
737 2119 935 2190 ταύτης
969 2119 1032 2190 δὴ
1065 2122 1164 2189 τῆς
1197 2123 1454 2188 γυναικὸς
1478 2120 1771 2191 γενόμενον

259 2214 410 2282 αὖτῷ.
471 2203 656 2267 Τοῦτον
692 2213 791 2284 γάρ
817 2231 922 2276 τοι,
982 2212 1056 2276 ὡς
1120 2213 1308 2282 ἐφοίτα
1346 2214 1494 2286 παρὰ
1545 2213 1772 2280 βασιλέα

253 2307 438 2369 limosi,
483 2305 778 2376 αἰτούμενος
834 2305 1152 2375 συμμαχίαν
1186 2322 1245 2358 τε
1298 2306 1394 2358 καὶ
1451 2307 1772 2375 ἐπικουρίαν

247 2400 328 2450 ἐπὶ
357 2397 613 2465 Κάρουλον
638 2438 654 2462 ,
705 2397 796 2449 τὸν
826 2397 948 2449 τότε
993 2396 1058 2465 δὴ
1089 2397 1452 2464 Ἀκαρνανίας
1483 2397 1770 2468 τύραννον,

249 2490 524 2555 συλλαϐὼν,
548 2488 685 2542 ὥστε
710 2489 808 2558 τὴν
836 2486 1019 2559 χώραν
1049 2488 1215 2541 αὐτοῦ
1252 2492 1568 2560 κατασχεῖν,
1592 2491 1775 2555 ἐξέκοο

252 2596 309 2652 ψε
335 2585 408 2638 τὼ
431 2583 696 2654 ὀφθαλμώ.
724 2583 838 2652 Τὴν
869 2585 1058 2651 μέντοι
1077 2583 1260 2655 χώραν
1283 2585 1456 2648 οὐδεὶς
1485 2585 1777 2655 κατεστρέ-

252 2675 376 2741 ψατο
408 2675 496 2743 τῆς
517 2672 822 2729 Ἰωαννίνων
847 2672 1076 2736 πόλεως.
1125 2674 1469 2746 Ἐπαγομένη
1494 2676 1681 2729 τοῦτον
1711 2677 1778 2747 δὴ

247 2769 329 2819 τὸν
355 2767 608 2836 Κάρουλον
637 2769 731 2821 ἐπὶ
772 2765 956 2834 σφίσιν
987 2765 1248 2837 ἄρχοντα,
1305 2771 1398 2821 καὶ
1441 2771 1781 2840 ἐπιτετραμ-

248 2859 391 2924 μένου
419 2859 556 2928 αὐτῷ
583 2859 791 2913 διέπειν
837 2857 906 2911 τὰ
944 2861 1041 2927 τῆς
1071 2862 1280 2923 πόλεως
1308 2862 1633 2934 πράγματα,
1685 2865 1782 2916 καὶ

244 2957 575 3026 ἀντεχομένου
599 2960 657 3018 ἐς
683 2959 776 3011 τὸν
799 2959 1034 3028 πόλεμον
1055 2959 1341 3030 κράτιστα.
1374 2956 1439 3013 Ἦ
1472 2958 1655 3027 μέντοι
1687 2959 1783 3029 ἀρ-

247 3052 303 3118 χὴ
348 3051 472 3122 αὕτη
510 3053 833 3120 Τριϐαλῖῶν
881 3050 1015 3106 οὖσα
1055 3054 1117 3107 τὸ
1170 3052 1419 3117 παλαιδν,
1449 3052 1591 3105 οὕτω
1639 3052 1694 3113 ἐς
1722 3069 1783 3104 τε

1870 1932 1967 1988 pas
2001 1918 2169 1980 enim,
2206 1917 2299 1985 qui
2333 1915 2481 1969 ﬁlius
2537 1915 2657 1982 ejus
2713 1923 2852 1975 erat,
2904 1911 3075 1980 patris
3111 1923 3306 1961 nomen
3355 1923 3446 1974 ge-

1872 2027 2019 2076 rens,
2051 2020 2211 2064 natus
2262 2025 2326 2064 ex
2360 2010 2466 2064 ista
2520 2023 2712 2067 uxore,
2757 2020 2881 2058 cum
2916 2010 3236 2072 properaret
3269 1998 3333 2050 ad
3363 2013 3447 2050 re-

1871 2120 1990 2174 gem
2019 2103 2246 2168 Mosem,
2300 2113 2493 2174 petens
2528 2101 2793 2155 auxilium
2827 2106 2881 2152 et
2910 2095 3225 2165 praesidium
3252 2099 3443 2144 contra

1871 2195 2129 2252 Carolum
2157 2195 2266 2266 (29)
2296 2175 2617 2249 Acarnania:
2648 2192 2976 2263 principem,
3013 2197 3074 2242 ut
3115 2201 3235 2240 eam
3271 2182 3447 2252 regio-

1874 2307 1997 2347 nem
2029 2295 2082 2345 in
2125 2301 2452 2362 potestatem
2502 2290 2794 2358 redigeret,
2835 2294 3027 2354 captus
3052 2291 3156 2345 est,
3194 2278 3449 2345 oculique

1875 2390 1994 2457 ejus
2035 2389 2174 2444 eruti
2209 2396 2357 2442 sunt.
2390 2384 2687 2456 Regionem
2711 2381 2864 2435 urbis
2895 2377 3253 2433 Joanniorum
3287 2386 3448 2425 nemo

1877 2483 2114 2550 subegit.
2150 2480 2313 2534 Petiit
2361 2474 2507 2534 enim
2539 2476 2795 2532 Caroium
2833 2472 2937 2528 sibi
2968 2471 3163 2525 ducem
3194 2485 3208 2522 :
3237 2465 3323 2519 cui
3359 2464 3449 2518 ubi

1879 2577 2113 2645 primum
2143 2575 2293 2628 urbis
2325 2571 2735 2626 administratio
2775 2578 2858 2622 est
2899 2565 3214 2626 commissa,
3249 2559 3450 2614 bellum

1880 2667 2096 2722 fortiter
2161 2664 2458 2718 admodum
2519 2659 2802 2716 Sustinuit.
2863 2655 3114 2726 Regnum
3173 2654 3450 2718 ltoc,cum
3525 2707 3529 2712 ,

1882 2758 2035 2829 prius
2077 2757 2441 2813 Triballorum
2496 2754 2658 2818 foret,
2712 2753 2776 2807 ad
2833 2751 3076 2806 lzaulurn
3122 2744 3453 2802 etCarolum

1882 2853 2076 2909 ducem
2117 2853 2170 2906 in
2229 2852 2372 2905 hunc
2422 2849 2642 2904 modum
2685 2845 2993 2901 descendit.
3040 2842 3178 2898 Cum
3223 2849 3456 2906 utraque

1887 2954 2098 3003 teneret
2123 2946 2407 3000 ﬁnitimam
2447 2942 2699 2996 Archelui
2745 2940 3044 3008 regionem,
3077 2948 3196 3004 quae
3227 2947 3289 2987 ea
3318 2939 3456 2984 tern-

1887 3051 2098 3113 pestate
2175 3041 2343 3094 Actus
2427 3036 2744 3100 vocabatur,
2806 3041 2861 3087 et
2930 3026 3454 3099 Argyropolieimam

254 3121 506 3210 ἰζάουλον,
537 3147 642 3200 καὶ
679 3148 770 3200 ἐπὶ
804 3146 1086 3215 Κάρουλον
1127 3145 1220 3199 τὸν
1255 3133 1498 3217 ἡγεμόνα
1555 3145 1781 3216 περιῆλ-

1890 3153 2065 3206 usque
2095 3132 2461 3203 Naupactum,
2499 3147 2621 3200 qua:
2665 3139 2749 3183 est
2774 3143 2803 3180 e
2831 3124 3053 3196 regione
3078 3121 3318 3184 Aehaire,
3354 3133 3458 3171 suo

246 3235 340 3291 θεν.
361 3239 503 3293 Οὕτω
530 3240 598 3293 δὲ
645 3241 813 3308 ἄμφω
842 3241 920 3293 τὼ
944 3242 1094 3309 χεῖρε
1143 3237 1432 3310 κατασχὼν
1467 3231 1652 3302 οὗτος,
1688 3239 1783 3292 καὶ

242 3331 324 3399 τὴν
348 3333 471 3399 πρὸς
494 3332 582 3402 τῷ
604 3330 889 3402 ’Δρχελῴῳ
942 3331 1149 3402 χώραν,
1182 3332 1242 3383 τό
1269 3349 1327 3383 τε
1365 3332 1554 3386 Δξετὺν
1590 3331 1786 3384 καλού-

246 3442 405 3489 μενον,
428 3427 518 3478 καὶ
573 3425 1088 3497 Ἀγγελοπολίκνην,
1119 3425 1175 3488 ἐς
1201 3443 1258 3478 τε
1303 3427 1394 3478 ἐπὶ
1425 3427 1782 3488 Ναύπακτον,

242 3518 324 3568 τὸν
348 3520 674 3590 καταντικρὺ
704 3520 957 3589 Ἀχαΐας,
1002 3520 1296 3588 ἐπεκράτει
1326 3519 1428 3587 τῆς
1455 3518 1640 3590 χώρας
1692 3522 1786 3573 καὶ

243 3609 572 3682 ὲτυράννευεν
622 3614 716 3667 ἐπὶ
750 3613 894 3680 μέγα
926 3612 1184 3682 χωρήσας
1211 3611 1517 3680 δυνάμεως,
1549 3609 1688 3681 ἀνὴρ
1719 3613 1788 3663 τά.

241 3720 290 3755 τε
322 3707 373 3767 ἐς
391 3706 594 3778 ἀρχὴν,
626 3705 723 3758 καὶ
752 3706 808 3768 ἐς
832 3704 923 3757 τὸν
955 3705 1192 3772 πόλεμον
1213 3703 1386 3756 δοκῶν
1415 3703 1674 3770 γενέσθαι
1705 3702 1804 3766 ού-¹

240 3795 369 3860 δενδς
391 3799 492 3853 τῶν
511 3795 643 3851 τότε
676 3796 996 3868 ἡγουμένων
1023 3797 1358 3866 λειπόμενος.
1395 3798 1507 3851 Καὶ
1545 3797 1602 3848 ἐν
1627 3796 1787 3850 πολέ-

243 3907 350 3955 μοις
375 3892 500 3961 πρὸς
530 3892 670 3953 τοὺς
694 3889 1001 3961 περιοίκους
1054 3890 1196 3960 μέγα
1224 3889 1547 3957 εὐδοκιμῶνν
1579 3891 1788 3958 ἠγάγε-

241 3997 312 4043 το,
342 3978 410 4044 ὡς
441 3982 715 4053 πρότερόν
749 3999 839 4051 μοι
895 3981 1134 4048 ἐλέγετο,
1185 3979 1278 4033 τοῦ
1307 3979 1550 4048 Ἀθηνῶν
1603 3995 1662 4030 τε
1694 3979 1791 4031 καὶ

243 4073 482 4142 Κορίνθου
533 4073 812 4144 ἡγεμόνος
852 4071 1127 4142 θυγατέρα
1182 4073 1238 4136 ἐς
1271 4072 1476 4141 γάμον.
1509 4067 1792 4139 Τούτῳτῷ

242 4164 450 4232 ἡγεμόνι
472 4168 611 4228 παῖς
638 4165 859 4234 ἐγένετο
882 4164 1036 4228 νόθος
1055 4179 1070 4194 ο
1103 4163 1211 4216 ἀπὸ
1259 4164 1367 4233 γὰρ
1392 4163 1494 4232 τῆς
1541 4161 1794 4223 Εύϐοἲδος

242 4258 378 4328 αὑτῷ
417 4259 679 4328 γυναικὸς
727 4258 954 4329 ἄρρενος
989 4258 1090 4310 οὐκ
1124 4256 1282 4326 ἔτυχε
1335 4257 1519 4323 γόνου.
1552 4254 1712 4324 Νὸθῳ
1735 4253 1792 4306 δὲ

243 4350 310 4418 τῷ
340 4353 479 4405 παιδὶ
524 4347 603 4420 ἦν
635 4350 806 4419 δνομα
848 4339 1151 4412 Ἀντώνιος.
1186 4347 1372 4416 Τούτῳ
1404 4345 1481 4416 τῷ
1525 4345 1794 4416 Ἀντωνίῳ

244 4444 329 4512 τήν
347 4462 404 4496 τε
429 4443 700 4498 Βοιωτίαν
722 4441 978 4494 κατέλιπε
1008 4443 1100 4494 καὶ
1132 4441 1230 4509 τὴν
1258 4437 1448 4510 Θηϐῶν
1479 4438 1632 4491 πόλιν
1657 4453 1671 4467 °
1696 4437 1794 4508 τὴν

245 4537 336 4604 γὰρ
364 4534 633 4605 Κόρινθον
683 4533 942 4587 κατέλιπε
969 4533 1045 4602 τῷ
1072 4532 1308 4603 κηδεστῇ
1338 4529 1501 4583 αὑτοῦ
1531 4529 1792 4600 Θεοδώρῳ

244 4629 308 4696 τῷ
330 4629 594 4698 βασιλέως
624 4626 859 4696 ἀδελφῷ.
887 4626 998 4696 Τὴν
1031 4624 1088 4677 δὲ
1117 4623 1360 4692 ’Δθηνῶν
1390 4622 1566 4685 πόλιν,
1593 4621 1790 4689 ἀφελό-

247 4737 390 4786 μενος
412 4721 622 4790 ταύτην
650 4721 711 4773 τὸ
749 4719 983 4789 πρόσθεν
1011 4719 1137 4785 τοὺς
1173 4716 1518 4787 Κελτίϐηρας
1540 4715 1646 4769 ἀπὸ
1680 4716 1796 4768 Να-

243 4814 401 4883 ϐἀρης
435 4816 476 4879 ³,
510 4807 664 4883 εἶχον
693 4812 800 4881 γὰρ
821 4811 886 4881 δὴ
919 4812 1013 4864 καὶ
1045 4808 1248 4877 ταύτην
1281 4809 1330 4863 οἱ
1353 4798 1572 4878 Ἴϐηρες
1629 4824 1797 4861 κατα-

247 4907 624 4975 στρεψάμενοι,
681 4901 940 4957 κατέλιπε
983 4903 1095 4965 τοῖς
1142 4901 1443 4962 Οὑενετοῖς.
1505 4900 1564 4951 Ὀ
1611 4899 1796 4969 μέντοι

246 5001 363 5060 παῖς
387 4998 551 5050 αὑτοῦ
593 4995 881 5062 ’Δντὼνιος
911 4989 1085 5059 οὗτος,
1137 4991 1210 5056 ὡς
1261 4991 1413 5061 παρὰ
1457 4991 1553 5044 τοῦ
1595 4991 1802 5061 πατρὸς

248 5091 570 5160 παρεδέξατο
623 5090 724 5160 τὴν
769 5088 872 5158 τῆς
909 5086 1168 5148 Βοιωτίας
1201 5086 1405 5155 ἀρχήνῖ
1441 5085 1538 5154 τὴν
1572 5084 1678 5154 γὰρ
1737 5084 1804 5152 δὴ

245 5182 483 5235 Φωκαΐδα
517 5180 704 5253 χώραν
762 5179 954 5248 ἄλλην,
1009 5178 1104 5234 καὶ
1151 5176 1415 5230 Λεϐαδῐαν
1478 5177 1802 5244 ὑπηγάγετο

249 5274 553 5346 Παιαζήτης
583 5276 611 5326 ὁ
643 5272 1022 5342 Ἀμουράτεω,
1079 5269 1452 5340 προσθέμενος
1481 5272 1547 5339 τῇ
1595 5267 1794 5320 ἐαυτοῦ

249 5367 404 5436 ἀρχῇ,
427 5369 504 5430 ὡς
530 5366 796 5436 πρότερον
833 5381 922 5433 μοι
953 5362 1246 5432 δεδήλωται
1270 5379 1284 5393 ο
1321 5355 1474 5424 οὗτος
1497 5361 1560 5431 δὴ
1591 5358 1682 5414 οὖν
1707 5362 1798 5412 ἐπὶ

252 5461 367 5523 τοὺς
394 5461 690 5522 Ούενετοῦς
719 5459 982 5529 ἐξήνεγκε
1031 5457 1285 5526 πόλεμον,
1324 5459 1416 5511 καὶ
1446 5458 1544 5521 τὰς
1572 5456 1802 5526 Ἀθήνας

1888 3230 2116 3301 imperio
2155 3227 2420 3282 admovit.
2465 3223 2567 3292 Qui
2625 3221 2994 3292 principatum
3054 3212 3458 3268 administravit

1889 3340 2011 3379 Cll!“
2057 3337 2231 3392 usque
2278 3335 2366 3374 res
2426 3334 2540 3373 SlliB
2599 3319 2934 3370 incrementa
2985 3315 3290 3369 sumerent,
3327 3318 3458 3373 pace

1889 3419 2140 3486 belloque
2182 3415 2318 3469 nulli
2349 3414 2545 3467 ducum
2589 3412 2840 3473 cederet;
2871 3405 3091 3459 tandem
3129 3417 3252 3456 cum
3279 3399 3454 3454 bellis.

1888 3526 2011 3582 qua:
2057 3509 2320 3564 adversus
2372 3506 2635 3560 ﬁnitimos
2697 3501 2887 3570 gessit,
2950 3499 3243 3568 plurimum
3272 3493 3458 3558 gloriae

1890 3607 1995 3661 sibi
2025 3603 2350 3675 peperisset,
2391 3600 2569 3663 duxit,
2614 3607 2674 3651 ut
2705 3610 2872 3665 supra
2905 3594 3216 3649 docuimus.
3253 3587 3460 3641 Raine-

1892 3700 1958 3754 rii
1996 3699 2352 3768 Athenarum,
2388 3703 2445 3749 et
2496 3689 2751 3748 Corinthi
2803 3684 3066 3758 principis
3103 3683 3294 3736 ﬁliam.
3322 3678 3460 3732 lluic

1891 3791 2016 3844 duci
2077 3797 2240 3844 natus
2287 3795 2372 3842 est
2431 3783 2572 3839 ﬁlius
2625 3781 2859 3844 nothus;
2898 3792 3020 3830 nam
3079 3788 3148 3828 ex
3217 3770 3460 3825 Euboide

1894 3896 2064 3937 uxore
2085 3882 2253 3949 stirps
2289 3877 2465 3933 virilis
2509 3876 2652 3930 haud
2694 3881 2820 3928 nata
2854 3880 2958 3926 est.
2995 3869 3203 3922 Nomen
3230 3865 3322 3919 ﬁlii
3360 3879 3460 3916 no—

1896 3975 1971 4030 thi
2001 3982 2122 4030 erat
2153 3972 2446 4027 Antonius.
2489 3969 2628 4024 Iluic
2683 3974 3015 4022 testamento
3053 3961 3277 4029 reliquit
3309 3959 3463 4010 Boeo-

1896 4068 2048 4132 tiam,
2081 4076 2136 4121 et
2167 4065 2386 4120 Thebas
2442 4063 2662 4126 urbem;
2708 4075 2832 4113 nam
2884 4055 3180 4112 Corinthus
3223 4059 3463 4104 cesserat

1895 4174 2096 4232 genero
2156 4157 2464 4218 Theodoro,
2512 4157 2654 4224 regis
2710 4151 2890 4206 fratri.
2942 4149 3144 4204 Urbem
3197 4145 3458 4205 Athenas,

1895 4268 2018 4325 quae
2045 4252 2195 4323 prius
2220 4250 2622 4306 Celtiberorum
2656 4255 2774 4300 erat
2802 4253 2952 4314 (nam
2985 4252 3040 4295 et
3065 4241 3206 4294 hanc
3239 4248 3463 4291 tenuere

1899 4345 2060 4416 lberi)
2120 4345 2221 4400 sibi
2274 4333 2596 4411 subjiciéns,
2661 4339 2877 4393 tandem
2942 4333 3166 4387 Venetis
3220 4330 3460 4397 reliquit.

1900 4435 2072 4491 Filius
2101 4435 2372 4490 Antonius
2403 4448 2432 4485 a
2466 4441 2619 4502 patre
2671 4429 2882 4497 accepit
2927 4426 3148 4480 Breotize
3195 4435 3460 4492 regnum;

1900 4544 2027 4583 nam
2068 4526 2276 4594 reliqua
2310 4523 2673 4579 Phocensium
2720 4519 2871 4591 regio
2909 4525 2963 4573 et
3017 4515 3252 4570 Lebadia
3305 4528 3466 4566 vene-

1901 4629 2025 4676 rant
2075 4620 2131 4676 in
2191 4624 2520 4688 potestatem
2563 4613 2842 4684 Paiazitis,
2906 4627 3044 4681 quas
3085 4625 3186 4664 suo
3216 4605 3464 4659 dominio

1901 4714 2167 4785 adjunxit,
2210 4721 2267 4766 ut
2296 4725 2463 4780 supra
2492 4707 2937 4762 memoravimus.
2969 4704 3239 4758 Antonius
3271 4711 3464 4754 contra

1905 4805 2142 4861 Venetos
2169 4805 2370 4858 bellum
2401 4801 2586 4865 movit,
2619 4807 2674 4852 et
2719 4799 2959 4851 Athenas
2982 4807 3196 4849 summa
3234 4792 3465 4858 diligen-

1904 4899 1980 4954 tia
2017 4897 2354 4953 exercitibus
2388 4891 2770 4950 circumsedit.
2814 4887 3006 4943 V’cneti
3051 4901 3192 4954 aegre
3222 4883 3467 4936 ferebant

1901 4992 2092 5046 urbem
2123 5005 2278 5044 suam
2320 4986 2608 5042 obsidione
2655 4983 2826 5052 premi
2868 4998 2882 5034 :
2920 4987 3117 5048 parant
3153 4978 3317 5044 igitur
3344 4987 3462 5024 eam

1902 5084 2186 5140 obsidione
2215 5082 2449 5136 solvere.
2505 5077 2568 5132 Et
2619 5094 2742 5130 eum
2789 5069 3317 5131 statuissenthustili
3351 5068 3466 5118 ani—

1902 5192 1992 5232 mo
2023 5174 2292 5245 proﬁcisci
2337 5184 2520 5228 contra
2556 5171 2794 5230 Thebas.
2837 5169 3133 5223 exercitum
3166 5177 3226 5215 ex
3262 5161 3467 5213 Enboia

1904 5279 2168 5344 quantum
2233 5275 2455 5337 potuere
2516 5271 2931 5333 compararunt,
2992 5272 3200 5313 necnon
3259 5253 3467 5318 reliqua

1909 5380 2030 5433 qua:
2058 5362 2120 5416 ad
2173 5359 2553 5415 instruendum
2603 5358 2896 5411 exercitum
2953 5354 3205 5410 attinent,
3239 5346 3471 5412 coilegc—

1911 5461 2060 5508 runt.
2096 5452 2159 5506 Et
2188 5453 2252 5506 ab
2281 5448 2486 5506 Euboia
2537 5461 2680 5504 recta
2723 5451 2940 5500 movent
2996 5443 3047 5496 itt
3099 5440 3384 5499 Boeotiam,
3419 5441 3475 5487 et

1543 5572 1783 5635 Νοιυιω
1813 5571 2210 5646 marginales.

339 5677 430 5745 9.9)
454 5678 702 5730 Daulutn.

346 5821 367 5850 ³
393 5818 649 5887 Ναϐἀρας
678 5815 745 5870 li.
781 5824 833 5869 ut
863 5815 912 5868 in
948 5832 996 5868 ε.

784 5937 797 5970 Ι
