  <div class='ocr_page' id='page_1' title='image "/cluster/home/n/w/nwhite01/storage/ocr_20150623/159/hvd.32044073502684/127.png"; bbox 0 0 4010 6208; ppageno 0'>
   <div class='ocr_carea' id='block_1_1' title="bbox 511 331 617 393">
    <p class='ocr_par' dir='ltr' id='par_1_1' title="bbox 511 331 617 393">
     <span class='ocr_line' id='line_1_1' title="bbox 511 331 617 393; baseline 0.009 -1"><span class='ocrx_word' id='word_1_1' title='bbox 511 331 617 393; x_wconf 69' lang='lat'><strong>215</strong></span> 
     </span>
    </p>
   </div>
   <div class='ocr_carea' id='block_1_2' title="bbox 1625 343 2642 411">
    <p class='ocr_par' dir='ltr' id='par_1_2' title="bbox 1625 343 2642 411">
     <span class='ocr_line' id='line_1_2' title="bbox 1625 343 2642 411; baseline 0.009 -9"><span class='ocrx_word' id='word_1_2' title='bbox 1625 343 1817 406; x_wconf 84' lang='lat' dir='ltr'><strong>LAON</strong></span> <span class='ocrx_word' id='word_1_3' title='bbox 1830 344 1936 406; x_wconf 85' lang='lat' dir='ltr'><strong>[CI</strong></span> <span class='ocrx_word' id='word_1_4' title='bbox 1977 348 2642 411; x_wconf 61' lang='lat' dir='ltr'><strong>CHALCOCONDYLJE</strong></span> 
     </span>
    </p>
   </div>
   <div class='ocr_carea' id='block_1_3' title="bbox 3647 361 3750 424">
    <p class='ocr_par' dir='ltr' id='par_1_3' title="bbox 3647 361 3750 424">
     <span class='ocr_line' id='line_1_3' title="bbox 3647 361 3750 424; baseline 0.01 -1"><span class='ocrx_word' id='word_1_5' title='bbox 3647 361 3750 424; x_wconf 73' lang='lat' dir='ltr'><strong>am</strong></span> 
     </span>
    </p>
   </div>
   <div class='ocr_carea' id='block_1_4' title="bbox 506 448 2058 538">
    <p class='ocr_par' dir='ltr' id='par_1_4' title="bbox 506 448 2058 521">
     <span class='ocr_line' id='line_1_4' title="bbox 506 448 2058 521; baseline 0.007 -23"><span class='ocrx_word' id='word_1_6' title='bbox 506 456 699 500; x_wconf 81' lang='lat' dir='ltr'><strong>contra</strong></span> <span class='ocrx_word' id='word_1_7' title='bbox 735 448 947 502; x_wconf 85' lang='lat' dir='ltr'><strong>urbem.</strong></span> <span class='ocrx_word' id='word_1_8' title='bbox 977 451 1249 504; x_wconf 86' lang='lat' dir='ltr'><strong>Antonius</strong></span> <span class='ocrx_word' id='word_1_9' title='bbox 1295 457 1355 504; x_wconf 91' lang='lat' dir='ltr'><strong>ut</strong></span> <span class='ocrx_word' id='word_1_10' title='bbox 1373 453 1582 521; x_wconf 89' lang='lat' dir='ltr'><strong>accepit</strong></span> <span class='ocrx_word' id='word_1_11' title='bbox 1614 455 1848 510; x_wconf 72' lang='lat' dir='ltr'><strong>Venetos</strong></span> <span class='ocrx_word' id='word_1_12' title='bbox 1887 467 2058 510; x_wconf 86' lang='lat' dir='ltr'><strong>contr:</strong></span> 
     </span>
    </p>
   </div>
   <div class='ocr_carea' id='block_1_5' title="bbox 2162 448 3751 538">
    <p class='ocr_par' dir='ltr' id='par_1_5' title="bbox 2183 459 3751 538">
     <span class='ocr_line' id='line_1_5' title="bbox 2183 459 3751 538; baseline 0.01 -28"><span class='ocrx_word' id='word_1_13' title='bbox 2183 459 2512 529; x_wconf 75' lang='grc' dir='ltr'><strong>ἐπολιόρκει,</strong></span> <span class='ocrx_word' id='word_1_14' title='bbox 2547 462 2832 532; x_wconf 79' lang='grc' dir='ltr'><strong>προσέχων</strong></span> <span class='ocrx_word' id='word_1_15' title='bbox 2863 462 3258 533; x_wconf 79' lang='grc' dir='ltr'><strong>ἐντεταμένως.</strong></span> <span class='ocrx_word' id='word_1_16' title='bbox 3307 467 3371 521; x_wconf 90' lang='grc' dir='ltr'><strong>Οἰ</strong></span> <span class='ocrx_word' id='word_1_17' title='bbox 3400 467 3582 538; x_wconf 83' lang='grc' dir='ltr'><strong>μέντοι</strong></span> <span class='ocrx_word' id='word_1_18' title='bbox 3619 473 3751 526; x_wconf 77' lang='grc' dir='ltr'><strong>Οὑε-</strong></span> 
     </span>
    </p>
   </div>
   <div class='ocr_carea' id='block_1_6' title="bbox 505 542 2074 612">
    <p class='ocr_par' dir='ltr' id='par_1_6' title="bbox 505 542 2074 612">
     <span class='ocr_line' id='line_1_6' title="bbox 505 542 2074 612; baseline 0.008 -20"><span class='ocrx_word' id='word_1_19' title='bbox 505 552 715 593; x_wconf 89' lang='lat' dir='ltr'><strong>secum</strong></span> <span class='ocrx_word' id='word_1_20' title='bbox 770 542 1012 596; x_wconf 71' lang='lat' dir='ltr'><strong>exercitu</strong></span> <span class='ocrx_word' id='word_1_21' title='bbox 1077 559 1326 612; x_wconf 81' lang='lat' dir='ltr'><strong>pergere.</strong></span> <span class='ocrx_word' id='word_1_22' title='bbox 1369 562 1501 602; x_wconf 91' lang='lat' dir='ltr'><strong>suos</strong></span> <span class='ocrx_word' id='word_1_23' title='bbox 1554 547 1607 602; x_wconf 92' lang='lat' dir='ltr'><strong>iu</strong></span> <span class='ocrx_word' id='word_1_24' title='bbox 1661 549 1801 603; x_wconf 88' lang='lat' dir='ltr'><strong>duas</strong></span> <span class='ocrx_word' id='word_1_25' title='bbox 1867 560 2074 605; x_wconf 89' lang='lat' dir='ltr'><strong>turmas</strong></span> 
     </span>
    </p>
   </div>
   <div class='ocr_carea' id='block_1_7' title="bbox 507 630 2074 708">
    <p class='ocr_par' dir='ltr' id='par_1_7' title="bbox 507 630 2074 708">
     <span class='ocr_line' id='line_1_7' title="bbox 507 630 2074 708; baseline 0.007 -26"><span class='ocrx_word' id='word_1_26' title='bbox 507 630 766 694; x_wconf 85' lang='lat' dir='ltr'><strong>partitur,</strong></span> <span class='ocrx_word' id='word_1_27' title='bbox 801 647 936 702; x_wconf 91' lang='lat' dir='ltr'><strong>quas</strong></span> <span class='ocrx_word' id='word_1_28' title='bbox 987 635 1130 689; x_wconf 84' lang='lat' dir='ltr'><strong>locat</strong></span> <span class='ocrx_word' id='word_1_29' title='bbox 1173 635 1224 689; x_wconf 91' lang='lat' dir='ltr'><strong>in</strong></span> <span class='ocrx_word' id='word_1_30' title='bbox 1263 637 1349 691; x_wconf 88' lang='lat' dir='ltr'><strong>via</strong></span> <span class='ocrx_word' id='word_1_31' title='bbox 1401 653 1498 708; x_wconf 90' lang='lat' dir='ltr'><strong>per</strong></span> <span class='ocrx_word' id='word_1_32' title='bbox 1542 654 1706 708; x_wconf 89' lang='lat' dir='ltr'><strong>quam</strong></span> <span class='ocrx_word' id='word_1_33' title='bbox 1761 638 1999 695; x_wconf 79' lang='lat' dir='ltr'><strong>Venetos</strong></span> <span class='ocrx_word' id='word_1_34' title='bbox 2021 649 2074 695; x_wconf 88' lang='lat' dir='ltr'><strong>et</strong></span> 
     </span>
    </p>
   </div>
   <div class='ocr_carea' id='block_1_8' title="bbox 510 720 2072 801">
    <p class='ocr_par' dir='ltr' id='par_1_8' title="bbox 510 720 2072 801">
     <span class='ocr_line' id='line_1_8' title="bbox 510 720 2072 801; baseline 0.009 -27"><span class='ocrx_word' id='word_1_35' title='bbox 510 720 847 779; x_wconf 72' lang='lat' dir='ltr'><strong>Eubmenses</strong></span> <span class='ocrx_word' id='word_1_36' title='bbox 923 725 1024 779; x_wconf 90' lang='lat' dir='ltr'><strong>iter</strong></span> <span class='ocrx_word' id='word_1_37' title='bbox 1096 727 1342 784; x_wconf 77' lang='lat' dir='ltr'><strong>facturos</strong></span> <span class='ocrx_word' id='word_1_38' title='bbox 1404 743 1741 801; x_wconf 83' lang='lat' dir='ltr'><strong>compertum</strong></span> <span class='ocrx_word' id='word_1_39' title='bbox 1815 734 2072 788; x_wconf 80' lang='lat' dir='ltr'><strong>habebat.</strong></span> 
     </span>
    </p>
   </div>
   <div class='ocr_carea' id='block_1_9' title="bbox 507 812 2074 894">
    <p class='ocr_par' dir='ltr' id='par_1_9' title="bbox 507 812 2074 894">
     <span class='ocr_line' id='line_1_9' title="bbox 507 812 2074 894; baseline 0.01 -28"><span class='ocrx_word' id='word_1_40' title='bbox 507 812 678 867; x_wconf 85' lang='lat' dir='ltr'><strong>Unam</strong></span> <span class='ocrx_word' id='word_1_41' title='bbox 719 815 904 884; x_wconf 78' lang='lat' dir='ltr'><strong>posuit</strong></span> <span class='ocrx_word' id='word_1_42' title='bbox 956 817 1011 870; x_wconf 88' lang='lat' dir='ltr'><strong>in</strong></span> <span class='ocrx_word' id='word_1_43' title='bbox 1067 818 1265 886; x_wconf 77' lang='lat' dir='ltr'><strong>frunte,</strong></span> <span class='ocrx_word' id='word_1_44' title='bbox 1322 821 1548 877; x_wconf 82' lang='lat' dir='ltr'><strong>alteram</strong></span> <span class='ocrx_word' id='word_1_45' title='bbox 1599 835 1656 878; x_wconf 92' lang='lat' dir='ltr'><strong>ut</strong></span> <span class='ocrx_word' id='word_1_46' title='bbox 1690 841 1720 880; x_wconf 88' lang='lat' dir='ltr'><strong>a</strong></span> <span class='ocrx_word' id='word_1_47' title='bbox 1752 836 1904 894; x_wconf 73' lang='lat' dir='ltr'><strong>tergo</strong></span> <span class='ocrx_word' id='word_1_48' title='bbox 1930 837 2074 881; x_wconf 84' lang='lat' dir='ltr'><strong>esset</strong></span> 
     </span>
    </p>
   </div>
   <div class='ocr_carea' id='block_1_10' title="bbox 498 906 2071 982">
    <p class='ocr_par' dir='ltr' id='par_1_10' title="bbox 498 906 2071 982">
     <span class='ocr_line' id='line_1_10' title="bbox 498 906 2071 982; baseline 0.01 -24"><span class='ocrx_word' id='word_1_49' title='bbox 498 906 905 977; x_wconf 80' lang='lat' dir='ltr'><strong>iteringressis.</strong></span> <span class='ocrx_word' id='word_1_50' title='bbox 943 907 1148 964; x_wconf 84' lang='lat' dir='ltr'><strong>Deinde</strong></span> <span class='ocrx_word' id='word_1_51' title='bbox 1175 916 1510 982; x_wconf 79' lang='lat' dir='ltr'><strong>exspectavit</strong></span> <span class='ocrx_word' id='word_1_52' title='bbox 1555 918 1730 972; x_wconf 89' lang='lat' dir='ltr'><strong>donec</strong></span> <span class='ocrx_word' id='word_1_53' title='bbox 1780 919 1964 973; x_wconf 85' lang='lat' dir='ltr'><strong>hostes</strong></span> <span class='ocrx_word' id='word_1_54' title='bbox 2005 936 2071 974; x_wconf 77' lang='lat' dir='ltr'><strong>ex</strong></span> 
     </span>
    </p>
   </div>
   <div class='ocr_carea' id='block_1_11' title="bbox 496 993 1478 1066">
    <p class='ocr_par' dir='ltr' id='par_1_11' title="bbox 496 993 1478 1066">
     <span class='ocr_line' id='line_1_11' title="bbox 496 993 1478 1066; baseline 0.013 -18"><span class='ocrx_word' id='word_1_55' title='bbox 496 993 798 1066; x_wconf 84' lang='lat' dir='ltr'><strong>improviso</strong></span> <span class='ocrx_word' id='word_1_56' title='bbox 823 998 877 1053; x_wconf 91' lang='lat' dir='ltr'><strong>in</strong></span> <span class='ocrx_word' id='word_1_57' title='bbox 927 1001 1166 1055; x_wconf 88' lang='lat' dir='ltr'><strong>medium</strong></span> <span class='ocrx_word' id='word_1_58' title='bbox 1201 1005 1478 1062; x_wconf 83' lang='lat' dir='ltr'><strong>venirent.</strong></span> 
     </span>
    </p>
   </div>
   <div class='ocr_carea' id='block_1_12' title="bbox 2171 553 3750 633">
    <p class='ocr_par' dir='ltr' id='par_1_12' title="bbox 2171 553 3750 633">
     <span class='ocr_line' id='line_1_12' title="bbox 2171 553 3750 633; baseline 0.008 -30"><span class='ocrx_word' id='word_1_59' title='bbox 2171 553 2316 605; x_wconf 78' lang='grc' dir='ltr'><strong>νετοὶ</strong></span> <span class='ocrx_word' id='word_1_60' title='bbox 2369 553 2543 608; x_wconf 84' lang='grc' dir='ltr'><strong>δεινὸν</strong></span> <span class='ocrx_word' id='word_1_61' title='bbox 2576 553 2934 625; x_wconf 78' lang='grc' dir='ltr'><strong>ποιησάμενοι</strong></span> <span class='ocrx_word' id='word_1_62' title='bbox 3002 557 3413 630; x_wconf 82' lang='grc' dir='ltr'><strong>πολιορκεῖσθαι</strong></span> <span class='ocrx_word' id='word_1_63' title='bbox 3463 561 3561 633; x_wconf 78' lang='grc' dir='ltr'><strong>τὴν</strong></span> <span class='ocrx_word' id='word_1_64' title='bbox 3591 564 3750 618; x_wconf 84' lang='grc' dir='ltr'><strong>πόλιν</strong></span> 
     </span>
    </p>
   </div>
   <div class='ocr_carea' id='block_1_13' title="bbox 2170 647 3748 728">
    <p class='ocr_par' dir='ltr' id='par_1_13' title="bbox 2170 647 3748 728">
     <span class='ocr_line' id='line_1_13' title="bbox 2170 647 3748 728; baseline 0.008 -28"><span class='ocrx_word' id='word_1_65' title='bbox 2170 647 2374 714; x_wconf 79' lang='grc' dir='ltr'><strong>αὐτῶν,</strong></span> <span class='ocrx_word' id='word_1_66' title='bbox 2411 651 2502 702; x_wconf 71' lang='grc' dir='ltr'><strong>καὶ</strong></span> <span class='ocrx_word' id='word_1_67' title='bbox 2537 651 2768 721; x_wconf 86' lang='grc' dir='ltr'><strong>ἀμύνειν</strong></span> <span class='ocrx_word' id='word_1_68' title='bbox 2801 652 3146 722; x_wconf 80' lang='grc' dir='ltr'><strong>βουλόμενοι,</strong></span> <span class='ocrx_word' id='word_1_69' title='bbox 3187 655 3283 708; x_wconf 75' lang='grc' dir='ltr'><strong>καὶ</strong></span> <span class='ocrx_word' id='word_1_70' title='bbox 3314 656 3408 709; x_wconf 75' lang='grc' dir='ltr'><strong>ἐπὶ</strong></span> <span class='ocrx_word' id='word_1_71' title='bbox 3431 659 3529 727; x_wconf 79' lang='grc' dir='ltr'><strong>τὴν</strong></span> <span class='ocrx_word' id='word_1_72' title='bbox 3552 658 3748 728; x_wconf 80' lang='grc' dir='ltr'><strong>Θηϐῶν</strong></span> 
     </span>
    </p>
   </div>
   <div class='ocr_carea' id='block_1_14' title="bbox 2170 739 3746 822">
    <p class='ocr_par' dir='ltr' id='par_1_14' title="bbox 2170 739 3746 822">
     <span class='ocr_line' id='line_1_14' title="bbox 2170 739 3746 822; baseline 0.01 -31"><span class='ocrx_word' id='word_1_73' title='bbox 2170 739 2540 812; x_wconf 80' lang='grc' dir='ltr'><strong>διανοούμενοι</strong></span> <span class='ocrx_word' id='word_1_74' title='bbox 2585 745 2745 798; x_wconf 88' lang='grc' dir='ltr'><strong>πόλιν</strong></span> <span class='ocrx_word' id='word_1_75' title='bbox 2795 745 2958 812; x_wconf 87' lang='grc' dir='ltr'><strong>ἰέναι,</strong></span> <span class='ocrx_word' id='word_1_76' title='bbox 3013 748 3247 819; x_wconf 89' lang='grc' dir='ltr'><strong>στρατόν</strong></span> <span class='ocrx_word' id='word_1_77' title='bbox 3285 766 3346 802; x_wconf 85' lang='grc' dir='ltr'><strong>τε</strong></span> <span class='ocrx_word' id='word_1_78' title='bbox 3379 749 3472 802; x_wconf 86' lang='grc' dir='ltr'><strong>τδν</strong></span> <span class='ocrx_word' id='word_1_79' title='bbox 3500 751 3607 804; x_wconf 78' lang='grc' dir='ltr'><strong>άπὸ</strong></span> <span class='ocrx_word' id='word_1_80' title='bbox 3646 754 3746 822; x_wconf 78' lang='grc' dir='ltr'><strong>τῆς</strong></span> 
     </span>
    </p>
   </div>
   <div class='ocr_carea' id='block_1_15' title="bbox 2170 833 3742 914">
    <p class='ocr_par' dir='ltr' id='par_1_15' title="bbox 2170 833 3742 914">
     <span class='ocr_line' id='line_1_15' title="bbox 2170 833 3742 914; baseline 0.006 -29"><span class='ocrx_word' id='word_1_81' title='bbox 2170 833 2421 902; x_wconf 81' lang='grc' dir='ltr'><strong>Εὐϐοίας,</strong></span> <span class='ocrx_word' id='word_1_82' title='bbox 2459 837 2584 890; x_wconf 74' lang='grc' dir='ltr'><strong>ὅσον</strong></span> <span class='ocrx_word' id='word_1_83' title='bbox 2630 837 2895 907; x_wconf 72' lang='grc' dir='ltr'><strong>ἠδύναντο</strong></span> <span class='ocrx_word' id='word_1_84' title='bbox 2929 841 3282 908; x_wconf 83' lang='grc' dir='ltr'><strong>συλλέξαντες</strong></span> <span class='ocrx_word' id='word_1_85' title='bbox 3334 844 3427 896; x_wconf 76' lang='grc' dir='ltr'><strong>καὶ</strong></span> <span class='ocrx_word' id='word_1_86' title='bbox 3453 843 3742 914; x_wconf 69' lang='grc' dir='ltr'><strong>ὁπλισμὸν,</strong></span> 
     </span>
    </p>
   </div>
   <div class='ocr_carea' id='block_1_16' title="bbox 2170 926 3742 1006">
    <p class='ocr_par' dir='ltr' id='par_1_16' title="bbox 2170 926 3742 1006">
     <span class='ocr_line' id='line_1_16' title="bbox 2170 926 3742 1006; baseline 0.008 -29"><span class='ocrx_word' id='word_1_87' title='bbox 2170 926 2276 979; x_wconf 80' lang='grc' dir='ltr'><strong>ἀπὸ</strong></span> <span class='ocrx_word' id='word_1_88' title='bbox 2304 929 2400 998; x_wconf 85' lang='grc' dir='ltr'><strong>τῆς</strong></span> <span class='ocrx_word' id='word_1_89' title='bbox 2426 929 2657 992; x_wconf 83' lang='grc' dir='ltr'><strong>Εὐϐοίας</strong></span> <span class='ocrx_word' id='word_1_90' title='bbox 2687 930 2930 1003; x_wconf 80' lang='grc' dir='ltr'><strong>ἐχώρουν</strong></span> <span class='ocrx_word' id='word_1_91' title='bbox 2964 937 3058 989; x_wconf 79' lang='grc' dir='ltr'><strong>ἐπὶ</strong></span> <span class='ocrx_word' id='word_1_92' title='bbox 3087 935 3186 1006; x_wconf 82' lang='grc' dir='ltr'><strong>τὴν</strong></span> <span class='ocrx_word' id='word_1_93' title='bbox 3221 935 3506 1000; x_wconf 79' lang='grc' dir='ltr'><strong>Βοιωτίαν,</strong></span> <span class='ocrx_word' id='word_1_94' title='bbox 3527 937 3621 989; x_wconf 77' lang='grc' dir='ltr'><strong>καί</strong></span> <span class='ocrx_word' id='word_1_95' title='bbox 3645 938 3742 989; x_wconf 74' lang='grc' dir='ltr'><strong>ἐπὶ</strong></span> 
     </span>
    </p>
   </div>
   <div class='ocr_carea' id='block_1_17' title="bbox 2168 1015 3745 1099">
    <p class='ocr_par' dir='ltr' id='par_1_17' title="bbox 2168 1015 3745 1099">
     <span class='ocr_line' id='line_1_17' title="bbox 2168 1015 3745 1099; baseline 0.008 -30"><span class='ocrx_word' id='word_1_96' title='bbox 2168 1018 2267 1089; x_wconf 81' lang='grc' dir='ltr'><strong>τὴν</strong></span> <span class='ocrx_word' id='word_1_97' title='bbox 2295 1021 2471 1074; x_wconf 85' lang='grc' dir='ltr'><strong>πόλιν.</strong></span> <span class='ocrx_word' id='word_1_98' title='bbox 2512 1023 2795 1088; x_wconf 83' lang='grc' dir='ltr'><strong>Ἀντώνιος</strong></span> <span class='ocrx_word' id='word_1_99' title='bbox 2824 1027 2881 1079; x_wconf 79' lang='grc' dir='ltr'><strong>δὲ</strong></span> <span class='ocrx_word' id='word_1_100' title='bbox 2935 1028 3243 1099; x_wconf 83' lang='grc' dir='ltr'><strong>πυθόμενος</strong></span> <span class='ocrx_word' id='word_1_101' title='bbox 3290 1032 3417 1093; x_wconf 80' lang='grc' dir='ltr'><strong>τοὺς</strong></span> <span class='ocrx_word' id='word_1_102' title='bbox 3447 1015 3745 1092; x_wconf 66' lang='grc' dir='ltr'><strong>Ούενετους</strong></span> 
     </span>
    </p>
   </div>
   <div class='ocr_carea' id='block_1_18' title="bbox 496 1095 3748 1201">
    <p class='ocr_par' dir='ltr' id='par_1_18' title="bbox 496 1095 3748 1201">
     <span class='ocr_line' id='line_1_18' title="bbox 496 1095 3748 1201; baseline 0.011 -58"><span class='ocrx_word' id='word_1_103' title='bbox 496 1095 962 1166; x_wconf 78' lang='grc' dir='ltr'><strong>στρατευομένους</strong></span> <span class='ocrx_word' id='word_1_104' title='bbox 995 1100 1083 1153; x_wconf 78' lang='grc' dir='ltr'><strong>ἐπ’</strong></span> <span class='ocrx_word' id='word_1_105' title='bbox 1113 1101 1297 1168; x_wconf 80' lang='grc' dir='ltr'><strong>αὑτὸν,</strong></span> <span class='ocrx_word' id='word_1_106' title='bbox 1331 1103 1522 1175; x_wconf 77' lang='grc' dir='ltr'><strong>λόχους</strong></span> <span class='ocrx_word' id='word_1_107' title='bbox 1559 1108 1928 1178; x_wconf 78' lang='grc' dir='ltr'><strong>ποιησάμενος</strong></span> <span class='ocrx_word' id='word_1_108' title='bbox 1957 1111 2166 1178; x_wconf 77' lang='grc' dir='ltr'><strong>διττοὺς</strong></span> <span class='ocrx_word' id='word_1_109' title='bbox 2189 1105 2331 1170; x_wconf 73' lang='grc' dir='ltr'><strong>κατὰ</strong></span> <span class='ocrx_word' id='word_1_110' title='bbox 2355 1121 2453 1189; x_wconf 82' lang='grc' dir='ltr'><strong>τὴν</strong></span> <span class='ocrx_word' id='word_1_111' title='bbox 2481 1121 2617 1185; x_wconf 76' lang='grc' dir='ltr'><strong>ὁδὸν,</strong></span> <span class='ocrx_word' id='word_1_112' title='bbox 2678 1116 2713 1201; x_wconf 77' lang='grc' dir='ltr'>ᾖ</span> <span class='ocrx_word' id='word_1_113' title='bbox 2774 1125 3005 1178; x_wconf 85' lang='grc' dir='ltr'><strong>ἐπύθετο</strong></span> <span class='ocrx_word' id='word_1_114' title='bbox 3075 1126 3368 1195; x_wconf 86' lang='grc' dir='ltr'><strong>μέλλοντας</strong></span> <span class='ocrx_word' id='word_1_115' title='bbox 3429 1127 3748 1194; x_wconf 84' lang='grc' dir='ltr'><strong>διαπορεύε-</strong></span> 
     </span>
    </p>
   </div>
   <div class='ocr_carea' id='block_1_19' title="bbox 493 1189 3748 1293">
    <p class='ocr_par' dir='ltr' id='par_1_19' title="bbox 493 1189 3748 1293">
     <span class='ocr_line' id='line_1_19' title="bbox 493 1189 3748 1293; baseline 0.01 -52"><span class='ocrx_word' id='word_1_116' title='bbox 493 1189 617 1242; x_wconf 94' lang='grc' dir='ltr'><strong>σθαι</strong></span> <span class='ocrx_word' id='word_1_117' title='bbox 648 1191 773 1257; x_wconf 87' lang='grc' dir='ltr'><strong>τούς</strong></span> <span class='ocrx_word' id='word_1_118' title='bbox 818 1212 877 1247; x_wconf 88' lang='grc' dir='ltr'><strong>τε</strong></span> <span class='ocrx_word' id='word_1_119' title='bbox 912 1197 1176 1262; x_wconf 75' lang='grc' dir='ltr'><strong>,Εύϐιέοας</strong></span> <span class='ocrx_word' id='word_1_120' title='bbox 1207 1199 1323 1271; x_wconf 73' lang='grc' dir='ltr'><strong>ἅμα</strong></span> <span class='ocrx_word' id='word_1_121' title='bbox 1345 1204 1438 1257; x_wconf 77' lang='grc' dir='ltr'><strong>καὶ</strong></span> <span class='ocrx_word' id='word_1_122' title='bbox 1469 1205 1784 1269; x_wconf 78' lang='grc' dir='ltr'><strong>Οὖενετοὺς,</strong></span> <span class='ocrx_word' id='word_1_123' title='bbox 1835 1208 1926 1260; x_wconf 75' lang='grc' dir='ltr'><strong>τὸν</strong></span> <span class='ocrx_word' id='word_1_124' title='bbox 1967 1211 2068 1278; x_wconf 85' lang='grc' dir='ltr'><strong>μὲν</strong></span> <span class='ocrx_word' id='word_1_125' title='bbox 2107 1213 2430 1284; x_wconf 73' lang='grc' dir='ltr'><strong>ἐνεδρεύσας</strong></span> <span class='ocrx_word' id='word_1_126' title='bbox 2457 1220 2513 1281; x_wconf 87' lang='grc' dir='ltr'><strong>ἐς</strong></span> <span class='ocrx_word' id='word_1_127' title='bbox 2553 1221 2612 1273; x_wconf 78' lang='grc' dir='ltr'><strong>τὸ</strong></span> <span class='ocrx_word' id='word_1_128' title='bbox 2644 1189 2832 1293; x_wconf 68' lang='grc' dir='ltr'><strong>πρόσω</strong></span> <span class='ocrx_word' id='word_1_129' title='bbox 2861 1222 2958 1293; x_wconf 83' lang='grc' dir='ltr'><strong>τῆς</strong></span> <span class='ocrx_word' id='word_1_130' title='bbox 2987 1189 3134 1290; x_wconf 74' lang='grc' dir='ltr'><strong>ὁδοῦ,</strong></span> <span class='ocrx_word' id='word_1_131' title='bbox 3160 1227 3251 1278; x_wconf 74' lang='grc' dir='ltr'><strong>τὸν</strong></span> <span class='ocrx_word' id='word_1_132' title='bbox 3282 1224 3340 1278; x_wconf 83' lang='grc' dir='ltr'><strong>δὲ</strong></span> <span class='ocrx_word' id='word_1_133' title='bbox 3379 1226 3436 1286; x_wconf 85' lang='grc' dir='ltr'><strong>ἐς</strong></span> <span class='ocrx_word' id='word_1_134' title='bbox 3496 1225 3556 1277; x_wconf 68' lang='grc' dir='ltr'><strong>τὸ</strong></span> <span class='ocrx_word' id='word_1_135' title='bbox 3599 1189 3748 1278; x_wconf 35' lang='grc' dir='ltr'><strong>’ϐπε-</strong></span> 
     </span>
    </p>
   </div>
   <div class='ocr_carea' id='block_1_20' title="bbox 494 1285 2215 1376">
    <p class='ocr_par' dir='ltr' id='par_1_20' title="bbox 494 1285 2215 1376">
     <span class='ocr_line' id='line_1_20' title="bbox 494 1285 2215 1376; baseline 0.015 -38"><span class='ocrx_word' id='word_1_136' title='bbox 494 1285 640 1352; x_wconf 80' lang='grc' dir='ltr'><strong>σθεν,</strong></span> <span class='ocrx_word' id='word_1_137' title='bbox 672 1289 937 1360; x_wconf 77' lang='grc' dir='ltr'><strong>ἐπέμενεν</strong></span> <span class='ocrx_word' id='word_1_138' title='bbox 993 1293 1253 1365; x_wconf 76' lang='grc' dir='ltr'><strong>ἐμϐαλεῖν</strong></span> <span class='ocrx_word' id='word_1_139' title='bbox 1285 1301 1342 1362; x_wconf 82' lang='grc' dir='ltr'><strong>ἐς</strong></span> <span class='ocrx_word' id='word_1_140' title='bbox 1408 1301 1468 1353; x_wconf 79' lang='grc' dir='ltr'><strong>τὸ</strong></span> <span class='ocrx_word' id='word_1_141' title='bbox 1522 1303 1686 1371; x_wconf 87' lang='grc' dir='ltr'><strong>μέσον</strong></span> <span class='ocrx_word' id='word_1_142' title='bbox 1730 1307 1857 1368; x_wconf 77' lang='grc' dir='ltr'><strong>τοὺς</strong></span> <span class='ocrx_word' id='word_1_143' title='bbox 1900 1307 2215 1376; x_wconf 84' lang='grc' dir='ltr'><strong>πολεμίους.</strong></span> 
     </span>
    </p>
   </div>
   <div class='ocr_carea' id='block_1_21' title="bbox 561 1380 2068 1468">
    <p class='ocr_par' dir='ltr' id='par_1_21' title="bbox 561 1380 2068 1468">
     <span class='ocr_line' id='line_1_21' title="bbox 561 1380 2068 1468; baseline 0.012 -32"><span class='ocrx_word' id='word_1_144' title='bbox 561 1380 750 1438; x_wconf 79' lang='lat' dir='ltr'><strong>Veneti</strong></span> <span class='ocrx_word' id='word_1_145' title='bbox 782 1390 1270 1458; x_wconf 79' lang='lat' dir='ltr'><strong>progrediebantur</strong></span> <span class='ocrx_word' id='word_1_146' title='bbox 1293 1394 1361 1448; x_wconf 89' lang='lat' dir='ltr'><strong>ad</strong></span> <span class='ocrx_word' id='word_1_147' title='bbox 1417 1396 1610 1450; x_wconf 88' lang='lat' dir='ltr'><strong>urbem</strong></span> <span class='ocrx_word' id='word_1_148' title='bbox 1664 1399 1903 1459; x_wconf 75' lang='lat' dir='ltr'><strong>Thebas.</strong></span> <span class='ocrx_word' id='word_1_149' title='bbox 1946 1417 2068 1468; x_wconf 64' lang='lat' dir='ltr'><strong>quia</strong></span> 
     </span>
    </p>
   </div>
   <div class='ocr_carea' id='block_1_22' title="bbox 494 1476 2068 1561">
    <p class='ocr_par' dir='ltr' id='par_1_22' title="bbox 494 1476 2068 1561">
     <span class='ocr_line' id='line_1_22' title="bbox 494 1476 2068 1561; baseline 0.013 -31"><span class='ocrx_word' id='word_1_150' title='bbox 494 1476 682 1536; x_wconf 80' lang='lat' dir='ltr'><strong>aberat</strong></span> <span class='ocrx_word' id='word_1_151' title='bbox 713 1480 781 1535; x_wconf 85' lang='lat' dir='ltr'><strong>ab</strong></span> <span class='ocrx_word' id='word_1_152' title='bbox 810 1481 1016 1538; x_wconf 88' lang='lat' dir='ltr'><strong>Euboia</strong></span> <span class='ocrx_word' id='word_1_153' title='bbox 1050 1487 1245 1542; x_wconf 83' lang='lat' dir='ltr'><strong>stadiis</strong></span> <span class='ocrx_word' id='word_1_154' title='bbox 1263 1497 1482 1546; x_wconf 87' lang='lat' dir='ltr'><strong>centum</strong></span> <span class='ocrx_word' id='word_1_155' title='bbox 1509 1491 1928 1561; x_wconf 71' lang='lat' dir='ltr'><strong>quinquaginta.</strong></span> <span class='ocrx_word' id='word_1_156' title='bbox 1955 1492 2068 1549; x_wconf 88' lang='lat' dir='ltr'><strong>Nu-</strong></span> 
     </span>
    </p>
   </div>
   <div class='ocr_carea' id='block_1_23' title="bbox 491 1582 2070 1657">
    <p class='ocr_par' dir='ltr' id='par_1_23' title="bbox 491 1582 2070 1657">
     <span class='ocr_line' id='line_1_23' title="bbox 491 1582 2070 1657; baseline 0.013 -35"><span class='ocrx_word' id='word_1_157' title='bbox 491 1585 678 1625; x_wconf 88' lang='lat' dir='ltr'><strong>merus</strong></span> <span class='ocrx_word' id='word_1_158' title='bbox 695 1582 874 1629; x_wconf 89' lang='lat' dir='ltr'><strong>autem</strong></span> <span class='ocrx_word' id='word_1_159' title='bbox 899 1591 1093 1633; x_wconf 87' lang='lat' dir='ltr'><strong>eorum</strong></span> <span class='ocrx_word' id='word_1_160' title='bbox 1147 1582 1239 1650; x_wconf 87' lang='lat' dir='ltr'><strong>qui</strong></span> <span class='ocrx_word' id='word_1_161' title='bbox 1269 1597 1421 1638; x_wconf 89' lang='lat' dir='ltr'><strong>arma</strong></span> <span class='ocrx_word' id='word_1_162' title='bbox 1447 1583 1650 1640; x_wconf 80' lang='lat' dir='ltr'><strong>Thebis</strong></span> <span class='ocrx_word' id='word_1_163' title='bbox 1683 1587 1888 1641; x_wconf 80' lang='lat' dir='ltr'><strong>inferre</strong></span> <span class='ocrx_word' id='word_1_164' title='bbox 1907 1603 2070 1657; x_wconf 88' lang='lat' dir='ltr'><strong>para-</strong></span> 
     </span>
    </p>
   </div>
   <div class='ocr_carea' id='block_1_24' title="bbox 493 1662 2065 1747">
    <p class='ocr_par' dir='ltr' id='par_1_24' title="bbox 493 1662 2065 1747">
     <span class='ocr_line' id='line_1_24' title="bbox 493 1662 2065 1747; baseline 0.013 -33"><span class='ocrx_word' id='word_1_165' title='bbox 493 1662 647 1729; x_wconf 84' lang='lat' dir='ltr'><strong>bant,</strong></span> <span class='ocrx_word' id='word_1_166' title='bbox 667 1668 1134 1738; x_wconf 84' lang='lat' dir='ltr'><strong>complectebatur</strong></span> <span class='ocrx_word' id='word_1_167' title='bbox 1165 1688 1259 1728; x_wconf 82' lang='lat' dir='ltr'><strong>sex</strong></span> <span class='ocrx_word' id='word_1_168' title='bbox 1301 1675 1465 1729; x_wconf 85' lang='lat' dir='ltr'><strong>millia</strong></span> <span class='ocrx_word' id='word_1_169' title='bbox 1494 1677 1750 1732; x_wconf 90' lang='lat' dir='ltr'><strong>militum.</strong></span> <span class='ocrx_word' id='word_1_170' title='bbox 1772 1667 2065 1747; x_wconf 82' lang='lat' dir='ltr'><strong>Antonius,</strong></span> 
     </span>
    </p>
   </div>
   <div class='ocr_carea' id='block_1_25' title="bbox 2251 1407 3744 1483">
    <p class='ocr_par' dir='ltr' id='par_1_25' title="bbox 2251 1407 3744 1483">
     <span class='ocr_line' id='line_1_25' title="bbox 2251 1407 3744 1483; baseline 0.001 -22"><span class='ocrx_word' id='word_1_171' title='bbox 2251 1407 2514 1462; x_wconf 81' lang='grc' dir='ltr'><strong>Ἐνταῦθα</strong></span> <span class='ocrx_word' id='word_1_172' title='bbox 2537 1407 2630 1464; x_wconf 75' lang='grc' dir='ltr'><strong>οὖν</strong></span> <span class='ocrx_word' id='word_1_173' title='bbox 2664 1412 2738 1474; x_wconf 73' lang='grc' dir='ltr'><strong>ὡς</strong></span> <span class='ocrx_word' id='word_1_174' title='bbox 2785 1413 2833 1466; x_wconf 88' lang='grc' dir='ltr'><strong>οἰ</strong></span> <span class='ocrx_word' id='word_1_175' title='bbox 2859 1413 3112 1467; x_wconf 77' lang='grc' dir='ltr'><strong>Οὐενετοὶ</strong></span> <span class='ocrx_word' id='word_1_176' title='bbox 3154 1412 3478 1483; x_wconf 83' lang='grc' dir='ltr'><strong>ἐπορεύοντο</strong></span> <span class='ocrx_word' id='word_1_177' title='bbox 3505 1412 3595 1467; x_wconf 76' lang='grc' dir='ltr'><strong>ἐπὶ</strong></span> <span class='ocrx_word' id='word_1_178' title='bbox 3643 1411 3744 1482; x_wconf 78' lang='grc' dir='ltr'><strong>τὴν</strong></span> 
     </span>
    </p>
   </div>
   <div class='ocr_carea' id='block_1_26' title="bbox 2167 1499 3744 1579">
    <p class='ocr_par' dir='ltr' id='par_1_26' title="bbox 2167 1499 3744 1579">
     <span class='ocr_line' id='line_1_26' title="bbox 2167 1499 3744 1579; baseline 0.004 -27"><span class='ocrx_word' id='word_1_179' title='bbox 2167 1499 2362 1570; x_wconf 86' lang='grc' dir='ltr'><strong>Θηϐῶν</strong></span> <span class='ocrx_word' id='word_1_180' title='bbox 2416 1503 2589 1571; x_wconf 86' lang='grc' dir='ltr'><strong>πόλιν,</strong></span> <span class='ocrx_word' id='word_1_181' title='bbox 2647 1506 2814 1576; x_wconf 84' lang='grc' dir='ltr'><strong>διέχει</strong></span> <span class='ocrx_word' id='word_1_182' title='bbox 2842 1506 2890 1559; x_wconf 85' lang='grc' dir='ltr'><strong>δ’</strong></span> <span class='ocrx_word' id='word_1_183' title='bbox 2933 1508 2966 1578; x_wconf 81' lang='grc' dir='ltr'>ή</span> <span class='ocrx_word' id='word_1_184' title='bbox 3000 1507 3158 1571; x_wconf 80' lang='grc' dir='ltr'><strong>πόλις</strong></span> <span class='ocrx_word' id='word_1_185' title='bbox 3196 1507 3339 1579; x_wconf 78' lang='grc' dir='ltr'><strong>αὕτη</strong></span> <span class='ocrx_word' id='word_1_186' title='bbox 3378 1507 3483 1560; x_wconf 79' lang='grc' dir='ltr'><strong>ἀπὸ</strong></span> <span class='ocrx_word' id='word_1_187' title='bbox 3515 1505 3744 1569; x_wconf 80' lang='grc' dir='ltr'><strong>Εὐϐοίας</strong></span> 
     </span>
    </p>
   </div>
   <div class='ocr_carea' id='block_1_27' title="bbox 2168 1595 3737 1671">
    <p class='ocr_par' dir='ltr' id='par_1_27' title="bbox 2168 1595 3737 1671">
     <span class='ocr_line' id='line_1_27' title="bbox 2168 1595 3737 1671; baseline 0.002 -24"><span class='ocrx_word' id='word_1_188' title='bbox 2168 1595 2413 1659; x_wconf 81' lang='grc' dir='ltr'><strong>σταδίους</strong></span> <span class='ocrx_word' id='word_1_189' title='bbox 2439 1597 2572 1653; x_wconf 76' lang='grc' dir='ltr'><strong>ὡσεὶ</strong></span> <span class='ocrx_word' id='word_1_190' title='bbox 2603 1605 2700 1671; x_wconf 87' lang='grc' dir='ltr'><strong>ρν’,</strong></span> <span class='ocrx_word' id='word_1_191' title='bbox 2733 1601 2828 1654; x_wconf 78' lang='grc' dir='ltr'><strong>καὶ</strong></span> <span class='ocrx_word' id='word_1_192' title='bbox 2853 1600 3023 1671; x_wconf 76' lang='grc' dir='ltr'><strong>ᾔεσαν</strong></span> <span class='ocrx_word' id='word_1_193' title='bbox 3059 1600 3458 1669; x_wconf 81' lang='grc' dir='ltr'><strong>ἐξωπλισμένοι</strong></span> <span class='ocrx_word' id='word_1_194' title='bbox 3499 1616 3558 1652; x_wconf 91' lang='grc' dir='ltr'><strong>τε</strong></span> <span class='ocrx_word' id='word_1_195' title='bbox 3599 1599 3737 1668; x_wconf 75' lang='grc' dir='ltr'><strong>ἅμα,</strong></span> 
     </span>
    </p>
   </div>
   <div class='ocr_carea' id='block_1_28' title="bbox 2164 1685 3741 1761">
    <p class='ocr_par' dir='ltr' id='par_1_28' title="bbox 2164 1685 3741 1761">
     <span class='ocr_line' id='line_1_28' title="bbox 2164 1685 3741 1761; baseline 0 -21"><span class='ocrx_word' id='word_1_196' title='bbox 2164 1687 2261 1740; x_wconf 79' lang='grc' dir='ltr'><strong>καὶ</strong></span> <span class='ocrx_word' id='word_1_197' title='bbox 2286 1687 2471 1740; x_wconf 74' lang='grc' dir='ltr'><strong>πολλοὶ</strong></span> <span class='ocrx_word' id='word_1_198' title='bbox 2511 1689 2663 1754; x_wconf 77' lang='grc' dir='ltr'><strong>ὄντες</strong></span> <span class='ocrx_word' id='word_1_199' title='bbox 2693 1692 2784 1743; x_wconf 76' lang='grc' dir='ltr'><strong>ἐπὶ</strong></span> <span class='ocrx_word' id='word_1_200' title='bbox 2813 1692 2912 1754; x_wconf 86' lang='grc' dir='ltr'><strong>τάς</strong></span> <span class='ocrx_word' id='word_1_201' title='bbox 2949 1689 3157 1760; x_wconf 85' lang='grc' dir='ltr'><strong>Θήϐας,</strong></span> <span class='ocrx_word' id='word_1_202' title='bbox 3186 1685 3323 1761; x_wconf 82' lang='grc' dir='ltr'><strong>ἦσαν</strong></span> <span class='ocrx_word' id='word_1_203' title='bbox 3355 1688 3411 1742; x_wconf 84' lang='grc' dir='ltr'><strong>δὲ</strong></span> <span class='ocrx_word' id='word_1_204' title='bbox 3440 1689 3584 1758; x_wconf 76' lang='grc' dir='ltr'><strong>ἀμφὶ</strong></span> <span class='ocrx_word' id='word_1_205' title='bbox 3614 1689 3741 1751; x_wconf 77' lang='grc' dir='ltr'><strong>τοὺς</strong></span> 
     </span>
    </p>
   </div>
   <div class='ocr_carea' id='block_1_29' title="bbox 490 1760 2058 1867">
    <p class='ocr_par' dir='ltr' id='par_1_29' title="bbox 490 1760 2058 1843">
     <span class='ocr_line' id='line_1_29' title="bbox 490 1760 2058 1843; baseline 0.013 -33"><span class='ocrx_word' id='word_1_206' title='bbox 490 1773 615 1815; x_wconf 78' lang='lat' dir='ltr'><strong>cum</strong></span> <span class='ocrx_word' id='word_1_207' title='bbox 649 1760 704 1814; x_wconf 90' lang='lat' dir='ltr'><strong>in</strong></span> <span class='ocrx_word' id='word_1_208' title='bbox 747 1762 980 1818; x_wconf 88' lang='lat' dir='ltr'><strong>insidias</strong></span> <span class='ocrx_word' id='word_1_209' title='bbox 1021 1765 1182 1838; x_wconf 60' lang='lat' dir='ltr'><strong>lla.</strong></span> <span class='ocrx_word' id='word_1_210' title='bbox 1202 1767 1394 1826; x_wconf 87' lang='lat' dir='ltr'><strong>hostes</strong></span> <span class='ocrx_word' id='word_1_211' title='bbox 1427 1771 1750 1842; x_wconf 68' lang='lat' dir='ltr'><strong>praecipitati</strong></span> <span class='ocrx_word' id='word_1_212' title='bbox 1775 1785 1981 1843; x_wconf 86' lang='lat' dir='ltr'><strong>essent,</strong></span> <span class='ocrx_word' id='word_1_213' title='bbox 2005 1775 2058 1830; x_wconf 91' lang='lat' dir='ltr'><strong>in</strong></span> 
     </span>
    </p>
   </div>
   <div class='ocr_carea' id='block_1_30' title="bbox 2162 1760 3737 1867">
    <p class='ocr_par' dir='ltr' id='par_1_30' title="bbox 2163 1760 3737 1853">
     <span class='ocr_line' id='line_1_30' title="bbox 2163 1760 3737 1853; baseline -0.001 -20"><span class='ocrx_word' id='word_1_214' title='bbox 2163 1779 2581 1852; x_wconf 80' lang='grc' dir='ltr'><strong>ἑξακισχιλίους,</strong></span> <span class='ocrx_word' id='word_1_215' title='bbox 2613 1786 2890 1838; x_wconf 87' lang='grc' dir='ltr'><strong>ἐπιπεσὼν</strong></span> <span class='ocrx_word' id='word_1_216' title='bbox 2924 1786 3134 1847; x_wconf 79' lang='grc' dir='ltr'><strong>τούτοις</strong></span> <span class='ocrx_word' id='word_1_217' title='bbox 3169 1760 3321 1853; x_wconf 77' lang='grc' dir='ltr'><strong>ἄφνω</strong></span> <span class='ocrx_word' id='word_1_218' title='bbox 3350 1785 3377 1836; x_wconf 88' lang='grc' dir='ltr'>ὁ</span> <span class='ocrx_word' id='word_1_219' title='bbox 3431 1781 3737 1842; x_wconf 79' lang='grc' dir='ltr'><strong>Ἀντώνιος,</strong></span> 
     </span>
    </p>
   </div>
   <div class='ocr_carea' id='block_1_31' title="bbox 497 1847 2058 1947">
    <p class='ocr_par' dir='ltr' id='par_1_31' title="bbox 497 1847 2058 1935">
     <span class='ocr_line' id='line_1_31' title="bbox 497 1847 2058 1935; baseline 0.015 -35"><span class='ocrx_word' id='word_1_220' title='bbox 497 1847 600 1904; x_wconf 89' lang='lat' dir='ltr'><strong>hos</strong></span> <span class='ocrx_word' id='word_1_221' title='bbox 641 1853 882 1922; x_wconf 84' lang='lat' dir='ltr'><strong>undique</strong></span> <span class='ocrx_word' id='word_1_222' title='bbox 908 1865 1154 1921; x_wconf 90' lang='lat' dir='ltr'><strong>coortus,</strong></span> <span class='ocrx_word' id='word_1_223' title='bbox 1211 1859 1421 1916; x_wconf 88' lang='lat' dir='ltr'><strong>habens</strong></span> <span class='ocrx_word' id='word_1_224' title='bbox 1456 1862 1510 1916; x_wconf 90' lang='lat' dir='ltr'><strong>in</strong></span> <span class='ocrx_word' id='word_1_225' title='bbox 1573 1864 1806 1935; x_wconf 77' lang='lat' dir='ltr'><strong>singulis</strong></span> <span class='ocrx_word' id='word_1_226' title='bbox 1863 1867 2058 1926; x_wconf 87' lang='lat' dir='ltr'><strong>turmis</strong></span> 
     </span>
    </p>
   </div>
   <div class='ocr_carea' id='block_1_32' title="bbox 2162 1847 3736 1947">
    <p class='ocr_par' dir='ltr' id='par_1_32' title="bbox 2166 1847 3736 1947">
     <span class='ocr_line' id='line_1_32' title="bbox 2166 1847 3736 1947; baseline -0.001 -20"><span class='ocrx_word' id='word_1_227' title='bbox 2166 1873 2302 1945; x_wconf 78' lang='grc' dir='ltr'><strong>ἔχων</strong></span> <span class='ocrx_word' id='word_1_228' title='bbox 2336 1847 2477 1928; x_wconf 65' lang='grc' dir='ltr'><strong>διατά</strong></span> <span class='ocrx_word' id='word_1_229' title='bbox 2510 1847 2638 1940; x_wconf 80' lang='grc' dir='ltr'><strong>τοὺς</strong></span> <span class='ocrx_word' id='word_1_230' title='bbox 2690 1875 2882 1947; x_wconf 87' lang='grc' dir='ltr'><strong>λόχους</strong></span> <span class='ocrx_word' id='word_1_231' title='bbox 2909 1876 2970 1930; x_wconf 84' lang='grc' dir='ltr'><strong>οὐ</strong></span> <span class='ocrx_word' id='word_1_232' title='bbox 3011 1847 3231 1940; x_wconf 73' lang='grc' dir='ltr'><strong>πλείους</strong></span> <span class='ocrx_word' id='word_1_233' title='bbox 3259 1875 3367 1930; x_wconf 85' lang='grc' dir='ltr'><strong>τῶν</strong></span> <span class='ocrx_word' id='word_1_234' title='bbox 3390 1875 3736 1946; x_wconf 74' lang='grc' dir='ltr'><strong>τριακοσίων,</strong></span> 
     </span>
    </p>
   </div>
   <div class='ocr_carea' id='block_1_33' title="bbox 489 1945 2059 2031">
    <p class='ocr_par' dir='ltr' id='par_1_33' title="bbox 489 1945 2059 2031">
     <span class='ocr_line' id='line_1_33' title="bbox 489 1945 2059 2031; baseline 0.015 -36"><span class='ocrx_word' id='word_1_235' title='bbox 489 1957 601 1998; x_wconf 91' lang='lat' dir='ltr'><strong>non</strong></span> <span class='ocrx_word' id='word_1_236' title='bbox 649 1945 787 2002; x_wconf 88' lang='lat' dir='ltr'><strong>ultra</strong></span> <span class='ocrx_word' id='word_1_237' title='bbox 819 1956 901 2004; x_wconf 89' lang='lat' dir='ltr'><strong>ter</strong></span> <span class='ocrx_word' id='word_1_238' title='bbox 950 1961 1234 2030; x_wconf 79' lang='lat' dir='ltr'><strong>centenos,</strong></span> <span class='ocrx_word' id='word_1_239' title='bbox 1281 1955 1444 2011; x_wconf 89' lang='lat' dir='ltr'><strong>simul</strong></span> <span class='ocrx_word' id='word_1_240' title='bbox 1479 1957 1728 2028; x_wconf 87' lang='lat' dir='ltr'><strong>utrisque</strong></span> <span class='ocrx_word' id='word_1_241' title='bbox 1765 1975 2059 2031; x_wconf 80' lang='lat' dir='ltr'><strong>apparens,</strong></span> 
     </span>
    </p>
   </div>
   <div class='ocr_carea' id='block_1_34' title="bbox 491 2037 2064 2126">
    <p class='ocr_par' dir='ltr' id='par_1_34' title="bbox 491 2037 2064 2126">
     <span class='ocr_line' id='line_1_34' title="bbox 491 2037 2064 2126; baseline 0.015 -39"><span class='ocrx_word' id='word_1_242' title='bbox 491 2037 677 2095; x_wconf 89' lang='lat' dir='ltr'><strong>hostes</strong></span> <span class='ocrx_word' id='word_1_243' title='bbox 698 2041 876 2109; x_wconf 77' lang='lat' dir='ltr'><strong>fugam</strong></span> <span class='ocrx_word' id='word_1_244' title='bbox 909 2045 1154 2114; x_wconf 74' lang='lat' dir='ltr'><strong>arripere</strong></span> <span class='ocrx_word' id='word_1_245' title='bbox 1174 2049 1371 2116; x_wconf 81' lang='lat' dir='ltr'><strong>coegit,</strong></span> <span class='ocrx_word' id='word_1_246' title='bbox 1392 2048 1647 2118; x_wconf 89' lang='lat' dir='ltr'><strong>plurimis</strong></span> <span class='ocrx_word' id='word_1_247' title='bbox 1667 2053 1824 2110; x_wconf 66' lang='lat' dir='ltr'><strong>caesis</strong></span> <span class='ocrx_word' id='word_1_248' title='bbox 1858 2065 1912 2109; x_wconf 90' lang='lat' dir='ltr'><strong>et</strong></span> <span class='ocrx_word' id='word_1_249' title='bbox 1937 2071 2064 2126; x_wconf 88' lang='lat' dir='ltr'><strong>cap-</strong></span> 
     </span>
    </p>
   </div>
   <div class='ocr_carea' id='block_1_35' title="bbox 489 2129 2064 2219">
    <p class='ocr_par' dir='ltr' id='par_1_35' title="bbox 489 2129 2064 2219">
     <span class='ocr_line' id='line_1_35' title="bbox 489 2129 2064 2219; baseline 0.017 -41"><span class='ocrx_word' id='word_1_250' title='bbox 489 2129 582 2183; x_wconf 91' lang='lat' dir='ltr'><strong>tis.</strong></span> <span class='ocrx_word' id='word_1_251' title='bbox 613 2129 787 2187; x_wconf 77' lang='lat' dir='ltr'><strong>Etiam</strong></span> <span class='ocrx_word' id='word_1_252' title='bbox 817 2135 1094 2207; x_wconf 88' lang='lat' dir='ltr'><strong>principes</strong></span> <span class='ocrx_word' id='word_1_253' title='bbox 1143 2141 1451 2208; x_wconf 83' lang='lat' dir='ltr'><strong>quieorum</strong></span> <span class='ocrx_word' id='word_1_254' title='bbox 1488 2145 1765 2214; x_wconf 74' lang='lat' dir='ltr'><strong>regionem</strong></span> <span class='ocrx_word' id='word_1_255' title='bbox 1801 2149 2064 2219; x_wconf 82' lang='lat' dir='ltr'><strong>guberna-</strong></span> 
     </span>
    </p>
   </div>
   <div class='ocr_carea' id='block_1_36' title="bbox 488 2224 2062 2308">
    <p class='ocr_par' dir='ltr' id='par_1_36' title="bbox 488 2224 2062 2308">
     <span class='ocr_line' id='line_1_36' title="bbox 488 2224 2062 2308; baseline 0.014 -33"><span class='ocrx_word' id='word_1_256' title='bbox 488 2224 639 2288; x_wconf 83' lang='lat' dir='ltr'><strong>bant,</strong></span> <span class='ocrx_word' id='word_1_257' title='bbox 673 2226 818 2296; x_wconf 87' lang='lat' dir='ltr'><strong>cepit</strong></span> <span class='ocrx_word' id='word_1_258' title='bbox 855 2229 1032 2295; x_wconf 91' lang='lat' dir='ltr'><strong>vivos,</strong></span> <span class='ocrx_word' id='word_1_259' title='bbox 1062 2230 1200 2287; x_wconf 90' lang='lat' dir='ltr'><strong>Hinc</strong></span> <span class='ocrx_word' id='word_1_260' title='bbox 1233 2234 1436 2290; x_wconf 81' lang='lat' dir='ltr'><strong>cedens</strong></span> <span class='ocrx_word' id='word_1_261' title='bbox 1473 2253 1729 2295; x_wconf 86' lang='lat' dir='ltr'><strong>reversus</strong></span> <span class='ocrx_word' id='word_1_262' title='bbox 1757 2253 1859 2308; x_wconf 73' lang='lat' dir='ltr'><strong>esr,</strong></span> <span class='ocrx_word' id='word_1_263' title='bbox 1919 2245 2062 2297; x_wconf 87' lang='lat' dir='ltr'><strong>unde</strong></span> 
     </span>
    </p>
   </div>
   <div class='ocr_carea' id='block_1_37' title="bbox 487 2315 2058 2390">
    <p class='ocr_par' dir='ltr' id='par_1_37' title="bbox 487 2315 2058 2390">
     <span class='ocr_line' id='line_1_37' title="bbox 487 2315 2058 2390; baseline 0.015 -24"><span class='ocrx_word' id='word_1_264' title='bbox 487 2315 767 2385; x_wconf 79' lang='lat' dir='ltr'><strong>digressus</strong></span> <span class='ocrx_word' id='word_1_265' title='bbox 813 2331 950 2383; x_wconf 85' lang='lat' dir='ltr'><strong>erat,</strong></span> <span class='ocrx_word' id='word_1_266' title='bbox 1013 2323 1081 2378; x_wconf 93' lang='lat' dir='ltr'><strong>ad</strong></span> <span class='ocrx_word' id='word_1_267' title='bbox 1142 2324 1488 2383; x_wconf 87' lang='lat' dir='ltr'><strong>obsidionem</strong></span> <span class='ocrx_word' id='word_1_268' title='bbox 1553 2331 1914 2388; x_wconf 79' lang='lat' dir='ltr'><strong>Athenarum.</strong></span> <span class='ocrx_word' id='word_1_269' title='bbox 1978 2335 2058 2390; x_wconf 89' lang='lat' dir='ltr'><strong>Ad</strong></span> 
     </span>
    </p>
   </div>
   <div class='ocr_carea' id='block_1_38' title="bbox 486 2406 2059 2496">
    <p class='ocr_par' dir='ltr' id='par_1_38' title="bbox 486 2406 2059 2496">
     <span class='ocr_line' id='line_1_38' title="bbox 486 2406 2059 2496; baseline 0.016 -36"><span class='ocrx_word' id='word_1_270' title='bbox 486 2406 630 2463; x_wconf 88' lang='lat' dir='ltr'><strong>hanc</strong></span> <span class='ocrx_word' id='word_1_271' title='bbox 665 2410 853 2468; x_wconf 90' lang='lat' dir='ltr'><strong>urbem</strong></span> <span class='ocrx_word' id='word_1_272' title='bbox 888 2416 1072 2485; x_wconf 84' lang='lat' dir='ltr'><strong>copias</strong></span> <span class='ocrx_word' id='word_1_273' title='bbox 1119 2419 1330 2485; x_wconf 88' lang='lat' dir='ltr'><strong>habuit,</strong></span> <span class='ocrx_word' id='word_1_274' title='bbox 1391 2423 1570 2479; x_wconf 79' lang='lat' dir='ltr'><strong>donec</strong></span> <span class='ocrx_word' id='word_1_275' title='bbox 1613 2427 1835 2496; x_wconf 81' lang='lat' dir='ltr'><strong>quidam</strong></span> <span class='ocrx_word' id='word_1_276' title='bbox 1889 2429 2059 2484; x_wconf 82' lang='lat' dir='ltr'><strong>Athe-</strong></span> 
     </span>
    </p>
   </div>
   <div class='ocr_carea' id='block_1_39' title="bbox 487 2501 2056 2587">
    <p class='ocr_par' dir='ltr' id='par_1_39' title="bbox 487 2501 2056 2587">
     <span class='ocr_line' id='line_1_39' title="bbox 487 2501 2056 2587; baseline 0.015 -33"><span class='ocrx_word' id='word_1_277' title='bbox 487 2501 709 2560; x_wconf 88' lang='lat' dir='ltr'><strong>nienses</strong></span> <span class='ocrx_word' id='word_1_278' title='bbox 740 2515 901 2576; x_wconf 89' lang='lat' dir='ltr'><strong>pacto</strong></span> <span class='ocrx_word' id='word_1_279' title='bbox 936 2507 1310 2569; x_wconf 90' lang='lat' dir='ltr'><strong>intercedente</strong></span> <span class='ocrx_word' id='word_1_280' title='bbox 1337 2530 1433 2585; x_wconf 91' lang='lat' dir='ltr'><strong>per</strong></span> <span class='ocrx_word' id='word_1_281' title='bbox 1465 2518 1828 2587; x_wconf 87' lang='lat' dir='ltr'><strong>proditionem</strong></span> <span class='ocrx_word' id='word_1_282' title='bbox 1868 2523 2056 2577; x_wconf 93' lang='lat' dir='ltr'><strong>urbem</strong></span> 
     </span>
    </p>
   </div>
   <div class='ocr_carea' id='block_1_40' title="bbox 486 2595 2056 2684">
    <p class='ocr_par' dir='ltr' id='par_1_40' title="bbox 486 2595 2056 2684">
     <span class='ocr_line' id='line_1_40' title="bbox 486 2595 2056 2684; baseline 0.015 -37"><span class='ocrx_word' id='word_1_283' title='bbox 486 2595 630 2652; x_wconf 86' lang='lat' dir='ltr'><strong>hosti</strong></span> <span class='ocrx_word' id='word_1_284' title='bbox 652 2599 950 2656; x_wconf 88' lang='lat' dir='ltr'><strong>traderent.</strong></span> <span class='ocrx_word' id='word_1_285' title='bbox 984 2602 1194 2660; x_wconf 87' lang='lat' dir='ltr'><strong>Deinde</strong></span> <span class='ocrx_word' id='word_1_286' title='bbox 1222 2609 1411 2675; x_wconf 90' lang='lat' dir='ltr'><strong>paucis</strong></span> <span class='ocrx_word' id='word_1_287' title='bbox 1428 2610 1624 2666; x_wconf 87' lang='lat' dir='ltr'><strong>diebus</strong></span> <span class='ocrx_word' id='word_1_288' title='bbox 1654 2624 1842 2684; x_wconf 88' lang='lat' dir='ltr'><strong>postet</strong></span> <span class='ocrx_word' id='word_1_289' title='bbox 1875 2631 2056 2670; x_wconf 90' lang='lat' dir='ltr'><strong>arcem</strong></span> 
     </span>
    </p>
   </div>
   <div class='ocr_carea' id='block_1_41' title="bbox 485 2693 2059 2779">
    <p class='ocr_par' dir='ltr' id='par_1_41' title="bbox 485 2693 2059 2779">
     <span class='ocr_line' id='line_1_41' title="bbox 485 2693 2059 2779; baseline 0.015 -38"><span class='ocrx_word' id='word_1_290' title='bbox 485 2704 648 2758; x_wconf 85' lang='lat' dir='ltr'><strong>quam</strong></span> <span class='ocrx_word' id='word_1_291' title='bbox 708 2693 998 2753; x_wconf 84' lang='lat' dir='ltr'><strong>obsidione</strong></span> <span class='ocrx_word' id='word_1_292' title='bbox 1063 2701 1314 2770; x_wconf 84' lang='lat' dir='ltr'><strong>urgebat,</strong></span> <span class='ocrx_word' id='word_1_293' title='bbox 1347 2707 1654 2772; x_wconf 86' lang='lat' dir='ltr'><strong>occupavit,</strong></span> <span class='ocrx_word' id='word_1_294' title='bbox 1692 2707 2059 2779; x_wconf 81' lang='lat' dir='ltr'><strong>princepsque</strong></span> 
     </span>
    </p>
   </div>
   <div class='ocr_carea' id='block_1_42' title="bbox 485 2781 2057 2857">
    <p class='ocr_par' dir='ltr' id='par_1_42' title="bbox 485 2781 2057 2857">
     <span class='ocr_line' id='line_1_42' title="bbox 485 2781 2057 2857; baseline 0.013 -19"><span class='ocrx_word' id='word_1_295' title='bbox 485 2781 677 2838; x_wconf 81' lang='lat' dir='ltr'><strong>Atticae</strong></span> <span class='ocrx_word' id='word_1_296' title='bbox 706 2794 758 2838; x_wconf 91' lang='lat' dir='ltr'><strong>et</strong></span> <span class='ocrx_word' id='word_1_297' title='bbox 787 2786 1010 2843; x_wconf 71' lang='lat' dir='ltr'><strong>Boeotiae</strong></span> <span class='ocrx_word' id='word_1_298' title='bbox 1030 2790 1343 2849; x_wconf 88' lang='lat' dir='ltr'><strong>declaratus</strong></span> <span class='ocrx_word' id='word_1_299' title='bbox 1386 2805 1490 2851; x_wconf 87' lang='lat' dir='ltr'><strong>est.</strong></span> <span class='ocrx_word' id='word_1_300' title='bbox 1545 2799 1682 2855; x_wconf 84' lang='lat' dir='ltr'><strong>Cum</strong></span> <span class='ocrx_word' id='word_1_301' title='bbox 1721 2812 1903 2855; x_wconf 87' lang='lat' dir='ltr'><strong>autem</strong></span> <span class='ocrx_word' id='word_1_302' title='bbox 1963 2818 2057 2857; x_wconf 81' lang='lat' dir='ltr'><strong>ve-</strong></span> 
     </span>
    </p>
   </div>
   <div class='ocr_carea' id='block_1_43' title="bbox 485 2876 2051 2960">
    <p class='ocr_par' dir='ltr' id='par_1_43' title="bbox 485 2876 2051 2960">
     <span class='ocr_line' id='line_1_43' title="bbox 485 2876 2051 2960; baseline 0.011 -31"><span class='ocrx_word' id='word_1_303' title='bbox 485 2876 662 2935; x_wconf 86' lang='lat' dir='ltr'><strong>nisset</strong></span> <span class='ocrx_word' id='word_1_304' title='bbox 689 2879 802 2950; x_wconf 85' lang='lat' dir='ltr'><strong>jam</strong></span> <span class='ocrx_word' id='word_1_305' title='bbox 829 2889 958 2936; x_wconf 89' lang='lat' dir='ltr'><strong>ante</strong></span> <span class='ocrx_word' id='word_1_306' title='bbox 989 2883 1045 2937; x_wconf 91' lang='lat' dir='ltr'><strong>in</strong></span> <span class='ocrx_word' id='word_1_307' title='bbox 1078 2882 1288 2941; x_wconf 85' lang='lat' dir='ltr'><strong>Januas</strong></span> <span class='ocrx_word' id='word_1_308' title='bbox 1310 2885 1592 2956; x_wconf 87' lang='lat' dir='ltr'><strong>Pajazitis,</strong></span> <span class='ocrx_word' id='word_1_309' title='bbox 1643 2895 1939 2960; x_wconf 81' lang='lat' dir='ltr'><strong>superstite</strong></span> <span class='ocrx_word' id='word_1_310' title='bbox 1962 2895 2051 2947; x_wconf 52' lang='lat' dir='ltr'><strong>ad.</strong></span> 
     </span>
    </p>
   </div>
   <div class='ocr_carea' id='block_1_44' title="bbox 485 2973 2054 3052">
    <p class='ocr_par' dir='ltr' id='par_1_44' title="bbox 485 2973 2054 3052">
     <span class='ocr_line' id='line_1_44' title="bbox 485 2973 2054 3052; baseline 0.008 -26"><span class='ocrx_word' id='word_1_311' title='bbox 485 2973 591 3030; x_wconf 88' lang='lat' dir='ltr'><strong>huc</strong></span> <span class='ocrx_word' id='word_1_312' title='bbox 621 2981 796 3044; x_wconf 87' lang='lat' dir='ltr'><strong>patre,</strong></span> <span class='ocrx_word' id='word_1_313' title='bbox 822 2975 1026 3033; x_wconf 88' lang='lat' dir='ltr'><strong>deinde</strong></span> <span class='ocrx_word' id='word_1_314' title='bbox 1050 2993 1269 3048; x_wconf 87' lang='lat' dir='ltr'><strong>quoque</strong></span> <span class='ocrx_word' id='word_1_315' title='bbox 1331 2983 1574 3037; x_wconf 86' lang='lat' dir='ltr'><strong>accessit</strong></span> <span class='ocrx_word' id='word_1_316' title='bbox 1623 2983 1826 3041; x_wconf 86' lang='lat' dir='ltr'><strong>Januas</strong></span> <span class='ocrx_word' id='word_1_317' title='bbox 1866 2985 2054 3052; x_wconf 78' lang='lat' dir='ltr'><strong>Musis,</strong></span> 
     </span>
    </p>
   </div>
   <div class='ocr_carea' id='block_1_45' title="bbox 485 3064 2060 3136">
    <p class='ocr_par' dir='ltr' id='par_1_45' title="bbox 485 3064 2060 3136">
     <span class='ocr_line' id='line_1_45' title="bbox 485 3064 2060 3136; baseline 0.011 -17"><span class='ocrx_word' id='word_1_318' title='bbox 485 3064 864 3135; x_wconf 76' lang='lat' dir='ltr'><strong>Musulmanis,</strong></span> <span class='ocrx_word' id='word_1_319' title='bbox 894 3077 946 3124; x_wconf 90' lang='lat' dir='ltr'><strong>et</strong></span> <span class='ocrx_word' id='word_1_320' title='bbox 979 3070 1299 3130; x_wconf 84' lang='lat' dir='ltr'><strong>Mechmetis</strong></span> <span class='ocrx_word' id='word_1_321' title='bbox 1340 3074 1573 3131; x_wconf 81' lang='lat' dir='ltr'><strong>:Janu:e</strong></span> <span class='ocrx_word' id='word_1_322' title='bbox 1640 3079 1844 3134; x_wconf 85' lang='lat' dir='ltr'><strong>milites</strong></span> <span class='ocrx_word' id='word_1_323' title='bbox 1867 3097 2060 3136; x_wconf 80' lang='grc' dir='ltr'><strong>ιιιιιηο·</strong></span> 
     </span>
    </p>
   </div>
   <div class='ocr_carea' id='block_1_46' title="bbox 2163 1966 3737 2037">
    <p class='ocr_par' dir='ltr' id='par_1_46' title="bbox 2163 1966 3737 2037">
     <span class='ocr_line' id='line_1_46' title="bbox 2163 1966 3737 2037; baseline -0.004 -15"><span class='ocrx_word' id='word_1_324' title='bbox 2163 1970 2258 2022; x_wconf 83' lang='grc' dir='ltr'><strong>καί</strong></span> <span class='ocrx_word' id='word_1_325' title='bbox 2291 1968 2378 2021; x_wconf 84' lang='grc' dir='ltr'><strong>ἐπ’</strong></span> <span class='ocrx_word' id='word_1_326' title='bbox 2409 1971 2611 2037; x_wconf 75' lang='grc' dir='ltr'><strong>ἀμφοῖν</strong></span> <span class='ocrx_word' id='word_1_327' title='bbox 2639 1968 2756 2037; x_wconf 80' lang='grc' dir='ltr'><strong>ἅμα</strong></span> <span class='ocrx_word' id='word_1_328' title='bbox 2817 1970 3104 2037; x_wconf 74' lang='grc' dir='ltr'><strong>ἐπιφανεὶς</strong></span> <span class='ocrx_word' id='word_1_329' title='bbox 3164 1969 3278 2030; x_wconf 77' lang='grc' dir='ltr'><strong>τοῖς</strong></span> <span class='ocrx_word' id='word_1_330' title='bbox 3325 1967 3624 2030; x_wconf 82' lang='grc' dir='ltr'><strong>Ούενετοτς,</strong></span> <span class='ocrx_word' id='word_1_331' title='bbox 3681 1966 3737 2028; x_wconf 80' lang='grc' dir='ltr'><strong>ἐς</strong></span> 
     </span>
    </p>
   </div>
   <div class='ocr_carea' id='block_1_47' title="bbox 2167 2057 3736 2133">
    <p class='ocr_par' dir='ltr' id='par_1_47' title="bbox 2167 2057 3736 2133">
     <span class='ocr_line' id='line_1_47' title="bbox 2167 2057 3736 2133; baseline -0.007 -17"><span class='ocrx_word' id='word_1_332' title='bbox 2167 2063 2345 2133; x_wconf 80' lang='grc' dir='ltr'><strong>φυγήν</strong></span> <span class='ocrx_word' id='word_1_333' title='bbox 2373 2079 2428 2114; x_wconf 89' lang='grc' dir='ltr'><strong>τε</strong></span> <span class='ocrx_word' id='word_1_334' title='bbox 2455 2061 2740 2132; x_wconf 75' lang='grc' dir='ltr'><strong>ἐτρέψατο,</strong></span> <span class='ocrx_word' id='word_1_335' title='bbox 2763 2061 2856 2115; x_wconf 74' lang='grc' dir='ltr'><strong>καὶ</strong></span> <span class='ocrx_word' id='word_1_336' title='bbox 2887 2059 3116 2122; x_wconf 81' lang='grc' dir='ltr'><strong>πολλούς</strong></span> <span class='ocrx_word' id='word_1_337' title='bbox 3145 2078 3201 2114; x_wconf 90' lang='grc' dir='ltr'><strong>τε</strong></span> <span class='ocrx_word' id='word_1_338' title='bbox 3240 2059 3417 2114; x_wconf 79' lang='grc' dir='ltr'><strong>αὐτῶν</strong></span> <span class='ocrx_word' id='word_1_339' title='bbox 3439 2057 3736 2128; x_wconf 83' lang='grc' dir='ltr'><strong>διέφθειρε,</strong></span> 
     </span>
    </p>
   </div>
   <div class='ocr_carea' id='block_1_48' title="bbox 2166 2148 3737 2224">
    <p class='ocr_par' dir='ltr' id='par_1_48' title="bbox 2166 2148 3737 2224">
     <span class='ocr_line' id='line_1_48' title="bbox 2166 2148 3737 2224; baseline -0.004 -17"><span class='ocrx_word' id='word_1_340' title='bbox 2166 2155 2292 2216; x_wconf 84' lang='grc' dir='ltr'><strong>τοὺς</strong></span> <span class='ocrx_word' id='word_1_341' title='bbox 2313 2153 2366 2205; x_wconf 79' lang='grc' dir='ltr'><strong>δὲ</strong></span> <span class='ocrx_word' id='word_1_342' title='bbox 2387 2153 2690 2224; x_wconf 81' lang='grc' dir='ltr'><strong>ἐζώγρησε.</strong></span> <span class='ocrx_word' id='word_1_343' title='bbox 2728 2153 2834 2205; x_wconf 75' lang='grc' dir='ltr'><strong>Καὶ</strong></span> <span class='ocrx_word' id='word_1_344' title='bbox 2857 2153 2984 2214; x_wconf 82' lang='grc' dir='ltr'><strong>τοὺς</strong></span> <span class='ocrx_word' id='word_1_345' title='bbox 2999 2153 3118 2206; x_wconf 84' lang='grc' dir='ltr'><strong>τότε</strong></span> <span class='ocrx_word' id='word_1_346' title='bbox 3141 2151 3416 2222; x_wconf 78' lang='grc' dir='ltr'><strong>ἡγεμόνας</strong></span> <span class='ocrx_word' id='word_1_347' title='bbox 3435 2150 3530 2216; x_wconf 86' lang='grc' dir='ltr'><strong>τῆς</strong></span> <span class='ocrx_word' id='word_1_348' title='bbox 3554 2148 3737 2220; x_wconf 81' lang='grc' dir='ltr'><strong>χώρας</strong></span> 
     </span>
    </p>
   </div>
   <div class='ocr_carea' id='block_1_49' title="bbox 2168 2239 3736 2314">
    <p class='ocr_par' dir='ltr' id='par_1_49' title="bbox 2168 2239 3736 2314">
     <span class='ocr_line' id='line_1_49' title="bbox 2168 2239 3736 2314; baseline -0.006 -16"><span class='ocrx_word' id='word_1_349' title='bbox 2168 2244 2346 2298; x_wconf 84' lang='grc' dir='ltr'><strong>αὐτῶν</strong></span> <span class='ocrx_word' id='word_1_350' title='bbox 2377 2244 2678 2314; x_wconf 78' lang='grc' dir='ltr'><strong>ἐζώγρησε,</strong></span> <span class='ocrx_word' id='word_1_351' title='bbox 2710 2245 2803 2296; x_wconf 76' lang='grc' dir='ltr'><strong>καὶ</strong></span> <span class='ocrx_word' id='word_1_352' title='bbox 2833 2242 3010 2300; x_wconf 84' lang='grc' dir='ltr'><strong>ἀπιὼν</strong></span> <span class='ocrx_word' id='word_1_353' title='bbox 3041 2239 3195 2304; x_wconf 80' lang='grc' dir='ltr'><strong>αὖθις</strong></span> <span class='ocrx_word' id='word_1_354' title='bbox 3235 2243 3289 2305; x_wconf 78' lang='grc' dir='ltr'><strong>ἐς</strong></span> <span class='ocrx_word' id='word_1_355' title='bbox 3317 2239 3575 2302; x_wconf 83' lang='grc' dir='ltr'><strong>τούπίσω,</strong></span> <span class='ocrx_word' id='word_1_356' title='bbox 3605 2241 3736 2290; x_wconf 85' lang='grc' dir='ltr'><strong>ἐπο-</strong></span> 
     </span>
    </p>
   </div>
   <div class='ocr_carea' id='block_1_50' title="bbox 2167 2328 3735 2408">
    <p class='ocr_par' dir='ltr' id='par_1_50' title="bbox 2167 2328 3735 2408">
     <span class='ocr_line' id='line_1_50' title="bbox 2167 2328 3735 2408; baseline -0.006 -18"><span class='ocrx_word' id='word_1_357' title='bbox 2167 2337 2374 2408; x_wconf 84' lang='grc' dir='ltr'><strong>λιόρκει</strong></span> <span class='ocrx_word' id='word_1_358' title='bbox 2401 2336 2498 2408; x_wconf 79' lang='grc' dir='ltr'><strong>τὴν</strong></span> <span class='ocrx_word' id='word_1_359' title='bbox 2528 2336 2769 2403; x_wconf 79' lang='grc' dir='ltr'><strong>Ἀθηνῶν</strong></span> <span class='ocrx_word' id='word_1_360' title='bbox 2792 2335 2968 2398; x_wconf 86' lang='grc' dir='ltr'><strong>πόλιν,</strong></span> <span class='ocrx_word' id='word_1_361' title='bbox 3005 2337 3062 2398; x_wconf 82' lang='grc' dir='ltr'><strong>ἐς</strong></span> <span class='ocrx_word' id='word_1_362' title='bbox 3093 2333 3120 2386; x_wconf 86' lang='grc' dir='ltr'><strong>δ</strong></span> <span class='ocrx_word' id='word_1_363' title='bbox 3139 2335 3202 2404; x_wconf 84' lang='grc' dir='ltr'><strong>δὴ</strong></span> <span class='ocrx_word' id='word_1_364' title='bbox 3234 2331 3518 2402; x_wconf 80' lang='grc' dir='ltr'><strong>προδοσίαν</strong></span> <span class='ocrx_word' id='word_1_365' title='bbox 3546 2328 3735 2382; x_wconf 82' lang='grc' dir='ltr'><strong>συνθε-</strong></span> 
     </span>
    </p>
   </div>
   <div class='ocr_carea' id='block_1_51' title="bbox 2173 2424 3731 2501">
    <p class='ocr_par' dir='ltr' id='par_1_51' title="bbox 2173 2424 3731 2501">
     <span class='ocr_line' id='line_1_51' title="bbox 2173 2424 3731 2501; baseline -0.008 -17"><span class='ocrx_word' id='word_1_366' title='bbox 2173 2433 2351 2501; x_wconf 88' lang='grc' dir='ltr'><strong>μένων</strong></span> <span class='ocrx_word' id='word_1_367' title='bbox 2377 2431 2525 2500; x_wconf 80' lang='grc' dir='ltr'><strong>αύτῷ</strong></span> <span class='ocrx_word' id='word_1_368' title='bbox 2561 2431 2669 2485; x_wconf 87' lang='grc' dir='ltr'><strong>τῶν</strong></span> <span class='ocrx_word' id='word_1_369' title='bbox 2706 2429 3028 2496; x_wconf 77' lang='grc' dir='ltr'><strong>Ἀθηναίων,</strong></span> <span class='ocrx_word' id='word_1_370' title='bbox 3057 2429 3159 2498; x_wconf 84' lang='grc' dir='ltr'><strong>τήν</strong></span> <span class='ocrx_word' id='word_1_371' title='bbox 3195 2443 3253 2479; x_wconf 81' lang='grc' dir='ltr'><strong>τε</strong></span> <span class='ocrx_word' id='word_1_372' title='bbox 3289 2424 3443 2479; x_wconf 86' lang='grc' dir='ltr'><strong>πόλιν</strong></span> <span class='ocrx_word' id='word_1_373' title='bbox 3475 2424 3731 2491; x_wconf 74' lang='grc' dir='ltr'><strong>κατέσχε,</strong></span> 
     </span>
    </p>
   </div>
   <div class='ocr_carea' id='block_1_52' title="bbox 2169 2513 3734 2595">
    <p class='ocr_par' dir='ltr' id='par_1_52' title="bbox 2169 2513 3734 2595">
     <span class='ocr_line' id='line_1_52' title="bbox 2169 2513 3734 2595; baseline -0.01 -14"><span class='ocrx_word' id='word_1_374' title='bbox 2169 2529 2262 2581; x_wconf 71' lang='grc' dir='ltr'><strong>καὶ</strong></span> <span class='ocrx_word' id='word_1_375' title='bbox 2313 2527 2372 2579; x_wconf 83' lang='grc' dir='ltr'><strong>ού</strong></span> <span class='ocrx_word' id='word_1_376' title='bbox 2424 2523 2606 2595; x_wconf 87' lang='grc' dir='ltr'><strong>πολλῷ</strong></span> <span class='ocrx_word' id='word_1_377' title='bbox 2647 2523 2872 2593; x_wconf 79' lang='grc' dir='ltr'><strong>ὕστερον</strong></span> <span class='ocrx_word' id='word_1_378' title='bbox 2927 2519 3232 2589; x_wconf 83' lang='grc' dir='ltr'><strong>πολιορκῶν</strong></span> <span class='ocrx_word' id='word_1_379' title='bbox 3288 2517 3387 2585; x_wconf 79' lang='grc' dir='ltr'><strong>τὴν</strong></span> <span class='ocrx_word' id='word_1_380' title='bbox 3440 2513 3734 2584; x_wconf 84' lang='grc' dir='ltr'><strong>ἀκρόπολιν</strong></span> 
     </span>
    </p>
   </div>
   <div class='ocr_carea' id='block_1_53' title="bbox 2166 2606 3733 2688">
    <p class='ocr_par' dir='ltr' id='par_1_53' title="bbox 2166 2606 3733 2688">
     <span class='ocr_line' id='line_1_53' title="bbox 2166 2606 3733 2688; baseline -0.007 -18"><span class='ocrx_word' id='word_1_381' title='bbox 2166 2618 2578 2688; x_wconf 82' lang='grc' dir='ltr'><strong>παρεστήσατο,</strong></span> <span class='ocrx_word' id='word_1_382' title='bbox 2635 2616 2730 2668; x_wconf 66' lang='grc' dir='ltr'><strong>καὶ</strong></span> <span class='ocrx_word' id='word_1_383' title='bbox 2765 2613 3089 2684; x_wconf 78' lang='grc' dir='ltr'><strong>ἐτυράννευε</strong></span> <span class='ocrx_word' id='word_1_384' title='bbox 3118 2611 3217 2682; x_wconf 84' lang='grc' dir='ltr'><strong>τῆς</strong></span> <span class='ocrx_word' id='word_1_385' title='bbox 3246 2627 3303 2666; x_wconf 91' lang='grc' dir='ltr'><strong>τε</strong></span> <span class='ocrx_word' id='word_1_386' title='bbox 3342 2608 3593 2676; x_wconf 78' lang='grc' dir='ltr'><strong>Ἀττικῆς</strong></span> <span class='ocrx_word' id='word_1_387' title='bbox 3619 2606 3733 2675; x_wconf 71' lang='grc' dir='ltr'><strong>ἃμα</strong></span> 
     </span>
    </p>
   </div>
   <div class='ocr_carea' id='block_1_54' title="bbox 2165 2700 3734 2776">
    <p class='ocr_par' dir='ltr' id='par_1_54' title="bbox 2165 2700 3734 2776">
     <span class='ocr_line' id='line_1_54' title="bbox 2165 2700 3734 2776; baseline -0.007 -13"><span class='ocrx_word' id='word_1_388' title='bbox 2165 2712 2254 2763; x_wconf 73' lang='grc' dir='ltr'><strong>καὶ</strong></span> <span class='ocrx_word' id='word_1_389' title='bbox 2291 2710 2577 2772; x_wconf 83' lang='grc' dir='ltr'><strong>Βοιωτίας.</strong></span> <span class='ocrx_word' id='word_1_390' title='bbox 2632 2708 2742 2760; x_wconf 69' lang='grc' dir='ltr'><strong>Καὶ</strong></span> <span class='ocrx_word' id='word_1_391' title='bbox 2793 2708 3128 2776; x_wconf 85' lang='grc' dir='ltr'><strong>ἀφικόμενος</strong></span> <span class='ocrx_word' id='word_1_392' title='bbox 3186 2706 3244 2767; x_wconf 83' lang='grc' dir='ltr'><strong>ἐς</strong></span> <span class='ocrx_word' id='word_1_393' title='bbox 3275 2703 3374 2767; x_wconf 87' lang='grc' dir='ltr'><strong>τάς</strong></span> <span class='ocrx_word' id='word_1_394' title='bbox 3416 2700 3734 2770; x_wconf 79' lang='grc' dir='ltr'><strong>Παιαζήτεω</strong></span> 
     </span>
    </p>
   </div>
   <div class='ocr_carea' id='block_1_55' title="bbox 2165 2795 3728 2874">
    <p class='ocr_par' dir='ltr' id='par_1_55' title="bbox 2165 2795 3728 2874">
     <span class='ocr_line' id='line_1_55' title="bbox 2165 2795 3728 2874; baseline -0.008 -16"><span class='ocrx_word' id='word_1_395' title='bbox 2165 2806 2264 2873; x_wconf 87' lang='grc' dir='ltr'><strong>μὲν</strong></span> <span class='ocrx_word' id='word_1_396' title='bbox 2297 2805 2488 2874; x_wconf 80' lang='grc' dir='ltr'><strong>πρῶτα</strong></span> <span class='ocrx_word' id='word_1_397' title='bbox 2523 2802 2718 2873; x_wconf 77' lang='grc' dir='ltr'><strong>θύρας,</strong></span> <span class='ocrx_word' id='word_1_398' title='bbox 2753 2801 2847 2855; x_wconf 82' lang='grc' dir='ltr'><strong>τοῦ</strong></span> <span class='ocrx_word' id='word_1_399' title='bbox 2885 2800 3089 2868; x_wconf 80' lang='grc' dir='ltr'><strong>πατρὸς</strong></span> <span class='ocrx_word' id='word_1_400' title='bbox 3116 2797 3278 2852; x_wconf 79' lang='grc' dir='ltr'><strong>αὑτοῦ</strong></span> <span class='ocrx_word' id='word_1_401' title='bbox 3311 2797 3391 2850; x_wconf 78' lang='grc' dir='ltr'><strong>ἔτι</strong></span> <span class='ocrx_word' id='word_1_402' title='bbox 3425 2795 3728 2864; x_wconf 85' lang='grc' dir='ltr'><strong>περιόντος,</strong></span> 
     </span>
    </p>
   </div>
   <div class='ocr_carea' id='block_1_56' title="bbox 2165 2887 3730 2967">
    <p class='ocr_par' dir='ltr' id='par_1_56' title="bbox 2165 2887 3730 2967">
     <span class='ocr_line' id='line_1_56' title="bbox 2165 2887 3730 2967; baseline -0.006 -17"><span class='ocrx_word' id='word_1_403' title='bbox 2165 2897 2303 2967; x_wconf 82' lang='grc' dir='ltr'><strong>μετά</strong></span> <span class='ocrx_word' id='word_1_404' title='bbox 2334 2897 2387 2950; x_wconf 83' lang='grc' dir='ltr'><strong>δὲ</strong></span> <span class='ocrx_word' id='word_1_405' title='bbox 2416 2896 2588 2950; x_wconf 79' lang='grc' dir='ltr'><strong>ταῦτα</strong></span> <span class='ocrx_word' id='word_1_406' title='bbox 2635 2899 2692 2959; x_wconf 90' lang='grc' dir='ltr'><strong>ἐς</strong></span> <span class='ocrx_word' id='word_1_407' title='bbox 2719 2897 2816 2958; x_wconf 76' lang='grc' dir='ltr'><strong>τὰς</strong></span> <span class='ocrx_word' id='word_1_408' title='bbox 2860 2894 3104 2956; x_wconf 86' lang='grc' dir='ltr'><strong>Μωσέως</strong></span> <span class='ocrx_word' id='word_1_409' title='bbox 3129 2910 3189 2945; x_wconf 87' lang='grc' dir='ltr'><strong>τε</strong></span> <span class='ocrx_word' id='word_1_410' title='bbox 3230 2891 3324 2947; x_wconf 76' lang='grc' dir='ltr'><strong>καὶ</strong></span> <span class='ocrx_word' id='word_1_411' title='bbox 3365 2887 3730 2956; x_wconf 82' lang='grc' dir='ltr'><strong>Μουσουλμά-</strong></span> 
     </span>
    </p>
   </div>
   <div class='ocr_carea' id='block_1_57' title="bbox 2162 2983 3732 3061">
    <p class='ocr_par' dir='ltr' id='par_1_57' title="bbox 2162 2983 3732 3061">
     <span class='ocr_line' id='line_1_57' title="bbox 2162 2983 3732 3061; baseline -0.008 -17"><span class='ocrx_word' id='word_1_412' title='bbox 2162 3009 2288 3053; x_wconf 83' lang='grc' dir='ltr'><strong>νεω.</strong></span> <span class='ocrx_word' id='word_1_413' title='bbox 2323 2991 2417 3046; x_wconf 80' lang='grc' dir='ltr'><strong>καί</strong></span> <span class='ocrx_word' id='word_1_414' title='bbox 2475 2990 2538 3061; x_wconf 78' lang='grc' dir='ltr'><strong>δὴ</strong></span> <span class='ocrx_word' id='word_1_415' title='bbox 2574 2990 2668 3042; x_wconf 80' lang='grc' dir='ltr'><strong>καὶ</strong></span> <span class='ocrx_word' id='word_1_416' title='bbox 2733 2989 3042 3058; x_wconf 86' lang='grc' dir='ltr'><strong>Μεχμέτεω</strong></span> <span class='ocrx_word' id='word_1_417' title='bbox 3099 2984 3289 3054; x_wconf 83' lang='grc' dir='ltr'><strong>θύρας,</strong></span> <span class='ocrx_word' id='word_1_418' title='bbox 3327 2983 3622 3053; x_wconf 84' lang='grc' dir='ltr'><strong>ἐθεράπευέ</strong></span> <span class='ocrx_word' id='word_1_419' title='bbox 3668 2999 3732 3033; x_wconf 85' lang='grc' dir='ltr'><strong>τε</strong></span> 
     </span>
    </p>
   </div>
   <div class='ocr_carea' id='block_1_58' title="bbox 2164 3074 3732 3157">
    <p class='ocr_par' dir='ltr' id='par_1_58' title="bbox 2164 3074 3732 3157">
     <span class='ocr_line' id='line_1_58' title="bbox 2164 3074 3732 3157; baseline -0.01 -16"><span class='ocrx_word' id='word_1_420' title='bbox 2164 3086 2412 3157; x_wconf 81' lang='grc' dir='ltr'><strong>χρήμασι</strong></span> <span class='ocrx_word' id='word_1_421' title='bbox 2438 3084 2533 3139; x_wconf 75' lang='grc' dir='ltr'><strong>τὰς</strong></span> <span class='ocrx_word' id='word_1_422' title='bbox 2567 3082 2831 3154; x_wconf 84' lang='grc' dir='ltr'><strong>βασιλέως</strong></span> <span class='ocrx_word' id='word_1_423' title='bbox 2861 3080 3053 3151; x_wconf 87' lang='grc' dir='ltr'><strong>θύρας.</strong></span> <span class='ocrx_word' id='word_1_424' title='bbox 3093 3079 3203 3132; x_wconf 73' lang='grc' dir='ltr'><strong>Καὶ</strong></span> <span class='ocrx_word' id='word_1_425' title='bbox 3237 3077 3379 3130; x_wconf 75' lang='grc' dir='ltr'><strong>κατὰ</strong></span> <span class='ocrx_word' id='word_1_426' title='bbox 3409 3074 3506 3146; x_wconf 81' lang='grc' dir='ltr'><strong>τὴν</strong></span> <span class='ocrx_word' id='word_1_427' title='bbox 3547 3074 3732 3146; x_wconf 83' lang='grc' dir='ltr'><strong>χώραν</strong></span> 
     </span>
    </p>
   </div>
   <div class='ocr_carea' id='block_1_59' title="bbox 485 3153 2058 3250">
    <p class='ocr_par' dir='ltr' id='par_1_59' title="bbox 485 3161 2052 3238">
     <span class='ocr_line' id='line_1_59' title="bbox 485 3161 2052 3238; baseline 0.01 -24"><span class='ocrx_word' id='word_1_428' title='bbox 485 3161 642 3217; x_wconf 90' lang='lat' dir='ltr'><strong>ribus</strong></span> <span class='ocrx_word' id='word_1_429' title='bbox 669 3162 774 3218; x_wconf 85' lang='lat' dir='ltr'><strong>sibi</strong></span> <span class='ocrx_word' id='word_1_430' title='bbox 808 3164 1152 3234; x_wconf 85' lang='lat' dir='ltr'><strong>conciliavit,</strong></span> <span class='ocrx_word' id='word_1_431' title='bbox 1173 3175 1228 3220; x_wconf 90' lang='lat' dir='ltr'><strong>et</strong></span> <span class='ocrx_word' id='word_1_432' title='bbox 1261 3169 1313 3222; x_wconf 90' lang='lat' dir='ltr'><strong>in</strong></span> <span class='ocrx_word' id='word_1_433' title='bbox 1347 3170 1570 3238; x_wconf 83' lang='lat' dir='ltr'><strong>regione</strong></span> <span class='ocrx_word' id='word_1_434' title='bbox 1602 3187 1699 3226; x_wconf 86' lang='lat' dir='ltr'><strong>sua</strong></span> <span class='ocrx_word' id='word_1_435' title='bbox 1763 3173 2052 3228; x_wconf 89' lang='lat' dir='ltr'><strong>admodum</strong></span> 
     </span>
    </p>
   </div>
   <div class='ocr_carea' id='block_1_60' title="bbox 2162 3153 3731 3250">
    <p class='ocr_par' dir='ltr' id='par_1_60' title="bbox 2162 3153 3731 3250">
     <span class='ocr_line' id='line_1_60' title="bbox 2162 3153 3731 3250; baseline -0.009 -18"><span class='ocrx_word' id='word_1_436' title='bbox 2162 3153 2342 3250; x_wconf 64' lang='grc' dir='ltr'><strong>ἀρχῶν</strong></span> <span class='ocrx_word' id='word_1_437' title='bbox 2371 3175 2546 3238; x_wconf 81' lang='grc' dir='ltr'><strong>ἀδεῶς</strong></span> <span class='ocrx_word' id='word_1_438' title='bbox 2570 3153 2673 3228; x_wconf 75' lang='grc' dir='ltr'><strong>τοῦ</strong></span> <span class='ocrx_word' id='word_1_439' title='bbox 2732 3171 2924 3227; x_wconf 82' lang='grc' dir='ltr'><strong>λοιποῦ</strong></span> <span class='ocrx_word' id='word_1_440' title='bbox 2978 3172 3216 3242; x_wconf 82' lang='grc' dir='ltr'><strong>διῃτᾶτο.</strong></span> <span class='ocrx_word' id='word_1_441' title='bbox 3263 3168 3500 3236; x_wconf 80' lang='grc' dir='ltr'><strong>Λέγεται</strong></span> <span class='ocrx_word' id='word_1_442' title='bbox 3532 3168 3629 3237; x_wconf 84' lang='grc' dir='ltr'><strong>μὲν</strong></span> <span class='ocrx_word' id='word_1_443' title='bbox 3666 3167 3731 3234; x_wconf 86' lang='grc' dir='ltr'><strong>δὴ</strong></span> 
     </span>
    </p>
   </div>
   <div class='ocr_carea' id='block_1_61' title="bbox 485 3256 2056 3335">
    <p class='ocr_par' dir='ltr' id='par_1_61' title="bbox 485 3256 2056 3335">
     <span class='ocr_line' id='line_1_61' title="bbox 485 3256 2056 3335; baseline 0.008 -26"><span class='ocrx_word' id='word_1_444' title='bbox 485 3256 728 3311; x_wconf 86' lang='lat' dir='ltr'><strong>suaviter</strong></span> <span class='ocrx_word' id='word_1_445' title='bbox 756 3265 810 3310; x_wconf 93' lang='lat' dir='ltr'><strong>et</strong></span> <span class='ocrx_word' id='word_1_446' title='bbox 839 3258 1131 3328; x_wconf 89' lang='lat' dir='ltr'><strong>tranquille</strong></span> <span class='ocrx_word' id='word_1_447' title='bbox 1161 3259 1216 3314; x_wconf 89' lang='lat' dir='ltr'><strong>in</strong></span> <span class='ocrx_word' id='word_1_448' title='bbox 1251 3261 1520 3331; x_wconf 89' lang='lat' dir='ltr'><strong>reliquum</strong></span> <span class='ocrx_word' id='word_1_449' title='bbox 1551 3267 1823 3335; x_wconf 76' lang='lat' dir='ltr'><strong>regnavit.</strong></span> <span class='ocrx_word' id='word_1_450' title='bbox 1857 3267 2056 3324; x_wconf 88' lang='lat' dir='ltr'><strong>Dicunt</strong></span> 
     </span>
    </p>
   </div>
   <div class='ocr_carea' id='block_1_62' title="bbox 485 3349 2058 3416">
    <p class='ocr_par' dir='ltr' id='par_1_62' title="bbox 485 3349 2058 3416">
     <span class='ocr_line' id='line_1_62' title="bbox 485 3349 2058 3416; baseline 0.01 -17"><span class='ocrx_word' id='word_1_451' title='bbox 485 3351 632 3403; x_wconf 86' lang='lat' dir='ltr'><strong>hunc</strong></span> <span class='ocrx_word' id='word_1_452' title='bbox 673 3349 854 3406; x_wconf 78' lang='lat' dir='ltr'><strong>virum</strong></span> <span class='ocrx_word' id='word_1_453' title='bbox 910 3362 1106 3408; x_wconf 73' lang='lat' dir='ltr'><strong>caetera</strong></span> <span class='ocrx_word' id='word_1_454' title='bbox 1180 3355 1456 3410; x_wconf 91' lang='lat' dir='ltr'><strong>illustrem</strong></span> <span class='ocrx_word' id='word_1_455' title='bbox 1503 3359 1802 3414; x_wconf 78' lang='lat' dir='ltr'><strong>exstitisse.</strong></span> <span class='ocrx_word' id='word_1_456' title='bbox 1855 3359 2058 3416; x_wconf 88' lang='lat' dir='ltr'><strong>Deinde</strong></span> 
     </span>
    </p>
   </div>
   <div class='ocr_carea' id='block_1_63' title="bbox 485 3443 2054 3520">
    <p class='ocr_par' dir='ltr' id='par_1_63' title="bbox 485 3443 2054 3520">
     <span class='ocr_line' id='line_1_63' title="bbox 485 3443 2054 3520; baseline 0.007 -25"><span class='ocrx_word' id='word_1_457' title='bbox 485 3457 611 3498; x_wconf 87' lang='lat' dir='ltr'><strong>cum</strong></span> <span class='ocrx_word' id='word_1_458' title='bbox 641 3443 694 3498; x_wconf 92' lang='lat' dir='ltr'><strong>in</strong></span> <span class='ocrx_word' id='word_1_459' title='bbox 727 3445 993 3503; x_wconf 88' lang='lat' dir='ltr'><strong>ditionem</strong></span> <span class='ocrx_word' id='word_1_460' title='bbox 1029 3447 1336 3520; x_wconf 77' lang='lat' dir='ltr'><strong>redegisset</strong></span> <span class='ocrx_word' id='word_1_461' title='bbox 1382 3451 1646 3516; x_wconf 84' lang='lat' dir='ltr'><strong>Athenas,</strong></span> <span class='ocrx_word' id='word_1_462' title='bbox 1698 3451 1881 3508; x_wconf 82' lang='lat' dir='ltr'><strong>ferunt</strong></span> <span class='ocrx_word' id='word_1_463' title='bbox 1930 3471 2054 3508; x_wconf 86' lang='lat' dir='ltr'><strong>eum</strong></span> 
     </span>
    </p>
   </div>
   <div class='ocr_carea' id='block_1_64' title="bbox 485 3537 2055 3616">
    <p class='ocr_par' dir='ltr' id='par_1_64' title="bbox 485 3537 2055 3616">
     <span class='ocr_line' id='line_1_64' title="bbox 485 3537 2055 3616; baseline 0.011 -31"><span class='ocrx_word' id='word_1_464' title='bbox 485 3541 598 3590; x_wconf 89' lang='lat' dir='ltr'><strong>tum</strong></span> <span class='ocrx_word' id='word_1_465' title='bbox 640 3537 861 3592; x_wconf 84' lang='lat' dir='ltr'><strong>demum</strong></span> <span class='ocrx_word' id='word_1_466' title='bbox 890 3539 1095 3598; x_wconf 83' lang='lat' dir='ltr'><strong>abiisse</strong></span> <span class='ocrx_word' id='word_1_467' title='bbox 1124 3541 1192 3598; x_wconf 90' lang='lat' dir='ltr'><strong>ad</strong></span> <span class='ocrx_word' id='word_1_468' title='bbox 1223 3541 1430 3598; x_wconf 86' lang='lat' dir='ltr'><strong>Januas</strong></span> <span class='ocrx_word' id='word_1_469' title='bbox 1462 3545 1627 3615; x_wconf 81' lang='lat' dir='ltr'><strong>regis,</strong></span> <span class='ocrx_word' id='word_1_470' title='bbox 1655 3562 1794 3616; x_wconf 84' lang='lat' dir='ltr'><strong>quas</strong></span> <span class='ocrx_word' id='word_1_471' title='bbox 1826 3548 1930 3603; x_wconf 88' lang='lat' dir='ltr'><strong>sibi</strong></span> <span class='ocrx_word' id='word_1_472' title='bbox 1972 3553 2055 3602; x_wconf 89' lang='lat' dir='ltr'><strong>l&#39;a-</strong></span> 
     </span>
    </p>
   </div>
   <div class='ocr_carea' id='block_1_65' title="bbox 486 3627 2054 3697">
    <p class='ocr_par' dir='ltr' id='par_1_65' title="bbox 486 3627 2054 3697">
     <span class='ocr_line' id='line_1_65' title="bbox 486 3627 2054 3697; baseline 0.011 -19"><span class='ocrx_word' id='word_1_473' title='bbox 486 3627 804 3684; x_wconf 87' lang='lat' dir='ltr'><strong>miliaritale</strong></span> <span class='ocrx_word' id='word_1_474' title='bbox 837 3641 892 3683; x_wconf 90' lang='lat' dir='ltr'><strong>ct</strong></span> <span class='ocrx_word' id='word_1_475' title='bbox 942 3634 1255 3688; x_wconf 86' lang='lat' dir='ltr'><strong>arctissima</strong></span> <span class='ocrx_word' id='word_1_476' title='bbox 1320 3637 1732 3693; x_wconf 86' lang='lat' dir='ltr'><strong>necessitudine</strong></span> <span class='ocrx_word' id='word_1_477' title='bbox 1779 3639 2054 3697; x_wconf 81' lang='lat' dir='ltr'><strong>devinxit.</strong></span> 
     </span>
    </p>
   </div>
   <div class='ocr_carea' id='block_1_66' title="bbox 484 3719 2054 3802">
    <p class='ocr_par' dir='ltr' id='par_1_66' title="bbox 484 3719 2054 3802">
     <span class='ocr_line' id='line_1_66' title="bbox 484 3719 2054 3802; baseline 0.01 -31"><span class='ocrx_word' id='word_1_478' title='bbox 484 3719 852 3792; x_wconf 88' lang='lat' dir='ltr'><strong>Tyraunidem</strong></span> <span class='ocrx_word' id='word_1_479' title='bbox 881 3731 1060 3777; x_wconf 88' lang='lat' dir='ltr'><strong>autem</strong></span> <span class='ocrx_word' id='word_1_480' title='bbox 1084 3727 1351 3792; x_wconf 81' lang='lat' dir='ltr'><strong>exercuit,</strong></span> <span class='ocrx_word' id='word_1_481' title='bbox 1387 3728 1551 3784; x_wconf 89' lang='lat' dir='ltr'><strong>ducta</strong></span> <span class='ocrx_word' id='word_1_482' title='bbox 1613 3725 1811 3797; x_wconf 85' lang='lat' dir='ltr'><strong>privati</strong></span> <span class='ocrx_word' id='word_1_483' title='bbox 1857 3733 2054 3802; x_wconf 58' lang='lat' dir='ltr'><strong>cujus.</strong></span> 
     </span>
    </p>
   </div>
   <div class='ocr_carea' id='block_1_67' title="bbox 484 3812 2054 3890">
    <p class='ocr_par' dir='ltr' id='par_1_67' title="bbox 484 3812 2054 3890">
     <span class='ocr_line' id='line_1_67' title="bbox 484 3812 2054 3890; baseline 0.008 -24"><span class='ocrx_word' id='word_1_484' title='bbox 484 3813 607 3867; x_wconf 88' lang='lat' dir='ltr'><strong>dam</strong></span> <span class='ocrx_word' id='word_1_485' title='bbox 643 3812 888 3869; x_wconf 89' lang='lat' dir='ltr'><strong>Thebani</strong></span> <span class='ocrx_word' id='word_1_486' title='bbox 923 3815 1280 3873; x_wconf 84' lang='lat' dir='ltr'><strong>uxore.Cum</strong></span> <span class='ocrx_word' id='word_1_487' title='bbox 1334 3820 1480 3874; x_wconf 86' lang='lat' dir='ltr'><strong>enim</strong></span> <span class='ocrx_word' id='word_1_488' title='bbox 1527 3820 1772 3890; x_wconf 87' lang='lat' dir='ltr'><strong>nuptiale</strong></span> <span class='ocrx_word' id='word_1_489' title='bbox 1828 3838 2054 3882; x_wconf 84' lang='lat' dir='ltr'><strong>saerum</strong></span> 
     </span>
    </p>
   </div>
   <div class='ocr_carea' id='block_1_68' title="bbox 485 3907 2057 3980">
    <p class='ocr_par' dir='ltr' id='par_1_68' title="bbox 485 3907 2057 3980">
     <span class='ocr_line' id='line_1_68' title="bbox 485 3907 2057 3980; baseline 0.01 -23"><span class='ocrx_word' id='word_1_490' title='bbox 485 3914 808 3977; x_wconf 82' lang='lat' dir='ltr'><strong>peragentes</strong></span> <span class='ocrx_word' id='word_1_491' title='bbox 839 3907 892 3964; x_wconf 87' lang='lat' dir='ltr'><strong>in</strong></span> <span class='ocrx_word' id='word_1_492' title='bbox 940 3909 1146 3979; x_wconf 86' lang='lat' dir='ltr'><strong>nuptiis</strong></span> <span class='ocrx_word' id='word_1_493' title='bbox 1202 3910 1488 3980; x_wconf 82' lang='lat' dir='ltr'><strong>cujusdam</strong></span> <span class='ocrx_word' id='word_1_494' title='bbox 1522 3910 1770 3969; x_wconf 84' lang='lat' dir='ltr'><strong>Thebani</strong></span> <span class='ocrx_word' id='word_1_495' title='bbox 1828 3915 2057 3972; x_wconf 87' lang='lat' dir='ltr'><strong>choreas</strong></span> 
     </span>
    </p>
   </div>
   <div class='ocr_carea' id='block_1_69' title="bbox 483 4000 2059 4071">
    <p class='ocr_par' dir='ltr' id='par_1_69' title="bbox 483 4000 2059 4071">
     <span class='ocr_line' id='line_1_69' title="bbox 483 4000 2059 4071; baseline 0.007 -21"><span class='ocrx_word' id='word_1_496' title='bbox 483 4000 775 4064; x_wconf 87' lang='lat' dir='ltr'><strong>ducerent,</strong></span> <span class='ocrx_word' id='word_1_497' title='bbox 805 4001 996 4054; x_wconf 89' lang='lat' dir='ltr'><strong>aderat</strong></span> <span class='ocrx_word' id='word_1_498' title='bbox 1035 4011 1089 4055; x_wconf 86' lang='lat' dir='ltr'><strong>et</strong></span> <span class='ocrx_word' id='word_1_499' title='bbox 1127 4003 1438 4058; x_wconf 84' lang='lat' dir='ltr'><strong>sacerdotis</strong></span> <span class='ocrx_word' id='word_1_500' title='bbox 1469 4005 1756 4071; x_wconf 89' lang='lat' dir='ltr'><strong>cujusdam</strong></span> <span class='ocrx_word' id='word_1_501' title='bbox 1790 4005 1924 4067; x_wconf 80' lang='lat' dir='ltr'><strong>lilia.</strong></span> <span class='ocrx_word' id='word_1_502' title='bbox 1949 4023 2059 4060; x_wconf 90' lang='lat' dir='ltr'><strong>ma-</strong></span> 
     </span>
    </p>
   </div>
   <div class='ocr_carea' id='block_1_70' title="bbox 483 4089 2055 4164">
    <p class='ocr_par' dir='ltr' id='par_1_70' title="bbox 483 4089 2055 4164">
     <span class='ocr_line' id='line_1_70' title="bbox 483 4089 2055 4164; baseline 0.006 -22"><span class='ocrx_word' id='word_1_503' title='bbox 483 4092 656 4147; x_wconf 79' lang='lat' dir='ltr'><strong>ritum</strong></span> <span class='ocrx_word' id='word_1_504' title='bbox 690 4089 904 4147; x_wconf 88' lang='lat' dir='ltr'><strong>habens</strong></span> <span class='ocrx_word' id='word_1_505' title='bbox 941 4092 1115 4147; x_wconf 82' lang='lat' dir='ltr'><strong>forma</strong></span> <span class='ocrx_word' id='word_1_506' title='bbox 1171 4093 1387 4164; x_wconf 87' lang='lat' dir='ltr'><strong>quidem</strong></span> <span class='ocrx_word' id='word_1_507' title='bbox 1426 4095 1721 4162; x_wconf 89' lang='lat' dir='ltr'><strong>luculenta,</strong></span> <span class='ocrx_word' id='word_1_508' title='bbox 1778 4096 2055 4152; x_wconf 84' lang='lat' dir='ltr'><strong>moribus-</strong></span> 
     </span>
    </p>
   </div>
   <div class='ocr_carea' id='block_1_71' title="bbox 482 4184 2054 4262">
    <p class='ocr_par' dir='ltr' id='par_1_71' title="bbox 482 4184 2054 4262">
     <span class='ocr_line' id='line_1_71' title="bbox 482 4184 2054 4262; baseline 0.003 -23"><span class='ocrx_word' id='word_1_509' title='bbox 482 4199 588 4251; x_wconf 89' lang='lat' dir='ltr'><strong>que</strong></span> <span class='ocrx_word' id='word_1_510' title='bbox 615 4184 860 4239; x_wconf 81' lang='lat' dir='ltr'><strong>venustis</strong></span> <span class='ocrx_word' id='word_1_511' title='bbox 900 4194 953 4240; x_wconf 88' lang='lat' dir='ltr'><strong>et</strong></span> <span class='ocrx_word' id='word_1_512' title='bbox 988 4186 1256 4244; x_wconf 88' lang='lat' dir='ltr'><strong>modestis</strong></span> <span class='ocrx_word' id='word_1_513' title='bbox 1283 4188 1590 4256; x_wconf 69' lang='lat' dir='ltr'><strong>praeditum.</strong></span> <span class='ocrx_word' id='word_1_514' title='bbox 1628 4187 1780 4244; x_wconf 87' lang='lat' dir='ltr'><strong>Hanc</strong></span> <span class='ocrx_word' id='word_1_515' title='bbox 1842 4190 1899 4244; x_wconf 91' lang='lat' dir='ltr'><strong>in</strong></span> <span class='ocrx_word' id='word_1_516' title='bbox 1932 4189 2054 4262; x_wconf 86' lang='lat' dir='ltr'><strong>ipsa</strong></span> 
     </span>
    </p>
   </div>
   <div class='ocr_carea' id='block_1_72' title="bbox 483 4277 2057 4348">
    <p class='ocr_par' dir='ltr' id='par_1_72' title="bbox 483 4277 2057 4348">
     <span class='ocr_line' id='line_1_72' title="bbox 483 4277 2057 4348; baseline 0.004 -18"><span class='ocrx_word' id='word_1_517' title='bbox 483 4279 688 4331; x_wconf 89' lang='lat' dir='ltr'><strong>chorea</strong></span> <span class='ocrx_word' id='word_1_518' title='bbox 720 4277 1020 4335; x_wconf 87' lang='lat' dir='ltr'><strong>adamavit.</strong></span> <span class='ocrx_word' id='word_1_519' title='bbox 1048 4278 1248 4334; x_wconf 83' lang='lat' dir='ltr'><strong>Amore</strong></span> <span class='ocrx_word' id='word_1_520' title='bbox 1271 4289 1448 4334; x_wconf 85' lang='lat' dir='ltr'><strong>autem</strong></span> <span class='ocrx_word' id='word_1_521' title='bbox 1477 4297 1688 4348; x_wconf 88' lang='lat' dir='ltr'><strong>amens,</strong></span> <span class='ocrx_word' id='word_1_522' title='bbox 1713 4282 1852 4336; x_wconf 89' lang='lat' dir='ltr'><strong>haud</strong></span> <span class='ocrx_word' id='word_1_523' title='bbox 1886 4284 2057 4336; x_wconf 90' lang='lat' dir='ltr'><strong>multo</strong></span> 
     </span>
    </p>
   </div>
   <div class='ocr_carea' id='block_1_73' title="bbox 483 4373 2057 4445">
    <p class='ocr_par' dir='ltr' id='par_1_73' title="bbox 483 4373 2057 4445">
     <span class='ocr_line' id='line_1_73' title="bbox 483 4373 2057 4445; baseline 0.005 -23"><span class='ocrx_word' id='word_1_524' title='bbox 483 4379 728 4440; x_wconf 88' lang='lat' dir='ltr'><strong>tempore</strong></span> <span class='ocrx_word' id='word_1_525' title='bbox 760 4381 884 4440; x_wconf 88' lang='lat' dir='ltr'><strong>post</strong></span> <span class='ocrx_word' id='word_1_526' title='bbox 917 4386 1037 4426; x_wconf 88' lang='lat' dir='ltr'><strong>eam</strong></span> <span class='ocrx_word' id='word_1_527' title='bbox 1080 4373 1186 4426; x_wconf 88' lang='lat' dir='ltr'><strong>sibi</strong></span> <span class='ocrx_word' id='word_1_528' title='bbox 1228 4373 1578 4430; x_wconf 86' lang='lat' dir='ltr'><strong>matrimonio</strong></span> <span class='ocrx_word' id='word_1_529' title='bbox 1627 4375 1830 4445; x_wconf 78' lang='lat' dir='ltr'><strong>junxit.</strong></span> <span class='ocrx_word' id='word_1_530' title='bbox 1864 4375 2057 4430; x_wconf 86' lang='lat' dir='ltr'><strong>Felici-</strong></span> 
     </span>
    </p>
   </div>
   <div class='ocr_carea' id='block_1_74' title="bbox 483 4463 2052 4535">
    <p class='ocr_par' dir='ltr' id='par_1_74' title="bbox 483 4463 2052 4535">
     <span class='ocr_line' id='line_1_74' title="bbox 483 4463 2052 4535; baseline 0.001 -18"><span class='ocrx_word' id='word_1_531' title='bbox 483 4475 667 4532; x_wconf 84' lang='lat' dir='ltr'><strong>terque</strong></span> <span class='ocrx_word' id='word_1_532' title='bbox 701 4465 867 4518; x_wconf 88' lang='lat' dir='ltr'><strong>vitam</strong></span> <span class='ocrx_word' id='word_1_533' title='bbox 903 4463 1172 4535; x_wconf 72' lang='lat' dir='ltr'><strong>egit,cum</strong></span> <span class='ocrx_word' id='word_1_534' title='bbox 1203 4465 1566 4535; x_wconf 89' lang='lat' dir='ltr'><strong>principatum</strong></span> <span class='ocrx_word' id='word_1_535' title='bbox 1597 4469 1661 4521; x_wconf 87' lang='lat' dir='ltr'><strong>ad</strong></span> <span class='ocrx_word' id='word_1_536' title='bbox 1684 4483 1808 4522; x_wconf 89' lang='lat' dir='ltr'><strong>eum</strong></span> <span class='ocrx_word' id='word_1_537' title='bbox 1836 4467 2052 4522; x_wconf 88' lang='lat' dir='ltr'><strong>modum</strong></span> 
     </span>
    </p>
   </div>
   <div class='ocr_carea' id='block_1_75' title="bbox 482 4555 2058 4628">
    <p class='ocr_par' dir='ltr' id='par_1_75' title="bbox 482 4555 2058 4628">
     <span class='ocr_line' id='line_1_75' title="bbox 482 4555 2058 4628; baseline 0.003 -21"><span class='ocrx_word' id='word_1_538' title='bbox 482 4556 838 4618; x_wconf 84' lang='lat' dir='ltr'><strong>instituisset,</strong></span> <span class='ocrx_word' id='word_1_539' title='bbox 871 4570 983 4625; x_wconf 90' lang='lat' dir='ltr'><strong>quo</strong></span> <span class='ocrx_word' id='word_1_540' title='bbox 1027 4555 1130 4612; x_wconf 87' lang='lat' dir='ltr'><strong>sibi</strong></span> <span class='ocrx_word' id='word_1_541' title='bbox 1165 4557 1391 4625; x_wconf 88' lang='lat' dir='ltr'><strong>suisque</strong></span> <span class='ocrx_word' id='word_1_542' title='bbox 1413 4565 1466 4612; x_wconf 87' lang='lat' dir='ltr'><strong>et</strong></span> <span class='ocrx_word' id='word_1_543' title='bbox 1498 4557 1618 4613; x_wconf 87' lang='lat' dir='ltr'><strong>aliis</strong></span> <span class='ocrx_word' id='word_1_544' title='bbox 1673 4561 1905 4612; x_wconf 83' lang='lat' dir='ltr'><strong>maxime</strong></span> <span class='ocrx_word' id='word_1_545' title='bbox 1961 4573 2058 4628; x_wconf 87' lang='lat' dir='ltr'><strong>op-</strong></span> 
     </span>
    </p>
   </div>
   <div class='ocr_carea' id='block_1_76' title="bbox 482 4647 2058 4723">
    <p class='ocr_par' dir='ltr' id='par_1_76' title="bbox 482 4647 2058 4723">
     <span class='ocr_line' id='line_1_76' title="bbox 482 4647 2058 4723; baseline 0.003 -23"><span class='ocrx_word' id='word_1_546' title='bbox 482 4657 716 4715; x_wconf 86' lang='lat' dir='ltr'><strong>portune</strong></span> <span class='ocrx_word' id='word_1_547' title='bbox 740 4647 941 4706; x_wconf 85' lang='lat' dir='ltr'><strong>habere</strong></span> <span class='ocrx_word' id='word_1_548' title='bbox 974 4647 1281 4703; x_wconf 88' lang='lat' dir='ltr'><strong>videbatur.</strong></span> <span class='ocrx_word' id='word_1_549' title='bbox 1298 4649 1472 4703; x_wconf 81' lang='lat' dir='ltr'><strong>Aleoti</strong></span> <span class='ocrx_word' id='word_1_550' title='bbox 1508 4648 1623 4723; x_wconf 79' lang='lat'><strong>(&#39;50)</strong></span> <span class='ocrx_word' id='word_1_551' title='bbox 1657 4649 1825 4704; x_wconf 91' lang='lat' dir='ltr'><strong>lilium</strong></span> <span class='ocrx_word' id='word_1_552' title='bbox 1847 4649 2058 4723; x_wconf 62' lang='lat' dir='ltr'><strong>Egilia:</strong></span> 
     </span>
    </p>
   </div>
   <div class='ocr_carea' id='block_1_77' title="bbox 481 4740 2059 4814">
    <p class='ocr_par' dir='ltr' id='par_1_77' title="bbox 481 4740 2059 4814">
     <span class='ocr_line' id='line_1_77' title="bbox 481 4740 2059 4814; baseline 0.004 -22"><span class='ocrx_word' id='word_1_553' title='bbox 481 4741 814 4809; x_wconf 89' lang='lat' dir='ltr'><strong>principem,</strong></span> <span class='ocrx_word' id='word_1_554' title='bbox 841 4740 934 4810; x_wconf 92' lang='lat' dir='ltr'><strong>qui</strong></span> <span class='ocrx_word' id='word_1_555' title='bbox 963 4743 1214 4811; x_wconf 84' lang='lat' dir='ltr'><strong>corporis</strong></span> <span class='ocrx_word' id='word_1_556' title='bbox 1250 4741 1577 4796; x_wconf 78' lang='lat' dir='ltr'><strong>fortitudine</strong></span> <span class='ocrx_word' id='word_1_557' title='bbox 1611 4744 1933 4812; x_wconf 67' lang='lat' dir='ltr'><strong>praestabat,</strong></span> <span class='ocrx_word' id='word_1_558' title='bbox 1967 4760 2059 4814; x_wconf 79' lang='lat' dir='ltr'><strong>ge-</strong></span> 
     </span>
    </p>
   </div>
   <div class='ocr_carea' id='block_1_78' title="bbox 486 4833 2056 4906">
    <p class='ocr_par' dir='ltr' id='par_1_78' title="bbox 486 4833 2056 4906">
     <span class='ocr_line' id='line_1_78' title="bbox 486 4833 2056 4906; baseline 0.001 -16"><span class='ocrx_word' id='word_1_559' title='bbox 486 4848 681 4890; x_wconf 88' lang='lat' dir='ltr'><strong>nerum</strong></span> <span class='ocrx_word' id='word_1_560' title='bbox 712 4833 928 4898; x_wconf 89' lang='lat' dir='ltr'><strong>ascivit,</strong></span> <span class='ocrx_word' id='word_1_561' title='bbox 965 4833 1093 4890; x_wconf 87' lang='lat' dir='ltr'><strong>data</strong></span> <span class='ocrx_word' id='word_1_562' title='bbox 1122 4834 1171 4888; x_wconf 91' lang='lat' dir='ltr'><strong>ei</strong></span> <span class='ocrx_word' id='word_1_563' title='bbox 1207 4850 1372 4903; x_wconf 86' lang='lat' dir='ltr'><strong>quam</strong></span> <span class='ocrx_word' id='word_1_564' title='bbox 1405 4835 1778 4906; x_wconf 80' lang='lat' dir='ltr'><strong>adaptaverat,</strong></span> <span class='ocrx_word' id='word_1_565' title='bbox 1830 4837 1882 4890; x_wconf 93' lang='lat' dir='ltr'><strong>in</strong></span> <span class='ocrx_word' id='word_1_566' title='bbox 1918 4853 2056 4892; x_wconf 80' lang='lat' dir='ltr'><strong>uxo-</strong></span> 
     </span>
    </p>
   </div>
   <div class='ocr_carea' id='block_1_79' title="bbox 484 4925 2052 4998">
    <p class='ocr_par' dir='ltr' id='par_1_79' title="bbox 484 4925 2052 4998">
     <span class='ocr_line' id='line_1_79' title="bbox 484 4925 2052 4998; baseline 0.001 -14"><span class='ocrx_word' id='word_1_567' title='bbox 484 4927 782 4994; x_wconf 83' lang='lat' dir='ltr'><strong>rem,lilia.</strong></span> <span class='ocrx_word' id='word_1_568' title='bbox 811 4925 1014 4983; x_wconf 82' lang='lat' dir='ltr'><strong>Habuit</strong></span> <span class='ocrx_word' id='word_1_569' title='bbox 1039 4935 1094 4981; x_wconf 85' lang='lat' dir='ltr'><strong>et</strong></span> <span class='ocrx_word' id='word_1_570' title='bbox 1123 4927 1284 4982; x_wconf 89' lang='lat' dir='ltr'><strong>aliam</strong></span> <span class='ocrx_word' id='word_1_571' title='bbox 1340 4928 1505 4986; x_wconf 78' lang='lat' dir='ltr'><strong>tiliam</strong></span> <span class='ocrx_word' id='word_1_572' title='bbox 1559 4929 1895 4998; x_wconf 82' lang='lat' dir='ltr'><strong>adoptivam,</strong></span> <span class='ocrx_word' id='word_1_573' title='bbox 1944 4947 2052 4998; x_wconf 88' lang='lat' dir='ltr'><strong>qua</strong></span> 
     </span>
    </p>
   </div>
   <div class='ocr_carea' id='block_1_80' title="bbox 483 5019 2048 5090">
    <p class='ocr_par' dir='ltr' id='par_1_80' title="bbox 483 5019 2048 5090">
     <span class='ocr_line' id='line_1_80' title="bbox 483 5019 2048 5090; baseline 0.001 -15"><span class='ocrx_word' id='word_1_574' title='bbox 483 5021 585 5075; x_wconf 73' lang='lat' dir='ltr'><strong>sibi</strong></span> <span class='ocrx_word' id='word_1_575' title='bbox 615 5035 875 5089; x_wconf 79' lang='lat' dir='ltr'><strong>generum</strong></span> <span class='ocrx_word' id='word_1_576' title='bbox 908 5021 1119 5090; x_wconf 88' lang='lat' dir='ltr'><strong>paravit</strong></span> <span class='ocrx_word' id='word_1_577' title='bbox 1145 5019 1402 5090; x_wconf 84' lang='lat' dir='ltr'><strong>juvenem</strong></span> <span class='ocrx_word' id='word_1_578' title='bbox 1422 5023 1710 5090; x_wconf 87' lang='lat' dir='ltr'><strong>quemdam</strong></span> <span class='ocrx_word' id='word_1_579' title='bbox 1743 5023 1810 5076; x_wconf 90' lang='lat' dir='ltr'><strong>ab</strong></span> <span class='ocrx_word' id='word_1_580' title='bbox 1843 5024 2048 5076; x_wconf 86' lang='lat' dir='ltr'><strong>Euboia</strong></span> 
     </span>
    </p>
   </div>
   <div class='ocr_carea' id='block_1_81' title="bbox 482 5111 2051 5178">
    <p class='ocr_par' dir='ltr' id='par_1_81' title="bbox 482 5111 2051 5178">
     <span class='ocr_line' id='line_1_81' title="bbox 482 5111 2051 5178; baseline 0.001 -14"><span class='ocrx_word' id='word_1_581' title='bbox 482 5111 799 5178; x_wconf 83' lang='lat' dir='ltr'><strong>oriundum,</strong></span> <span class='ocrx_word' id='word_1_582' title='bbox 825 5111 973 5168; x_wconf 90' lang='lat' dir='ltr'><strong>claro</strong></span> <span class='ocrx_word' id='word_1_583' title='bbox 1004 5113 1123 5167; x_wconf 93' lang='lat' dir='ltr'><strong>loco</strong></span> <span class='ocrx_word' id='word_1_584' title='bbox 1143 5121 1356 5166; x_wconf 89' lang='lat' dir='ltr'><strong>natum.</strong></span> <span class='ocrx_word' id='word_1_585' title='bbox 1386 5113 1671 5168; x_wconf 86' lang='lat' dir='ltr'><strong>Postremo</strong></span> <span class='ocrx_word' id='word_1_586' title='bbox 1695 5129 1816 5166; x_wconf 84' lang='lat' dir='ltr'><strong>cum</strong></span> <span class='ocrx_word' id='word_1_587' title='bbox 1852 5113 2051 5167; x_wconf 86' lang='lat' dir='ltr'><strong>bellum</strong></span> 
     </span>
    </p>
   </div>
   <div class='ocr_carea' id='block_1_82' title="bbox 483 5204 2049 5276">
    <p class='ocr_par' dir='ltr' id='par_1_82' title="bbox 483 5204 2049 5276">
     <span class='ocr_line' id='line_1_82' title="bbox 483 5204 2049 5276; baseline 0.002 -21"><span class='ocrx_word' id='word_1_588' title='bbox 483 5205 624 5260; x_wconf 87' lang='lat' dir='ltr'><strong>inter</strong></span> <span class='ocrx_word' id='word_1_589' title='bbox 654 5207 832 5276; x_wconf 87' lang='lat' dir='ltr'><strong>ipsum</strong></span> <span class='ocrx_word' id='word_1_590' title='bbox 859 5213 913 5258; x_wconf 88' lang='lat' dir='ltr'><strong>et</strong></span> <span class='ocrx_word' id='word_1_591' title='bbox 946 5204 1184 5260; x_wconf 77' lang='lat' dir='ltr'><strong>Venetos</strong></span> <span class='ocrx_word' id='word_1_592' title='bbox 1245 5221 1376 5274; x_wconf 86' lang='lat' dir='ltr'><strong>pace</strong></span> <span class='ocrx_word' id='word_1_593' title='bbox 1398 5206 1728 5276; x_wconf 88' lang='lat' dir='ltr'><strong>diremptum</strong></span> <span class='ocrx_word' id='word_1_594' title='bbox 1759 5209 1919 5267; x_wconf 73' lang='lat' dir='ltr'><strong>roret,</strong></span> <span class='ocrx_word' id='word_1_595' title='bbox 1953 5222 2049 5272; x_wconf 77' lang='lat' dir='ltr'><strong>pa-</strong></span> 
     </span>
    </p>
   </div>
   <div class='ocr_carea' id='block_1_83' title="bbox 483 5297 2053 5368">
    <p class='ocr_par' dir='ltr' id='par_1_83' title="bbox 483 5297 2053 5368">
     <span class='ocr_line' id='line_1_83' title="bbox 483 5297 2053 5368; baseline 0.001 -20"><span class='ocrx_word' id='word_1_596' title='bbox 483 5305 661 5350; x_wconf 89' lang='lat' dir='ltr'><strong>catam</strong></span> <span class='ocrx_word' id='word_1_597' title='bbox 714 5297 998 5368; x_wconf 79' lang='lat' dir='ltr'><strong>amplexus</strong></span> <span class='ocrx_word' id='word_1_598' title='bbox 1030 5308 1115 5354; x_wconf 89' lang='lat' dir='ltr'><strong>est</strong></span> <span class='ocrx_word' id='word_1_599' title='bbox 1186 5299 1374 5356; x_wconf 85' lang='lat' dir='ltr'><strong>vitam.</strong></span> <span class='ocrx_word' id='word_1_600' title='bbox 1406 5299 1582 5355; x_wconf 81' lang='lat' dir='ltr'><strong>Aleoti</strong></span> <span class='ocrx_word' id='word_1_601' title='bbox 1625 5298 1794 5354; x_wconf 87' lang='lat' dir='ltr'><strong>lilium</strong></span> <span class='ocrx_word' id='word_1_602' title='bbox 1836 5298 2053 5367; x_wconf 52' lang='lat' dir='ltr'><strong>igitur».</strong></span> 
     </span>
    </p>
   </div>
   <div class='ocr_carea' id='block_1_84' title="bbox 482 5391 2048 5463">
    <p class='ocr_par' dir='ltr' id='par_1_84' title="bbox 482 5391 2048 5463">
     <span class='ocr_line' id='line_1_84' title="bbox 482 5391 2048 5463; baseline 0.001 -17"><span class='ocrx_word' id='word_1_603' title='bbox 482 5391 701 5456; x_wconf 89' lang='lat' dir='ltr'><strong>ducem,</strong></span> <span class='ocrx_word' id='word_1_604' title='bbox 725 5393 902 5447; x_wconf 88' lang='lat' dir='ltr'><strong>virum</strong></span> <span class='ocrx_word' id='word_1_605' title='bbox 960 5393 1195 5450; x_wconf 85' lang='lat' dir='ltr'><strong>maxime</strong></span> <span class='ocrx_word' id='word_1_606' title='bbox 1226 5393 1334 5450; x_wconf 87' lang='lat' dir='ltr'><strong>sibi</strong></span> <span class='ocrx_word' id='word_1_607' title='bbox 1404 5395 1775 5457; x_wconf 88' lang='lat' dir='ltr'><strong>commodum,</strong></span> <span class='ocrx_word' id='word_1_608' title='bbox 1825 5393 2048 5463; x_wconf 79' lang='lat' dir='ltr'><strong>quando</strong></span> 
     </span>
    </p>
   </div>
   <div class='ocr_carea' id='block_1_85' title="bbox 2159 3259 3734 3338">
    <p class='ocr_par' dir='ltr' id='par_1_85' title="bbox 2159 3259 3734 3338">
     <span class='ocr_line' id='line_1_85' title="bbox 2159 3259 3734 3338; baseline -0.007 -18"><span class='ocrx_word' id='word_1_609' title='bbox 2159 3268 2256 3323; x_wconf 76' lang='grc' dir='ltr'><strong>καὶ</strong></span> <span class='ocrx_word' id='word_1_610' title='bbox 2282 3261 2460 3331; x_wconf 71' lang='grc' dir='ltr'><strong>οὗτος,</strong></span> <span class='ocrx_word' id='word_1_611' title='bbox 2492 3265 2586 3318; x_wconf 82' lang='grc' dir='ltr'><strong>καὶ</strong></span> <span class='ocrx_word' id='word_1_612' title='bbox 2633 3264 2778 3318; x_wconf 84' lang='grc' dir='ltr'><strong>δοκεῖ</strong></span> <span class='ocrx_word' id='word_1_613' title='bbox 2813 3263 3066 3333; x_wconf 84' lang='grc' dir='ltr'><strong>γενέσθαι</strong></span> <span class='ocrx_word' id='word_1_614' title='bbox 3117 3261 3255 3333; x_wconf 83' lang='grc' dir='ltr'><strong>ἀνὴρ</strong></span> <span class='ocrx_word' id='word_1_615' title='bbox 3293 3262 3360 3313; x_wconf 90' lang='grc' dir='ltr'><strong>τά</strong></span> <span class='ocrx_word' id='word_1_616' title='bbox 3393 3278 3452 3313; x_wconf 90' lang='grc' dir='ltr'><strong>τε</strong></span> <span class='ocrx_word' id='word_1_617' title='bbox 3484 3260 3619 3315; x_wconf 79' lang='grc' dir='ltr'><strong>ἄλλα</strong></span> <span class='ocrx_word' id='word_1_618' title='bbox 3645 3259 3734 3338; x_wconf 64' lang='lat' dir='ltr'><strong>ea.</strong></span> 
     </span>
    </p>
   </div>
   <div class='ocr_carea' id='block_1_86' title="bbox 2157 3353 3730 3433">
    <p class='ocr_par' dir='ltr' id='par_1_86' title="bbox 2157 3353 3730 3433">
     <span class='ocr_line' id='line_1_86' title="bbox 2157 3353 3730 3433; baseline -0.006 -20"><span class='ocrx_word' id='word_1_619' title='bbox 2157 3359 2417 3433; x_wconf 85' lang='grc' dir='ltr'><strong>ὂοκιμῶν,</strong></span> <span class='ocrx_word' id='word_1_620' title='bbox 2460 3358 2556 3414; x_wconf 71' lang='grc' dir='ltr'><strong>καὶ</strong></span> <span class='ocrx_word' id='word_1_621' title='bbox 2583 3358 2706 3414; x_wconf 83' lang='grc' dir='ltr'><strong>ἐπεί</strong></span> <span class='ocrx_word' id='word_1_622' title='bbox 2733 3373 2792 3409; x_wconf 89' lang='grc' dir='ltr'><strong>τε</strong></span> <span class='ocrx_word' id='word_1_623' title='bbox 2829 3355 3104 3426; x_wconf 83' lang='grc' dir='ltr'><strong>παρέλαϐε</strong></span> <span class='ocrx_word' id='word_1_624' title='bbox 3146 3353 3243 3426; x_wconf 81' lang='grc' dir='ltr'><strong>τὴν</strong></span> <span class='ocrx_word' id='word_1_625' title='bbox 3276 3353 3518 3422; x_wconf 81' lang='grc' dir='ltr'><strong>Ἀθηνῶν</strong></span> <span class='ocrx_word' id='word_1_626' title='bbox 3553 3353 3730 3414; x_wconf 86' lang='grc' dir='ltr'><strong>πόλιν,</strong></span> 
     </span>
    </p>
   </div>
   <div class='ocr_carea' id='block_1_87' title="bbox 2159 3445 3730 3526">
    <p class='ocr_par' dir='ltr' id='par_1_87' title="bbox 2159 3445 3730 3526">
     <span class='ocr_line' id='line_1_87' title="bbox 2159 3445 3730 3526; baseline -0.005 -22"><span class='ocrx_word' id='word_1_627' title='bbox 2159 3452 2253 3505; x_wconf 83' lang='grc' dir='ltr'><strong>ἐπί</strong></span> <span class='ocrx_word' id='word_1_628' title='bbox 2282 3469 2340 3504; x_wconf 88' lang='grc' dir='ltr'><strong>τε</strong></span> <span class='ocrx_word' id='word_1_629' title='bbox 2368 3453 2466 3514; x_wconf 83' lang='grc' dir='ltr'><strong>τὰς</strong></span> <span class='ocrx_word' id='word_1_630' title='bbox 2500 3449 2766 3519; x_wconf 83' lang='grc' dir='ltr'><strong>βασιλέως</strong></span> <span class='ocrx_word' id='word_1_631' title='bbox 2816 3448 2985 3516; x_wconf 85' lang='grc' dir='ltr'><strong>θύρας</strong></span> <span class='ocrx_word' id='word_1_632' title='bbox 3022 3446 3176 3501; x_wconf 84' lang='grc' dir='ltr'><strong>οὐδέν</strong></span> <span class='ocrx_word' id='word_1_633' title='bbox 3224 3465 3306 3500; x_wconf 90' lang='grc' dir='ltr'><strong>τοι</strong></span> <span class='ocrx_word' id='word_1_634' title='bbox 3333 3445 3512 3516; x_wconf 86' lang='grc' dir='ltr'><strong>πολλῷ</strong></span> <span class='ocrx_word' id='word_1_635' title='bbox 3539 3445 3730 3526; x_wconf 71' lang='grc' dir='ltr'><strong>ἀφικό-</strong></span> 
     </span>
    </p>
   </div>
   <div class='ocr_carea' id='block_1_88' title="bbox 2162 3535 3732 3612">
    <p class='ocr_par' dir='ltr' id='par_1_88' title="bbox 2162 3535 3732 3612">
     <span class='ocr_line' id='line_1_88' title="bbox 2162 3535 3732 3612; baseline -0.004 -18"><span class='ocrx_word' id='word_1_636' title='bbox 2162 3559 2342 3612; x_wconf 85' lang='grc' dir='ltr'><strong>μενος,</strong></span> <span class='ocrx_word' id='word_1_637' title='bbox 2372 3540 2711 3612; x_wconf 77' lang='grc' dir='ltr'><strong>ἐπιτηδείους</strong></span> <span class='ocrx_word' id='word_1_638' title='bbox 2732 3555 2790 3591; x_wconf 89' lang='grc' dir='ltr'><strong>τε</strong></span> <span class='ocrx_word' id='word_1_639' title='bbox 2817 3537 2968 3608; x_wconf 83' lang='grc' dir='ltr'><strong>αὑτῷ</strong></span> <span class='ocrx_word' id='word_1_640' title='bbox 3001 3539 3168 3607; x_wconf 87' lang='grc' dir='ltr'><strong>σχεῖν,</strong></span> <span class='ocrx_word' id='word_1_641' title='bbox 3208 3539 3301 3590; x_wconf 80' lang='grc' dir='ltr'><strong>καὶ</strong></span> <span class='ocrx_word' id='word_1_642' title='bbox 3331 3536 3578 3606; x_wconf 84' lang='grc' dir='ltr'><strong>συνήθεις</strong></span> <span class='ocrx_word' id='word_1_643' title='bbox 3605 3535 3732 3598; x_wconf 73' lang='grc' dir='ltr'><strong>τοὺς</strong></span> 
     </span>
    </p>
   </div>
   <div class='ocr_carea' id='block_1_89' title="bbox 2159 3628 3729 3707">
    <p class='ocr_par' dir='ltr' id='par_1_89' title="bbox 2159 3628 3729 3707">
     <span class='ocr_line' id='line_1_89' title="bbox 2159 3628 3729 3707; baseline -0.005 -21"><span class='ocrx_word' id='word_1_644' title='bbox 2159 3634 2306 3707; x_wconf 75' lang='grc' dir='ltr'><strong>ἀμφὶ</strong></span> <span class='ocrx_word' id='word_1_645' title='bbox 2356 3633 2445 3684; x_wconf 72' lang='grc' dir='ltr'><strong>τδν</strong></span> <span class='ocrx_word' id='word_1_646' title='bbox 2486 3631 2728 3700; x_wconf 85' lang='grc' dir='ltr'><strong>βασιλέα.</strong></span> <span class='ocrx_word' id='word_1_647' title='bbox 2760 3629 3114 3698; x_wconf 80' lang='grc' dir='ltr'><strong>Ἐτυράννευε</strong></span> <span class='ocrx_word' id='word_1_648' title='bbox 3146 3628 3199 3682; x_wconf 89' lang='grc' dir='ltr'><strong>δέ</strong></span> <span class='ocrx_word' id='word_1_649' title='bbox 3253 3629 3439 3698; x_wconf 85' lang='grc' dir='ltr'><strong>γήμας</strong></span> <span class='ocrx_word' id='word_1_650' title='bbox 3496 3629 3729 3694; x_wconf 69' lang='grc' dir='ltr'><strong>γυναῖκα</strong></span> 
     </span>
    </p>
   </div>
   <div class='ocr_carea' id='block_1_90' title="bbox 2159 3721 3726 3797">
    <p class='ocr_par' dir='ltr' id='par_1_90' title="bbox 2159 3721 3726 3797">
     <span class='ocr_line' id='line_1_90' title="bbox 2159 3721 3726 3797; baseline -0.004 -17"><span class='ocrx_word' id='word_1_651' title='bbox 2159 3728 2349 3797; x_wconf 80' lang='grc' dir='ltr'><strong>ἀνδρὸς</strong></span> <span class='ocrx_word' id='word_1_652' title='bbox 2379 3725 2588 3779; x_wconf 86' lang='grc' dir='ltr'><strong>ἰδιώτου</strong></span> <span class='ocrx_word' id='word_1_653' title='bbox 2619 3726 2726 3778; x_wconf 75' lang='grc' dir='ltr'><strong>ἀπὸ</strong></span> <span class='ocrx_word' id='word_1_654' title='bbox 2752 3725 2970 3796; x_wconf 87' lang='grc' dir='ltr'><strong>Θηϐῶν.</strong></span> <span class='ocrx_word' id='word_1_655' title='bbox 3027 3724 3114 3785; x_wconf 81' lang='grc' dir='ltr'><strong>Ὠς</strong></span> <span class='ocrx_word' id='word_1_656' title='bbox 3139 3723 3246 3793; x_wconf 77' lang='grc' dir='ltr'><strong>γάρ</strong></span> <span class='ocrx_word' id='word_1_657' title='bbox 3289 3725 3492 3791; x_wconf 82' lang='grc' dir='ltr'><strong>ἀνῆγον</strong></span> <span class='ocrx_word' id='word_1_658' title='bbox 3525 3722 3575 3774; x_wconf 85' lang='grc' dir='ltr'><strong>οἰ</strong></span> <span class='ocrx_word' id='word_1_659' title='bbox 3615 3721 3726 3790; x_wconf 88' lang='grc' dir='ltr'><strong>Θη-</strong></span> 
     </span>
    </p>
   </div>
   <div class='ocr_carea' id='block_1_91' title="bbox 2158 3812 3728 3889">
    <p class='ocr_par' dir='ltr' id='par_1_91' title="bbox 2158 3812 3728 3889">
     <span class='ocr_line' id='line_1_91' title="bbox 2158 3812 3728 3889; baseline -0.004 -16"><span class='ocrx_word' id='word_1_660' title='bbox 2158 3821 2301 3875; x_wconf 87' lang='grc' dir='ltr'><strong>ϐαῖοι</strong></span> <span class='ocrx_word' id='word_1_661' title='bbox 2334 3820 2526 3889; x_wconf 78' lang='grc' dir='ltr'><strong>χοροὺς</strong></span> <span class='ocrx_word' id='word_1_662' title='bbox 2551 3815 2647 3870; x_wconf 77' lang='grc' dir='ltr'><strong>ἐπὶ</strong></span> <span class='ocrx_word' id='word_1_663' title='bbox 2681 3819 2840 3888; x_wconf 84' lang='grc' dir='ltr'><strong>γάμῳ</strong></span> <span class='ocrx_word' id='word_1_664' title='bbox 2870 3819 2997 3884; x_wconf 66' lang='grc' dir='ltr'><strong>τινὶ,</strong></span> <span class='ocrx_word' id='word_1_665' title='bbox 3024 3813 3118 3871; x_wconf 62' lang='lat' dir='ltr'><strong>ita!</strong></span> <span class='ocrx_word' id='word_1_666' title='bbox 3147 3812 3216 3888; x_wconf 80' lang='grc' dir='ltr'><strong>ἦν</strong></span> <span class='ocrx_word' id='word_1_667' title='bbox 3261 3816 3451 3887; x_wconf 80' lang='grc' dir='ltr'><strong>ἰερέως</strong></span> <span class='ocrx_word' id='word_1_668' title='bbox 3484 3815 3728 3884; x_wconf 82' lang='grc' dir='ltr'><strong>θυγάτηρ</strong></span> 
     </span>
    </p>
   </div>
   <div class='ocr_carea' id='block_1_92' title="bbox 2160 3907 3725 3981">
    <p class='ocr_par' dir='ltr' id='par_1_92' title="bbox 2160 3907 3725 3981">
     <span class='ocr_line' id='line_1_92' title="bbox 2160 3907 3725 3981; baseline -0.002 -17"><span class='ocrx_word' id='word_1_669' title='bbox 2160 3910 2252 3966; x_wconf 81' lang='grc' dir='ltr'><strong>ὑπ’</strong></span> <span class='ocrx_word' id='word_1_670' title='bbox 2287 3910 2441 3981; x_wconf 68' lang='grc' dir='ltr'><strong>ἀνδρὶ</strong></span> <span class='ocrx_word' id='word_1_671' title='bbox 2475 3911 2838 3980; x_wconf 84' lang='grc' dir='ltr'><strong>γεγενημένη,</strong></span> <span class='ocrx_word' id='word_1_672' title='bbox 2873 3909 2974 3962; x_wconf 85' lang='grc' dir='ltr'><strong>οὐκ</strong></span> <span class='ocrx_word' id='word_1_673' title='bbox 3030 3907 3199 3979; x_wconf 78' lang='grc' dir='ltr'><strong>ἀηδὴς</strong></span> <span class='ocrx_word' id='word_1_674' title='bbox 3256 3909 3460 3977; x_wconf 88' lang='grc' dir='ltr'><strong>μέντοι,</strong></span> <span class='ocrx_word' id='word_1_675' title='bbox 3519 3908 3610 3961; x_wconf 83' lang='grc' dir='ltr'><strong>τὸν</strong></span> <span class='ocrx_word' id='word_1_676' title='bbox 3668 3909 3725 3961; x_wconf 78' lang='grc' dir='ltr'><strong>δὲ</strong></span> 
     </span>
    </p>
   </div>
   <div class='ocr_carea' id='block_1_93' title="bbox 2157 4001 3721 4072">
    <p class='ocr_par' dir='ltr' id='par_1_93' title="bbox 2157 4001 3721 4072">
     <span class='ocr_line' id='line_1_93' title="bbox 2157 4001 3721 4072; baseline -0.003 -16"><span class='ocrx_word' id='word_1_677' title='bbox 2157 4003 2357 4072; x_wconf 87' lang='grc' dir='ltr'><strong>τρόπον</strong></span> <span class='ocrx_word' id='word_1_678' title='bbox 2397 4003 2646 4072; x_wconf 80' lang='grc' dir='ltr'><strong>ἐπιεικής</strong></span> <span class='ocrx_word' id='word_1_679' title='bbox 2675 4019 2733 4055; x_wconf 90' lang='grc' dir='ltr'><strong>τε</strong></span> <span class='ocrx_word' id='word_1_680' title='bbox 2780 4001 2898 4071; x_wconf 74' lang='grc' dir='ltr'><strong>ἅμα</strong></span> <span class='ocrx_word' id='word_1_681' title='bbox 2951 4003 3043 4054; x_wconf 78' lang='grc' dir='ltr'><strong>καί</strong></span> <span class='ocrx_word' id='word_1_682' title='bbox 3103 4001 3356 4070; x_wconf 74' lang='grc' dir='ltr'><strong>σώφρων,</strong></span> <span class='ocrx_word' id='word_1_683' title='bbox 3413 4001 3626 4071; x_wconf 74' lang='grc' dir='ltr'><strong>ἠράσθη</strong></span> <span class='ocrx_word' id='word_1_684' title='bbox 3661 4017 3721 4052; x_wconf 87' lang='grc' dir='ltr'><strong>τε</strong></span> 
     </span>
    </p>
   </div>
   <div class='ocr_carea' id='block_1_94' title="bbox 2158 4093 3721 4167">
    <p class='ocr_par' dir='ltr' id='par_1_94' title="bbox 2158 4093 3721 4167">
     <span class='ocr_line' id='line_1_94' title="bbox 2158 4093 3721 4167; baseline -0.003 -18"><span class='ocrx_word' id='word_1_685' title='bbox 2158 4097 2327 4167; x_wconf 80' lang='grc' dir='ltr'><strong>αὐτῆς</strong></span> <span class='ocrx_word' id='word_1_686' title='bbox 2369 4098 2426 4148; x_wconf 84' lang='grc' dir='ltr'><strong>ἐν</strong></span> <span class='ocrx_word' id='word_1_687' title='bbox 2451 4095 2525 4166; x_wconf 86' lang='grc' dir='ltr'><strong>τῷ</strong></span> <span class='ocrx_word' id='word_1_688' title='bbox 2555 4095 2701 4167; x_wconf 85' lang='grc' dir='ltr'><strong>χορῷ</strong></span> <span class='ocrx_word' id='word_1_689' title='bbox 2741 4094 2880 4166; x_wconf 65' lang='grc' dir='ltr'><strong>ἅμα,</strong></span> <span class='ocrx_word' id='word_1_690' title='bbox 2904 4096 2999 4148; x_wconf 71' lang='grc' dir='ltr'><strong>καὶ</strong></span> <span class='ocrx_word' id='word_1_691' title='bbox 3019 4095 3270 4164; x_wconf 71' lang='grc' dir='ltr'><strong>ἐρασθεὶς</strong></span> <span class='ocrx_word' id='word_1_692' title='bbox 3304 4094 3571 4162; x_wconf 84' lang='grc' dir='ltr'><strong>ἀπάγεται</strong></span> <span class='ocrx_word' id='word_1_693' title='bbox 3593 4093 3721 4146; x_wconf 79' lang='grc' dir='ltr'><strong>ταύ-</strong></span> 
     </span>
    </p>
   </div>
   <div class='ocr_carea' id='block_1_95' title="bbox 2157 4185 3722 4258">
    <p class='ocr_par' dir='ltr' id='par_1_95' title="bbox 2157 4185 3722 4258">
     <span class='ocr_line' id='line_1_95' title="bbox 2157 4185 3722 4258; baseline -0.001 -18"><span class='ocrx_word' id='word_1_694' title='bbox 2157 4206 2277 4258; x_wconf 88' lang='grc' dir='ltr'><strong>την.</strong></span> <span class='ocrx_word' id='word_1_695' title='bbox 2337 4187 2658 4258; x_wconf 80' lang='grc' dir='ltr'><strong>Ἐπιμανεὶς</strong></span> <span class='ocrx_word' id='word_1_696' title='bbox 2713 4188 2769 4241; x_wconf 73' lang='grc' dir='ltr'><strong>δὲ</strong></span> <span class='ocrx_word' id='word_1_697' title='bbox 2805 4187 2881 4256; x_wconf 83' lang='grc' dir='ltr'><strong>τῷ</strong></span> <span class='ocrx_word' id='word_1_698' title='bbox 2941 4187 3126 4258; x_wconf 80' lang='grc' dir='ltr'><strong>ἔρωτι,</strong></span> <span class='ocrx_word' id='word_1_699' title='bbox 3164 4187 3224 4239; x_wconf 85' lang='grc' dir='ltr'><strong>ού</strong></span> <span class='ocrx_word' id='word_1_700' title='bbox 3262 4186 3442 4254; x_wconf 85' lang='grc' dir='ltr'><strong>πολλῷ</strong></span> <span class='ocrx_word' id='word_1_701' title='bbox 3497 4185 3722 4256; x_wconf 75' lang='grc' dir='ltr'><strong>ὕστερον</strong></span> 
     </span>
    </p>
   </div>
   <div class='ocr_carea' id='block_1_96' title="bbox 2159 4279 3723 4353">
    <p class='ocr_par' dir='ltr' id='par_1_96' title="bbox 2159 4279 3723 4353">
     <span class='ocr_line' id='line_1_96' title="bbox 2159 4279 3723 4353; baseline -0.002 -19"><span class='ocrx_word' id='word_1_702' title='bbox 2159 4280 2333 4352; x_wconf 75' lang='grc' dir='ltr'><strong>ἔγημέ</strong></span> <span class='ocrx_word' id='word_1_703' title='bbox 2369 4299 2426 4336; x_wconf 90' lang='grc' dir='ltr'><strong>τε</strong></span> <span class='ocrx_word' id='word_1_704' title='bbox 2483 4281 2672 4349; x_wconf 70' lang='grc' dir='ltr'><strong>αὐτὴν,</strong></span> <span class='ocrx_word' id='word_1_705' title='bbox 2721 4283 2814 4339; x_wconf 82' lang='grc' dir='ltr'><strong>καί</strong></span> <span class='ocrx_word' id='word_1_706' title='bbox 2845 4282 3174 4353; x_wconf 84' lang='grc' dir='ltr'><strong>εὐδαιμόνως</strong></span> <span class='ocrx_word' id='word_1_707' title='bbox 3212 4281 3467 4352; x_wconf 87' lang='grc' dir='ltr'><strong>βιοτεύων</strong></span> <span class='ocrx_word' id='word_1_708' title='bbox 3493 4279 3723 4348; x_wconf 67' lang='grc' dir='ltr'><strong>ἐτύγχα-</strong></span> 
     </span>
    </p>
   </div>
   <div class='ocr_carea' id='block_1_97' title="bbox 2158 4372 3723 4447">
    <p class='ocr_par' dir='ltr' id='par_1_97' title="bbox 2158 4372 3723 4447">
     <span class='ocr_line' id='line_1_97' title="bbox 2158 4372 3723 4447; baseline -0.002 -20"><span class='ocrx_word' id='word_1_709' title='bbox 2158 4393 2271 4440; x_wconf 90' lang='grc' dir='ltr'><strong>νεν,</strong></span> <span class='ocrx_word' id='word_1_710' title='bbox 2294 4374 2656 4444; x_wconf 82' lang='grc' dir='ltr'><strong>ἐξοικονομῶν</strong></span> <span class='ocrx_word' id='word_1_711' title='bbox 2699 4392 2762 4427; x_wconf 87' lang='grc' dir='ltr'><strong>τε</strong></span> <span class='ocrx_word' id='word_1_712' title='bbox 2814 4375 2913 4446; x_wconf 79' lang='grc' dir='ltr'><strong>τὴν</strong></span> <span class='ocrx_word' id='word_1_713' title='bbox 2941 4375 3115 4447; x_wconf 78' lang='grc' dir='ltr'><strong>ἀρχὴν</strong></span> <span class='ocrx_word' id='word_1_714' title='bbox 3146 4378 3238 4428; x_wconf 77' lang='grc' dir='ltr'><strong>ἐπὶ</strong></span> <span class='ocrx_word' id='word_1_715' title='bbox 3271 4374 3332 4428; x_wconf 85' lang='grc' dir='ltr'><strong>τδ</strong></span> <span class='ocrx_word' id='word_1_716' title='bbox 3357 4375 3431 4436; x_wconf 84' lang='grc' dir='ltr'><strong>ὡς</strong></span> <span class='ocrx_word' id='word_1_717' title='bbox 3463 4372 3723 4427; x_wconf 77' lang='grc' dir='ltr'><strong>κάλλιστα</strong></span> 
     </span>
    </p>
   </div>
   <div class='ocr_carea' id='block_1_98' title="bbox 2160 4467 3719 4539">
    <p class='ocr_par' dir='ltr' id='par_1_98' title="bbox 2160 4467 3719 4539">
     <span class='ocr_line' id='line_1_98' title="bbox 2160 4467 3719 4539; baseline 0 -19"><span class='ocrx_word' id='word_1_718' title='bbox 2160 4467 2303 4537; x_wconf 80' lang='grc' dir='ltr'><strong>ἔχειν</strong></span> <span class='ocrx_word' id='word_1_719' title='bbox 2331 4467 2519 4522; x_wconf 80' lang='grc' dir='ltr'><strong>δοκοῦν</strong></span> <span class='ocrx_word' id='word_1_720' title='bbox 2548 4468 2662 4538; x_wconf 73' lang='grc' dir='ltr'><strong>ἅμα</strong></span> <span class='ocrx_word' id='word_1_721' title='bbox 2683 4471 2795 4529; x_wconf 78' lang='grc' dir='ltr'><strong>τοῖς</strong></span> <span class='ocrx_word' id='word_1_722' title='bbox 2819 4487 2877 4521; x_wconf 90' lang='grc' dir='ltr'><strong>τε</strong></span> <span class='ocrx_word' id='word_1_723' title='bbox 2897 4469 2952 4521; x_wconf 86' lang='grc' dir='ltr'><strong>ἐν</strong></span> <span class='ocrx_word' id='word_1_724' title='bbox 2981 4472 3046 4538; x_wconf 83' lang='grc' dir='ltr'><strong>τῇ</strong></span> <span class='ocrx_word' id='word_1_725' title='bbox 3072 4467 3224 4539; x_wconf 69' lang='grc' dir='ltr'><strong>χώρᾳ</strong></span> <span class='ocrx_word' id='word_1_726' title='bbox 3267 4469 3486 4530; x_wconf 73' lang='grc' dir='ltr'><strong>καὶτοῖς</strong></span> <span class='ocrx_word' id='word_1_727' title='bbox 3521 4467 3719 4529; x_wconf 78' lang='grc' dir='ltr'><strong>ἄλλοις.</strong></span> 
     </span>
    </p>
   </div>
   <div class='ocr_carea' id='block_1_99' title="bbox 2163 4553 3723 4632">
    <p class='ocr_par' dir='ltr' id='par_1_99' title="bbox 2163 4553 3723 4632">
     <span class='ocr_line' id='line_1_99' title="bbox 2163 4553 3723 4632; baseline -0.002 -18"><span class='ocrx_word' id='word_1_728' title='bbox 2163 4553 2330 4623; x_wconf 73' lang='grc' dir='ltr'><strong>Οὗτος</strong></span> <span class='ocrx_word' id='word_1_729' title='bbox 2371 4561 2469 4630; x_wconf 77' lang='grc' dir='ltr'><strong>μὲν</strong></span> <span class='ocrx_word' id='word_1_730' title='bbox 2508 4555 2601 4614; x_wconf 83' lang='grc' dir='ltr'><strong>οὖν</strong></span> <span class='ocrx_word' id='word_1_731' title='bbox 2641 4559 2734 4614; x_wconf 76' lang='grc' dir='ltr'><strong>καὶ</strong></span> <span class='ocrx_word' id='word_1_732' title='bbox 2782 4560 2915 4631; x_wconf 79' lang='grc' dir='ltr'><strong>πρὸς</strong></span> <span class='ocrx_word' id='word_1_733' title='bbox 2943 4560 3034 4614; x_wconf 71' lang='grc' dir='ltr'><strong>τὸν</strong></span> <span class='ocrx_word' id='word_1_734' title='bbox 3071 4565 3126 4614; x_wconf 85' lang='grc' dir='ltr'><strong>ἐν</strong></span> <span class='ocrx_word' id='word_1_735' title='bbox 3155 4564 3218 4632; x_wconf 81' lang='grc' dir='ltr'><strong>τῇ</strong></span> <span class='ocrx_word' id='word_1_736' title='bbox 3267 4561 3459 4631; x_wconf 82' lang='grc' dir='ltr'><strong>Αἰγίνῃ</strong></span> <span class='ocrx_word' id='word_1_737' title='bbox 3487 4560 3723 4629; x_wconf 77' lang='grc' dir='ltr'><strong>ἄρχοντα</strong></span> 
     </span>
    </p>
   </div>
   <div class='ocr_carea' id='block_1_100' title="bbox 2159 4651 3720 4724">
    <p class='ocr_par' dir='ltr' id='par_1_100' title="bbox 2159 4651 3720 4724">
     <span class='ocr_line' id='line_1_100' title="bbox 2159 4651 3720 4724; baseline -0.001 -19"><span class='ocrx_word' id='word_1_738' title='bbox 2159 4652 2438 4707; x_wconf 85' lang='grc' dir='ltr'><strong>Γαλεώτου</strong></span> <span class='ocrx_word' id='word_1_739' title='bbox 2470 4651 2491 4684; x_wconf 71' lang='grc'>⁸</span> <span class='ocrx_word' id='word_1_740' title='bbox 2534 4653 2714 4720; x_wconf 83' lang='grc' dir='ltr'><strong>παῖδα,</strong></span> <span class='ocrx_word' id='word_1_741' title='bbox 2733 4651 2828 4708; x_wconf 81' lang='grc' dir='ltr'><strong>τοῦ</strong></span> <span class='ocrx_word' id='word_1_742' title='bbox 2867 4653 2958 4708; x_wconf 77' lang='grc' dir='ltr'><strong>ἐπὶ</strong></span> <span class='ocrx_word' id='word_1_743' title='bbox 2992 4654 3147 4724; x_wconf 81' lang='grc' dir='ltr'><strong>ῥώμῃ</strong></span> <span class='ocrx_word' id='word_1_744' title='bbox 3177 4651 3424 4720; x_wconf 86' lang='grc' dir='ltr'><strong>σώματος</strong></span> <span class='ocrx_word' id='word_1_745' title='bbox 3453 4653 3720 4722; x_wconf 76' lang='grc' dir='ltr'><strong>ἐπισήμου</strong></span> 
     </span>
    </p>
   </div>
   <div class='ocr_carea' id='block_1_101' title="bbox 2157 4744 3722 4818">
    <p class='ocr_par' dir='ltr' id='par_1_101' title="bbox 2157 4744 3722 4818">
     <span class='ocr_line' id='line_1_101' title="bbox 2157 4744 3722 4818; baseline 0.001 -19"><span class='ocrx_word' id='word_1_746' title='bbox 2157 4745 2328 4811; x_wconf 76' lang='grc' dir='ltr'><strong>ὄντος,</strong></span> <span class='ocrx_word' id='word_1_747' title='bbox 2363 4746 2662 4818; x_wconf 82' lang='grc' dir='ltr'><strong>ἐπιγαμίαν</strong></span> <span class='ocrx_word' id='word_1_748' title='bbox 2686 4747 3056 4817; x_wconf 84' lang='grc' dir='ltr'><strong>ποιησάμενος</strong></span> <span class='ocrx_word' id='word_1_749' title='bbox 3081 4748 3173 4799; x_wconf 73' lang='grc' dir='ltr'><strong>ἐπὶ</strong></span> <span class='ocrx_word' id='word_1_750' title='bbox 3205 4746 3328 4816; x_wconf 86' lang='grc' dir='ltr'><strong>Θετῇ</strong></span> <span class='ocrx_word' id='word_1_751' title='bbox 3355 4744 3521 4798; x_wconf 82' lang='grc' dir='ltr'><strong>αὐτοῦ</strong></span> <span class='ocrx_word' id='word_1_752' title='bbox 3551 4746 3722 4815; x_wconf 88' lang='grc' dir='ltr'><strong>θυγα-</strong></span> 
     </span>
    </p>
   </div>
   <div class='ocr_carea' id='block_1_102' title="bbox 2154 4838 3718 4912">
    <p class='ocr_par' dir='ltr' id='par_1_102' title="bbox 2154 4838 3718 4912">
     <span class='ocr_line' id='line_1_102' title="bbox 2154 4838 3718 4912; baseline -0.001 -19"><span class='ocrx_word' id='word_1_753' title='bbox 2154 4841 2266 4912; x_wconf 70' lang='grc' dir='ltr'><strong>τρὶ,</strong></span> <span class='ocrx_word' id='word_1_754' title='bbox 2315 4843 2407 4895; x_wconf 79' lang='grc' dir='ltr'><strong>καὶ</strong></span> <span class='ocrx_word' id='word_1_755' title='bbox 2432 4842 2540 4895; x_wconf 82' lang='grc' dir='ltr'><strong>ἀπὸ</strong></span> <span class='ocrx_word' id='word_1_756' title='bbox 2570 4841 2800 4905; x_wconf 83' lang='grc' dir='ltr'><strong>Εὖϐοίας</strong></span> <span class='ocrx_word' id='word_1_757' title='bbox 2838 4843 3054 4896; x_wconf 84' lang='grc' dir='ltr'><strong>νεανίαν</strong></span> <span class='ocrx_word' id='word_1_758' title='bbox 3095 4839 3195 4908; x_wconf 83' lang='grc' dir='ltr'><strong>τῆς</strong></span> <span class='ocrx_word' id='word_1_759' title='bbox 3221 4838 3490 4909; x_wconf 89' lang='grc' dir='ltr'><strong>γεωργίου</strong></span> <span class='ocrx_word' id='word_1_760' title='bbox 3521 4840 3718 4902; x_wconf 85' lang='grc' dir='ltr'><strong>οἰκίας.</strong></span> 
     </span>
    </p>
   </div>
   <div class='ocr_carea' id='block_1_103' title="bbox 2154 4928 3718 5004">
    <p class='ocr_par' dir='ltr' id='par_1_103' title="bbox 2154 4928 3718 5004">
     <span class='ocr_line' id='line_1_103' title="bbox 2154 4928 3718 5004; baseline -0.004 -16"><span class='ocrx_word' id='word_1_761' title='bbox 2154 4933 2419 5003; x_wconf 81' lang='grc' dir='ltr'><strong>κηδεστὴν</strong></span> <span class='ocrx_word' id='word_1_762' title='bbox 2447 4933 2538 4986; x_wconf 70' lang='grc' dir='ltr'><strong>ἐπὶ</strong></span> <span class='ocrx_word' id='word_1_763' title='bbox 2587 4933 2748 5004; x_wconf 70' lang='grc' dir='ltr'><strong>ἑτέρᾳ</strong></span> <span class='ocrx_word' id='word_1_764' title='bbox 2796 4931 2955 4986; x_wconf 77' lang='grc' dir='ltr'><strong>αὑτοῦ</strong></span> <span class='ocrx_word' id='word_1_765' title='bbox 3007 4930 3134 4999; x_wconf 83' lang='grc' dir='ltr'><strong>θετῇ</strong></span> <span class='ocrx_word' id='word_1_766' title='bbox 3171 4928 3554 4999; x_wconf 73' lang='grc' dir='ltr'><strong>ποιησάμενος,</strong></span> <span class='ocrx_word' id='word_1_767' title='bbox 3585 4931 3718 5000; x_wconf 84' lang='grc' dir='ltr'><strong>πρός</strong></span> 
     </span>
    </p>
   </div>
   <div class='ocr_carea' id='block_1_104' title="bbox 2157 5020 3717 5092">
    <p class='ocr_par' dir='ltr' id='par_1_104' title="bbox 2157 5020 3717 5092">
     <span class='ocr_line' id='line_1_104' title="bbox 2157 5020 3717 5092; baseline -0.003 -16"><span class='ocrx_word' id='word_1_768' title='bbox 2157 5041 2219 5076; x_wconf 86' lang='grc' dir='ltr'><strong>τε</strong></span> <span class='ocrx_word' id='word_1_769' title='bbox 2243 5024 2366 5087; x_wconf 77' lang='grc' dir='ltr'><strong>τοὺς</strong></span> <span class='ocrx_word' id='word_1_770' title='bbox 2397 5024 2688 5085; x_wconf 82' lang='grc' dir='ltr'><strong>Ούενετοὺς</strong></span> <span class='ocrx_word' id='word_1_771' title='bbox 2725 5023 2950 5084; x_wconf 85' lang='grc' dir='ltr'><strong>σπονδάς</strong></span> <span class='ocrx_word' id='word_1_772' title='bbox 2976 5039 3035 5074; x_wconf 84' lang='grc' dir='ltr'><strong>τε</strong></span> <span class='ocrx_word' id='word_1_773' title='bbox 3069 5020 3456 5091; x_wconf 82' lang='grc' dir='ltr'><strong>ποιησάμενος,</strong></span> <span class='ocrx_word' id='word_1_774' title='bbox 3491 5023 3717 5092; x_wconf 78' lang='grc' dir='ltr'><strong>ἡσυχίαν</strong></span> 
     </span>
    </p>
   </div>
   <div class='ocr_carea' id='block_1_105' title="bbox 2157 5111 3714 5186">
    <p class='ocr_par' dir='ltr' id='par_1_105' title="bbox 2157 5111 3714 5186">
     <span class='ocr_line' id='line_1_105' title="bbox 2157 5111 3714 5186; baseline -0.004 -17"><span class='ocrx_word' id='word_1_775' title='bbox 2157 5112 2280 5186; x_wconf 79' lang='grc' dir='ltr'><strong>ἦγε.</strong></span> <span class='ocrx_word' id='word_1_776' title='bbox 2315 5116 2423 5168; x_wconf 77' lang='grc' dir='ltr'><strong>Καὶ</strong></span> <span class='ocrx_word' id='word_1_777' title='bbox 2445 5115 2724 5169; x_wconf 85' lang='grc' dir='ltr'><strong>Γαλεώτου</strong></span> <span class='ocrx_word' id='word_1_778' title='bbox 2745 5115 2838 5168; x_wconf 68' lang='grc' dir='ltr'><strong>τὸν</strong></span> <span class='ocrx_word' id='word_1_779' title='bbox 2878 5115 3062 5179; x_wconf 84' lang='grc' dir='ltr'><strong>παῖδα,</strong></span> <span class='ocrx_word' id='word_1_780' title='bbox 3115 5111 3339 5182; x_wconf 80' lang='grc' dir='ltr'><strong>Αἰγίνης</strong></span> <span class='ocrx_word' id='word_1_781' title='bbox 3382 5114 3437 5166; x_wconf 74' lang='grc' dir='ltr'><strong>δὲ</strong></span> <span class='ocrx_word' id='word_1_782' title='bbox 3465 5115 3714 5183; x_wconf 81' lang='grc' dir='ltr'><strong>ἄρχοντα,</strong></span> 
     </span>
    </p>
   </div>
   <div class='ocr_carea' id='block_1_106' title="bbox 2158 5206 3713 5282">
    <p class='ocr_par' dir='ltr' id='par_1_106' title="bbox 2158 5206 3713 5282">
     <span class='ocr_line' id='line_1_106' title="bbox 2158 5206 3713 5282; baseline -0.003 -19"><span class='ocrx_word' id='word_1_783' title='bbox 2158 5210 2462 5279; x_wconf 78' lang='grc' dir='ltr'><strong>ἐπιτήδειον</strong></span> <span class='ocrx_word' id='word_1_784' title='bbox 2515 5209 2674 5282; x_wconf 80' lang='grc' dir='ltr'><strong>ἔχων.</strong></span> <span class='ocrx_word' id='word_1_785' title='bbox 2719 5209 2850 5277; x_wconf 88' lang='grc' dir='ltr'><strong>παρ’</strong></span> <span class='ocrx_word' id='word_1_786' title='bbox 2880 5208 3043 5261; x_wconf 76' lang='grc' dir='ltr'><strong>αὐτὸν</strong></span> <span class='ocrx_word' id='word_1_787' title='bbox 3075 5206 3346 5278; x_wconf 77' lang='grc' dir='ltr'><strong>φοιτῶντα</strong></span> <span class='ocrx_word' id='word_1_788' title='bbox 3394 5207 3713 5278; x_wconf 85' lang='grc' dir='ltr'><strong>ἐθεράπευε,</strong></span> 
     </span>
    </p>
   </div>
   <div class='ocr_carea' id='block_1_107' title="bbox 2160 5302 3713 5374">
    <p class='ocr_par' dir='ltr' id='par_1_107' title="bbox 2160 5302 3713 5374">
     <span class='ocr_line' id='line_1_107' title="bbox 2160 5302 3713 5374; baseline -0.003 -16"><span class='ocrx_word' id='word_1_789' title='bbox 2160 5305 2257 5358; x_wconf 77' lang='grc' dir='ltr'><strong>καὶ</strong></span> <span class='ocrx_word' id='word_1_790' title='bbox 2289 5303 2576 5374; x_wconf 77' lang='grc' dir='ltr'><strong>σωφρονῶν</strong></span> <span class='ocrx_word' id='word_1_791' title='bbox 2637 5302 2732 5356; x_wconf 70' lang='grc' dir='ltr'><strong>ἐττεί⁵</strong></span> <span class='ocrx_word' id='word_1_792' title='bbox 2761 5303 2895 5358; x_wconf 84' lang='grc' dir='ltr'><strong>πολὺ</strong></span> <span class='ocrx_word' id='word_1_793' title='bbox 2944 5303 3008 5374; x_wconf 81' lang='grc' dir='ltr'><strong>δὴ</strong></span> <span class='ocrx_word' id='word_1_794' title='bbox 3043 5302 3135 5356; x_wconf 83' lang='grc' dir='ltr'><strong>τοῦ</strong></span> <span class='ocrx_word' id='word_1_795' title='bbox 3181 5304 3370 5374; x_wconf 84' lang='grc' dir='ltr'><strong>χρόνου</strong></span> <span class='ocrx_word' id='word_1_796' title='bbox 3424 5303 3713 5371; x_wconf 87' lang='grc' dir='ltr'><strong>διεγένετο,</strong></span> 
     </span>
    </p>
   </div>
   <div class='ocr_carea' id='block_1_108' title="bbox 2157 5396 3712 5470">
    <p class='ocr_par' dir='ltr' id='par_1_108' title="bbox 2157 5396 3712 5470">
     <span class='ocr_line' id='line_1_108' title="bbox 2157 5396 3712 5470; baseline 0 -20"><span class='ocrx_word' id='word_1_797' title='bbox 2157 5397 2490 5468; x_wconf 87' lang='grc' dir='ltr'><strong>εὐδαιμονῶν</strong></span> <span class='ocrx_word' id='word_1_798' title='bbox 2518 5397 2624 5453; x_wconf 88' lang='grc' dir='ltr'><strong>ἀπό</strong></span> <span class='ocrx_word' id='word_1_799' title='bbox 2650 5415 2709 5452; x_wconf 91' lang='grc' dir='ltr'><strong>τε</strong></span> <span class='ocrx_word' id='word_1_800' title='bbox 2743 5397 2844 5470; x_wconf 82' lang='grc' dir='ltr'><strong>τῆς</strong></span> <span class='ocrx_word' id='word_1_801' title='bbox 2885 5397 3024 5453; x_wconf 80' lang='grc' dir='ltr'><strong>κατὰ</strong></span> <span class='ocrx_word' id='word_1_802' title='bbox 3045 5399 3144 5470; x_wconf 74' lang='grc' dir='ltr'><strong>τὴν</strong></span> <span class='ocrx_word' id='word_1_803' title='bbox 3174 5398 3350 5469; x_wconf 82' lang='grc' dir='ltr'><strong>ἀρχὴν</strong></span> <span class='ocrx_word' id='word_1_804' title='bbox 3378 5396 3712 5468; x_wconf 84' lang='grc' dir='ltr'><strong>οἰκονομίας,</strong></span> 
     </span>
    </p>
   </div>
   <div class='ocr_carea' id='block_1_109' title="bbox 1764 5529 2454 5612">
    <p class='ocr_par' dir='ltr' id='par_1_109' title="bbox 1764 5529 2454 5612">
     <span class='ocr_line' id='line_1_109' title="bbox 1764 5529 2454 5612; baseline 0.009 -18"><span class='ocrx_word' id='word_1_805' title='bbox 1764 5529 2012 5594; x_wconf 71' lang='lat' dir='ltr'><strong>Notulte</strong></span> <span class='ocrx_word' id='word_1_806' title='bbox 2044 5533 2454 5612; x_wconf 78' lang='lat' dir='ltr'><strong>marginales.</strong></span> 
     </span>
    </p>
   </div>
   <div class='ocr_carea' id='block_1_110' title="bbox 553 5647 936 5717">
    <p class='ocr_par' dir='ltr' id='par_1_110' title="bbox 553 5647 936 5717">
     <span class='ocr_line' id='line_1_110' title="bbox 553 5647 936 5717; baseline 0.01 -15"><span class='ocrx_word' id='word_1_807' title='bbox 553 5648 667 5717; x_wconf 77' lang='lat'><strong>(50)</strong></span> <span class='ocrx_word' id='word_1_808' title='bbox 702 5647 936 5706; x_wconf 81' lang='lat' dir='ltr'><strong>Galeoti.</strong></span> 
     </span>
    </p>
   </div>
   <div class='ocr_carea' id='block_1_111' title="bbox 546 5809 1156 5884">
    <p class='ocr_par' dir='ltr' id='par_1_111' title="bbox 546 5809 1156 5884">
     <span class='ocr_line' id='line_1_111' title="bbox 546 5809 1156 5884; baseline 0.01 -21"><span class='ocrx_word' id='word_1_809' title='bbox 546 5809 573 5849; x_wconf 69' lang='grc' dir='ltr'>δ</span> <span class='ocrx_word' id='word_1_810' title='bbox 601 5809 866 5877; x_wconf 73' lang='grc' dir='ltr'><strong>Ἁλεότου,</strong></span> <span class='ocrx_word' id='word_1_811' title='bbox 902 5822 956 5866; x_wconf 85' lang='lat' dir='ltr'><strong>ul</strong></span> <span class='ocrx_word' id='word_1_812' title='bbox 992 5815 1156 5884; x_wconf 76' lang='lat' dir='ltr'><strong>infra.</strong></span> 
     </span>
    </p>
   </div>
  </div>
