4010 6208
245 343 365 404 ΞΠ
1364 359 1461 419 DE
1505 361 1758 421 REBUS
1795 361 2149 425 TURCICIS
2189 367 2334 433 LIB.
2382 371 2479 433 IV.
3393 379 3496 442 9.13

251 457 500 511 πλοῦτον
535 459 713 530 ἑαυτῷ
767 463 1254 532 περιποιούμενος,
1285 471 1378 520 καὶ
1424 470 1520 540 τὴν
1577 473 1728 524 πόλιν
1774 472 1801 522 ιὶ

1905 481 1922 530 ι
1953 476 2018 528 ad
2057 491 2115 529 se
2143 478 2404 540 venisset,
2438 484 2720 552 magnifice
2761 488 3140 542 venerabatur.
3169 487 3343 543 Vitam
3369 506 3498 545 vero

249 546 365 601 οἷον
387 567 454 602 τε
498 551 736 620 μάλιστα
758 557 997 622 κοσμῶν.
1037 559 1078 609 Τ
1079 559 1251 611 etith
1278 562 1376 628 μὲν
1394 559 1482 614 οὖν
1505 563 1632 631 πέρι
1666 566 1720 624 ἐς
1749 583 1801 617 τε

1937 583 2090 622 suam
2111 585 2233 623 cum
2257 581 2616 640 temperanter
2635 577 2978 636 instituisset.
3003 585 3068 633 ad
3087 583 3306 634 multum
3340 599 3497 637 sene»

256 643 460 696 σοῠτον
514 647 982 716 ἐπιμνησάμενος,
1014 651 1266 721 ἐπάνειμι
1299 655 1361 723 δὴ
1411 657 1498 708 ἐπὶ
1539 657 1801 726 Θεόδωροι

1939 671 2082 714 ctam
2136 666 2402 731 pervenit,
2444 666 2677 722 feliciter
2713 671 2924 726 vivens.
2959 671 3024 726 Et
3059 675 3183 741 quia
3215 675 3495 743 imperium

253 736 346 786 τ“ν
382 735 662 802 βασιλέως
687 741 870 804 παῖδα,
907 742 1147 810 ἡγεμόνα
1186 745 1440 815 Σπάρτης
1465 765 1524 799 τε
1553 749 1642 800 καὶ
1672 749 1801 818 ἄλλη

1939 754 2161 822 pulchre
2211 767 2264 810 et
2285 758 2538 814 decenter
2566 763 2867 826 ordinarat,
2901 767 3101 820 inultas
3133 768 3498 836 cotnpurtavit

255 827 704 899 Πελοποννήσου,
738 831 812 894 ὡς
848 833 950 884 ὑπὸ
983 834 1252 905 Θεοδώρου
1282 840 1376 892 τοῦ
1425 844 1677 908 πατρωοῦ
1718 844 1801 907 ἐξε

1935 840 2058 902 inde
2085 850 2323 905 divitias.
2345 851 2546 906 Urbem
2565 870 2804 922 quoque,
2827 873 2987 925 quant
3022 858 3199 924 potuit
3233 860 3490 922 maxime,

251 920 496 987 τρέερετο
531 923 648 991 ἅμα
695 927 789 977 καὶ
845 926 1159 996 ἐπαιδεύθη.
1194 931 1348 984 Μετά
1381 933 1435 986 δὲ
1472 937 1644 989 ταῦτα
1675 955 1801 990 κατε

1933 940 2176 996 aediliciis
2207 953 2260 996 et
2289 944 2496 1011 reliquo
2529 957 2786 1015 apparatu
2808 951 3113 1003 exornavit.
3141 950 3342 1004 llormn
3362 967 3483 1004 cum

254 1011 442 1081 λήςοη
508 1016 570 1075 ὲς
596 1016 694 1085 τὴν
729 1017 903 1087 ἀρχὴν
950 1020 1117 1072 αὐτοῦ
1173 1023 1415 1092 ἡγεμών.
1445 1025 1534 1088 Ἐς
1575 1027 1732 1080 τοῦτο
1777 1029 1801 1080 δ

1937 1037 2220 1106 hucusque
2247 1041 2572 1095 mentionem
2590 1043 2834 1106 fecerim,
2852 1055 3064 1115 tempus
3085 1057 3166 1102 est
3193 1059 3248 1100 ut
3281 1047 3493 1100 redeant

255 1103 614 1172 ἀφικόμενος,
655 1109 682 1160 ό
708 1109 885 1178 πατὴρ
919 1111 1076 1164 αὑτοῦ
1105 1113 1454 1183 Ἑμμανουὴλ
1490 1121 1516 1170 ὁ
1546 1120 1800 1182 Βυζαντία

1933 1130 1999 1184 ad
2031 1128 2373 1185 Theodorum
2408 1135 2552 1204 regis
2579 1135 2747 1189 filium
2786 1137 2996 1205 Sparta:
3014 1151 3065 1192 et
3089 1140 3308 1204 reliqua:
3333 1138 3494 1192 Pelu-

258 1198 548 1264 βασιλείις,
594 1203 684 1254 τόν
712 1220 768 1254 τε
799 1205 963 1256 παῖδα
1004 1207 1231 1278 καθίστη
1273 1212 1329 1270 ὲς
1360 1214 1457 1278 τὴν
1486 1213 1677 1282 ἀρχὴν,
1740 1216 1834 1269 καὶ

259 1289 351 1340 ἐπὶ
378 1290 462 1360 τῷ
486 1293 702 1361 ἀδελφῷ
733 1294 851 1364 ,ἥδη
905 1297 1312 1368 τετελευτηκότι
1343 1301 1498 1370 λόγον
1527 1305 1834 1374 ἐπιτήδειον

260 1382 651 1453 ὲξετραγῴδει,
688 1384 906 1450 διεξιὼν
957 1391 1047 1440 ἐπὶ
1078 1391 1154 1458 τῷ
1205 1393 1360 1463 τάφῳ
1398 1396 1581 1458 αὑτοῦ,
1641 1397 1832 1451 ἀπολο-

264 1476 567 1542 φυρόμενός
594 1494 653 1528 τε
688 1477 804 1547 ἄμα
833 1480 924 1530 τὸν
962 1483 1264 1551 ἐπιτήδειον
1292 1486 1540 1554 ἀδελφόν.
1563 1491 1669 1542 Καὶ
1696 1493 1833 1560 μετά

263 1569 436 1622 ταῦτα
505 1575 1002 1641 μεταπεμπόμενος
1058 1579 1184 1639 τοὺς
1244 1579 1705 1650 Πελοποννησίους
1773 1585 1794 1636 ἑ

1934 1589 2228 1643 llrmiorem
2273 1603 2325 1645 et
2359 1593 2697 1648 stabilibrem
2729 1594 3023 1650 Theodoro
3083 1597 3234 1652 fecit.
3271 1597 3491 1651 Sermo-

278 1657 509 1729 Ίσθμὺν,
547 1663 639 1713 τόν
669 1679 730 1714 τε
762 1663 978 1732 Ἰσθμὸν
1033 1667 1286 1738 ἐτείχισε,
1319 1671 1414 1722 καὶ
1451 1672 1698 1744 φυλακὴν
1731 1691 1801 1728 κα

1931 1695 2051 1733 nem
2092 1698 2309 1752 quoque
2347 1683 2630 1740 funebrem
2662 1688 2878 1752 habuit,
2903 1700 2957 1744 et
2993 1691 3227 1743 maximo
3257 1706 3494 1766 meet-ore

265 1759 672 1822 ταστησάμενος
720 1757 905 1820 αὑτοῦ,
959 1759 1122 1831 ἀπῄει
1159 1763 1445 1816 ἀποπλέων
1501 1766 1593 1818 ἐπὶ
1634 1769 1801 1832 Βυζαν

268 1843 385 1872 -ξ.ι..
429 1846 561 1872 ι-.---.
605 1847 720 1872 .--Δὶ
748 1848 937 1872 1..-.--2
963 1851 1052 1872 ---ι
1085 1855 1163 1872 --ε
1246 1857 1284 1872 η
1321 1855 1339 1872 κ
1597 1859 1608 1872 ι
1740 1860 1763 1872 ..

1935 1768 2158 1827 allectus
2225 1775 2570 1830 volutabatur
2611 1793 2776 1846 super
2830 1778 2922 1832 ﬁlii
2982 1781 3252 1847 sepulcro.
3302 1782 3494 1836 Postea

268 1843 408 1907 τίου,
429 1846 561 1914 ἔχων
603 1847 720 1915 μεθ’
745 1848 939 1902 ἑαυτοῦ
963 1851 1056 1905 καὶ
1083 1855 1210 1919 τοὺς
1245 1855 1686 1930 Πελοποννησίων
1732 1860 1801 1930 ἄρ

1935 1862 2210 1918 advocatis
2260 1864 2686 1935 Peloponnesios
2740 1886 2793 1924 tn
2839 1871 3328 1933 lslhmum,muro
3369 1890 3491 1927 eum

1932 1315 2163 1368 stitutus
2197 1331 2226 1369 a
2260 1315 2550 1372 Theodoro
2585 1331 2797 1388 patruo,
2823 1321 3172 1390 llSpuslea
3204 1324 3270 1375 ab
3303 1323 3493 1376 eodem

1932 1413 2146 1458 mortuo
2185 1407 2548 1474 principatum
2578 1413 2812 1477 accepit.
2848 1409 2927 1463 Ad
2963 1413 3103 1465 hunc
3134 1427 3254 1464 cum
3310 1413 3491 1468 venis~

1929 1507 2009 1548 set
2044 1506 2193 1565 pater
2209 1498 2326 1565 eius
2353 1497 2666 1555 Emmanuel
2705 1502 2943 1572 Byzantii
2982 1521 3096 1566 rex,
3133 1505 3489 1572 principatum

1932 1224 2159 1290 ponnesi
2190 1226 2512 1292 principem,
2540 1229 2629 1296 qui
2656 1229 2917 1282 educatus
2966 1243 3015 1282 et
3067 1232 3370 1298 disciplinis
3415 1229 3499 1283 inl-
3580 1245 3589 1259 '

279 1950 470 2001 χοντας
500 1937 554 1987 ἒν
581 1939 814 2008 φυλακῇ.

353 2252 525 2306 Ταῦτα
559 2257 663 2324 μὲν
697 2257 782 2311 οὖν
803 2261 945 2314 κατά
969 2262 1096 2326 τοὺς
1127 2264 1236 2316 τῶν
1283 2265 1552 2338 Ἑλλήνων
1585 2271 1826 2340 βασιλεῖς

269 2347 562 2416 συνηνέχθη
595 2350 655 2409 ἐς
685 2352 995 2404 ἐκεῖνοντὸν
1016 2355 1228 2423 χρόνον.
1263 2357 1391 2412 Ἐπὶ
1419 2361 1474 2413 δὲ
1523 2362 1820 2432 λίεχμέτεω

261 2438 476 2503 ἄμεινον
503 2439 689 2508 σφίσιν
717 2441 929 2511 ἔχοντες
981 2443 1036 2505 ἐς
1067 2461 1128 2496 τε
1158 2446 1255 2517 τὴν
1291 2449 1484 2518 ἀρχὴν,
1517 2453 1608 2503 καὶ
1635 2454 1686 2514 ἐς
1722 2453 1822 2522 τὴν

264 2530 424 2599 ἆλλην
475 2532 650 2584 αὐτῶν
679 2533 889 2604 βιοτὴν,
941 2537 1066 2590 ἐπεὶ
1114 2536 1476 2607 ἠσφαλίζοντο
1522 2545 1618 2614 τὴν
1683 2547 1818 2614 πρὸς

267 2619 484 2688 βασιλέα
539 2625 830 2694 Μεχμέτην
869 2628 1091 2698 εἰρήνην
1119 2647 1199 2692 τε,
1254 2633 1347 2684 καὶ
1387 2636 1616 2696 σπονδὰς
1643 2638 1815 2704 ἐμπε-

259 2713 492 2781 δοῦντες,
523 2716 596 2776 ὡς
640 2711 754 2770 οἷόν
802 2737 859 2771 τε
893 2721 1124 2789 μάλιστα
1155 2727 1366 2787 αὐτοῖς,
1422 2726 1489 2778 δι’
1516 2728 1551 2780 ἀ
1575 2727 1637 2798 δὴ
1669 2729 1760 2782 καὶ
1789 2731 1818 2781 ὀ

256 2803 508 2874 βασιλεὺς
560 2807 854 2878 Μεχμέτης
926 2811 1178 2881 ἐνεργεῖ,
1248 2815 1324 2878 ὡς
1384 2818 1511 2886 περὶ
1559 2817 1813 2870 πλείστου

252 2901 493 2951 ποιοῖντο
537 2901 636 2969 τὴν
666 2901 864 2954 ἑαυτοῦ
892 2904 1137 2974 εἰρήνην,
1182 2907 1276 2960 καὶ
1335 2910 1442 2961 πᾶν
1464 2910 1640 2963 ὁτιοῦν
1685 2911 1817 2980 μᾶλ-

251 2988 340 3040 λον
373 2993 756 3060 πεισομένους,
802 2993 942 3047 ὥστε
974 2996 1072 3065 τὴν
1097 2996 1276 3068 ξενίην
1317 3000 1466 3066 σφίσι
1501 3001 1575 3070 μὴ
1603 3001 1813 3054 διαλύε-

252 3079 392 3143 σθαι,
425 3077 714 3150 ἐχαρίζετό
743 3101 800 3136 τε
833 3075 1015 3148 αὗτοῖς
1047 3088 1074 3140 ὅ
1106 3104 1159 3139 τι
1185 3087 1321 3158 ᾤετο
1349 3092 1406 3142 ἐν
1439 3093 1622 3161 χάριτι
1650 3096 1816 3146 ποιεῖ-

251 3171 373 3223 σθαι
429 3173 618 3236 αὐτοῖς
643 3211 660 3234 ,
716 3177 783 3228 τά
810 3192 869 3229 τε
900 3176 1035 3231 ἄλλα
1078 3179 1172 3231 καὶ
1212 3181 1304 3232 ἐπὶ
1345 3181 1422 3250 τῷ
1470 3183 1620 3236 παιδὶ
1650 3184 1814 3238 αὑτοῦ

258 3265 598 3336 Ἀμουράτῃ.
633 3265 840 3337 ἼΙστην
864 3269 970 3339 γὰρ
999 3269 1146 3340 αὐτῷ
1170 3271 1280 3324 δύω
1327 3274 1498 3337 παῖδε,
1541 3276 1811 3346 Ἀμουρά-

243 3372 340 3421 της
377 3357 481 3425 μὲν
527 3361 556 3411 ό
587 3359 976 3430 πρεσϐύτερος.
1027 3363 1357 3432 Mona-caepa;
1387 3366 1440 3418 δὲ
1470 3369 1496 3419 ό
1529 3367 1810 3440 νεώτερος,

242 3450 342 3500 καὶ
359 3448 442 3500 ἔτι
471 3453 596 3509 παῖς
623 3449 722 3503 ὢν.
757 3451 980 3504 Τούτοιν
1011 3453 1103 3506 τὸν
1129 3454 1228 3523 μὲν
1255 3454 1600 3526 Ἀμουράτην
1629 3463 1686 3520 ἐς
1713 3465 1811 3528 τὴν

241 3539 521 3608 Εὐρώπην
543 3542 799 3595 διενοεῖτο
837 3546 1175 3610 καταλιπεῖν,
1221 3547 1311 3600 τὸν
1338 3549 1392 3602 δὲ
1419 3549 1603 3620 ἕτερον
1628 3554 1683 3614 ἐς
1711 3553 1810 3622 τὴν

249 3632 446 3686 Ἀσίαν
474 3632 720 3702 βασιλέα.
767 3637 873 3688 Καὶ
903 3638 1304 3709 ὲπιδιελόμενος
1331 3642 1538 3705 τούτοις
1579 3646 1675 3715 τὴν
1705 3649 1806 3718 ἀρ-

237 3729 363 3794 χὴν,
397 3727 777 3791 ἐγκατέλιπεν,
803 3729 942 3782 ὥστε
972 3731 1166 3794 παῖδας
1195 3734 1451 3802 ἐμμένειν
1477 3733 1557 3799 οἷς
1583 3739 1806 3809 επέτρε-

233 3819 328 3885 ιζιε,
360 3818 441 3886 τῷ
465 3817 758 3882 Βυζαντίου
786 3821 1010 3890 βασιλεῖ,
1044 3824 1182 3877 κατά
1211 3825 1381 3878 ταῦτα
1408 3828 1803 3900 συλλαμϐάνειν

233 3911 301 3978 ἦν
331 3925 420 3972 τις
472 3910 654 3981 ἀδικῇ,
697 3913 772 3980 μὴ
829 3915 1166 3984 ἐπιτρέπειν,
1203 3917 1435 3989 ἀλλάτῷ
1464 3922 1801 3995 ἀδικουμένῳ

234 4005 509 4071 τιμωρεῖν
548 4005 692 4055 κατὰ
723 4004 1064 4073 δύναμιν.Ἐς
1093 4007 1188 4078 τὴν
1216 4011 1396 4078 μέντοι
1415 4014 1615 4066 Δακίαν
1636 4033 1800 4087 στραι-

231 4093 487 4158 τεὺματα
525 4093 860 4162 ἐπιπέμψας,
915 4095 1015 4164 τήν
1074 4112 1134 4148 τε
1186 4100 1370 4166 χώραν
1400 4100 1664 4169 ἐληῒζετο,
1703 4107 1796 4158 καὶ

232 4180 644 4243 Παιονοδακίαν,
698 4182 974 4249 Βρενέζεω
1004 4184 1095 4236 τοῦ
1143 4186 1323 4249 Χότζα
1364 4186 1603 4255 Θερίζεω
1637 4193 1796 4263 Οερά-

230 4287 436 4333 ποντος
461 4273 760 4340 ἡγουμένου
788 4291 846 4324 τε
871 4275 964 4326 καὶ
993 4273 1130 4346 ἔργα
1167 4279 1378 4344 μεγάλα
1407 4283 1792 4354 ἀποδεικνυμέ-

232 4379 328 4415 νου
349 4375 364 4389 ·
393 4363 527 4432 πρὸς
553 4363 608 4415 δὲ
649 4363 744 4416 καὶ
774 4365 1070 4437 Μιχαήλεω
1101 4369 1192 4420 τοῦ
1226 4371 1322 4437 τῆς
1349 4373 1614 4444 Εὐρώπης
1646 4377 1792 4447 αὐτῷ

229 4451 568 4520 στρατηγοῦ,
613 4454 867 4523 στρατιάν
897 4473 955 4508 τε
1007 4458 1229 4522 ἄγοντος
1265 4462 1355 4513 ἐπὶ
1382 4465 1507 4527 τοὺς
1534 4467 1783 4532 Παίονας,

1932 1954 2214 2008 includere
2277 1974 2566 2025 aggressus
2629 1969 2734 2016 est.
2774 1962 2874 2016 Cui
2943 1979 3065 2015 cum
3137 1964 3493 2034 imposuisset

1934 2047 2263 2114 prtesidium,
2293 2049 2605 2120 Byzantium
2654 2053 2888 2122 repetiit,
2943 2055 3148 2110 habens
3177 2071 3359 2110 secum
3436 2058 3489 2110 iu

1930 2138 2162 2193 vinculis
2208 2139 2725 2210 Peloponnesiorum
2766 2145 2952 2201 duces.

1999 2227 2122 2283 llaec
2167 2232 2379 2298 quidem
2441 2243 2571 2288 sunt
2619 2252 2738 2304 qua:
2786 2251 2848 2291 ea
2904 2247 3221 2306 tempestate
3273 2239 3490 2308 regibus

1925 2319 2232 2376 Grmcorum
2285 2335 2599 2380 evenerunt.
2634 2327 2936 2396 lmperante
2983 2329 3278 2384 Mechmete
3301 2371 3316 2394 ,
3352 2334 3491 2386 bene

1923 2429 1982 2468 se
2016 2430 2102 2469 res
2129 2416 2436 2471 Graecorum
2484 2420 2770 2484 habebant,
2796 2432 2904 2476 tum
2958 2433 3218 2493 quantum
3283 2427 3345 2477 ad
3401 2444 3488 2478 re-

1925 2526 2111 2579 gnum,
2137 2519 2245 2564 tum
2284 2525 2539 2579 quantum
2567 2516 2633 2569 ad
2672 2518 2936 2586 reliquum
2999 2519 3208 2574 vivendi
3253 2523 3484 2589 pertinet

1925 2605 2164 2657 modum.
2203 2603 2486 2674 Postquam
2511 2607 2562 2660 in
2585 2607 2758 2664 foedus
2791 2620 2841 2663 et
2868 2627 3048 2679 pacem
3093 2613 3334 2667 coierant
3358 2629 3482 2667 cum

1923 2692 2219 2749 Mechmete
2251 2737 2265 2760 ,
2317 2698 2450 2752 nihil
2509 2701 2787 2769 antiquius
2842 2702 3164 2758 Mechmetes
3214 2706 3484 2773 ducebat,

1919 2801 2077 2856 quam
2109 2804 2316 2842 summa
2345 2806 2446 2859 ope
2482 2791 2575 2846 niti
2597 2803 2653 2844 ut
2683 2791 2854 2846 ϐιηξοί
2886 2796 3266 2863 quamplurimi
3292 2815 3298 2862 ς
3326 2799 3483 2852 istam

1921 2893 2105 2947 pacem
2145 2880 2402 2936 faverent.
2452 2882 2683 2938 Proinde
2727 2887 2942 2954 quidvis
3000 2888 3180 2956 potius
3250 2891 3483 2945 malebat

1923 2986 2083 3039 quam
2123 2983 2175 3024 tit
2200 2976 2462 3044 peregrini
2498 2993 2618 3030 cum
2653 2981 2734 3033 bis
2766 2979 2815 3032 in
2836 2979 3156 3050 colloquium
3193 2985 3486 3053 congrede-

1920 3074 2130 3118 rentur.
2162 3063 2268 3120 Nec
2298 3071 2546 3124 cessabat
2577 3073 2630 3124 in
2684 3087 2777 3126 eos
2827 3075 2965 3126 dona
3011 3077 3279 3141 conferre,
3336 3092 3482 3145 quae.

1922 3170 2134 3222 cunque
2176 3157 2239 3211 iis
2269 3170 2418 3227 grata
2460 3163 2575 3215 fore
2597 3166 2981 3221 arbitrabatur.
3034 3169 3264 3239 Reliqua
3313 3171 3479 3227 etiam

1873 3257 1883 3276 ε
1919 3243 2147 3300 fat-iebat
2181 3260 2401 3318 propter
2429 3253 2598 3306 ﬁlium
2629 3270 2788 3308 suum
2814 3258 3151 3316 Amttratetn.
3199 3263 3367 3319 Erant
3421 3282 3484 3320 e-

1919 3337 2027 3388 nim
2055 3338 2102 3390 ei
2133 3337 2240 3394 duo
2271 3341 2383 3402 tilii,
2411 3341 2719 3411 Amurates,
2749 3350 2838 3418 qui
2873 3361 3000 3404 natu
3023 3364 3137 3406 erat
3182 3357 3474 3422 maximus,

1914 3438 1967 3481 et
2001 3427 2312 3499 Mustaphas
2347 3436 2716 3505 annisjunior,
2741 3443 2986 3496 etadhuc
3006 3446 3264 3513 puerilem
3309 3464 3477 3520 agens

1911 3530 2138 3574 uatem.
2168 3523 2806 3596 Europzeimperiumilli,
2832 3535 2955 3589 huic
2977 3538 3118 3594 Asiae
3155 3550 3480 3600 testamento

1910 3614 2206 3682 relinquere
2258 3620 2498 3686 parabat.
2555 3623 2886 3694 Cumqueita
2924 3629 3048 3685 filiis
3100 3649 3218 3702 qua:
3274 3635 3338 3688 ad
3390 3652 3478 3691 re-

1905 3719 2070 3771 gnum
2121 3709 2351 3764 attinere
2403 3713 2518 3766 visa
2578 3727 2702 3771 sunt
2762 3719 3142 3790 disposuisset,
3192 3727 3357 3796 jussit
3418 3739 3478 3783 ιιι

1904 3808 2202 3855 extremam
2235 3818 2389 3857 suam
2449 3807 2778 3864 voluntatem
2829 3826 3108 3871 servarent
3143 3837 3156 3873 :
3189 3820 3476 3890 Byzantio-

1906 3907 2013 3961 que
2048 3897 2157 3964 regi
2192 3900 2433 3954 subsidio
2464 3903 2724 3970 venirent,
2755 3909 3191 3982 quandocunque
3235 3917 3302 3968 ab
3348 3917 3476 3974 hos-

1901 3986 2045 4040 tibus
2077 3987 2180 4039 vim
2211 3999 2499 4059 pateretur,
2545 4003 2598 4048 et
2653 3997 2864 4055 fortiter
2897 4003 3068 4057 virum
3121 4006 3472 4064 defenderent

1897 4077 2069 4132 abhis
2092 4080 2182 4148 qui
2207 4081 2256 4134 ei
2297 4083 2546 4152 injuriam
2575 4088 2834 4147 facerent.
2855 4091 2989 4148 Cum
3019 4096 3213 4164 copias
3239 4100 3475 4158 misisset

1896 4166 1948 4220 in
1986 4168 2219 4236 Daciam,
2255 4176 2695 4246 eamdiripiehat.
2726 4183 2831 4238 Nec
2857 4201 2884 4237 a
2907 4185 3250 4244 Pannodacia
3276 4209 3471 4253 manus

1894 4259 2171 4325 abstinuit,
2203 4263 2404 4322 Cbotza
2435 4269 2693 4328 ’l‘berozis
2721 4276 2972 4334 ministro
3009 4285 3302 4339 exercitum
3341 4287 3472 4343 duc-

1894 4359 2039 4408 tante
2071 4366 2259 4412 contra
2299 4359 2585 4420 Pauuones
2630 4378 2684 4422 et
2732 4367 3153 4443 Panuodaciam,
3191 4377 3466 4450 Illyricos-

1889 4461 2011 4515 que.
2043 4445 2314 4517 Breuezis,
2338 4455 2430 4523 qui
2461 4471 2610 4512 arma
2640 4459 2906 4518 inferebat
2954 4464 3179 4538 Illyricis
3224 4445 3280 4527 et
3330 4473 3473 4529 Pan-

226 4546 326 4596 καὶ
368 4546 780 4610 Παιονοόακίαν,
813 4548 908 4602 καὶ
955 4549 1020 4618 δὴ
1060 4552 1156 4604 καὶ
1193 4552 1511 4625 Ἰλλυριούς
1549 4561 1786 4633 Βρενέζῃ

1905 4541 2124 4596 tionibus
2192 4553 2245 4599 et
2303 4545 2724 4620 Peloponneso,
2753 4567 2971 4613 exstant
3020 4561 3075 4616 in
3122 4563 3334 4636 Europa
3374 4567 3473 4624 de-

229 4637 419 4705 μέντοι
442 4636 580 4706 ἔργα
611 4637 1040 4706 ἀποδεδειγμένα
1066 4641 1190 4707 ἄξια
1213 4644 1370 4712 λόγου
1397 4650 1535 4702 κατά
1567 4653 1664 4720 τὴν
1693 4653 1791 4705 Εὐ-

228 4729 450 4798 ρώπην,
469 4729 604 4782 ἄλλα
630 4747 688 4781 τε
720 4732 814 4783 καὶ
844 4733 937 4786 ἐπὶ
968 4733 1260 4805 Ἰλλυριοὺς
1285 4741 1380 4792 καὶ
1422 4742 1675 4809 Παίονας,
1700 4747 1790 4799 καὶ

226 4823 324 4874 ἐπὶ
353 4822 758 4893 Πελοπόννησον
786 4829 1240 4899 στρατευσαμένῳ
1268 4846 1283 4861 ο
1320 4833 1547 4887 πλεῖστα
1581 4836 1637 4889 δὲ
1690 4839 1785 4892 τοῦ

225 4914 423 4978 γένους
459 4913 648 4965 τούτου
701 4914 792 4966 ἐπὶ
841 4919 1172 4986 στρατηγίας
1219 4921 1637 4994 καθισταμένου,
1689 4931 1784 4983 σὺν

221 5006 343 5065 τοῖς
367 5004 630 5074 Εὐρώπης
666 5007 1039 5076 ίττποδρόμοις,
1072 5009 1213 5063 ὥστε
1246 5014 1396 5084 αὑτῷ
1421 5018 1617 5071 αὐτίκα
1657 5022 1784 5074 ἑπο-

227 5097 446 5164 μένους,
477 5099 595 5150 ὁποι
629 5098 693 5149 ἂν
723 5099 970 5168 ἐξηγοῖτο
998 5103 1367 5172 ἀποφέρεσθαι
1395 5111 1556 5180 κέρδη
1585 5110 1660 5174 ὡς
1686 5115 1782 5182 μέ-

222 5204 405 5254 γιστα.
446 5187 555 5240 Καὶ
575 5189 664 5240 ἐπὶ
692 5192 799 5241 τῶν
835 5191 1061 5245 Ἐνετῶν
1093 5195 1277 5264 χώραν
1307 5199 1658 5268 ἀφικόμενον,
1686 5207 1778 5257 καὶ

222 5280 751 5349 ἀνδραποδισάμενον
772 5282 871 5350 τὴν
904 5282 1109 5352 χώραν,
1156 5285 1461 5354 ἀνδράποδα
1498 5290 1778 5360 ἀπαγαγό-

223 5388 408 5438 μενον,
441 5371 722 5426 πλουτίσαι
779 5374 902 5436 τοὺς
953 5376 1318 5443 ὲφεπομένους
1354 5379 1631 5448 Τοὺρκων,
1680 5387 1774 5437 καὶ

220 5463 362 5529 μέγα
401 5462 615 5526 ὀλϐίους
665 5465 1041 5518 ἀποδεικνύναι
1078 5467 1152 5530 ὡς
1185 5469 1243 5520 ἐν
1275 5469 1482 5540 βραχεῖ.
1520 5475 1674 5528 Ἐστι
1719 5478 1774 5530 δὲ

217 5557 314 5604 καὶ
341 5554 736 5624 ᾠκοδομημένα
769 5557 871 5609 ἀνά
901 5557 1001 5627 τὴν
1043 5559 1314 5629 Εὐρώπην
1343 5562 1628 5636 ἅπανταχῆ
1677 5567 1778 5622 οὐκ

216 5645 372 5707 ὀλίγα
407 5645 648 5718 Βρενίζῃ
674 5650 1038 5718 πεποιημένα,
1086 5649 1226 5703 ὥστε
1263 5651 1336 5715 ὡς
1370 5656 1689 5724 μνημόσυνα
1719 5662 1774 5722 ἐς

216 5753 339 5798 τους
395 5739 844 5809 ἐπιγιγνομένους
894 5741 1234 5798 καταλιπεῖν.
1291 5743 1559 5815 ’Υστερον
1589 5749 1771 5817 μέντοι

1893 4631 2102 4697 signata
2165 4650 2329 4705 opera
2374 4641 2604 4707 plurima
2656 4660 2953 4706 memoratu
2999 4653 3200 4725 digna:
3238 4631 3470 4729 plurima

1893 4739 2108 4796 quoque
2128 4733 2341 4798 egregia
2364 4732 2502 4788 facta
2528 4733 2851 4806 Turcorum,
2877 4758 3000 4799 cum
3041 4747 3271 4822 Europa:
3311 4755 3470 4826 equi-

1891 4821 2037 4875 tibus
2073 4825 2308 4892 adjuncti
2330 4830 2597 4898 stipendia
2639 4834 2896 4903 facerent,
2922 4845 3156 4901 maxime
3191 4821 3471 4906 celebran-

1887 4916 1994 4962 tur.
2018 4911 2148 4965 Cum
2195 4916 2340 4968 enim
2393 4921 2625 4987 expediti
2673 4937 3035 4993 sequerentur
3096 4934 3463 5006 quodcunque

1885 5003 1990 5054 dux
2041 5002 2302 5068 duxisset,
2362 5013 2645 5068 commoda
2694 5017 2922 5085 plurima
2977 5027 3340 5093 reportabant.
3371 5002 3467 5089 -Ει,

1880 5106 2002 5146 cum
2036 5095 2222 5150 eodem
2246 5099 2765 5162 duceincursionem
2814 5111 3072 5169 fecissent
3125 5119 3177 5170 in
3237 5117 3463 5174 Veneto-

1877 5198 1995 5237 rum
2038 5187 2307 5256 regionem
2339 5192 2517 5260 Turei,
2553 5215 2741 5266 magna
2771 5201 2944 5272 praeda
2998 5209 3273 5263 hominum
3326 5213 3462 5266 alia-

1875 5292 2103 5348 rumque
2147 5297 2325 5337 rerum
2395 5287 2584 5343 abacta
2617 5333 2631 5356 ,
2684 5296 2974 5352 admodum
3022 5301 3260 5368 opulenti
3329 5301 3458 5360 facti

1875 5383 2019 5425 sunt.
2053 5371 2238 5442 Itaque
2258 5378 2398 5433 haud
2453 5384 2659 5439 modica
2685 5388 2909 5443 tedificia
2931 5405 2976 5442 a‘
3011 5391 3312 5451 renezein
3354 5399 3459 5452 Ett-

1888 5476 2018 5529 ropa
2092 5479 2223 5520 sunt
2304 5473 2572 5542 excitata,
2628 5487 2684 5531 ut
2731 5481 2965 5548 posteris
3047 5497 3454 5544 monumentum

1885 5564 2078 5618 forent.
2109 5558 2299 5615 Postea
2323 5573 2499 5619 autem
2556 5583 2680 5622 cum
2706 5571 2892 5626 relicto
2937 5574 3083 5632 Mose
3108 5578 3175 5631 ad
3230 5581 3454 5642 fratrem

1881 5643 1998 5710 ejus
2033 5651 2361 5716 transiisset,
2400 5656 2797 5725 imperatoriam
2819 5662 3134 5734 dignitatem
3155 5670 3280 5726 t‘rliis
3330 5687 3459 5728 cou-

1879 5738 2060 5791 cessit.
2093 5739 2227 5799 Hine
2254 5760 2376 5802 cum
2405 5737 2778 5808 Brenezis/ﬁlii
2817 5752 2995 5827 Jesus,
3026 5761 3138 5833 ('51)
3184 5761 3462 5824 Baraucus

1489 5843 1733 5905 Notulae
1771 5853 2181 5931 marginales.

289 5934 400 6005 (3!)
437 5933 619 5992 .losue.
