4010 6208
502 340 609 405 223

1658 343 1974 403 LAONICI
2012 344 2683 413 ΕΗᾹΙΛΖΟΟΟΝΒΥῙᾹζ

3629 339 3734 401 224

506 467 626 504 sum
653 466 683 505 a
709 449 819 506 ﬁlio
845 453 1132 525 sentiebat.
1156 450 1286 505 Nam
1313 454 1573 507 censebat
1626 453 1895 510 fcederum
1946 457 2069 512 reli-

2177 459 2265 521 δες
2299 459 2543 527 πάρεισι.
2583 458 2690 510 Καὶ
2716 456 2875 509 τοῦτο
2927 457 3107 525 μέντοι
3140 454 3526 523 ἀναμφιλόγως
3555 453 3677 523 ἕχον
3694 457 3736 518 ⁹,

502 546 715 612 gionem
752 544 1268 609 nectemeraudam,
1313 561 1411 598 nec
1457 546 1757 601 violandam
1803 564 1964 604 esse:
2014 560 2069 604 et

503 634 593 701 qui
625 633 673 687 id
705 633 946 697 fecisset,
983 634 1142 703 1.19
1172 635 1302 687 nihil
1329 636 1517 690 boniei
1555 654 1789 705 unquam
1843 650 2069 693 eventu-

502 740 663 779 rum:
698 740 797 778 nec
818 726 1113 794 quidquam
1144 727 1450 795 prohibere,
1484 731 1781 797 quominus
1816 747 1939 785 cum
1981 747 2068 786 er-

504 827 622 871 rato
644 833 745 871 suo
772 826 955 885 pereat
989 821 1223 887 penitus.
1269 818 1468 875 Verum
1532 822 1643 875 haec
1698 824 1749 876 in
1796 823 2067 879 delibera—

2176 550 2447 617 ἐμπεδοῦν
2472 551 2679 617 ἔφασκε
2726 550 2824 619 τὴν
2881 547 3116 616 αἵρεσιν,
3179 548 3373 616 ἥντινα
3423 546 3489 599 ἂν
3544 548 3739 602 ἕλοιτο.

2188 643 2400 694 Ἐκεῖνα
2427 642 2561 695 δἀῦ
2603 642 2921 710 ἐνδοιασμῦν
2950 640 3322 710 παρεχόμενα,
3362 640 3484 693 ὅποι
3537 659 3596 692 τε
3647 644 3741 693 καὶ

2175 727 2331 806 ᾖέπὶ
2361 736 2455 805 τὴν
2490 732 2768 802 βασιλείαν
2834 734 3105 802 ἀφίκοιτο,
3154 734 3400 786 κίνδυνον
3447 734 3597 801 σφίσι
3650 735 3740 786 τὸν

2178 827 2430 896 μέγιστον
2461 826 2817 897 παρέχεσθαι.

507 909 711 965 tionem
747 912 1102 980 proponenda
1128 928 1255 967 esse
1284 914 1357 977 ei,
1385 915 1475 979 qui
1510 914 1775 969 deliberet
1834 916 1942 969 utri
2012 918 2152 986 parti
2217 919 2286 972 sit
2341 920 2765 975 adbaereudum:
2818 918 2886 973 ab
2948 897 3255 987 hac‘parte
3306 917 3558 971 locentur
3606 931 3736 983 opes

508 1003 659 1069 regni
691 1011 744 1056 et
767 1005 1179 1073 peregrinorum
1233 1006 1464 1061 militum
1524 1010 1728 1073 robur;
1783 1010 1850 1065 ab
1876 1013 2068 1077 altera,
2106 1027 2226 1081 qua:
2249 1013 2410 1067 modo
2439 1013 2697 1077 diximus,
2758 1023 3052 1082 ponantur.
3114 1012 3208 1066 llla
3256 1013 3473 1082 quidem
3527 994 3739 1066 dubiam

505 1095 713 1149 faciunt
740 1099 1084 1153 electionem.

578 1190 703 1246 Haec
733 1194 897 1246 etiam
926 1195 1343 1264 ambiguitatem
1366 1197 1632 1265 inferunt,
1653 1199 1780 1253 dum
1804 1200 2073 1269 cogitaret

503 1300 608 1350 qua
638 1288 986 1355 etquomodo
1020 1305 1249 1360 regnum
1287 1292 1391 1346 sibi
1418 1292 1731 1359 subjiceret,
1769 1304 1822 1347 et
1846 1294 2064 1348 interim

503 1377 819 1432 Graecorum
870 1382 1041 1435 resin
1086 1398 1362 1437 summum
1406 1385 1702 1440 adduceret
1741 1385 2066 1439 discrimen.

502 1470 560 1523 lu
596 1471 741 1524 hunc
778 1474 999 1525 modum
1037 1474 1102 1527 ad
1155 1484 1450 1545 utramque
1492 1487 1702 1544 partem
1751 1478 2064 1533 Graecorum

503 1564 668 1617 animi
730 1568 1165 1635 prependebant.
1203 1566 1349 1623 Vicit
1388 1579 1569 1625 tamen
1605 1572 1895 1635 sententia,
1948 1587 2068 1641 qua:

496 1654 724 1722 jubebat
750 1673 928 1725 regem
948 1660 1227 1727 juvenem.
1257 1663 1349 1730 qui
1378 1678 1559 1717 rerum
1587 1673 1701 1717 tum
1734 1666 2067 1734 petiebztur,

502 1750 653 1817 sequi
682 1766 1018 1819 quocunque
1053 1752 1329 1807 duxisset.
1362 1754 1601 1811 Proinde
1628 1756 2069 1828 adjungebantur

502 1839 801 1911 Mustaplize
846 1844 982 1911 (55),
1050 1860 1291 1915 eumque
1360 1863 1541 1914 regem
1601 1852 2067 1917 pronuntiarunt:

500 1932 602 1986 ltac
651 1941 828 1989 tamen
868 1936 1206 2004 conditione,
1252 1948 1310 1992 ut
1339 1940 1650 2011 Callipolim
1688 1946 1946 1997 amissam
1982 1959 2070 1998 re-

498 2026 763 2092 ciperent.
792 2026 896 2081 llis
930 2030 1000 2081 ita
1035 2031 1298 2097 decretis,
1340 2035 1518 2103 copiis
1550 2036 1845 2092 navalibus
1874 2037 2068 2101 imple-

498 2132 627 2171 vere
662 2135 846 2185 naves,
873 2122 1072 2190 quibus
1108 2124 1420 2181 instructus
1444 2143 1537 2181 rex
1560 2128 1710 2182 venit
1731 2128 2067 2199 Callipolim.

496 2206 633 2262 Cum
683 2221 863 2264 autem
906 2215 1150 2269 nondum
1202 2233 1267 2271 eo
1324 2220 1639 2274 advenisset
1688 2219 2007 2292 Mustapbas
2040 2239 2071 2277 e

500 2299 726 2366 Lemno,
783 2304 973 2359 volens
1028 2308 1141 2375 ipse
1200 2308 1423 2364 interim
1483 2311 1687 2378 aliquid
1735 2328 1898 2383 agere
1926 2317 2068 2384 quod

499 2392 803 2459 pertineret
836 2395 903 2449 ad
937 2414 1166 2468 regnum
1199 2401 1456 2471 Europm.
1483 2403 1788 2473 Callipolim
1816 2405 2071 2461 obsidere

499 2484 716 2539 statuit.
747 2487 953 2553 Aderat
983 2498 1036 2543 et
1068 2490 1329 2547 Zunaites
1366 2492 1614 2565 Smyrna!
1646 2497 1921 2566 princeps,
1950 2498 2069 2552 Mu-

500 2579 709 2647 staplue
742 2579 1117 2637 familiaritate
1136 2583 1391 2654 junctus.
1440 2586 1611 2642 Porro
1652 2589 1903 2644 dicebant
1933 2589 2073 2643 Tur-

498 2673 602 2732 cis.
627 2672 717 2741 qui
751 2686 1145 2746 convenerant,
1176 2676 1521 2749 Mustapham
1559 2680 1710 2736 brevi
1745 2681 2069 2738 all'uturum.

497 2762 902 2834 Oppugnahant
958 2783 1138 2822 arcem
1182 2770 1467 2840 Callipolis
1520 2791 1534 2826 :
1590 2788 1693 2827 nec
1731 2775 1900 2829 multo
1946 2785 2071 2844 post

499 2853 709 2909 dedidit
757 2872 817 2911 se
851 2857 1166 2913 advenienti
1213 2860 1520 2930 Mustapba:
1554 2864 1940 2919 Chersonesus
1973 2884 1987 2919 :
2017 2874 2071 2918 et

500 2946 647 3001 illico
715 2966 837 3003 eum
899 2967 1080 3019 regem
1149 2956 1557 3021 consalutavit,
1622 2968 1675 3011 et
1741 2972 2071 3025 quocunque

500 3040 781 3102 duxisset,
844 3044 1699 3117 promptissime'sequebantur.
1757 3046 2063 3118 Callipolim

2245 1201 2429 1254 Ταῦτα
2463 1202 2647 1271 μέντοι
2695 1202 2809 1264 τοῖς
2845 1199 3105 1270 Ἕλλησιν
3143 1202 3231 1254 ἐπ’
3271 1202 3563 1271 ἀμφότερα
3593 1219 3743 1270 γινο-

2176 1302 2357 1368 μένοις
2398 1302 2517 1361 ταῖς
2572 1297 2841 1368 γνώμαις,
2892 1297 2989 1351 ἅτε
3038 1296 3133 1348 τοῦ
3185 1294 3308 1348 νέου
3367 1294 3633 1365 βασιλέως
3680 1296 3741 1347 τὸ

2171 1393 2371 1461 κράτος
2403 1392 2638 1462 ἔχοντος,
2668 1393 2788 1445 τότε
2813 1390 2925 1444 τῶν
2963 1388 3235 1459 Ἐλλήνων
3263 1387 3436 1460 ταύτῃ
3456 1390 3519 1457 τῇ
3545 1386 3738 1458 γνώμῃ

2174 1486 2435 1538 ἐτίθεντοσ
2468 1488 2564 1538 καὶ
2592 1487 2912 1555 αἱρούμενοι
2949 1485 3019 1538 τὰ
3048 1484 3376 1553 πράγματα,
3467 1480 3737 1549 ἐξηγεῖτο,

2172 1579 2266 1631 ἐπὶ
2291 1580 2388 1647 τὴν
2416 1580 2722 1646 Μουσταφᾶ
2754 1578 3053 1648 ἐτράποντο
3090 1576 3274 1646 τύχην,
3305 1574 3445 1628 ὥστε
3482 1574 3740 1628 καθιστά-

2175 1688 2263 1723 vat
2307 1671 2468 1723 αὑτὸν
2521 1669 2767 1738 βασιλέα,
2820 1668 2918 1721 καὶ
2956 1669 3057 1738 τὴν
3099 1665 3495 1720 Καλλιούπολιν
3558 1667 3740 1735 σφίσιν

2174 1756 2544 1818 ἀποδίδοσθαι,
2594 1756 2732 1809 ὥστε
2784 1756 2953 1810 ταῦτα
3006 1756 3268 1821 ἐδέδοκτο,
3322 1757 3415 1809 καὶ
3467 1755 3738 1827 ἐπλήρουν

2172 1850 2270 1910 τὰς
2299 1849 2449 1912 ναῦς.
2478 1848 2733 1915 Ἀφίκετο
2763 1843 2861 1901 οῦν
2885 1852 2913 1901 ὁ
2937 1848 3191 1919 βασιλεὺς
3222 1847 3314 1902 ἐπὶ
3345 1848 3444 1919 τὴν
3476 1849 3738 1902 Καλλιού-

2173 1939 2351 2000 πολιν,
2386 1941 2477 1991 καὶ
2506 1939 2581 2002 ὡς
2612 1940 2763 1993 οὐδὲν
2783 1939 3113 2008 παρεγένετο
3144 1938 3250 1991 ἀπὸ
3275 1938 3498 2006 Λήμνου
3533 1940 3555 1992 ὁ
3587 1940 3737 1993 Μου-

2174 2033 2404 2100 σταφᾶς,
2434 2032 2814 2102 προαγόμενος
2845 2030 3112 2100 πράσσειν
3141 2048 3192 2082 τι
3224 2031 3280 2092 ἐς
3303 2029 3403 2100 τὴν
3433 2024 3607 2099 ἀρχὴν
3637 2029 3738 2099 τῆς

2170 2124 2466 2195 Εὐρώπης,
2495 2124 2929 2193 καὶδπυλιορκεῖν
2960 2124 3057 2193 τὴν
3087 2121 3485 2177 Καλλιούπολιν
3514 2126 3741 2176 Ζουναῖ-

2169 2236 2270 2287 την
2304 2219 2395 2270 τὸν
2426 2222 2525 2286 τῆς
2578 2218 2833 2287 Σμύρνης
2882 2218 3141 2287 ἄρχοντα,
3198 2199 3553 2286 παρόνταδὴ
3617 2217 3739 2269 τότε

2172 2311 2375 2374 σξίσιν,
2399 2310 2490 2363 ἅτε
2522 2312 2735 2377 ἑταῖρον
2760 2310 2891 2363 ὄντα
2918 2309 3013 2361 τοῦ
3042 2310 3367 2379 Μουσταφᾶ,
3391 2310 3465 2371 ὡς
3494 2326 3737 2379 παρεσοο

2175 2402 2335 2471 μένου
2388 2401 2453 2471 δὴ
2506 2402 2707 2455 αύτῐκα
2762 2402 3039 2466 κάκείνου,
3096 2400 3560 2466 ὲξεπιδεικνύντες
3621 2401 3738 2460 τοῖς

2172 2492 2462 2563 Τούρκοις,
2515 2492 2869 2561 ἐπολιόρκουν
2912 2494 3009 2562 τὴν
3059 2494 3233 2563 ἄκραν
3256 2492 3355 2562 τῆς
3390 2491 3736 2546 Καλλιουπὸ-

2171 2585 2326 2649 λεως.
2363 2585 2496 2639 Μετ’
2527 2586 2586 2637 οὐ
2624 2587 2795 2638 πολὺν
2846 2586 2903 2638 δὲ
2946 2587 3137 2655 χρόνον
3183 2585 3514 2655 παρεγένετό
3556 2603 3615 2637 τε
3648 2586 3742 2638 καὶ

2172 2677 2334 2740 αὐτὸς
2395 2679 2755 2745 Μουσταφᾶς,
2816 2694 2911 2730 και
2962 2678 3031 2730 τά
3076 2696 3134 2730 τε
3186 2680 3332 2749 ἄκρα
3381 2679 3477 2743 τῆς
3527 2677 3737 2738 πόλεως

2174 2767 2596 2838 προσεχώρησεν
2625 2768 2793 2839 αύτῷ.
2826 2768 2937 2823 Καὶ
2968 2771 3000 2840 ἠ
3033 2770 3378 2841 Χερρόνησος
3407 2769 3604 2822 αὐτίκα
3630 2769 3737 2835 ἐ,ξὲ-

2174 2862 2299 2926 ξατο
2334 2861 2588 2931 βασιλέα,
2621 2864 2713 2915 καὶ
2747 2862 2931 2915 εἵπετο
2963 2864 3096 2915 ὅπου
3127 2863 3390 2931 ἐξηγεῖτο.
3420 2860 3531 2930 Τὴν
3555 2862 3735 2929 μέντοι

2172 2954 2569 3007 Καλλιούπολιν
2615 2956 2641 3005 ὀ
2693 2954 2964 3023 Ἑλλήνων
3012 2954 3271 3023 βασιλεὺς
3315 2953 3466 3021 ⁴ῇξῖου
3494 2953 3739 3005 ἀποδίδο-

2175 3048 2321 3102 σθαι.
2364 3047 2420 3099 '0
2446 3048 2526 3112 δὲ,
2558 3048 2779 3116 ἕτοιμος
2832 3048 2931 3115 μὲν
2974 3043 3119 3099 εἶναι
3164 3046 3489 3110 ἀποδώσειν,
3536 3046 3627 3100 καὶ
3664 3044 3738 3114 μὴ

500 3134 605 3189 sibi
666 3134 804 3187 tradi
859 3137 1168 3203 postulabat
1217 3138 1532 3194 Graecorum
1586 3156 1704 3195 rex.
1756 3139 2069 3210 Mustaphas

2175 3140 2514 3205 ἀντιτείνειν,
2539 3143 2664 3203 τοὺς
2693 3142 2877 3209 μέντοι
2900 3139 3173 3210 Ἰὀύρκονς
3198 3138 3451 3208 χαλεπῶς
3473 3155 3531 3190 τε
3550 3137 3739 3198 οἴσειν,

498 3234 729 3293 paratus
767 3234 887 3280 erat
928 3242 1047 3282 eam
1091 3228 1241 3293 dare,
1277 3244 1380 3284 nec
1430 3230 1695 3284 abnuere.
1735 3228 1902 3284 Turci
1955 3246 2066 3286 retu

2175 3234 2257 3287 καὶ
2290 3234 2443 3303 σφίσι
2483 3232 2558 3304 μὴ
2604 3234 2660 3286 ὲν
2710 3232 2879 3301 καλῷ,
2924 3230 3075 3285 οὔπω
3123 3232 3201 3284 ἔτι
3270 3229 3741 3300 κατειργασμένης

499 3320 656 3373 istam
713 3318 921 3389 iniquis
989 3322 1339 3390 patiebantur
1397 3323 1619 3387 animis,
1682 3338 1806 3378 cum
1874 3339 2068 3394 parum

500 3414 791 3467 honestum
828 3413 933 3470 sibi
979 3412 1101 3470 fore
1145 3416 1575 3482 arbitrarentur.
1616 3432 1783 3487 regno
1828 3418 2069 3472 nondum

499 3508 635 3563 satis
660 3508 898 3568 ﬁrmato.
924 3510 1114 3563 urbem
1143 3508 1301 3563 talem
1325 3508 1532 3564 Graecis
1554 3511 1779 3566 donare.
1804 3509 2071 3565 Praeterea

499 3600 552 3653 in
581 3601 747 3655 dubio
784 3600 963 3656 adhuc
998 3617 1142 3661 esse.
1182 3617 1309 3657 cum
1358 3618 1585 3671 regnum
1638 3603 1880 3657 nondum
1932 3603 2070 3657 satis

2167 3330 2267 3398 τῆς
2318 3326 2515 3396 ἀρχῆς,
2571 3326 2892 3379 ἀποϐαίνειν
2936 3326 3005 3378 τὰ
3054 3328 3377 3393 πράγματα.
3444 3324 3743 3391 ’Υπέσχετο

2175 3421 2359 3491 μέντοι
2396 3420 2617 3473 ἐπειδὰν
2649 3422 2707 3482 ὲς
2746 3420 2843 3489 τὴν
2882 3419 3055 3488 ἀρχὴν
3106 3416 3518 3487 παραγένηται,
3552 3416 3651 3483 τήν
3682 3431 3741 3466 τε

2173 3516 2328 3569 πόλιν
2378 3514 2710 3578 ἀποδιδόναι,
2754 3515 2848 3566 καὶ
2888 3513 2941 3564 ετ
2970 3530 3022 3565 τι
3068 3512 3195 3564 ἄλλο
3227 3510 3532 3579 ἐπιτήδειον
3560 3508 3743 3569 αὐτοῖς

2171 3606 2441 3659 οἷονται¹¹
2485 3604 2705 3658 ἔσεσθαι
2733 3643 2749 3670 ,
2802 3604 2939 3673 μήτε
2985 3601 3077 3654 τοῦ
3122 3599 3311 3655 λοιποῦ
3358 3602 3422 3655 ἂν
3481 3599 3742 3669 στερῆσαι

498 3692 571 3747 sit
604 3694 896 3757 munitum,
944 3710 1182 3762 quonam
1218 3712 1308 3751 res
1339 3706 1616 3765 erupturze
1661 3699 1794 3760 sint,
1850 3697 2069 3765 pollice-

2175 3694 2375 3758 αὐτούς
2407 3712 2562 3748 ποτε.

498 3787 681 3842 batur.
719 3788 904 3858 Itaque
923 3791 1128 3847 Grzecis
1162 3807 1278 3857 rex,
1300 3807 1426 3846 cum
1454 3793 1507 3845 in
1537 3806 1764 3862 regnum
1793 3795 2061 3855 venisset,
2103 3808 2161 3848 se
2188 3792 2325 3863 ipsis
2354 3792 2684 3847 traditurum
2717 3788 3023 3861 Callipolim
3053 3808 3068 3844 :
3093 3800 3357 3862 praeterea
3426 3790 3471 3845 si
3539 3790 3745 3860 aliquid

497 3882 666 3947 aliud,
697 3883 842 3952 quod
871 3884 975 3938 sibi
1007 3885 1137 3938 utile
1169 3885 1287 3940 fore
1324 3894 1604 3956 putarent,
1634 3888 2059 3957 postulaverint,
2094 3901 2190 3942 eos
2226 3900 2393 3957 porro
2423 3886 2567 3939 haud
2601 3884 2876 3954 repulsam
2909 3901 3194 3956 passurus.

568 3976 776 4032 Cra-cis
809 3976 860 4031 in
911 3978 1057 4032 bunc
1086 3978 1308 4033 modum
1344 3978 1648 4049 persuasis.
1680 3990 1829 4035 recta
1869 3979 1923 4034 in
1954 3977 2067 4032 Ett-

498 4082 686 4134 ropam
743 4069 1026 4123 contendit
1062 4085 1088 4138 τ,
1111 4084 1272 4138 quem
1322 4071 1701 4126 advenientem
1758 4086 1951 4126 onmes
2009 4079 2069 4123 ut

500 4177 682 4231 regem
740 4171 794 4217 et
844 4161 1108 4232 Pajazitis
1164 4164 1332 4217 lilium
1390 4164 1777 4234 excipiebant,
1840 4164 2071 4235 ejusque

497 4255 730 4324 imperio
774 4270 835 4309 se
879 4254 1303 4312 submittebant.
1335 4256 1472 4311 Cum
1511 4258 1786 4330 Pajazites
1812 4273 2070 4329 comper-

496 4357 612 4401 tum
668 4348 896 4403 haberet
960 4348 1306 4418 Mustapbam
1363 4349 1781 4417 Adrianopolim
1840 4366 2071 4420 pergere

496 4443 712 4511 (urbem
746 4441 891 4496 enim
925 4442 1086 4496 istam
1121 4442 1349 4513 regebat
1391 4442 1553 4512 jussu
1602 4442 1941 4509 Mecltmetis,
1974 4444 2069 4514 qui

498 4536 740 4589 moriens
769 4534 818 4588 id
847 4536 895 4590 ei
926 4534 1257 4604 mandarat)
1303 4537 1551 4593 exercitu
1585 4552 1650 4591 ex
1700 4535 1916 4606 Europa
1940 4552 2072 4590 con-

2250 3979 2456 4042 Πείσας
2490 3978 2588 4047 μὲν
2631 3977 2724 4030 οῦν
2756 3978 2875 4030 τότε
2910 3980 3035 4040 τοὺς
3075 3978 3367 4047 Ἕλληνας,
3412 3976 3642 4048 ἧλαυνεν
3689 3979 3747 4038 ἐς

2175 4069 2238 4123 τὸ
2272 4070 2465 4140 πρόσω
2498 4070 2599 4139 τῆς
2645 4070 2939 4141 Εὐρώπης,
2993 4069 3089 4123 καὶ
3120 4070 3457 4142 προσεχώρει
3490 4087 3547 4123 τε
3595 4070 3746 4137 αύτῷ

2178 4162 2496 4233 ξύμπαντα,
2525 4162 2599 4226 ὡς
2637 4161 2850 4233 βασιλεί
2871 4182 2926 4216 τε
2957 4162 3068 4215 ὄντι
3096 4162 3266 4230 σφῶν,
3301 4162 3395 4215 καὶ
3428 4162 3747 4231 Παιαζήτεω

2178 4260 2334 4312 παιδὶ
2368 4258 2670 4329 γενομένῳ.
2693 4258 2850 4311 Ἐπεὶ
2879 4260 2935 4311 δὲ
2956 4257 3277 4329 Παιαξήτης
3302 4257 3500 4329 ᾔσθετο
3526 4257 3745 4310 ἐπιόντα

2176 4350 2271 4403 ἐπὶ
2319 4348 2788 4419 ’Δδριανούπολιν,
2842 4352 3175 4420 ἐπετρόπευε
3231 4349 3287 4402 δὲ
3340 4349 3441 4417 τῆς
3503 4349 3745 4409 πόλεως,

2178 4440 2568 4509 καταλειφθεὶς
2603 4441 2708 4493 ὑπὸ
2757 4442 3065 4510 Μεχμέτεω
3114 4441 3377 4510 βασιλέως
3408 4441 3497 4493 ἐπὶ
3546 4444 3611 4511 τῇ
3664 4457 3751 4493 τε·

2178 4533 2335 4604 λευτῇ
2369 4534 2557 4598 αὐτοῦ,
2608 4534 2902 4604 συνήγειρε
2957 4551 3017 4587 τε
3070 4537 3131 4587 τὸ
3172 4534 3279 4587 ἀπὸ
3327 4532 3427 4600 τῆς
3480 4530 3752 4601 Εὐρώπης

498 4636 742 4697 gregato,
767 4629 985 4683 obviam
1014 4630 1282 4698 processit
1310 4628 1614 4700 Mustapba:
1635 4645 1797 4699 quam
1826 4631 2069 4698 proxime

2175 4626 2508 4697 στράτευμα,
2564 4628 2657 4680 καὶ
2707 4628 2919 4696 ὑπήντα
2956 4627 3032 4696 τῷ
3074 4625 3382 4692 Μουσταφᾷ
3430 4622 3601 4691 ἀγχοῦ
3650 4626 3752 4692 τῆς

498 4720 936 4790 Adrianopolim,
956 4722 1111 4790 quasi
1137 4730 1485 4792 pugnaturus
1512 4738 1524 4775 :
1554 4737 1653 4776 nec
1676 4722 2067 4791 permissurus.

499 4816 545 4869 si
582 4822 748 4868 tanta:
782 4815 928 4869 vires
972 4815 1224 4881 fuissent,
1266 4833 1392 4873 eum
1443 4817 1496 4871 in
1542 4816 1693 4886 regni
1727 4816 1911 4871 sedem
1944 4831 2073 4884 pro-

499 4907 714 4962 cedere.
748 4906 886 4961 Cum
932 4907 1252 4977 Mustapbas
1303 4910 1522 4976 agmine
1570 4909 1882 4977 composito
1919 4923 2073 4963 acce-

500 4998 676 5062 deret,
711 4996 876 5052 Tttrci
904 4998 1194 5056 confestim
1224 5000 1384 5069 120
1414 5015 1606 5054 omnes
1634 4999 1699 5053 ad
1727 4998 2070 5069 Mustapbam

503 5090 886 5146 transitionem
926 5091 1156 5157 faciunt,
1212 5108 1449 5161 eumque
1484 5101 1541 5147 ut
1588 5107 1768 5161 regem
1815 5092 2069 5147 adorant.

500 5183 767 5239 Praeterea
798 5182 1071 5257 Pajazites
1094 5184 1422 5254 provolutus
1448 5185 1514 5239 ad
1541 5200 1718 5255 genua
1747 5184 2067 5252 Mustapbae,

498 5291 624 5330 eum
671 5286 730 5331 ut
777 5294 962 5349 regem
1017 5276 1268 5331 adoravit
1304 5294 1319 5331 :
1353 5292 1552 5345 resque
1599 5278 1775 5331 eidem
1822 5276 2070 5337 tradidit,

503 5377 558 5422 ut
585 5382 683 5437 pro
713 5383 817 5424 suo
851 5369 1081 5424 arbitrto
1118 5378 1329 5437 ageret.
1376 5368 1536 5422 llunc
1583 5369 1846 5423 continuo
1891 5368 2072 5421 necari

2192 4718 2714 4790 Ἀδριανουπὸλεως,
2759 4718 2832 4781 ὡς
2881 4720 2969 4771 διὰ
3006 4718 3186 4788 μάχης
3238 4715 3619 4784 ὲλευσόμενος,
3655 4718 3751 4768 καὶ

2178 4814 2513 4883 ἐπιτρέπων,
2550 4812 2616 4881 ἣν
2646 4811 2887 4875 δύναιτο,
2947 4811 3041 4863 ἐπὶ
3098 4814 3167 4863 τὰ
3211 4809 3285 4879 μὴ
3344 4807 3595 4873 βασίλεια
3649 4822 3751 4859 πο-

2181 4905 2454 4976 ρεύεσθαι.
2501 4904 2590 4967 Ὠς
2620 4904 2803 4973 μέντοι
2840 4901 3239 4969 συνταξάμενος
3267 4899 3426 4969 ἐπῄει
3446 4939 3460 4963 ,
3494 4899 3545 4952 οἱ
3576 4898 3749 4969 Τοῦρ-

2181 5013 2267 5049 κοι
2296 4991 2390 5048 οῦν
2429 4996 2627 5049 αὐτίκα
2656 4995 2826 5065 ᾔεσαν
2856 4994 2973 5062 ἅμα
3011 4994 3213 5055 πάντες
3242 4992 3333 5045 ἐπὶ
3362 4993 3454 5044 τὸν
3498 4992 3751 5045 Μουστα-

2181 5089 2309 5155 φᾶν,
2344 5087 2436 5139 καὶ
2492 5086 2862 5156 προσεκύνουν
2917 5082 2991 5147 ὡς
3029 5079 3281 5154 βασιλέα.
3336 5084 3443 5137 Καὶ
3497 5082 3657 5146 αὑτός
3688 5099 3749 5133 τε

2182 5178 2498 5247 Παιαξήτης
2532 5178 2928 5248 προσεκύνησε,
2964 5177 3059 5230 καὶ
3100 5177 3168 5230 τὰ
3200 5178 3500 5249 πράγματα
3532 5175 3750 5247 παρεδί-

2180 5271 2271 5323 δου
2302 5269 2377 5340 τῷ
2416 5272 2742 5341 Μουσταφᾷ,
2768 5269 3001 5341 χρῆσθαι
3030 5269 3215 5332 αὐτοῖς
3248 5270 3277 5323 ὃ
3305 5286 3358 5323 τι
3389 5270 3456 5325 ἂν
3484 5267 3747 5339 βούλοιτο.

2184 5360 2389 5415 Τοῦτον
2432 5362 2530 5433 μὲν
2562 5358 2656 5417 οὖν
2698 5362 2903 5427 λαϐὼν,
2959 5362 3158 5417 αὐτίκα
3197 5360 3359 5418 αὐτοῦ
3394 5361 3748 5434 διεχρήσατο,

1805 5479 2047 5541 Notulm
2069 5480 2478 5558 marginales.

572 5601 683 5672 ('55)
718 5599 1018 5672 Mustaplta:
1047 5602 1424 5675 adjuuguutur
1467 5600 1666 5669 Grazci,
1719 5602 1889 5672 (itque
1935 5616 2028 5656 rex
2066 5600 2410 5659 undecimus.

576 5783 601 5817 ⁸
622 5782 804 5855 εῐχων.
842 5784 907 5840 R.
943 5796 997 5842 ut
1027 5788 1078 5842 iu
1110 5805 1155 5843 c.

1236 5789 1350 5821 "-l'
1388 5787 1475 5843 Αί.
1506 5785 1689 5841 οἴοιτο.
1729 5784 1817 5842 Sic
1848 5785 2007 5840 ctiam
2040 5784 2105 5841 Π.
