4010 6208
251 321 378 385 225

255 528 453 581 σίλεια
510 526 866 593 παρεγένετο.
931 526 1085 579 Μετά
1130 526 1188 577 δὲ
1244 524 1419 578 ταῦτα
1481 525 1835 591 συστραφεὶς,

255 618 376 669 ίετο
427 619 522 669 ἐπὶ
554 617 656 685 τὴν
691 614 900 678 Ἀσίαν,
950 613 1089 667 ὥστε
1124 614 1219 667 καὶ
1261 615 1358 685 τὴν
1400 616 1495 683 τῆς
1530 613 1715 676 Ἀσίας
1750 613 1842 683 βα-

260 710 483 763 σιλείαν
523 708 703 775 ἐαυτῷ
741 707 1247 777 προσκτησάμενος.
1299 706 1499 767 Διαϐὰς
1547 706 1592 758 δ’
1638 707 1694 769 ἐς
1745 705 1842 776 τὴν

272 804 497 864 Ἀσίαν,
540 802 680 872 ἔχων
703 801 762 852 τό
794 818 851 852 τε
886 799 1154 869 Εὐρώπης
1180 800 1522 869 στράτευμα,
1548 800 1644 851 καὶ
1680 799 1841 862 Ἀζά-

263 899 433 959 πιδας
470 896 595 956 τοὺς
623 893 885 963 Τούρκων
913 892 1133 956 πεζοὺς,
1163 890 1306 944 οῦτω
1331 890 1723 960 καλουμένους,
1748 891 1843 942 καὶ

267 994 324 1050 ἐς
376 991 484 1057 τὴν
544 989 734 1040 Ἀσίαν
769 986 1215 1055 διεπόρθμευσεν.
1255 986 1433 1055 Ἕχων
1491 978 1610 1055 μεθ’
1645 985 1842 1038 ἑαυτοῦ

267 1085 362 1135 καὶ
406 1084 498 1133 τδν
540 1078 845 1147 Ζουναῖτην
873 1079 1130 1149 Σμύρνης
1163 1078 1421 1146 ἄρχοντα,
1455 1079 1547 1131 ἐπὶ
1572 1080 1845 1146 Ἀμουρά-

269 1194 375 1242 την
429 1175 632 1243 ἦλαυνε
690 1174 781 1226 τὸν
840 1172 1162 1241 Μεχμέτεω.
1228 1172 1357 1225 Τὸν
1390 1173 1573 1241 μέντοι
1620 1172 1844 1243 βασιλέα

284 1270 564 1337 Ἑλλήνων
598 1266 841 1334 πέμπειν
888 1263 1143 1334 πρέσϐεις
1195 1264 1375 1329 ἠξίου,
1437 1264 1605 1333 μηδὲν
1648 1265 1705 1326 ἐς
1746 1264 1845 1331 τὴν

273 1361 457 1426 ξενίαν
489 1357 659 1411 αὐτοῦ
682 1356 1051 1427 νεωτερίζειν,
1084 1354 1158 1418 ὼς
1188 1355 1287 1425 τὴν
1321 1355 1717 1409 Καλλιούπολιν
1746 1357 1843 1409 αύο

274 1457 403 1507 τίκα
432 1453 834 1515 ἀποδώσοντος,
864 1444 1086 1505 ἐπειδὰν
1116 1451 1215 1519 τὴν
1241 1450 1429 1503 Ἀσίαν
1449 1450 1597 1519 αὐτῷ
1627 1451 1843 1517 enim-

278 1563 389 1606 ται,
429 1542 960 1615 καταστρεψάμενος
1004 1542 1094 1594 τὸν
1122 1541 1463 1609 ἀδελφιδοῦν,
1503 1542 1761 1611 Παρῆσαν
1787 1542 1844 1595 δὲ

282 1638 373 1690 καὶ
403 1636 785 1704 Ἀμουράτεω,
818 1635 970 1702 παρά
1002 1632 1227 1704 βασιλέα
1252 1635 1547 1700 Βυζαντίου
1576 1638 1846 1705 ἀφικόμε-

282 1747 379 1795 νοι,
414 1727 855 1797 χρηματίζοντες
889 1728 981 1779 καὶ
1021 1720 1190 1790 οὗτοι,
1247 1728 1339 1780 ἐπὶ
1390 1729 1541 1796 σφίσι
1593 1730 1843 1796 γενέσθαι

288 1821 529 1891 βασιλέα,
579 1821 674 1871 καὶ
722 1819 1142 1888 ὑπισχνούμενοι
1190 1820 1401 1882 δώσειν,
1452 1821 1479 1874 δ
1524 1839 1579 1874 τι
1624 1822 1690 1875 ἂν
1723 1820 1846 1890 βού-

290 1912 487 1963 λοιντο.
514 1910 584 1962 Οἱ
638 1909 737 1977 μὲν
781 1907 876 1961 οῦν
908 1907 1173 1978 Ἕλληνες
1216 1908 1572 1961 ἀνεϐάλλοντο
1607 1910 1706 1977 μὲν
1756 1910 1848 1961 ἐπὶ

306 2001 489 2069 χρόνον
518 2000 614 2063 τὰς
640 1998 959 2067 πρεσϐείας,
990 1998 1144 2061 τέλος
1187 2000 1282 2052 καί
1312 1999 1411 2071 τὴν
1450 2002 1547 2068 μὲν
1577 1998 1848 2068 Ἀμουρά-

307 2110 404 2144 τεω
433 2086 811 2160 ἀπεπέμψαντο
853 2088 1175 2160 πρεσϐείαν.
1212 2091 1291 2144 Τὰ
1317 2091 1372 2143 δὲ
1399 2092 1699 2159 Μουσταιρᾶ
1729 2091 1847 2143 ἐλό-

307 2200 454 2251 μενοι
502 2183 813 2250 πράγματα,
850 2180 1140 2250 προσίεντό
1188 2198 1248 2233 τε
1294 2183 1389 2234 καὶ
1425 2181 1672 2251 ἐπέσχον,
1704 2179 1846 2233 ὥστε

300 2277 475 2335 αὐτοῖς
518 2273 831 2326 σπένδεσθαι
867 2274 1006 2326 κατά
1038 2274 1149 2327 πᾶν
1175 2273 1497 2343 δεδογμένον
1529 2275 1739 2336 αὐτοῖς.
1783 2274 1847 2327 Ἦ

292 2370 385 2437 μὲν
423 2366 523 2421 οὖν
556 2368 905 2437 Ἀμουράτεω
936 2366 1204 2436 πρεσϐεία
1234 2368 1537 2436 ἀφικομένη
1568 2367 1717 2436 παρά
1755 2367 1847 2420 τὸν

291 2463 524 2532 στρατὸν
552 2463 647 2514 τοῦ
680 2462 1058 2530 Ἀμουράτεω,
1088 2461 1436 2529 διεφήμισεν,
1459 2460 1531 2522 ὡς
1559 2462 1686 2522 τοὺς
1717 2460 1848 2513 Ἕλ-

292 2555 458 2623 ληνας
488 2556 638 2623 σφίσι
666 2555 1102 2625 προσκτήσαιντο
1146 2553 1491 2624 συμμάχους.
1520 2555 1849 2624 Ἐτύγχανον

293 2648 335 2700 δ’
370 2650 430 2699 ἐν
456 2647 702 2716 Λοπαδίῳ
732 2650 799 2715 τῇ
833 2647 998 2716 λίμνῃ
1028 2647 1605 2716 ἐστρατοπεδευμένοι,
1637 2646 1728 2699 καὶ
1749 2648 1850 2716 τήν

293 2756 349 2789 τε
378 2736 561 2807 χώραν
589 2738 840 2792 διέλυσαν
876 2736 971 2790 τοῦ
999 2736 1327 2806 Μιχαλικίου
1365 2737 1553 2803 αὐτοῦ,
1657 2741 1715 2802 ἐς
1751 2741 1850 2808 τὴν

286 2828 569 2882 θάλασσαν
618 2830 839 2895 ἐξιοῦσα
893 2831 925 2900 ὴ
978 2830 1165 2899 λίμνη,
1214 2830 1302 2882 διὰ
1346 2830 1536 2883 στενοῦ
1577 2832 1669 2883 ἐπὶ
1714 2832 1849 2885 πολὺ

285 2925 555 2994 προϊοῦσα
602 2923 820 2984 ἐκδιδοῖ,
864 2923 1079 2992 γέφυρα
1120 2922 1178 2975 δέ
1226 2924 1362 2976 ἐστι.
1410 2924 1743 2992 Μουσταφᾶς
1792 2923 1849 2978 δὲ

286 3019 382 3071 καὶ
413 3018 579 3078 αὐτὸς
612 3017 812 3078 ἐλάσας
844 3015 1037 3085 ἀγχοῦ,
1085 3015 1571 3086 ἐστρατοπεδεύετο
1613 3017 1759 3087 παρά
1790 3018 1851 3070 τὸ

286 3110 464 3179 χεῖλος
490 3109 589 3161 τοῦ
624 3109 871 3176 ποταμοῦ
899 3108 997 3177 τῆς
1024 3107 1241 3177 λίμνης.
1295 3107 1556 3161 Ἐνταῦθα
1601 3107 1676 3170 ὡς
1721 3107 1848 3174 ἁφί-
1877 3137 1919 3196 c

287 3219 445 3254 κοντο
502 3202 552 3253 οξ
611 3200 872 3269 πρέσϐεις
917 3200 1279 3270 Ἀμουράτου,
1328 3200 1465 3271 τύχῃ
1510 3201 1617 3252 τινὶ
1671 3199 1850 3270 ἀγαθῇ

284 3295 655 3363 χρησάμενοι,
696 3291 1039 3363 διεφήμιζον,
1076 3293 1152 3356 ὡς
1196 3278 1651 3362 συμμαχομένους
1702 3292 1854 3360 σφίσι

282 3387 417 3447 τοὺς
452 3384 724 3455 Ἕλληνας
752 3385 964 3455 ἔχοντες
1022 3386 1208 3455 ἥκοιεν
1244 3385 1307 3448 ⁸³,
1344 3385 1437 3439 καὶ
1471 3386 1564 3438 ἐπὶ
1593 3385 1653 3437 τὸ
1696 3402 1857 3452 στρα-

286 3477 516 3530 τόπεδον
541 3477 634 3531 τοῦ
669 3479 976 3547 Μουσταφᾶ
1005 3477 1245 3547 ἑφώνουν
1280 3478 1723 3544 ἐπαπειλοῦντες,
1779 3477 1854 3539 ob;

285 3570 691 3640 ἀπειλημμένῳ
738 3571 796 3621 ὲν
835 3573 899 3640 τῇ
952 3570 1127 3640 Ἀσίᾳ.
1162 3570 1433 3624 Ἐνταῦθα
1468 3571 1657 3641 φήμης
1702 3569 1854 3639 παρὰ

281 3662 353 3714 τὸ
390 3662 752 3732 στρατόπεδον
772 3662 865 3714 τοῦ
886 3662 1191 3730 Μουσταφᾶ
1215 3663 1536 3731 γενομένης,
1560 3662 1633 3726 ὡς
1668 3664 1852 3731 σφίσιν

282 3758 350 3808 ού
383 3756 640 3825 παρῆσαν
672 3757 721 3808 oi
748 3756 1030 3825 πρέσϐεις,
1066 3758 1159 3808 καὶ
1208 3755 1504 3819 δεδοικότες
1541 3757 1617 3827 μὴ
1643 3759 1691 3809 οἱ
1722 3757 1850 3809 ’Έλ-

283 3849 453 3916 ληνες
489 3847 582 3899 τὸν
638 3848 1033 3918 Ἑλλήσποντον
1083 3847 1467 3918 κατασχόντες,
1515 3848 1609 3901 τοῦ
1664 3847 1852 3900 λοιποῦ

285 3941 371 4009 μὴ
424 3940 760 4007 ἐπιτρέπωσι
791 3939 1132 4003 διαϐαίνειν,“ἰ
1159 3941 1252 3992 καὶ
1296 3940 1461 3993 αὑτοῦ
1497 3939 1669 4010 ταύτῃ
1720 3939 1854 3992 ἀπό-

280 4032 492 4097 λοιντο,
520 4032 681 4102 λόγον
702 4048 764 4084 τε
789 4032 975 4100 σφίσιν
1007 4032 1271 4086 ἐδίδοσαν.
1305 4032 1415 4087 Καὶ
1444 4032 1637 4095 νυκτὸς
1669 4034 1854 4099 ἐπιγε-

286 4124 549 4188 νομένης,
603 4122 765 4183 αὐτὸς
812 4124 841 4174 ὁ
884 4122 1206 4192 Ζουναϊτης,
1235 4123 1263 4175 ὁ
1302 4121 1401 4193 τῇς
1433 4121 1691 4191 Σμύρνης
1724 4124 1851 4191 ήγε-

293 4210 439 4280 μὼν,
467 4212 679 4281 ἀπέδρα
705 4213 798 4265 ἐπὶ
824 4214 923 4280 τὴν
949 4212 1209 4285 πατρῴαν
1236 4214 1432 4285 ἀρχὴν
1471 4215 1567 4267 καὶ
1593 4214 1643 4267 οἱ
1672 4212 1852 4267 λοιποὶ

284 4302 406 4356 τῶν
438 4305 713 4374 ἀρχόντων
744 4304 1163 4374 ἀπεδίδρασκον,
1194 4306 1304 4358 οὐδ’
1325 4306 1574 4359 ὁπωσοῦν
1602 4306 1854 4376 ἐπισχόν-

284 4411 405 4458 τες,
425 4394 564 4465 τύχῃ
592 4394 687 4447 τοῦ
717 4396 1024 4464 Μουσταφᾶ
1051 4397 1150 4448 ούκ
1171 4396 1250 4449 ἔτι
1275 4396 1453 4465 ἀγαθῇ
1481 4395 1848 4458 πιστεύοντες.

1344 320 1439 379 DE
1480 318 1725 377 liEBUS
1757 314 2113 375 TURClClS
2169 317 2313 377 LIB.
2349 319 2411 378 V.

254 436 356 491 καὶ
389 434 742 498 ἀπελαύνων,
776 436 874 503 τήν
905 451 962 487 τε
1010 434 1160 487 πόλιν
1201 434 1349 503 ἔσχε,
1389 436 1483 486 καὶ
1515 434 1605 485 ἐπὶ
1641 433 1709 485 τὰ
1738 432 1835 501 βα-
1865 433 1907 491 Α
1940 430 2099 496 iussit
2145 448 2158 483 :

3387 328 3492 394 226

2207 432 2525 501 ducensque
2574 434 2850 489 exercitus
2887 435 3320 507 Adrianopolim,
3372 456 3493 495 eam

1944 527 2133 579 urbem
2167 525 2332 595 cepit,
2383 534 2436 580 et
2486 525 2540 579 in
2588 528 2737 596 regni
2791 528 2971 583 sedem
3028 546 3352 601 progressus
3387 544 3491 588 est.

1943 617 2039 673 llis
2094 620 2331 686 peractis
2385 635 2731 680 conversus.
2788 623 3245 691 proﬁciscebatur
3304 638 3493 681 contra

1943 710 2145 764 Asiam.
2182 710 2367 763 volens
2394 722 2450 763 et
2478 710 2618 765 Asia:
2666 728 2891 781 regnum
2940 716 3211 785 subigere.
3261 716 3498 785 Trajecit

1945 812 2123 854 autem
2150 802 2201 854 in
2237 803 2443 865 Asiam,
2471 804 2674 858 habens
2696 819 2883 858 secum
2910 805 3137 877 Europa:
3165 811 3492 872 exercitum.

1945 902 1999 947 et
2028 892 2335 947 Turcorum
2367 895 2596 963 pedites,
2622 912 2758 963 quos
2784 899 3051 965 Azapidas
3082 911 3298 956 vocant.
3332 904 3499 958 Adhi-

1946 985 2061 1039 buit
2110 996 2165 1041 et
2214 985 2458 1057 Smyrna:
2489 989 2784 1057 principem
2836 988 3141 1045 Zunaitem.
3190 992 3285 1047 llis
3318 996 3493 1062 copiis

1946 1077 1999 1131 in
2046 1080 2231 1132 Asiam
2281 1080 2684 1148 trausportatis,
2742 1096 3031 1151 aggressus
3074 1092 3157 1137 est
3187 1085 3499 1139 Amuratcm

1945 1169 2264 1228 Mechmetis
2297 1173 2490 1230 filium.
2527 1172 2758 1238 Legatos
2794 1176 2943 1231 misit
2971 1176 3036 1230 ad
3076 1193 3255 1247 regem
3284 1176 3504 1232 Graecu-

1946 1277 2088 1327 rum,
2124 1264 2214 1330 qui
2259 1274 2512 1327 orarent,
2554 1280 2621 1317 ne
2664 1265 2823 1333 quid,
2852 1266 2976 1333 quia
3009 1282 3233 1335 peregre
3258 1268 3493 1329 abesset,

1946 1356 2273 1409 iuuovarent
2306 1371 2320 1409 :
2360 1371 2438 1419 se,
2492 1356 2579 1410 ubi
2632 1358 2865 1424 primum
2900 1358 3089 1412 Asiam
3125 1360 3422 1425 subegerit,
3453 1371 3507 1413 et

1942 1443 2259 1500 Amuratem
2286 1445 2565 1511 devicerit,
2605 1447 2737 1516 ipsis
2785 1449 3121 1503 redditurum
3152 1450 3459 1519 Callipolim
3489 1489 3501 1501 .

1944 1538 2325 1591 Adveniebant
2365 1554 2586 1609 quoque
2633 1540 2697 1593 ad
2752 1556 2934 1610 regem
2978 1541 3291 1613 Byzantium
3343 1542 3502 1611 legati

1947 1631 2017 1684 ab
2055 1630 2341 1697 Amurate,
2372 1629 2641 1696 dicentes,
2684 1632 2728 1685 si
2771 1647 2920 1686 arma
2960 1610 3241 1689 Amuratis
3273 1650 3509 1703 sequan-

1949 1735 2060 1786 tur,
2093 1721 2211 1776 fore
2243 1734 2300 1776 ut
2326 1722 2589 1791 quidquid
2626 1732 2875 1790 peterent
2907 1725 2974 1778 ab
3003 1726 3282 1787 Amurate.
3317 1742 3508 1782 conse-

1948 1825 2274 1884 querentur.
2327 1814 2504 1869 erci
2560 1816 2861 1884 legationes
2900 1818 3227 1872 differebant
3257 1819 3507 1888 aliquau-

1948 1911 2038 1963 diu
2068 1926 2082 1961 :
2111 1916 2389 1978 postremo
2412 1909 2693 1963 Amuratis
2721 1909 2925 1972 legatos
2948 1910 3299 1964 dimiserunt.
3329 1913 3503 1966 Gra‘ci

1949 2009 2127 2053 autem
2174 2000 2349 2055 secuti
2395 2008 2523 2054 sunt
2556 2009 2741 2070 partes
2771 2000 3071 2070 Mustaphte
3106 2020 3118 2055 :
3155 2003 3240 2055 cui
3279 2018 3505 2071 persua-

1949 2101 2162 2156 serunt,
2191 2101 2248 2145 ut
2275 2107 2459 2147 secum
2491 2093 2674 2147 foedus
2706 2093 2911 2147 faceret
2935 2093 3347 2147 conditionibus
3367 2110 3505 2161 quas

1949 2185 2055 2255 ipsi
2088 2185 2583 2255 praescripsissent.
2622 2184 2805 2254 Legati
2834 2186 3112 2239 Amnratis
3143 2200 3264 2240 cum
3298 2186 3499 2239 rediis-

1949 2288 2071 2331 sent
2127 2278 2179 2329 iu
2230 2287 2435 2341 castra,
2489 2292 2769 2349 rumorem
2818 2286 3162 2346 sparserunt,
3204 2294 3260 2332 se
3288 2278 3506 2333 Graecos

1947 2370 2054 2425 sibi
2096 2370 2391 2424 auxiliares
2440 2384 2687 2438 parasse.
2735 2369 2810 2423 Eo
2862 2378 3104 2438 tempore
3137 2372 3505 2425 castrametati

1949 2472 2077 2519 sunt
2106 2477 2273 2531 prope
2306 2462 2604 2527 Lopadium
2653 2461 2858 2527 lacum,
2898 2472 2952 2516 et
2994 2462 3272 2530 regionem
3304 2460 3508 2516 Micha-

1952 2556 2065 2610 licii
2102 2570 2168 2610 eo
2215 2554 2317 2608 loci
2349 2563 2757 2617 evastaverunt,
2793 2554 2883 2608 ubi
2916 2554 3068 2608 lacus
3101 2554 3288 2608 multis
3314 2555 3507 2608 amba-

1954 2647 2110 2714 gibus
2156 2662 2249 2714 per
2300 2644 2584 2713 angustias
2636 2644 2688 2696 in
2744 2658 2890 2697 mare
2927 2642 3249 2707 effunditur,
3284 2654 3337 2697 et
3372 2659 3508 2711 pons

1951 2748 2055 2793 est.
2085 2737 2398 2806 Mustapbas
2425 2738 2590 2807 igitur
2612 2735 2905 2801 accedens,
2925 2745 3103 2790 castra
3129 2736 3330 2790 locavit
3352 2738 3509 2803 ju:‘.a
3572 2776 3575 2785 .

1952 2830 2101 2885 ﬂuvii
2131 2831 2355 2891 ostium,
2397 2832 2487 2897 qui
2520 2844 2583 2882 ex
2633 2829 2750 2882 lacu
2784 2837 3074 2896 promanat
3108 2844 3123 2881 :
3156 2843 3222 2882 eo
3256 2842 3379 2881 cum
3414 2829 3511 2878 atl-

1953 2927 2230 2981 veuissent
2272 2925 2552 2979 Amuratis
2601 2923 2794 2993 legati,
2838 2925 3190 2977 commodum
3230 2938 3363 2975 sane
3394 2927 3512 2975 vnt-

1954 3026 2156 3089 garunt
2186 3033 2484 3077 rumorem,
2511 3017 2666 3085 quasi
2698 3031 2795 3069 sua
2824 3017 3096 3083 legatione
3125 3013 3430 3069 eﬂ'ecissent
3458 3024 3514 3066 ut

1954 3113 2127 3167 Graeci
2166 3112 2270 3168 sibi
2322 3112 2528 3164 auxilio
2577 3111 2844 3163 venirent.
2884 3108 3196 3162 Minitautes
3226 3109 3391 3177 igitur
3416 3122 3511 3161 vo-

1958 3205 2335 3259 ciferabantur
2374 3211 2565 3257 contra
2616 3201 2918 3268 Mustaphae
2963 3200 3301 3262 exercitum,
3351 3198 3507 3267 quasi

1958 3298 2237 3368 periturus
2278 3297 2349 3349 sit
2397 3297 2448 3349 in
2497 3297 2624 3349 Asia
2658 3294 3014 3348 interclusus.
3050 3293 3176 3346 Haec
3206 3293 3348 3345 fatua
3389 3307 3512 3345 cum

1957 3393 2165 3445 volaret
2221 3392 2273 3442 in
2326 3390 2529 3443 castris
2584 3387 2905 3456 Mustaphte,
2960 3395 3014 3438 et
3067 3384 3299 3439 necdum
3350 3383 3513 3451 legati

1957 3493 2158 3554 prmsto
2188 3494 2391 3544 essent,
2430 3496 2571 3551 quos
2609 3482 2726 3549 ipse
2752 3480 2997 3541 miserat,
3044 3478 3200 3531 veriti
3229 3492 3298 3530 ne
3339 3476 3515 3529 Grmci

1960 3586 2299 3645 occupantes
2358 3574 2791 3642 Hellespontum,
2830 3586 2931 3624 nec
2967 3568 3255 3623 transitum
3307 3568 3359 3621 in
3405 3567 3514 3620 Eu-

1958 3689 2150 3742 ropam
2184 3672 2402 3733 darent,
2440 3682 2494 3725 et
2531 3669 2733 3723 milites
2766 3666 3063 3736 Mustaplne
3103 3667 3158 3720 in
3192 3666 3316 3719 Asia
3352 3666 3519 3718 inter-

1957 3766 2223 3827 ciderent,
2254 3742 2409 3818 inter
2438 3778 2497 3816 se
2540 3762 2799 3816 collocuti
2847 3769 2974 3813 sunt
3002 3760 3172 3812 varia.
3205 3757 3418 3814 Postea.
3453 3773 3516 3810 ea

1958 3866 2117 3911 nocte
2158 3870 2279 3924 qua:
2334 3857 2581 3908 insecuta
2618 3860 2728 3916 est,
2778 3850 3039 3904 Zunaites
3080 3848 3327 3919 Smyrnze
3368 3848 3519 3913 prin-

1955 3962 2108 4017 ceps,
2169 3944 2455 4013 Mustapha
2514 3942 2729 4002 relicto.
2792 3945 2858 3993 ad
2920 3947 3206 4009 paternum
3270 3936 3516 4006 profugit

1957 4040 2347 4111 principatum.
2402 4034 2749 4104 Auiugerunt
2777 4041 2831 4087 et
2864 4032 3061 4101 reliqui
3093 4032 3280 4095 duces,
3328 4045 3517 4098 parum

1959 4130 2185 4184 ﬁdentes
2231 4126 2533 4193 Mustapbae
2573 4124 2820 4177 fortunae.
2868 4121 2936 4177 Ut
2984 4118 3372 4174 animadvertit
3402 4118 3521 4170 Mu-

1957 4223 2179 4292 staphas
2210 4234 2343 4273 suos
2374 4217 2647 4272 exercitus
2686 4214 2877 4277 dilabi,
2906 4212 3009 4267 sibi
3038 4223 3257 4280 quoque
3293 4209 3511 4261 tandem

1959 4317 2175 4379 timens,
2230 4313 2353 4383 iuga
2409 4322 2750 4381 praepropera
2787 4306 2852 4359 ad
2904 4320 3055 4358 mare
3106 4319 3167 4357 se
3229 4301 3520 4372 proripuit.

1959 4407 2131 4463 Graeci
2168 4407 2260 4474 qui
2296 4404 2575 4472 elegerant
2610 4399 2972 4467 Mustapbam,
3009 4409 3243 4462 eumque
3279 4392 3383 4447 sibi
3430 4406 3522 4444 so-

288 4490 392 4553 Ὠς
418 4489 477 4540 δὲ
527 4488 863 4555 Μουσταφᾶς
914 4488 1093 4541 διιδὼν
1148 4488 1216 4541 τά
1270 4490 1656 4558 στρατεύματα
1705 4487 1850 4555 αὐτῷ

1965 4498 2106 4553 cium
2162 4503 2510 4565 paraverant,
2552 4492 2785 4546 navibus
2835 4490 3148 4558 imposuere
3208 4486 3431 4548 milites,
3467 4492 3522 4537 et

286 4579 780 4649 ἀποδιδράσκοντα,
813 4580 941 4648 περὶ
980 4579 1128 4650 αύτῷ
1154 4580 1362 4643 δεδιὼς,
1388 4582 1596 4652 ἀπέδρα
1631 4582 1727 4633 καὶ
1754 4582 1855 4632 αὺ-

285 4672 383 4734 τδς
417 4674 511 4725 ἐπὶ
580 4672 873 4726 θάλασσαν.
927 4672 1187 4741 ’Έλληνες
1244 4672 1428 4742 μέντοι
1481 4672 1556 4736 ὡς
1609 4672 1855 4741 ἑλόμενοι

285 4766 629 4833 Μουσταφᾶν
660 4766 812 4831 σφίσι
862 4765 1151 4835 σύμμαχον
1182 4760 1345 4830 εἶναι,
1390 4767 1718 4837 ἐπλήρωσαν
1757 4765 1857 4827 τὰς

286 4858 449 4919 ναῦς,
481 4862 573 4909 καὶ
605 4857 871 4912 ἐπέπλεον
901 4859 995 4912 ἐπὶ
1027 4858 1439 4927 Ἑλλήσποντον.
1494 4857 1760 4920 Βασιλεὺς
1796 4857 1853 4910 δέ

288 4949 456 5010 αὐτὸς
486 4950 784 5012 Βυζαντίου
818 4950 876 5001 ἐν
925 4950 1311 5019 Προικοννὴσῳ
1346 4950 1659 5018 γενόμενος,
1697 4950 1854 5020 ἐσχό-

284 5039 424 5104 λαζέ
454 5057 509 5092 τε
546 5042 674 5111 περὶ
720 5041 980 5107 γυναικὸς
1010 5040 1207 5110 ἔρωτα,
1244 5037 1311 5113 ἧς
1360 5041 1499 5110 ἐρῶν
1524 5057 1537 5071 ⁸
1588 5041 1853 5113 ἐτύγχανε

287 5139 404 5204 γὰρ
438 5136 623 5205 ἱερέως
654 5136 918 5204 θυγάτηρ,
962 5136 1057 5187 καὶ
1085 5136 1183 5187 οὐκ
1213 5137 1270 5186 έν
1296 5135 1469 5189 δέοντι
1494 5137 1853 5204 παρεγένετο,

288 5228 435 5277 ὥστε
460 5225 791 5278 διακωλῦσαι
824 5224 1167 5295 Ἀμουράτην
1197 5226 1253 5287 ἐς
1281 5224 1380 5295 τὴν
1424 5225 1701 5296 Εὐρώπην
1730 5227 1856 5293 ἀφι-

287 5319 506 5372 κέσθαι.
544 5318 883 5387 ’Δμουράτης
914 5318 1013 5386 μὲν
1038 5317 1122 5385 δὴ,
1158 5316 1232 5380 ὡς
1254 5319 1487 5388 τάχιστα
1517 5318 1703 5388 ἡμέρα
1733 5320 1856 5385 ἐγε-

291 5414 465 5481 γόνει,
501 5415 595 5464 καί
651 5412 862 5463 κατεῖδε
914 5411 975 5463 τὸ
1040 5412 1401 5482 στρατόπεδον
1442 5414 1552 5464 τῶν
1582 5412 1857 5482 πολεμίων

290 5508 470 5567 κενὸν,
504 5507 597 5558 καὶ
625 5506 728 5557 ὑπὸ
774 5504 870 5575 τὴν
918 5505 1211 5575 οἰχομένην
1266 5500 1434 5558 νύκιοί
1485 5506 1726 5575 ἀποδρᾷν
1772 5520 1855 5566 τε,

1959 4590 2292 4656 navigarunt
2331 4589 2385 4641 in
2424 4585 2858 4653 Hellespontum.
2896 4581 3008 4635 Rex
3054 4590 3235 4633 autem
3274 4577 3521 4647 Byzantii
3593 4654 3599 4660 .

1956 4699 2080 4738 cum
2122 4682 2274 4750 12],
2310 4679 2450 4733 foret
2484 4678 2539 4732 in
2562 4676 2954 4733 Prteconneso.
3003 4670 3177 4726 amori
3208 4671 3522 4738 importuno
3596 4683 3600 4693 '

1957 4774 2226 4834 mulieris.
2258 4788 2420 4840 quam
2447 4771 2688 4832 amabat,
2718 4780 2935 4836 operam
2964 4763 3147 4817 dabat.
3181 4763 3306 4815 Haec
3335 4768 3517 4814 autem

1958 4866 2266 4923 sacerdotis
2290 4862 2576 4931 cujusdam
2612 4861 2722 4914 ﬁlia
2754 4868 2891 4913 erat.
2926 4857 3035 4910 Nec
3065 4870 3198 4909 sane
3226 4853 3520 4906 admodum

1964 4966 2272 5027 opportune
2302 4956 2375 5008 ibi
2406 4954 2623 5008 vivebat
2659 4970 2672 5006 :
2710 4951 2944 5005 transitu
2977 4949 3123 5002 enim
3158 4947 3209 4999 in
3248 4944 3521 5012 Europam

1960 5054 2250 5105 Amurates
2295 5045 2568 5100 arcendus
2625 5053 2767 5095 erat.
2823 5042 3134 5098 Amurates,
3184 5043 3244 5087 ut
3289 5036 3521 5101 primum

1963 5143 2080 5196 dies
2132 5141 2329 5199 illuxit.
2365 5148 2546 5192 castra
2596 5133 2837 5187 hostium
2879 5144 3048 5185 vacua
3092 5137 3143 5181 et
3175 5126 3388 5177 deserta
3431 5121 3526 5174 tle-

1961 5234 2269 5303 prchendit.
2308 5230 2578 5298 Azapides
2624 5235 2802 5279 autem
2858 5237 3057 5276 manus
3099 5217 3376 5285 supplices
3405 5222 3527 5266 ten-

1963 5325 2185 5386 debant,
2230 5332 2488 5392 rogantes
2536 5334 2603 5373 ne
2660 5318 2713 5371 in
2761 5332 2820 5371 ae
2850 5330 2878 5367 a
2917 5315 3033 5367 suis
3066 5308 3349 5381 equitibus
3381 5306 3523 5360 [mdo

1963 5418 2213 5471 desertos
2238 5424 2292 5469 et
2328 5413 2574 5483 proditos
2616 5410 2808 5465 saevire
2835 5414 3128 5461 statueret.
3158 5403 3330 5455 Ponte
3359 5399 3523 5468 igitur

1962 5511 2257 5563 Amurates
2320 5508 2495 5562 lacum
2550 5518 2673 5561 cum
2713 5501 2970 5570 iungens,
3028 5513 3190 5570 quam
3241 5493 3524 5551 celerrime

1587 5642 1825 5704 Notulte
1860 5644 2262 5722 marginales.

363 5772 408 5801 ¹’
440 5772 625 5823 ίκοιεν.
680 5768 739 5822 Ii.
776 5779 833 5821 ιιι
859 5770 911 5820 iu
946 5784 994 5821 ε.
