  <div class='ocr_page' id='page_1' title='image "/cluster/home/n/w/nwhite01/storage/ocr_20150623/159/hvd.32044073502684/135.png"; bbox 0 0 4010 6208; ppageno 0'>
   <div class='ocr_carea' id='block_1_1' title="bbox 503 275 604 342">
    <p class='ocr_par' dir='ltr' id='par_1_1' title="bbox 503 275 604 342">
     <span class='ocr_line' id='line_1_1' title="bbox 503 275 604 342; baseline 0.02 -2"><span class='ocrx_word' id='word_1_1' title='bbox 503 275 604 342; x_wconf 70' lang='lat'><strong>231</strong></span> 
     </span>
    </p>
   </div>
   <div class='ocr_carea' id='block_1_2' title="bbox 1614 265 2622 330">
    <p class='ocr_par' dir='ltr' id='par_1_2' title="bbox 1614 265 2622 330">
     <span class='ocr_line' id='line_1_2' title="bbox 1614 265 2622 330; baseline 0 0"><span class='ocrx_word' id='word_1_2' title='bbox 1614 267 1925 330; x_wconf 82' lang='lat' dir='ltr'><strong>LAONlCl</strong></span> <span class='ocrx_word' id='word_1_3' title='bbox 1963 265 2622 330; x_wconf 74' lang='lat' dir='ltr'><strong>CHALCOCONDYL/E</strong></span> 
     </span>
    </p>
   </div>
   <div class='ocr_carea' id='block_1_3' title="bbox 3637 279 3744 341">
    <p class='ocr_par' dir='ltr' id='par_1_3' title="bbox 3637 279 3744 341">
     <span class='ocr_line' id='line_1_3' title="bbox 3637 279 3744 341; baseline 0.009 -1"><span class='ocrx_word' id='word_1_4' title='bbox 3637 279 3744 341; x_wconf 74' lang='lat'><strong>232</strong></span> 
     </span>
    </p>
   </div>
   <div class='ocr_carea' id='block_1_4' title="bbox 502 380 2068 460">
    <p class='ocr_par' dir='ltr' id='par_1_4' title="bbox 502 387 2068 460">
     <span class='ocr_line' id='line_1_4' title="bbox 502 387 2068 460; baseline -0.009 -13"><span class='ocrx_word' id='word_1_5' title='bbox 502 395 650 448; x_wconf 90' lang='lat' dir='ltr'><strong>tabat</strong></span> <span class='ocrx_word' id='word_1_6' title='bbox 667 387 884 460; x_wconf 78' lang='lat' dir='ltr'><strong>quidem</strong></span> <span class='ocrx_word' id='word_1_7' title='bbox 908 401 1118 442; x_wconf 91' lang='lat' dir='ltr'><strong>murum</strong></span> <span class='ocrx_word' id='word_1_8' title='bbox 1135 395 1402 447; x_wconf 87' lang='lat' dir='ltr'><strong>sternere,</strong></span> <span class='ocrx_word' id='word_1_9' title='bbox 1422 391 1476 435; x_wconf 90' lang='lat' dir='ltr'><strong>at</strong></span> <span class='ocrx_word' id='word_1_10' title='bbox 1493 389 1669 450; x_wconf 70' lang='lat' dir='ltr'><strong>empta</strong></span> <span class='ocrx_word' id='word_1_11' title='bbox 1684 395 1871 450; x_wconf 88' lang='lat' dir='ltr'><strong>parum</strong></span> <span class='ocrx_word' id='word_1_12' title='bbox 1893 393 2068 434; x_wconf 82' lang='lat' dir='ltr'><strong>succe-</strong></span> 
     </span>
    </p>
   </div>
   <div class='ocr_carea' id='block_1_5' title="bbox 2174 380 3744 460">
    <p class='ocr_par' dir='ltr' id='par_1_5' title="bbox 2182 380 3744 453">
     <span class='ocr_line' id='line_1_5' title="bbox 2182 380 3744 453; baseline 0.007 -21"><span class='ocrx_word' id='word_1_13' title='bbox 2182 398 2241 432; x_wconf 84' lang='grc' dir='ltr'><strong>τε</strong></span> <span class='ocrx_word' id='word_1_14' title='bbox 2263 380 2461 435; x_wconf 83' lang='grc' dir='ltr'><strong>ἔτυπτε</strong></span> <span class='ocrx_word' id='word_1_15' title='bbox 2486 381 2545 434; x_wconf 72' lang='grc' dir='ltr'><strong>τὸ</strong></span> <span class='ocrx_word' id='word_1_16' title='bbox 2569 383 2764 452; x_wconf 75' lang='grc' dir='ltr'><strong>τεῖχος,</strong></span> <span class='ocrx_word' id='word_1_17' title='bbox 2802 382 2894 436; x_wconf 75' lang='grc' dir='ltr'><strong>καὶ</strong></span> <span class='ocrx_word' id='word_1_18' title='bbox 2918 383 3194 453; x_wconf 78' lang='grc' dir='ltr'><strong>ἐπειρᾶτο.</strong></span> <span class='ocrx_word' id='word_1_19' title='bbox 3253 383 3326 436; x_wconf 81' lang='grc' dir='ltr'>Οὐ</span> <span class='ocrx_word' id='word_1_20' title='bbox 3371 385 3556 449; x_wconf 69' lang='grc' dir='ltr'><strong>μέντοι</strong></span> <span class='ocrx_word' id='word_1_21' title='bbox 3585 392 3744 444; x_wconf 78' lang='grc' dir='ltr'><strong>κατέ-</strong></span> 
     </span>
    </p>
   </div>
   <div class='ocr_carea' id='block_1_6' title="bbox 501 471 2070 548">
    <p class='ocr_par' dir='ltr' id='par_1_6' title="bbox 501 471 2070 548">
     <span class='ocr_line' id='line_1_6' title="bbox 501 471 2070 548; baseline -0.009 -7"><span class='ocrx_word' id='word_1_22' title='bbox 501 485 722 541; x_wconf 87' lang='lat' dir='ltr'><strong>debant.</strong></span> <span class='ocrx_word' id='word_1_23' title='bbox 758 481 913 536; x_wconf 89' lang='lat' dir='ltr'><strong>Globi</strong></span> <span class='ocrx_word' id='word_1_24' title='bbox 945 495 1084 548; x_wconf 89' lang='lat' dir='ltr'><strong>quos</strong></span> <span class='ocrx_word' id='word_1_25' title='bbox 1101 476 1410 532; x_wconf 75' lang='lat' dir='ltr'><strong>bombarda:</strong></span> <span class='ocrx_word' id='word_1_26' title='bbox 1427 473 1774 543; x_wconf 88' lang='lat' dir='ltr'><strong>torquebant,</strong></span> <span class='ocrx_word' id='word_1_27' title='bbox 1810 471 2070 543; x_wconf 87' lang='lat' dir='ltr'><strong>ponderis</strong></span> 
     </span>
    </p>
   </div>
   <div class='ocr_carea' id='block_1_7' title="bbox 501 567 2068 633">
    <p class='ocr_par' dir='ltr' id='par_1_7' title="bbox 501 567 2068 633">
     <span class='ocr_line' id='line_1_7' title="bbox 501 567 2068 633; baseline -0.008 0"><span class='ocrx_word' id='word_1_28' title='bbox 501 588 658 633; x_wconf 88' lang='lat' dir='ltr'><strong>erant</strong></span> <span class='ocrx_word' id='word_1_29' title='bbox 688 575 930 630; x_wconf 76' lang='lat' dir='ltr'><strong>maximi.</strong></span> <span class='ocrx_word' id='word_1_30' title='bbox 952 572 1138 626; x_wconf 84' lang='lat' dir='ltr'><strong>Murus</strong></span> <span class='ocrx_word' id='word_1_31' title='bbox 1166 579 1346 624; x_wconf 88' lang='lat' dir='ltr'><strong>autem</strong></span> <span class='ocrx_word' id='word_1_32' title='bbox 1365 585 1487 624; x_wconf 91' lang='lat' dir='ltr'><strong>cum</strong></span> <span class='ocrx_word' id='word_1_33' title='bbox 1504 569 1644 622; x_wconf 89' lang='lat' dir='ltr'><strong>foret</strong></span> <span class='ocrx_word' id='word_1_34' title='bbox 1674 569 1858 621; x_wconf 82' lang='lat' dir='ltr'><strong>firmus</strong></span> <span class='ocrx_word' id='word_1_35' title='bbox 1887 575 1940 622; x_wconf 91' lang='lat' dir='ltr'><strong>et</strong></span> <span class='ocrx_word' id='word_1_36' title='bbox 1974 567 2068 622; x_wconf 88' lang='lat' dir='ltr'><strong>ad-</strong></span> 
     </span>
    </p>
   </div>
   <div class='ocr_carea' id='block_1_8' title="bbox 502 645 2064 725">
    <p class='ocr_par' dir='ltr' id='par_1_8' title="bbox 502 645 2064 725">
     <span class='ocr_line' id='line_1_8' title="bbox 502 645 2064 725; baseline -0.01 -2"><span class='ocrx_word' id='word_1_37' title='bbox 502 645 723 723; x_wconf 77' lang='lat' dir='ltr'><strong>modum</strong></span> <span class='ocrx_word' id='word_1_38' title='bbox 753 664 1014 725; x_wconf 89' lang='lat' dir='ltr'><strong>munitus,</strong></span> <span class='ocrx_word' id='word_1_39' title='bbox 1040 661 1324 716; x_wconf 79' lang='lat' dir='ltr'><strong>tormentis</strong></span> <span class='ocrx_word' id='word_1_40' title='bbox 1342 658 1679 713; x_wconf 86' lang='lat' dir='ltr'><strong>nihilcessit.</strong></span> <span class='ocrx_word' id='word_1_41' title='bbox 1707 656 2064 710; x_wconf 87' lang='lat' dir='ltr'><strong>Bombardam</strong></span> 
     </span>
    </p>
   </div>
   <div class='ocr_carea' id='block_1_9' title="bbox 504 747 2068 831">
    <p class='ocr_par' dir='ltr' id='par_1_9' title="bbox 504 747 2068 831">
     <span class='ocr_line' id='line_1_9' title="bbox 504 747 2068 831; baseline -0.012 -15"><span class='ocrx_word' id='word_1_42' title='bbox 504 775 604 831; x_wconf 79' lang='lat' dir='ltr'><strong>ego</strong></span> <span class='ocrx_word' id='word_1_43' title='bbox 634 757 872 812; x_wconf 78' lang='lat' dir='ltr'><strong>arbitror</strong></span> <span class='ocrx_word' id='word_1_44' title='bbox 906 770 1011 808; x_wconf 89' lang='lat' dir='ltr'><strong>non</strong></span> <span class='ocrx_word' id='word_1_45' title='bbox 1044 767 1164 807; x_wconf 85' lang='lat' dir='ltr'><strong>esse</strong></span> <span class='ocrx_word' id='word_1_46' title='bbox 1192 752 1473 805; x_wconf 86' lang='lat' dir='ltr'><strong>inventum</strong></span> <span class='ocrx_word' id='word_1_47' title='bbox 1513 749 1823 819; x_wconf 85' lang='lat' dir='ltr'><strong>antiquum,</strong></span> <span class='ocrx_word' id='word_1_48' title='bbox 1859 755 1916 800; x_wconf 90' lang='lat' dir='ltr'><strong>ut</strong></span> <span class='ocrx_word' id='word_1_49' title='bbox 1943 747 2068 813; x_wconf 90' lang='lat' dir='ltr'><strong>quis</strong></span> 
     </span>
    </p>
   </div>
   <div class='ocr_carea' id='block_1_10' title="bbox 503 838 2069 913">
    <p class='ocr_par' dir='ltr' id='par_1_10' title="bbox 503 838 2069 913">
     <span class='ocr_line' id='line_1_10' title="bbox 503 838 2069 913; baseline -0.01 -5"><span class='ocrx_word' id='word_1_50' title='bbox 503 851 686 908; x_wconf 87' lang='lat' dir='ltr'><strong>credat</strong></span> <span class='ocrx_word' id='word_1_51' title='bbox 713 867 742 904; x_wconf 92' lang='lat' dir='ltr'><strong>a</strong></span> <span class='ocrx_word' id='word_1_52' title='bbox 775 847 1049 903; x_wconf 85' lang='lat' dir='ltr'><strong>veteribus</strong></span> <span class='ocrx_word' id='word_1_53' title='bbox 1081 861 1204 900; x_wconf 89' lang='lat' dir='ltr'><strong>esse</strong></span> <span class='ocrx_word' id='word_1_54' title='bbox 1238 853 1528 913; x_wconf 78' lang='lat' dir='ltr'><strong>repertam.</strong></span> <span class='ocrx_word' id='word_1_55' title='bbox 1564 841 1719 896; x_wconf 83' lang='lat' dir='ltr'><strong>Unde</strong></span> <span class='ocrx_word' id='word_1_56' title='bbox 1747 849 1925 896; x_wconf 91' lang='lat' dir='ltr'><strong>autem</strong></span> <span class='ocrx_word' id='word_1_57' title='bbox 1959 838 2069 892; x_wconf 85' lang='lat' dir='ltr'><strong>ori-</strong></span> 
     </span>
    </p>
   </div>
   <div class='ocr_carea' id='block_1_11' title="bbox 501 934 2068 1015">
    <p class='ocr_par' dir='ltr' id='par_1_11' title="bbox 501 934 2068 1015">
     <span class='ocr_line' id='line_1_11' title="bbox 501 934 2068 1015; baseline -0.009 -16"><span class='ocrx_word' id='word_1_58' title='bbox 501 947 679 1015; x_wconf 87' lang='lat' dir='ltr'><strong>ginem</strong></span> <span class='ocrx_word' id='word_1_59' title='bbox 729 940 1085 1010; x_wconf 84' lang='lat' dir='ltr'><strong>sumpserim,</strong></span> <span class='ocrx_word' id='word_1_60' title='bbox 1123 946 1219 992; x_wconf 88' lang='lat' dir='ltr'><strong>aut</strong></span> <span class='ocrx_word' id='word_1_61' title='bbox 1268 937 1362 1007; x_wconf 81' lang='lat' dir='ltr'><strong>qui</strong></span> <span class='ocrx_word' id='word_1_62' title='bbox 1427 935 1684 988; x_wconf 90' lang='lat' dir='ltr'><strong>mortales</strong></span> <span class='ocrx_word' id='word_1_63' title='bbox 1723 934 1881 1004; x_wconf 88' lang='lat' dir='ltr'><strong>primi</strong></span> <span class='ocrx_word' id='word_1_64' title='bbox 1913 935 2068 987; x_wconf 84' lang='lat' dir='ltr'><strong>bom-</strong></span> 
     </span>
    </p>
   </div>
   <div class='ocr_carea' id='block_1_12' title="bbox 435 1026 2068 1099">
    <p class='ocr_par' dir='ltr' id='par_1_12' title="bbox 435 1026 2068 1099">
     <span class='ocr_line' id='line_1_12' title="bbox 435 1026 2068 1099; baseline -0.01 -4"><span class='ocrx_word' id='word_1_65' title='bbox 435 1087 448 1099; x_wconf 93' lang='lat'><strong>.</strong></span> <span class='ocrx_word' id='word_1_66' title='bbox 501 1038 702 1094; x_wconf 88' lang='lat' dir='ltr'><strong>bardas</strong></span> <span class='ocrx_word' id='word_1_67' title='bbox 767 1036 821 1090; x_wconf 89' lang='lat' dir='ltr'><strong>in</strong></span> <span class='ocrx_word' id='word_1_68' title='bbox 879 1049 982 1087; x_wconf 91' lang='lat' dir='ltr'><strong>usu</strong></span> <span class='ocrx_word' id='word_1_69' title='bbox 1049 1032 1378 1094; x_wconf 85' lang='lat' dir='ltr'><strong>habuerint,</strong></span> <span class='ocrx_word' id='word_1_70' title='bbox 1447 1028 1588 1083; x_wconf 86' lang='lat' dir='ltr'><strong>haud</strong></span> <span class='ocrx_word' id='word_1_71' title='bbox 1646 1036 1798 1081; x_wconf 87' lang='lat' dir='ltr'><strong>certo</strong></span> <span class='ocrx_word' id='word_1_72' title='bbox 1856 1026 2068 1079; x_wconf 85' lang='lat' dir='ltr'><strong>tradere</strong></span> 
     </span>
    </p>
   </div>
   <div class='ocr_carea' id='block_1_13' title="bbox 505 1119 2067 1202">
    <p class='ocr_par' dir='ltr' id='par_1_13' title="bbox 505 1119 2067 1202">
     <span class='ocr_line' id='line_1_13' title="bbox 505 1119 2067 1202; baseline -0.01 -16"><span class='ocrx_word' id='word_1_73' title='bbox 505 1146 753 1202; x_wconf 88' lang='lat' dir='ltr'><strong>possum.</strong></span> <span class='ocrx_word' id='word_1_74' title='bbox 783 1126 1012 1194; x_wconf 85' lang='lat' dir='ltr'><strong>Quidam</strong></span> <span class='ocrx_word' id='word_1_75' title='bbox 1039 1126 1341 1180; x_wconf 86' lang='lat' dir='ltr'><strong>Germanos</strong></span> <span class='ocrx_word' id='word_1_76' title='bbox 1383 1129 1574 1190; x_wconf 89' lang='lat' dir='ltr'><strong>putant</strong></span> <span class='ocrx_word' id='word_1_77' title='bbox 1607 1119 1918 1175; x_wconf 89' lang='lat' dir='ltr'><strong>bomhardis</strong></span> <span class='ocrx_word' id='word_1_78' title='bbox 1947 1132 2067 1172; x_wconf 87' lang='lat' dir='ltr'><strong>esse</strong></span> 
     </span>
    </p>
   </div>
   <div class='ocr_carea' id='block_1_14' title="bbox 507 1219 2066 1294">
    <p class='ocr_par' dir='ltr' id='par_1_14' title="bbox 507 1219 2066 1294">
     <span class='ocr_line' id='line_1_14' title="bbox 507 1219 2066 1294; baseline -0.011 -9"><span class='ocrx_word' id='word_1_79' title='bbox 507 1244 633 1285; x_wconf 89' lang='lat' dir='ltr'><strong>usos</strong></span> <span class='ocrx_word' id='word_1_80' title='bbox 657 1245 672 1284; x_wconf 90' lang='lat'><strong>:</strong></span> <span class='ocrx_word' id='word_1_81' title='bbox 708 1226 1007 1294; x_wconf 90' lang='lat' dir='ltr'><strong>iisdemque</strong></span> <span class='ocrx_word' id='word_1_82' title='bbox 1029 1221 1448 1277; x_wconf 85' lang='lat' dir='ltr'><strong>bombardarum</strong></span> <span class='ocrx_word' id='word_1_83' title='bbox 1479 1219 1757 1272; x_wconf 90' lang='lat' dir='ltr'><strong>inventum</strong></span> <span class='ocrx_word' id='word_1_84' title='bbox 1781 1227 2066 1285; x_wconf 88' lang='lat' dir='ltr'><strong>acceptum</strong></span> 
     </span>
    </p>
   </div>
   <div class='ocr_carea' id='block_1_15' title="bbox 508 1309 2067 1387">
    <p class='ocr_par' dir='ltr' id='par_1_15' title="bbox 508 1309 2067 1387">
     <span class='ocr_line' id='line_1_15' title="bbox 508 1309 2067 1387; baseline -0.011 -10"><span class='ocrx_word' id='word_1_85' title='bbox 508 1330 712 1377; x_wconf 83' lang='lat' dir='ltr'><strong>lerunt.</strong></span> <span class='ocrx_word' id='word_1_86' title='bbox 757 1317 968 1387; x_wconf 81' lang='lat' dir='ltr'><strong>Reliqui</strong></span> <span class='ocrx_word' id='word_1_87' title='bbox 1023 1325 1204 1369; x_wconf 85' lang='lat' dir='ltr'><strong>autem</strong></span> <span class='ocrx_word' id='word_1_88' title='bbox 1262 1311 1630 1368; x_wconf 75' lang='lat' dir='ltr'><strong>hoinbardat&#39;ii</strong></span> <span class='ocrx_word' id='word_1_89' title='bbox 1677 1326 1742 1364; x_wconf 82' lang='lat' dir='ltr'><strong>ex</strong></span> <span class='ocrx_word' id='word_1_90' title='bbox 1777 1309 2067 1363; x_wconf 84' lang='lat' dir='ltr'><strong>Germania</strong></span> 
     </span>
    </p>
   </div>
   <div class='ocr_carea' id='block_1_16' title="bbox 505 1403 2066 1481">
    <p class='ocr_par' dir='ltr' id='par_1_16' title="bbox 505 1403 2066 1481">
     <span class='ocr_line' id='line_1_16' title="bbox 505 1403 2066 1481; baseline -0.008 -13"><span class='ocrx_word' id='word_1_91' title='bbox 505 1412 801 1481; x_wconf 71' lang='lat' dir='ltr'><strong>progressi,</strong></span> <span class='ocrx_word' id='word_1_92' title='bbox 828 1413 879 1464; x_wconf 92' lang='lat' dir='ltr'><strong>in</strong></span> <span class='ocrx_word' id='word_1_93' title='bbox 905 1412 1221 1463; x_wconf 86' lang='lat' dir='ltr'><strong>universum</strong></span> <span class='ocrx_word' id='word_1_94' title='bbox 1255 1405 1507 1475; x_wconf 85' lang='lat' dir='ltr'><strong>paulatim</strong></span> <span class='ocrx_word' id='word_1_95' title='bbox 1534 1418 1828 1473; x_wconf 79' lang='lat' dir='ltr'><strong>pervenere</strong></span> <span class='ocrx_word' id='word_1_96' title='bbox 1858 1403 2066 1456; x_wconf 90' lang='lat' dir='ltr'><strong>orbem.</strong></span> 
     </span>
    </p>
   </div>
   <div class='ocr_carea' id='block_1_17' title="bbox 504 1494 2068 1571">
    <p class='ocr_par' dir='ltr' id='par_1_17' title="bbox 504 1494 2068 1571">
     <span class='ocr_line' id='line_1_17' title="bbox 504 1494 2068 1571; baseline -0.012 -7"><span class='ocrx_word' id='word_1_97' title='bbox 504 1507 662 1568; x_wconf 86' lang='lat' dir='ltr'><strong>Umle</strong></span> <span class='ocrx_word' id='word_1_98' title='bbox 718 1515 897 1559; x_wconf 87' lang='lat' dir='ltr'><strong>autem</strong></span> <span class='ocrx_word' id='word_1_99' title='bbox 941 1501 1206 1571; x_wconf 77' lang='lat' dir='ltr'><strong>originem</strong></span> <span class='ocrx_word' id='word_1_100' title='bbox 1273 1497 1519 1567; x_wconf 85' lang='lat' dir='ltr'><strong>ceperint</strong></span> <span class='ocrx_word' id='word_1_101' title='bbox 1555 1494 1884 1558; x_wconf 79' lang='lat' dir='ltr'><strong>hotnbardae,</strong></span> <span class='ocrx_word' id='word_1_102' title='bbox 1919 1504 2068 1550; x_wconf 89' lang='lat' dir='ltr'><strong>certo</strong></span> 
     </span>
    </p>
   </div>
   <div class='ocr_carea' id='block_1_18' title="bbox 503 1585 2065 1662">
    <p class='ocr_par' dir='ltr' id='par_1_18' title="bbox 503 1585 2065 1662">
     <span class='ocr_line' id='line_1_18' title="bbox 503 1585 2065 1662; baseline -0.008 -10"><span class='ocrx_word' id='word_1_103' title='bbox 503 1598 786 1660; x_wconf 74' lang='lat' dir='ltr'><strong>assignare</strong></span> <span class='ocrx_word' id='word_1_104' title='bbox 815 1608 923 1648; x_wconf 90' lang='lat' dir='ltr'><strong>non</strong></span> <span class='ocrx_word' id='word_1_105' title='bbox 949 1607 1194 1662; x_wconf 76' lang='lat' dir='ltr'><strong>possunt.</strong></span> <span class='ocrx_word' id='word_1_106' title='bbox 1219 1591 1460 1658; x_wconf 76' lang='lat' dir='ltr'><strong>impetus</strong></span> <span class='ocrx_word' id='word_1_107' title='bbox 1483 1602 1609 1642; x_wconf 88' lang='lat' dir='ltr'><strong>vero</strong></span> <span class='ocrx_word' id='word_1_108' title='bbox 1642 1585 2065 1640; x_wconf 87' lang='lat' dir='ltr'><strong>bombardarum</strong></span> 
     </span>
    </p>
   </div>
   <div class='ocr_carea' id='block_1_19' title="bbox 504 1678 2066 1754">
    <p class='ocr_par' dir='ltr' id='par_1_19' title="bbox 504 1678 2066 1754">
     <span class='ocr_line' id='line_1_19' title="bbox 504 1678 2066 1754; baseline -0.009 -9"><span class='ocrx_word' id='word_1_109' title='bbox 504 1703 558 1745; x_wconf 89' lang='lat' dir='ltr'><strong>et</strong></span> <span class='ocrx_word' id='word_1_110' title='bbox 592 1689 854 1744; x_wconf 83' lang='lat' dir='ltr'><strong>mirabilis</strong></span> <span class='ocrx_word' id='word_1_111' title='bbox 884 1687 963 1740; x_wconf 83' lang='lat' dir='ltr'><strong>vis</strong></span> <span class='ocrx_word' id='word_1_112' title='bbox 995 1690 1346 1754; x_wconf 83' lang='lat' dir='ltr'><strong>cognoscitur</strong></span> <span class='ocrx_word' id='word_1_113' title='bbox 1371 1683 1516 1744; x_wconf 84' lang='lat' dir='ltr'><strong>inde,</strong></span> <span class='ocrx_word' id='word_1_114' title='bbox 1558 1680 1698 1748; x_wconf 87' lang='lat' dir='ltr'><strong>quod</strong></span> <span class='ocrx_word' id='word_1_115' title='bbox 1721 1678 2066 1748; x_wconf 83' lang='lat' dir='ltr'><strong>corporibus,</strong></span> 
     </span>
    </p>
   </div>
   <div class='ocr_carea' id='block_1_20' title="bbox 2176 468 3746 543">
    <p class='ocr_par' dir='ltr' id='par_1_20' title="bbox 2176 468 3746 543">
     <span class='ocr_line' id='line_1_20' title="bbox 2176 468 3746 543; baseline 0.004 -17"><span class='ocrx_word' id='word_1_116' title='bbox 2176 473 2306 527; x_wconf 78' lang='grc' dir='ltr'><strong>ϐαλὲ</strong></span> <span class='ocrx_word' id='word_1_117' title='bbox 2338 492 2423 540; x_wconf 90' lang='grc' dir='ltr'><strong>γε.</strong></span> <span class='ocrx_word' id='word_1_118' title='bbox 2462 468 2659 527; x_wconf 77' lang='grc' dir='ltr'><strong>Εἷλκον</strong></span> <span class='ocrx_word' id='word_1_119' title='bbox 2686 474 2729 505; x_wconf 83' lang='grc'><strong>¹⁹</strong></span> <span class='ocrx_word' id='word_1_120' title='bbox 2762 476 2817 527; x_wconf 80' lang='grc' dir='ltr'><strong>δὲ</strong></span> <span class='ocrx_word' id='word_1_121' title='bbox 2839 477 2887 528; x_wconf 72' lang='grc' dir='ltr'><strong>οἱ</strong></span> <span class='ocrx_word' id='word_1_122' title='bbox 2917 476 3052 528; x_wconf 84' lang='grc' dir='ltr'><strong>λίθοι</strong></span> <span class='ocrx_word' id='word_1_123' title='bbox 3091 475 3201 528; x_wconf 79' lang='grc' dir='ltr'><strong>τῶν</strong></span> <span class='ocrx_word' id='word_1_124' title='bbox 3231 475 3555 543; x_wconf 77' lang='grc' dir='ltr'><strong>τηλεϐόλων,</strong></span> <span class='ocrx_word' id='word_1_125' title='bbox 3586 481 3746 532; x_wconf 83' lang='grc' dir='ltr'><strong>σταθ-</strong></span> 
     </span>
    </p>
   </div>
   <div class='ocr_carea' id='block_1_21' title="bbox 2177 566 3749 642">
    <p class='ocr_par' dir='ltr' id='par_1_21' title="bbox 2177 566 3749 642">
     <span class='ocr_line' id='line_1_21' title="bbox 2177 566 3749 642; baseline 0.006 -25"><span class='ocrx_word' id='word_1_126' title='bbox 2177 567 2279 633; x_wconf 68' lang='grc' dir='ltr'><strong>μὸν</strong></span> <span class='ocrx_word' id='word_1_127' title='bbox 2302 566 2428 636; x_wconf 84' lang='grc' dir='ltr'><strong>τρία</strong></span> <span class='ocrx_word' id='word_1_128' title='bbox 2454 566 2820 636; x_wconf 77' lang='grc' dir='ltr'><strong>ἡμιτάλαντα.</strong></span> <span class='ocrx_word' id='word_1_129' title='bbox 2848 569 3011 621; x_wconf 82' lang='grc' dir='ltr'><strong>Ὥστε</strong></span> <span class='ocrx_word' id='word_1_130' title='bbox 3031 568 3244 637; x_wconf 87' lang='grc' dir='ltr'><strong>ἀντεῖχε</strong></span> <span class='ocrx_word' id='word_1_131' title='bbox 3280 568 3342 620; x_wconf 85' lang='grc' dir='ltr'><strong>τὸ</strong></span> <span class='ocrx_word' id='word_1_132' title='bbox 3371 571 3569 639; x_wconf 80' lang='grc' dir='ltr'><strong>τεῖχος.</strong></span> <span class='ocrx_word' id='word_1_133' title='bbox 3617 571 3749 642; x_wconf 84' lang='grc' dir='ltr'><strong>ὀχυ-</strong></span> 
     </span>
    </p>
   </div>
   <div class='ocr_carea' id='block_1_22' title="bbox 2179 658 3751 731">
    <p class='ocr_par' dir='ltr' id='par_1_22' title="bbox 2179 658 3751 731">
     <span class='ocr_line' id='line_1_22' title="bbox 2179 658 3751 731; baseline 0.005 -21"><span class='ocrx_word' id='word_1_134' title='bbox 2179 658 2268 726; x_wconf 86' lang='grc' dir='ltr'><strong>ρόν</strong></span> <span class='ocrx_word' id='word_1_135' title='bbox 2307 676 2365 711; x_wconf 84' lang='grc' dir='ltr'><strong>τε</strong></span> <span class='ocrx_word' id='word_1_136' title='bbox 2392 658 2474 722; x_wconf 83' lang='grc' dir='ltr'><strong>ὃν,</strong></span> <span class='ocrx_word' id='word_1_137' title='bbox 2511 659 2646 730; x_wconf 82' lang='grc' dir='ltr'><strong>πρός</strong></span> <span class='ocrx_word' id='word_1_138' title='bbox 2674 677 2732 712; x_wconf 88' lang='grc' dir='ltr'><strong>τε</strong></span> <span class='ocrx_word' id='word_1_139' title='bbox 2791 661 3031 725; x_wconf 73' lang='grc' dir='ltr'><strong>τούτουφ</strong></span> <span class='ocrx_word' id='word_1_140' title='bbox 3064 661 3191 724; x_wconf 79' lang='grc' dir='ltr'><strong>τοὺς</strong></span> <span class='ocrx_word' id='word_1_141' title='bbox 3250 663 3598 731; x_wconf 78' lang='grc' dir='ltr'><strong>τηλεδόλους,</strong></span> <span class='ocrx_word' id='word_1_142' title='bbox 3652 667 3751 718; x_wconf 76' lang='grc' dir='ltr'><strong>καὶ</strong></span> 
     </span>
    </p>
   </div>
   <div class='ocr_carea' id='block_1_23' title="bbox 2173 753 3750 827">
    <p class='ocr_par' dir='ltr' id='par_1_23' title="bbox 2173 753 3750 827">
     <span class='ocr_line' id='line_1_23' title="bbox 2173 753 3750 827; baseline 0.005 -21"><span class='ocrx_word' id='word_1_143' title='bbox 2173 753 2383 823; x_wconf 80' lang='grc' dir='ltr'><strong>οὐδαμῆ</strong></span> <span class='ocrx_word' id='word_1_144' title='bbox 2419 756 2662 808; x_wconf 84' lang='grc' dir='ltr'><strong>ὑπεῖκον.</strong></span> <span class='ocrx_word' id='word_1_145' title='bbox 2696 755 2851 808; x_wconf 85' lang='grc' dir='ltr'>Δοκεῖ</span> <span class='ocrx_word' id='word_1_146' title='bbox 2891 755 2991 825; x_wconf 84' lang='grc' dir='ltr'><strong>μὲν</strong></span> <span class='ocrx_word' id='word_1_147' title='bbox 3044 754 3136 810; x_wconf 77' lang='grc' dir='ltr'><strong>οὖν</strong></span> <span class='ocrx_word' id='word_1_148' title='bbox 3167 758 3194 809; x_wconf 87' lang='grc' dir='ltr'><strong>ό</strong></span> <span class='ocrx_word' id='word_1_149' title='bbox 3225 756 3514 827; x_wconf 74' lang='grc' dir='ltr'><strong>τηλέὁολος</strong></span> <span class='ocrx_word' id='word_1_150' title='bbox 3553 759 3613 811; x_wconf 79' lang='grc' dir='ltr'><strong>οὐ</strong></span> <span class='ocrx_word' id='word_1_151' title='bbox 3645 760 3750 814; x_wconf 81' lang='grc' dir='ltr'><strong>πά-</strong></span> 
     </span>
    </p>
   </div>
   <div class='ocr_carea' id='block_1_24' title="bbox 2176 847 3750 927">
    <p class='ocr_par' dir='ltr' id='par_1_24' title="bbox 2176 847 3750 927">
     <span class='ocr_line' id='line_1_24' title="bbox 2176 847 3750 927; baseline 0.007 -28"><span class='ocrx_word' id='word_1_152' title='bbox 2176 866 2236 900; x_wconf 89' lang='grc' dir='ltr'><strong>νυ</strong></span> <span class='ocrx_word' id='word_1_153' title='bbox 2268 849 2494 912; x_wconf 72' lang='grc' dir='ltr'><strong>παλαιὸς</strong></span> <span class='ocrx_word' id='word_1_154' title='bbox 2523 847 2687 918; x_wconf 77' lang='grc' dir='ltr'><strong>εἶναι,</strong></span> <span class='ocrx_word' id='word_1_155' title='bbox 2709 852 2848 906; x_wconf 83' lang='grc' dir='ltr'><strong>ὥστε</strong></span> <span class='ocrx_word' id='word_1_156' title='bbox 2882 851 3121 927; x_wconf 76' lang='grc' dir='ltr'><strong>συνιέναι</strong></span> <span class='ocrx_word' id='word_1_157' title='bbox 3152 853 3300 923; x_wconf 79' lang='grc' dir='ltr'><strong>ἡμᾶς</strong></span> <span class='ocrx_word' id='word_1_158' title='bbox 3331 855 3424 909; x_wconf 72' lang='grc' dir='ltr'><strong>ἐπὶ</strong></span> <span class='ocrx_word' id='word_1_159' title='bbox 3469 853 3591 909; x_wconf 75' lang='grc' dir='ltr'><strong>νοῦν</strong></span> <span class='ocrx_word' id='word_1_160' title='bbox 3624 856 3750 927; x_wconf 72' lang='grc' dir='ltr'><strong>ἐλη-</strong></span> 
     </span>
    </p>
   </div>
   <div class='ocr_carea' id='block_1_25' title="bbox 2175 919 3749 1019">
    <p class='ocr_par' dir='ltr' id='par_1_25' title="bbox 2175 919 3749 1019">
     <span class='ocr_line' id='line_1_25' title="bbox 2175 919 3749 1019; baseline 0.004 -23"><span class='ocrx_word' id='word_1_161' title='bbox 2175 943 2392 996; x_wconf 75' lang='grc' dir='ltr'><strong>λυθέναι</strong></span> <span class='ocrx_word' id='word_1_162' title='bbox 2416 947 2529 1006; x_wconf 83' lang='grc' dir='ltr'><strong>τοῖς</strong></span> <span class='ocrx_word' id='word_1_163' title='bbox 2560 943 2806 1006; x_wconf 82' lang='grc' dir='ltr'><strong>παλαιοῖς</strong></span> <span class='ocrx_word' id='word_1_164' title='bbox 2835 945 2897 997; x_wconf 79' lang='grc' dir='ltr'><strong>τὸ</strong></span> <span class='ocrx_word' id='word_1_165' title='bbox 2922 919 3185 1000; x_wconf 73' lang='grc' dir='ltr'><strong>τοιοῦτον.</strong></span> <span class='ocrx_word' id='word_1_166' title='bbox 3220 947 3383 1000; x_wconf 86' lang='grc' dir='ltr'><strong>Ὅθεν</strong></span> <span class='ocrx_word' id='word_1_167' title='bbox 3407 949 3592 1016; x_wconf 81' lang='grc' dir='ltr'><strong>μέντοι</strong></span> <span class='ocrx_word' id='word_1_168' title='bbox 3646 951 3749 1019; x_wconf 73' lang='lat' dir='ltr'><strong>dp-</strong></span> 
     </span>
    </p>
   </div>
   <div class='ocr_carea' id='block_1_26' title="bbox 2175 1037 3751 1112">
    <p class='ocr_par' dir='ltr' id='par_1_26' title="bbox 2175 1037 3751 1112">
     <span class='ocr_line' id='line_1_26' title="bbox 2175 1037 3751 1112; baseline 0.006 -26"><span class='ocrx_word' id='word_1_169' title='bbox 2175 1037 2277 1108; x_wconf 70' lang='grc' dir='ltr'><strong>χὴν</strong></span> <span class='ocrx_word' id='word_1_170' title='bbox 2307 1037 2544 1104; x_wconf 78' lang='grc' dir='ltr'><strong>ἐγένετο,</strong></span> <span class='ocrx_word' id='word_1_171' title='bbox 2573 1037 2664 1090; x_wconf 71' lang='grc' dir='ltr'><strong>καὶ</strong></span> <span class='ocrx_word' id='word_1_172' title='bbox 2693 1037 2836 1100; x_wconf 83' lang='grc' dir='ltr'><strong>τίνες</strong></span> <span class='ocrx_word' id='word_1_173' title='bbox 2866 1038 3168 1108; x_wconf 82' lang='grc' dir='ltr'><strong>ἀνθρώπων</strong></span> <span class='ocrx_word' id='word_1_174' title='bbox 3193 1039 3250 1102; x_wconf 80' lang='grc' dir='ltr'><strong>ἐς</strong></span> <span class='ocrx_word' id='word_1_175' title='bbox 3274 1039 3374 1108; x_wconf 75' lang='grc' dir='ltr'><strong>τὴν</strong></span> <span class='ocrx_word' id='word_1_176' title='bbox 3400 1039 3494 1093; x_wconf 82' lang='grc' dir='ltr'><strong>τοῦ</strong></span> <span class='ocrx_word' id='word_1_177' title='bbox 3525 1042 3751 1112; x_wconf 74' lang='grc' dir='ltr'><strong>τηλεϐόο</strong></span> 
     </span>
    </p>
   </div>
   <div class='ocr_carea' id='block_1_27' title="bbox 2175 1131 3745 1210">
    <p class='ocr_par' dir='ltr' id='par_1_27' title="bbox 2175 1131 3745 1210">
     <span class='ocr_line' id='line_1_27' title="bbox 2175 1131 3745 1210; baseline 0.007 -26"><span class='ocrx_word' id='word_1_178' title='bbox 2175 1131 2266 1184; x_wconf 83' lang='grc' dir='ltr'><strong>λου</strong></span> <span class='ocrx_word' id='word_1_179' title='bbox 2292 1131 2550 1201; x_wconf 58' lang='grc' dir='ltr'><strong>ἁψίκοντο</strong></span> <span class='ocrx_word' id='word_1_180' title='bbox 2574 1133 2790 1202; x_wconf 81' lang='grc' dir='ltr'><strong>πεῖραν,</strong></span> <span class='ocrx_word' id='word_1_181' title='bbox 2827 1133 2926 1186; x_wconf 83' lang='grc' dir='ltr'><strong>οὐκ</strong></span> <span class='ocrx_word' id='word_1_182' title='bbox 2957 1133 3064 1204; x_wconf 79' lang='grc' dir='ltr'><strong>ἔχω</strong></span> <span class='ocrx_word' id='word_1_183' title='bbox 3093 1135 3431 1206; x_wconf 79' lang='grc' dir='ltr'><strong>διασημῆναι</strong></span> <span class='ocrx_word' id='word_1_184' title='bbox 3465 1139 3745 1210; x_wconf 76' lang='grc' dir='ltr'><strong>ἀσφαλῶς.</strong></span> 
     </span>
    </p>
   </div>
   <div class='ocr_carea' id='block_1_28' title="bbox 2176 1222 3744 1296">
    <p class='ocr_par' dir='ltr' id='par_1_28' title="bbox 2176 1222 3744 1296">
     <span class='ocr_line' id='line_1_28' title="bbox 2176 1222 3744 1296; baseline 0.006 -20"><span class='ocrx_word' id='word_1_185' title='bbox 2176 1223 2390 1276; x_wconf 78' lang='grc' dir='ltr'><strong>Οτονται</strong></span> <span class='ocrx_word' id='word_1_186' title='bbox 2417 1222 2601 1292; x_wconf 85' lang='grc' dir='ltr'><strong>μέντοι</strong></span> <span class='ocrx_word' id='word_1_187' title='bbox 2633 1224 2740 1277; x_wconf 75' lang='grc' dir='ltr'><strong>ἀπὸ</strong></span> <span class='ocrx_word' id='word_1_188' title='bbox 2769 1224 3068 1294; x_wconf 81' lang='grc' dir='ltr'><strong>Γερμανῶν</strong></span> <span class='ocrx_word' id='word_1_189' title='bbox 3102 1229 3360 1296; x_wconf 83' lang='grc' dir='ltr'><strong>γενέσθαι</strong></span> <span class='ocrx_word' id='word_1_190' title='bbox 3406 1246 3464 1283; x_wconf 89' lang='grc' dir='ltr'><strong>τε</strong></span> <span class='ocrx_word' id='word_1_191' title='bbox 3497 1232 3744 1295; x_wconf 80' lang='grc' dir='ltr'><strong>τούτους,</strong></span> 
     </span>
    </p>
   </div>
   <div class='ocr_carea' id='block_1_29' title="bbox 2175 1314 3745 1395">
    <p class='ocr_par' dir='ltr' id='par_1_29' title="bbox 2175 1314 3745 1395">
     <span class='ocr_line' id='line_1_29' title="bbox 2175 1314 3745 1395; baseline 0.007 -27"><span class='ocrx_word' id='word_1_192' title='bbox 2175 1316 2266 1368; x_wconf 74' lang='grc' dir='ltr'><strong>καὶ</strong></span> <span class='ocrx_word' id='word_1_193' title='bbox 2297 1314 2503 1377; x_wconf 79' lang='grc' dir='ltr'><strong>τούτοις</strong></span> <span class='ocrx_word' id='word_1_194' title='bbox 2533 1317 2623 1368; x_wconf 71' lang='grc' dir='ltr'><strong>ἐπὶ</strong></span> <span class='ocrx_word' id='word_1_195' title='bbox 2651 1317 2745 1370; x_wconf 81' lang='grc' dir='ltr'><strong>νῦν</strong></span> <span class='ocrx_word' id='word_1_196' title='bbox 2793 1318 3016 1388; x_wconf 85' lang='grc' dir='ltr'><strong>ἀφῖχθαι</strong></span> <span class='ocrx_word' id='word_1_197' title='bbox 3069 1323 3276 1390; x_wconf 77' lang='grc' dir='ltr'><strong>ταύτην</strong></span> <span class='ocrx_word' id='word_1_198' title='bbox 3324 1322 3422 1390; x_wconf 78' lang='grc' dir='ltr'><strong>τὴν</strong></span> <span class='ocrx_word' id='word_1_199' title='bbox 3472 1328 3745 1395; x_wconf 85' lang='grc' dir='ltr'><strong>μηχανήν.</strong></span> 
     </span>
    </p>
   </div>
   <div class='ocr_carea' id='block_1_30' title="bbox 2189 1408 3748 1489">
    <p class='ocr_par' dir='ltr' id='par_1_30' title="bbox 2189 1408 3748 1489">
     <span class='ocr_line' id='line_1_30' title="bbox 2189 1408 3748 1489; baseline 0.004 -27"><span class='ocrx_word' id='word_1_200' title='bbox 2189 1408 2328 1462; x_wconf 81' lang='grc' dir='ltr'><strong>Ἀλλ’</strong></span> <span class='ocrx_word' id='word_1_201' title='bbox 2360 1412 2408 1462; x_wconf 86' lang='grc' dir='ltr'><strong>οἱ</strong></span> <span class='ocrx_word' id='word_1_202' title='bbox 2452 1411 2551 1479; x_wconf 83' lang='grc' dir='ltr'><strong>μὲν</strong></span> <span class='ocrx_word' id='word_1_203' title='bbox 2579 1409 2953 1479; x_wconf 80' lang='grc' dir='ltr'><strong>τηλεὸολίσκοι</strong></span> <span class='ocrx_word' id='word_1_204' title='bbox 2973 1413 3081 1466; x_wconf 85' lang='grc' dir='ltr'><strong>ἀπὸ</strong></span> <span class='ocrx_word' id='word_1_205' title='bbox 3118 1413 3415 1485; x_wconf 82' lang='grc' dir='ltr'><strong>Γερμανῶν</strong></span> <span class='ocrx_word' id='word_1_206' title='bbox 3444 1419 3539 1471; x_wconf 78' lang='grc' dir='ltr'><strong>καὶ</strong></span> <span class='ocrx_word' id='word_1_207' title='bbox 3567 1419 3625 1480; x_wconf 79' lang='grc' dir='ltr'>ἐς</span> <span class='ocrx_word' id='word_1_208' title='bbox 3646 1418 3748 1489; x_wconf 80' lang='grc' dir='ltr'><strong>τὴν</strong></span> 
     </span>
    </p>
   </div>
   <div class='ocr_carea' id='block_1_31' title="bbox 2174 1501 3749 1584">
    <p class='ocr_par' dir='ltr' id='par_1_31' title="bbox 2174 1501 3749 1584">
     <span class='ocr_line' id='line_1_31' title="bbox 2174 1501 3749 1584; baseline 0.006 -27"><span class='ocrx_word' id='word_1_209' title='bbox 2174 1501 2343 1572; x_wconf 77' lang='grc' dir='ltr'><strong>ἄλλην</strong></span> <span class='ocrx_word' id='word_1_210' title='bbox 2384 1503 2524 1560; x_wconf 83' lang='grc' dir='ltr'><strong>κατὰ</strong></span> <span class='ocrx_word' id='word_1_211' title='bbox 2560 1504 2735 1576; x_wconf 77' lang='grc' dir='ltr'><strong>βραχὺ</strong></span> <span class='ocrx_word' id='word_1_212' title='bbox 2766 1506 3027 1573; x_wconf 82' lang='grc' dir='ltr'><strong>ἀφίκοντο</strong></span> <span class='ocrx_word' id='word_1_213' title='bbox 3055 1509 3390 1580; x_wconf 80' lang='grc' dir='ltr'><strong>οἰκουμένην</strong></span> <span class='ocrx_word' id='word_1_214' title='bbox 3419 1512 3502 1564; x_wconf 86' lang='grc' dir='ltr'><strong>ὀί</strong></span> <span class='ocrx_word' id='word_1_215' title='bbox 3537 1512 3596 1565; x_wconf 80' lang='grc' dir='ltr'><strong>δὲ</strong></span> <span class='ocrx_word' id='word_1_216' title='bbox 3649 1530 3749 1584; x_wconf 82' lang='grc' dir='ltr'><strong>τη-</strong></span> 
     </span>
    </p>
   </div>
   <div class='ocr_carea' id='block_1_32' title="bbox 2175 1597 3751 1672">
    <p class='ocr_par' dir='ltr' id='par_1_32' title="bbox 2175 1597 3751 1672">
     <span class='ocr_line' id='line_1_32' title="bbox 2175 1597 3751 1672; baseline 0.006 -22"><span class='ocrx_word' id='word_1_217' title='bbox 2175 1597 2388 1650; x_wconf 78' lang='grc' dir='ltr'><strong>λέὁολοι</strong></span> <span class='ocrx_word' id='word_1_218' title='bbox 2445 1599 2668 1658; x_wconf 66' lang='grc' dir='ltr'><strong>οὐκκᾶν</strong></span> <span class='ocrx_word' id='word_1_219' title='bbox 2714 1598 2916 1668; x_wconf 75' lang='grc' dir='ltr'><strong>εἰδείην</strong></span> <span class='ocrx_word' id='word_1_220' title='bbox 2970 1600 3157 1668; x_wconf 69' lang='grc' dir='ltr'><strong>σαφῶς</strong></span> <span class='ocrx_word' id='word_1_221' title='bbox 3208 1602 3581 1672; x_wconf 72' lang='grc' dir='ltr'><strong>ἰσχυρίζεσθαι</strong></span> <span class='ocrx_word' id='word_1_222' title='bbox 3627 1605 3751 1661; x_wconf 79' lang='grc' dir='ltr'><strong>ὅθεν</strong></span> 
     </span>
    </p>
   </div>
   <div class='ocr_carea' id='block_1_33' title="bbox 2177 1692 3748 1769">
    <p class='ocr_par' dir='ltr' id='par_1_33' title="bbox 2177 1692 3748 1769">
     <span class='ocr_line' id='line_1_33' title="bbox 2177 1692 3748 1769; baseline 0.007 -27"><span class='ocrx_word' id='word_1_223' title='bbox 2177 1692 2424 1760; x_wconf 72' lang='grc' dir='ltr'><strong>ἐγένοντο</strong></span> <span class='ocrx_word' id='word_1_224' title='bbox 2453 1692 2552 1763; x_wconf 84' lang='grc' dir='ltr'><strong>τὴν</strong></span> <span class='ocrx_word' id='word_1_225' title='bbox 2579 1694 2775 1763; x_wconf 83' lang='grc' dir='ltr'><strong>ἀρχήν.</strong></span> <span class='ocrx_word' id='word_1_226' title='bbox 2819 1695 2930 1763; x_wconf 81' lang='grc' dir='ltr'><strong>Τὴν</strong></span> <span class='ocrx_word' id='word_1_227' title='bbox 2959 1695 3015 1748; x_wconf 83' lang='grc' dir='ltr'><strong>δὲ</strong></span> <span class='ocrx_word' id='word_1_228' title='bbox 3051 1693 3206 1765; x_wconf 78' lang='grc' dir='ltr'><strong>ἰσχύν</strong></span> <span class='ocrx_word' id='word_1_229' title='bbox 3230 1714 3289 1750; x_wconf 91' lang='grc' dir='ltr'><strong>τε</strong></span> <span class='ocrx_word' id='word_1_230' title='bbox 3322 1698 3416 1750; x_wconf 72' lang='grc' dir='ltr'><strong>καὶ</strong></span> <span class='ocrx_word' id='word_1_231' title='bbox 3445 1699 3619 1768; x_wconf 81' lang='grc' dir='ltr'><strong>φορὰν</strong></span> <span class='ocrx_word' id='word_1_232' title='bbox 3648 1699 3748 1769; x_wconf 84' lang='grc' dir='ltr'><strong>τὴν</strong></span> 
     </span>
    </p>
   </div>
   <div class='ocr_carea' id='block_1_34' title="bbox 507 1753 2068 1859">
    <p class='ocr_par' dir='ltr' id='par_1_34' title="bbox 507 1753 2068 1849">
     <span class='ocr_line' id='line_1_34' title="bbox 507 1753 2068 1849; baseline -0.007 -16"><span class='ocrx_word' id='word_1_233' title='bbox 507 1781 592 1835; x_wconf 88' lang='lat' dir='ltr'><strong>vel</strong></span> <span class='ocrx_word' id='word_1_234' title='bbox 622 1781 688 1834; x_wconf 76' lang='lat' dir='ltr'><strong>iis</strong></span> <span class='ocrx_word' id='word_1_235' title='bbox 717 1795 837 1849; x_wconf 59' lang='lat' dir='ltr'><strong>quae</strong></span> <span class='ocrx_word' id='word_1_236' title='bbox 863 1753 1154 1832; x_wconf 83' lang='lat' dir='ltr'><strong>resistendi</strong></span> <span class='ocrx_word' id='word_1_237' title='bbox 1191 1776 1295 1827; x_wconf 84' lang='lat' dir='ltr'><strong>vim</strong></span> <span class='ocrx_word' id='word_1_238' title='bbox 1331 1773 1550 1836; x_wconf 84' lang='lat' dir='ltr'><strong>habent,</strong></span> <span class='ocrx_word' id='word_1_239' title='bbox 1598 1769 1860 1830; x_wconf 78' lang='lat' dir='ltr'><strong>damnum</strong></span> <span class='ocrx_word' id='word_1_240' title='bbox 1908 1767 2068 1823; x_wconf 80' lang='lat' dir='ltr'><strong>infert</strong></span> 
     </span>
    </p>
   </div>
   <div class='ocr_carea' id='block_1_35' title="bbox 2174 1753 3744 1859">
    <p class='ocr_par' dir='ltr' id='par_1_35' title="bbox 2177 1753 3744 1859">
     <span class='ocr_line' id='line_1_35' title="bbox 2177 1753 3744 1859; baseline 0.006 -22"><span class='ocrx_word' id='word_1_241' title='bbox 2177 1753 2482 1855; x_wconf 76' lang='grc' dir='ltr'><strong>ἀμήχανον,</strong></span> <span class='ocrx_word' id='word_1_242' title='bbox 2575 1753 2974 1857; x_wconf 51' lang='grc' dir='ltr'><strong>ὲττιιρερόμενος</strong></span> <span class='ocrx_word' id='word_1_243' title='bbox 2993 1789 3021 1840; x_wconf 80' lang='grc' dir='ltr'><strong><em>ὁ</em></strong></span> <span class='ocrx_word' id='word_1_244' title='bbox 3051 1753 3221 1856; x_wconf 72' lang='grc' dir='ltr'><strong>λίθος,</strong></span> <span class='ocrx_word' id='word_1_245' title='bbox 3248 1790 3372 1844; x_wconf 84' lang='grc' dir='ltr'><strong>ὅποι</strong></span> <span class='ocrx_word' id='word_1_246' title='bbox 3413 1753 3478 1845; x_wconf 74' lang='grc' dir='ltr'><strong>ἂν</strong></span> <span class='ocrx_word' id='word_1_247' title='bbox 3511 1753 3744 1859; x_wconf 71' lang='grc' dir='ltr'><strong>γένοιτο,</strong></span> 
     </span>
    </p>
   </div>
   <div class='ocr_carea' id='block_1_36' title="bbox 508 1860 2071 1932">
    <p class='ocr_par' dir='ltr' id='par_1_36' title="bbox 508 1860 2071 1932">
     <span class='ocr_line' id='line_1_36' title="bbox 508 1860 2071 1932; baseline -0.007 -9"><span class='ocrx_word' id='word_1_248' title='bbox 508 1871 824 1924; x_wconf 80' lang='lat' dir='ltr'><strong>maximum.</strong></span> <span class='ocrx_word' id='word_1_249' title='bbox 858 1869 1043 1921; x_wconf 87' lang='lat' dir='ltr'><strong>Pulvis</strong></span> <span class='ocrx_word' id='word_1_250' title='bbox 1069 1874 1247 1918; x_wconf 89' lang='lat' dir='ltr'><strong>autem</strong></span> <span class='ocrx_word' id='word_1_251' title='bbox 1279 1864 1539 1932; x_wconf 84' lang='lat' dir='ltr'><strong>impetum</strong></span> <span class='ocrx_word' id='word_1_252' title='bbox 1569 1861 1716 1916; x_wconf 89' lang='lat' dir='ltr'><strong>illum</strong></span> <span class='ocrx_word' id='word_1_253' title='bbox 1747 1860 2071 1930; x_wconf 79' lang='lat' dir='ltr'><strong>violentum,</strong></span> 
     </span>
    </p>
   </div>
   <div class='ocr_carea' id='block_1_37' title="bbox 503 1953 2072 2032">
    <p class='ocr_par' dir='ltr' id='par_1_37' title="bbox 503 1953 2072 2032">
     <span class='ocr_line' id='line_1_37' title="bbox 503 1953 2072 2032; baseline -0.007 -15"><span class='ocrx_word' id='word_1_254' title='bbox 503 1978 614 2032; x_wconf 90' lang='lat' dir='ltr'><strong>quo</strong></span> <span class='ocrx_word' id='word_1_255' title='bbox 645 1961 817 2015; x_wconf 82' lang='lat' dir='ltr'><strong>fertur</strong></span> <span class='ocrx_word' id='word_1_256' title='bbox 851 1959 1146 2013; x_wconf 78' lang='lat' dir='ltr'><strong>ministrat.</strong></span> <span class='ocrx_word' id='word_1_257' title='bbox 1181 1954 1391 2008; x_wconf 87' lang='lat' dir='ltr'><strong>Nitrum</strong></span> <span class='ocrx_word' id='word_1_258' title='bbox 1437 1953 1602 2018; x_wconf 89' lang='lat' dir='ltr'><strong>enim,</strong></span> <span class='ocrx_word' id='word_1_259' title='bbox 1633 1969 1696 2008; x_wconf 80' lang='lat' dir='ltr'><strong>ex</strong></span> <span class='ocrx_word' id='word_1_260' title='bbox 1761 1967 1869 2022; x_wconf 91' lang='lat' dir='ltr'><strong>quo</strong></span> <span class='ocrx_word' id='word_1_261' title='bbox 1894 1953 2072 2022; x_wconf 82' lang='lat' dir='ltr'><strong>pulvis</strong></span> 
     </span>
    </p>
   </div>
   <div class='ocr_carea' id='block_1_38' title="bbox 505 2045 2070 2117">
    <p class='ocr_par' dir='ltr' id='par_1_38' title="bbox 505 2045 2070 2117">
     <span class='ocr_line' id='line_1_38' title="bbox 505 2045 2070 2117; baseline -0.006 -9"><span class='ocrx_word' id='word_1_262' title='bbox 505 2054 815 2115; x_wconf 83' lang='lat' dir='ltr'><strong>conficitur,</strong></span> <span class='ocrx_word' id='word_1_263' title='bbox 848 2050 1033 2102; x_wconf 87' lang='lat' dir='ltr'><strong>addito</strong></span> <span class='ocrx_word' id='word_1_264' title='bbox 1062 2049 1299 2103; x_wconf 85' lang='lat' dir='ltr'><strong>carbone</strong></span> <span class='ocrx_word' id='word_1_265' title='bbox 1329 2055 1382 2100; x_wconf 91' lang='lat' dir='ltr'><strong>et</strong></span> <span class='ocrx_word' id='word_1_266' title='bbox 1420 2046 1702 2117; x_wconf 84' lang='lat' dir='ltr'><strong>sulphure,</strong></span> <span class='ocrx_word' id='word_1_267' title='bbox 1748 2046 1857 2099; x_wconf 92' lang='lat' dir='ltr'><strong>vim</strong></span> <span class='ocrx_word' id='word_1_268' title='bbox 1911 2045 2070 2100; x_wconf 85' lang='lat' dir='ltr'><strong>istam</strong></span> 
     </span>
    </p>
   </div>
   <div class='ocr_carea' id='block_1_39' title="bbox 506 2136 2074 2211">
    <p class='ocr_par' dir='ltr' id='par_1_39' title="bbox 506 2136 2074 2211">
     <span class='ocr_line' id='line_1_39' title="bbox 506 2136 2074 2211; baseline -0.006 -13"><span class='ocrx_word' id='word_1_269' title='bbox 506 2154 674 2200; x_wconf 86' lang='lat' dir='ltr'><strong>tenet.</strong></span> <span class='ocrx_word' id='word_1_270' title='bbox 698 2141 1076 2211; x_wconf 80' lang='lat' dir='ltr'><strong>Orbisjudieat</strong></span> <span class='ocrx_word' id='word_1_271' title='bbox 1108 2140 1434 2194; x_wconf 73' lang='lat' dir='ltr'><strong>bombartlas</strong></span> <span class='ocrx_word' id='word_1_272' title='bbox 1460 2151 1609 2191; x_wconf 88' lang='lat' dir='ltr'><strong>arma</strong></span> <span class='ocrx_word' id='word_1_273' title='bbox 1656 2146 1711 2191; x_wconf 89' lang='lat' dir='ltr'><strong>et</strong></span> <span class='ocrx_word' id='word_1_274' title='bbox 1737 2136 2074 2190; x_wconf 88' lang='lat' dir='ltr'><strong>munimenta</strong></span> 
     </span>
    </p>
   </div>
   <div class='ocr_carea' id='block_1_40' title="bbox 507 2229 2074 2304">
    <p class='ocr_par' dir='ltr' id='par_1_40' title="bbox 507 2229 2074 2304">
     <span class='ocr_line' id='line_1_40' title="bbox 507 2229 2074 2304; baseline -0.006 -12"><span class='ocrx_word' id='word_1_275' title='bbox 507 2253 628 2292; x_wconf 82' lang='lat' dir='ltr'><strong>esse</strong></span> <span class='ocrx_word' id='word_1_276' title='bbox 692 2237 916 2304; x_wconf 88' lang='lat' dir='ltr'><strong>optima.</strong></span> <span class='ocrx_word' id='word_1_277' title='bbox 977 2233 1318 2301; x_wconf 87' lang='lat' dir='ltr'><strong>Quapropter</strong></span> <span class='ocrx_word' id='word_1_278' title='bbox 1374 2233 1538 2285; x_wconf 88' lang='lat' dir='ltr'><strong>etiam</strong></span> <span class='ocrx_word' id='word_1_279' title='bbox 1606 2231 1787 2284; x_wconf 89' lang='lat' dir='ltr'><strong>minus</strong></span> <span class='ocrx_word' id='word_1_280' title='bbox 1851 2229 2074 2283; x_wconf 86' lang='lat' dir='ltr'><strong>virtutis</strong></span> 
     </span>
    </p>
   </div>
   <div class='ocr_carea' id='block_1_41' title="bbox 507 2323 2075 2392">
    <p class='ocr_par' dir='ltr' id='par_1_41' title="bbox 507 2323 2075 2392">
     <span class='ocr_line' id='line_1_41' title="bbox 507 2323 2075 2392; baseline -0.006 -8"><span class='ocrx_word' id='word_1_281' title='bbox 507 2328 821 2384; x_wconf 75' lang='lat' dir='ltr'><strong>bombarda:</strong></span> <span class='ocrx_word' id='word_1_282' title='bbox 847 2325 1072 2390; x_wconf 78' lang='lat' dir='ltr'><strong>habent,</strong></span> <span class='ocrx_word' id='word_1_283' title='bbox 1109 2323 1361 2392; x_wconf 87' lang='lat' dir='ltr'><strong>quamvis</strong></span> <span class='ocrx_word' id='word_1_284' title='bbox 1413 2338 1602 2377; x_wconf 89' lang='lat' dir='ltr'><strong>earum</strong></span> <span class='ocrx_word' id='word_1_285' title='bbox 1662 2323 1896 2390; x_wconf 86' lang='lat' dir='ltr'><strong>impetus</strong></span> <span class='ocrx_word' id='word_1_286' title='bbox 1935 2336 2075 2390; x_wconf 87' lang='lat' dir='ltr'><strong>pene</strong></span> 
     </span>
    </p>
   </div>
   <div class='ocr_carea' id='block_1_42' title="bbox 509 2416 2074 2478">
    <p class='ocr_par' dir='ltr' id='par_1_42' title="bbox 509 2416 2074 2478">
     <span class='ocr_line' id='line_1_42' title="bbox 509 2416 2074 2478; baseline -0.005 0"><span class='ocrx_word' id='word_1_287' title='bbox 509 2425 581 2478; x_wconf 89' lang='lat' dir='ltr'><strong>sit</strong></span> <span class='ocrx_word' id='word_1_288' title='bbox 610 2422 848 2475; x_wconf 89' lang='lat' dir='ltr'><strong>divinus.</strong></span> <span class='ocrx_word' id='word_1_289' title='bbox 883 2419 1122 2475; x_wconf 86' lang='lat' dir='ltr'><strong>Primam</strong></span> <span class='ocrx_word' id='word_1_290' title='bbox 1174 2418 1525 2472; x_wconf 89' lang='lat' dir='ltr'><strong>bombardam</strong></span> <span class='ocrx_word' id='word_1_291' title='bbox 1590 2417 1848 2471; x_wconf 77' lang='lat' dir='ltr'><strong>existimo</strong></span> <span class='ocrx_word' id='word_1_292' title='bbox 1903 2416 2074 2470; x_wconf 77' lang='lat' dir='ltr'><strong>fuisse</strong></span> 
     </span>
    </p>
   </div>
   <div class='ocr_carea' id='block_1_43' title="bbox 509 2509 2076 2580">
    <p class='ocr_par' dir='ltr' id='par_1_43' title="bbox 509 2509 2076 2580">
     <span class='ocr_line' id='line_1_43' title="bbox 509 2509 2076 2580; baseline -0.004 -11"><span class='ocrx_word' id='word_1_293' title='bbox 509 2517 760 2570; x_wconf 86' lang='lat' dir='ltr'><strong>ferream.</strong></span> <span class='ocrx_word' id='word_1_294' title='bbox 793 2515 984 2570; x_wconf 80' lang='lat' dir='ltr'><strong>Postea</strong></span> <span class='ocrx_word' id='word_1_295' title='bbox 1015 2513 1235 2566; x_wconf 90' lang='lat' dir='ltr'><strong>demum</strong></span> <span class='ocrx_word' id='word_1_296' title='bbox 1285 2511 1481 2580; x_wconf 90' lang='lat' dir='ltr'><strong>opinor</strong></span> <span class='ocrx_word' id='word_1_297' title='bbox 1515 2509 1786 2565; x_wconf 75' lang='lat' dir='ltr'><strong>fusionem</strong></span> <span class='ocrx_word' id='word_1_298' title='bbox 1847 2509 1972 2564; x_wconf 70' lang='lat' dir='ltr'><strong>aeris</strong></span> <span class='ocrx_word' id='word_1_299' title='bbox 2021 2517 2076 2564; x_wconf 93' lang='lat' dir='ltr'><strong>et</strong></span> 
     </span>
    </p>
   </div>
   <div class='ocr_carea' id='block_1_44' title="bbox 507 2601 2072 2674">
    <p class='ocr_par' dir='ltr' id='par_1_44' title="bbox 507 2601 2072 2674">
     <span class='ocr_line' id='line_1_44' title="bbox 507 2601 2072 2674; baseline -0.004 -12"><span class='ocrx_word' id='word_1_300' title='bbox 507 2609 686 2662; x_wconf 83' lang='lat' dir='ltr'><strong>stanni</strong></span> <span class='ocrx_word' id='word_1_301' title='bbox 715 2622 837 2661; x_wconf 89' lang='lat' dir='ltr'><strong>esse</strong></span> <span class='ocrx_word' id='word_1_302' title='bbox 867 2605 1257 2674; x_wconf 77' lang='lat' dir='ltr'><strong>excogitatam,</strong></span> <span class='ocrx_word' id='word_1_303' title='bbox 1291 2619 1410 2673; x_wconf 72' lang='lat' dir='ltr'><strong>qua:</strong></span> <span class='ocrx_word' id='word_1_304' title='bbox 1441 2618 1532 2672; x_wconf 88' lang='lat' dir='ltr'><strong>per</strong></span> <span class='ocrx_word' id='word_1_305' title='bbox 1559 2602 1942 2657; x_wconf 84' lang='lat' dir='ltr'><strong>conflationem</strong></span> <span class='ocrx_word' id='word_1_306' title='bbox 1989 2601 2072 2656; x_wconf 84' lang='lat' dir='ltr'><strong>fit.</strong></span> 
     </span>
    </p>
   </div>
   <div class='ocr_carea' id='block_1_45' title="bbox 509 2694 2074 2768">
    <p class='ocr_par' dir='ltr' id='par_1_45' title="bbox 509 2694 2074 2768">
     <span class='ocr_line' id='line_1_45' title="bbox 509 2694 2074 2768; baseline -0.001 -15"><span class='ocrx_word' id='word_1_307' title='bbox 509 2704 640 2765; x_wconf 74' lang='lat' dir='ltr'><strong>Qua:</strong></span> <span class='ocrx_word' id='word_1_308' title='bbox 669 2700 887 2768; x_wconf 83' lang='lat' dir='ltr'><strong>quidem</strong></span> <span class='ocrx_word' id='word_1_309' title='bbox 928 2699 1154 2752; x_wconf 77' lang='lat' dir='ltr'><strong>materia</strong></span> <span class='ocrx_word' id='word_1_310' title='bbox 1183 2694 1342 2766; x_wconf 82' lang='lat' dir='ltr'><strong>juxta</strong></span> <span class='ocrx_word' id='word_1_311' title='bbox 1377 2707 1638 2752; x_wconf 84' lang='lat' dir='ltr'><strong>censetur</strong></span> <span class='ocrx_word' id='word_1_312' title='bbox 1665 2711 1786 2752; x_wconf 82' lang='lat' dir='ltr'><strong>esse</strong></span> <span class='ocrx_word' id='word_1_313' title='bbox 1820 2697 2074 2753; x_wconf 84' lang='lat' dir='ltr'><strong>firmissi-</strong></span> 
     </span>
    </p>
   </div>
   <div class='ocr_carea' id='block_1_46' title="bbox 510 2793 2074 2864">
    <p class='ocr_par' dir='ltr' id='par_1_46' title="bbox 510 2793 2074 2864">
     <span class='ocr_line' id='line_1_46' title="bbox 510 2793 2074 2864; baseline -0.003 -14"><span class='ocrx_word' id='word_1_314' title='bbox 510 2813 617 2860; x_wconf 91' lang='lat' dir='ltr'><strong>ma,</strong></span> <span class='ocrx_word' id='word_1_315' title='bbox 687 2808 739 2850; x_wconf 90' lang='lat' dir='ltr'><strong>et</strong></span> <span class='ocrx_word' id='word_1_316' title='bbox 795 2797 996 2864; x_wconf 82' lang='lat' dir='ltr'><strong>optima</strong></span> <span class='ocrx_word' id='word_1_317' title='bbox 1042 2815 1055 2848; x_wconf 87' lang='lat'><strong>:</strong></span> <span class='ocrx_word' id='word_1_318' title='bbox 1095 2808 1272 2862; x_wconf 80' lang='lat' dir='ltr'><strong>eoque</strong></span> <span class='ocrx_word' id='word_1_319' title='bbox 1335 2794 1588 2848; x_wconf 87' lang='lat' dir='ltr'><strong>conferre</strong></span> <span class='ocrx_word' id='word_1_320' title='bbox 1649 2793 1966 2862; x_wconf 87' lang='lat' dir='ltr'><strong>plurimum,</strong></span> <span class='ocrx_word' id='word_1_321' title='bbox 2014 2800 2074 2846; x_wconf 88' lang='lat' dir='ltr'><strong>ut</strong></span> 
     </span>
    </p>
   </div>
   <div class='ocr_carea' id='block_1_47' title="bbox 506 2884 2073 2961">
    <p class='ocr_par' dir='ltr' id='par_1_47' title="bbox 506 2884 2073 2961">
     <span class='ocr_line' id='line_1_47' title="bbox 506 2884 2073 2961; baseline -0.003 -17"><span class='ocrx_word' id='word_1_322' title='bbox 506 2891 698 2961; x_wconf 79' lang='lat' dir='ltr'><strong>globus</strong></span> <span class='ocrx_word' id='word_1_323' title='bbox 739 2889 792 2942; x_wconf 90' lang='lat' dir='ltr'><strong>in</strong></span> <span class='ocrx_word' id='word_1_324' title='bbox 822 2888 1124 2940; x_wconf 85' lang='lat' dir='ltr'><strong>mirandam</strong></span> <span class='ocrx_word' id='word_1_325' title='bbox 1149 2887 1432 2942; x_wconf 88' lang='lat' dir='ltr'><strong>emittatur</strong></span> <span class='ocrx_word' id='word_1_326' title='bbox 1479 2886 1899 2957; x_wconf 79' lang='lat' dir='ltr'><strong>longitudinem.</strong></span> <span class='ocrx_word' id='word_1_327' title='bbox 1938 2884 2073 2941; x_wconf 80' lang='lat' dir='ltr'><strong>For-</strong></span> 
     </span>
    </p>
   </div>
   <div class='ocr_carea' id='block_1_48' title="bbox 513 2978 2074 3048">
    <p class='ocr_par' dir='ltr' id='par_1_48' title="bbox 513 2978 2074 3048">
     <span class='ocr_line' id='line_1_48' title="bbox 513 2978 2074 3048; baseline -0.003 -12"><span class='ocrx_word' id='word_1_328' title='bbox 513 2999 650 3036; x_wconf 82' lang='lat' dir='ltr'><strong>mam</strong></span> <span class='ocrx_word' id='word_1_329' title='bbox 677 2993 858 3036; x_wconf 85' lang='lat' dir='ltr'><strong>autem</strong></span> <span class='ocrx_word' id='word_1_330' title='bbox 892 2980 1313 3035; x_wconf 84' lang='lat' dir='ltr'><strong>bombardarum</strong></span> <span class='ocrx_word' id='word_1_331' title='bbox 1354 2978 1686 3042; x_wconf 85' lang='lat' dir='ltr'><strong>describere,</strong></span> <span class='ocrx_word' id='word_1_332' title='bbox 1719 2993 1839 3033; x_wconf 90' lang='lat' dir='ltr'><strong>cum</strong></span> <span class='ocrx_word' id='word_1_333' title='bbox 1871 2979 2074 3048; x_wconf 84' lang='lat' dir='ltr'><strong>ubique</strong></span> 
     </span>
    </p>
   </div>
   <div class='ocr_carea' id='block_1_49' title="bbox 507 3068 2071 3141">
    <p class='ocr_par' dir='ltr' id='par_1_49' title="bbox 507 3068 2071 3141">
     <span class='ocr_line' id='line_1_49' title="bbox 507 3068 2071 3141; baseline -0.002 -13"><span class='ocrx_word' id='word_1_334' title='bbox 507 3075 787 3129; x_wconf 82' lang='lat' dir='ltr'><strong>hominum</strong></span> <span class='ocrx_word' id='word_1_335' title='bbox 821 3074 994 3128; x_wconf 84' lang='lat' dir='ltr'><strong>oculis</strong></span> <span class='ocrx_word' id='word_1_336' title='bbox 1025 3071 1251 3141; x_wconf 60' lang='lat' dir='ltr'><strong>objecta:</strong></span> <span class='ocrx_word' id='word_1_337' title='bbox 1281 3073 1410 3135; x_wconf 91' lang='lat' dir='ltr'><strong>sint,</strong></span> <span class='ocrx_word' id='word_1_338' title='bbox 1453 3085 1918 3141; x_wconf 85' lang='lat' dir='ltr'><strong>supervacaneum</strong></span> <span class='ocrx_word' id='word_1_339' title='bbox 1953 3068 2071 3125; x_wconf 83' lang='lat' dir='ltr'><strong>fore</strong></span> 
     </span>
    </p>
   </div>
   <div class='ocr_carea' id='block_1_50' title="bbox 500 3158 2066 3233">
    <p class='ocr_par' dir='ltr' id='par_1_50' title="bbox 500 3158 2066 3233">
     <span class='ocr_line' id='line_1_50' title="bbox 500 3158 2066 3233; baseline -0.004 -14"><span class='ocrx_word' id='word_1_340' title='bbox 500 3164 766 3233; x_wconf 71' lang='lat' dir='ltr'><strong>iudicavi.</strong></span> <span class='ocrx_word' id='word_1_341' title='bbox 787 3162 1093 3219; x_wconf 86' lang='lat' dir='ltr'><strong>Botnbarda</strong></span> <span class='ocrx_word' id='word_1_342' title='bbox 1119 3162 1352 3232; x_wconf 79' lang='lat' dir='ltr'><strong>oblonga</strong></span> <span class='ocrx_word' id='word_1_343' title='bbox 1375 3170 1458 3216; x_wconf 86' lang='lat' dir='ltr'><strong>est</strong></span> <span class='ocrx_word' id='word_1_344' title='bbox 1489 3179 1502 3215; x_wconf 91' lang='lat'><strong>:</strong></span> <span class='ocrx_word' id='word_1_345' title='bbox 1531 3170 1584 3216; x_wconf 88' lang='lat' dir='ltr'><strong>et</strong></span> <span class='ocrx_word' id='word_1_346' title='bbox 1615 3171 1822 3231; x_wconf 89' lang='lat' dir='ltr'><strong>quanto</strong></span> <span class='ocrx_word' id='word_1_347' title='bbox 1850 3158 2066 3230; x_wconf 82' lang='lat' dir='ltr'><strong>longior</strong></span> 
     </span>
    </p>
   </div>
   <div class='ocr_carea' id='block_1_51' title="bbox 501 3255 2069 3326">
    <p class='ocr_par' dir='ltr' id='par_1_51' title="bbox 501 3255 2069 3326">
     <span class='ocr_line' id='line_1_51' title="bbox 501 3255 2069 3326; baseline -0.004 -11"><span class='ocrx_word' id='word_1_348' title='bbox 501 3271 605 3323; x_wconf 89' lang='lat' dir='ltr'><strong>est,</strong></span> <span class='ocrx_word' id='word_1_349' title='bbox 639 3268 788 3314; x_wconf 90' lang='lat' dir='ltr'><strong>tanto</strong></span> <span class='ocrx_word' id='word_1_350' title='bbox 845 3258 1059 3324; x_wconf 73' lang='lat' dir='ltr'><strong>longius</strong></span> <span class='ocrx_word' id='word_1_351' title='bbox 1112 3256 1414 3326; x_wconf 72' lang='lat' dir='ltr'><strong>eiaculatur</strong></span> <span class='ocrx_word' id='word_1_352' title='bbox 1446 3255 1686 3326; x_wconf 88' lang='lat' dir='ltr'><strong>globum.</strong></span> <span class='ocrx_word' id='word_1_353' title='bbox 1744 3255 2069 3324; x_wconf 84' lang='lat' dir='ltr'><strong>Accepitnus</strong></span> 
     </span>
    </p>
   </div>
   <div class='ocr_carea' id='block_1_52' title="bbox 500 3347 2064 3418">
    <p class='ocr_par' dir='ltr' id='par_1_52' title="bbox 500 3347 2064 3418">
     <span class='ocr_line' id='line_1_52' title="bbox 500 3347 2064 3418; baseline -0.004 -10"><span class='ocrx_word' id='word_1_354' title='bbox 500 3354 648 3408; x_wconf 83' lang='lat' dir='ltr'><strong>enim</strong></span> <span class='ocrx_word' id='word_1_355' title='bbox 702 3351 1052 3406; x_wconf 86' lang='lat' dir='ltr'><strong>hombardam</strong></span> <span class='ocrx_word' id='word_1_356' title='bbox 1112 3348 1320 3414; x_wconf 87' lang='lat' dir='ltr'><strong>fuisse,</strong></span> <span class='ocrx_word' id='word_1_357' title='bbox 1382 3351 1539 3416; x_wconf 84' lang='lat' dir='ltr'><strong>cujus</strong></span> <span class='ocrx_word' id='word_1_358' title='bbox 1601 3347 1796 3417; x_wconf 79' lang='lat' dir='ltr'><strong>globus</strong></span> <span class='ocrx_word' id='word_1_359' title='bbox 1862 3348 2064 3418; x_wconf 87' lang='lat' dir='ltr'><strong>impetu</strong></span> 
     </span>
    </p>
   </div>
   <div class='ocr_carea' id='block_1_53' title="bbox 500 3439 2064 3514">
    <p class='ocr_par' dir='ltr' id='par_1_53' title="bbox 500 3439 2064 3514">
     <span class='ocr_line' id='line_1_53' title="bbox 500 3439 2064 3514; baseline -0.004 -14"><span class='ocrx_word' id='word_1_360' title='bbox 500 3448 753 3509; x_wconf 87' lang='lat' dir='ltr'><strong>emissus,</strong></span> <span class='ocrx_word' id='word_1_361' title='bbox 827 3442 1171 3514; x_wconf 85' lang='lat' dir='ltr'><strong>superaverit</strong></span> <span class='ocrx_word' id='word_1_362' title='bbox 1224 3441 1572 3511; x_wconf 73' lang='lat' dir='ltr'><strong>septuaginta</strong></span> <span class='ocrx_word' id='word_1_363' title='bbox 1648 3439 1806 3512; x_wconf 65' lang='grc'><strong>124</strong></span> <span class='ocrx_word' id='word_1_364' title='bbox 1867 3441 2064 3503; x_wconf 84' lang='lat' dir='ltr'><strong>stadia,</strong></span> 
     </span>
    </p>
   </div>
   <div class='ocr_carea' id='block_1_54' title="bbox 501 3533 2065 3604">
    <p class='ocr_par' dir='ltr' id='par_1_54' title="bbox 501 3533 2065 3604">
     <span class='ocr_line' id='line_1_54' title="bbox 501 3533 2065 3604; baseline -0.003 -12"><span class='ocrx_word' id='word_1_365' title='bbox 501 3554 626 3592; x_wconf 91' lang='lat' dir='ltr'><strong>cum</strong></span> <span class='ocrx_word' id='word_1_366' title='bbox 693 3538 922 3592; x_wconf 81' lang='lat' dir='ltr'><strong>finitima</strong></span> <span class='ocrx_word' id='word_1_367' title='bbox 961 3545 1106 3589; x_wconf 90' lang='lat' dir='ltr'><strong>terra</strong></span> <span class='ocrx_word' id='word_1_368' title='bbox 1158 3550 1279 3604; x_wconf 61' lang='lat' dir='ltr'><strong>quae</strong></span> <span class='ocrx_word' id='word_1_369' title='bbox 1332 3533 1710 3604; x_wconf 76' lang='lat' dir='ltr'><strong>inter-jacebat,</strong></span> <span class='ocrx_word' id='word_1_370' title='bbox 1777 3535 2065 3603; x_wconf 81' lang='lat' dir='ltr'><strong>utrobique</strong></span> 
     </span>
    </p>
   </div>
   <div class='ocr_carea' id='block_1_55' title="bbox 503 3629 2070 3698">
    <p class='ocr_par' dir='ltr' id='par_1_55' title="bbox 503 3629 2070 3698">
     <span class='ocr_line' id='line_1_55' title="bbox 503 3629 2070 3698; baseline -0.003 -14"><span class='ocrx_word' id='word_1_371' title='bbox 503 3641 832 3684; x_wconf 80' lang='lat' dir='ltr'><strong>moveretur.</strong></span> <span class='ocrx_word' id='word_1_372' title='bbox 871 3629 1116 3683; x_wconf 89' lang='lat' dir='ltr'><strong>Potentia</strong></span> <span class='ocrx_word' id='word_1_373' title='bbox 1153 3639 1335 3681; x_wconf 88' lang='lat' dir='ltr'><strong>atttem</strong></span> <span class='ocrx_word' id='word_1_374' title='bbox 1379 3630 1541 3698; x_wconf 80' lang='lat' dir='ltr'><strong>ignis,</strong></span> <span class='ocrx_word' id='word_1_375' title='bbox 1599 3639 1654 3682; x_wconf 91' lang='lat' dir='ltr'><strong>ut</strong></span> <span class='ocrx_word' id='word_1_376' title='bbox 1688 3636 1928 3698; x_wconf 83' lang='lat' dir='ltr'><strong>apparet,</strong></span> <span class='ocrx_word' id='word_1_377' title='bbox 1989 3637 2070 3681; x_wconf 89' lang='lat' dir='ltr'><strong>to-</strong></span> 
     </span>
    </p>
   </div>
   <div class='ocr_carea' id='block_1_56' title="bbox 502 3719 2064 3790">
    <p class='ocr_par' dir='ltr' id='par_1_56' title="bbox 502 3719 2064 3790">
     <span class='ocr_line' id='line_1_56' title="bbox 502 3719 2064 3790; baseline -0.001 -15"><span class='ocrx_word' id='word_1_378' title='bbox 502 3723 646 3776; x_wconf 82' lang='lat' dir='ltr'><strong>nitru</strong></span> <span class='ocrx_word' id='word_1_379' title='bbox 677 3731 953 3790; x_wconf 89' lang='lat' dir='ltr'><strong>procurat.</strong></span> <span class='ocrx_word' id='word_1_380' title='bbox 988 3735 1200 3772; x_wconf 85' lang='lat' dir='ltr'><strong>necnon</strong></span> <span class='ocrx_word' id='word_1_381' title='bbox 1237 3719 1524 3772; x_wconf 90' lang='lat' dir='ltr'><strong>violentam</strong></span> <span class='ocrx_word' id='word_1_382' title='bbox 1563 3721 1818 3774; x_wconf 86' lang='lat' dir='ltr'><strong>lationem</strong></span> <span class='ocrx_word' id='word_1_383' title='bbox 1845 3720 2064 3790; x_wconf 81' lang='lat' dir='ltr'><strong>lapidis.</strong></span> 
     </span>
    </p>
   </div>
   <div class='ocr_carea' id='block_1_57' title="bbox 499 3812 2067 3882">
    <p class='ocr_par' dir='ltr' id='par_1_57' title="bbox 499 3812 2067 3882">
     <span class='ocr_line' id='line_1_57' title="bbox 499 3812 2067 3882; baseline 0.001 -14"><span class='ocrx_word' id='word_1_384' title='bbox 499 3812 632 3868; x_wconf 86' lang='lat' dir='ltr'><strong>Nam</strong></span> <span class='ocrx_word' id='word_1_385' title='bbox 659 3814 704 3868; x_wconf 89' lang='lat' dir='ltr'><strong>si</strong></span> <span class='ocrx_word' id='word_1_386' title='bbox 733 3813 872 3881; x_wconf 81' lang='lat' dir='ltr'><strong>ignis</strong></span> <span class='ocrx_word' id='word_1_387' title='bbox 907 3812 1155 3865; x_wconf 86' lang='lat' dir='ltr'><strong>inclusus</strong></span> <span class='ocrx_word' id='word_1_388' title='bbox 1178 3821 1425 3879; x_wconf 81' lang='lat' dir='ltr'><strong>cogatur,</strong></span> <span class='ocrx_word' id='word_1_389' title='bbox 1465 3828 1657 3881; x_wconf 81' lang='lat' dir='ltr'><strong>magna</strong></span> <span class='ocrx_word' id='word_1_390' title='bbox 1699 3814 1971 3882; x_wconf 66' lang='lat' dir='ltr'><strong>quaedam,</strong></span> <span class='ocrx_word' id='word_1_391' title='bbox 2011 3826 2067 3869; x_wconf 90' lang='lat' dir='ltr'><strong>et</strong></span> 
     </span>
    </p>
   </div>
   <div class='ocr_carea' id='block_1_58' title="bbox 498 3904 2063 3976">
    <p class='ocr_par' dir='ltr' id='par_1_58' title="bbox 498 3904 2063 3976">
     <span class='ocr_line' id='line_1_58' title="bbox 498 3904 2063 3976; baseline 0 -18"><span class='ocrx_word' id='word_1_392' title='bbox 498 3923 616 3976; x_wconf 68' lang='lat' dir='ltr'><strong>quae</strong></span> <span class='ocrx_word' id='word_1_393' title='bbox 642 3915 890 3960; x_wconf 70' lang='lat' dir='ltr'><strong>nostrum</strong></span> <span class='ocrx_word' id='word_1_394' title='bbox 915 3904 1071 3973; x_wconf 87' lang='lat' dir='ltr'><strong>plane</strong></span> <span class='ocrx_word' id='word_1_395' title='bbox 1097 3910 1315 3971; x_wconf 87' lang='lat' dir='ltr'><strong>captum</strong></span> <span class='ocrx_word' id='word_1_396' title='bbox 1344 3905 1635 3968; x_wconf 79' lang='lat' dir='ltr'><strong>excedunt,</strong></span> <span class='ocrx_word' id='word_1_397' title='bbox 1661 3905 1870 3959; x_wconf 71' lang='lat' dir='ltr'><strong>c-ﬂicere</strong></span> <span class='ocrx_word' id='word_1_398' title='bbox 1893 3906 2063 3960; x_wconf 85' lang='lat' dir='ltr'><strong>novit.</strong></span> 
     </span>
    </p>
   </div>
   <div class='ocr_carea' id='block_1_59' title="bbox 499 3997 2062 4068">
    <p class='ocr_par' dir='ltr' id='par_1_59' title="bbox 499 3997 2062 4068">
     <span class='ocr_line' id='line_1_59' title="bbox 499 3997 2062 4068; baseline -0.001 -14"><span class='ocrx_word' id='word_1_399' title='bbox 499 4000 671 4054; x_wconf 84' lang='lat' dir='ltr'><strong>Etiam</strong></span> <span class='ocrx_word' id='word_1_400' title='bbox 702 3999 908 4053; x_wconf 86' lang='lat' dir='ltr'><strong>fulmen</strong></span> <span class='ocrx_word' id='word_1_401' title='bbox 945 3998 1212 4063; x_wconf 85' lang='lat' dir='ltr'><strong>nascitur,</strong></span> <span class='ocrx_word' id='word_1_402' title='bbox 1242 3999 1287 4052; x_wconf 90' lang='lat' dir='ltr'><strong>si</strong></span> <span class='ocrx_word' id='word_1_403' title='bbox 1323 4006 1519 4052; x_wconf 88' lang='lat' dir='ltr'><strong>ventus</strong></span> <span class='ocrx_word' id='word_1_404' title='bbox 1571 3998 1624 4050; x_wconf 93' lang='lat' dir='ltr'><strong>in</strong></span> <span class='ocrx_word' id='word_1_405' title='bbox 1671 3997 1846 4068; x_wconf 80' lang='lat' dir='ltr'><strong>ignem</strong></span> <span class='ocrx_word' id='word_1_406' title='bbox 1884 4008 2062 4053; x_wconf 89' lang='lat' dir='ltr'><strong>muta-</strong></span> 
     </span>
    </p>
   </div>
   <div class='ocr_carea' id='block_1_60' title="bbox 497 4092 2061 4164">
    <p class='ocr_par' dir='ltr' id='par_1_60' title="bbox 497 4092 2061 4164">
     <span class='ocr_line' id='line_1_60' title="bbox 497 4092 2061 4164; baseline -0.004 -14"><span class='ocrx_word' id='word_1_407' title='bbox 497 4105 606 4150; x_wconf 92' lang='lat' dir='ltr'><strong>tur.</strong></span> <span class='ocrx_word' id='word_1_408' title='bbox 642 4096 780 4149; x_wconf 88' lang='lat' dir='ltr'><strong>Hinc</strong></span> <span class='ocrx_word' id='word_1_409' title='bbox 818 4095 987 4164; x_wconf 88' lang='lat' dir='ltr'><strong>igitur</strong></span> <span class='ocrx_word' id='word_1_410' title='bbox 1019 4103 1072 4146; x_wconf 90' lang='lat' dir='ltr'><strong>et</strong></span> <span class='ocrx_word' id='word_1_411' title='bbox 1103 4095 1340 4148; x_wconf 88' lang='lat' dir='ltr'><strong>tronitrn</strong></span> <span class='ocrx_word' id='word_1_412' title='bbox 1373 4101 1426 4146; x_wconf 89' lang='lat' dir='ltr'><strong>et</strong></span> <span class='ocrx_word' id='word_1_413' title='bbox 1455 4092 1589 4146; x_wconf 89' lang='lat' dir='ltr'><strong>latio</strong></span> <span class='ocrx_word' id='word_1_414' title='bbox 1638 4092 1694 4146; x_wconf 86' lang='lat' dir='ltr'><strong>lit</strong></span> <span class='ocrx_word' id='word_1_415' title='bbox 1729 4107 1741 4146; x_wconf 91' lang='lat'>:</span> <span class='ocrx_word' id='word_1_416' title='bbox 1780 4095 1894 4149; x_wconf 86' lang='lat' dir='ltr'><strong>sive</strong></span> <span class='ocrx_word' id='word_1_417' title='bbox 1920 4096 2061 4164; x_wconf 83' lang='lat' dir='ltr'><strong>quod</strong></span> 
     </span>
    </p>
   </div>
   <div class='ocr_carea' id='block_1_61' title="bbox 495 4187 2061 4254">
    <p class='ocr_par' dir='ltr' id='par_1_61' title="bbox 495 4187 2061 4254">
     <span class='ocr_line' id='line_1_61' title="bbox 495 4187 2061 4254; baseline 0 -14"><span class='ocrx_word' id='word_1_418' title='bbox 495 4188 834 4242; x_wconf 85' lang='lat' dir='ltr'><strong>concedatur</strong></span> <span class='ocrx_word' id='word_1_419' title='bbox 879 4203 989 4241; x_wconf 89' lang='lat' dir='ltr'><strong>non</strong></span> <span class='ocrx_word' id='word_1_420' title='bbox 1049 4203 1174 4242; x_wconf 83' lang='lat' dir='ltr'><strong>esse</strong></span> <span class='ocrx_word' id='word_1_421' title='bbox 1227 4201 1459 4240; x_wconf 87' lang='lat' dir='ltr'><strong>vacuum</strong></span> <span class='ocrx_word' id='word_1_422' title='bbox 1520 4187 1572 4239; x_wconf 79' lang='lat' dir='ltr'><strong>in</strong></span> <span class='ocrx_word' id='word_1_423' title='bbox 1615 4201 1794 4240; x_wconf 88' lang='lat' dir='ltr'><strong>rermn</strong></span> <span class='ocrx_word' id='word_1_424' title='bbox 1845 4201 2061 4254; x_wconf 86' lang='lat' dir='ltr'><strong>natura,</strong></span> 
     </span>
    </p>
   </div>
   <div class='ocr_carea' id='block_1_62' title="bbox 496 4279 2067 4350">
    <p class='ocr_par' dir='ltr' id='par_1_62' title="bbox 496 4279 2067 4350">
     <span class='ocr_line' id='line_1_62' title="bbox 496 4279 2067 4350; baseline 0.001 -16"><span class='ocrx_word' id='word_1_425' title='bbox 496 4281 610 4338; x_wconf 76' lang='lat' dir='ltr'><strong>sive.</strong></span> <span class='ocrx_word' id='word_1_426' title='bbox 641 4281 784 4350; x_wconf 88' lang='lat' dir='ltr'><strong>quod</strong></span> <span class='ocrx_word' id='word_1_427' title='bbox 817 4281 957 4350; x_wconf 83' lang='lat' dir='ltr'><strong>ignis</strong></span> <span class='ocrx_word' id='word_1_428' title='bbox 990 4280 1228 4335; x_wconf 74' lang='lat' dir='ltr'><strong>efﬁcacia</strong></span> <span class='ocrx_word' id='word_1_429' title='bbox 1271 4279 1494 4333; x_wconf 87' lang='lat' dir='ltr'><strong>accedat</strong></span> <span class='ocrx_word' id='word_1_430' title='bbox 1523 4295 1537 4331; x_wconf 86' lang='lat'><strong>:</strong></span> <span class='ocrx_word' id='word_1_431' title='bbox 1571 4295 1676 4348; x_wconf 83' lang='lat' dir='ltr'><strong>qua</strong></span> <span class='ocrx_word' id='word_1_432' title='bbox 1701 4283 1746 4334; x_wconf 90' lang='lat' dir='ltr'><strong>si</strong></span> <span class='ocrx_word' id='word_1_433' title='bbox 1797 4281 2067 4336; x_wconf 87' lang='lat' dir='ltr'><strong>violenter</strong></span> 
     </span>
    </p>
   </div>
   <div class='ocr_carea' id='block_1_63' title="bbox 495 4374 2066 4441">
    <p class='ocr_par' dir='ltr' id='par_1_63' title="bbox 495 4374 2066 4441">
     <span class='ocr_line' id='line_1_63' title="bbox 495 4374 2066 4441; baseline 0.002 -13"><span class='ocrx_word' id='word_1_434' title='bbox 495 4387 777 4441; x_wconf 72' lang='lat' dir='ltr'><strong>urgeatur,</strong></span> <span class='ocrx_word' id='word_1_435' title='bbox 812 4383 864 4427; x_wconf 85' lang='lat' dir='ltr'><strong>et</strong></span> <span class='ocrx_word' id='word_1_436' title='bbox 899 4375 1180 4426; x_wconf 84' lang='lat' dir='ltr'><strong>materiam</strong></span> <span class='ocrx_word' id='word_1_437' title='bbox 1211 4374 1584 4441; x_wconf 82' lang='lat' dir='ltr'><strong>apprehendat</strong></span> <span class='ocrx_word' id='word_1_438' title='bbox 1614 4375 1719 4428; x_wconf 86' lang='lat' dir='ltr'><strong>sibi</strong></span> <span class='ocrx_word' id='word_1_439' title='bbox 1752 4391 2066 4431; x_wconf 84' lang='lat' dir='ltr'><strong>accommo-</strong></span> 
     </span>
    </p>
   </div>
   <div class='ocr_carea' id='block_1_64' title="bbox 2181 1880 3747 1958">
    <p class='ocr_par' dir='ltr' id='par_1_64' title="bbox 2181 1880 3747 1958">
     <span class='ocr_line' id='line_1_64' title="bbox 2181 1880 3747 1958; baseline 0.006 -27"><span class='ocrx_word' id='word_1_440' title='bbox 2181 1880 2445 1949; x_wconf 81' lang='grc' dir='ltr'><strong>μεγίστην</strong></span> <span class='ocrx_word' id='word_1_441' title='bbox 2471 1881 2585 1944; x_wconf 87' lang='grc' dir='ltr'><strong>τοῖς</strong></span> <span class='ocrx_word' id='word_1_442' title='bbox 2630 1881 2876 1952; x_wconf 84' lang='grc' dir='ltr'><strong>σώμασιν</strong></span> <span class='ocrx_word' id='word_1_443' title='bbox 2929 1884 3253 1954; x_wconf 79' lang='grc' dir='ltr'><strong>ἐπιφέρεται</strong></span> <span class='ocrx_word' id='word_1_444' title='bbox 3303 1885 3512 1957; x_wconf 76' lang='grc' dir='ltr'><strong>βλάϐην</strong></span> <span class='ocrx_word' id='word_1_445' title='bbox 3543 1904 3560 1921; x_wconf 89' lang='grc'><strong>·</strong></span> <span class='ocrx_word' id='word_1_446' title='bbox 3605 1888 3640 1958; x_wconf 79' lang='grc' dir='ltr'>ἦ</span> <span class='ocrx_word' id='word_1_447' title='bbox 3684 1904 3747 1941; x_wconf 85' lang='grc' dir='ltr'><strong>τε</strong></span> 
     </span>
    </p>
   </div>
   <div class='ocr_carea' id='block_1_65' title="bbox 2176 1973 3747 2052">
    <p class='ocr_par' dir='ltr' id='par_1_65' title="bbox 2176 1973 3747 2052">
     <span class='ocr_line' id='line_1_65' title="bbox 2176 1973 3747 2052; baseline 0.008 -29"><span class='ocrx_word' id='word_1_448' title='bbox 2176 1973 2325 2034; x_wconf 56' lang='grc' dir='ltr'><strong>κόνις</strong></span> <span class='ocrx_word' id='word_1_449' title='bbox 2367 1975 2668 2043; x_wconf 80' lang='grc' dir='ltr'><strong>παρέχεται</strong></span> <span class='ocrx_word' id='word_1_450' title='bbox 2721 1975 2797 2045; x_wconf 84' lang='grc' dir='ltr'><strong>τῷ</strong></span> <span class='ocrx_word' id='word_1_451' title='bbox 2831 1979 3010 2043; x_wconf 72' lang='grc' dir='ltr'><strong>παντὶ,</strong></span> <span class='ocrx_word' id='word_1_452' title='bbox 3037 1979 3131 2031; x_wconf 75' lang='grc' dir='ltr'><strong>καὶ</strong></span> <span class='ocrx_word' id='word_1_453' title='bbox 3161 1979 3270 2038; x_wconf 78' lang='grc' dir='ltr'><strong>ἀπὸ</strong></span> <span class='ocrx_word' id='word_1_454' title='bbox 3306 1980 3511 2050; x_wconf 80' lang='grc' dir='ltr'><strong>ταύτης</strong></span> <span class='ocrx_word' id='word_1_455' title='bbox 3565 1982 3747 2052; x_wconf 80' lang='grc' dir='ltr'><strong>ὲνήνε·</strong></span> 
     </span>
    </p>
   </div>
   <div class='ocr_carea' id='block_1_66' title="bbox 2176 2063 3746 2141">
    <p class='ocr_par' dir='ltr' id='par_1_66' title="bbox 2176 2063 3746 2141">
     <span class='ocr_line' id='line_1_66' title="bbox 2176 2063 3746 2141; baseline 0.008 -27"><span class='ocrx_word' id='word_1_456' title='bbox 2176 2077 2329 2116; x_wconf 88' lang='grc' dir='ltr'><strong>κται.</strong></span> <span class='ocrx_word' id='word_1_457' title='bbox 2355 2063 2466 2131; x_wconf 77' lang='grc' dir='ltr'><strong>Τῆς</strong></span> <span class='ocrx_word' id='word_1_458' title='bbox 2498 2063 2555 2116; x_wconf 78' lang='grc' dir='ltr'><strong>δὲ</strong></span> <span class='ocrx_word' id='word_1_459' title='bbox 2583 2066 2788 2128; x_wconf 78' lang='grc' dir='ltr'><strong>κόνεως</strong></span> <span class='ocrx_word' id='word_1_460' title='bbox 2816 2069 2877 2118; x_wconf 81' lang='grc' dir='ltr'><strong>τὸ</strong></span> <span class='ocrx_word' id='word_1_461' title='bbox 2932 2069 3112 2139; x_wconf 83' lang='grc' dir='ltr'><strong>νίτρον</strong></span> <span class='ocrx_word' id='word_1_462' title='bbox 3165 2069 3310 2140; x_wconf 75' lang='grc' dir='ltr'><strong>ἔχειν</strong></span> <span class='ocrx_word' id='word_1_463' title='bbox 3359 2076 3460 2139; x_wconf 77' lang='grc' dir='ltr'><strong>τὴν</strong></span> <span class='ocrx_word' id='word_1_464' title='bbox 3495 2073 3746 2141; x_wconf 80' lang='grc' dir='ltr'><strong>δύναμιν.</strong></span> 
     </span>
    </p>
   </div>
   <div class='ocr_carea' id='block_1_67' title="bbox 2176 2154 3753 2233">
    <p class='ocr_par' dir='ltr' id='par_1_67' title="bbox 2176 2154 3753 2233">
     <span class='ocr_line' id='line_1_67' title="bbox 2176 2154 3753 2233; baseline 0.006 -24"><span class='ocrx_word' id='word_1_465' title='bbox 2176 2154 2408 2224; x_wconf 74' lang='grc' dir='ltr'><strong>ἄνθρακι</strong></span> <span class='ocrx_word' id='word_1_466' title='bbox 2451 2173 2512 2208; x_wconf 88' lang='grc' dir='ltr'><strong>τε</strong></span> <span class='ocrx_word' id='word_1_467' title='bbox 2546 2157 2639 2210; x_wconf 76' lang='grc' dir='ltr'><strong>καὶ</strong></span> <span class='ocrx_word' id='word_1_468' title='bbox 2698 2157 2829 2229; x_wconf 81' lang='grc' dir='ltr'><strong>θείῳ</strong></span> <span class='ocrx_word' id='word_1_469' title='bbox 2885 2162 3317 2233; x_wconf 72' lang='grc' dir='ltr'><strong>ἐπιμιγνυμένη.</strong></span> <span class='ocrx_word' id='word_1_470' title='bbox 3380 2163 3537 2218; x_wconf 79' lang='grc' dir='ltr'><strong>Οὕτω</strong></span> <span class='ocrx_word' id='word_1_471' title='bbox 3579 2165 3636 2218; x_wconf 83' lang='grc' dir='ltr'><strong>δὲ</strong></span> <span class='ocrx_word' id='word_1_472' title='bbox 3675 2165 3753 2228; x_wconf 82' lang='grc' dir='ltr'><strong>ὡς</strong></span> 
     </span>
    </p>
   </div>
   <div class='ocr_carea' id='block_1_68' title="bbox 2175 2249 3754 2326">
    <p class='ocr_par' dir='ltr' id='par_1_68' title="bbox 2175 2249 3754 2326">
     <span class='ocr_line' id='line_1_68' title="bbox 2175 2249 3754 2326; baseline 0.006 -24"><span class='ocrx_word' id='word_1_473' title='bbox 2175 2250 2396 2316; x_wconf 77' lang='grc' dir='ltr'><strong>ἄμεινον</strong></span> <span class='ocrx_word' id='word_1_474' title='bbox 2428 2249 2542 2317; x_wconf 80' lang='grc' dir='ltr'><strong>ἔχει</strong></span> <span class='ocrx_word' id='word_1_475' title='bbox 2571 2250 2639 2303; x_wconf 76' lang='grc' dir='ltr'><strong>τὰ</strong></span> <span class='ocrx_word' id='word_1_476' title='bbox 2667 2252 2765 2318; x_wconf 83' lang='grc' dir='ltr'><strong>τῆς</strong></span> <span class='ocrx_word' id='word_1_477' title='bbox 2802 2255 3130 2326; x_wconf 70' lang='grc' dir='ltr'><strong>οἰκουμένης</strong></span> <span class='ocrx_word' id='word_1_478' title='bbox 3151 2257 3208 2320; x_wconf 72' lang='grc' dir='ltr'><strong>ἐς</strong></span> <span class='ocrx_word' id='word_1_479' title='bbox 3238 2257 3305 2310; x_wconf 86' lang='grc' dir='ltr'><strong>τὰ</strong></span> <span class='ocrx_word' id='word_1_480' title='bbox 3333 2257 3496 2313; x_wconf 81' lang='grc' dir='ltr'><strong>ὅπλα.</strong></span> <span class='ocrx_word' id='word_1_481' title='bbox 3525 2260 3620 2311; x_wconf 81' lang='grc' dir='ltr'><strong>Διὸ</strong></span> <span class='ocrx_word' id='word_1_482' title='bbox 3655 2262 3754 2312; x_wconf 72' lang='grc' dir='ltr'><strong>καὶ</strong></span> 
     </span>
    </p>
   </div>
   <div class='ocr_carea' id='block_1_69' title="bbox 2175 2343 3748 2421">
    <p class='ocr_par' dir='ltr' id='par_1_69' title="bbox 2175 2343 3748 2421">
     <span class='ocr_line' id='line_1_69' title="bbox 2175 2343 3748 2421; baseline 0.005 -25"><span class='ocrx_word' id='word_1_483' title='bbox 2175 2343 2376 2412; x_wconf 81' lang='grc' dir='ltr'><strong>ἀρετῆς</strong></span> <span class='ocrx_word' id='word_1_484' title='bbox 2406 2343 2628 2397; x_wconf 68' lang='grc' dir='ltr'><strong>ἔλαττον</strong></span> <span class='ocrx_word' id='word_1_485' title='bbox 2661 2347 2802 2416; x_wconf 84' lang='grc' dir='ltr'><strong>ῐσχει</strong></span> <span class='ocrx_word' id='word_1_486' title='bbox 2837 2351 2999 2418; x_wconf 77' lang='grc' dir='ltr'><strong>αὐτῇ,</strong></span> <span class='ocrx_word' id='word_1_487' title='bbox 3049 2352 3151 2416; x_wconf 88' lang='grc' dir='ltr'><strong>τὴν</strong></span> <span class='ocrx_word' id='word_1_488' title='bbox 3192 2351 3470 2421; x_wconf 83' lang='grc' dir='ltr'><strong>δαιμονίαν</strong></span> <span class='ocrx_word' id='word_1_489' title='bbox 3524 2353 3748 2420; x_wconf 80' lang='grc' dir='ltr'><strong>ἐκείνην</strong></span> 
     </span>
    </p>
   </div>
   <div class='ocr_carea' id='block_1_70' title="bbox 2177 2434 3749 2514">
    <p class='ocr_par' dir='ltr' id='par_1_70' title="bbox 2177 2434 3749 2514">
     <span class='ocr_line' id='line_1_70' title="bbox 2177 2434 3749 2514; baseline 0.008 -28"><span class='ocrx_word' id='word_1_490' title='bbox 2177 2434 2370 2503; x_wconf 73' lang='grc' dir='ltr'><strong>φοράν.</strong></span> <span class='ocrx_word' id='word_1_491' title='bbox 2405 2437 2562 2488; x_wconf 83' lang='grc' dir='ltr'><strong>Δοκεῖ</strong></span> <span class='ocrx_word' id='word_1_492' title='bbox 2583 2437 2640 2490; x_wconf 79' lang='grc' dir='ltr'><strong>δὲ</strong></span> <span class='ocrx_word' id='word_1_493' title='bbox 2675 2439 2929 2504; x_wconf 78' lang='grc' dir='ltr'><strong>γενέσθαι</strong></span> <span class='ocrx_word' id='word_1_494' title='bbox 2966 2441 3225 2511; x_wconf 81' lang='grc' dir='ltr'><strong>σιδηροῦς</strong></span> <span class='ocrx_word' id='word_1_495' title='bbox 3258 2444 3354 2511; x_wconf 83' lang='grc' dir='ltr'><strong>μὲν</strong></span> <span class='ocrx_word' id='word_1_496' title='bbox 3384 2444 3446 2495; x_wconf 82' lang='grc' dir='ltr'><strong>τὸ</strong></span> <span class='ocrx_word' id='word_1_497' title='bbox 3481 2446 3700 2514; x_wconf 84' lang='grc' dir='ltr'><strong>πρῶτον</strong></span> <span class='ocrx_word' id='word_1_498' title='bbox 3734 2463 3749 2476; x_wconf 92' lang='grc'><strong>·</strong></span> 
     </span>
    </p>
   </div>
   <div class='ocr_carea' id='block_1_71' title="bbox 2179 2525 3754 2607">
    <p class='ocr_par' dir='ltr' id='par_1_71' title="bbox 2179 2525 3754 2607">
     <span class='ocr_line' id='line_1_71' title="bbox 2179 2525 3754 2607; baseline 0.01 -30"><span class='ocrx_word' id='word_1_499' title='bbox 2179 2525 2315 2595; x_wconf 72' lang='grc' dir='ltr'><strong>μετὰ</strong></span> <span class='ocrx_word' id='word_1_500' title='bbox 2345 2527 2400 2580; x_wconf 73' lang='grc' dir='ltr'><strong>δὲ</strong></span> <span class='ocrx_word' id='word_1_501' title='bbox 2426 2527 2600 2581; x_wconf 84' lang='grc' dir='ltr'><strong>ταῦτα</strong></span> <span class='ocrx_word' id='word_1_502' title='bbox 2625 2529 2724 2597; x_wconf 80' lang='grc' dir='ltr'><strong>τὴν</strong></span> <span class='ocrx_word' id='word_1_503' title='bbox 2754 2530 2848 2583; x_wconf 82' lang='grc' dir='ltr'><strong>τοῦ</strong></span> <span class='ocrx_word' id='word_1_504' title='bbox 2877 2530 3121 2602; x_wconf 76' lang='grc' dir='ltr'><strong>κύματος</strong></span> <span class='ocrx_word' id='word_1_505' title='bbox 3147 2534 3487 2604; x_wconf 73' lang='grc' dir='ltr'><strong>καλουμένου</strong></span> <span class='ocrx_word' id='word_1_506' title='bbox 3513 2538 3754 2607; x_wconf 65' lang='grc' dir='ltr'><strong>ἐπιφρά-</strong></span> 
     </span>
    </p>
   </div>
   <div class='ocr_carea' id='block_1_72' title="bbox 2177 2619 3752 2700">
    <p class='ocr_par' dir='ltr' id='par_1_72' title="bbox 2177 2619 3752 2700">
     <span class='ocr_line' id='line_1_72' title="bbox 2177 2619 3752 2700; baseline 0.007 -27"><span class='ocrx_word' id='word_1_507' title='bbox 2177 2619 2376 2674; x_wconf 82' lang='grc' dir='ltr'><strong>σασθαι</strong></span> <span class='ocrx_word' id='word_1_508' title='bbox 2399 2623 2618 2690; x_wconf 84' lang='grc' dir='ltr'><strong>πεῖραν,</strong></span> <span class='ocrx_word' id='word_1_509' title='bbox 2644 2621 2738 2675; x_wconf 83' lang='grc' dir='ltr'><strong>τοῦ</strong></span> <span class='ocrx_word' id='word_1_510' title='bbox 2771 2623 2976 2692; x_wconf 82' lang='grc' dir='ltr'><strong>χαλκοῦ</strong></span> <span class='ocrx_word' id='word_1_511' title='bbox 3010 2625 3108 2677; x_wconf 82' lang='grc' dir='ltr'><strong>σὺν</strong></span> <span class='ocrx_word' id='word_1_512' title='bbox 3155 2626 3234 2697; x_wconf 83' lang='grc' dir='ltr'><strong>τῷ</strong></span> <span class='ocrx_word' id='word_1_513' title='bbox 3286 2630 3594 2700; x_wconf 82' lang='grc' dir='ltr'><strong>κασσιτέρῳ</strong></span> <span class='ocrx_word' id='word_1_514' title='bbox 3653 2648 3752 2700; x_wconf 89' lang='grc' dir='ltr'><strong>με-</strong></span> 
     </span>
    </p>
   </div>
   <div class='ocr_carea' id='block_1_73' title="bbox 2180 2714 3749 2792">
    <p class='ocr_par' dir='ltr' id='par_1_73' title="bbox 2180 2714 3749 2792">
     <span class='ocr_line' id='line_1_73' title="bbox 2180 2714 3749 2792; baseline 0.007 -27"><span class='ocrx_word' id='word_1_515' title='bbox 2180 2714 2476 2783; x_wconf 83' lang='grc' dir='ltr'><strong>μιγμένου,</strong></span> <span class='ocrx_word' id='word_1_516' title='bbox 2509 2715 2818 2784; x_wconf 73' lang='grc' dir='ltr'><strong>εὐδοκιμεῖν</strong></span> <span class='ocrx_word' id='word_1_517' title='bbox 2854 2717 2908 2781; x_wconf 79' lang='grc' dir='ltr'><strong>ἐς</strong></span> <span class='ocrx_word' id='word_1_518' title='bbox 2937 2719 3000 2771; x_wconf 84' lang='grc' dir='ltr'><strong>τὸ</strong></span> <span class='ocrx_word' id='word_1_519' title='bbox 3041 2719 3257 2787; x_wconf 77' lang='grc' dir='ltr'><strong>ἀφιέναι</strong></span> <span class='ocrx_word' id='word_1_520' title='bbox 3292 2723 3384 2774; x_wconf 79' lang='grc' dir='ltr'><strong>τὸν</strong></span> <span class='ocrx_word' id='word_1_521' title='bbox 3415 2721 3562 2775; x_wconf 85' lang='grc' dir='ltr'><strong>λίθον</strong></span> <span class='ocrx_word' id='word_1_522' title='bbox 3592 2724 3749 2792; x_wconf 76' lang='grc' dir='ltr'><strong>ἄμει-</strong></span> 
     </span>
    </p>
   </div>
   <div class='ocr_carea' id='block_1_74' title="bbox 2175 2807 3748 2886">
    <p class='ocr_par' dir='ltr' id='par_1_74' title="bbox 2175 2807 3748 2886">
     <span class='ocr_line' id='line_1_74' title="bbox 2175 2807 3748 2886; baseline 0.008 -29"><span class='ocrx_word' id='word_1_523' title='bbox 2175 2807 2265 2859; x_wconf 86' lang='grc' dir='ltr'><strong>νόν</strong></span> <span class='ocrx_word' id='word_1_524' title='bbox 2293 2824 2349 2859; x_wconf 85' lang='grc' dir='ltr'><strong>τε</strong></span> <span class='ocrx_word' id='word_1_525' title='bbox 2383 2809 2472 2860; x_wconf 78' lang='grc' dir='ltr'><strong>καὶ</strong></span> <span class='ocrx_word' id='word_1_526' title='bbox 2501 2807 2870 2880; x_wconf 71' lang='grc' dir='ltr'><strong>βεϐαιότερον.</strong></span> <span class='ocrx_word' id='word_1_527' title='bbox 2894 2812 2937 2864; x_wconf 89' lang='grc' dir='ltr'>Τ</span> <span class='ocrx_word' id='word_1_528' title='bbox 2940 2811 2967 2865; x_wconf 77' lang='grc' dir='ltr'>ὸ</span> <span class='ocrx_word' id='word_1_529' title='bbox 3009 2812 3192 2880; x_wconf 82' lang='grc' dir='ltr'><strong>μέντοι</strong></span> <span class='ocrx_word' id='word_1_530' title='bbox 3257 2815 3445 2886; x_wconf 84' lang='grc' dir='ltr'><strong>σχῆμα</strong></span> <span class='ocrx_word' id='word_1_531' title='bbox 3495 2815 3748 2881; x_wconf 79' lang='grc' dir='ltr'><strong>διεξιέναι</strong></span> 
     </span>
    </p>
   </div>
   <div class='ocr_carea' id='block_1_75' title="bbox 2173 2895 3750 2980">
    <p class='ocr_par' dir='ltr' id='par_1_75' title="bbox 2173 2895 3750 2980">
     <span class='ocr_line' id='line_1_75' title="bbox 2173 2895 3750 2980; baseline 0.007 -29"><span class='ocrx_word' id='word_1_532' title='bbox 2173 2895 2284 2952; x_wconf 82' lang='grc' dir='ltr'><strong>οἷόν</strong></span> <span class='ocrx_word' id='word_1_533' title='bbox 2312 2902 2450 2958; x_wconf 78' lang='grc' dir='ltr'><strong>ἐστι.</strong></span> <span class='ocrx_word' id='word_1_534' title='bbox 2479 2902 2768 2972; x_wconf 85' lang='grc' dir='ltr'><strong>περίεργον</strong></span> <span class='ocrx_word' id='word_1_535' title='bbox 2791 2905 2941 2972; x_wconf 79' lang='grc' dir='ltr'><strong>μέντ’</strong></span> <span class='ocrx_word' id='word_1_536' title='bbox 2973 2907 3041 2960; x_wconf 80' lang='grc' dir='ltr'><strong>ἂν</strong></span> <span class='ocrx_word' id='word_1_537' title='bbox 3089 2909 3198 2977; x_wconf 76' lang='grc' dir='ltr'><strong>εἴη,</strong></span> <span class='ocrx_word' id='word_1_538' title='bbox 3254 2913 3390 2964; x_wconf 79' lang='grc' dir='ltr'><strong>πᾶσι</strong></span> <span class='ocrx_word' id='word_1_539' title='bbox 3443 2911 3750 2980; x_wconf 81' lang='grc' dir='ltr'><strong>καθορῶσιν</strong></span> 
     </span>
    </p>
   </div>
   <div class='ocr_carea' id='block_1_76' title="bbox 2178 2992 3753 3078">
    <p class='ocr_par' dir='ltr' id='par_1_76' title="bbox 2178 2992 3753 3078">
     <span class='ocr_line' id='line_1_76' title="bbox 2178 2992 3753 3078; baseline 0.008 -32"><span class='ocrx_word' id='word_1_540' title='bbox 2178 2994 2489 3062; x_wconf 80' lang='grc' dir='ltr'><strong>ἁπανταχῆ.</strong></span> <span class='ocrx_word' id='word_1_541' title='bbox 2540 2992 2849 3066; x_wconf 81' lang='grc' dir='ltr'><strong>Ἐπίμηκες</strong></span> <span class='ocrx_word' id='word_1_542' title='bbox 2886 2998 2928 3050; x_wconf 87' lang='grc' dir='ltr'><strong>δ’</strong></span> <span class='ocrx_word' id='word_1_543' title='bbox 2965 2999 3045 3064; x_wconf 83' lang='grc' dir='ltr'><strong>ὃν,</strong></span> <span class='ocrx_word' id='word_1_544' title='bbox 3076 3001 3200 3055; x_wconf 78' lang='grc' dir='ltr'><strong>ὅσον</strong></span> <span class='ocrx_word' id='word_1_545' title='bbox 3217 3002 3262 3055; x_wconf 83' lang='grc' dir='ltr'><strong>δ’</strong></span> <span class='ocrx_word' id='word_1_546' title='bbox 3295 3002 3363 3056; x_wconf 81' lang='grc' dir='ltr'><strong>ἂν</strong></span> <span class='ocrx_word' id='word_1_547' title='bbox 3415 3003 3498 3073; x_wconf 78' lang='grc' dir='ltr'><strong>εἴη</strong></span> <span class='ocrx_word' id='word_1_548' title='bbox 3550 3007 3753 3078; x_wconf 67' lang='grc' dir='ltr'><strong>ἐπιμη-</strong></span> 
     </span>
    </p>
   </div>
   <div class='ocr_carea' id='block_1_77' title="bbox 2176 3088 3748 3164">
    <p class='ocr_par' dir='ltr' id='par_1_77' title="bbox 2176 3088 3748 3164">
     <span class='ocr_line' id='line_1_77' title="bbox 2176 3088 3748 3164; baseline 0.009 -24"><span class='ocrx_word' id='word_1_549' title='bbox 2176 3088 2452 3157; x_wconf 85' lang='grc' dir='ltr'><strong>κέστερον,</strong></span> <span class='ocrx_word' id='word_1_550' title='bbox 2487 3089 2732 3160; x_wconf 84' lang='grc' dir='ltr'><strong>τοσούτῳ</strong></span> <span class='ocrx_word' id='word_1_551' title='bbox 2771 3093 2865 3146; x_wconf 72' lang='grc' dir='ltr'><strong>ἐπὶ</strong></span> <span class='ocrx_word' id='word_1_552' title='bbox 2899 3096 3165 3163; x_wconf 72' lang='grc' dir='ltr'><strong>μήκιστον</strong></span> <span class='ocrx_word' id='word_1_553' title='bbox 3193 3097 3389 3164; x_wconf 81' lang='grc' dir='ltr'><strong>ἀφίησι</strong></span> <span class='ocrx_word' id='word_1_554' title='bbox 3436 3099 3526 3153; x_wconf 75' lang='grc' dir='ltr'><strong>τὸν</strong></span> <span class='ocrx_word' id='word_1_555' title='bbox 3555 3099 3702 3154; x_wconf 85' lang='grc' dir='ltr'><strong>λίθον</strong></span> <span class='ocrx_word' id='word_1_556' title='bbox 3729 3119 3748 3134; x_wconf 75' lang='grc' dir='ltr'><strong>ο</strong></span> 
     </span>
    </p>
   </div>
   <div class='ocr_carea' id='block_1_78' title="bbox 2172 3181 3752 3262">
    <p class='ocr_par' dir='ltr' id='par_1_78' title="bbox 2172 3181 3752 3262">
     <span class='ocr_line' id='line_1_78' title="bbox 2172 3181 3752 3262; baseline 0.01 -30"><span class='ocrx_word' id='word_1_557' title='bbox 2172 3181 2300 3233; x_wconf 80' lang='grc' dir='ltr'><strong>ὥστ’</strong></span> <span class='ocrx_word' id='word_1_558' title='bbox 2326 3181 2392 3235; x_wconf 83' lang='grc' dir='ltr'><strong>ἂν</strong></span> <span class='ocrx_word' id='word_1_559' title='bbox 2418 3183 2672 3248; x_wconf 83' lang='grc' dir='ltr'><strong>γενέσθαι</strong></span> <span class='ocrx_word' id='word_1_560' title='bbox 2702 3187 2993 3256; x_wconf 76' lang='grc' dir='ltr'><strong>τηλέθολον</strong></span> <span class='ocrx_word' id='word_1_561' title='bbox 3113 3190 3450 3260; x_wconf 66' lang='grc' dir='ltr'><strong>ἐπυθόμεθα,</strong></span> <span class='ocrx_word' id='word_1_562' title='bbox 3519 3195 3752 3262; x_wconf 72' lang='grc' dir='ltr'><strong>ἀφιέντα</strong></span> 
     </span>
    </p>
   </div>
   <div class='ocr_carea' id='block_1_79' title="bbox 2169 3274 3750 3358">
    <p class='ocr_par' dir='ltr' id='par_1_79' title="bbox 2169 3274 3750 3358">
     <span class='ocr_line' id='line_1_79' title="bbox 2169 3274 3750 3358; baseline 0.011 -32"><span class='ocrx_word' id='word_1_563' title='bbox 2169 3275 2260 3327; x_wconf 84' lang='grc' dir='ltr'><strong>τὸν</strong></span> <span class='ocrx_word' id='word_1_564' title='bbox 2278 3274 2423 3328; x_wconf 80' lang='grc' dir='ltr'><strong>λίθον</strong></span> <span class='ocrx_word' id='word_1_565' title='bbox 2452 3277 2547 3329; x_wconf 75' lang='grc' dir='ltr'><strong>ἐπὶ</strong></span> <span class='ocrx_word' id='word_1_566' title='bbox 2575 3277 2953 3349; x_wconf 77' lang='grc' dir='ltr'><strong>ἑϐδομήκοντα</strong></span> <span class='ocrx_word' id='word_1_567' title='bbox 2995 3283 3264 3347; x_wconf 78' lang='grc' dir='ltr'><strong>σταδίους,</strong></span> <span class='ocrx_word' id='word_1_568' title='bbox 3318 3286 3478 3358; x_wconf 78' lang='grc' dir='ltr'><strong>πέριξ</strong></span> <span class='ocrx_word' id='word_1_569' title='bbox 3533 3289 3750 3354; x_wconf 79' lang='grc' dir='ltr'><strong>σειομέ-</strong></span> 
     </span>
    </p>
   </div>
   <div class='ocr_carea' id='block_1_80' title="bbox 2170 3369 3747 3451">
    <p class='ocr_par' dir='ltr' id='par_1_80' title="bbox 2170 3369 3747 3451">
     <span class='ocr_line' id='line_1_80' title="bbox 2170 3369 3747 3451; baseline 0.009 -31"><span class='ocrx_word' id='word_1_570' title='bbox 2170 3384 2274 3438; x_wconf 81' lang='grc' dir='ltr'><strong>νην</strong></span> <span class='ocrx_word' id='word_1_571' title='bbox 2299 3369 2396 3438; x_wconf 73' lang='grc' dir='ltr'><strong>τὴν</strong></span> <span class='ocrx_word' id='word_1_572' title='bbox 2424 3371 2528 3438; x_wconf 85' lang='grc' dir='ltr'><strong>γῆν</strong></span> <span class='ocrx_word' id='word_1_573' title='bbox 2559 3373 2684 3424; x_wconf 86' lang='grc' dir='ltr'><strong>κατ’</strong></span> <span class='ocrx_word' id='word_1_574' title='bbox 2715 3372 2886 3442; x_wconf 71' lang='grc' dir='ltr'><strong>ἄμφω</strong></span> <span class='ocrx_word' id='word_1_575' title='bbox 2923 3374 3002 3428; x_wconf 87' lang='grc' dir='ltr'><strong>τὼ</strong></span> <span class='ocrx_word' id='word_1_576' title='bbox 3033 3376 3399 3448; x_wconf 86' lang='grc' dir='ltr'><strong>διαστήματε.</strong></span> <span class='ocrx_word' id='word_1_577' title='bbox 3439 3383 3601 3435; x_wconf 81' lang='grc' dir='ltr'><strong>Δοκεῖ</strong></span> <span class='ocrx_word' id='word_1_578' title='bbox 3623 3382 3668 3433; x_wconf 77' lang='grc' dir='ltr'><strong>δ’</strong></span> <span class='ocrx_word' id='word_1_579' title='bbox 3713 3383 3747 3451; x_wconf 81' lang='grc' dir='ltr'><strong>ή</strong></span> 
     </span>
    </p>
   </div>
   <div class='ocr_carea' id='block_1_81' title="bbox 2169 3459 3722 3544">
    <p class='ocr_par' dir='ltr' id='par_1_81' title="bbox 2169 3459 3722 3544">
     <span class='ocr_line' id='line_1_81' title="bbox 2169 3459 3722 3544; baseline 0.012 -33"><span class='ocrx_word' id='word_1_580' title='bbox 2169 3459 2263 3514; x_wconf 81' lang='grc' dir='ltr'>τοῦ</span> <span class='ocrx_word' id='word_1_581' title='bbox 2291 3461 2459 3532; x_wconf 68' lang='grc' dir='ltr'><strong>πυρὸς</strong></span> <span class='ocrx_word' id='word_1_582' title='bbox 2493 3463 2633 3534; x_wconf 79' lang='grc' dir='ltr'><strong>αὕτη</strong></span> <span class='ocrx_word' id='word_1_583' title='bbox 2666 3465 2901 3536; x_wconf 81' lang='grc' dir='ltr'><strong>δύναμις</strong></span> <span class='ocrx_word' id='word_1_584' title='bbox 2962 3469 3055 3521; x_wconf 82' lang='grc' dir='ltr'><strong>τόν</strong></span> <span class='ocrx_word' id='word_1_585' title='bbox 3107 3486 3168 3522; x_wconf 85' lang='grc' dir='ltr'><strong>τε</strong></span> <span class='ocrx_word' id='word_1_586' title='bbox 3217 3471 3389 3540; x_wconf 78' lang='grc' dir='ltr'><strong>ψόφον</strong></span> <span class='ocrx_word' id='word_1_587' title='bbox 3443 3475 3722 3544; x_wconf 80' lang='grc' dir='ltr'><strong>ἁπεργάζε</strong></span> 
     </span>
    </p>
   </div>
   <div class='ocr_carea' id='block_1_82' title="bbox 2171 3553 3745 3636">
    <p class='ocr_par' dir='ltr' id='par_1_82' title="bbox 2171 3553 3745 3636">
     <span class='ocr_line' id='line_1_82' title="bbox 2171 3553 3745 3636; baseline 0.011 -32"><span class='ocrx_word' id='word_1_588' title='bbox 2171 3553 2316 3616; x_wconf 83' lang='grc' dir='ltr'><strong>σθαι,</strong></span> <span class='ocrx_word' id='word_1_589' title='bbox 2341 3555 2431 3607; x_wconf 74' lang='grc' dir='ltr'><strong>καὶ</strong></span> <span class='ocrx_word' id='word_1_590' title='bbox 2462 3558 2562 3624; x_wconf 79' lang='grc' dir='ltr'><strong>τὴν</strong></span> <span class='ocrx_word' id='word_1_591' title='bbox 2596 3559 2789 3628; x_wconf 72' lang='grc' dir='ltr'><strong>φορὰν,</strong></span> <span class='ocrx_word' id='word_1_592' title='bbox 2826 3555 2904 3631; x_wconf 80' lang='grc' dir='ltr'><strong>ᾖό</strong></span> <span class='ocrx_word' id='word_1_593' title='bbox 2939 3561 3086 3624; x_wconf 83' lang='grc' dir='ltr'><strong>λίθος</strong></span> <span class='ocrx_word' id='word_1_594' title='bbox 3127 3563 3374 3634; x_wconf 85' lang='grc' dir='ltr'><strong>φέρεται.</strong></span> <span class='ocrx_word' id='word_1_595' title='bbox 3407 3567 3745 3636; x_wconf 75' lang='grc' dir='ltr'><strong>Βιαζόμενον</strong></span> 
     </span>
    </p>
   </div>
   <div class='ocr_carea' id='block_1_83' title="bbox 2166 3647 3746 3728">
    <p class='ocr_par' dir='ltr' id='par_1_83' title="bbox 2166 3647 3746 3728">
     <span class='ocr_line' id='line_1_83' title="bbox 2166 3647 3746 3728; baseline 0.011 -31"><span class='ocrx_word' id='word_1_596' title='bbox 2166 3647 2276 3715; x_wconf 77' lang='grc' dir='ltr'><strong>γὰρ</strong></span> <span class='ocrx_word' id='word_1_597' title='bbox 2298 3648 2358 3698; x_wconf 79' lang='grc' dir='ltr'><strong>τὸ</strong></span> <span class='ocrx_word' id='word_1_598' title='bbox 2392 3653 2652 3718; x_wconf 74' lang='grc' dir='ltr'><strong>στοιχεῖον</strong></span> <span class='ocrx_word' id='word_1_599' title='bbox 2683 3652 2860 3717; x_wconf 82' lang='grc' dir='ltr'><strong>τοῦτο,</strong></span> <span class='ocrx_word' id='word_1_600' title='bbox 2903 3654 3175 3725; x_wconf 76' lang='grc' dir='ltr'><strong>πάμμεγα</strong></span> <span class='ocrx_word' id='word_1_601' title='bbox 3241 3657 3336 3709; x_wconf 79' lang='grc' dir='ltr'><strong>καὶ</strong></span> <span class='ocrx_word' id='word_1_602' title='bbox 3374 3657 3656 3728; x_wconf 87' lang='grc' dir='ltr'><strong>δαιμόνιόν</strong></span> <span class='ocrx_word' id='word_1_603' title='bbox 3693 3679 3746 3715; x_wconf 87' lang='grc' dir='ltr'><strong>τι</strong></span> 
     </span>
    </p>
   </div>
   <div class='ocr_carea' id='block_1_84' title="bbox 2156 3737 3749 3822">
    <p class='ocr_par' dir='ltr' id='par_1_84' title="bbox 2156 3737 3749 3822">
     <span class='ocr_line' id='line_1_84' title="bbox 2156 3737 3749 3822; baseline 0.009 -31"><span class='ocrx_word' id='word_1_604' title='bbox 2156 3739 2427 3794; x_wconf 71' lang='grc' dir='ltr'><strong>δύνασθαι</strong></span> <span class='ocrx_word' id='word_1_605' title='bbox 2457 3741 2622 3806; x_wconf 82' lang='grc' dir='ltr'><strong>δοκεῖ,</strong></span> <span class='ocrx_word' id='word_1_606' title='bbox 2717 3745 2780 3814; x_wconf 82' lang='grc' dir='ltr'><strong>δὴ</strong></span> <span class='ocrx_word' id='word_1_607' title='bbox 2803 3746 2896 3797; x_wconf 77' lang='grc' dir='ltr'><strong>καὶ</strong></span> <span class='ocrx_word' id='word_1_608' title='bbox 2927 3747 3018 3799; x_wconf 82' lang='grc' dir='ltr'><strong>τὸν</strong></span> <span class='ocrx_word' id='word_1_609' title='bbox 3076 3750 3318 3818; x_wconf 74' lang='grc' dir='ltr'><strong>σκηπτὸν</strong></span> <span class='ocrx_word' id='word_1_610' title='bbox 3369 3751 3749 3822; x_wconf 77' lang='grc' dir='ltr'><strong>ἀπεργάζεται</strong></span> 
     </span>
    </p>
   </div>
   <div class='ocr_carea' id='block_1_85' title="bbox 2166 3830 3750 3913">
    <p class='ocr_par' dir='ltr' id='par_1_85' title="bbox 2166 3830 3750 3913">
     <span class='ocr_line' id='line_1_85' title="bbox 2166 3830 3750 3913; baseline 0.009 -30"><span class='ocrx_word' id='word_1_611' title='bbox 2166 3831 2230 3884; x_wconf 79' lang='grc' dir='ltr'><strong>τὸ</strong></span> <span class='ocrx_word' id='word_1_612' title='bbox 2259 3830 2500 3901; x_wconf 73' lang='grc' dir='ltr'><strong>πνεῦμα,</strong></span> <span class='ocrx_word' id='word_1_613' title='bbox 2532 3835 2612 3898; x_wconf 82' lang='grc' dir='ltr'><strong>εἰς</strong></span> <span class='ocrx_word' id='word_1_614' title='bbox 2638 3836 2697 3888; x_wconf 76' lang='grc' dir='ltr'><strong>τὸ</strong></span> <span class='ocrx_word' id='word_1_615' title='bbox 2729 3835 2842 3906; x_wconf 72' lang='grc' dir='ltr'><strong>πῦρ</strong></span> <span class='ocrx_word' id='word_1_616' title='bbox 2881 3839 3237 3906; x_wconf 80' lang='grc' dir='ltr'><strong>μεταϐάλλον.</strong></span> <span class='ocrx_word' id='word_1_617' title='bbox 3268 3841 3392 3894; x_wconf 74' lang='grc' dir='ltr'><strong>Εἴτε</strong></span> <span class='ocrx_word' id='word_1_618' title='bbox 3443 3845 3542 3913; x_wconf 77' lang='grc' dir='ltr'><strong>μὲν</strong></span> <span class='ocrx_word' id='word_1_619' title='bbox 3573 3845 3666 3900; x_wconf 80' lang='grc' dir='ltr'><strong>οὖν</strong></span> <span class='ocrx_word' id='word_1_620' title='bbox 3687 3846 3750 3898; x_wconf 77' lang='grc' dir='ltr'><strong>τὸ</strong></span> 
     </span>
    </p>
   </div>
   <div class='ocr_carea' id='block_1_86' title="bbox 2171 3926 3750 4005">
    <p class='ocr_par' dir='ltr' id='par_1_86' title="bbox 2171 3926 3750 4005">
     <span class='ocr_line' id='line_1_86' title="bbox 2171 3926 3750 4005; baseline 0.009 -28"><span class='ocrx_word' id='word_1_621' title='bbox 2171 3926 2244 3996; x_wconf 81' lang='grc' dir='ltr'><strong>μὴ</strong></span> <span class='ocrx_word' id='word_1_622' title='bbox 2271 3926 2423 3979; x_wconf 66' lang='grc' dir='ltr'><strong>κενὸν</strong></span> <span class='ocrx_word' id='word_1_623' title='bbox 2459 3929 2890 3998; x_wconf 87' lang='grc' dir='ltr'><strong>συγχωρεῖσθαι,</strong></span> <span class='ocrx_word' id='word_1_624' title='bbox 2916 3931 3006 3985; x_wconf 90' lang='grc' dir='ltr'><strong>τόν</strong></span> <span class='ocrx_word' id='word_1_625' title='bbox 3033 3950 3092 3986; x_wconf 83' lang='grc' dir='ltr'><strong>τε</strong></span> <span class='ocrx_word' id='word_1_626' title='bbox 3136 3933 3310 4003; x_wconf 70' lang='grc' dir='ltr'><strong>ψόφον</strong></span> <span class='ocrx_word' id='word_1_627' title='bbox 3355 3937 3603 4005; x_wconf 84' lang='grc' dir='ltr'><strong>γίνεσθαι</strong></span> <span class='ocrx_word' id='word_1_628' title='bbox 3651 3941 3750 3992; x_wconf 77' lang='grc' dir='ltr'><strong>καὶ</strong></span> 
     </span>
    </p>
   </div>
   <div class='ocr_carea' id='block_1_87' title="bbox 2165 4020 3748 4101">
    <p class='ocr_par' dir='ltr' id='par_1_87' title="bbox 2165 4020 3748 4101">
     <span class='ocr_line' id='line_1_87' title="bbox 2165 4020 3748 4101; baseline 0.009 -31"><span class='ocrx_word' id='word_1_629' title='bbox 2165 4020 2266 4090; x_wconf 82' lang='grc' dir='ltr'><strong>τὴν</strong></span> <span class='ocrx_word' id='word_1_630' title='bbox 2298 4021 2490 4090; x_wconf 70' lang='grc' dir='ltr'><strong>φορὰν,</strong></span> <span class='ocrx_word' id='word_1_631' title='bbox 2520 4023 2629 4075; x_wconf 74' lang='grc' dir='ltr'><strong>εἴτε</strong></span> <span class='ocrx_word' id='word_1_632' title='bbox 2663 4022 2833 4094; x_wconf 82' lang='grc' dir='ltr'><strong>ταὺτῃ</strong></span> <span class='ocrx_word' id='word_1_633' title='bbox 2856 4024 2951 4077; x_wconf 79' lang='grc' dir='ltr'><strong>τοῦ</strong></span> <span class='ocrx_word' id='word_1_634' title='bbox 3003 4027 3173 4101; x_wconf 72' lang='grc' dir='ltr'><strong>πυρὸς</strong></span> <span class='ocrx_word' id='word_1_635' title='bbox 3213 4029 3503 4100; x_wconf 74' lang='grc' dir='ltr'><strong>τιθεμένου</strong></span> <span class='ocrx_word' id='word_1_636' title='bbox 3533 4034 3597 4101; x_wconf 83' lang='grc' dir='ltr'><strong>τῇ</strong></span> <span class='ocrx_word' id='word_1_637' title='bbox 3655 4033 3748 4084; x_wconf 82' lang='grc' dir='ltr'><strong>δυ-</strong></span> 
     </span>
    </p>
   </div>
   <div class='ocr_carea' id='block_1_88' title="bbox 2166 4098 3752 4204">
    <p class='ocr_par' dir='ltr' id='par_1_88' title="bbox 2166 4098 3752 4204">
     <span class='ocr_line' id='line_1_88' title="bbox 2166 4098 3752 4204; baseline 0.011 -40"><span class='ocrx_word' id='word_1_638' title='bbox 2166 4114 2350 4182; x_wconf 84' lang='grc' dir='ltr'><strong>νάμει,</strong></span> <span class='ocrx_word' id='word_1_639' title='bbox 2391 4115 2614 4170; x_wconf 73' lang='grc' dir='ltr'><strong>ἐπειδὰν</strong></span> <span class='ocrx_word' id='word_1_640' title='bbox 2684 4098 3166 4190; x_wconf 45' lang='grc' dir='ltr'><strong>προσϐιαζόμενονδ</strong></span> <span class='ocrx_word' id='word_1_641' title='bbox 3208 4098 3349 4192; x_wconf 35' lang='grc' dir='ltr'><strong>ὓλης-</strong></span> <span class='ocrx_word' id='word_1_642' title='bbox 3399 4098 3752 4204; x_wconf 40' lang='grc' dir='ltr'><strong>ἐπιλάθηται,</strong></span> 
     </span>
    </p>
   </div>
   <div class='ocr_carea' id='block_1_89' title="bbox 2167 4208 3740 4289">
    <p class='ocr_par' dir='ltr' id='par_1_89' title="bbox 2167 4208 3740 4289">
     <span class='ocr_line' id='line_1_89' title="bbox 2167 4208 3740 4289; baseline 0.01 -29"><span class='ocrx_word' id='word_1_643' title='bbox 2167 4208 2378 4276; x_wconf 73' lang='grc' dir='ltr'><strong>ἀνάγκη</strong></span> <span class='ocrx_word' id='word_1_644' title='bbox 2407 4208 2582 4263; x_wconf 82' lang='grc' dir='ltr'><strong>ταῦτα</strong></span> <span class='ocrx_word' id='word_1_645' title='bbox 2605 4211 3054 4282; x_wconf 74' lang='grc' dir='ltr'><strong>ἀπεργαζόμενον</strong></span> <span class='ocrx_word' id='word_1_646' title='bbox 3114 4219 3287 4287; x_wconf 76' lang='grc' dir='ltr'><strong>[σχειν</strong></span> <span class='ocrx_word' id='word_1_647' title='bbox 3345 4220 3512 4289; x_wconf 78' lang='grc' dir='ltr'><strong>ἄμφω</strong></span> <span class='ocrx_word' id='word_1_648' title='bbox 3549 4221 3740 4276; x_wconf 80' lang='grc' dir='ltr'><strong>ταῦτα.</strong></span> 
     </span>
    </p>
   </div>
   <div class='ocr_carea' id='block_1_90' title="bbox 2167 4302 3745 4384">
    <p class='ocr_par' dir='ltr' id='par_1_90' title="bbox 2167 4302 3745 4384">
     <span class='ocr_line' id='line_1_90' title="bbox 2167 4302 3745 4384; baseline 0.01 -32"><span class='ocrx_word' id='word_1_649' title='bbox 2167 4305 2324 4354; x_wconf 86' lang='grc' dir='ltr'><strong>Δοκεῖ</strong></span> <span class='ocrx_word' id='word_1_650' title='bbox 2343 4302 2400 4354; x_wconf 79' lang='grc' dir='ltr'><strong>δὲ</strong></span> <span class='ocrx_word' id='word_1_651' title='bbox 2421 4302 2518 4355; x_wconf 78' lang='grc' dir='ltr'><strong>τοῦ</strong></span> <span class='ocrx_word' id='word_1_652' title='bbox 2551 4304 2729 4373; x_wconf 78' lang='grc' dir='ltr'><strong>πυρὸς</strong></span> <span class='ocrx_word' id='word_1_653' title='bbox 2751 4306 2851 4375; x_wconf 81' lang='grc' dir='ltr'><strong>τὴν</strong></span> <span class='ocrx_word' id='word_1_654' title='bbox 2885 4305 3115 4378; x_wconf 81' lang='grc' dir='ltr'><strong>δύναμιν</strong></span> <span class='ocrx_word' id='word_1_655' title='bbox 3162 4307 3303 4364; x_wconf 78' lang='grc' dir='ltr'><strong>εἶναι</strong></span> <span class='ocrx_word' id='word_1_656' title='bbox 3351 4313 3556 4384; x_wconf 87' lang='grc' dir='ltr'><strong>ταύτην</strong></span> <span class='ocrx_word' id='word_1_657' title='bbox 3607 4314 3745 4384; x_wconf 82' lang='grc' dir='ltr'><strong>ξύμ-</strong></span> 
     </span>
    </p>
   </div>
   <div class='ocr_carea' id='block_1_91' title="bbox 2167 4392 3746 4474">
    <p class='ocr_par' dir='ltr' id='par_1_91' title="bbox 2167 4392 3746 4474">
     <span class='ocr_line' id='line_1_91' title="bbox 2167 4392 3746 4474; baseline 0.01 -33"><span class='ocrx_word' id='word_1_658' title='bbox 2167 4392 2622 4464; x_wconf 77' lang='grc' dir='ltr'><strong>πασαν,καὶ’τὴν</strong></span> <span class='ocrx_word' id='word_1_659' title='bbox 2657 4394 2806 4448; x_wconf 82' lang='grc' dir='ltr'><strong>κόνιν</strong></span> <span class='ocrx_word' id='word_1_660' title='bbox 2863 4397 3047 4462; x_wconf 82' lang='grc' dir='ltr'><strong>ὀξεῖαν</strong></span> <span class='ocrx_word' id='word_1_661' title='bbox 3109 4405 3445 4470; x_wconf 70' lang='grc' dir='ltr'><strong>πεφυκυῖαν,</strong></span> <span class='ocrx_word' id='word_1_662' title='bbox 3504 4406 3601 4474; x_wconf 83' lang='grc' dir='ltr'><strong>τὴν</strong></span> <span class='ocrx_word' id='word_1_663' title='bbox 3651 4406 3746 4459; x_wconf 79' lang='grc' dir='ltr'><strong>τοῦ</strong></span> 
     </span>
    </p>
   </div>
   <div class='ocr_carea' id='block_1_92' title="bbox 495 4466 2068 4566">
    <p class='ocr_par' dir='ltr' id='par_1_92' title="bbox 495 4466 2062 4535">
     <span class='ocr_line' id='line_1_92' title="bbox 495 4466 2062 4535; baseline 0.003 -15"><span class='ocrx_word' id='word_1_664' title='bbox 495 4470 642 4527; x_wconf 80' lang='lat' dir='ltr'><strong>dam,</strong></span> <span class='ocrx_word' id='word_1_665' title='bbox 681 4479 912 4535; x_wconf 85' lang='lat' dir='ltr'><strong>utraque</strong></span> <span class='ocrx_word' id='word_1_666' title='bbox 945 4468 1049 4520; x_wconf 89' lang='lat' dir='ltr'><strong>ista</strong></span> <span class='ocrx_word' id='word_1_667' title='bbox 1107 4475 1370 4534; x_wconf 60' lang='lat' dir='ltr'><strong>praestare</strong></span> <span class='ocrx_word' id='word_1_668' title='bbox 1425 4468 1614 4534; x_wconf 82' lang='lat' dir='ltr'><strong>possit.</strong></span> <span class='ocrx_word' id='word_1_669' title='bbox 1647 4466 1835 4524; x_wconf 79' lang='lat' dir='ltr'><strong>Omnis</strong></span> <span class='ocrx_word' id='word_1_670' title='bbox 1881 4484 2062 4527; x_wconf 83' lang='lat' dir='ltr'><strong>autem</strong></span> 
     </span>
    </p>
   </div>
   <div class='ocr_carea' id='block_1_93' title="bbox 2174 4466 3746 4566">
    <p class='ocr_par' dir='ltr' id='par_1_93' title="bbox 2174 4482 3746 4566">
     <span class='ocr_line' id='line_1_93' title="bbox 2174 4482 3746 4566; baseline 0.011 -33"><span class='ocrx_word' id='word_1_671' title='bbox 2174 4482 2342 4551; x_wconf 75' lang='grc' dir='ltr'><strong>πυρὸς</strong></span> <span class='ocrx_word' id='word_1_672' title='bbox 2366 4484 2621 4554; x_wconf 80' lang='grc' dir='ltr'><strong>δύναμιν,</strong></span> <span class='ocrx_word' id='word_1_673' title='bbox 2655 4487 2744 4542; x_wconf 80' lang='grc' dir='ltr'><strong>διὰ</strong></span> <span class='ocrx_word' id='word_1_674' title='bbox 2777 4487 2870 4542; x_wconf 79' lang='grc' dir='ltr'><strong>τοῦ</strong></span> <span class='ocrx_word' id='word_1_675' title='bbox 2898 4491 3068 4562; x_wconf 73' lang='grc' dir='ltr'><strong>πυρδς</strong></span> <span class='ocrx_word' id='word_1_676' title='bbox 3121 4498 3294 4548; x_wconf 80' lang='grc' dir='ltr'><strong>κινεῖν</strong></span> <span class='ocrx_word' id='word_1_677' title='bbox 3344 4511 3403 4548; x_wconf 87' lang='grc' dir='ltr'><strong>τε</strong></span> <span class='ocrx_word' id='word_1_678' title='bbox 3439 4498 3746 4566; x_wconf 76' lang='grc' dir='ltr'><strong>ἀμήχανον,</strong></span> 
     </span>
    </p>
   </div>
   <div class='ocr_carea' id='block_1_94' title="bbox 497 4561 2064 4629">
    <p class='ocr_par' dir='ltr' id='par_1_94' title="bbox 497 4561 2064 4629">
     <span class='ocr_line' id='line_1_94' title="bbox 497 4561 2064 4629; baseline 0.006 -15"><span class='ocrx_word' id='word_1_679' title='bbox 497 4561 599 4614; x_wconf 81' lang='lat' dir='ltr'><strong>ista</strong></span> <span class='ocrx_word' id='word_1_680' title='bbox 628 4563 865 4629; x_wconf 89' lang='lat' dir='ltr'><strong>putentia</strong></span> <span class='ocrx_word' id='word_1_681' title='bbox 899 4561 950 4610; x_wconf 92' lang='lat' dir='ltr'><strong>in</strong></span> <span class='ocrx_word' id='word_1_682' title='bbox 1003 4561 1203 4627; x_wconf 88' lang='lat' dir='ltr'><strong>ignem,</strong></span> <span class='ocrx_word' id='word_1_683' title='bbox 1256 4567 1314 4610; x_wconf 91' lang='grc' dir='ltr'><strong>ιιι</strong></span> <span class='ocrx_word' id='word_1_684' title='bbox 1342 4574 1587 4625; x_wconf 85' lang='lat' dir='ltr'><strong>causam,</strong></span> <span class='ocrx_word' id='word_1_685' title='bbox 1630 4563 1915 4618; x_wconf 85' lang='lat' dir='ltr'><strong>referenda</strong></span> <span class='ocrx_word' id='word_1_686' title='bbox 1963 4578 2064 4622; x_wconf 78' lang='lat' dir='ltr'><strong>est.</strong></span> 
     </span>
    </p>
   </div>
   <div class='ocr_carea' id='block_1_95' title="bbox 2176 4575 2938 4651">
    <p class='ocr_par' dir='ltr' id='par_1_95' title="bbox 2176 4575 2938 4651">
     <span class='ocr_line' id='line_1_95' title="bbox 2176 4575 2938 4651; baseline 0.016 -26"><span class='ocrx_word' id='word_1_687' title='bbox 2176 4576 2269 4626; x_wconf 73' lang='grc' dir='ltr'><strong>καὶ</strong></span> <span class='ocrx_word' id='word_1_688' title='bbox 2328 4575 2544 4646; x_wconf 81' lang='grc' dir='ltr'><strong>βάλλειν</strong></span> <span class='ocrx_word' id='word_1_689' title='bbox 2595 4582 2938 4651; x_wconf 82' lang='grc' dir='ltr'><strong>μακρότατα.</strong></span> 
     </span>
    </p>
   </div>
   <div class='ocr_carea' id='block_1_96' title="bbox 501 4651 3750 4745">
    <p class='ocr_par' dir='ltr' id='par_1_96' title="bbox 501 4651 3750 4745">
     <span class='ocr_line' id='line_1_96' title="bbox 501 4651 3750 4745; baseline 0.008 -33"><span class='ocrx_word' id='word_1_690' title='bbox 501 4653 614 4706; x_wconf 83' lang='lat' dir='ltr'><strong>lluc</strong></span> <span class='ocrx_word' id='word_1_691' title='bbox 643 4652 862 4703; x_wconf 63' lang='lat' dir='ltr'><strong>atldillll&#39;</strong></span> <span class='ocrx_word' id='word_1_692' title='bbox 896 4651 1170 4718; x_wconf 75' lang='grc' dir='ltr'><strong>ειρυῑνίε,</strong></span> <span class='ocrx_word' id='word_1_693' title='bbox 1204 4653 1294 4720; x_wconf 64' lang='lat' dir='ltr'><strong>(illi</strong></span> <span class='ocrx_word' id='word_1_694' title='bbox 1339 4661 1532 4707; x_wconf 69' lang='lat' dir='ltr'><strong>&quot;actus</strong></span> <span class='ocrx_word' id='word_1_695' title='bbox 1564 4664 1650 4708; x_wconf 80' lang='lat' dir='ltr'><strong>est</strong></span> <span class='ocrx_word' id='word_1_696' title='bbox 1692 4658 1830 4726; x_wconf 77' lang='lat' dir='ltr'><strong>ignis</strong></span> <span class='ocrx_word' id='word_1_697' title='bbox 1865 4663 2190 4730; x_wconf 81' lang='lat' dir='ltr'><strong>potentiam,</strong></span> <span class='ocrx_word' id='word_1_698' title='bbox 2260 4667 2637 4727; x_wconf 85' lang='lat' dir='ltr'><strong>intercedente</strong></span> <span class='ocrx_word' id='word_1_699' title='bbox 2710 4673 2856 4745; x_wconf 81' lang='lat' dir='ltr'><strong>igne,</strong></span> <span class='ocrx_word' id='word_1_700' title='bbox 2929 4692 3166 4732; x_wconf 86' lang='lat' dir='ltr'><strong>movere.</strong></span> <span class='ocrx_word' id='word_1_701' title='bbox 3239 4675 3446 4743; x_wconf 80' lang='lat' dir='ltr'><strong>Quibus</strong></span> <span class='ocrx_word' id='word_1_702' title='bbox 3490 4682 3750 4739; x_wconf 90' lang='lat' dir='ltr'><strong>omnibus</strong></span> 
     </span>
    </p>
   </div>
   <div class='ocr_carea' id='block_1_97' title="bbox 495 4743 2619 4830">
    <p class='ocr_par' dir='ltr' id='par_1_97' title="bbox 495 4743 2619 4830">
     <span class='ocr_line' id='line_1_97' title="bbox 495 4743 2619 4830; baseline 0.013 -36"><span class='ocrx_word' id='word_1_703' title='bbox 495 4744 823 4811; x_wconf 59' lang='lat' dir='ltr'><strong>conjunctis,</strong></span> <span class='ocrx_word' id='word_1_704' title='bbox 860 4743 915 4795; x_wconf 86' lang='lat' dir='ltr'><strong>fit</strong></span> <span class='ocrx_word' id='word_1_705' title='bbox 946 4753 1003 4796; x_wconf 89' lang='grc' dir='ltr'><strong>ιιι</strong></span> <span class='ocrx_word' id='word_1_706' title='bbox 1033 4744 1192 4809; x_wconf 86' lang='lat' dir='ltr'><strong>lapis,</strong></span> <span class='ocrx_word' id='word_1_707' title='bbox 1229 4747 1342 4798; x_wconf 81' lang='lat' dir='ltr'><strong>sive</strong></span> <span class='ocrx_word' id='word_1_708' title='bbox 1379 4747 1593 4816; x_wconf 81' lang='lat' dir='ltr'><strong>globus,</strong></span> <span class='ocrx_word' id='word_1_709' title='bbox 1627 4751 1680 4804; x_wconf 95' lang='lat' dir='ltr'><strong>in</strong></span> <span class='ocrx_word' id='word_1_710' title='bbox 1716 4761 1918 4808; x_wconf 85' lang='lat' dir='ltr'><strong>tantam</strong></span> <span class='ocrx_word' id='word_1_711' title='bbox 1947 4758 2341 4827; x_wconf 70' lang='lat' dir='ltr'><strong>lmigituilinem</strong></span> <span class='ocrx_word' id='word_1_712' title='bbox 2367 4765 2619 4830; x_wconf 81' lang='lat' dir='ltr'><strong>jaciatur.</strong></span> 
     </span>
    </p>
   </div>
   <div class='ocr_carea' id='block_1_98' title="bbox 566 4835 2065 4914">
    <p class='ocr_par' dir='ltr' id='par_1_98' title="bbox 566 4835 2065 4914">
     <span class='ocr_line' id='line_1_98' title="bbox 566 4835 2065 4914; baseline 0.01 -25"><span class='ocrx_word' id='word_1_713' title='bbox 566 4841 854 4890; x_wconf 72' lang='lat' dir='ltr'><strong>Atnurates</strong></span> <span class='ocrx_word' id='word_1_714' title='bbox 886 4837 1054 4905; x_wconf 82' lang='lat' dir='ltr'><strong>igitur</strong></span> <span class='ocrx_word' id='word_1_715' title='bbox 1087 4835 1404 4893; x_wconf 84' lang='lat' dir='ltr'><strong>Mecltmetis</strong></span> <span class='ocrx_word' id='word_1_716' title='bbox 1433 4841 1599 4907; x_wconf 83' lang='lat' dir='ltr'><strong>filius,</strong></span> <span class='ocrx_word' id='word_1_717' title='bbox 1620 4860 1910 4914; x_wconf 80' lang='lat' dir='ltr'><strong>aggressus</strong></span> <span class='ocrx_word' id='word_1_718' title='bbox 1945 4867 2065 4903; x_wconf 86' lang='grc' dir='ltr'>ιιιιι-</span> 
     </span>
    </p>
   </div>
   <div class='ocr_carea' id='block_1_99' title="bbox 499 4931 2061 5007">
    <p class='ocr_par' dir='ltr' id='par_1_99' title="bbox 499 4931 2061 5007">
     <span class='ocr_line' id='line_1_99' title="bbox 499 4931 2061 5007; baseline 0.01 -23"><span class='ocrx_word' id='word_1_719' title='bbox 499 4948 638 4993; x_wconf 75' lang='grc' dir='ltr'>τιιιιι,</span> <span class='ocrx_word' id='word_1_720' title='bbox 681 4931 878 4999; x_wconf 77' lang='lat' dir='ltr'><strong>ubique</strong></span> <span class='ocrx_word' id='word_1_721' title='bbox 903 4931 1141 4985; x_wconf 67' lang='lat' dir='ltr'><strong>ailmotis</strong></span> <span class='ocrx_word' id='word_1_722' title='bbox 1174 4931 1490 4990; x_wconf 88' lang='lat' dir='ltr'><strong>bombardis</strong></span> <span class='ocrx_word' id='word_1_723' title='bbox 1513 4947 1562 4990; x_wconf 88' lang='lat' dir='ltr'><strong>et</strong></span> <span class='ocrx_word' id='word_1_724' title='bbox 1602 4939 1723 4993; x_wconf 90' lang='lat' dir='ltr'><strong>allis</strong></span> <span class='ocrx_word' id='word_1_725' title='bbox 1773 4931 2061 5007; x_wconf 81' lang='lat' dir='ltr'><strong>machinis.</strong></span> 
     </span>
    </p>
   </div>
   <div class='ocr_carea' id='block_1_100' title="bbox 496 5025 2066 5092">
    <p class='ocr_par' dir='ltr' id='par_1_100' title="bbox 496 5025 2066 5092">
     <span class='ocr_line' id='line_1_100' title="bbox 496 5025 2066 5092; baseline 0.009 -15"><span class='ocrx_word' id='word_1_726' title='bbox 496 5039 848 5090; x_wconf 77' lang='lat' dir='ltr'><strong>eumeapere</strong></span> <span class='ocrx_word' id='word_1_727' title='bbox 909 5025 1212 5079; x_wconf 87' lang='lat' dir='ltr'><strong>nitebatur.</strong></span> <span class='ocrx_word' id='word_1_728' title='bbox 1268 5025 1544 5083; x_wconf 69' lang='grc' dir='ltr'><strong>Λιϐιτωοὶ</strong></span> <span class='ocrx_word' id='word_1_729' title='bbox 1603 5036 1804 5087; x_wconf 77' lang='lat' dir='ltr'><strong>tnmnia</strong></span> <span class='ocrx_word' id='word_1_730' title='bbox 1851 5037 2066 5092; x_wconf 83' lang='lat' dir='ltr'><strong>fortiter</strong></span> 
     </span>
    </p>
   </div>
   <div class='ocr_carea' id='block_1_101' title="bbox 495 5116 2060 5200">
    <p class='ocr_par' dir='ltr' id='par_1_101' title="bbox 495 5116 2060 5200">
     <span class='ocr_line' id='line_1_101' title="bbox 495 5116 2060 5200; baseline 0.01 -30"><span class='ocrx_word' id='word_1_731' title='bbox 495 5118 878 5180; x_wconf 77' lang='lat' dir='ltr'><strong>defendebant,</strong></span> <span class='ocrx_word' id='word_1_732' title='bbox 904 5118 970 5170; x_wconf 81' lang='lat' dir='ltr'><strong>tle</strong></span> <span class='ocrx_word' id='word_1_733' title='bbox 992 5117 1156 5171; x_wconf 84' lang='lat' dir='ltr'><strong>scalis</strong></span> <span class='ocrx_word' id='word_1_734' title='bbox 1175 5116 1532 5176; x_wconf 86' lang='lat' dir='ltr'><strong>deturbantes</strong></span> <span class='ocrx_word' id='word_1_735' title='bbox 1554 5130 1871 5192; x_wconf 75' lang='lat' dir='ltr'><strong>peregrinos</strong></span> <span class='ocrx_word' id='word_1_736' title='bbox 1897 5133 2060 5200; x_wconf 82' lang='lat' dir='ltr'><strong>regis.</strong></span> 
     </span>
    </p>
   </div>
   <div class='ocr_carea' id='block_1_102' title="bbox 497 5210 2092 5280">
    <p class='ocr_par' dir='ltr' id='par_1_102' title="bbox 497 5210 2092 5280">
     <span class='ocr_line' id='line_1_102' title="bbox 497 5210 2092 5280; baseline 0.005 -16"><span class='ocrx_word' id='word_1_737' title='bbox 497 5213 722 5277; x_wconf 80' lang='lat' dir='ltr'><strong>Quidam</strong></span> <span class='ocrx_word' id='word_1_738' title='bbox 747 5210 1046 5278; x_wconf 84' lang='lat' dir='ltr'><strong>amputatis</strong></span> <span class='ocrx_word' id='word_1_739' title='bbox 1069 5211 1338 5280; x_wconf 81' lang='lat' dir='ltr'><strong>capitibus</strong></span> <span class='ocrx_word' id='word_1_740' title='bbox 1368 5214 1797 5271; x_wconf 80' lang='lat' dir='ltr'><strong>devolvebantur</strong></span> <span class='ocrx_word' id='word_1_741' title='bbox 1820 5219 1886 5272; x_wconf 84' lang='lat' dir='ltr'><strong>ad</strong></span> <span class='ocrx_word' id='word_1_742' title='bbox 1913 5237 2062 5277; x_wconf 83' lang='lat' dir='ltr'><strong>suos.</strong></span> <span class='ocrx_word' id='word_1_743' title='bbox 2081 5234 2092 5246; x_wconf 54' lang='grc' dir='ltr'><strong>κ</strong></span> 
     </span>
    </p>
   </div>
   <div class='ocr_carea' id='block_1_103' title="bbox 499 5301 2065 5366">
    <p class='ocr_par' dir='ltr' id='par_1_103' title="bbox 499 5301 2065 5366">
     <span class='ocr_line' id='line_1_103' title="bbox 499 5301 2065 5366; baseline 0.008 -13"><span class='ocrx_word' id='word_1_744' title='bbox 499 5305 784 5355; x_wconf 71' lang='lat' dir='ltr'><strong>Atnurates</strong></span> <span class='ocrx_word' id='word_1_745' title='bbox 815 5319 935 5355; x_wconf 79' lang='lat' dir='ltr'><strong>eum</strong></span> <span class='ocrx_word' id='word_1_746' title='bbox 965 5301 1101 5354; x_wconf 84' lang='lat' dir='ltr'><strong>nihil</strong></span> <span class='ocrx_word' id='word_1_747' title='bbox 1156 5302 1415 5366; x_wconf 71' lang='lat' dir='ltr'><strong>efficeret,</strong></span> <span class='ocrx_word' id='word_1_748' title='bbox 1450 5304 1573 5360; x_wconf 88' lang='lat' dir='ltr'><strong>licet</strong></span> <span class='ocrx_word' id='word_1_749' title='bbox 1614 5313 1790 5360; x_wconf 79' lang='lat' dir='ltr'><strong>oiunia</strong></span> <span class='ocrx_word' id='word_1_750' title='bbox 1832 5321 2065 5366; x_wconf 85' lang='lat' dir='ltr'><strong>tentaret</strong></span> 
     </span>
    </p>
   </div>
   <div class='ocr_carea' id='block_1_104' title="bbox 495 5389 2065 5461">
    <p class='ocr_par' dir='ltr' id='par_1_104' title="bbox 495 5389 2065 5461">
     <span class='ocr_line' id='line_1_104' title="bbox 495 5389 2065 5461; baseline 0.009 -20"><span class='ocrx_word' id='word_1_751' title='bbox 495 5407 612 5460; x_wconf 79' lang='lat' dir='ltr'><strong>qua:</strong></span> <span class='ocrx_word' id='word_1_752' title='bbox 643 5392 708 5443; x_wconf 87' lang='lat' dir='ltr'><strong>ad</strong></span> <span class='ocrx_word' id='word_1_753' title='bbox 749 5391 936 5444; x_wconf 90' lang='lat' dir='ltr'><strong>urbem</strong></span> <span class='ocrx_word' id='word_1_754' title='bbox 974 5389 1294 5459; x_wconf 86' lang='lat' dir='ltr'><strong>capiendam</strong></span> <span class='ocrx_word' id='word_1_755' title='bbox 1331 5393 1688 5461; x_wconf 86' lang='lat' dir='ltr'><strong>pertinerent,</strong></span> <span class='ocrx_word' id='word_1_756' title='bbox 1732 5399 1952 5453; x_wconf 89' lang='lat' dir='ltr'><strong>tristitia</strong></span> <span class='ocrx_word' id='word_1_757' title='bbox 1982 5402 2065 5455; x_wconf 88' lang='lat' dir='ltr'><strong>af-</strong></span> 
     </span>
    </p>
   </div>
   <div class='ocr_carea' id='block_1_105' title="bbox 499 5481 2062 5561">
    <p class='ocr_par' dir='ltr' id='par_1_105' title="bbox 499 5481 2062 5561">
     <span class='ocr_line' id='line_1_105' title="bbox 499 5481 2062 5561; baseline 0.009 -24"><span class='ocrx_word' id='word_1_758' title='bbox 499 5486 668 5538; x_wconf 78' lang='lat' dir='ltr'><strong>fectus</strong></span> <span class='ocrx_word' id='word_1_759' title='bbox 705 5492 789 5538; x_wconf 81' lang='lat' dir='ltr'><strong>est</strong></span> <span class='ocrx_word' id='word_1_760' title='bbox 829 5499 843 5537; x_wconf 94' lang='lat'><strong>:</strong></span> <span class='ocrx_word' id='word_1_761' title='bbox 885 5493 939 5537; x_wconf 82' lang='lat' dir='ltr'><strong>et</strong></span> <span class='ocrx_word' id='word_1_762' title='bbox 993 5481 1160 5536; x_wconf 84' lang='lat' dir='ltr'><strong>animi</strong></span> <span class='ocrx_word' id='word_1_763' title='bbox 1214 5485 1434 5550; x_wconf 78' lang='lat' dir='ltr'><strong>anxius,</strong></span> <span class='ocrx_word' id='word_1_764' title='bbox 1491 5503 1660 5556; x_wconf 87' lang='lat' dir='ltr'><strong>usque</strong></span> <span class='ocrx_word' id='word_1_765' title='bbox 1719 5495 1942 5561; x_wconf 84' lang='lat' dir='ltr'><strong>putabat</strong></span> <span class='ocrx_word' id='word_1_766' title='bbox 2003 5513 2062 5551; x_wconf 87' lang='lat' dir='ltr'><strong>se</strong></span> 
     </span>
    </p>
   </div>
   <div class='ocr_carea' id='block_1_106' title="bbox 2245 4857 3750 4938">
    <p class='ocr_par' dir='ltr' id='par_1_106' title="bbox 2245 4857 3750 4938">
     <span class='ocr_line' id='line_1_106' title="bbox 2245 4857 3750 4938; baseline 0.008 -30"><span class='ocrx_word' id='word_1_767' title='bbox 2245 4857 2378 4910; x_wconf 80' lang='grc' dir='ltr'><strong>Τότε</strong></span> <span class='ocrx_word' id='word_1_768' title='bbox 2412 4859 2511 4926; x_wconf 79' lang='grc' dir='ltr'><strong>μὲν</strong></span> <span class='ocrx_word' id='word_1_769' title='bbox 2548 4861 2640 4913; x_wconf 82' lang='grc' dir='ltr'><strong>οὖν</strong></span> <span class='ocrx_word' id='word_1_770' title='bbox 2683 4862 3030 4932; x_wconf 80' lang='grc' dir='ltr'><strong>Ἀμουράτης</strong></span> <span class='ocrx_word' id='word_1_771' title='bbox 3062 4864 3088 4915; x_wconf 86' lang='grc' dir='ltr'><strong>ό</strong></span> <span class='ocrx_word' id='word_1_772' title='bbox 3127 4864 3452 4933; x_wconf 70' lang='grc' dir='ltr'><strong>Μεχμὲτεω,</strong></span> <span class='ocrx_word' id='word_1_773' title='bbox 3517 4871 3750 4938; x_wconf 63' lang='lat' dir='ltr'><strong>vnit-.65-</strong></span> 
     </span>
    </p>
   </div>
   <div class='ocr_carea' id='block_1_107' title="bbox 2174 4947 3748 5031">
    <p class='ocr_par' dir='ltr' id='par_1_107' title="bbox 2174 4947 3748 5031">
     <span class='ocr_line' id='line_1_107' title="bbox 2174 4947 3748 5031; baseline 0.009 -31"><span class='ocrx_word' id='word_1_774' title='bbox 2174 4947 2287 5010; x_wconf 84' lang='grc' dir='ltr'><strong>λοις</strong></span> <span class='ocrx_word' id='word_1_775' title='bbox 2317 4951 2412 5002; x_wconf 74' lang='grc' dir='ltr'><strong>καὶ</strong></span> <span class='ocrx_word' id='word_1_776' title='bbox 2433 4951 2624 5016; x_wconf 79' lang='grc' dir='ltr'><strong>ἄλλαις</strong></span> <span class='ocrx_word' id='word_1_777' title='bbox 2649 4955 2919 5023; x_wconf 76' lang='grc' dir='ltr'><strong>μηχαναῖς</strong></span> <span class='ocrx_word' id='word_1_778' title='bbox 2954 4956 3362 5026; x_wconf 71' lang='grc' dir='ltr'><strong>πειρασέιμενος</strong></span> <span class='ocrx_word' id='word_1_779' title='bbox 3385 4959 3478 5012; x_wconf 81' lang='grc' dir='ltr'><strong>τοῦ</strong></span> <span class='ocrx_word' id='word_1_780' title='bbox 3510 4963 3748 5031; x_wconf 78' lang='grc' dir='ltr'><strong>τείχους,</strong></span> 
     </span>
    </p>
   </div>
   <div class='ocr_carea' id='block_1_108' title="bbox 2173 5041 3751 5120">
    <p class='ocr_par' dir='ltr' id='par_1_108' title="bbox 2173 5041 3751 5120">
     <span class='ocr_line' id='line_1_108' title="bbox 2173 5041 3751 5120; baseline 0.007 -29"><span class='ocrx_word' id='word_1_781' title='bbox 2173 5041 2302 5111; x_wconf 77' lang='grc' dir='ltr'><strong>περὶ</strong></span> <span class='ocrx_word' id='word_1_782' title='bbox 2329 5042 2538 5111; x_wconf 68' lang='grc' dir='ltr'><strong>ἡμέρας</strong></span> <span class='ocrx_word' id='word_1_783' title='bbox 2567 5046 2784 5108; x_wconf 73' lang='grc' dir='ltr'><strong>ἱκανὰς,</strong></span> <span class='ocrx_word' id='word_1_784' title='bbox 2816 5048 3121 5113; x_wconf 77' lang='grc' dir='ltr'><strong>προσέϐαλε</strong></span> <span class='ocrx_word' id='word_1_785' title='bbox 3162 5051 3238 5118; x_wconf 73' lang='grc' dir='ltr'><strong>τῷ</strong></span> <span class='ocrx_word' id='word_1_786' title='bbox 3271 5052 3441 5120; x_wconf 84' lang='grc' dir='ltr'><strong>τείχει</strong></span> <span class='ocrx_word' id='word_1_787' title='bbox 3505 5054 3751 5106; x_wconf 71' lang='grc' dir='ltr'><strong>ἅπαντα-</strong></span> 
     </span>
    </p>
   </div>
   <div class='ocr_carea' id='block_1_109' title="bbox 2172 5134 3749 5214">
    <p class='ocr_par' dir='ltr' id='par_1_109' title="bbox 2172 5134 3749 5214">
     <span class='ocr_line' id='line_1_109' title="bbox 2172 5134 3749 5214; baseline 0.008 -30"><span class='ocrx_word' id='word_1_788' title='bbox 2172 5134 2263 5204; x_wconf 80' lang='grc' dir='ltr'><strong>χῆ,</strong></span> <span class='ocrx_word' id='word_1_789' title='bbox 2307 5138 2400 5187; x_wconf 71' lang='grc' dir='ltr'><strong>καὶ</strong></span> <span class='ocrx_word' id='word_1_790' title='bbox 2452 5137 2593 5188; x_wconf 69' lang='grc' dir='ltr'><strong>ἑλεῖν</strong></span> <span class='ocrx_word' id='word_1_791' title='bbox 2651 5140 2931 5208; x_wconf 82' lang='grc' dir='ltr'><strong>ἐπειρᾶτο.</strong></span> <span class='ocrx_word' id='word_1_792' title='bbox 3009 5141 3432 5214; x_wconf 77' lang='grc' dir='ltr'><strong>Ἐξεκρούσαντο</strong></span> <span class='ocrx_word' id='word_1_793' title='bbox 3477 5147 3532 5198; x_wconf 79' lang='grc' dir='ltr'><strong>δὲ</strong></span> <span class='ocrx_word' id='word_1_794' title='bbox 3583 5146 3749 5198; x_wconf 77' lang='grc' dir='ltr'><strong>αὐτὸν</strong></span> 
     </span>
    </p>
   </div>
   <div class='ocr_carea' id='block_1_110' title="bbox 2173 5219 3747 5306">
    <p class='ocr_par' dir='ltr' id='par_1_110' title="bbox 2173 5229 3747 5306">
     <span class='ocr_line' id='line_1_110' title="bbox 2173 5229 3747 5306; baseline 0.007 -28"><span class='ocrx_word' id='word_1_795' title='bbox 2173 5229 2281 5280; x_wconf 77' lang='grc' dir='ltr'><strong>ἀπό</strong></span> <span class='ocrx_word' id='word_1_796' title='bbox 2310 5245 2368 5280; x_wconf 84' lang='grc' dir='ltr'><strong>τε</strong></span> <span class='ocrx_word' id='word_1_797' title='bbox 2427 5230 2536 5283; x_wconf 74' lang='grc' dir='ltr'><strong>τῶν</strong></span> <span class='ocrx_word' id='word_1_798' title='bbox 2590 5232 2874 5301; x_wconf 82' lang='grc' dir='ltr'><strong>κλιμάκων</strong></span> <span class='ocrx_word' id='word_1_799' title='bbox 2935 5237 3324 5300; x_wconf 79' lang='grc' dir='ltr'><strong>καταϐαλόντες</strong></span> <span class='ocrx_word' id='word_1_800' title='bbox 3369 5239 3418 5291; x_wconf 80' lang='lat' dir='ltr'><strong>ot</strong></span> <span class='ocrx_word' id='word_1_801' title='bbox 3463 5238 3747 5306; x_wconf 77' lang='grc' dir='ltr'><strong>Ἕλληνες,</strong></span> 
     </span>
    </p>
   </div>
   <div class='ocr_carea' id='block_1_111' title="bbox 2171 5318 3746 5402">
    <p class='ocr_par' dir='ltr' id='par_1_111' title="bbox 2171 5318 3746 5402">
     <span class='ocr_line' id='line_1_111' title="bbox 2171 5318 3746 5402; baseline 0.006 -34"><span class='ocrx_word' id='word_1_802' title='bbox 2171 5318 2295 5379; x_wconf 71' lang='grc' dir='ltr'><strong>τοὺς</strong></span> <span class='ocrx_word' id='word_1_803' title='bbox 2327 5319 2589 5388; x_wconf 82' lang='grc' dir='ltr'><strong>βασιλέως</strong></span> <span class='ocrx_word' id='word_1_804' title='bbox 2635 5324 2919 5392; x_wconf 79' lang='grc' dir='ltr'><strong>νεήλυδας.</strong></span> <span class='ocrx_word' id='word_1_805' title='bbox 2963 5327 3072 5379; x_wconf 80' lang='grc' dir='ltr'><strong>Καί</strong></span> <span class='ocrx_word' id='word_1_806' title='bbox 3129 5329 3290 5380; x_wconf 78' lang='grc' dir='ltr'><strong>ἐνίων</strong></span> <span class='ocrx_word' id='word_1_807' title='bbox 3341 5330 3746 5402; x_wconf 74' lang='grc' dir='ltr'><strong>ἀποτεμόμενοι</strong></span> 
     </span>
    </p>
   </div>
   <div class='ocr_carea' id='block_1_112' title="bbox 2169 5411 3747 5490">
    <p class='ocr_par' dir='ltr' id='par_1_112' title="bbox 2169 5411 3747 5490">
     <span class='ocr_line' id='line_1_112' title="bbox 2169 5411 3747 5490; baseline 0.006 -30"><span class='ocrx_word' id='word_1_808' title='bbox 2169 5411 2267 5472; x_wconf 78' lang='grc' dir='ltr'><strong>τὰς</strong></span> <span class='ocrx_word' id='word_1_809' title='bbox 2298 5413 2564 5478; x_wconf 66' lang='grc' dir='ltr'><strong>κεφαλὰς,</strong></span> <span class='ocrx_word' id='word_1_810' title='bbox 2599 5414 3004 5482; x_wconf 80' lang='grc' dir='ltr'><strong>ὀπηνέγκαντο.</strong></span> <span class='ocrx_word' id='word_1_811' title='bbox 3050 5419 3391 5490; x_wconf 78' lang='grc' dir='ltr'><strong>’Λμουράτης</strong></span> <span class='ocrx_word' id='word_1_812' title='bbox 3414 5420 3459 5472; x_wconf 79' lang='grc' dir='ltr'><strong>δ’</strong></span> <span class='ocrx_word' id='word_1_813' title='bbox 3497 5420 3568 5479; x_wconf 76' lang='grc' dir='ltr'><strong>ὡς</strong></span> <span class='ocrx_word' id='word_1_814' title='bbox 3591 5419 3747 5470; x_wconf 69' lang='grc' dir='ltr'><strong>οὐδὲν</strong></span> 
     </span>
    </p>
   </div>
   <div class='ocr_carea' id='block_1_113' title="bbox 2171 5503 3746 5584">
    <p class='ocr_par' dir='ltr' id='par_1_113' title="bbox 2171 5503 3746 5584">
     <span class='ocr_line' id='line_1_113' title="bbox 2171 5503 3746 5584; baseline 0.006 -31"><span class='ocrx_word' id='word_1_815' title='bbox 2171 5503 2480 5575; x_wconf 81' lang='grc' dir='ltr'><strong>προεχώρει</strong></span> <span class='ocrx_word' id='word_1_816' title='bbox 2512 5507 2542 5575; x_wconf 81' lang='grc' dir='ltr'>ἡ</span> <span class='ocrx_word' id='word_1_817' title='bbox 2576 5507 2670 5559; x_wconf 82' lang='grc' dir='ltr'><strong>τοῦ</strong></span> <span class='ocrx_word' id='word_1_818' title='bbox 2703 5510 2912 5574; x_wconf 77' lang='grc' dir='ltr'><strong>ἄστεως</strong></span> <span class='ocrx_word' id='word_1_819' title='bbox 2973 5512 3207 5583; x_wconf 73' lang='grc' dir='ltr'><strong>αἶρεσι;,</strong></span> <span class='ocrx_word' id='word_1_820' title='bbox 3255 5513 3490 5584; x_wconf 70' lang='grc' dir='ltr'><strong>ἤσχαλλε</strong></span> <span class='ocrx_word' id='word_1_821' title='bbox 3543 5528 3603 5565; x_wconf 82' lang='grc' dir='ltr'><strong>τε</strong></span> <span class='ocrx_word' id='word_1_822' title='bbox 3647 5513 3746 5564; x_wconf 72' lang='grc' dir='ltr'><strong>καὶ</strong></span> 
     </span>
    </p>
   </div>
   <div class='ocr_carea' id='block_1_114' title="bbox 1771 5631 2460 5710">
    <p class='ocr_par' dir='ltr' id='par_1_114' title="bbox 1771 5631 2460 5710">
     <span class='ocr_line' id='line_1_114' title="bbox 1771 5631 2460 5710; baseline 0.02 -21"><span class='ocrx_word' id='word_1_823' title='bbox 1771 5631 2018 5695; x_wconf 80' lang='grc' dir='ltr'><strong>Νοιυιω</strong></span> <span class='ocrx_word' id='word_1_824' title='bbox 2052 5639 2460 5710; x_wconf 65' lang='lat' dir='ltr'><strong>marginales.</strong></span> 
     </span>
    </p>
   </div>
   <div class='ocr_carea' id='block_1_115' title="bbox 567 5744 1880 5814">
    <p class='ocr_par' dir='ltr' id='par_1_115' title="bbox 567 5744 1880 5814">
     <span class='ocr_line' id='line_1_115' title="bbox 567 5744 1880 5814; baseline 0.012 -20"><span class='ocrx_word' id='word_1_825' title='bbox 567 5746 608 5775; x_wconf 71' lang='grc' dir='ltr'><strong>ιε’</strong></span> <span class='ocrx_word' id='word_1_826' title='bbox 641 5745 726 5795; x_wconf 74' lang='lat' dir='ltr'><strong>Sir</strong></span> <span class='ocrx_word' id='word_1_827' title='bbox 768 5753 891 5810; x_wconf 62' lang='lat' dir='ltr'><strong>puto</strong></span> <span class='ocrx_word' id='word_1_828' title='bbox 920 5744 1219 5814; x_wconf 61' lang='lat' dir='ltr'><strong>lcguadum,</strong></span> <span class='ocrx_word' id='word_1_829' title='bbox 1249 5765 1348 5802; x_wconf 83' lang='lat' dir='ltr'><strong>non</strong></span> <span class='ocrx_word' id='word_1_830' title='bbox 1381 5744 1542 5807; x_wconf 51' lang='lat' dir='ltr'><strong>sima.</strong></span> <span class='ocrx_word' id='word_1_831' title='bbox 1567 5751 1628 5808; x_wconf 73' lang='grc' dir='ltr'><strong>Β.</strong></span> <span class='ocrx_word' id='word_1_832' title='bbox 1663 5764 1718 5808; x_wconf 83' lang='grc' dir='ltr'><strong>ιιι</strong></span> <span class='ocrx_word' id='word_1_833' title='bbox 1749 5755 1800 5810; x_wconf 78' lang='lat' dir='ltr'><strong>in</strong></span> <span class='ocrx_word' id='word_1_834' title='bbox 1832 5772 1880 5810; x_wconf 87' lang='lat' dir='ltr'><strong>c.</strong></span> 
     </span>
    </p>
   </div>
  </div>
