4010 6208
308 309 424 376 233

1415 315 1512 375 DE
1543 308 1794 373 REBUS
1820 310 2178 371 TUIiClClS
2207 308 2348 371 LIB.
2373 310 2435 371 ν.

3447 306 3558 372 234

306 425 509 493 ἠθύμει
549 440 564 455 ο
589 423 729 493 ᾤετο
760 422 816 475 δέ
846 422 1098 492 αἱρήσειν
1147 422 1246 492 τὴν
1298 423 1468 478 πόλιν.
1537 422 1882 494 Διατρίὸοντι

1989 418 2177 472 urbem
2242 426 2658 487 occupaturum.
2703 415 2878 470 Maras
2940 416 3103 486 igitur
3133 428 3253 471 cum
3314 427 3557 472 ﬂecteret

306 517 361 568 δὲ
394 515 547 584 αὐτῷ
576 513 1052 584 ἐπεκηρυκεύοντό
1080 532 1139 567 τε
1199 515 1249 566 οἱ
1289 515 1569 585 Ἕλληνες,
1619 514 1734 569 ἀλλ’
1773 514 1881 566 οὐδ’

307 607 383 669 ὡς
406 607 602 677 ηθελεν
633 607 817 668 αὐτοῖς
873 607 1218 661 σπένδεσθαι.
1263 607 1398 660 Μετ’
1451 609 1512 660 οὐ
1564 607 1622 660 δὲ
1679 606 1880 668 πολλὰς

306 697 525 767 ἡμέρας
568 696 961 767 ἁπεχιῦρειέπ⁹
988 690 1184 761 οἴκου,
1242 698 1337 752 καὶ
1387 697 1457 750 τὰ
1502 698 1880 767 στρατεύματα

306 788 455 857 αὐτῷ
488 787 697 855 διῆκεν.
725 790 787 840 Οί
818 789 916 857 μὲν
944 784 1036 842 οὖν
1055 788 1318 858 Ἕλληνες
1342 789 1604 857 πρέσὸεις
1629 806 1686 841 τε
1711 789 1881 857 ἔπεμ-

304 895 410 931 πον
460 878 612 949 παρὰ
653 878 1000 948 ’Δμουράτην
1052 879 1147 932 καὶ
1171 880 1377 931 ἐδέοντο
1406 894 1421 907 ·
1453 881 1480 931 ό
1534 879 1589 932 δὲ
1627 880 1882 949 ἀπεπέμ-

305 991 465 1035 πετο,
498 975 593 1025 καὶ
617 973 678 1025 οὐ
710 972 969 1042 προσίετο
996 974 1094 1043 τὴν
1122 973 1368 1038 ἀξίωσιν.
1416 973 1571 1028 Μετὰ
1596 974 1653 1025 δὲ
1685 973 1879 1038 ταῦτα,

304 1063 382 1128 ὡς
414 1064 780 1133 πειίωμένοις
816 1063 933 1124 τοῖς
984 1061 1211 1131 Ἕλλησι
1254 1062 1362 1116 τῶν
1423 1062 1668 1116 σπονδῶν
1728 1062 1882 1115 οῦδὲν

307 1155 664 1225 προεχώρει,
718 1154 1011 1221 τρέπονται
1081 1154 1173 1206 ἐπὶ
1230 1154 1323 1208 τὸν
1380 1156 1735 1222 Μουσταφᾶν,
1793 1157 1884 1209 τὸν

302 1248 608 1314 Μεχμέτεω
636 1245 822 1298 παῖδα.
859 1245 1060 1314 Ἔτυχε
1099 1245 1155 1298 δὲ
1182 1245 1470 1317 διατρίϐων
1498 1249 1650 1319 παρὰ
1668 1250 1744 1320 τῷ
1772 1250 1885 1304 Κα-

303 1335 535 1404 ραμάπιῳ
585 1335 689 1403 τὴν
719 1330 932 1387 δίαιταν
953 1334 1301 1404 ποιούμενος.
1340 1338 1609 1408 Πρέσϐεις
1635 1341 1692 1394 δὲ
1747 1342 1889 1411 πέμ-

300 1422 523 1491 ψαντες.
548 1425 967 1493 μετεπέμποντο
984 1427 1073 1478 ἐπὶ
1096 1427 1387 1490 Βυζάντιον
1404 1430 1495 1482 τὸν
1520 1432 1705 1498 παῖδα,
1732 1450 1889 1501 γεγοα

300 1516 431 1568 νότα
460 1516 607 1585 ἀμφὶ
629 1518 700 1569 τὰ
723 1518 1085 1586 τρισκαίδεκα
1118 1518 1236 1590 ἔτη.
1298 1520 1453 1574 Ἐπεὶ
1485 1520 1541 1574 δὲ
1574 1523 1801 1592 ἀφίκετο
1830 1528 1887 1590 ἐς

300 1606 600 1670 Βυζάντιον
625 1607 655 1659 ὁ
679 1609 830 1672 παῖς,
862 1608 1079 1678 ἔπεμπε
1103 1609 1297 1678 λόγους
1352 1613 1503 1683 παρὰ
1548 1614 1675 1678 τοὺς
1712 1615 1889 1687 Τουρ-

298 1714 450 1760 κους,
492 1697 706 1767 μεγάλα
728 1715 789 1751 τε
842 1698 1301 1771 ὑπισχνούμενος,
1345 1704 1438 1756 καὶ
1497 1700 1701 1775 μετιὼν
1753 1706 1887 1761 ἕκα-

1992 523 2092 562 nec
2120 509 2188 561 ab
2214 508 2365 563 urbis
2391 499 2673 562 obsidione
2699 507 3029 571 discederet,
3059 508 3369 562 Grazcorum
3398 507 3555 579 legati

1990 603 2232 665 veniunt,
2280 605 2466 672 pacem
2504 610 2558 656 et
2594 601 2767 655 iusius
2816 608 3075 669 petentes.
3122 598 3194 654 At
3247 600 3361 669 ipse
3412 598 3563 654 Grae-
3608 584 3619 593 ’

1989 710 2084 750 eos
2164 694 2216 747 in
2299 693 2481 747 ionius
2556 692 2830 763 suscipere
2921 691 3314 762 aspernabatur
3375 709 3389 745 :
3460 708 3563 748 nec

1989 782 2174 837 multis
2232 782 2422 837 diebus
2445 786 2579 851 post
2643 796 2701 835 re
2743 781 2942 836 infecta
2995 780 3216 836 domum
3303 796 3562 837 reversus

1989 864 2093 931 est.
2131 876 2312 944 Copiae
2363 889 2491 929 vero
2518 875 2635 943 ejus
2686 884 2877 928 omnes
2910 871 3294 927 dilabebantur
3325 871 3390 925 ad
3438 888 3558 926 sua.

1989 967 2163 1022 Graeci
2193 967 2403 1036 legatos
2436 967 2513 1021 ire
2538 965 2819 1034 jusserunt
2866 966 2930 1019 ad
2959 965 3301 1027 Amuratem,
3347 973 3559 1017 oratum

1990 1071 2180 1125 pacem
2212 1074 2225 1110 :
2256 1071 2394 1125 quos
2409 1056 2617 1109 dimisit
2641 1055 2948 1118 Amurates,
2978 1054 3216 1123 ipsorum
3242 1051 3559 1121 petitionem

1990 1158 2298 1206 aversatus.
2330 1150 2466 1205 Cum
2528 1150 2691 1220 igitur
2748 1149 2917 1204 Graeci
2974 1148 3297 1202 affectarent
3331 1147 3562 1201 suminis

1992 1245 2133 1298 votis
2200 1257 2411 1310 pacem,
2471 1256 2574 1295 nec
2634 1251 2817 1295 tamen
2870 1255 2987 1294 eam
3053 1239 3561 1307 impetrarent,<ad

1993 1331 2336 1399 liustapliam
2388 1339 2820 1393 convertuntur,
2877 1328 3196 1385 hiechmetis
3246 1328 3441 1384 ﬁliuni.
3487 1331 3560 1382 Ea

1994 1429 2319 1491 tempestate
2351 1421 2397 1476 is
2429 1420 2572 1491 apud
2605 1421 2970 1477 Caramanum
3022 1422 3235 1489 agebat,
3269 1420 3473 1475 victum
3509 1431 3564 1473 et

1992 1513 2305 1567 necessaria
2355 1512 2423 1567 ab
2486 1522 2553 1567 eo
2609 1513 2854 1584 capiens.
2902 1512 3078 1569 Missis
3122 1513 3292 1585 igitur
3348 1513 3559 1582 legatis,

1994 1600 2168 1657 Graeci
2219 1602 2563 1673 Mustapham
2618 1604 2939 1661 Mechmetis
2974 1606 3164 1673 filium,
3223 1620 3349 1660 cum
3402 1614 3563 1659 natus

1994 1704 2140 1749 esset
2173 1690 2348 1751 annos
2384 1695 2665 1761 tredecim,
2710 1706 3026 1752 accersunt.
3052 1697 3195 1755 Puer
3235 1699 3327 1752 ubi
3353 1697 3564 1768 Byzan-

299 1802 448 1853 στον,
479 1787 854 1856 ἐπηγγέλλετο
870 1788 1141 1860 διπλασίῳ
1193 1791 1436 1856 πάντων,
1466 1772 1543 1848 ὧν
1586 1790 1735 1863 εἶχεν
1781 1796 1885 1851 ὑπὸ

1991 1787 2127 1841 tium
2154 1788 2322 1853 venit,
2358 1803 2643 1844 sermones
2670 1790 2873 1859 sparsit
2921 1802 3019 1860 per
3071 1784 3302 1858 Turcos,
3353 1791 3564 1861 magnis

311 1879 696 1947 'Apoupdtsm.
728 1879 840 1933 Καὶ
882 1881 1264 1951 ηὐτομόλησαν
1307 1885 1411 1953 μέν
1458 1900 1600 1949 τινες
1651 1886 1886 1959 Τοῦρκοι

306 1973 464 2040 παρὰ
491 1971 579 2023 τὸν
606 1971 790 2037 παῖδα,
821 1973 883 2024 οὐ
907 1972 1091 2026 πολλοὶ
1120 1974 1199 2027 δέ.
1240 1973 1298 2027 ’0
1326 1975 1511 2043 μέντοι
1533 1978 1686 2039 παῖς,
1707 1978 1766 2041 ἐς
1788 1978 1886 2048 τὴν

322 2063 517 2115 Ἀσίαν
543 2064 745 2128 susse,
777 2064 1280 2134 συνεπιλαϐομένου
1324 2067 1417 2120 καὶ
1462 2066 1556 2120 τοῦ
1614 2068 1887 2139 Ἐλλήνων

307 2151 604 2220 βασιλέως,
639 2155 699 2207 τό
727 2171 782 2206 τε
820 2154 994 2224 Ἱερὸν
1032 2155 1370 2225 καλούμενον
1429 2156 1880 2230 ἐξεπολιόρκησε.

301 2245 420 2298 Καὶ
446 2244 866 2313 προσελαύνοντι
894 2246 1044 2315 αὐτῷ
1074 2246 1163 2300 διὰ
1217 2248 1318 2318 τῆς
1364 2251 1552 2314 Ἀσίας
1605 2252 1888 2324 προσεχὼ-

298 2353 433 2406 ρουν
462 2353 518 2390 τε
549 2338 597 2391 oi
624 2338 735 2391 ἀπὸ
758 2338 859 2407 τῆς
903 2339 1090 2403 Ἀσίας
1149 2341 1406 2410 Τοῦρκοι,
1466 2344 1563 2397 ﬁt:
1623 2324 1887 2414 βασιλέως

294 2429 457 2481 παιδὶ
484 2428 622 2483 ὄντι.
689 2429 960 2483 Ἐνταῦθα
995 2431 1251 2500 ’Δλιάζης
1293 2433 1321 2483 ὸ
1354 2435 1587 2504 οἰνοχόος
1634 2437 1885 2507 ἐπίκλην,

296 2520 492 2571 τοῦτον
521 2520 611 2573 τὸν
641 2520 811 2574 παῖδα
869 2523 1349 2592 ἐπιτετραμμένος
1401 2526 1507 2578 ὑπὸ
1558 2527 1885 2597 Μεχμέτεω,

298 2607 614 2662 συντίθεται
646 2608 941 2680 προδοσίαν
992 2610 1070 2681 τῷ
1122 2612 1460 2686 Ἀμουρὰτῃ,
1526 2616 1668 2670 ὥστε
1711 2634 1886 2674 κατα.

296 2699 595 2768 προδοῦναι
615 2700 767 2770 αὑτῷ
795 2702 858 2754 τὸ
882 2702 1123 2758 παιδίον.
1150 2704 1259 2758 Καὶ
1285 2705 1361 2769 ὡς
1395 2707 1652 2761 συνέθετο
1713 2710 1887 2780 αὐτῷ,

293 2794 582 2860 ἔπρασσεν
638 2793 781 2847 ὥστε
825 2795 918 2847 τὸν
958 2796 1123 2850 παῖδα
1159 2798 1313 2868 αὐτῷ
1345 2799 1638 2871 παραδοίη.
1692 2803 1889 2873 Διεσή-

299 2887 469 2952 μαινὲ
500 2902 559 2939 τε
593 2887 826 2956 πέμπων
854 2888 1108 2956 ἄγγελον,
1136 2890 1261 2943 ὅποι
1310 2890 1603 2961 διατρίϐων
1634 2896 1889 2965 τυγχάνοι

292 2979 325 3028 ὁ
350 2978 504 3035 παῖς.
549 2976 641 3040 Ὠς
672 2976 774 3046 μὲν
797 2974 892 3032 οὖν
920 2981 976 3043 ἐς
995 2980 1234 3034 Νίκαιαν
1280 2981 1508 3050 ἀφίκετο
1537 2982 1566 3035 ό
1612 2986 1763 3051 παῖς,
1791 2986 1890 3054 τήν

296 3081 364 3117 τε
413 3064 656 3119 Νίκαιαν
722 3067 1061 3137 ὑπηγάγετο,
1104 3070 1199 3122 καὶ
1247 3070 1478 3124 ἐνταῦθα
1522 3072 1811 3144 διατρίϐων
1862 3077 1889 3128 ὁ

299 3156 459 3219 παῖς,
491 3155 684 3226 μετῄει
705 3157 833 3216 τοὺς
877 3158 1017 3210 κατὰ
1066 3158 1167 3227 τὴν
1206 3158 1393 3211 Ἀσίαν
1453 3160 1729 3229 ἀρίστους.
1776 3162 1889 3214 Καὶ

296 3245 377 3307 ὡς
414 3246 522 3316 ήδη
554 3246 765 3316 χειμὼν
817 3243 905 3315 ἧν,
950 3246 1276 3301 διεκωλύετο
1335 3250 1392 3311 ἐς
1443 3251 1504 3301 τὸ
1546 3252 1733 3319 πρόσω
1790 3253 1888 3319 τῆς

314 3336 510 3397 Ἀτίας
540 3329 700 3391 ίέναιζ
724 3336 994 3391 Ἐνταῦθα
1020 3338 1327 3409 πυθόμενος
1360 3338 1708 3411 Ἀμουράτης
1735 3345 1888 3413 παρὰ

315 3430 587 3493 ’Δλιάζεω
608 3429 702 3484 τοῦ
735 3432 1072 3501 Σαραπτάρη
1095 3433 1195 3503 τήν
1223 3450 1282 3486 τε
1307 3433 1593 3504 διατρ.δὴν
1615 3435 1709 3487 τοῦ
1755 3452 1887 3487 παι-

299 3521 396 3583 δὸς
424 3524 483 3572 ἐν
504 3523 568 3590 τῇ
601 3522 777 3587 πόλει,
801 3520 983 3575 λαϐὼν
1014 3522 1161 3591 ἀμφὶ
1190 3522 1319 3585 τοὺς
1351 3522 1755 3592 ἑξακισχιλίους
1779 3525 1890 3578 τῶν

304 3614 511 3685 θυρῶν,
540 3614 616 3678 ὡς
640 3610 753 3685 εἶχε
782 3615 1003 3684 τάχους,
1033 3615 1363 3685 ἀφικόμενος
1390 3617 1483 3669 ἐπὶ
1517 3618 1608 3670 τὸν
1662 3618 1889 3688 Ἑλλήσ-

304 3720 509 3758 ποντον
560 3707 655 3758 καὶ
715 3705 927 3771 διαϐὰς,
960 3706 1195 3776 ἤλαυνεν
1244 3707 1374 3761 εὐθὺ
1428 3708 1701 3772 Βιθυνίας.
1734 3709 1888 3763 Ἑπι-

306 3798 497 3850 πεσὼν
525 3796 583 3851 δὲ
609 3798 764 3867 ἄφνω
787 3801 850 3860 ἐς
885 3798 988 3868 τὴν
1019 3798 1193 3863 πόλιν,
1249 3798 1622 3870 συλλαμϐάνει
1674 3817 1734 3855 τε
1794 3802 1887 3853 τὸν

308 3889 481 3941 παῖδα
507 3888 672 3943 αὑτοῦ
703 3887 897 3958 ταύτῃ,
947 3888 1336 3959 παραδιδόντος
1392 3890 1542 3960 αὐτῷ
1570 3890 1662 3943 τοῦ
1706 3890 1888 3946 ’Δλιὰ-

190 3988 209 3994 '
303 3982 438 4045 ζεω.
475 3980 536 4035 '0
564 3980 664 4050 μὲν
693 3979 801 4051 γὰρ
843 3983 996 4045 παῖς,
1044 3982 1138 4035 at:
1170 3982 1328 4035 τοῦτο
1382 3983 1702 4051 πυθόμενος,
1726 3988 1888 4038 κατέ-

303 4087 485 4139 φυγεν
503 4070 588 4122 ἐπ’
609 4071 792 4135 αὐτὸν,
816 4069 892 4135 ὡς
923 4072 1019 4124 ἐπὶ
1067 4073 1339 4143 σωτηρίαν
1363 4070 1513 4143 σφίσι
1531 4078 1848 4145 τράπωνται
1864 4090 1881 4108 ⁸

302 4166 338 4214 ὁ
361 4164 419 4216 δὲ
438 4164 677 4217 κελεύων
707 4163 785 4234 μὴ
820 4165 1119 4219 δεδοικέναι
1148 4167 1239 4220 τὸν
1268 4168 1456 4233 παῖδα,
1511 4170 1749 4239 ἐπέμενε
1794 4169 1885 4221 τὸν

305 4256 544 4325 ἀδελφὸν
570 4256 666 4309 τοῦ
692 4256 905 4320 παιδὸς,
931 4258 1028 4310 καὶ
1057 4256 1266 4309 ἐλθόντι
1291 4258 1347 4322 ἐς
1380 4260 1449 4313 τὰ
1483 4259 1731 4328 βασίλεια
1786 4262 1886 4331 τῆς

305 4349 546 4413 πόλεως,
567 4349 870 4420 ἐνεχείρισε
899 4348 993 4402 τὸν
1017 4349 1181 4403 παῖδα
1212 4349 1383 4420 αὐτῷ.
1440 4351 1641 4404 Τοῦτον
1703 4352 1884 4421 μέντοι

1989 1880 2275 1948 promissis
2345 1895 2441 1935 eos
2471 1881 2779 1936 accendens
2806 1920 2823 1944 ,
2886 1882 3248 1951 preiiensabat
3279 1883 3520 1952 singulos
3545 1921 3561 1944 ,

1989 1968 2188 2038 quibus
2220 1971 2572 2040 promittebat
2604 1971 2829 2041 duplum
2866 1986 3055 2027 eorum
3089 1988 3209 2041 qua:
3264 1975 3365 2028 sub
3395 1976 3564 2027 Amu-

1990 2068 2110 2115 rate
2140 2061 2467 2117 habuissent
2511 2071 2856 2131 accepturos.
2912 2064 2982 2119 Et
3018 2062 3240 2133 quidam
3269 2064 3457 2126 Turci,
3508 2075 3563 2118 at

1989 2152 2170 2222 pauci,
2192 2153 2258 2209 ad
2282 2166 2516 2224 puerum
2542 2150 2718 2211 istum
2768 2156 3163 2226 transfugiunt.
3208 2158 3352 2211 Puer
3378 2167 3561 2212 autem

1991 2253 2373 2315 transgressus
2426 2247 2481 2301 in
2535 2245 2739 2313 Asiam,
2789 2249 2994 2306 auxilio
3052 2248 3367 2305 Graecorum
3417 2250 3563 2322 regis

1992 2336 2318 2402 instructus,
2366 2343 2546 2393 locum
2602 2340 2696 2411 qui
2730 2341 2847 2411 (54)
2882 2337 3170 2412 Templum
3227 2343 3561 2407 nominatur,

1990 2432 2342 2499 expugnavit.
2394 2429 2503 2486 iter
2550 2431 2775 2487 facienti
2830 2443 2932 2503 per
2997 2434 3205 2497 Asiam,
3247 2430 3413 2488 'l‘urci
3468 2435 3562 2503 qui

1992 2518 2067 2572 ibi
2098 2530 2255 2574 erant
2278 2520 2739 2591 adjungebantur,
2776 2532 2838 2577 ut
2892 2524 2986 2593 qui
3031 2534 3174 2579 esset
3206 2525 3352 2594 regis
3396 2524 3562 2580 filius.

1991 2607 2071 2663 ibi
2109 2619 2219 2663 tum
2247 2612 2460 2666 Aliazes
2476 2621 2837 2683 cognomento
2865 2614 3207 2685 Saraptares,
3243 2617 3360 2669 sive
3389 2616 3566 2685 pocilo

1992 2700 2155 2767 lator,
2193 2703 2282 2757 cui
2315 2706 2383 2758 ab
2411 2704 2713 2762 Mechmete
2761 2723 2897 2777 puer
2946 2709 3040 2763 ille
3072 2718 3404 2764 commissus
3427 2720 3565 2776 erat,

1992 2808 2090 2862 per
2128 2795 2495 2864 proditionem
2550 2800 2796 2854 Amurati
2835 2808 3069 2869 puerum
3126 2801 3285 2872 125
3347 2804 3567 2857 tradere

1992 2884 2305 2954 paciscitur.
2346 2888 2551 2943 J’actis
2592 2898 2772 2945 autem
2796 2892 2933 2948 satis
2960 2890 3211 2957 ﬁrmatis,
3236 2895 3563 2949 conclusum

1991 2984 2096 3041 est,
2159 2986 2215 3031 ut
2275 2995 2410 3047 puer
2462 2980 2715 3037 Aiuurati
2768 2986 3112 3054 proderetur.
3166 2986 3329 3045 Misso
3384 2991 3567 3059 itaque

1916 3111 1960 3167 ε
1994 3071 2186 3124 nuntio
2221 3071 2545 3141 significavit
2568 3074 2841 3138 Amurati.
2878 3077 3097 3133 ubinam
3128 3090 3397 3137 terrarum
3429 3102 3567 3154 puer

1996 3171 2203 3231 ageret.
2229 3162 2364 3218 Cum
2396 3174 2530 3234 puer
2544 3164 2779 3221 Nicaeam
2811 3173 3078 3235 venisset,
3114 3173 3300 3228 urbem
3326 3192 3446 3231 eam
3476 3195 3568 3233 ee-

1993 3253 2115 3321 pit:
2153 3262 2359 3308 etcum
2405 3256 2495 3309 ubi
2541 3272 2869 3325 moraretur,
2917 3264 3211 3332 optimates
3257 3267 3564 3325 Turcoruui

1991 3346 2341 3401 conciliabat.
2398 3345 2582 3403 Hiems
2637 3360 2779 3413 erat,
2836 3362 2942 3421 qua
2992 3356 3385 3424 prohibebatur
3431 3378 3569 3431 puer

1993 3436 2211 3504 longius
2279 3440 2598 3506 procedere.
2655 3446 2952 3499 Amurates
3016 3463 3141 3500 eum
3202 3449 3567 3510 intellexisset

1993 3538 2220 3594 puerum
2255 3522 2447 3582 Nicaeae
2474 3532 2703 3598 versari,
2736 3536 3030 3593 nuntiante
3080 3539 3131 3592 id
3164 3542 3347 3597 Aliaze
3405 3546 3568 3602 Sara-

1992 3626 2168 3686 ptare,
2198 3621 2492 3690 assumptis
2540 3624 2720 3679 sexies
2758 3625 2904 3681 mille
2929 3627 3223 3695 januarttm
3272 3634 3564 3701 militibus,

1993 3709 2141 3762 venit
2170 3726 2331 3780 quam
2380 3714 2640 3770 ocissime
2672 3716 2724 3770 in
2778 3710 3187 3789 Hellespontum
3222 3741 3237 3779 :
3272 3737 3327 3780 et
3391 3738 3568 3785 trans-

1992 3798 2134 3865 iens,
2196 3813 2345 3857 recta
2381 3805 2515 3860 abiit
2541 3807 2595 3859 in
2624 3807 2955 3879 Bithyniam.
2989 3812 3052 3867 Et
3086 3830 3207 3869 eum
3247 3819 3565 3890 inopinatus

1990 3902 2046 3947 et
2072 3892 2404 3963 improvisus
2430 3898 2682 3953 irruisset
2709 3901 2762 3954 in
2788 3903 3001 3971 urbem,
3029 3921 3258 3975 puerum
3284 3912 3350 3964 ab
3379 3912 3565 3970 Aliazu

1988 3985 2263 4052 proditum
2281 3990 2874 4058 compreiiendit._Puer
2888 3996 3059 4062 enim,
3077 4000 3289 4054 excitus
3308 4002 3561 4067 tumultu,

1990 4076 2310 4146 confugerat
2339 4079 2404 4133 ad
2437 4081 2705 4146 Aliazem,
2739 4086 2827 4139 cui
2855 4085 3171 4154 obediebat,
3206 4101 3264 4143 ut
3286 4108 3346 4145 se
3374 4093 3565 4149 defen-
3635 4136 3642 4151 .

1989 4166 2143 4221 deret
2170 4170 2239 4223 ab
2274 4169 2585 4226 imminenti
2632 4175 2897 4243 periculo.
2934 4178 3149 4235 Aliazes
3198 4197 3426 4250 puerum
3453 4204 3564 4237 ιιιρ.

1989 4265 2105 4311 tum
2148 4260 2419 4327 omittere,
2472 4272 2525 4317 et
2564 4264 2709 4319 bono
2755 4267 2941 4322 animo
2990 4284 3116 4325 esse
3143 4272 3320 4340 jubet,
3377 4287 3431 4330 cl
3479 4278 3561 4331 sic

1989 4353 2109 4423 ejus
2157 4352 2381 4409 fratrem
2425 4366 2739 4426 exspectat.
2776 4360 2876 4413 Cui
2919 4361 3008 4416 ubi
3055 4364 3107 4417 in
3161 4367 3364 4435 regiam
3410 4370 3560 4423 uritis

306 4447 337 4497 δ
369 4444 716 4514 ’Δμουράτης
746 4442 949 4506 λαϐὼν,
988 4443 1198 4515 ἀγχόνῃ
1235 4442 1468 4507 ἀνεῖλεν,
1599 4443 1881 4513 νομίζεται

1989 4443 2169 4497 sedem
2227 4454 2589 4513 processerat,
2642 4463 2871 4516 puerum
2931 4451 2984 4503 in
3047 4469 3243 4508 manus
3291 4457 3556 4514 tradidit:

308 4537 442 4606 παρ’
480 4536 687 4599 αὐτοῖς.
713 4535 945 4603 Λέγεται
972 4536 1029 4588 δὲ
1055 4536 1321 4606 Τεζητίνη
1350 4528 1519 4605 ἄνδρα
1552 4536 1747 4602 γένους
1794 4534 1887 4589 τοῦ

307 4629 589 4696 βασιλείου
618 4630 713 4681 τοῦ
730 4628 1093 4697 Ἐρτζιγάνης
1127 4627 1415 4697 βασιλέως,
1448 4627 1779 4696 ἀφικόμενον
1807 4627 1887 4697 τῷ

306 4722 466 4776 παῶ
492 4722 805 4793 σύμμαχον,
845 4720 921 4783 ὡς
967 4720 1201 4772 ἐπύθετο
1259 4720 1386 4780 τοὺς
1442 4720 1735 4787 πολεμίους
1797 4720 1889 4773 ἐπὶ

306 4813 409 4880 τὴν
437 4812 591 4865 πόλιν
614 4811 865 4880 ἀφῖχθαι,
898 4810 1168 4864 ἐλάσαντα
1217 4812 1277 4874 ἐς
1316 4812 1517 4879 μίσους
1561 4811 1688 4875 τοὺς
1734 4809 1890 4863 πολε-

311 4902 492 4971 μίους,
521 4904 616 4955 τόν
640 4916 699 4955 τε
730 4902 1001 4972 Μιχαλίην
1038 4902 1128 4955 τὸν
1185 4902 1290 4971 τῆς
1342 4902 1610 4973 Εὐρώπης
1652 4919 1886 4973 στρατη-

308 4996 408 5062 γδν
453 4998 547 5048 καὶ
598 4998 880 5063 πρυτανέα
928 4994 1179 5061 ἀνελεῖν,
1243 4995 1501 5063 πολέμιον
1556 4995 1705 5065 αὑτῷ
1757 4996 1885 5049 ὅντα

308 5088 405 5139 καὶ
434 5087 659 5155 συχνοὺς
685 5086 876 5149 ἄλλους
907 5085 1187 5152 ἀνελόντα,
1221 5087 1316 5143 καὶ
1344 5085 1508 5139 αὑτὸν
1524 5086 1881 5155 τελευτῶντα,

309 5175 627 5230 ἀποθανεῖν.

380 5268 519 5321 Τότε
564 5269 665 5338 μὲν
709 5269 775 5338 δὴ
822 5267 1087 5337 Ἕλληνες
1133 5265 1279 5321 οὕτω
1327 5267 1882 5337 ἐπεπράγεσαν,ἑ).ό-

315 5376 469 5430 μενοι
501 5359 714 5429 αἰρεσιν
755 5360 1006 5413 ἐναντίαν
1052 5356 1131 5427 τῷ
1169 5358 1504 5429 ’Δμουράτῃ.
1542 5357 1655 5429 Τὴν
1694 5360 1880 5427 μέντοι

310 5456 537 5521 Θέρμην
563 5452 660 5520 τῆς
682 5450 1026 5513 Μακεδονίας
1057 5449 1317 5502 ἀπέδοντο
1358 5451 1609 5515 Ἐνετοῖς,
1641 5453 1880 5505 ἀδύνατα

1989 4549 2149 4604 quem
2173 4546 2453 4603 acceptum
2482 4539 2781 4607 laqueo,'ut
2800 4542 2968 4597 tnnris
2988 4554 3074 4597 est
3100 4561 3288 4616 regum
3322 4551 3560 4617 illorum,

1993 4629 2325 4696 praefocavit.
2354 4631 2522 4685 Aiunt
2545 4629 2882 4698 Tczetinem,
2912 4637 3090 4690 virum
3122 4642 3267 4709 τρεῖς)
3291 4645 3560 4713 Sanguine

1989 4731 2170 4783 Ortum
2207 4722 2492 4791 Erziganis
2548 4725 2714 4790 regis,
2760 4727 2969 4780 auxilio
3021 4731 3237 4785 venisse
3276 4750 3465 4802 puero,
3505 4751 3565 4790 ut

1992 4814 2273 4868 audiverat
2298 4815 2484 4870 hostes
2517 4817 2569 4870 in
2609 4819 2803 4873 urbem
2855 4833 3176 4888 penetrasse
3211 4842 3222 4876 :
3264 4836 3320 4879 et
3372 4828 3589 4896 conje-_

1993 4906 2133 4959 cisse
2157 4922 2212 4958 se
2248 4907 2299 4959 in
2334 4902 2542 4962 medios
2582 4908 2769 4963 hostes
2794 4926 2810 4967 ι
2838 4911 2927 4964 tibi
2974 4919 3028 4964 et
3077 4912 3417 4968 Micliaiinem
3452 4917 3561 4967 Eu-

1994 5010 2138 5065 ropae
2164 4997 2447 5071 et‘ducem
2479 4997 2792 5065 etjudieem
2836 5001 3046 5053 hostem
3097 5019 3255 5055 suum
3299 5005 3557 5056 coniecit.

1994 5086 2237 5139 Tandem
2272 5101 2397 5141 cuni
2441 5089 2704 5157 plurimos
2733 5090 2870 5145 alias
2902 5093 3018 5145 neci
3047 5092 3305 5156 dedisset,
3333 5103 3385 5146 et
3444 5095 3558 5161 ipse

1993 5179 2267 5231 occubuit.

2061 5270 2374 5326 Graecorum
2404 5289 2495 5331 res
2529 5286 2646 5330 tum
2682 5278 2762 5333 sic
2801 5280 3142 5345 habuerunt,
3199 5295 3325 5335 cum
3377 5283 3554 5335 secuti

1989 5373 2399 5433 essentpartem
2438 5366 2725 5424 Meelimeti
2763 5369 3073 5428 adversam.
3111 5372 3151 5424 Τ
3161 5374 3404 5429 hermam
3441 5377 3554 5445 ('55)

1990 5454 2317 5511 Macedonia:
2353 5458 2572 5514 Venetis
2630 5462 2945 5531 vendidere,
2997 5466 3335 5535 impossibile
3366 5470 3558 5525 existi«

1594 5592 1840 5654 Noluim
1890 5594 2290 5672 marginales.

385 5714 496 5785 (34)
524 5712 746 5767 Hieron.

633 5810 902 5868 i’s'mOL.
948 5805 1063 5866 Gn.
1120 5802 1318 5864 CLiX.

2062 5716 2173 5787 ('55)
2202 5716 2675 5777 'i‘iiessaionieani.
