4010 6208
256 418 383 484 237

1353 418 1455 480 DE
1490 418 2131 511 REBUSTUBCICIS
2172 422 2315 484 LIB.
2361 422 2430 482 V.

3419 425 3525 484 298

261 554 477 624 εἰσῄει.
522 552 670 606 Ὀδὲ
729 551 827 621 τῆς
886 551 1157 621 Εὐρώπης
1224 554 1531 623 στρατηγὸς
1586 555 1691 623 τὴν
1753 553 1851 606 τῶν

1967 536 2290 589 Acarnaniae
2320 532 2618 604 regionem,
2644 544 2697 587 et
2756 530 2927 602 Epiri,
2995 547 3116 602 qum
3161 533 3266 588 sibi
3326 534 3532 589 imdere

272 646 616 699 Ἰωαννίνων
655 644 811 696 πόλιν
845 642 1177 712 ἐπολιόρκει,
1232 643 1325 696 καὶ
1374 643 1564 712 χρόνον
1596 644 1857 714 ἐνδιατρί-

260 737 383 789 ϐων
418 738 487 806 τῇ
524 735 834 805 πολιορκίᾳ,
863 734 938 797 ὡς
960 733 1111 788 οὐδὲν
1140 733 1281 788 ἀνίει
1322 734 1649 800 πολιορκῶν,
1683 736 1857 806 ὁρῶν-

258 844 357 889 τες
414 829 461 880 οἱ
506 827 603 895 τῆς
647 826 879 887 πόλεως,
916 826 1007 877 καὶ
1035 827 1063 878 δ
1090 824 1192 892 τῆς
1219 823 1400 896 χώρας
1429 824 1672 894 ἡγεμὼν,
1706 828 1859 890 ἐντὸς

261 918 711 987 ἀπειλημμένος,
741 917 834 969 καὶ
861 916 1341 987 πολιορκούμενος.
1377 916 1740 983 προύκαλεῖτο
1767 919 1858 970 τὸν

263 1010 589 1079 στρατηγὸν
618 1008 711 1060 ἐπὶ
736 1006 1007 1073 ξύμϐασιν
1028 1006 1095 1073 ³³,
1127 1006 1220 1058 καὶ
1250 1008 1429 1076 ᾐτεῖτο
1457 1007 1621 1059 αὑτὸν
1638 1007 1858 1077 δοθῆναι

263 1100 454 1169 αύτῷ,
484 1100 585 1168 τήν
634 1115 694 1150 τε
738 1097 906 1166 ἄλλην
948 1095 1133 1165 χώραν
1183 1096 1282 1163 τῆς
1335 1096 1721 1166 Ἀκαρνανίας,
1761 1099 1859 1152 καὶ

264 1191 375 1259 τῆς
419 1188 680 1258 Ἠπείρου
734 1186 886 1257 παρὰ
934 1170 1219 1257 βασιλέως,
1272 1188 1367 1239 καὶ
1418 1186 1654 1249 σπονδὰς
1708 1188 1858 1257 αὐτῷ

269 1283 372 1334 ἐπὶ
432 1282 612 1350 τούτῳ
662 1278 941 1347 γενέσθαι,
992 1279 1089 1332 καὶ
1146 1278 1291 1332 οὕτω
1340 1279 1704 1348 παραδιδόναι
1760 1279 1858 1349 τὴν

269 1373 455 1427 πόλιν.
497 1374 704 1426 Τούτου
760 1371 825 1441 δὴ
890 1369 1208 1439 γενομένου,
1239 1369 1339 1441 τήν
1387 1387 1445 1423 τε
1478 1370 1634 1422 πόλιν
1687 1369 1859 1440 παρέ-

269 1466 409 1518 λαϐε
453 1464 517 1516 τδ
561 1463 655 1517 τοῦ
691 1461 960 1531 βασιλέως
990 1461 1328 1530 στράτευμα,
1371 1460 1466 1512 καὶ
1522 1459 1670 1530 αὐτῷ
1702 1476 1858 1512 συνε-

272 1555 446 1624 χώρει
496 1554 597 1621 τὴν
655 1550 1025 1620 ’Δκαρνανίαν
1059 1554 1155 1605 καὶ
1202 1551 1301 1621 τὴν
1349 1550 1517 1618 ἄλλην
1582 1551 1852 1620 ’Ππειρον

273 1645 659 1714 ἐπινέμεσθαι,
694 1644 861 1714 φόρον
889 1642 1173 1709 ἀπάγοντα
1207 1641 1287 1712 τῷ
1318 1640 1531 1711 βασιλεῖ
1550 1640 1644 1693 τοῦ
1677 1643 1859 1694 ἐνιαυ-

276 1735 391 1798 τοῦ,
420 1737 517 1789 καὶ
560 1736 726 1788 αὐτὸν
776 1734 1048 1800 φοιτῶντα
1103 1733 1161 1796 ἐς
1200 1733 1300 1797 τὰς
1350 1732 1615 1802 βασιλέως
1663 1733 1854 1803 θύρας.

278 1822 624 1893 ’Υπερονδέ
656 1824 987 1893 ἀφικόμενοι
1038 1823 1087 1875 οἱ
1137 1822 1231 1875 τοῦ
1265 1821 1550 1893 Καρούλου
1582 1821 1856 1892 ἡγεμόνος

286 1916 490 1978 παῖδες,
527 1915 556 1967 δ
590 1932 650 1968 τε
691 1915 1007 1985 Ἐρκούλιος
1033 1914 1130 1968 καὶ
1152 1914 1413 1986 Μέμνων,
1445 1916 1539 1968 καὶ
1567 1915 1667 1967 ούκ
1697 1914 1851 1983 ὀλίγα

290 2008 647 2075 κατασχόντες
676 2008 773 2070 τῆς
816 2001 1025 2075 χώρας,
1052 2006 1414 2074 ἐπαγομένων
1462 2006 1573 2060 τῶν
1616 2006 1852 2060 ἐποίκων

292 2098 511 2162 αὐτοὺς,
546 2099 834 2167 πράγματὰ
886 2115 945 2151 τε
985 2100 1251 2168 παρεῖχον
1297 2098 1374 2167 τῷ
1410 2098 1619 2167 ἀνεψιῷ
1647 2099 1849 2164 αὐτῶν,

1960 627 2286 695 interposito
2319 623 2637 679 confirmari
2656 623 2893 677 volebat.
2949 623 3105 688 Quod
3138 625 3181 677 si
3238 625 3531 695 impetras-

1959 727 2067 779 set,
2099 733 2157 772 se
2184 716 2296 786 regi
2334 718 2517 770 urbem
2543 715 2898 769 traditurum.
2933 714 3163 769 Fmdere
3186 708 3527 780 icto,'urbein

1960 812 2172 880 accepit
2214 811 2397 879 regius
2422 809 2732 871 exercitus,
2770 818 2828 864 et
2859 810 3171 864 Acarnania
3205 811 3533 880 reliquaque

1961 902 2163 972 Epirus
2185 904 2354 958 cessit
2384 901 2645 971 principi,
2680 910 2739 956 ut
2790 903 3086 971 quotannis
3116 901 3389 955 tributum
3427 904 3535 955 fer-

1959 1006 2077 1060 ret;
2108 1004 2160 1050 et
2190 996 2243 1048 in
2271 995 2470 1063 ianuas
2518 995 2685 1063 regis,
2719 994 3160 1064 quandocunque
3212 1005 3535 1049 moneretur

1959 1089 2300 1144 adventaret.
2328 1090 2519 1143 Postea
2544 1090 2827 1143 venientes
2851 1089 3029 1142 Caroli
3058 1088 3217 1143 ducis
3246 1089 3361 1152 lilii,
3394 1088 3532 1141 Her-

1959 1181 2138 1235 colius
2170 1190 2223 1233 et
2255 1179 2531 1243 Memnon,
2566 1195 2665 1233 nec
2721 1180 2988 1233 modicam
3016 1182 3260 1250 regionis
3320 1189 3531 1250 partem

1958 1283 2308 1343 occupantes,
2373 1270 2747 1342 congregatis
2794 1272 3046 1327 finitimis
3078 1312 3092 1335 ,
3146 1274 3241 1341 qui
3302 1273 3539 1327 conﬂue-

1960 1364 2091 1419 bant
2127 1364 2343 1419 molesti
2374 1371 2526 1419 erant
2559 1363 2848 1417 admodum
2904 1365 3136 1433 patrueli
3193 1380 3319 1429 suo,
3374 1367 3536 1434 cujus

1958 1457 2235 1526 regionem
2289 1460 2513 1525 agebant
2544 1466 2597 1509 et
2665 1456 2936 1519 ferebant,
3002 1458 3203 1513 bellum
3258 1469 3535 1528 gerentes.

1958 1551 2158 1603 Contra
2191 1564 2327 1618 quos
2386 1547 2615 1602 Carolus
2665 1546 2821 1617 127
2881 1549 3211 1612 exercitum,
3261 1565 3426 1618 quem
3468 1567 3535 1605 ex

1956 1642 2137 1710 ianuis
2171 1642 2314 1711 regis
2349 1649 2729 1704 contraxerat,
2798 1656 3014 1695 necnon
3075 1641 3309 1695 alterum
3372 1658 3535 1711 quem

1960 1736 2028 1789 ab
2059 1734 2213 1788 Italia
2249 1736 2555 1796 exciverat,
2586 1734 2819 1797 ducens,
2855 1750 2976 1788 cum
3005 1734 3140 1786 nihil
3167 1746 3535 1803 promoveret,

1959 1844 2148 1896 pacem
2178 1842 2302 1881 cum
2342 1827 2406 1880 iis
2436 1825 2752 1894 composuit
2781 1841 2794 1889 ;
2829 1840 2936 1894 qua
2969 1825 3284 1890 tenebatur,
3322 1835 3379 1879 ut
3410 1824 3529 1894 ipso

1957 1920 2177 1975 cederet
2209 1934 2272 1974 ea
2302 1920 2544 1988 regione,
2592 1918 2678 1972 cui
2735 1918 2810 1971 illi
2860 1917 3234 1987 praefuissent,
3292 1918 3349 1971 hi
3402 1933 3532 1971 vero

1958 2010 2220 2079 deinceps
2248 2010 2426 2063 nullas
2454 2007 2732 2063 molestias
2764 2007 2964 2062 Carolo
2993 2006 3261 2062 facerent.

293 2192 379 2243 καὶ
420 2187 564 2260 ἦγον
592 2192 683 2243 καὶ
710 2193 901 2260 ἔφερον
931 2191 1031 2261 τὴν
1063 2192 1272 2261 χώραν,
1306 2192 1399 2245 καὶ
1432 2194 1756 2263 ἐπολέμουν.
1798 2191 1861 2245 Ὃ
1902 2191 2084 2262 μέντοι
2152 2188 2457 2259 Κάρουλος,
2526 2189 2623 2240 καὶ
2652 2185 2760 2240 ἀπὸ
2791 2184 2897 2239 τῶν
2929 2180 3109 2256 Θυρῶν
3142 2185 3233 2238 τοῦ
3268 2183 3536 2255 βασιλέως

287 2282 600 2350 στράτευμα
633 2283 969 2352 ἐπαγόμενος
1014 2284 1105 2335 ἐπὶ
1143 2284 1389 2347 τούτους,
1447 2286 1545 2336 καὶ
1580 2285 1691 2338 ἀπὸ
1746 2284 2004 2349 Ἰταλίας,
2044 2284 2120 2347 ὡς
2151 2282 2300 2336 οὐδὲν
2340 2283 2526 2352 ἤνυεν,
2566 2279 2856 2333 ἐσπένδετό
2904 2294 2964 2330 τε
3000 2278 3204 2341 αὐτοῖς,
3273 2276 3368 2329 καὶ
3436 2291 3537 2327 κα·-

281 2370 503 2439 θυςιίετο
533 2374 633 2443 τῆς
663 2374 852 2443 χώρας
886 2368 956 2445 ἦς
993 2370 1187 2445 ἦρχον,
1219 2376 1303 2445 ἐφ’
1349 2368 1393 2443 ᾧ
1442 2376 1641 2445 μηκέτι
1691 2376 1843 2447 αὐτῷ
1882 2376 1977 2429 τοῦ
2012 2375 2203 2427 λοιποῦ
2231 2373 2498 2442 παρέχειν
2530 2372 2861 2441 πράγματα.

346 2467 582 2521 Αἰτωλία
622 2466 722 2536 μὲν
755 2468 820 2536 δὴ
854 2469 995 2520 οῦτω
1027 2470 1245 2535 ἐγένετο
1278 2468 1383 2521 ὑπὸ
1413 2468 1622 2537 βασιλεῖ
1656 2469 1856 2538 Ἀμου-

483 2559 634 2611 Meti
674 2560 728 2612 δὲ
766 2559 959 2637 ταῦτα,
991 2560 1065 2622 ὡς
1114 2559 1382 2630 Ἕλληνες
1438 2561 1609 2623 ἰόντες
1656 2562 1712 2623 ἐς
1756 2563 1854 2624 τὰς

279 2651 476 2720 θύρας,
524 2651 708 2719 ἠξίουν
770 2652 926 2721 σφίσι
983 2652 1329 2715 σπένδεσθαι,
1384 2654 1613 2722 εἰρήνην
1672 2655 1853 2720 μέντοι

276 2744 625 2804 ἐποιήσαντο,
677 2743 762 2811 ἐφ’
815 2737 861 2810 ᾧ
907 2744 996 2796 τόν
1045 2760 1104 2796 τε
1170 2742 1383 2813 Ἰσθμὸν
1436 2745 1706 2809 καθελεῖν,
1760 2748 1852 2798 καὶ

275 2834 448 2903 μηδὲν
490 2834 574 2887 ἔτι
608 2835 958 2904 νεωτερίζειν
986 2835 1081 2887 τοῦ
1113 2835 1330 2890 λοιποῦ.
1368 2836 1470 2888 Τὸν
1501 2837 1681 2904 μέντοι
1712 2838 1850 2889 Του-

275 2926 521 2995 ραχάνην
568 2924 662 2976 ἐπὶ
699 2925 1107 2996 Πελοπόννησον
1154 2926 1403 2995 πέμψας,
1434 2928 1535 2997 τήν
1564 2945 1621 2979 τε
1659 2929 1854 2979 Οὐενε-

271 3014 387 3069 τῶν
430 3017 616 3084 χώραν
666 3016 845 3084 ἐδῄου,
878 3017 971 3069 καὶ
1016 3017 1109 3069 τὸν
1177 3017 1394 3089 Ἰτθμον
1460 3021 1701 3085 καθεῖλε,
1759 3023 1854 3073 κλὶ

274 3107 590 3177 τωλίσματα
613 3107 751 3161 ἄττα
773 3108 921 3160 ἐλὼν
951 3108 1055 3160 τῶν
1085 3110 1363 3163 Ούενετῶν
1390 3111 1853 3180 ἠνδραποδίσατο.

286 3191 560 3253 Ἐνταῦθα
600 3193 701 3263 μὲν
727 3193 821 3247 οῦν
851 3196 1046 3259 ἐξιόντι
1094 3198 1203 3250 ἀπὸ
1242 3198 1673 3269 Πελοποννήσου.
1702 3219 1855 3253 συνε-

2031 2470 2144 2522 Ποε
2182 2467 2343 2521 modo
2375 2464 2583 2519 Aitolia
2617 2464 2670 2516 in
2703 2461 2979 2537 Amuratis
3001 2461 3260 2516 ditionem
3290 2461 3533 2519 devenit.

1961 2558 2134 2613 (ἔταξςί
2174 2565 2365 2625 postea
2400 2555 2453 2608 in
2480 2552 2683 2622 januas
2717 2552 2862 2622 regis
2924 2553 3377 2621 proficiscuntur,
3440 2570 3533 2623 pe—

1963 2653 2121 2702 titum
2148 2662 2361 2717 pacem.
2405 2644 2617 2710 Quibus
2652 2660 2714 2699 ea
2746 2645 2869 2699 data
2905 2654 2987 2698 est
3012 2644 3097 2697 his
3122 2646 3537 2700 conditionibus

1962 2748 2019 2794 ut
2050 2740 2317 2795 Isthmum
2349 2738 2692 2791 destrucrent
2714 2745 2765 2790 et
2790 2736 2924 2791 nihil
2956 2738 3007 2789 in
3037 2746 3313 2805 posterum
3345 2755 3538 2808 quiem-

1962 2832 2259 2885 admodum
2335 2831 2627 2891 hactenns,
2665 2845 2847 2883 rerum
2880 2845 3145 2884 novarum
3190 2833 3532 2886 molirentur.

1960 2923 2344 2976 Turachanem
2381 2922 2533 2977 misit
2585 2924 2636 2974 iu
2667 2921 3138 2989 l‘el0ponnesum,
3200 2923 3291 2991 qui
3357 2921 3535 2977 Vene-

1964 3022 2145 3066 torum
2187 3013 2460 3083 regionem
2499 3014 2886 3083 populabatur,
2921 3023 2975 3067 et
3032 3014 3297 3067 Isthmum
3339 3015 3531 3068 diruit.

1966 3104 2301 3158 Venetorum
2339 3115 2521 3159 autem
2560 3105 2817 3174 oppidula
2846 3120 2966 3173 qua:
3019 3106 3342 3175 subegerat,
3398 3107 3535 3159 diri-

1909 3268 1922 3281 .
1966 3195 2101 3262 puit.
2134 3196 2269 3249 Cutn
2301 3205 2482 3250 autem
2516 3196 2871 3262 egrederetur
2902 3196 3304 3266 Peloponneso.
3333 3198 3533 3251 Albani

272 3282 501 3348 λέγοντο
543 3287 593 3339 el
645 3288 755 3356 τῆς¹
805 3288 1219 3356 Πελοποννήσου
1287 3289 1531 3344 Ἀλϐανοὶ
1580 3293 1710 3363 περὶ
1754 3293 1851 3361 τὴν

1960 3290 2012 3343 iu
2048 3288 2434 3358 Peloponneso
2477 3275 2813 3352 habitantes,
2877 3288 3286 3357 colligebantur
3314 3290 3366 3342 in
3417 3305 3534 3341 mc-

274 3378 597 3444 μεσόγαιον,
645 3380 851 3448 Δαϐίην
899 3381 1240 3450 καλευμένην
1294 3381 1502 3451 χώραν,
1556 3386 1646 3436 καὶ
1698 3386 1849 3453 σφξσι

277 3470 591 3538 στρατηγὸν
635 3472 960 3539 ἐστήσαντο,
992 3472 1085 3525 καὶ
1145 3473 1450 3527 ἀπόστασιν
1506 3475 1852 3530 ἐϐουλεύοντο

274 3558 390 3615 ἀπὸ
432 3559 721 3632 Ἑλλήνων,
764 3561 842 3624 ὡς
883 3563 943 3614 τὸ
984 3562 1345 3632 Τουραχάνεω
1391 3565 1711 3635 στράτευμα
1740 3567 1853 3619 δια-

274 3652 564 3720 φθείρωσι.
619 3653 971 3724 Τουραχάνης
1026 3654 1244 3735 μέντρι,
1302 3655 1378 3718 ὡς
1437 3656 1671 3710 ἐπύθετο
1722 3656 1850 3720 τοὺς

210 3778 221 3785 .
285 3744 579 3808 Ἀλϐανοὺς
608 3744 695 3797 ἐπ’
721 3745 884 3799 αὑτὸν
912 3746 1079 3813 ὁμόσε
1118 3746 1293 3806 ἰόντας
1326 3746 1475 3808 ’δὼς
1506 3746 1599 3800 διὰ
1643 3748 1846 3819 μάχης,

278 3835 353 3899 ὡς
392 3834 497 3888 οῦκ
540 3836 1108 3904 ὴδύνατοδιαερυγεῐν,
1140 3837 1491 3903 παρετάξατό
1527 3855 1587 3890 τε
1625 3841 1706 3902 είς
1739 3843 1846 3909 μά·-

282 3943 399 4001 ίην.
456 3926 564 3978 Καὶ
619 3928 667 3978 oi
743 3926 991 3979 Ἀλϐανοὶ
1055 3927 1449 3996 συνταξάμενοι
1509 3928 1603 3981 καὶ
1669 3929 1846 3993 αὐτοὶ,

282 4019 541 4088 ἐπῄεσαν,
568 4018 663 4089 καὶ
695 4019 750 4080 ἐς
773 4022 962 4088 χεῖρας
991 4019 1259 4086 ἐλθόντες,
1292 4019 1413 4072 οὐδὲ
1443 4020 1697 4085 ἐδέξαντο
1722 4022 1848 4083 τοὺς

280 4108 577 4178 Τούρκους,
605 4109 719 4162 ἀλλ’
748 4112 1044 4180 ἐτράποντο
1070 4112 1124 4173 ἐς
1147 4112 1352 4183 φυγήν.
1390 4112 1665 4166 ,Ἐνταῦθα
1692 4112 1851 4178 ἐπεξα

278 4197 453 4251 ελθὼν
503 4201 530 4251 ό
568 4199 921 4269 Τουραχανης
964 4200 1293 4265 ἐπιδιώκων,
1326 4198 1556 4264 πολλούς
1605 4218 1663 4253 τε
1699 4201 1849 4254 ἀνεῖ-

276 4289 373 4343 λεν
419 4291 477 4342 ἐν
511 4292 578 4363 τῇ
622 4291 824 4357 διώξει.
867 4276 975 4343 Καὶ
1023 4290 1115 4355 οὓς
1170 4290 1486 4361 ἐζώγρησεν
1532 4292 1673 4361 ἀμφὶ
1723 4290 1849 4353 τοὺς

278 4381 633 4453 δκτακοσίους
678 4381 844 4435 αὑτοῦ
892 4382 1140 4446 ἅπαντας
1188 4384 1539 4453 διεχρήσατο.
1576 4384 1684 4434 Καὶ
1728 4382 1849 4443 ταῖς

278 4472 545 4539 κεφαλαῖς
582 4472 764 4525 αὐτῶν
808 4472 1017 4543 πυργία
1060 4473 1652 4542 ἐπῳκοδομησὰμενος,
1681 4470 1846 4541 ἀπῄει

278 4564 603 4630 ἐξελαύνων.
647 4564 836 4634 Τούτῳ
890 4566 987 4633 μὲν
1043 4564 1145 4625 οὖν¹
1182 4565 1371 4633 τάνδρὶ
1405 4564 1520 4618 ἔστι
1576 4566 1671 4618 καὶ
1712 4564 1847 4619 ἄλλα

286 4654 712 4723 ἐποδεδειγμὲνα
741 4656 878 4731 ἔργα
917 4657 974 4717 ἐς
1012 4656 1292 4725 ἀφήγησιν
1335 4656 1437 4709 οὐκ
1464 4658 1687 4727 ἀχρεῖα,
1721 4655 1787 4709 δι’
1812 4655 1849 4709 ἃ.

283 4745 343 4813 Si;
373 4745 673 4814 εὐδοκιμῶν
703 4750 853 4814 παρὰ
883 4745 1115 4814 βασιλεῖ,
1148 4748 1242 4799 ἐπὶ
1273 4746 1371 4814 τὴν
1422 4746 1517 4799 τοῦ
1567 4746 1849 4816 Βρενέζεω

283 4834 464 4905 χώραν
496 4826 719 4907 ἐχώρει(
764 4840 857 4915 καὶ
898 4840 991 4890 ἐπὶ
1034 4838 1239 4891 Δακίαν
1301 4839 1361 4891 ού
1404 4838 1583 4907 πολλῷ
1617 4838 1848 4907 ὕστερον

284 4929 555 4997 πεμφθεὶς
602 4918 708 4982 ὑπὸ
744 4930 1117 5005 Ἀμουράτεω,
1161 4932 1263 5001 τήν
1306 4949 1363 4983 τε
1403 4932 1587 5000 χώραν
1621 4932 1845 5002 ἐδῄωσε,

282 5022 375 5073 καὶ
419 5024 647 5091 στρατὸν
692 5024 889 5097 αὑτοῦ
918 5023 1279 5092 συλλεχθέντα
1328 5025 1387 5076 ού
1436 5024 1669 5094 σμικρόν
1690 5026 1846 5090 ἐτρέ-

282 5112 445 5180 ψατο,
477 5113 574 5166 καὶ
620 5114 778 5184 νίκην
826 5114 1068 5191 ᾁνείλετο
1108 5115 1407 5184 περιφανῆ.
1437 5114 1747 5184 ἀνδράποδά
1786 5130 1844 5165 τε

283 5204 373 5256 καὶ
405 5204 557 5257 λείαν
587 5204 808 5273 πολλὴν.
828 5206 952 5268 Τοῖς
984 5206 1081 5273 μὲν
1113 5201 1206 5258 οὖν
1241 5207 1466 5276 Ἕλλησι
1496 5206 1646 5273 θαμὰ.
1677 5204 1845 5258 ἰοῦσιν

279 5294 372 5345 ἐπὶ
406 5292 506 5354 τὰς
550 5280 947 5373 θύραςάὐτοῦ,
978 5296 1073 5348 καὶ
1103 5295 1303 5366 ἄνδρας
1333 5300 1460 5361 τοὺς
1484 5297 1655 5365 ,παρὰ
1676 5298 1846 5367 ,σφίσι

282 5384 693 5451 πρωτεύοντας,
749 5386 941 5448 ἄλλους
1014 5404 1073 5440 τε
1137 5386 1201 5458 δὴ
1240 5389 1371 5455 ’καὶ
1444 5388 1697 5456 Νοταρᾶν
1756 5388 1846 5438 τὸν

281 5476 475 5545 κυρίου
504 5475 719 5530 Λουκᾶν
754 5478 799 5509 ³⁸
826 5475 983 5531 δλϐον
1010 5480 1348 5548 ἐπιπέμψας,
1390 5479 1622 5540 σπονδὰς
1653 5478 1844 5546 ἐποιή-

278 5579 432 5618 σατο.

1955 3380 2269 3435 diterranea
2302 3384 2548 3449 regione,
2596 3395 2719 3449 qua
2760 3380 2927 3434 Dabia
2988 3389 3383 3449 nuncupatur:
3428 3381 3534 3434 eli-

1955 3481 2255 3541 gentesque
2286 3476 2506 3536 ducem,
2538 3473 2905 3527 defectionem
2934 3487 2962 3525 a
2993 3472 3202 3526 Graecis
3235 3474 3529 3541 parabant,

1954 3570 2009 3616 et
2046 3560 2391 3616 Turachanis
2424 3563 2730 3616 exercitum
2768 3563 2988 3629 penitus
3029 3561 3216 3617 delere
3253 3562 3530 3617 volebant.

1952 3653 2306 3709 Turaehanes
2342 3665 2394 3708 ut
2427 3656 2663 3724 accepit,
2714 3664 2909 3709 contra
2942 3670 3001 3711 se
3055 3654 3295 3710 Albanos
3355 3658 3527 3724 pralii

1954 3742 2186 3815 cupidos
2220 3762 2465 3819 pergere,
2493 3762 2615 3800 cum
2648 3763 2756 3802 non
2792 3754 2977 3816 posset
3002 3746 3243 3817 effugere
3280 3748 3527 3817 ipsorum

1954 3838 2521 3907 impetum,inaeiem
2576 3839 2763 3905 copias
2833 3840 3047 3893 eduxit.
3094 3839 3270 3893 Etiam
3330 3842 3529 3893 Albani

1954 3928 2007 3978 in
2038 3928 2209 3979 aciem
2246 3928 2674 3991 descenderunt,
2714 3937 2768 3981 et
2829 3928 3017 3981 hostes
3078 3928 3321 3996 aggressi
3377 3938 3526 3981 sunt.

1952 4018 2085 4072 Cum
2144 4027 2327 4071 autem
2404 4018 2710 4072 Turcorum
2777 4020 3039 4086 impetum
3083 4021 3361 4074 sustinere
3420 4036 3529 4072 non

1954 4119 2222 4179 possent,
2284 4109 2336 4161 in
2387 4110 2567 4178 fugam
2628 4118 2963 4164 vertuntur:
3033 4125 3265 4179 quorum
3323 4109 3526 4163 ca-dcm

1952 4200 2270 4259 maximam,
2312 4198 2669 4255 Turachanes
2712 4200 3017 4264 insecutus,
3081 4202 3135 4254 in
3195 4203 3321 4273 fuga
3376 4202 3523 4258 fecit.

1952 4288 2107 4357 Capti
2132 4291 2605 4360 suntoetingenti,
2631 4308 2767 4360 quos
2814 4308 3005 4345 omnes
3035 4308 3099 4346 eo
3139 4294 3245 4346 loci
3300 4295 3529 4347 obtrnne

1952 4382 2135 4435 cavit:
2164 4396 2228 4435 ex
2271 4398 2506 4450 quorum
2534 4384 2807 4451 capitibus
2836 4399 2957 4437 cum
2984 4386 3280 4438 turriculas
3305 4395 3528 4439 exstru-

1952 4472 2143 4537 xisset,
2170 4474 2460 4527 abscessit.
2492 4472 2585 4525 Vir
2617 4474 2711 4527 ille
2760 4486 2811 4528 et
2855 4476 2961 4527 alia
2998 4486 3304 4529 memoratu
3363 4476 3527 4546 digna

1876 4586 1926 4645 ι)
1956 4565 2097 4619 facta
2130 4566 2438 4635 designavit
2465 4582 2479 4619 :
2509 4576 2736 4636 propter
2755 4584 2875 4637 qua:
2908 4584 3030 4623 cum
3064 4568 3120 4621 in
3148 4572 3389 4622 maximo
3424 4569 3493 4621 ho

1949 4674 2084 4715 nore
2134 4673 2301 4728 penes
2334 4672 2516 4728 regem
2568 4659 2728 4723 foret,
2762 4660 2928 4713 etiam
2983 4659 3037 4737 in
3081 4660 3358 4727 regionem
3392 4660 3526 4713 Bre-

1950 4754 2099 4807 nezis
2121 4762 2176 4805 et
2206 4754 2259 4806 in
2319 4752 2536 4805 Daciam
2593 4754 2697 4807 iter
2735 4752 2995 4807 intendit.
3031 4752 3138 4806 Nec
3181 4753 3354 4808 multo
3397 4766 3520 4821 post

1942 4843 2131 4911 jussus
2155 4843 2235 4895 ire
2268 4842 2337 4895 ab
2366 4856 2493 4910 rege
2539 4856 2662 4895 cum
2711 4843 3042 4896 exercitibus
3095 4843 3369 4911 regionem
3401 4858 3527 4897 eva-

1947 4933 2138 4997 stavit,
2162 4940 2216 4986 et
2238 4932 2615 5001 conscriptum
2644 4932 2717 4985 ibi
2737 4932 3040 4986 exercitum
3082 4932 3228 4986 haud
3287 4947 3517 5001 parvum

1955 5025 2009 5079 iu
2048 5026 2229 5094 fugam
2261 5025 2565 5093 compulit:
2593 5040 2658 5079 ex
2700 5040 2811 5092 quo
2849 5025 3039 5093 praelio
3096 5023 3309 5077 redibat
3351 5023 3520 5076 victo-

1956 5116 2039 5171 ria
2077 5116 2422 5182 memorabili
2488 5118 2744 5180 illustris,
2798 5117 3091 5186 plurimam
3152 5124 3266 5167 tum
3318 5115 3524 5167 manci-

1957 5210 2198 5278 piorum,
2265 5218 2383 5263 tum
2445 5209 2675 5263 aliarum
2740 5223 2921 5262 rerum
2999 5206 3204 5260 vehens
3258 5206 3522 5273 prmdam.

1954 5299 2090 5353 Cuin
2125 5297 2328 5352 Graecis
2362 5297 2529 5367 igitur
2553 5298 2846 5351 Amurates
2883 5310 3007 5350 cum
3057 5294 3375 5363 frequenter
3433 5309 3525 5346 ve.

1954 5390 2135 5441 nireut
2158 5388 2210 5441 in
2231 5386 2452 5455 ianuas,
2481 5388 2766 5442 mittentes
2789 5386 2934 5440 viros
2965 5384 3282 5455 primarios,
3322 5384 3521 5453 opibus

1952 5478 2276 5548 reliquaque
2304 5477 2567 5532 felicitate
2598 5479 2801 5543 claros,
2825 5477 2967 5530 inter
2985 5492 3123 5546 quos
3157 5484 3209 5530 et
3238 5474 3515 5535 Notaram,

1955 5578 2011 5624 et
2041 5570 2393 5634 Carolucam,
2424 5569 2644 5623 tandem
2680 5583 2869 5639 pacem
2904 5569 3238 5638 composuit.

1544 5704 1787 5765 Notulte
1818 5706 2224 5782 marginales.

344 5828 393 5859 ”
421 5827 767 5897 συμϐίϐασιν.
808 5825 872 5881 R.
913 5836 966 5881 ut
996 5828 1048 5880 in
1079 5842 1126 5880 c.
1204 5825 1249 5858 ⁸⁸
1285 5825 1591 5896 χωροῦντας
1622 5827 1711 5879 ΑΙ.
1748 5839 1801 5881 ut
1832 5829 1848 5879 i

1953 5871 1954 5874 η
2035 5827 2082 5859 ’⁸
2112 5826 2203 5878 τὸν
2234 5826 2466 5893 Δουκᾶν,
2497 5826 2569 5878 al.
2594 5825 2998 5893 Κυρουλουκᾶν.
