  <div class='ocr_page' id='page_1' title='image "/cluster/home/n/w/nwhite01/storage/ocr_20150623/159/hvd.32044073502684/144.png"; bbox 0 0 4010 6208; ppageno 0'>
   <div class='ocr_carea' id='block_1_1' title="bbox 212 280 316 343">
    <p class='ocr_par' dir='ltr' id='par_1_1' title="bbox 212 280 316 343">
     <span class='ocr_line' id='line_1_1' title="bbox 212 280 316 343; baseline -0.01 -1"><span class='ocrx_word' id='word_1_1' title='bbox 212 280 316 343; x_wconf 67' lang='grc'><strong>249</strong></span> 
     </span>
    </p>
   </div>
   <div class='ocr_carea' id='block_1_2' title="bbox 1292 272 2367 345">
    <p class='ocr_par' dir='ltr' id='par_1_2' title="bbox 1292 272 2367 345">
     <span class='ocr_line' id='line_1_2' title="bbox 1292 272 2367 345; baseline 0.005 -7"><span class='ocrx_word' id='word_1_2' title='bbox 1292 272 1403 338; x_wconf 78' lang='lat' dir='ltr'><strong>DE</strong></span> <span class='ocrx_word' id='word_1_3' title='bbox 1436 279 1688 339; x_wconf 70' lang='grc' dir='ltr'><strong>ΗΕΒΗὸ</strong></span> <span class='ocrx_word' id='word_1_4' title='bbox 1719 279 2075 340; x_wconf 76' lang='lat' dir='ltr'><strong>TURCICIS</strong></span> <span class='ocrx_word' id='word_1_5' title='bbox 2114 283 2256 345; x_wconf 79' lang='lat' dir='ltr'><strong>LIB.</strong></span> <span class='ocrx_word' id='word_1_6' title='bbox 2301 286 2367 344; x_wconf 87' lang='lat' dir='ltr'><strong>V.</strong></span> 
     </span>
    </p>
   </div>
   <div class='ocr_carea' id='block_1_3' title="bbox 3348 288 3457 355">
    <p class='ocr_par' dir='ltr' id='par_1_3' title="bbox 3348 288 3457 355">
     <span class='ocr_line' id='line_1_3' title="bbox 3348 288 3457 355; baseline 0.018 -2"><span class='ocrx_word' id='word_1_7' title='bbox 3348 288 3457 355; x_wconf 61' lang='lat'><strong>256</strong></span> 
     </span>
    </p>
   </div>
   <div class='ocr_carea' id='block_1_4' title="bbox 210 380 1807 470">
    <p class='ocr_par' dir='ltr' id='par_1_4' title="bbox 210 390 1783 465">
     <span class='ocr_line' id='line_1_4' title="bbox 210 390 1783 465; baseline -0.004 -16"><span class='ocrx_word' id='word_1_8' title='bbox 210 396 501 465; x_wconf 68' lang='grc' dir='ltr'>βασιλέως.</span> <span class='ocrx_word' id='word_1_9' title='bbox 543 392 653 446; x_wconf 81' lang='grc' dir='ltr'><strong>Καὶ</strong></span> <span class='ocrx_word' id='word_1_10' title='bbox 680 390 804 453; x_wconf 77' lang='grc' dir='ltr'>τούς</span> <span class='ocrx_word' id='word_1_11' title='bbox 831 409 893 458; x_wconf 87' lang='grc' dir='ltr'><strong>γε</strong></span> <span class='ocrx_word' id='word_1_12' title='bbox 921 390 1187 461; x_wconf 71' lang='grc' dir='ltr'>ἄρχοντας</span> <span class='ocrx_word' id='word_1_13' title='bbox 1236 391 1335 459; x_wconf 77' lang='grc' dir='ltr'>τῆς</span> <span class='ocrx_word' id='word_1_14' title='bbox 1384 393 1566 462; x_wconf 81' lang='grc' dir='ltr'>χώρας</span> <span class='ocrx_word' id='word_1_15' title='bbox 1613 392 1783 462; x_wconf 81' lang='grc' dir='ltr'>Τούρ-</span> 
     </span>
    </p>
   </div>
   <div class='ocr_carea' id='block_1_5' title="bbox 1909 380 3450 470">
    <p class='ocr_par' dir='ltr' id='par_1_5' title="bbox 1909 380 3450 470">
     <span class='ocr_line' id='line_1_5' title="bbox 1909 380 3450 470; baseline 0.01 -24"><span class='ocrx_word' id='word_1_16' title='bbox 1909 380 2169 450; x_wconf 72' lang='grc' dir='ltr'>ιιιιιίιόιίο</span> <span class='ocrx_word' id='word_1_17' title='bbox 2230 398 2529 465; x_wconf 85' lang='lat' dir='ltr'><strong>regionem,</strong></span> <span class='ocrx_word' id='word_1_18' title='bbox 2578 413 2743 468; x_wconf 85' lang='lat' dir='ltr'><strong>quam</strong></span> <span class='ocrx_word' id='word_1_19' title='bbox 2800 409 3031 469; x_wconf 84' lang='lat' dir='ltr'><strong>egerunt</strong></span> <span class='ocrx_word' id='word_1_20' title='bbox 3063 402 3133 455; x_wconf 75' lang='grc' dir='ltr'><strong>ὀι</strong></span> <span class='ocrx_word' id='word_1_21' title='bbox 3186 403 3450 470; x_wconf 85' lang='lat' dir='ltr'><strong>tulerunt.</strong></span> 
     </span>
    </p>
   </div>
   <div class='ocr_carea' id='block_1_6' title="bbox 208 482 1788 552">
    <p class='ocr_par' dir='ltr' id='par_1_6' title="bbox 208 482 1788 552">
     <span class='ocr_line' id='line_1_6' title="bbox 208 482 1788 552; baseline -0.002 -12"><span class='ocrx_word' id='word_1_22' title='bbox 208 506 335 547; x_wconf 72' lang='grc' dir='ltr'>κους</span> <span class='ocrx_word' id='word_1_23' title='bbox 371 485 682 546; x_wconf 75' lang='grc' dir='ltr'><strong>ἀνελόντες,</strong></span> <span class='ocrx_word' id='word_1_24' title='bbox 714 483 1016 551; x_wconf 71' lang='grc' dir='ltr'>ἐπέδραμον</span> <span class='ocrx_word' id='word_1_25' title='bbox 1036 482 1133 552; x_wconf 75' lang='grc' dir='ltr'>τὴν</span> <span class='ocrx_word' id='word_1_26' title='bbox 1164 482 1422 551; x_wconf 79' lang='grc' dir='ltr'>βασιλέως</span> <span class='ocrx_word' id='word_1_27' title='bbox 1458 482 1664 551; x_wconf 81' lang='grc' dir='ltr'>χώραν,</span> <span class='ocrx_word' id='word_1_28' title='bbox 1694 486 1788 537; x_wconf 72' lang='grc' dir='ltr'>καὶ</span> 
     </span>
    </p>
   </div>
   <div class='ocr_carea' id='block_1_7' title="bbox 207 574 1789 649">
    <p class='ocr_par' dir='ltr' id='par_1_7' title="bbox 207 574 1789 649">
     <span class='ocr_line' id='line_1_7' title="bbox 207 574 1789 649; baseline -0.003 -18"><span class='ocrx_word' id='word_1_29' title='bbox 207 577 341 649; x_wconf 78' lang='grc' dir='ltr'>ἦγον</span> <span class='ocrx_word' id='word_1_30' title='bbox 376 576 710 645; x_wconf 70' lang='grc' dir='ltr'>καὶέφερον.</span> <span class='ocrx_word' id='word_1_31' title='bbox 738 574 936 643; x_wconf 86' lang='grc' dir='ltr'>Χώραν</span> <span class='ocrx_word' id='word_1_32' title='bbox 975 591 1032 626; x_wconf 84' lang='grc' dir='ltr'><strong>τε</strong></span> <span class='ocrx_word' id='word_1_33' title='bbox 1079 574 1319 644; x_wconf 76' lang='grc' dir='ltr'>ἐρυμνὴν</span> <span class='ocrx_word' id='word_1_34' title='bbox 1350 574 1668 644; x_wconf 76' lang='grc' dir='ltr'><strong>κατέχοντες</strong></span> <span class='ocrx_word' id='word_1_35' title='bbox 1693 577 1789 627; x_wconf 80' lang='grc' dir='ltr'>αύ-</span> 
     </span>
    </p>
   </div>
   <div class='ocr_carea' id='block_1_8' title="bbox 209 664 1790 736">
    <p class='ocr_par' dir='ltr' id='par_1_8' title="bbox 209 664 1790 736">
     <span class='ocr_line' id='line_1_8' title="bbox 209 664 1790 736; baseline -0.004 -13"><span class='ocrx_word' id='word_1_36' title='bbox 209 670 430 731; x_wconf 76' lang='grc' dir='ltr'>τοί,καὶ</span> <span class='ocrx_word' id='word_1_37' title='bbox 484 664 703 736; x_wconf 66' lang='grc' dir='ltr'>ὀρεινὴν</span> <span class='ocrx_word' id='word_1_38' title='bbox 733 667 833 732; x_wconf 80' lang='grc' dir='ltr'>τὴν</span> <span class='ocrx_word' id='word_1_39' title='bbox 889 664 1182 731; x_wconf 76' lang='grc' dir='ltr'><strong>σύμπασαν</strong></span> <span class='ocrx_word' id='word_1_40' title='bbox 1239 665 1330 716; x_wconf 74' lang='grc' dir='ltr'>καὶ</span> <span class='ocrx_word' id='word_1_41' title='bbox 1369 667 1653 733; x_wconf 83' lang='grc' dir='ltr'>τραχεῖαν.</span> <span class='ocrx_word' id='word_1_42' title='bbox 1700 666 1790 727; x_wconf 81' lang='grc' dir='ltr'><strong>Ὠς</strong></span> 
     </span>
    </p>
   </div>
   <div class='ocr_carea' id='block_1_9' title="bbox 215 752 1784 831">
    <p class='ocr_par' dir='ltr' id='par_1_9' title="bbox 215 752 1784 831">
     <span class='ocr_line' id='line_1_9' title="bbox 215 752 1784 831; baseline -0.008 -17"><span class='ocrx_word' id='word_1_43' title='bbox 215 764 310 831; x_wconf 78' lang='grc' dir='ltr'>μὲν</span> <span class='ocrx_word' id='word_1_44' title='bbox 343 758 442 813; x_wconf 68' lang='grc' dir='ltr'>οὖν</span> <span class='ocrx_word' id='word_1_45' title='bbox 477 759 653 810; x_wconf 80' lang='grc' dir='ltr'>ταῦτα</span> <span class='ocrx_word' id='word_1_46' title='bbox 695 756 993 825; x_wconf 77' lang='grc' dir='ltr'><strong>ἠγγέλλετο</strong></span> <span class='ocrx_word' id='word_1_47' title='bbox 1032 753 1260 821; x_wconf 76' lang='grc' dir='ltr'>βασιλεῖ,</span> <span class='ocrx_word' id='word_1_48' title='bbox 1296 752 1555 823; x_wconf 75' lang='grc' dir='ltr'><strong>ἔπεμπεν</strong></span> <span class='ocrx_word' id='word_1_49' title='bbox 1594 753 1784 821; x_wconf 79' lang='grc' dir='ltr'>Ἀλίην</span> 
     </span>
    </p>
   </div>
   <div class='ocr_carea' id='block_1_10' title="bbox 212 839 1790 918">
    <p class='ocr_par' dir='ltr' id='par_1_10' title="bbox 212 839 1790 918">
     <span class='ocr_line' id='line_1_10' title="bbox 212 839 1790 918; baseline -0.008 -15"><span class='ocrx_word' id='word_1_50' title='bbox 212 853 305 903; x_wconf 72' lang='grc' dir='ltr'>τὸν</span> <span class='ocrx_word' id='word_1_51' title='bbox 348 850 660 918; x_wconf 76' lang='grc' dir='ltr'>Βρενέζεω,</span> <span class='ocrx_word' id='word_1_52' title='bbox 704 846 1013 914; x_wconf 63' lang='grc' dir='ltr'>στρατηγθιν</span> <span class='ocrx_word' id='word_1_53' title='bbox 1055 841 1367 905; x_wconf 81' lang='grc' dir='ltr'>ἀποδείξας,</span> <span class='ocrx_word' id='word_1_54' title='bbox 1394 841 1485 893; x_wconf 73' lang='grc' dir='ltr'>καὶ</span> <span class='ocrx_word' id='word_1_55' title='bbox 1512 839 1790 910; x_wconf 70' lang='grc' dir='ltr'>παραδοὺς</span> 
     </span>
    </p>
   </div>
   <div class='ocr_carea' id='block_1_11' title="bbox 216 932 1791 1010">
    <p class='ocr_par' dir='ltr' id='par_1_11' title="bbox 216 932 1791 1010">
     <span class='ocr_line' id='line_1_11' title="bbox 216 932 1791 1010; baseline -0.006 -17"><span class='ocrx_word' id='word_1_56' title='bbox 216 940 366 1010; x_wconf 70' lang='grc' dir='ltr'>αὑτῷ</span> <span class='ocrx_word' id='word_1_57' title='bbox 405 938 753 1009; x_wconf 78' lang='grc' dir='ltr'>στράτευμα.</span> <span class='ocrx_word' id='word_1_58' title='bbox 781 936 906 989; x_wconf 82' lang='grc' dir='ltr'>ὅσον</span> <span class='ocrx_word' id='word_1_59' title='bbox 934 951 992 986; x_wconf 86' lang='grc' dir='ltr'><strong>τε</strong></span> <span class='ocrx_word' id='word_1_60' title='bbox 1027 935 1180 1002; x_wconf 66' lang='grc' dir='ltr'>παρὰ</span> <span class='ocrx_word' id='word_1_61' title='bbox 1217 934 1390 998; x_wconf 74' lang='grc' dir='ltr'>Ἀξιὸν</span> <span class='ocrx_word' id='word_1_62' title='bbox 1425 932 1672 1002; x_wconf 77' lang='grc' dir='ltr'>ποταμὸν</span> <span class='ocrx_word' id='word_1_63' title='bbox 1696 933 1791 984; x_wconf 80' lang='grc' dir='ltr'>καὶ</span> 
     </span>
    </p>
   </div>
   <div class='ocr_carea' id='block_1_12' title="bbox 216 1022 1790 1099">
    <p class='ocr_par' dir='ltr' id='par_1_12' title="bbox 216 1022 1790 1099">
     <span class='ocr_line' id='line_1_12' title="bbox 216 1022 1790 1099; baseline -0.007 -15"><span class='ocrx_word' id='word_1_64' title='bbox 216 1032 313 1098; x_wconf 78' lang='grc' dir='ltr'><strong>τῆς</strong></span> <span class='ocrx_word' id='word_1_65' title='bbox 357 1026 864 1099; x_wconf 75' lang='grc' dir='ltr'>’Δργυροπολξχνης</span> <span class='ocrx_word' id='word_1_66' title='bbox 885 1065 899 1087; x_wconf 84' lang='grc'><strong>,</strong></span> <span class='ocrx_word' id='word_1_67' title='bbox 940 1026 1036 1078; x_wconf 74' lang='grc' dir='ltr'>καὶ</span> <span class='ocrx_word' id='word_1_68' title='bbox 1062 1024 1458 1094; x_wconf 82' lang='grc' dir='ltr'>ἱπποδρόμους,</span> <span class='ocrx_word' id='word_1_69' title='bbox 1490 1022 1605 1076; x_wconf 76' lang='grc' dir='ltr'>ὅσοι</span> <span class='ocrx_word' id='word_1_70' title='bbox 1630 1022 1790 1090; x_wconf 72' lang='grc' dir='ltr'>τήνδε</span> 
     </span>
    </p>
   </div>
   <div class='ocr_carea' id='block_1_13' title="bbox 215 1112 1791 1190">
    <p class='ocr_par' dir='ltr' id='par_1_13' title="bbox 215 1112 1791 1190">
     <span class='ocr_line' id='line_1_13' title="bbox 215 1112 1791 1190; baseline -0.007 -16"><span class='ocrx_word' id='word_1_71' title='bbox 215 1122 312 1190; x_wconf 84' lang='grc' dir='ltr'><strong>τὴν</strong></span> <span class='ocrx_word' id='word_1_72' title='bbox 363 1119 558 1189; x_wconf 83' lang='grc' dir='ltr'>χώραν</span> <span class='ocrx_word' id='word_1_73' title='bbox 608 1115 936 1178; x_wconf 71' lang='grc' dir='ltr'>ἐνοικοῦσιν,</span> <span class='ocrx_word' id='word_1_74' title='bbox 990 1114 1247 1166; x_wconf 76' lang='grc' dir='ltr'>ἐκέλευεν</span> <span class='ocrx_word' id='word_1_75' title='bbox 1306 1113 1572 1176; x_wconf 72' lang='grc' dir='ltr'>ιπιόντα,</span> <span class='ocrx_word' id='word_1_76' title='bbox 1603 1112 1704 1183; x_wconf 86' lang='grc' dir='ltr'>τήν</span> <span class='ocrx_word' id='word_1_77' title='bbox 1732 1127 1791 1164; x_wconf 90' lang='grc' dir='ltr'><strong>τε</strong></span> 
     </span>
    </p>
   </div>
   <div class='ocr_carea' id='block_1_14' title="bbox 218 1202 1792 1281">
    <p class='ocr_par' dir='ltr' id='par_1_14' title="bbox 218 1202 1792 1281">
     <span class='ocr_line' id='line_1_14' title="bbox 218 1202 1792 1281; baseline -0.005 -17"><span class='ocrx_word' id='word_1_78' title='bbox 218 1211 404 1281; x_wconf 79' lang='grc' dir='ltr'>χώραν</span> <span class='ocrx_word' id='word_1_79' title='bbox 438 1208 593 1273; x_wconf 82' lang='grc' dir='ltr'><strong>αύτῷ</strong></span> <span class='ocrx_word' id='word_1_80' title='bbox 632 1208 732 1278; x_wconf 82' lang='grc' dir='ltr'>τὴν</span> <span class='ocrx_word' id='word_1_81' title='bbox 795 1206 1075 1261; x_wconf 82' lang='grc' dir='ltr'>Ἀλϐανῶν</span> <span class='ocrx_word' id='word_1_82' title='bbox 1131 1204 1645 1276; x_wconf 80' lang='grc' dir='ltr'>καταστρέψασθαι,</span> <span class='ocrx_word' id='word_1_83' title='bbox 1695 1202 1792 1257; x_wconf 82' lang='grc' dir='ltr'>καὶ</span> 
     </span>
    </p>
   </div>
   <div class='ocr_carea' id='block_1_15' title="bbox 220 1297 1798 1372">
    <p class='ocr_par' dir='ltr' id='par_1_15' title="bbox 220 1297 1798 1372">
     <span class='ocr_line' id='line_1_15' title="bbox 220 1297 1798 1372; baseline -0.005 -16"><span class='ocrx_word' id='word_1_84' title='bbox 220 1301 783 1372; x_wconf 74' lang='grc' dir='ltr'>ἁνδραποδισςὶμενον,</span> <span class='ocrx_word' id='word_1_85' title='bbox 822 1300 981 1369; x_wconf 70' lang='grc' dir='ltr'>ἥκειν</span> <span class='ocrx_word' id='word_1_86' title='bbox 1028 1297 1175 1367; x_wconf 71' lang='grc' dir='ltr'>αὐτῷ</span> <span class='ocrx_word' id='word_1_87' title='bbox 1212 1298 1415 1365; x_wconf 79' lang='grc' dir='ltr'>ἄγοντα</span> <span class='ocrx_word' id='word_1_88' title='bbox 1448 1297 1539 1349; x_wconf 68' lang='grc' dir='ltr'><strong>τὸν</strong></span> <span class='ocrx_word' id='word_1_89' title='bbox 1571 1298 1798 1367; x_wconf 81' lang='grc' dir='ltr'>Κομνη-</span> 
     </span>
    </p>
   </div>
   <div class='ocr_carea' id='block_1_16' title="bbox 222 1384 1793 1459">
    <p class='ocr_par' dir='ltr' id='par_1_16' title="bbox 222 1384 1793 1459">
     <span class='ocr_line' id='line_1_16' title="bbox 222 1384 1793 1459; baseline -0.003 -15"><span class='ocrx_word' id='word_1_90' title='bbox 222 1392 312 1445; x_wconf 83' lang='grc' dir='ltr'>νοῦ</span> <span class='ocrx_word' id='word_1_91' title='bbox 342 1393 537 1444; x_wconf 73' lang='grc' dir='ltr'>παῖδα.</span> <span class='ocrx_word' id='word_1_92' title='bbox 568 1390 736 1452; x_wconf 78' lang='grc' dir='ltr'>οὗτος</span> <span class='ocrx_word' id='word_1_93' title='bbox 770 1391 868 1459; x_wconf 81' lang='grc' dir='ltr'>μὲν</span> <span class='ocrx_word' id='word_1_94' title='bbox 887 1384 982 1442; x_wconf 77' lang='grc' dir='ltr'>οὖν</span> <span class='ocrx_word' id='word_1_95' title='bbox 1009 1387 1193 1442; x_wconf 84' lang='grc' dir='ltr'>λαϐὼν</span> <span class='ocrx_word' id='word_1_96' title='bbox 1228 1389 1322 1441; x_wconf 78' lang='grc' dir='ltr'>τὸν</span> <span class='ocrx_word' id='word_1_97' title='bbox 1352 1389 1589 1458; x_wconf 73' lang='grc' dir='ltr'>στρατὸν</span> <span class='ocrx_word' id='word_1_98' title='bbox 1615 1390 1793 1443; x_wconf 68' lang='grc' dir='ltr'>ἅπαν.</span> 
     </span>
    </p>
   </div>
   <div class='ocr_carea' id='block_1_17' title="bbox 220 1480 1795 1551">
    <p class='ocr_par' dir='ltr' id='par_1_17' title="bbox 220 1480 1795 1551">
     <span class='ocr_line' id='line_1_17' title="bbox 220 1480 1795 1551; baseline -0.001 -15"><span class='ocrx_word' id='word_1_99' title='bbox 220 1502 305 1549; x_wconf 85' lang='grc' dir='ltr'><strong>τα,</strong></span> <span class='ocrx_word' id='word_1_100' title='bbox 340 1482 603 1538; x_wconf 75' lang='grc' dir='ltr'>ἐσέϐαλεν</span> <span class='ocrx_word' id='word_1_101' title='bbox 655 1483 713 1544; x_wconf 70' lang='grc' dir='ltr'><strong>ἐς</strong></span> <span class='ocrx_word' id='word_1_102' title='bbox 749 1481 849 1551; x_wconf 83' lang='grc' dir='ltr'>τὴν</span> <span class='ocrx_word' id='word_1_103' title='bbox 898 1480 1104 1551; x_wconf 78' lang='grc' dir='ltr'>χώραν,</span> <span class='ocrx_word' id='word_1_104' title='bbox 1137 1483 1234 1535; x_wconf 73' lang='grc' dir='ltr'>καὶ</span> <span class='ocrx_word' id='word_1_105' title='bbox 1272 1482 1438 1545; x_wconf 67' lang='grc' dir='ltr'>πεζὸν</span> <span class='ocrx_word' id='word_1_106' title='bbox 1488 1480 1604 1549; x_wconf 68' lang='grc' dir='ltr'>ἅμα</span> <span class='ocrx_word' id='word_1_107' title='bbox 1632 1482 1795 1550; x_wconf 74' lang='grc' dir='ltr'>εύράο</span> 
     </span>
    </p>
   </div>
   <div class='ocr_carea' id='block_1_18' title="bbox 229 1571 1796 1644">
    <p class='ocr_par' dir='ltr' id='par_1_18' title="bbox 229 1571 1796 1644">
     <span class='ocr_line' id='line_1_18' title="bbox 229 1571 1796 1644; baseline -0.003 -17"><span class='ocrx_word' id='word_1_108' title='bbox 229 1593 386 1644; x_wconf 82' lang='grc' dir='ltr'>μενος</span> <span class='ocrx_word' id='word_1_109' title='bbox 430 1574 533 1627; x_wconf 79' lang='grc' dir='ltr'>οὒκ</span> <span class='ocrx_word' id='word_1_110' title='bbox 583 1572 794 1639; x_wconf 64' lang='grc' dir='ltr'>ὀλίγως</span> <span class='ocrx_word' id='word_1_111' title='bbox 836 1572 927 1633; x_wconf 79' lang='grc' dir='ltr'><strong>Ὠς</strong></span> <span class='ocrx_word' id='word_1_112' title='bbox 973 1572 1028 1624; x_wconf 78' lang='grc' dir='ltr'>δὲ</span> <span class='ocrx_word' id='word_1_113' title='bbox 1067 1572 1345 1636; x_wconf 69' lang='grc' dir='ltr'>ἐσέϐαλον,</span> <span class='ocrx_word' id='word_1_114' title='bbox 1381 1571 1569 1642; x_wconf 63' lang='grc' dir='ltr'>ἐδῄουν</span> <span class='ocrx_word' id='word_1_115' title='bbox 1597 1589 1656 1624; x_wconf 89' lang='grc' dir='ltr'><strong>τε</strong></span> <span class='ocrx_word' id='word_1_116' title='bbox 1695 1572 1796 1641; x_wconf 66' lang='grc' dir='ltr'>τὴν</span> 
     </span>
    </p>
   </div>
   <div class='ocr_carea' id='block_1_19' title="bbox 226 1662 1789 1735">
    <p class='ocr_par' dir='ltr' id='par_1_19' title="bbox 226 1662 1789 1735">
     <span class='ocr_line' id='line_1_19' title="bbox 226 1662 1789 1735; baseline -0.002 -18"><span class='ocrx_word' id='word_1_117' title='bbox 226 1666 431 1735; x_wconf 78' lang='grc' dir='ltr'>χώραν,</span> <span class='ocrx_word' id='word_1_118' title='bbox 467 1666 566 1717; x_wconf 79' lang='grc' dir='ltr'>καὶ</span> <span class='ocrx_word' id='word_1_119' title='bbox 595 1664 956 1733; x_wconf 70' lang='grc' dir='ltr'>ἐνεπίμπρων</span> <span class='ocrx_word' id='word_1_120' title='bbox 1004 1662 1183 1724; x_wconf 78' lang='grc' dir='ltr'>οίκίας</span> <span class='ocrx_word' id='word_1_121' title='bbox 1213 1680 1272 1716; x_wconf 83' lang='grc' dir='ltr'><strong>τε</strong></span> <span class='ocrx_word' id='word_1_122' title='bbox 1314 1664 1407 1717; x_wconf 80' lang='grc' dir='ltr'><strong>καὶ</strong></span> <span class='ocrx_word' id='word_1_123' title='bbox 1448 1663 1673 1733; x_wconf 80' lang='grc' dir='ltr'>ἀγροὺς,</span> <span class='ocrx_word' id='word_1_124' title='bbox 1699 1663 1789 1715; x_wconf 79' lang='grc' dir='ltr'><strong>οὐ·</strong></span> 
     </span>
    </p>
   </div>
   <div class='ocr_carea' id='block_1_20' title="bbox 229 1734 1871 1827">
    <p class='ocr_par' dir='ltr' id='par_1_20' title="bbox 229 1734 1871 1827">
     <span class='ocr_line' id='line_1_20' title="bbox 229 1734 1871 1827; baseline -0.002 -16"><span class='ocrx_word' id='word_1_125' title='bbox 229 1734 375 1823; x_wconf 64' lang='grc' dir='ltr'>δενδς</span> <span class='ocrx_word' id='word_1_126' title='bbox 408 1757 743 1826; x_wconf 77' lang='grc' dir='ltr'>φειδόμενοι.</span> <span class='ocrx_word' id='word_1_127' title='bbox 786 1754 847 1806; x_wconf 80' lang='grc' dir='ltr'>Ὀ</span> <span class='ocrx_word' id='word_1_128' title='bbox 898 1755 1083 1825; x_wconf 79' lang='grc' dir='ltr'>μέντοι</span> <span class='ocrx_word' id='word_1_129' title='bbox 1122 1755 1439 1827; x_wconf 80' lang='grc' dir='ltr'>’Δριανίτης</span> <span class='ocrx_word' id='word_1_130' title='bbox 1469 1754 1797 1822; x_wconf 87' lang='grc' dir='ltr'>συναγαγὼν</span> <span class='ocrx_word' id='word_1_131' title='bbox 1829 1734 1871 1789; x_wconf 68' lang='grc' dir='ltr'><strong>Β</strong></span> 
     </span>
    </p>
   </div>
   <div class='ocr_carea' id='block_1_21' title="bbox 233 1845 1796 1917">
    <p class='ocr_par' dir='ltr' id='par_1_21' title="bbox 233 1845 1796 1917">
     <span class='ocr_line' id='line_1_21' title="bbox 233 1845 1796 1917; baseline -0.001 -17"><span class='ocrx_word' id='word_1_132' title='bbox 233 1850 353 1911; x_wconf 73' lang='grc' dir='ltr'>τοὺς</span> <span class='ocrx_word' id='word_1_133' title='bbox 371 1849 473 1917; x_wconf 77' lang='grc' dir='ltr'><strong>τῆς</strong></span> <span class='ocrx_word' id='word_1_134' title='bbox 512 1846 703 1917; x_wconf 78' lang='grc' dir='ltr'>χώρας</span> <span class='ocrx_word' id='word_1_135' title='bbox 738 1846 943 1908; x_wconf 80' lang='grc' dir='ltr'>ίππέας</span> <span class='ocrx_word' id='word_1_136' title='bbox 985 1864 1045 1900; x_wconf 88' lang='grc' dir='ltr'><strong>τε</strong></span> <span class='ocrx_word' id='word_1_137' title='bbox 1088 1848 1183 1901; x_wconf 76' lang='grc' dir='ltr'>καὶ</span> <span class='ocrx_word' id='word_1_138' title='bbox 1220 1845 1443 1910; x_wconf 73' lang='grc' dir='ltr'>πεζοὺς.</span> <span class='ocrx_word' id='word_1_139' title='bbox 1474 1846 1571 1900; x_wconf 77' lang='grc' dir='ltr'>καὶ</span> <span class='ocrx_word' id='word_1_140' title='bbox 1601 1845 1796 1916; x_wconf 83' lang='grc' dir='ltr'>ἀφικό-</span> 
     </span>
    </p>
   </div>
   <div class='ocr_carea' id='block_1_22' title="bbox 242 1932 1802 2011">
    <p class='ocr_par' dir='ltr' id='par_1_22' title="bbox 242 1932 1802 2011">
     <span class='ocr_line' id='line_1_22' title="bbox 242 1932 1802 2011; baseline -0.003 -17"><span class='ocrx_word' id='word_1_141' title='bbox 242 1958 417 2009; x_wconf 82' lang='grc' dir='ltr'>μενος,</span> <span class='ocrx_word' id='word_1_142' title='bbox 456 1938 873 2007; x_wconf 73' lang='grc' dir='ltr'>καταλαμϐάνει</span> <span class='ocrx_word' id='word_1_143' title='bbox 906 1938 977 1991; x_wconf 79' lang='grc' dir='ltr'>τὰ</span> <span class='ocrx_word' id='word_1_144' title='bbox 1006 1938 1177 2009; x_wconf 72' lang='grc' dir='ltr'>ἂκρα,</span> <span class='ocrx_word' id='word_1_145' title='bbox 1223 1932 1258 2011; x_wconf 77' lang='grc' dir='ltr'><strong>ᾗ</strong></span> <span class='ocrx_word' id='word_1_146' title='bbox 1307 1937 1537 2006; x_wconf 64' lang='grc' dir='ltr'>ἔμελλεν</span> <span class='ocrx_word' id='word_1_147' title='bbox 1570 1936 1802 2000; x_wconf 81' lang='grc' dir='ltr'>ἀναζεύ-</span> 
     </span>
    </p>
   </div>
   <div class='ocr_carea' id='block_1_23' title="bbox 246 2027 1801 2100">
    <p class='ocr_par' dir='ltr' id='par_1_23' title="bbox 246 2027 1801 2100">
     <span class='ocr_line' id='line_1_23' title="bbox 246 2027 1801 2100; baseline -0.001 -17"><span class='ocrx_word' id='word_1_148' title='bbox 246 2033 333 2095; x_wconf 79' lang='grc' dir='ltr'>ξας</span> <span class='ocrx_word' id='word_1_149' title='bbox 373 2032 554 2100; x_wconf 77' lang='grc' dir='ltr'>’Δλίης</span> <span class='ocrx_word' id='word_1_150' title='bbox 599 2034 629 2085; x_wconf 79' lang='grc' dir='ltr'>ὁ</span> <span class='ocrx_word' id='word_1_151' title='bbox 678 2030 774 2084; x_wconf 83' lang='grc' dir='ltr'><strong>τοῦ</strong></span> <span class='ocrx_word' id='word_1_152' title='bbox 830 2030 1113 2099; x_wconf 80' lang='grc' dir='ltr'>Βρενέζεω</span> <span class='ocrx_word' id='word_1_153' title='bbox 1156 2029 1494 2095; x_wconf 73' lang='grc' dir='ltr'>ἐξελαύνειν.</span> <span class='ocrx_word' id='word_1_154' title='bbox 1551 2028 1662 2082; x_wconf 74' lang='grc' dir='ltr'><strong>Καὶ</strong></span> <span class='ocrx_word' id='word_1_155' title='bbox 1722 2027 1801 2091; x_wconf 78' lang='grc' dir='ltr'><strong>ὡς</strong></span> 
     </span>
    </p>
   </div>
   <div class='ocr_carea' id='block_1_24' title="bbox 246 2118 1800 2191">
    <p class='ocr_par' dir='ltr' id='par_1_24' title="bbox 246 2118 1800 2191">
     <span class='ocr_line' id='line_1_24' title="bbox 246 2118 1800 2191; baseline 0 -19"><span class='ocrx_word' id='word_1_156' title='bbox 246 2124 547 2191; x_wconf 65' lang='grc' dir='ltr'>ἐπειρῶντο</span> <span class='ocrx_word' id='word_1_157' title='bbox 587 2123 719 2191; x_wconf 79' lang='grc' dir='ltr'>μετὰ</span> <span class='ocrx_word' id='word_1_158' title='bbox 754 2121 931 2175; x_wconf 82' lang='grc' dir='ltr'>ταῦτα</span> <span class='ocrx_word' id='word_1_159' title='bbox 979 2121 1031 2174; x_wconf 73' lang='lat' dir='ltr'><strong>oi</strong></span> <span class='ocrx_word' id='word_1_160' title='bbox 1063 2120 1156 2174; x_wconf 71' lang='grc' dir='ltr'><strong>τοῦ</strong></span> <span class='ocrx_word' id='word_1_161' title='bbox 1196 2121 1392 2174; x_wconf 79' lang='grc' dir='ltr'>’Δλίεω</span> <span class='ocrx_word' id='word_1_162' title='bbox 1416 2118 1672 2187; x_wconf 78' lang='grc' dir='ltr'>διελθεῖν,</span> <span class='ocrx_word' id='word_1_163' title='bbox 1699 2120 1800 2173; x_wconf 80' lang='grc' dir='ltr'>οὐκ</span> 
     </span>
    </p>
   </div>
   <div class='ocr_carea' id='block_1_25' title="bbox 244 2213 1799 2285">
    <p class='ocr_par' dir='ltr' id='par_1_25' title="bbox 244 2213 1799 2285">
     <span class='ocr_line' id='line_1_25' title="bbox 244 2213 1799 2285; baseline -0.001 -18"><span class='ocrx_word' id='word_1_164' title='bbox 244 2216 526 2284; x_wconf 73' lang='grc' dir='ltr'>ἡδύναντο,</span> <span class='ocrx_word' id='word_1_165' title='bbox 555 2216 918 2285; x_wconf 76' lang='grc' dir='ltr'>ἐνισταμένων</span> <span class='ocrx_word' id='word_1_166' title='bbox 942 2214 1051 2268; x_wconf 90' lang='grc' dir='ltr'><strong>τῶν</strong></span> <span class='ocrx_word' id='word_1_167' title='bbox 1082 2213 1254 2285; x_wconf 81' lang='grc' dir='ltr'>ταύτῃ</span> <span class='ocrx_word' id='word_1_168' title='bbox 1290 2214 1429 2283; x_wconf 68' lang='grc' dir='ltr'>μετὰ</span> <span class='ocrx_word' id='word_1_169' title='bbox 1463 2214 1799 2283; x_wconf 77' lang='grc' dir='ltr'>’Δριανίτου,</span> 
     </span>
    </p>
   </div>
   <div class='ocr_carea' id='block_1_26' title="bbox 239 2302 1801 2375">
    <p class='ocr_par' dir='ltr' id='par_1_26' title="bbox 239 2302 1801 2375">
     <span class='ocr_line' id='line_1_26' title="bbox 239 2302 1801 2375; baseline -0.002 -16"><span class='ocrx_word' id='word_1_170' title='bbox 239 2310 327 2360; x_wconf 83' lang='grc' dir='ltr'>καὶ</span> <span class='ocrx_word' id='word_1_171' title='bbox 358 2308 458 2361; x_wconf 79' lang='grc' dir='ltr'>οὐκ</span> <span class='ocrx_word' id='word_1_172' title='bbox 485 2307 897 2375; x_wconf 75' lang='grc' dir='ltr'>ἐπιτρεπόντων</span> <span class='ocrx_word' id='word_1_173' title='bbox 928 2304 1205 2369; x_wconf 80' lang='grc' dir='ltr'>διεξιέναι.</span> <span class='ocrx_word' id='word_1_174' title='bbox 1252 2303 1519 2357; x_wconf 81' lang='grc' dir='ltr'>Ἐνταῦθα</span> <span class='ocrx_word' id='word_1_175' title='bbox 1546 2305 1597 2357; x_wconf 76' lang='lat' dir='ltr'><strong>oi</strong></span> <span class='ocrx_word' id='word_1_176' title='bbox 1628 2302 1801 2375; x_wconf 82' lang='grc' dir='ltr'>Τοῧρ-</span> 
     </span>
    </p>
   </div>
   <div class='ocr_carea' id='block_1_27' title="bbox 235 2395 1802 2468">
    <p class='ocr_par' dir='ltr' id='par_1_27' title="bbox 235 2395 1802 2468">
     <span class='ocr_line' id='line_1_27' title="bbox 235 2395 1802 2468; baseline -0.001 -18"><span class='ocrx_word' id='word_1_177' title='bbox 235 2418 338 2465; x_wconf 78' lang='grc' dir='ltr'>κοι,</span> <span class='ocrx_word' id='word_1_178' title='bbox 368 2398 521 2451; x_wconf 79' lang='grc' dir='ltr'>ἄλλοι</span> <span class='ocrx_word' id='word_1_179' title='bbox 551 2398 677 2468; x_wconf 78' lang='grc' dir='ltr'>μὲν,</span> <span class='ocrx_word' id='word_1_180' title='bbox 705 2398 782 2460; x_wconf 79' lang='grc' dir='ltr'>ὡς</span> <span class='ocrx_word' id='word_1_181' title='bbox 811 2396 1226 2466; x_wconf 77' lang='grc' dir='ltr'>ἀπελείφθησαν</span> <span class='ocrx_word' id='word_1_182' title='bbox 1251 2398 1312 2450; x_wconf 72' lang='grc' dir='ltr'>ιν</span> <span class='ocrx_word' id='word_1_183' title='bbox 1332 2398 1399 2465; x_wconf 83' lang='grc' dir='ltr'><strong>τῇ</strong></span> <span class='ocrx_word' id='word_1_184' title='bbox 1439 2395 1613 2466; x_wconf 67' lang='grc' dir='ltr'>χώρᾳ,</span> <span class='ocrx_word' id='word_1_185' title='bbox 1649 2395 1802 2451; x_wconf 72' lang='grc' dir='ltr'>ἄλλοι</span> 
     </span>
    </p>
   </div>
   <div class='ocr_carea' id='block_1_28' title="bbox 235 2489 1805 2561">
    <p class='ocr_par' dir='ltr' id='par_1_28' title="bbox 235 2489 1805 2561">
     <span class='ocr_line' id='line_1_28' title="bbox 235 2489 1805 2561; baseline -0.003 -16"><span class='ocrx_word' id='word_1_186' title='bbox 235 2492 291 2545; x_wconf 66' lang='grc' dir='ltr'>δὲ</span> <span class='ocrx_word' id='word_1_187' title='bbox 321 2492 462 2545; x_wconf 74' lang='grc' dir='ltr'>κατὰ</span> <span class='ocrx_word' id='word_1_188' title='bbox 494 2492 597 2561; x_wconf 86' lang='grc' dir='ltr'><strong>τὴν</strong></span> <span class='ocrx_word' id='word_1_189' title='bbox 631 2491 817 2560; x_wconf 82' lang='grc' dir='ltr'>χώραν</span> <span class='ocrx_word' id='word_1_190' title='bbox 851 2490 1172 2560; x_wconf 64' lang='grc' dir='ltr'>ἐτράποντο,</span> <span class='ocrx_word' id='word_1_191' title='bbox 1212 2491 1335 2543; x_wconf 84' lang='grc' dir='ltr'>ὅποι</span> <span class='ocrx_word' id='word_1_192' title='bbox 1389 2490 1606 2559; x_wconf 70' lang='grc' dir='ltr'>ἑκάστῳ</span> <span class='ocrx_word' id='word_1_193' title='bbox 1637 2489 1805 2558; x_wconf 78' lang='grc' dir='ltr'><strong>πρού-</strong></span> 
     </span>
    </p>
   </div>
   <div class='ocr_carea' id='block_1_29' title="bbox 237 2580 1800 2654">
    <p class='ocr_par' dir='ltr' id='par_1_29' title="bbox 237 2580 1800 2654">
     <span class='ocr_line' id='line_1_29' title="bbox 237 2580 1800 2654; baseline -0.001 -20"><span class='ocrx_word' id='word_1_194' title='bbox 237 2584 405 2654; x_wconf 82' lang='grc' dir='ltr'>χώρει</span> <span class='ocrx_word' id='word_1_195' title='bbox 453 2582 836 2647; x_wconf 72' lang='grc' dir='ltr'>διασώζεσθαι.</span> <span class='ocrx_word' id='word_1_196' title='bbox 882 2581 1101 2636; x_wconf 82' lang='grc' dir='ltr'>Τούτων</span> <span class='ocrx_word' id='word_1_197' title='bbox 1136 2583 1184 2635; x_wconf 79' lang='grc' dir='ltr'>οῐ</span> <span class='ocrx_word' id='word_1_198' title='bbox 1228 2582 1471 2635; x_wconf 86' lang='grc' dir='ltr'>πλεῖστοι</span> <span class='ocrx_word' id='word_1_199' title='bbox 1500 2580 1800 2650; x_wconf 74' lang='grc' dir='ltr'>διεφθάρη-</span> 
     </span>
    </p>
   </div>
   <div class='ocr_carea' id='block_1_30' title="bbox 240 2656 1803 2744">
    <p class='ocr_par' dir='ltr' id='par_1_30' title="bbox 240 2656 1803 2744">
     <span class='ocr_line' id='line_1_30' title="bbox 240 2656 1803 2744; baseline -0.003 -16"><span class='ocrx_word' id='word_1_200' title='bbox 240 2695 336 2729; x_wconf 88' lang='grc' dir='ltr'><strong>σαν</strong></span> <span class='ocrx_word' id='word_1_201' title='bbox 379 2675 487 2728; x_wconf 66' lang='lat' dir='ltr'><strong>inab</strong></span> <span class='ocrx_word' id='word_1_202' title='bbox 525 2675 631 2727; x_wconf 91' lang='grc' dir='ltr'><strong>τῶν</strong></span> <span class='ocrx_word' id='word_1_203' title='bbox 674 2656 949 2728; x_wconf 71' lang='grc' dir='ltr'>Ἀλϐανῶν</span> <span class='ocrx_word' id='word_1_204' title='bbox 969 2686 985 2702; x_wconf 83' lang='grc'><em>’</em></span> <span class='ocrx_word' id='word_1_205' title='bbox 1026 2675 1073 2727; x_wconf 80' lang='lat' dir='ltr'><strong>oi</strong></span> <span class='ocrx_word' id='word_1_206' title='bbox 1105 2672 1165 2727; x_wconf 78' lang='grc' dir='ltr'>δὲ</span> <span class='ocrx_word' id='word_1_207' title='bbox 1198 2672 1348 2726; x_wconf 75' lang='grc' dir='ltr'>ἄλλοι</span> <span class='ocrx_word' id='word_1_208' title='bbox 1382 2673 1627 2727; x_wconf 67' lang='grc' dir='ltr'>ἑάλωσαν</span> <span class='ocrx_word' id='word_1_209' title='bbox 1659 2667 1803 2744; x_wconf 70' lang='lat' dir='ltr'><strong>nap-</strong></span> 
     </span>
    </p>
   </div>
   <div class='ocr_carea' id='block_1_31' title="bbox 241 2762 1804 2836">
    <p class='ocr_par' dir='ltr' id='par_1_31' title="bbox 241 2762 1804 2836">
     <span class='ocr_line' id='line_1_31' title="bbox 241 2762 1804 2836; baseline -0.003 -15"><span class='ocrx_word' id='word_1_210' title='bbox 241 2770 435 2832; x_wconf 68' lang='grc' dir='ltr'>ιόντες.</span> <span class='ocrx_word' id='word_1_211' title='bbox 479 2768 541 2820; x_wconf 78' lang='grc' dir='ltr'><strong>οι</strong></span> <span class='ocrx_word' id='word_1_212' title='bbox 573 2768 631 2820; x_wconf 73' lang='grc' dir='ltr'>δὲ</span> <span class='ocrx_word' id='word_1_213' title='bbox 665 2768 761 2820; x_wconf 72' lang='grc' dir='ltr'><strong>σὺν</strong></span> <span class='ocrx_word' id='word_1_214' title='bbox 789 2764 866 2835; x_wconf 82' lang='grc' dir='ltr'>τῷ</span> <span class='ocrx_word' id='word_1_215' title='bbox 906 2764 1060 2836; x_wconf 81' lang='grc' dir='ltr'>’Δλίῃ</span> <span class='ocrx_word' id='word_1_216' title='bbox 1089 2764 1562 2834; x_wconf 80' lang='grc' dir='ltr'>ἀποτραπόμενοι,</span> <span class='ocrx_word' id='word_1_217' title='bbox 1596 2762 1804 2831; x_wconf 81' lang='grc' dir='ltr'>ταύτην</span> 
     </span>
    </p>
   </div>
   <div class='ocr_carea' id='block_1_32' title="bbox 236 2855 1801 2929">
    <p class='ocr_par' dir='ltr' id='par_1_32' title="bbox 236 2855 1801 2929">
     <span class='ocr_line' id='line_1_32' title="bbox 236 2855 1801 2929; baseline -0.005 -15"><span class='ocrx_word' id='word_1_218' title='bbox 236 2864 332 2929; x_wconf 75' lang='grc' dir='ltr'>τὴν</span> <span class='ocrx_word' id='word_1_219' title='bbox 364 2861 597 2929; x_wconf 83' lang='grc' dir='ltr'>πορείαν</span> <span class='ocrx_word' id='word_1_220' title='bbox 625 2858 974 2926; x_wconf 79' lang='grc' dir='ltr'>πεδινοτέραν</span> <span class='ocrx_word' id='word_1_221' title='bbox 1014 2857 1348 2926; x_wconf 65' lang='grc' dir='ltr'>ἐποιήσαντο</span> <span class='ocrx_word' id='word_1_222' title='bbox 1395 2856 1493 2909; x_wconf 73' lang='grc' dir='ltr'><strong>καὶ</strong></span> <span class='ocrx_word' id='word_1_223' title='bbox 1522 2855 1801 2923; x_wconf 73' lang='grc' dir='ltr'>ἐπιμήκη.</span> 
     </span>
    </p>
   </div>
   <div class='ocr_carea' id='block_1_33' title="bbox 238 2946 1805 3018">
    <p class='ocr_par' dir='ltr' id='par_1_33' title="bbox 238 2946 1805 3018">
     <span class='ocr_line' id='line_1_33' title="bbox 238 2946 1805 3018; baseline -0.005 -12"><span class='ocrx_word' id='word_1_224' title='bbox 238 2954 347 3006; x_wconf 80' lang='grc' dir='ltr'><strong>Καὶ</strong></span> <span class='ocrx_word' id='word_1_225' title='bbox 391 2951 707 3017; x_wconf 67' lang='grc' dir='ltr'>ἐξελθόντες</span> <span class='ocrx_word' id='word_1_226' title='bbox 762 2952 819 3011; x_wconf 69' lang='grc' dir='ltr'><strong>ἐς</strong></span> <span class='ocrx_word' id='word_1_227' title='bbox 871 2948 971 3017; x_wconf 83' lang='grc' dir='ltr'>τὴν</span> <span class='ocrx_word' id='word_1_228' title='bbox 1010 2947 1294 3018; x_wconf 77' lang='grc' dir='ltr'>Ἤπειρον,</span> <span class='ocrx_word' id='word_1_229' title='bbox 1332 2946 1432 3017; x_wconf 81' lang='grc' dir='ltr'>τὴν</span> <span class='ocrx_word' id='word_1_230' title='bbox 1475 2946 1617 3000; x_wconf 68' lang='grc' dir='ltr'>κατὰ</span> <span class='ocrx_word' id='word_1_231' title='bbox 1661 2947 1805 3016; x_wconf 82' lang='grc' dir='ltr'>Κέρ-</span> 
     </span>
    </p>
   </div>
   <div class='ocr_carea' id='block_1_34' title="bbox 1894 486 3451 565">
    <p class='ocr_par' dir='ltr' id='par_1_34' title="bbox 1894 486 3451 565">
     <span class='ocr_line' id='line_1_34' title="bbox 1894 486 3451 565; baseline 0.009 -27"><span class='ocrx_word' id='word_1_232' title='bbox 1894 486 1953 539; x_wconf 82' lang='lat' dir='ltr'><strong>Et</strong></span> <span class='ocrx_word' id='word_1_233' title='bbox 1979 488 2205 553; x_wconf 81' lang='lat' dir='ltr'><strong>quidem</strong></span> <span class='ocrx_word' id='word_1_234' title='bbox 2240 504 2326 542; x_wconf 89' lang='lat' dir='ltr'><strong>res</strong></span> <span class='ocrx_word' id='word_1_235' title='bbox 2354 489 2575 559; x_wconf 87' lang='lat' dir='ltr'><strong>pulchre</strong></span> <span class='ocrx_word' id='word_1_236' title='bbox 2607 492 3102 557; x_wconf 84' lang='lat' dir='ltr'><strong>succedebat,cnm</strong></span> <span class='ocrx_word' id='word_1_237' title='bbox 3138 496 3241 563; x_wconf 84' lang='lat' dir='ltr'><strong>ipsi</strong></span> <span class='ocrx_word' id='word_1_238' title='bbox 3273 499 3451 565; x_wconf 84' lang='lat' dir='ltr'><strong>regio-</strong></span> 
     </span>
    </p>
   </div>
   <div class='ocr_carea' id='block_1_35' title="bbox 1893 582 3451 655">
    <p class='ocr_par' dir='ltr' id='par_1_35' title="bbox 1893 582 3451 655">
     <span class='ocr_line' id='line_1_35' title="bbox 1893 582 3451 655; baseline 0.007 -26"><span class='ocrx_word' id='word_1_239' title='bbox 1893 594 2015 631; x_wconf 86' lang='lat' dir='ltr'><strong>nem</strong></span> <span class='ocrx_word' id='word_1_240' title='bbox 2053 594 2301 646; x_wconf 85' lang='lat' dir='ltr'><strong>asperam</strong></span> <span class='ocrx_word' id='word_1_241' title='bbox 2346 590 2397 633; x_wconf 93' lang='lat' dir='ltr'><strong>et</strong></span> <span class='ocrx_word' id='word_1_242' title='bbox 2432 589 2772 644; x_wconf 78' lang='lat' dir='ltr'><strong>montanam,</strong></span> <span class='ocrx_word' id='word_1_243' title='bbox 2825 582 2876 636; x_wconf 90' lang='lat' dir='ltr'><strong>in</strong></span> <span class='ocrx_word' id='word_1_244' title='bbox 2919 599 3082 652; x_wconf 88' lang='lat' dir='ltr'><strong>quam</strong></span> <span class='ocrx_word' id='word_1_245' title='bbox 3132 600 3190 638; x_wconf 90' lang='lat' dir='ltr'><strong>se</strong></span> <span class='ocrx_word' id='word_1_246' title='bbox 3230 587 3451 655; x_wconf 81' lang='lat' dir='ltr'><strong>recipie-</strong></span> 
     </span>
    </p>
   </div>
   <div class='ocr_carea' id='block_1_36' title="bbox 1894 669 3453 745">
    <p class='ocr_par' dir='ltr' id='par_1_36' title="bbox 1894 669 3453 745">
     <span class='ocr_line' id='line_1_36' title="bbox 1894 669 3453 745; baseline 0.007 -24"><span class='ocrx_word' id='word_1_247' title='bbox 1894 669 2046 731; x_wconf 83' lang='lat' dir='ltr'><strong>bant,</strong></span> <span class='ocrx_word' id='word_1_248' title='bbox 2085 670 2407 724; x_wconf 88' lang='lat' dir='ltr'><strong>incolerent.</strong></span> <span class='ocrx_word' id='word_1_249' title='bbox 2452 671 2524 725; x_wconf 92' lang='lat' dir='ltr'><strong>Ut</strong></span> <span class='ocrx_word' id='word_1_250' title='bbox 2565 687 2755 725; x_wconf 89' lang='lat' dir='ltr'><strong>rumor</strong></span> <span class='ocrx_word' id='word_1_251' title='bbox 2784 673 2849 725; x_wconf 88' lang='lat' dir='ltr'><strong>ad</strong></span> <span class='ocrx_word' id='word_1_252' title='bbox 2904 688 3083 742; x_wconf 87' lang='lat' dir='ltr'><strong>regem</strong></span> <span class='ocrx_word' id='word_1_253' title='bbox 3118 678 3225 731; x_wconf 89' lang='lat' dir='ltr'><strong>ista</strong></span> <span class='ocrx_word' id='word_1_254' title='bbox 3263 688 3453 745; x_wconf 83' lang='lat' dir='ltr'><strong>pertu-</strong></span> 
     </span>
    </p>
   </div>
   <div class='ocr_carea' id='block_1_37' title="bbox 1896 746 3455 838">
    <p class='ocr_par' dir='ltr' id='par_1_37' title="bbox 1896 746 3455 838">
     <span class='ocr_line' id='line_1_37' title="bbox 1896 746 3455 838; baseline 0.008 -27"><span class='ocrx_word' id='word_1_255' title='bbox 1896 760 1978 823; x_wconf 85' lang='lat' dir='ltr'><strong>lit,</strong></span> <span class='ocrx_word' id='word_1_256' title='bbox 2007 760 2411 818; x_wconf 81' lang='lat' dir='ltr'><strong>Aliem,dncem</strong></span> <span class='ocrx_word' id='word_1_257' title='bbox 2444 746 2812 828; x_wconf 70' lang='lat' dir='ltr'><strong>constituens,</strong></span> <span class='ocrx_word' id='word_1_258' title='bbox 2851 765 2939 819; x_wconf 88' lang='lat' dir='ltr'><strong>cui</strong></span> <span class='ocrx_word' id='word_1_259' title='bbox 2978 768 3282 830; x_wconf 84' lang='lat' dir='ltr'><strong>exercitus,</strong></span> <span class='ocrx_word' id='word_1_260' title='bbox 3315 784 3455 838; x_wconf 87' lang='lat' dir='ltr'><strong>quos</strong></span> 
     </span>
    </p>
   </div>
   <div class='ocr_carea' id='block_1_38' title="bbox 1896 851 3456 927">
    <p class='ocr_par' dir='ltr' id='par_1_38' title="bbox 1896 851 3456 927">
     <span class='ocr_line' id='line_1_38' title="bbox 1896 851 3456 927; baseline 0.007 -24"><span class='ocrx_word' id='word_1_261' title='bbox 1896 851 2087 903; x_wconf 88' lang='lat' dir='ltr'><strong>habuit</strong></span> <span class='ocrx_word' id='word_1_262' title='bbox 2110 852 2263 916; x_wconf 84' lang='lat' dir='ltr'><strong>juxta</strong></span> <span class='ocrx_word' id='word_1_263' title='bbox 2300 852 2491 906; x_wconf 90' lang='lat' dir='ltr'><strong>Axium</strong></span> <span class='ocrx_word' id='word_1_264' title='bbox 2528 853 2726 909; x_wconf 82' lang='lat' dir='ltr'><strong>flumen</strong></span> <span class='ocrx_word' id='word_1_265' title='bbox 2760 865 2815 908; x_wconf 91' lang='lat' dir='ltr'><strong>et</strong></span> <span class='ocrx_word' id='word_1_266' title='bbox 2845 857 3249 927; x_wconf 84' lang='lat' dir='ltr'><strong>Argyropolim,</strong></span> <span class='ocrx_word' id='word_1_267' title='bbox 3284 861 3456 914; x_wconf 86' lang='lat' dir='ltr'><strong>tradi-</strong></span> 
     </span>
    </p>
   </div>
   <div class='ocr_carea' id='block_1_39' title="bbox 1892 944 3456 1020">
    <p class='ocr_par' dir='ltr' id='par_1_39' title="bbox 1892 944 3456 1020">
     <span class='ocr_line' id='line_1_39' title="bbox 1892 944 3456 1020; baseline 0.006 -23"><span class='ocrx_word' id='word_1_268' title='bbox 1892 944 1991 1007; x_wconf 88' lang='lat' dir='ltr'><strong>dit,</strong></span> <span class='ocrx_word' id='word_1_269' title='bbox 2029 945 2215 998; x_wconf 84' lang='lat' dir='ltr'><strong>addito</strong></span> <span class='ocrx_word' id='word_1_270' title='bbox 2264 947 2510 1014; x_wconf 86' lang='lat' dir='ltr'><strong>equitatu</strong></span> <span class='ocrx_word' id='word_1_271' title='bbox 2562 948 2840 1012; x_wconf 80' lang='lat' dir='ltr'><strong>universo,</strong></span> <span class='ocrx_word' id='word_1_272' title='bbox 2888 950 2982 1018; x_wconf 88' lang='lat' dir='ltr'><strong>qui</strong></span> <span class='ocrx_word' id='word_1_273' title='bbox 3038 951 3089 1003; x_wconf 89' lang='lat' dir='ltr'><strong>in</strong></span> <span class='ocrx_word' id='word_1_274' title='bbox 3120 966 3180 1005; x_wconf 87' lang='lat' dir='ltr'><strong>ea</strong></span> <span class='ocrx_word' id='word_1_275' title='bbox 3236 953 3456 1020; x_wconf 75' lang='lat' dir='ltr'><strong>regione</strong></span> 
     </span>
    </p>
   </div>
   <div class='ocr_carea' id='block_1_40' title="bbox 1895 1038 3457 1111">
    <p class='ocr_par' dir='ltr' id='par_1_40' title="bbox 1895 1038 3457 1111">
     <span class='ocr_line' id='line_1_40' title="bbox 1895 1038 3457 1111; baseline 0.007 -22"><span class='ocrx_word' id='word_1_276' title='bbox 1895 1038 2526 1108; x_wconf 80' lang='lat' dir='ltr'><strong>morabatur,jussitque</strong></span> <span class='ocrx_word' id='word_1_277' title='bbox 2552 1051 2608 1093; x_wconf 81' lang='grc' dir='ltr'><strong>ιιι</strong></span> <span class='ocrx_word' id='word_1_278' title='bbox 2632 1042 2965 1095; x_wconf 79' lang='lat' dir='ltr'><strong>Albanorum</strong></span> <span class='ocrx_word' id='word_1_279' title='bbox 3005 1044 3283 1111; x_wconf 82' lang='lat' dir='ltr'><strong>regionem</strong></span> <span class='ocrx_word' id='word_1_280' title='bbox 3316 1047 3457 1100; x_wconf 86' lang='lat' dir='ltr'><strong>sub-</strong></span> 
     </span>
    </p>
   </div>
   <div class='ocr_carea' id='block_1_41' title="bbox 1896 1131 3456 1207">
    <p class='ocr_par' dir='ltr' id='par_1_41' title="bbox 1896 1131 3456 1207">
     <span class='ocr_line' id='line_1_41' title="bbox 1896 1131 3456 1207; baseline 0.004 -24"><span class='ocrx_word' id='word_1_281' title='bbox 1896 1131 2062 1199; x_wconf 85' lang='lat' dir='ltr'><strong>igeret</strong></span> <span class='ocrx_word' id='word_1_282' title='bbox 2097 1148 2110 1185; x_wconf 91' lang='lat'><strong>:</strong></span> <span class='ocrx_word' id='word_1_283' title='bbox 2143 1140 2196 1185; x_wconf 89' lang='lat' dir='ltr'><strong>et</strong></span> <span class='ocrx_word' id='word_1_284' title='bbox 2250 1132 2646 1199; x_wconf 86' lang='lat' dir='ltr'><strong>mancipiorum</strong></span> <span class='ocrx_word' id='word_1_285' title='bbox 2690 1134 2880 1202; x_wconf 62' lang='lat' dir='ltr'><strong>praeda</strong></span> <span class='ocrx_word' id='word_1_286' title='bbox 2931 1145 3190 1201; x_wconf 82' lang='lat' dir='ltr'><strong>onustus,</strong></span> <span class='ocrx_word' id='word_1_287' title='bbox 3239 1146 3456 1207; x_wconf 86' lang='lat' dir='ltr'><strong>captum</strong></span> 
     </span>
    </p>
   </div>
   <div class='ocr_carea' id='block_1_42' title="bbox 1896 1221 3456 1289">
    <p class='ocr_par' dir='ltr' id='par_1_42' title="bbox 1896 1221 3456 1289">
     <span class='ocr_line' id='line_1_42' title="bbox 1896 1221 3456 1289; baseline 0.003 -15"><span class='ocrx_word' id='word_1_288' title='bbox 1896 1221 2180 1276; x_wconf 61' lang='lat' dir='ltr'><strong>avldncens</strong></span> <span class='ocrx_word' id='word_1_289' title='bbox 2229 1223 2391 1276; x_wconf 86' lang='lat' dir='ltr'><strong>etiam</strong></span> <span class='ocrx_word' id='word_1_290' title='bbox 2447 1224 2745 1279; x_wconf 86' lang='lat' dir='ltr'><strong>Arianitem</strong></span> <span class='ocrx_word' id='word_1_291' title='bbox 2779 1225 3039 1281; x_wconf 85' lang='lat' dir='ltr'><strong>Comneni</strong></span> <span class='ocrx_word' id='word_1_292' title='bbox 3074 1227 3267 1289; x_wconf 84' lang='lat' dir='ltr'><strong>filium,</strong></span> <span class='ocrx_word' id='word_1_293' title='bbox 3308 1226 3456 1280; x_wconf 85' lang='lat' dir='ltr'><strong>redi-</strong></span> 
     </span>
    </p>
   </div>
   <div class='ocr_carea' id='block_1_43' title="bbox 1896 1316 3460 1389">
    <p class='ocr_par' dir='ltr' id='par_1_43' title="bbox 1896 1316 3460 1389">
     <span class='ocr_line' id='line_1_43' title="bbox 1896 1316 3460 1389; baseline -0.002 -15"><span class='ocrx_word' id='word_1_294' title='bbox 1896 1327 1999 1375; x_wconf 87' lang='lat' dir='ltr'><strong>ret.</strong></span> <span class='ocrx_word' id='word_1_295' title='bbox 2034 1316 2131 1371; x_wconf 83' lang='lat' dir='ltr'><strong>liic.</strong></span> <span class='ocrx_word' id='word_1_296' title='bbox 2162 1328 2388 1386; x_wconf 87' lang='lat' dir='ltr'><strong>accepto</strong></span> <span class='ocrx_word' id='word_1_297' title='bbox 2423 1318 2672 1374; x_wconf 80' lang='lat' dir='ltr'><strong>exercitu</strong></span> <span class='ocrx_word' id='word_1_298' title='bbox 2696 1319 2977 1383; x_wconf 87' lang='lat' dir='ltr'><strong>universo,</strong></span> <span class='ocrx_word' id='word_1_299' title='bbox 3018 1320 3281 1389; x_wconf 83' lang='lat' dir='ltr'><strong>impetum</strong></span> <span class='ocrx_word' id='word_1_300' title='bbox 3310 1319 3460 1374; x_wconf 85' lang='lat' dir='ltr'><strong>dedit</strong></span> 
     </span>
    </p>
   </div>
   <div class='ocr_carea' id='block_1_44' title="bbox 1896 1408 3459 1475">
    <p class='ocr_par' dir='ltr' id='par_1_44' title="bbox 1896 1408 3459 1475">
     <span class='ocr_line' id='line_1_44' title="bbox 1896 1408 3459 1475; baseline -0.001 -9"><span class='ocrx_word' id='word_1_301' title='bbox 1896 1412 1950 1466; x_wconf 89' lang='lat' dir='ltr'><strong>in</strong></span> <span class='ocrx_word' id='word_1_302' title='bbox 1976 1410 2231 1465; x_wconf 76' lang='lat' dir='ltr'><strong>hostilem</strong></span> <span class='ocrx_word' id='word_1_303' title='bbox 2266 1408 2565 1475; x_wconf 73' lang='lat' dir='ltr'><strong>regionem.</strong></span> <span class='ocrx_word' id='word_1_304' title='bbox 2599 1424 2725 1464; x_wconf 89' lang='lat' dir='ltr'><strong>cum</strong></span> <span class='ocrx_word' id='word_1_305' title='bbox 2761 1409 2963 1465; x_wconf 85' lang='lat' dir='ltr'><strong>ibidem</strong></span> <span class='ocrx_word' id='word_1_306' title='bbox 3017 1411 3319 1466; x_wconf 81' lang='lat' dir='ltr'><strong>invenisset</strong></span> <span class='ocrx_word' id='word_1_307' title='bbox 3365 1425 3459 1465; x_wconf 85' lang='lat' dir='ltr'><strong>co-</strong></span> 
     </span>
    </p>
   </div>
   <div class='ocr_carea' id='block_1_45' title="bbox 1895 1500 3462 1571">
    <p class='ocr_par' dir='ltr' id='par_1_45' title="bbox 1895 1500 3462 1571">
     <span class='ocr_line' id='line_1_45' title="bbox 1895 1500 3462 1571; baseline 0.001 -19"><span class='ocrx_word' id='word_1_308' title='bbox 1895 1503 2014 1571; x_wconf 80' lang='lat' dir='ltr'><strong>pias</strong></span> <span class='ocrx_word' id='word_1_309' title='bbox 2053 1501 2333 1569; x_wconf 83' lang='lat' dir='ltr'><strong>pedestres</strong></span> <span class='ocrx_word' id='word_1_310' title='bbox 2378 1501 2522 1555; x_wconf 89' lang='lat' dir='ltr'><strong>haud</strong></span> <span class='ocrx_word' id='word_1_311' title='bbox 2575 1501 2975 1570; x_wconf 85' lang='lat' dir='ltr'><strong>aspernandas.</strong></span> <span class='ocrx_word' id='word_1_312' title='bbox 3019 1500 3313 1570; x_wconf 82' lang='lat' dir='ltr'><strong>Regionem</strong></span> <span class='ocrx_word' id='word_1_313' title='bbox 3364 1516 3462 1570; x_wconf 87' lang='lat' dir='ltr'><strong>po-</strong></span> 
     </span>
    </p>
   </div>
   <div class='ocr_carea' id='block_1_46' title="bbox 1897 1587 3460 1660">
    <p class='ocr_par' dir='ltr' id='par_1_46' title="bbox 1897 1587 3460 1660">
     <span class='ocr_line' id='line_1_46' title="bbox 1897 1587 3460 1660; baseline 0 -17"><span class='ocrx_word' id='word_1_314' title='bbox 1897 1590 2254 1660; x_wconf 86' lang='lat' dir='ltr'><strong>pulabantur,</strong></span> <span class='ocrx_word' id='word_1_315' title='bbox 2300 1590 2454 1644; x_wconf 80' lang='lat' dir='ltr'><strong>vicos</strong></span> <span class='ocrx_word' id='word_1_316' title='bbox 2504 1589 2781 1659; x_wconf 80' lang='lat' dir='ltr'><strong>villasque</strong></span> <span class='ocrx_word' id='word_1_317' title='bbox 2828 1588 3216 1654; x_wconf 85' lang='lat' dir='ltr'><strong>incendebant,</strong></span> <span class='ocrx_word' id='word_1_318' title='bbox 3254 1587 3460 1644; x_wconf 88' lang='lat' dir='ltr'><strong>nemini</strong></span> 
     </span>
    </p>
   </div>
   <div class='ocr_carea' id='block_1_47' title="bbox 1900 1680 3464 1751">
    <p class='ocr_par' dir='ltr' id='par_1_47' title="bbox 1900 1680 3464 1751">
     <span class='ocr_line' id='line_1_47' title="bbox 1900 1680 3464 1751; baseline 0.001 -18"><span class='ocrx_word' id='word_1_319' title='bbox 1900 1681 2221 1747; x_wconf 84' lang='lat' dir='ltr'><strong>parcebant.</strong></span> <span class='ocrx_word' id='word_1_320' title='bbox 2284 1680 2582 1745; x_wconf 82' lang='lat' dir='ltr'><strong>Arianites,</strong></span> <span class='ocrx_word' id='word_1_321' title='bbox 2642 1682 2993 1751; x_wconf 77' lang='lat' dir='ltr'><strong>congregatis</strong></span> <span class='ocrx_word' id='word_1_322' title='bbox 3056 1696 3172 1738; x_wconf 69' lang='lat' dir='ltr'><strong>suae</strong></span> <span class='ocrx_word' id='word_1_323' title='bbox 3224 1682 3464 1749; x_wconf 83' lang='lat' dir='ltr'><strong>regionis</strong></span> 
     </span>
    </p>
   </div>
   <div class='ocr_carea' id='block_1_48' title="bbox 1901 1772 3467 1842">
    <p class='ocr_par' dir='ltr' id='par_1_48' title="bbox 1901 1772 3467 1842">
     <span class='ocr_line' id='line_1_48' title="bbox 1901 1772 3467 1842; baseline 0 -17"><span class='ocrx_word' id='word_1_324' title='bbox 1901 1773 2180 1840; x_wconf 87' lang='lat' dir='ltr'><strong>equitibus</strong></span> <span class='ocrx_word' id='word_1_325' title='bbox 2211 1779 2265 1827; x_wconf 88' lang='lat' dir='ltr'><strong>et</strong></span> <span class='ocrx_word' id='word_1_326' title='bbox 2301 1772 2601 1841; x_wconf 84' lang='lat' dir='ltr'><strong>peditibus,</strong></span> <span class='ocrx_word' id='word_1_327' title='bbox 2636 1772 2941 1827; x_wconf 81' lang='lat' dir='ltr'><strong>adveniens</strong></span> <span class='ocrx_word' id='word_1_328' title='bbox 2972 1773 3282 1842; x_wconf 89' lang='lat' dir='ltr'><strong>occupabat</strong></span> <span class='ocrx_word' id='word_1_329' title='bbox 3312 1788 3467 1828; x_wconf 76' lang='grc' dir='ltr'>ιιιοιιο</span> 
     </span>
    </p>
   </div>
   <div class='ocr_carea' id='block_1_49' title="bbox 1902 1864 3465 1934">
    <p class='ocr_par' dir='ltr' id='par_1_49' title="bbox 1902 1864 3465 1934">
     <span class='ocr_line' id='line_1_49' title="bbox 1902 1864 3465 1934; baseline -0.003 -14"><span class='ocrx_word' id='word_1_330' title='bbox 1902 1865 2037 1920; x_wconf 91' lang='lat' dir='ltr'><strong>tium</strong></span> <span class='ocrx_word' id='word_1_331' title='bbox 2082 1864 2370 1920; x_wconf 85' lang='lat' dir='ltr'><strong>cacumina</strong></span> <span class='ocrx_word' id='word_1_332' title='bbox 2402 1876 2457 1919; x_wconf 91' lang='lat' dir='ltr'><strong>et</strong></span> <span class='ocrx_word' id='word_1_333' title='bbox 2503 1864 2835 1934; x_wconf 86' lang='lat' dir='ltr'><strong>angustias:</strong></span> <span class='ocrx_word' id='word_1_334' title='bbox 2877 1880 2985 1933; x_wconf 88' lang='lat' dir='ltr'><strong>qna</strong></span> <span class='ocrx_word' id='word_1_335' title='bbox 3035 1866 3276 1920; x_wconf 89' lang='lat' dir='ltr'><strong>reditum</strong></span> <span class='ocrx_word' id='word_1_336' title='bbox 3344 1881 3465 1918; x_wconf 84' lang='lat' dir='ltr'><strong>ma-</strong></span> 
     </span>
    </p>
   </div>
   <div class='ocr_carea' id='block_1_50' title="bbox 1901 1954 3468 2023">
    <p class='ocr_par' dir='ltr' id='par_1_50' title="bbox 1901 1954 3468 2023">
     <span class='ocr_line' id='line_1_50' title="bbox 1901 1954 3468 2023; baseline -0.004 -11"><span class='ocrx_word' id='word_1_337' title='bbox 1901 1967 2118 2020; x_wconf 89' lang='lat' dir='ltr'><strong>turans,</strong></span> <span class='ocrx_word' id='word_1_338' title='bbox 2146 1956 2487 2012; x_wconf 82' lang='lat' dir='ltr'><strong>transiturus</strong></span> <span class='ocrx_word' id='word_1_339' title='bbox 2516 1964 2638 2009; x_wconf 88' lang='lat' dir='ltr'><strong>erat</strong></span> <span class='ocrx_word' id='word_1_340' title='bbox 2678 1969 2804 2011; x_wconf 89' lang='lat' dir='ltr'><strong>cum</strong></span> <span class='ocrx_word' id='word_1_341' title='bbox 2836 1954 3033 2023; x_wconf 84' lang='lat' dir='ltr'><strong>copiis.</strong></span> <span class='ocrx_word' id='word_1_342' title='bbox 3091 1955 3229 2009; x_wconf 81' lang='lat' dir='ltr'><strong>Aliis</strong></span> <span class='ocrx_word' id='word_1_343' title='bbox 3264 1954 3468 2015; x_wconf 74' lang='lat' dir='ltr'><strong>milites</strong></span> 
     </span>
    </p>
   </div>
   <div class='ocr_carea' id='block_1_51' title="bbox 1901 2045 3468 2115">
    <p class='ocr_par' dir='ltr' id='par_1_51' title="bbox 1901 2045 3468 2115">
     <span class='ocr_line' id='line_1_51' title="bbox 1901 2045 3468 2115; baseline -0.004 -12"><span class='ocrx_word' id='word_1_344' title='bbox 1901 2062 2026 2103; x_wconf 89' lang='lat' dir='ltr'><strong>cum</strong></span> <span class='ocrx_word' id='word_1_345' title='bbox 2058 2054 2393 2101; x_wconf 85' lang='lat' dir='ltr'><strong>conarentur</strong></span> <span class='ocrx_word' id='word_1_346' title='bbox 2432 2047 2697 2109; x_wconf 85' lang='lat' dir='ltr'><strong>transire,</strong></span> <span class='ocrx_word' id='word_1_347' title='bbox 2723 2061 2832 2100; x_wconf 88' lang='lat' dir='ltr'><strong>non</strong></span> <span class='ocrx_word' id='word_1_348' title='bbox 2864 2053 3185 2115; x_wconf 89' lang='lat' dir='ltr'><strong>potuerunt,</strong></span> <span class='ocrx_word' id='word_1_349' title='bbox 3213 2061 3335 2099; x_wconf 90' lang='lat' dir='ltr'><strong>cum</strong></span> <span class='ocrx_word' id='word_1_350' title='bbox 3355 2045 3468 2099; x_wconf 78' lang='lat' dir='ltr'><strong>for-</strong></span> 
     </span>
    </p>
   </div>
   <div class='ocr_carea' id='block_1_52' title="bbox 1901 2134 3464 2207">
    <p class='ocr_par' dir='ltr' id='par_1_52' title="bbox 1901 2134 3464 2207">
     <span class='ocr_line' id='line_1_52' title="bbox 1901 2134 3464 2207; baseline -0.003 -15"><span class='ocrx_word' id='word_1_351' title='bbox 1901 2137 2031 2192; x_wconf 91' lang='lat' dir='ltr'><strong>titer</strong></span> <span class='ocrx_word' id='word_1_352' title='bbox 2090 2139 2158 2192; x_wconf 92' lang='lat' dir='ltr'><strong>ab</strong></span> <span class='ocrx_word' id='word_1_353' title='bbox 2191 2137 2440 2193; x_wconf 89' lang='lat' dir='ltr'><strong>Arianite</strong></span> <span class='ocrx_word' id='word_1_354' title='bbox 2496 2138 2734 2192; x_wconf 84' lang='lat' dir='ltr'><strong>transitu</strong></span> <span class='ocrx_word' id='word_1_355' title='bbox 2798 2137 3246 2207; x_wconf 86' lang='lat' dir='ltr'><strong>prohiberentur.</strong></span> <span class='ocrx_word' id='word_1_356' title='bbox 3301 2134 3464 2189; x_wconf 79' lang='lat' dir='ltr'><strong>Turci</strong></span> 
     </span>
    </p>
   </div>
   <div class='ocr_carea' id='block_1_53' title="bbox 1903 2228 3467 2299">
    <p class='ocr_par' dir='ltr' id='par_1_53' title="bbox 1903 2228 3467 2299">
     <span class='ocr_line' id='line_1_53' title="bbox 1903 2228 3467 2299; baseline -0.003 -14"><span class='ocrx_word' id='word_1_357' title='bbox 1903 2230 2122 2298; x_wconf 85' lang='lat' dir='ltr'><strong>reliqui,</strong></span> <span class='ocrx_word' id='word_1_358' title='bbox 2159 2245 2282 2285; x_wconf 87' lang='lat' dir='ltr'><strong>cum</strong></span> <span class='ocrx_word' id='word_1_359' title='bbox 2315 2230 2384 2284; x_wconf 90' lang='lat' dir='ltr'><strong>ab</strong></span> <span class='ocrx_word' id='word_1_360' title='bbox 2415 2230 2532 2285; x_wconf 83' lang='lat' dir='ltr'><strong>Alie</strong></span> <span class='ocrx_word' id='word_1_361' title='bbox 2570 2237 2758 2285; x_wconf 87' lang='lat' dir='ltr'><strong>essent</strong></span> <span class='ocrx_word' id='word_1_362' title='bbox 2789 2229 2842 2283; x_wconf 90' lang='lat' dir='ltr'><strong>in</strong></span> <span class='ocrx_word' id='word_1_363' title='bbox 2879 2245 2941 2283; x_wconf 90' lang='lat' dir='ltr'><strong>ea</strong></span> <span class='ocrx_word' id='word_1_364' title='bbox 2995 2230 3225 2299; x_wconf 89' lang='lat' dir='ltr'><strong>regione</strong></span> <span class='ocrx_word' id='word_1_365' title='bbox 3267 2228 3467 2287; x_wconf 86' lang='lat' dir='ltr'><strong>relicti.</strong></span> 
     </span>
    </p>
   </div>
   <div class='ocr_carea' id='block_1_54' title="bbox 1906 2316 3466 2393">
    <p class='ocr_par' dir='ltr' id='par_1_54' title="bbox 1906 2316 3466 2393">
     <span class='ocr_line' id='line_1_54' title="bbox 1906 2316 3466 2393; baseline -0.004 -15"><span class='ocrx_word' id='word_1_366' title='bbox 1906 2324 2027 2393; x_wconf 87' lang='lat' dir='ltr'><strong>fuga</strong></span> <span class='ocrx_word' id='word_1_367' title='bbox 2064 2321 2168 2377; x_wconf 89' lang='lat' dir='ltr'><strong>sibi</strong></span> <span class='ocrx_word' id='word_1_368' title='bbox 2196 2321 2486 2377; x_wconf 82' lang='lat' dir='ltr'><strong>consulere</strong></span> <span class='ocrx_word' id='word_1_369' title='bbox 2523 2320 2790 2389; x_wconf 87' lang='lat' dir='ltr'><strong>parabant</strong></span> <span class='ocrx_word' id='word_1_370' title='bbox 2823 2338 2839 2375; x_wconf 86' lang='lat'><strong>:</strong></span> <span class='ocrx_word' id='word_1_371' title='bbox 2890 2334 2957 2374; x_wconf 89' lang='lat' dir='ltr'><strong>eo</strong></span> <span class='ocrx_word' id='word_1_372' title='bbox 2990 2319 3337 2381; x_wconf 79' lang='lat' dir='ltr'><strong>festinantes,</strong></span> <span class='ocrx_word' id='word_1_373' title='bbox 3372 2316 3466 2371; x_wconf 89' lang='lat' dir='ltr'><strong>ubi</strong></span> 
     </span>
    </p>
   </div>
   <div class='ocr_carea' id='block_1_55' title="bbox 1906 2411 3473 2480">
    <p class='ocr_par' dir='ltr' id='par_1_55' title="bbox 1906 2411 3473 2480">
     <span class='ocr_line' id='line_1_55' title="bbox 1906 2411 3473 2480; baseline -0.006 -10"><span class='ocrx_word' id='word_1_374' title='bbox 1906 2415 2210 2470; x_wconf 88' lang='lat' dir='ltr'><strong>incolumes</strong></span> <span class='ocrx_word' id='word_1_375' title='bbox 2248 2415 2372 2469; x_wconf 78' lang='lat' dir='ltr'><strong>vitze</strong></span> <span class='ocrx_word' id='word_1_376' title='bbox 2408 2414 2703 2468; x_wconf 84' lang='lat' dir='ltr'><strong>discrimen</strong></span> <span class='ocrx_word' id='word_1_377' title='bbox 2754 2411 3047 2467; x_wconf 83' lang='lat' dir='ltr'><strong>imminens</strong></span> <span class='ocrx_word' id='word_1_378' title='bbox 3082 2412 3289 2466; x_wconf 78' lang='lat' dir='ltr'><strong>evitare</strong></span> <span class='ocrx_word' id='word_1_379' title='bbox 3341 2424 3473 2480; x_wconf 82' lang='lat' dir='ltr'><strong>pos-</strong></span> 
     </span>
    </p>
   </div>
   <div class='ocr_carea' id='block_1_56' title="bbox 1906 2502 3471 2575">
    <p class='ocr_par' dir='ltr' id='par_1_56' title="bbox 1906 2502 3471 2575">
     <span class='ocr_line' id='line_1_56' title="bbox 1906 2502 3471 2575; baseline -0.005 -14"><span class='ocrx_word' id='word_1_380' title='bbox 1906 2517 2049 2561; x_wconf 84' lang='lat' dir='ltr'><strong>sent.</strong></span> <span class='ocrx_word' id='word_1_381' title='bbox 2082 2504 2287 2559; x_wconf 79' lang='lat' dir='ltr'><strong>Horum</strong></span> <span class='ocrx_word' id='word_1_382' title='bbox 2317 2505 2567 2575; x_wconf 87' lang='lat' dir='ltr'><strong>plerique</strong></span> <span class='ocrx_word' id='word_1_383' title='bbox 2597 2504 2664 2559; x_wconf 90' lang='lat' dir='ltr'><strong>ab</strong></span> <span class='ocrx_word' id='word_1_384' title='bbox 2708 2502 2937 2557; x_wconf 82' lang='lat' dir='ltr'><strong>Albanis</strong></span> <span class='ocrx_word' id='word_1_385' title='bbox 2972 2502 3310 2570; x_wconf 87' lang='lat' dir='ltr'><strong>interempti,</strong></span> <span class='ocrx_word' id='word_1_386' title='bbox 3342 2516 3471 2569; x_wconf 85' lang='lat' dir='ltr'><strong>par-</strong></span> 
     </span>
    </p>
   </div>
   <div class='ocr_carea' id='block_1_57' title="bbox 1907 2592 3470 2665">
    <p class='ocr_par' dir='ltr' id='par_1_57' title="bbox 1907 2592 3470 2665">
     <span class='ocr_line' id='line_1_57' title="bbox 1907 2592 3470 2665; baseline -0.003 -16"><span class='ocrx_word' id='word_1_387' title='bbox 1907 2597 2001 2650; x_wconf 86' lang='lat' dir='ltr'><strong>tim</strong></span> <span class='ocrx_word' id='word_1_388' title='bbox 2047 2598 2191 2664; x_wconf 84' lang='lat' dir='ltr'><strong>capti</strong></span> <span class='ocrx_word' id='word_1_389' title='bbox 2225 2605 2372 2651; x_wconf 84' lang='lat' dir='ltr'><strong>sunt.</strong></span> <span class='ocrx_word' id='word_1_390' title='bbox 2410 2593 2650 2665; x_wconf 65' lang='lat' dir='ltr'><strong>Reliqui,</strong></span> <span class='ocrx_word' id='word_1_391' title='bbox 2684 2594 2775 2664; x_wconf 84' lang='lat' dir='ltr'><strong>qui</strong></span> <span class='ocrx_word' id='word_1_392' title='bbox 2811 2610 2870 2648; x_wconf 87' lang='lat' dir='ltr'><strong>se</strong></span> <span class='ocrx_word' id='word_1_393' title='bbox 2925 2593 3068 2661; x_wconf 48' lang='lat' dir='ltr'><strong>fugae</strong></span> <span class='ocrx_word' id='word_1_394' title='bbox 3096 2594 3199 2651; x_wconf 88' lang='lat' dir='ltr'><strong>Alii</strong></span> <span class='ocrx_word' id='word_1_395' title='bbox 3233 2592 3470 2647; x_wconf 80' lang='lat' dir='ltr'><strong>comites</strong></span> 
     </span>
    </p>
   </div>
   <div class='ocr_carea' id='block_1_58' title="bbox 1905 2683 3475 2756">
    <p class='ocr_par' dir='ltr' id='par_1_58' title="bbox 1905 2683 3475 2756">
     <span class='ocr_line' id='line_1_58' title="bbox 1905 2683 3475 2756; baseline -0.003 -15"><span class='ocrx_word' id='word_1_396' title='bbox 1905 2688 2225 2756; x_wconf 77' lang='lat' dir='ltr'><strong>iunxerant,</strong></span> <span class='ocrx_word' id='word_1_397' title='bbox 2279 2685 2673 2755; x_wconf 76' lang='lat' dir='ltr'><strong>profectionem</strong></span> <span class='ocrx_word' id='word_1_398' title='bbox 2720 2696 3083 2752; x_wconf 75' lang='lat' dir='ltr'><strong>campestrem</strong></span> <span class='ocrx_word' id='word_1_399' title='bbox 3140 2695 3194 2738; x_wconf 86' lang='lat' dir='ltr'><strong>at</strong></span> <span class='ocrx_word' id='word_1_400' title='bbox 3260 2683 3475 2753; x_wconf 87' lang='lat' dir='ltr'><strong>longio-</strong></span> 
     </span>
    </p>
   </div>
   <div class='ocr_carea' id='block_1_59' title="bbox 1909 2764 3472 2844">
    <p class='ocr_par' dir='ltr' id='par_1_59' title="bbox 1909 2764 3472 2844">
     <span class='ocr_line' id='line_1_59' title="bbox 1909 2764 3472 2844; baseline -0.001 -15"><span class='ocrx_word' id='word_1_401' title='bbox 1909 2790 2046 2837; x_wconf 88' lang='lat' dir='ltr'><strong>rem,</strong></span> <span class='ocrx_word' id='word_1_402' title='bbox 2073 2775 2304 2844; x_wconf 80' lang='lat' dir='ltr'><strong>ingressi</strong></span> <span class='ocrx_word' id='word_1_403' title='bbox 2339 2784 2487 2829; x_wconf 89' lang='lat' dir='ltr'><strong>sunt.</strong></span> <span class='ocrx_word' id='word_1_404' title='bbox 2520 2773 2587 2827; x_wconf 73' lang='lat' dir='ltr'><strong>Et</strong></span> <span class='ocrx_word' id='word_1_405' title='bbox 2614 2764 2957 2840; x_wconf 73' lang='lat' dir='ltr'><strong>egredientes</strong></span> <span class='ocrx_word' id='word_1_406' title='bbox 3002 2774 3055 2828; x_wconf 90' lang='lat' dir='ltr'><strong>in</strong></span> <span class='ocrx_word' id='word_1_407' title='bbox 3101 2774 3472 2829; x_wconf 87' lang='lat' dir='ltr'><strong>continentem</strong></span> 
     </span>
    </p>
   </div>
   <div class='ocr_carea' id='block_1_60' title="bbox 1908 2856 3474 2936">
    <p class='ocr_par' dir='ltr' id='par_1_60' title="bbox 1908 2856 3474 2936">
     <span class='ocr_line' id='line_1_60' title="bbox 1908 2856 3474 2936; baseline 0.002 -18"><span class='ocrx_word' id='word_1_408' title='bbox 1908 2883 2029 2936; x_wconf 63' lang='lat' dir='ltr'><strong>quae.</strong></span> <span class='ocrx_word' id='word_1_409' title='bbox 2052 2856 2213 2934; x_wconf 58' lang='lat' dir='ltr'><strong>iuxta</strong></span> <span class='ocrx_word' id='word_1_410' title='bbox 2244 2865 2537 2934; x_wconf 82' lang='lat' dir='ltr'><strong>Corcyram</strong></span> <span class='ocrx_word' id='word_1_411' title='bbox 2593 2865 2899 2930; x_wconf 86' lang='lat' dir='ltr'><strong>habitatur,</strong></span> <span class='ocrx_word' id='word_1_412' title='bbox 2955 2881 3021 2920; x_wconf 80' lang='lat' dir='ltr'><strong>ex</strong></span> <span class='ocrx_word' id='word_1_413' title='bbox 3066 2867 3258 2921; x_wconf 80' lang='lat' dir='ltr'><strong>multis</strong></span> <span class='ocrx_word' id='word_1_414' title='bbox 3313 2866 3474 2935; x_wconf 87' lang='lat' dir='ltr'><strong>pauci</strong></span> 
     </span>
    </p>
   </div>
   <div class='ocr_carea' id='block_1_61' title="bbox 1911 2957 3474 3031">
    <p class='ocr_par' dir='ltr' id='par_1_61' title="bbox 1911 2957 3474 3031">
     <span class='ocr_line' id='line_1_61' title="bbox 1911 2957 3474 3031; baseline 0 -19"><span class='ocrx_word' id='word_1_415' title='bbox 1911 2958 2034 3023; x_wconf 72' lang='lat' dir='ltr'><strong>fuga</strong></span> <span class='ocrx_word' id='word_1_416' title='bbox 2076 2957 2177 3012; x_wconf 85' lang='lat' dir='ltr'><strong>sibi</strong></span> <span class='ocrx_word' id='word_1_417' title='bbox 2222 2958 2595 3019; x_wconf 83' lang='lat' dir='ltr'><strong>consulentes,</strong></span> <span class='ocrx_word' id='word_1_418' title='bbox 2631 2957 2824 3012; x_wconf 85' lang='lat' dir='ltr'><strong>domos</strong></span> <span class='ocrx_word' id='word_1_419' title='bbox 2866 2959 2946 3031; x_wconf 86' lang='lat' dir='ltr'><strong>ire</strong></span> <span class='ocrx_word' id='word_1_420' title='bbox 3000 2967 3255 3028; x_wconf 86' lang='lat' dir='ltr'><strong>pergunt.</strong></span> <span class='ocrx_word' id='word_1_421' title='bbox 3304 2957 3375 3010; x_wconf 86' lang='lat' dir='ltr'><strong>Ea</strong></span> <span class='ocrx_word' id='word_1_422' title='bbox 3418 2958 3474 3013; x_wconf 90' lang='lat' dir='ltr'><strong>in</strong></span> 
     </span>
    </p>
   </div>
   <div class='ocr_carea' id='block_1_62' title="bbox 237 3036 1807 3125">
    <p class='ocr_par' dir='ltr' id='par_1_62' title="bbox 237 3036 1806 3113">
     <span class='ocr_line' id='line_1_62' title="bbox 237 3036 1806 3113; baseline -0.005 -16"><span class='ocrx_word' id='word_1_423' title='bbox 237 3060 409 3113; x_wconf 79' lang='grc' dir='ltr'>κυραν</span> <span class='ocrx_word' id='word_1_424' title='bbox 467 3044 784 3113; x_wconf 80' lang='grc' dir='ltr'>ᾠκημένην,</span> <span class='ocrx_word' id='word_1_425' title='bbox 839 3041 902 3093; x_wconf 72' lang='grc' dir='ltr'>ὲκ</span> <span class='ocrx_word' id='word_1_426' title='bbox 952 3039 1168 3092; x_wconf 83' lang='grc' dir='ltr'>πολλῶν</span> <span class='ocrx_word' id='word_1_427' title='bbox 1201 3036 1582 3105; x_wconf 74' lang='grc' dir='ltr'>ἀπενόστησαν</span> <span class='ocrx_word' id='word_1_428' title='bbox 1612 3036 1806 3105; x_wconf 86' lang='grc' dir='ltr'>διαφυ-</span> 
     </span>
    </p>
   </div>
   <div class='ocr_carea' id='block_1_63' title="bbox 1909 3036 3478 3125">
    <p class='ocr_par' dir='ltr' id='par_1_63' title="bbox 1910 3048 3478 3123">
     <span class='ocr_line' id='line_1_63' title="bbox 1910 3048 3478 3123; baseline 0.001 -22"><span class='ocrx_word' id='word_1_429' title='bbox 1910 3048 2253 3117; x_wconf 82' lang='lat' dir='ltr'><strong>expeditione</strong></span> <span class='ocrx_word' id='word_1_430' title='bbox 2317 3062 2568 3118; x_wconf 86' lang='lat' dir='ltr'><strong>magnam</strong></span> <span class='ocrx_word' id='word_1_431' title='bbox 2633 3048 2862 3117; x_wconf 85' lang='lat' dir='ltr'><strong>gloriam</strong></span> <span class='ocrx_word' id='word_1_432' title='bbox 2925 3049 3132 3103; x_wconf 84' lang='lat' dir='ltr'><strong>invenit</strong></span> <span class='ocrx_word' id='word_1_433' title='bbox 3196 3048 3478 3123; x_wconf 81' lang='lat' dir='ltr'><strong>Arianitcs</strong></span> 
     </span>
    </p>
   </div>
   <div class='ocr_carea' id='block_1_64' title="bbox 235 3129 1807 3207">
    <p class='ocr_par' dir='ltr' id='par_1_64' title="bbox 235 3129 1807 3207">
     <span class='ocr_line' id='line_1_64' title="bbox 235 3129 1807 3207; baseline -0.005 -16"><span class='ocrx_word' id='word_1_434' title='bbox 235 3145 428 3204; x_wconf 78' lang='grc' dir='ltr'>γόντες</span> <span class='ocrx_word' id='word_1_435' title='bbox 486 3138 561 3207; x_wconf 84' lang='grc' dir='ltr'>μὴ</span> <span class='ocrx_word' id='word_1_436' title='bbox 592 3133 952 3189; x_wconf 78' lang='grc' dir='ltr'>ἀπόλλυσθαι.</span> <span class='ocrx_word' id='word_1_437' title='bbox 995 3130 1265 3187; x_wconf 77' lang='grc' dir='ltr'>Ἐνταῦθα</span> <span class='ocrx_word' id='word_1_438' title='bbox 1285 3132 1350 3199; x_wconf 83' lang='grc' dir='ltr'>δὴ</span> <span class='ocrx_word' id='word_1_439' title='bbox 1376 3129 1619 3184; x_wconf 80' lang='grc' dir='ltr'>ἀνείλετο</span> <span class='ocrx_word' id='word_1_440' title='bbox 1647 3129 1807 3194; x_wconf 76' lang='grc' dir='ltr'>δόξαν</span> 
     </span>
    </p>
   </div>
   <div class='ocr_carea' id='block_1_65' title="bbox 236 3225 1809 3299">
    <p class='ocr_par' dir='ltr' id='par_1_65' title="bbox 236 3225 1809 3299">
     <span class='ocr_line' id='line_1_65' title="bbox 236 3225 1809 3299; baseline -0.004 -16"><span class='ocrx_word' id='word_1_441' title='bbox 236 3231 522 3299; x_wconf 84' lang='grc' dir='ltr'>περιφανῆ</span> <span class='ocrx_word' id='word_1_442' title='bbox 565 3230 882 3298; x_wconf 76' lang='grc' dir='ltr'>’Δριανίτης</span> <span class='ocrx_word' id='word_1_443' title='bbox 922 3230 950 3281; x_wconf 87' lang='grc' dir='ltr'><strong>ό</strong></span> <span class='ocrx_word' id='word_1_444' title='bbox 995 3226 1290 3295; x_wconf 80' lang='grc' dir='ltr'>Κομνηνοῦ</span> <span class='ocrx_word' id='word_1_445' title='bbox 1316 3265 1333 3286; x_wconf 87' lang='grc'><strong>.</strong></span> <span class='ocrx_word' id='word_1_446' title='bbox 1371 3225 1809 3294; x_wconf 77' lang='grc' dir='ltr'>ἀποδειξάμενος</span> 
     </span>
    </p>
   </div>
   <div class='ocr_carea' id='block_1_66' title="bbox 238 3316 1808 3391">
    <p class='ocr_par' dir='ltr' id='par_1_66' title="bbox 238 3316 1808 3391">
     <span class='ocr_line' id='line_1_66' title="bbox 238 3316 1808 3391; baseline -0.003 -17"><span class='ocrx_word' id='word_1_447' title='bbox 238 3323 379 3391; x_wconf 69' lang='grc' dir='ltr'>ἔργα</span> <span class='ocrx_word' id='word_1_448' title='bbox 405 3321 567 3384; x_wconf 80' lang='grc' dir='ltr'>λόγου</span> <span class='ocrx_word' id='word_1_449' title='bbox 602 3319 746 3382; x_wconf 74' lang='grc' dir='ltr'>ἄξια,</span> <span class='ocrx_word' id='word_1_450' title='bbox 788 3319 880 3371; x_wconf 76' lang='grc' dir='ltr'>καὶ</span> <span class='ocrx_word' id='word_1_451' title='bbox 906 3319 968 3371; x_wconf 72' lang='grc' dir='ltr'><strong>τὸ</strong></span> <span class='ocrx_word' id='word_1_452' title='bbox 1000 3317 1254 3371; x_wconf 77' lang='grc' dir='ltr'>ἐντεῦθεν</span> <span class='ocrx_word' id='word_1_453' title='bbox 1283 3318 1613 3391; x_wconf 68' lang='grc' dir='ltr'>εὐδοκιμῶν.</span> <span class='ocrx_word' id='word_1_454' title='bbox 1651 3316 1808 3370; x_wconf 74' lang='grc' dir='ltr'>οὕτω</span> 
     </span>
    </p>
   </div>
   <div class='ocr_carea' id='block_1_67' title="bbox 244 3386 1812 3482">
    <p class='ocr_par' dir='ltr' id='par_1_67' title="bbox 244 3386 1812 3482">
     <span class='ocr_line' id='line_1_67' title="bbox 244 3386 1812 3482; baseline -0.005 -20"><span class='ocrx_word' id='word_1_455' title='bbox 244 3386 346 3482; x_wconf 67' lang='grc' dir='ltr'>μὲν</span> <span class='ocrx_word' id='word_1_456' title='bbox 368 3411 437 3481; x_wconf 77' lang='grc' dir='ltr'>δὴ</span> <span class='ocrx_word' id='word_1_457' title='bbox 475 3410 635 3480; x_wconf 62' lang='grc' dir='ltr'>Ἀλίη</span> <span class='ocrx_word' id='word_1_458' title='bbox 655 3409 734 3478; x_wconf 78' lang='grc' dir='ltr'><strong>τῷ</strong></span> <span class='ocrx_word' id='word_1_459' title='bbox 766 3409 1064 3477; x_wconf 77' lang='grc' dir='ltr'>Βρενέςεω,</span> <span class='ocrx_word' id='word_1_460' title='bbox 1087 3409 1164 3470; x_wconf 82' lang='grc' dir='ltr'><strong>ὡς</strong></span> <span class='ocrx_word' id='word_1_461' title='bbox 1209 3386 1609 3461; x_wconf 54' lang='grc' dir='ltr'>είσεϐάλλοντί</span> <span class='ocrx_word' id='word_1_462' title='bbox 1627 3407 1683 3469; x_wconf 76' lang='grc' dir='ltr'>ἐς</span> <span class='ocrx_word' id='word_1_463' title='bbox 1711 3405 1812 3477; x_wconf 70' lang='grc' dir='ltr'>τὴν</span> 
     </span>
    </p>
   </div>
   <div class='ocr_carea' id='block_1_68' title="bbox 239 3499 1815 3576">
    <p class='ocr_par' dir='ltr' id='par_1_68' title="bbox 239 3499 1815 3576">
     <span class='ocr_line' id='line_1_68' title="bbox 239 3499 1815 3576; baseline -0.004 -18"><span class='ocrx_word' id='word_1_464' title='bbox 239 3508 385 3576; x_wconf 67' lang='grc' dir='ltr'>πρὸς</span> <span class='ocrx_word' id='word_1_465' title='bbox 424 3504 606 3557; x_wconf 72' lang='grc' dir='ltr'>Ἰόνιον</span> <span class='ocrx_word' id='word_1_466' title='bbox 640 3505 862 3573; x_wconf 81' lang='grc' dir='ltr'>χώραν,</span> <span class='ocrx_word' id='word_1_467' title='bbox 915 3503 943 3555; x_wconf 88' lang='grc' dir='ltr'><strong>ό</strong></span> <span class='ocrx_word' id='word_1_468' title='bbox 993 3502 1220 3571; x_wconf 77' lang='grc' dir='ltr'>στρατὸς</span> <span class='ocrx_word' id='word_1_469' title='bbox 1272 3499 1635 3571; x_wconf 75' lang='grc' dir='ltr'>χαλεπώτατα</span> <span class='ocrx_word' id='word_1_470' title='bbox 1686 3499 1815 3551; x_wconf 67' lang='grc' dir='ltr'>ιπε-</span> 
     </span>
    </p>
   </div>
   <div class='ocr_carea' id='block_1_69' title="bbox 241 3591 1813 3663">
    <p class='ocr_par' dir='ltr' id='par_1_69' title="bbox 241 3591 1813 3663">
     <span class='ocr_line' id='line_1_69' title="bbox 241 3591 1813 3663; baseline -0.003 -16"><span class='ocrx_word' id='word_1_471' title='bbox 241 3596 457 3663; x_wconf 78' lang='grc' dir='ltr'>πλάγη.</span> <span class='ocrx_word' id='word_1_472' title='bbox 515 3595 580 3647; x_wconf 79' lang='lat' dir='ltr'><strong>Ol</strong></span> <span class='ocrx_word' id='word_1_473' title='bbox 640 3597 826 3662; x_wconf 88' lang='grc' dir='ltr'>μέντοι</span> <span class='ocrx_word' id='word_1_474' title='bbox 860 3592 1041 3645; x_wconf 70' lang='grc' dir='ltr'>λοιποὶ</span> <span class='ocrx_word' id='word_1_475' title='bbox 1094 3593 1205 3644; x_wconf 88' lang='grc' dir='ltr'><strong>τῶν</strong></span> <span class='ocrx_word' id='word_1_476' title='bbox 1253 3592 1391 3661; x_wconf 79' lang='grc' dir='ltr'>πρὸς</span> <span class='ocrx_word' id='word_1_477' title='bbox 1442 3591 1544 3661; x_wconf 79' lang='grc' dir='ltr'>τὴν</span> <span class='ocrx_word' id='word_1_478' title='bbox 1574 3592 1813 3659; x_wconf 71' lang='grc' dir='ltr'>Ἄργους</span> 
     </span>
    </p>
   </div>
   <div class='ocr_carea' id='block_1_70' title="bbox 243 3679 1814 3757">
    <p class='ocr_par' dir='ltr' id='par_1_70' title="bbox 243 3679 1814 3757">
     <span class='ocr_line' id='line_1_70' title="bbox 243 3679 1814 3757; baseline -0.003 -18"><span class='ocrx_word' id='word_1_479' title='bbox 243 3688 510 3757; x_wconf 79' lang='grc' dir='ltr'>πολίχνην</span> <span class='ocrx_word' id='word_1_480' title='bbox 530 3686 601 3749; x_wconf 67' lang='grc'><strong>⁸⁸,</strong></span> <span class='ocrx_word' id='word_1_481' title='bbox 628 3686 926 3738; x_wconf 68' lang='grc' dir='ltr'>οἶκούντων</span> <span class='ocrx_word' id='word_1_482' title='bbox 940 3684 1234 3747; x_wconf 78' lang='grc' dir='ltr'>’Δλϐανῶν,</span> <span class='ocrx_word' id='word_1_483' title='bbox 1250 3684 1323 3746; x_wconf 79' lang='grc' dir='ltr'><strong>ὡς</strong></span> <span class='ocrx_word' id='word_1_484' title='bbox 1345 3679 1483 3736; x_wconf 82' lang='grc' dir='ltr'>εἶδον</span> <span class='ocrx_word' id='word_1_485' title='bbox 1498 3682 1814 3753; x_wconf 81' lang='grc' dir='ltr'>’Δριανίτην</span> 
     </span>
    </p>
   </div>
   <div class='ocr_carea' id='block_1_71' title="bbox 243 3772 1815 3848">
    <p class='ocr_par' dir='ltr' id='par_1_71' title="bbox 243 3772 1815 3848">
     <span class='ocr_line' id='line_1_71' title="bbox 243 3772 1815 3848; baseline -0.004 -16"><span class='ocrx_word' id='word_1_486' title='bbox 243 3779 646 3848; x_wconf 74' lang='grc' dir='ltr'>νεωτερίσαντα</span> <span class='ocrx_word' id='word_1_487' title='bbox 676 3779 804 3847; x_wconf 74' lang='grc' dir='ltr'>περὶ</span> <span class='ocrx_word' id='word_1_488' title='bbox 833 3776 933 3846; x_wconf 80' lang='grc' dir='ltr'>τὴν</span> <span class='ocrx_word' id='word_1_489' title='bbox 958 3776 1225 3847; x_wconf 78' lang='grc' dir='ltr'>βασιλέως</span> <span class='ocrx_word' id='word_1_490' title='bbox 1252 3773 1450 3843; x_wconf 81' lang='grc' dir='ltr'>ἀρχὴν,</span> <span class='ocrx_word' id='word_1_491' title='bbox 1480 3772 1641 3846; x_wconf 72' lang='grc' dir='ltr'>ἔργον</span> <span class='ocrx_word' id='word_1_492' title='bbox 1672 3772 1815 3842; x_wconf 84' lang='grc' dir='ltr'>λαμ-</span> 
     </span>
    </p>
   </div>
   <div class='ocr_carea' id='block_1_72' title="bbox 247 3865 1815 3940">
    <p class='ocr_par' dir='ltr' id='par_1_72' title="bbox 247 3865 1815 3940">
     <span class='ocr_line' id='line_1_72' title="bbox 247 3865 1815 3940; baseline -0.004 -15"><span class='ocrx_word' id='word_1_493' title='bbox 247 3871 387 3940; x_wconf 71' lang='grc' dir='ltr'>πρὸν</span> <span class='ocrx_word' id='word_1_494' title='bbox 420 3872 574 3938; x_wconf 81' lang='grc' dir='ltr'>σφίσι</span> <span class='ocrx_word' id='word_1_495' title='bbox 606 3869 1116 3938; x_wconf 78' lang='grc' dir='ltr'>κατεργασάμενον,</span> <span class='ocrx_word' id='word_1_496' title='bbox 1159 3865 1509 3921; x_wconf 70' lang='grc' dir='ltr'>ἐϐουλεύοντο</span> <span class='ocrx_word' id='word_1_497' title='bbox 1535 3867 1631 3919; x_wconf 77' lang='grc' dir='ltr'>καὶ</span> <span class='ocrx_word' id='word_1_498' title='bbox 1655 3866 1815 3919; x_wconf 73' lang='grc' dir='ltr'>αὐτοὶ</span> 
     </span>
    </p>
   </div>
   <div class='ocr_carea' id='block_1_73' title="bbox 247 3958 1818 4030">
    <p class='ocr_par' dir='ltr' id='par_1_73' title="bbox 247 3958 1818 4030">
     <span class='ocr_line' id='line_1_73' title="bbox 247 3958 1818 4030; baseline -0.005 -14"><span class='ocrx_word' id='word_1_499' title='bbox 247 3966 558 4017; x_wconf 77' lang='grc' dir='ltr'>ἀπόστασιν</span> <span class='ocrx_word' id='word_1_500' title='bbox 598 3962 704 4014; x_wconf 79' lang='grc' dir='ltr'>ἀπὺ</span> <span class='ocrx_word' id='word_1_501' title='bbox 752 3960 1018 4030; x_wconf 78' lang='grc' dir='ltr'>βασιλέως</span> <span class='ocrx_word' id='word_1_502' title='bbox 1074 3960 1425 4029; x_wconf 79' lang='grc' dir='ltr'>’Δμουράτηο</span> <span class='ocrx_word' id='word_1_503' title='bbox 1474 3959 1570 4012; x_wconf 75' lang='grc' dir='ltr'>καὶ</span> <span class='ocrx_word' id='word_1_504' title='bbox 1611 3958 1818 4010; x_wconf 68' lang='grc' dir='ltr'>ἐπεκα-</span> 
     </span>
    </p>
   </div>
   <div class='ocr_carea' id='block_1_74' title="bbox 246 4049 1816 4125">
    <p class='ocr_par' dir='ltr' id='par_1_74' title="bbox 246 4049 1816 4125">
     <span class='ocr_line' id='line_1_74' title="bbox 246 4049 1816 4125; baseline -0.003 -18"><span class='ocrx_word' id='word_1_505' title='bbox 246 4058 443 4110; x_wconf 69' lang='grc' dir='ltr'>ὶοῦντο</span> <span class='ocrx_word' id='word_1_506' title='bbox 475 4054 575 4124; x_wconf 68' lang='grc' dir='ltr'>μὲν</span> <span class='ocrx_word' id='word_1_507' title='bbox 612 4055 788 4125; x_wconf 79' lang='grc' dir='ltr'>δήπου</span> <span class='ocrx_word' id='word_1_508' title='bbox 831 4054 926 4106; x_wconf 71' lang='grc' dir='ltr'><strong>τὸν</strong></span> <span class='ocrx_word' id='word_1_509' title='bbox 952 4052 1196 4121; x_wconf 77' lang='grc' dir='ltr'>ἡγεμόνα</span> <span class='ocrx_word' id='word_1_510' title='bbox 1242 4050 1443 4103; x_wconf 76' lang='grc' dir='ltr'>αὐτῶν.</span> <span class='ocrx_word' id='word_1_511' title='bbox 1472 4049 1675 4102; x_wconf 83' lang='grc' dir='ltr'>Τούτου</span> <span class='ocrx_word' id='word_1_512' title='bbox 1706 4049 1816 4116; x_wconf 81' lang='grc' dir='ltr'><strong>γὰρ</strong></span> 
     </span>
    </p>
   </div>
   <div class='ocr_carea' id='block_1_75' title="bbox 246 4142 1818 4221">
    <p class='ocr_par' dir='ltr' id='par_1_75' title="bbox 246 4142 1818 4221">
     <span class='ocr_line' id='line_1_75' title="bbox 246 4142 1818 4221; baseline -0.006 -18"><span class='ocrx_word' id='word_1_513' title='bbox 246 4154 315 4221; x_wconf 75' lang='grc' dir='ltr'>δὴ</span> <span class='ocrx_word' id='word_1_514' title='bbox 345 4151 435 4202; x_wconf 64' lang='grc' dir='ltr'><strong>τόν</strong></span> <span class='ocrx_word' id='word_1_515' title='bbox 470 4148 679 4217; x_wconf 81' lang='grc' dir='ltr'>πατέρα</span> <span class='ocrx_word' id='word_1_516' title='bbox 714 4147 979 4212; x_wconf 74' lang='grc' dir='ltr'>ἐξελάσας</span> <span class='ocrx_word' id='word_1_517' title='bbox 1002 4147 1067 4198; x_wconf 82' lang='grc' dir='ltr'>ὲκ</span> <span class='ocrx_word' id='word_1_518' title='bbox 1092 4144 1191 4213; x_wconf 76' lang='grc' dir='ltr'><strong>τῆς</strong></span> <span class='ocrx_word' id='word_1_519' title='bbox 1210 4143 1755 4214; x_wconf 67' lang='grc' dir='ltr'>⁷χώρας.ῐιαιαξήτης</span> <span class='ocrx_word' id='word_1_520' title='bbox 1787 4142 1818 4194; x_wconf 87' lang='grc' dir='ltr'><strong>ό</strong></span> 
     </span>
    </p>
   </div>
   <div class='ocr_carea' id='block_1_76' title="bbox 252 4234 1816 4309">
    <p class='ocr_par' dir='ltr' id='par_1_76' title="bbox 252 4234 1816 4309">
     <span class='ocr_line' id='line_1_76' title="bbox 252 4234 1816 4309; baseline -0.004 -16"><span class='ocrx_word' id='word_1_521' title='bbox 252 4243 644 4309; x_wconf 78' lang='grc' dir='ltr'>Ἀμουράτεω,</span> <span class='ocrx_word' id='word_1_522' title='bbox 686 4242 782 4293; x_wconf 76' lang='grc' dir='ltr'><strong>καὶ</strong></span> <span class='ocrx_word' id='word_1_523' title='bbox 808 4238 1044 4307; x_wconf 83' lang='grc' dir='ltr'>Μύρξαν</span> <span class='ocrx_word' id='word_1_524' title='bbox 1089 4236 1200 4289; x_wconf 88' lang='grc' dir='ltr'><strong>τῶν</strong></span> <span class='ocrx_word' id='word_1_525' title='bbox 1249 4236 1504 4289; x_wconf 83' lang='grc' dir='ltr'>Κανίνων</span> <span class='ocrx_word' id='word_1_526' title='bbox 1544 4234 1816 4303; x_wconf 80' lang='grc' dir='ltr'>ἡγεμόνα,</span> 
     </span>
    </p>
   </div>
   <div class='ocr_carea' id='block_1_77' title="bbox 252 4323 1818 4413">
    <p class='ocr_par' dir='ltr' id='par_1_77' title="bbox 252 4323 1818 4413">
     <span class='ocr_line' id='line_1_77' title="bbox 252 4323 1818 4413; baseline -0.007 -27"><span class='ocrx_word' id='word_1_527' title='bbox 252 4337 349 4386; x_wconf 67' lang='grc' dir='ltr'>καὶ</span> <span class='ocrx_word' id='word_1_528' title='bbox 381 4334 608 4402; x_wconf 72' lang='grc' dir='ltr'>συχνοὺς</span> <span class='ocrx_word' id='word_1_529' title='bbox 641 4330 836 4391; x_wconf 81' lang='grc' dir='ltr'>ἄλλους</span> <span class='ocrx_word' id='word_1_530' title='bbox 876 4328 1144 4398; x_wconf 78' lang='grc' dir='ltr'>ἄρχοντας</span> <span class='ocrx_word' id='word_1_531' title='bbox 1177 4328 1277 4395; x_wconf 79' lang='grc' dir='ltr'><strong>τῆς</strong></span> <span class='ocrx_word' id='word_1_532' title='bbox 1308 4325 1431 4413; x_wconf 52' lang='lat' dir='ltr'><strong>vilis</strong></span> <span class='ocrx_word' id='word_1_533' title='bbox 1473 4323 1678 4395; x_wconf 84' lang='grc' dir='ltr'>χώρας,</span> <span class='ocrx_word' id='word_1_534' title='bbox 1718 4324 1818 4393; x_wconf 81' lang='grc' dir='ltr'>τήν</span> 
     </span>
    </p>
   </div>
   <div class='ocr_carea' id='block_1_78' title="bbox 1909 3140 3475 3211">
    <p class='ocr_par' dir='ltr' id='par_1_78' title="bbox 1909 3140 3475 3211">
     <span class='ocr_line' id='line_1_78' title="bbox 1909 3140 3475 3211; baseline -0.003 -15"><span class='ocrx_word' id='word_1_535' title='bbox 1909 3140 2172 3196; x_wconf 86' lang='lat' dir='ltr'><strong>Comneni</strong></span> <span class='ocrx_word' id='word_1_536' title='bbox 2200 3140 2365 3204; x_wconf 69' lang='lat' dir='ltr'><strong>illius,</strong></span> <span class='ocrx_word' id='word_1_537' title='bbox 2396 3142 2771 3211; x_wconf 80' lang='lat' dir='ltr'><strong>Operibusqne</strong></span> <span class='ocrx_word' id='word_1_538' title='bbox 2801 3140 3253 3195; x_wconf 82' lang='lat' dir='ltr'><strong>memorabilibus</strong></span> <span class='ocrx_word' id='word_1_539' title='bbox 3303 3141 3475 3209; x_wconf 78' lang='lat' dir='ltr'><strong>gestis</strong></span> 
     </span>
    </p>
   </div>
   <div class='ocr_carea' id='block_1_79' title="bbox 1910 3230 3478 3287">
    <p class='ocr_par' dir='ltr' id='par_1_79' title="bbox 1910 3230 3478 3287">
     <span class='ocr_line' id='line_1_79' title="bbox 1910 3230 3478 3287; baseline 0.001 -1"><span class='ocrx_word' id='word_1_540' title='bbox 1910 3231 2203 3286; x_wconf 80' lang='lat' dir='ltr'><strong>admodum</strong></span> <span class='ocrx_word' id='word_1_541' title='bbox 2259 3230 2573 3287; x_wconf 80' lang='lat' dir='ltr'><strong>celebratus</strong></span> <span class='ocrx_word' id='word_1_542' title='bbox 2626 3240 2730 3287; x_wconf 84' lang='lat' dir='ltr'><strong>est.</strong></span> <span class='ocrx_word' id='word_1_543' title='bbox 2767 3232 2824 3286; x_wconf 81' lang='lat' dir='ltr'><strong>in</strong></span> <span class='ocrx_word' id='word_1_544' title='bbox 2859 3234 3003 3286; x_wconf 91' lang='lat' dir='ltr'><strong>hunc</strong></span> <span class='ocrx_word' id='word_1_545' title='bbox 3058 3233 3277 3286; x_wconf 84' lang='lat' dir='ltr'><strong>modum</strong></span> <span class='ocrx_word' id='word_1_546' title='bbox 3340 3232 3478 3287; x_wconf 54' lang='lat' dir='ltr'><strong>Aliis</strong></span> 
     </span>
    </p>
   </div>
   <div class='ocr_carea' id='block_1_80' title="bbox 1911 3322 3480 3391">
    <p class='ocr_par' dir='ltr' id='par_1_80' title="bbox 1911 3322 3480 3391">
     <span class='ocr_line' id='line_1_80' title="bbox 1911 3322 3480 3391; baseline -0.003 -14"><span class='ocrx_word' id='word_1_547' title='bbox 1911 3323 2211 3384; x_wconf 80' lang='lat' dir='ltr'><strong>exercitus,</strong></span> <span class='ocrx_word' id='word_1_548' title='bbox 2253 3338 2376 3375; x_wconf 88' lang='lat' dir='ltr'><strong>cum</strong></span> <span class='ocrx_word' id='word_1_549' title='bbox 2416 3322 2466 3376; x_wconf 91' lang='lat' dir='ltr'><strong>in</strong></span> <span class='ocrx_word' id='word_1_550' title='bbox 2498 3322 2773 3391; x_wconf 84' lang='lat' dir='ltr'><strong>regionem</strong></span> <span class='ocrx_word' id='word_1_551' title='bbox 2827 3338 2947 3389; x_wconf 76' lang='lat' dir='ltr'><strong>qnze</strong></span> <span class='ocrx_word' id='word_1_552' title='bbox 3000 3322 3215 3375; x_wconf 82' lang='lat' dir='ltr'><strong>Ionium</strong></span> <span class='ocrx_word' id='word_1_553' title='bbox 3268 3332 3480 3389; x_wconf 74' lang='lat' dir='ltr'><strong>spectat</strong></span> 
     </span>
    </p>
   </div>
   <div class='ocr_carea' id='block_1_81' title="bbox 1913 3400 3478 3479">
    <p class='ocr_par' dir='ltr' id='par_1_81' title="bbox 1913 3400 3478 3479">
     <span class='ocr_line' id='line_1_81' title="bbox 1913 3400 3478 3479; baseline -0.005 -10"><span class='ocrx_word' id='word_1_554' title='bbox 1913 3412 2188 3477; x_wconf 86' lang='lat' dir='ltr'><strong>irruisset,</strong></span> <span class='ocrx_word' id='word_1_555' title='bbox 2225 3400 2459 3466; x_wconf 84' lang='lat' dir='ltr'><strong>alllictus</strong></span> <span class='ocrx_word' id='word_1_556' title='bbox 2492 3420 2598 3468; x_wconf 87' lang='lat' dir='ltr'><strong>est.</strong></span> <span class='ocrx_word' id='word_1_557' title='bbox 2631 3411 2827 3479; x_wconf 82' lang='lat' dir='ltr'><strong>Caeteri</strong></span> <span class='ocrx_word' id='word_1_558' title='bbox 2852 3412 3065 3474; x_wconf 84' lang='lat' dir='ltr'><strong>Albani,</strong></span> <span class='ocrx_word' id='word_1_559' title='bbox 3094 3410 3185 3479; x_wconf 92' lang='lat' dir='ltr'><strong>qui</strong></span> <span class='ocrx_word' id='word_1_560' title='bbox 3233 3410 3478 3464; x_wconf 84' lang='lat' dir='ltr'><strong>inenlunt</strong></span> 
     </span>
    </p>
   </div>
   <div class='ocr_carea' id='block_1_82' title="bbox 1914 3502 3478 3572">
    <p class='ocr_par' dir='ltr' id='par_1_82' title="bbox 1914 3502 3478 3572">
     <span class='ocr_line' id='line_1_82' title="bbox 1914 3502 3478 3572; baseline -0.003 -13"><span class='ocrx_word' id='word_1_561' title='bbox 1914 3505 2102 3559; x_wconf 85' lang='lat' dir='ltr'><strong>urbem</strong></span> <span class='ocrx_word' id='word_1_562' title='bbox 2137 3520 2257 3572; x_wconf 76' lang='lat' dir='ltr'><strong>qua:</strong></span> <span class='ocrx_word' id='word_1_563' title='bbox 2304 3504 2477 3572; x_wconf 77' lang='lat' dir='ltr'><strong>Argos</strong></span> <span class='ocrx_word' id='word_1_564' title='bbox 2506 3504 2753 3571; x_wconf 85' lang='lat' dir='ltr'><strong>respicit,</strong></span> <span class='ocrx_word' id='word_1_565' title='bbox 2800 3511 2860 3558; x_wconf 91' lang='lat' dir='ltr'><strong>ut</strong></span> <span class='ocrx_word' id='word_1_566' title='bbox 2899 3512 3275 3572; x_wconf 81' lang='lat' dir='ltr'><strong>cognoverunt</strong></span> <span class='ocrx_word' id='word_1_567' title='bbox 3320 3502 3478 3556; x_wconf 84' lang='lat' dir='ltr'><strong>Aria-</strong></span> 
     </span>
    </p>
   </div>
   <div class='ocr_carea' id='block_1_83' title="bbox 1914 3594 3477 3659">
    <p class='ocr_par' dir='ltr' id='par_1_83' title="bbox 1914 3594 3477 3659">
     <span class='ocr_line' id='line_1_83' title="bbox 1914 3594 3477 3659; baseline -0.004 -9"><span class='ocrx_word' id='word_1_568' title='bbox 1914 3596 2085 3650; x_wconf 90' lang='lat' dir='ltr'><strong>nitem</strong></span> <span class='ocrx_word' id='word_1_569' title='bbox 2120 3611 2208 3651; x_wconf 93' lang='lat' dir='ltr'><strong>rcs</strong></span> <span class='ocrx_word' id='word_1_570' title='bbox 2264 3611 2432 3650; x_wconf 88' lang='lat' dir='ltr'><strong>novas</strong></span> <span class='ocrx_word' id='word_1_571' title='bbox 2469 3595 2782 3650; x_wconf 88' lang='lat' dir='ltr'><strong>instituisse</strong></span> <span class='ocrx_word' id='word_1_572' title='bbox 2819 3594 3083 3649; x_wconf 85' lang='lat' dir='ltr'><strong>adversus</strong></span> <span class='ocrx_word' id='word_1_573' title='bbox 3135 3595 3477 3659; x_wconf 87' lang='lat' dir='ltr'><strong>Amuratem,</strong></span> 
     </span>
    </p>
   </div>
   <div class='ocr_carea' id='block_1_84' title="bbox 1915 3688 3480 3758">
    <p class='ocr_par' dir='ltr' id='par_1_84' title="bbox 1915 3688 3480 3758">
     <span class='ocr_line' id='line_1_84' title="bbox 1915 3688 3480 3758; baseline -0.001 -16"><span class='ocrx_word' id='word_1_574' title='bbox 1915 3703 2035 3758; x_wconf 67' lang='lat' dir='ltr'><strong>quae</strong></span> <span class='ocrx_word' id='word_1_575' title='bbox 2068 3689 2281 3745; x_wconf 86' lang='lat' dir='ltr'><strong>felicem</strong></span> <span class='ocrx_word' id='word_1_576' title='bbox 2322 3689 2533 3745; x_wconf 67' lang='lat' dir='ltr'><strong>sortita:</strong></span> <span class='ocrx_word' id='word_1_577' title='bbox 2582 3690 2990 3752; x_wconf 89' lang='lat' dir='ltr'><strong>sintevenlum,</strong></span> <span class='ocrx_word' id='word_1_578' title='bbox 3025 3688 3190 3743; x_wconf 89' lang='lat' dir='ltr'><strong>etiam</strong></span> <span class='ocrx_word' id='word_1_579' title='bbox 3225 3688 3325 3756; x_wconf 85' lang='lat' dir='ltr'><strong>ipsi</strong></span> <span class='ocrx_word' id='word_1_580' title='bbox 3383 3688 3480 3741; x_wconf 84' lang='lat' dir='ltr'><strong>de-</strong></span> 
     </span>
    </p>
   </div>
   <div class='ocr_carea' id='block_1_85' title="bbox 1917 3779 3484 3851">
    <p class='ocr_par' dir='ltr' id='par_1_85' title="bbox 1917 3779 3484 3851">
     <span class='ocr_line' id='line_1_85' title="bbox 1917 3779 3484 3851; baseline 0 -17"><span class='ocrx_word' id='word_1_581' title='bbox 1917 3779 2169 3837; x_wconf 87' lang='lat' dir='ltr'><strong>fectionis</strong></span> <span class='ocrx_word' id='word_1_582' title='bbox 2225 3780 2294 3835; x_wconf 87' lang='lat' dir='ltr'><strong>ab</strong></span> <span class='ocrx_word' id='word_1_583' title='bbox 2354 3796 2479 3851; x_wconf 92' lang='lat' dir='ltr'><strong>rege</strong></span> <span class='ocrx_word' id='word_1_584' title='bbox 2548 3779 2780 3838; x_wconf 86' lang='lat' dir='ltr'><strong>consilia</strong></span> <span class='ocrx_word' id='word_1_585' title='bbox 2835 3783 3115 3851; x_wconf 82' lang='lat' dir='ltr'><strong>agitarunt</strong></span> <span class='ocrx_word' id='word_1_586' title='bbox 3175 3799 3189 3835; x_wconf 89' lang='lat'><strong>:</strong></span> <span class='ocrx_word' id='word_1_587' title='bbox 3246 3789 3300 3834; x_wconf 84' lang='lat' dir='ltr'><strong>et</strong></span> <span class='ocrx_word' id='word_1_588' title='bbox 3352 3779 3484 3835; x_wconf 83' lang='lat' dir='ltr'><strong>defi-</strong></span> 
     </span>
    </p>
   </div>
   <div class='ocr_carea' id='block_1_86' title="bbox 1916 3868 3480 3940">
    <p class='ocr_par' dir='ltr' id='par_1_86' title="bbox 1916 3868 3480 3940">
     <span class='ocr_line' id='line_1_86' title="bbox 1916 3868 3480 3940; baseline -0.004 -12"><span class='ocrx_word' id='word_1_589' title='bbox 1916 3873 2145 3938; x_wconf 87' lang='lat' dir='ltr'><strong>cientes,</strong></span> <span class='ocrx_word' id='word_1_590' title='bbox 2179 3871 2363 3940; x_wconf 86' lang='lat' dir='ltr'><strong>Depan</strong></span> <span class='ocrx_word' id='word_1_591' title='bbox 2409 3880 2692 3925; x_wconf 86' lang='lat' dir='ltr'><strong>evocatum</strong></span> <span class='ocrx_word' id='word_1_592' title='bbox 2727 3869 2831 3926; x_wconf 86' lang='lat' dir='ltr'><strong>sibi</strong></span> <span class='ocrx_word' id='word_1_593' title='bbox 2858 3871 3051 3925; x_wconf 90' lang='lat' dir='ltr'><strong>ducem</strong></span> <span class='ocrx_word' id='word_1_594' title='bbox 3094 3879 3147 3923; x_wconf 90' lang='lat' dir='ltr'><strong>et</strong></span> <span class='ocrx_word' id='word_1_595' title='bbox 3178 3868 3480 3939; x_wconf 86' lang='lat' dir='ltr'><strong>principem</strong></span> 
     </span>
    </p>
   </div>
   <div class='ocr_carea' id='block_1_87' title="bbox 1916 3952 3477 4034">
    <p class='ocr_par' dir='ltr' id='par_1_87' title="bbox 1916 3952 3477 4034">
     <span class='ocr_line' id='line_1_87' title="bbox 1916 3952 3477 4034; baseline -0.007 -13"><span class='ocrx_word' id='word_1_596' title='bbox 1916 3966 2217 4034; x_wconf 86' lang='lat' dir='ltr'><strong>elegerunt.</strong></span> <span class='ocrx_word' id='word_1_597' title='bbox 2258 3961 2433 4031; x_wconf 77' lang='lat' dir='ltr'><strong>Hujus</strong></span> <span class='ocrx_word' id='word_1_598' title='bbox 2458 3963 2602 4018; x_wconf 89' lang='lat' dir='ltr'><strong>enim</strong></span> <span class='ocrx_word' id='word_1_599' title='bbox 2638 3970 2847 4030; x_wconf 82' lang='lat' dir='ltr'><strong>patrem</strong></span> <span class='ocrx_word' id='word_1_600' title='bbox 2881 3978 3004 4016; x_wconf 89' lang='lat' dir='ltr'><strong>eum</strong></span> <span class='ocrx_word' id='word_1_601' title='bbox 3043 3952 3291 4030; x_wconf 83' lang='lat' dir='ltr'><strong>ejecisset</strong></span> <span class='ocrx_word' id='word_1_602' title='bbox 3320 3975 3350 4012; x_wconf 93' lang='lat' dir='ltr'><strong>e</strong></span> <span class='ocrx_word' id='word_1_603' title='bbox 3380 3974 3477 4014; x_wconf 86' lang='lat' dir='ltr'><strong>sua</strong></span> 
     </span>
    </p>
   </div>
   <div class='ocr_carea' id='block_1_88' title="bbox 1918 4050 3487 4123">
    <p class='ocr_par' dir='ltr' id='par_1_88' title="bbox 1918 4050 3487 4123">
     <span class='ocr_line' id='line_1_88' title="bbox 1918 4050 3487 4123; baseline -0.004 -15"><span class='ocrx_word' id='word_1_604' title='bbox 1918 4058 2141 4123; x_wconf 83' lang='lat' dir='ltr'><strong>regione</strong></span> <span class='ocrx_word' id='word_1_605' title='bbox 2170 4054 2440 4122; x_wconf 77' lang='lat' dir='ltr'><strong>Pajazites</strong></span> <span class='ocrx_word' id='word_1_606' title='bbox 2492 4052 2770 4108; x_wconf 85' lang='lat' dir='ltr'><strong>Amuratis</strong></span> <span class='ocrx_word' id='word_1_607' title='bbox 2824 4051 2989 4114; x_wconf 71' lang='lat' dir='ltr'><strong>filius,</strong></span> <span class='ocrx_word' id='word_1_608' title='bbox 3026 4050 3237 4103; x_wconf 81' lang='lat' dir='ltr'><strong>exactis</strong></span> <span class='ocrx_word' id='word_1_609' title='bbox 3266 4063 3487 4118; x_wconf 82' lang='lat' dir='ltr'><strong>quoque</strong></span> 
     </span>
    </p>
   </div>
   <div class='ocr_carea' id='block_1_89' title="bbox 1919 4140 3486 4217">
    <p class='ocr_par' dir='ltr' id='par_1_89' title="bbox 1919 4140 3486 4217">
     <span class='ocr_line' id='line_1_89' title="bbox 1919 4140 3486 4217; baseline -0.004 -18"><span class='ocrx_word' id='word_1_610' title='bbox 1919 4145 2104 4217; x_wconf 78' lang='lat' dir='ltr'><strong>Myrxa</strong></span> <span class='ocrx_word' id='word_1_611' title='bbox 2151 4156 2204 4200; x_wconf 91' lang='lat' dir='ltr'><strong>ct</strong></span> <span class='ocrx_word' id='word_1_612' title='bbox 2232 4144 2568 4200; x_wconf 90' lang='lat' dir='ltr'><strong>Caninorum</strong></span> <span class='ocrx_word' id='word_1_613' title='bbox 2600 4142 2867 4213; x_wconf 90' lang='lat' dir='ltr'><strong>principe,</strong></span> <span class='ocrx_word' id='word_1_614' title='bbox 2905 4158 3115 4197; x_wconf 88' lang='lat' dir='ltr'><strong>necnon</strong></span> <span class='ocrx_word' id='word_1_615' title='bbox 3172 4140 3296 4195; x_wconf 87' lang='lat' dir='ltr'><strong>aliis</strong></span> <span class='ocrx_word' id='word_1_616' title='bbox 3331 4140 3486 4194; x_wconf 88' lang='lat' dir='ltr'><strong>duci-</strong></span> 
     </span>
    </p>
   </div>
   <div class='ocr_carea' id='block_1_90' title="bbox 1920 4230 3483 4306">
    <p class='ocr_par' dir='ltr' id='par_1_90' title="bbox 1920 4230 3483 4306">
     <span class='ocr_line' id='line_1_90' title="bbox 1920 4230 3483 4306; baseline -0.008 -13"><span class='ocrx_word' id='word_1_617' title='bbox 1920 4238 2023 4294; x_wconf 87' lang='lat' dir='ltr'><strong>bus</strong></span> <span class='ocrx_word' id='word_1_618' title='bbox 2079 4236 2350 4306; x_wconf 87' lang='lat' dir='ltr'><strong>plurimis,</strong></span> <span class='ocrx_word' id='word_1_619' title='bbox 2433 4234 2536 4289; x_wconf 87' lang='lat' dir='ltr'><strong>ista</strong></span> <span class='ocrx_word' id='word_1_620' title='bbox 2614 4232 2836 4302; x_wconf 82' lang='lat' dir='ltr'><strong>regione</strong></span> <span class='ocrx_word' id='word_1_621' title='bbox 2890 4230 3049 4303; x_wconf 66' lang='grc'><strong>134</strong></span> <span class='ocrx_word' id='word_1_622' title='bbox 3113 4231 3319 4301; x_wconf 89' lang='lat' dir='ltr'><strong>potitus</strong></span> <span class='ocrx_word' id='word_1_623' title='bbox 3375 4238 3483 4283; x_wconf 91' lang='lat' dir='ltr'><strong>est.</strong></span> 
     </span>
    </p>
   </div>
   <div class='ocr_carea' id='block_1_91' title="bbox 1925 4322 3485 4399">
    <p class='ocr_par' dir='ltr' id='par_1_91' title="bbox 1925 4322 3485 4399">
     <span class='ocr_line' id='line_1_91' title="bbox 1925 4322 3485 4399; baseline -0.006 -18"><span class='ocrx_word' id='word_1_624' title='bbox 1925 4329 2102 4399; x_wconf 72' lang='lat' dir='ltr'><strong>llcpan</strong></span> <span class='ocrx_word' id='word_1_625' title='bbox 2138 4328 2306 4398; x_wconf 88' lang='lat' dir='ltr'><strong>igitur</strong></span> <span class='ocrx_word' id='word_1_626' title='bbox 2335 4327 2487 4381; x_wconf 88' lang='lat' dir='ltr'><strong>illum</strong></span> <span class='ocrx_word' id='word_1_627' title='bbox 2540 4325 2764 4380; x_wconf 86' lang='lat' dir='ltr'><strong>incertis</strong></span> <span class='ocrx_word' id='word_1_628' title='bbox 2796 4335 3082 4392; x_wconf 75' lang='lat' dir='ltr'><strong>vagantem</strong></span> <span class='ocrx_word' id='word_1_629' title='bbox 3110 4322 3338 4378; x_wconf 89' lang='lat' dir='ltr'><strong>sedibus</strong></span> <span class='ocrx_word' id='word_1_630' title='bbox 3388 4334 3485 4387; x_wconf 85' lang='lat' dir='ltr'><strong>per</strong></span> 
     </span>
    </p>
   </div>
   <div class='ocr_carea' id='block_1_92' title="bbox 254 4399 1807 4495">
    <p class='ocr_par' dir='ltr' id='par_1_92' title="bbox 254 4399 1807 4495">
     <span class='ocr_line' id='line_1_92' title="bbox 254 4399 1807 4495; baseline -0.003 -18"><span class='ocrx_word' id='word_1_631' title='bbox 254 4444 312 4477; x_wconf 79' lang='grc' dir='ltr'><strong>τε</strong></span> <span class='ocrx_word' id='word_1_632' title='bbox 359 4429 543 4495; x_wconf 81' lang='grc' dir='ltr'>χώραν</span> <span class='ocrx_word' id='word_1_633' title='bbox 584 4425 853 4493; x_wconf 81' lang='grc' dir='ltr'>κατέσχε,</span> <span class='ocrx_word' id='word_1_634' title='bbox 903 4420 997 4474; x_wconf 77' lang='grc' dir='ltr'>καὶ</span> <span class='ocrx_word' id='word_1_635' title='bbox 1039 4420 1221 4489; x_wconf 74' lang='grc' dir='ltr'>ἐαυτῷ</span> <span class='ocrx_word' id='word_1_636' title='bbox 1256 4399 1807 4489; x_wconf 62' lang='grc' dir='ltr'>κατίπρούστὴσατο.</span> 
     </span>
    </p>
   </div>
   <div class='ocr_carea' id='block_1_93' title="bbox 1909 4399 3491 4495">
    <p class='ocr_par' dir='ltr' id='par_1_93' title="bbox 1921 4411 3491 4488">
     <span class='ocr_line' id='line_1_93' title="bbox 1921 4411 3491 4488; baseline -0.008 -11"><span class='ocrx_word' id='word_1_637' title='bbox 1921 4422 2151 4485; x_wconf 82' lang='lat' dir='ltr'><strong>Italiam,</strong></span> <span class='ocrx_word' id='word_1_638' title='bbox 2201 4427 2256 4475; x_wconf 89' lang='lat' dir='ltr'><strong>et</strong></span> <span class='ocrx_word' id='word_1_639' title='bbox 2296 4418 2617 4488; x_wconf 86' lang='lat' dir='ltr'><strong>plerumque</strong></span> <span class='ocrx_word' id='word_1_640' title='bbox 2663 4426 2967 4469; x_wconf 83' lang='lat' dir='ltr'><strong>morantem</strong></span> <span class='ocrx_word' id='word_1_641' title='bbox 3004 4414 3059 4469; x_wconf 90' lang='lat' dir='ltr'><strong>in</strong></span> <span class='ocrx_word' id='word_1_642' title='bbox 3091 4413 3330 4483; x_wconf 82' lang='lat' dir='ltr'><strong>Corcyra</strong></span> <span class='ocrx_word' id='word_1_643' title='bbox 3387 4411 3491 4465; x_wconf 74' lang='lat' dir='ltr'><strong>Ve-</strong></span> 
     </span>
    </p>
   </div>
   <div class='ocr_carea' id='block_1_94' title="bbox 254 4508 1823 4585">
    <p class='ocr_par' dir='ltr' id='par_1_94' title="bbox 254 4508 1823 4585">
     <span class='ocr_line' id='line_1_94' title="bbox 254 4508 1823 4585; baseline -0.006 -15"><span class='ocrx_word' id='word_1_644' title='bbox 254 4517 359 4570; x_wconf 76' lang='grc' dir='ltr'>Τὸν</span> <span class='ocrx_word' id='word_1_645' title='bbox 391 4515 458 4585; x_wconf 83' lang='grc' dir='ltr'>δὴ</span> <span class='ocrx_word' id='word_1_646' title='bbox 508 4508 605 4567; x_wconf 77' lang='grc' dir='ltr'>οὖν</span> <span class='ocrx_word' id='word_1_647' title='bbox 652 4513 833 4567; x_wconf 81' lang='grc' dir='ltr'>Δέπαν</span> <span class='ocrx_word' id='word_1_648' title='bbox 875 4510 1062 4564; x_wconf 79' lang='grc' dir='ltr'>τοῦτον</span> <span class='ocrx_word' id='word_1_649' title='bbox 1103 4508 1394 4580; x_wconf 83' lang='grc' dir='ltr'>περιιόντα</span> <span class='ocrx_word' id='word_1_650' title='bbox 1422 4550 1438 4576; x_wconf 93' lang='grc'><strong>,</strong></span> <span class='ocrx_word' id='word_1_651' title='bbox 1470 4510 1566 4563; x_wconf 76' lang='grc' dir='ltr'>καὶ</span> <span class='ocrx_word' id='word_1_652' title='bbox 1602 4524 1823 4579; x_wconf 64' lang='grc' dir='ltr'>περινοη</span> 
     </span>
    </p>
   </div>
   <div class='ocr_carea' id='block_1_95' title="bbox 258 4602 1822 4675">
    <p class='ocr_par' dir='ltr' id='par_1_95' title="bbox 258 4602 1822 4675">
     <span class='ocr_line' id='line_1_95' title="bbox 258 4602 1822 4675; baseline -0.004 -16"><span class='ocrx_word' id='word_1_653' title='bbox 258 4609 511 4670; x_wconf 73' lang='grc' dir='ltr'>στοῦντα,</span> <span class='ocrx_word' id='word_1_654' title='bbox 549 4606 681 4661; x_wconf 70' lang='grc' dir='ltr'>ἄλλο</span> <span class='ocrx_word' id='word_1_655' title='bbox 720 4622 783 4658; x_wconf 75' lang='grc' dir='ltr'><strong>τε</strong></span> <span class='ocrx_word' id='word_1_656' title='bbox 827 4604 994 4675; x_wconf 75' lang='grc' dir='ltr'>ἄλλην</span> <span class='ocrx_word' id='word_1_657' title='bbox 1045 4605 1148 4671; x_wconf 80' lang='grc' dir='ltr'><strong>τῆς</strong></span> <span class='ocrx_word' id='word_1_658' title='bbox 1176 4602 1433 4667; x_wconf 87' lang='grc' dir='ltr'>Ἰταλίας,</span> <span class='ocrx_word' id='word_1_659' title='bbox 1466 4602 1562 4656; x_wconf 80' lang='grc' dir='ltr'>καὶ</span> <span class='ocrx_word' id='word_1_660' title='bbox 1593 4604 1653 4657; x_wconf 79' lang='grc' dir='ltr'>ὲν</span> <span class='ocrx_word' id='word_1_661' title='bbox 1680 4603 1822 4671; x_wconf 69' lang='grc' dir='ltr'>Κερ-</span> 
     </span>
    </p>
   </div>
   <div class='ocr_carea' id='block_1_96' title="bbox 258 4692 1822 4769">
    <p class='ocr_par' dir='ltr' id='par_1_96' title="bbox 258 4692 1822 4769">
     <span class='ocr_line' id='line_1_96' title="bbox 258 4692 1822 4769; baseline -0.004 -17"><span class='ocrx_word' id='word_1_662' title='bbox 258 4701 321 4753; x_wconf 76' lang='grc' dir='ltr'><strong>κύ</strong></span> <span class='ocrx_word' id='word_1_663' title='bbox 334 4717 403 4769; x_wconf 63' lang='lat' dir='ltr'><strong>pq.</strong></span> <span class='ocrx_word' id='word_1_664' title='bbox 430 4702 497 4769; x_wconf 75' lang='grc' dir='ltr'>τῇ</span> <span class='ocrx_word' id='word_1_665' title='bbox 528 4697 759 4751; x_wconf 76' lang='grc' dir='ltr'>Ἐνετῶν</span> <span class='ocrx_word' id='word_1_666' title='bbox 790 4696 940 4766; x_wconf 81' lang='grc' dir='ltr'>νήσῳ</span> <span class='ocrx_word' id='word_1_667' title='bbox 982 4695 1052 4749; x_wconf 77' lang='grc' dir='ltr'>τὰ</span> <span class='ocrx_word' id='word_1_668' title='bbox 1087 4694 1262 4748; x_wconf 84' lang='grc' dir='ltr'>πολλὰ</span> <span class='ocrx_word' id='word_1_669' title='bbox 1296 4692 1667 4763; x_wconf 86' lang='grc' dir='ltr'>διατρίϐοντα,</span> <span class='ocrx_word' id='word_1_670' title='bbox 1697 4695 1822 4747; x_wconf 72' lang='grc' dir='ltr'>ἑπε-</span> 
     </span>
    </p>
   </div>
   <div class='ocr_carea' id='block_1_97' title="bbox 258 4786 1821 4860">
    <p class='ocr_par' dir='ltr' id='par_1_97' title="bbox 258 4786 1821 4860">
     <span class='ocr_line' id='line_1_97' title="bbox 258 4786 1821 4860; baseline -0.003 -16"><span class='ocrx_word' id='word_1_671' title='bbox 258 4790 518 4845; x_wconf 78' lang='grc' dir='ltr'>καλοῦντο</span> <span class='ocrx_word' id='word_1_672' title='bbox 545 4791 595 4844; x_wconf 75' lang='lat' dir='ltr'><strong>oi</strong></span> <span class='ocrx_word' id='word_1_673' title='bbox 634 4790 767 4860; x_wconf 80' lang='grc' dir='ltr'>περὶ</span> <span class='ocrx_word' id='word_1_674' title='bbox 813 4788 915 4860; x_wconf 81' lang='grc' dir='ltr'><strong>τὴν</strong></span> <span class='ocrx_word' id='word_1_675' title='bbox 955 4787 1465 4860; x_wconf 81' lang='grc' dir='ltr'>’Δργυροπολίχνην</span> <span class='ocrx_word' id='word_1_676' title='bbox 1521 4786 1821 4852; x_wconf 80' lang='grc' dir='ltr'>οίκοῢντες,</span> 
     </span>
    </p>
   </div>
   <div class='ocr_carea' id='block_1_98' title="bbox 259 4878 1823 4951">
    <p class='ocr_par' dir='ltr' id='par_1_98' title="bbox 259 4878 1823 4951">
     <span class='ocr_line' id='line_1_98' title="bbox 259 4878 1823 4951; baseline -0.004 -16"><span class='ocrx_word' id='word_1_677' title='bbox 259 4886 354 4935; x_wconf 62' lang='grc' dir='ltr'><strong>χοὶ</strong></span> <span class='ocrx_word' id='word_1_678' title='bbox 383 4882 535 4949; x_wconf 74' lang='grc' dir='ltr'>σφίσι.</span> <span class='ocrx_word' id='word_1_679' title='bbox 568 4881 792 4951; x_wconf 81' lang='grc' dir='ltr'>βασιλέα</span> <span class='ocrx_word' id='word_1_680' title='bbox 823 4898 882 4933; x_wconf 87' lang='grc' dir='ltr'><strong>τε</strong></span> <span class='ocrx_word' id='word_1_681' title='bbox 918 4880 1241 4950; x_wconf 70' lang='grc' dir='ltr'>ἐστήσαντο.</span> <span class='ocrx_word' id='word_1_682' title='bbox 1280 4878 1385 4932; x_wconf 77' lang='grc' dir='ltr'><strong>Καὶ</strong></span> <span class='ocrx_word' id='word_1_683' title='bbox 1409 4878 1641 4947; x_wconf 79' lang='grc' dir='ltr'>στρατὸν</span> <span class='ocrx_word' id='word_1_684' title='bbox 1664 4894 1823 4947; x_wconf 76' lang='grc' dir='ltr'>ποιη-</span> 
     </span>
    </p>
   </div>
   <div class='ocr_carea' id='block_1_99' title="bbox 260 4970 1824 5047">
    <p class='ocr_par' dir='ltr' id='par_1_99' title="bbox 260 4970 1824 5047">
     <span class='ocr_line' id='line_1_99' title="bbox 260 4970 1824 5047; baseline -0.006 -18"><span class='ocrx_word' id='word_1_685' title='bbox 260 4979 509 5047; x_wconf 72' lang='grc' dir='ltr'>ςάμενοι,</span> <span class='ocrx_word' id='word_1_686' title='bbox 544 4976 853 5046; x_wconf 63' lang='grc' dir='ltr'>ἐπήλαυνον</span> <span class='ocrx_word' id='word_1_687' title='bbox 888 4972 982 5025; x_wconf 69' lang='grc' dir='ltr'><strong>ἐπὶ</strong></span> <span class='ocrx_word' id='word_1_688' title='bbox 1031 4972 1132 5042; x_wconf 78' lang='grc' dir='ltr'>τὴν</span> <span class='ocrx_word' id='word_1_689' title='bbox 1160 4970 1683 5042; x_wconf 83' lang='grc' dir='ltr'>Ἀργυροπολίχνην,</span> <span class='ocrx_word' id='word_1_690' title='bbox 1723 4971 1824 5037; x_wconf 81' lang='grc' dir='ltr'>τὴν</span> 
     </span>
    </p>
   </div>
   <div class='ocr_carea' id='block_1_100' title="bbox 261 5060 1823 5138">
    <p class='ocr_par' dir='ltr' id='par_1_100' title="bbox 261 5060 1823 5138">
     <span class='ocr_line' id='line_1_100' title="bbox 261 5060 1823 5138; baseline -0.006 -16"><span class='ocrx_word' id='word_1_691' title='bbox 261 5070 529 5137; x_wconf 73' lang='grc' dir='ltr'>βασιλέως</span> <span class='ocrx_word' id='word_1_692' title='bbox 574 5068 696 5121; x_wconf 84' lang='grc' dir='ltr'>τότε</span> <span class='ocrx_word' id='word_1_693' title='bbox 755 5068 821 5138; x_wconf 78' lang='grc' dir='ltr'>δὴ</span> <span class='ocrx_word' id='word_1_694' title='bbox 856 5065 1035 5130; x_wconf 83' lang='grc' dir='ltr'>πόλιν,</span> <span class='ocrx_word' id='word_1_695' title='bbox 1070 5064 1380 5133; x_wconf 75' lang='grc' dir='ltr'>ἀνήκουσαν</span> <span class='ocrx_word' id='word_1_696' title='bbox 1421 5062 1479 5116; x_wconf 77' lang='grc' dir='ltr'>δὲ</span> <span class='ocrx_word' id='word_1_697' title='bbox 1526 5060 1823 5131; x_wconf 77' lang='grc' dir='ltr'>προῦθεντο</span> 
     </span>
    </p>
   </div>
   <div class='ocr_carea' id='block_1_101' title="bbox 259 5152 1825 5230">
    <p class='ocr_par' dir='ltr' id='par_1_101' title="bbox 259 5152 1825 5230">
     <span class='ocr_line' id='line_1_101' title="bbox 259 5152 1825 5230; baseline -0.003 -21"><span class='ocrx_word' id='word_1_698' title='bbox 259 5160 461 5230; x_wconf 62' lang='grc' dir='ltr'>τουτῳῒ</span> <span class='ocrx_word' id='word_1_699' title='bbox 504 5159 585 5230; x_wconf 80' lang='grc' dir='ltr'><strong>τῷ</strong></span> <span class='ocrx_word' id='word_1_700' title='bbox 632 5160 782 5229; x_wconf 79' lang='grc' dir='ltr'>Δέπᾳ</span> <span class='ocrx_word' id='word_1_701' title='bbox 807 5199 821 5221; x_wconf 84' lang='grc'><strong>,</strong></span> <span class='ocrx_word' id='word_1_702' title='bbox 870 5158 968 5210; x_wconf 75' lang='grc' dir='ltr'>καὶ</span> <span class='ocrx_word' id='word_1_703' title='bbox 994 5156 1346 5227; x_wconf 74' lang='grc' dir='ltr'>ιπολιόρκουν</span> <span class='ocrx_word' id='word_1_704' title='bbox 1374 5152 1472 5224; x_wconf 79' lang='grc' dir='ltr'><strong>τὴν</strong></span> <span class='ocrx_word' id='word_1_705' title='bbox 1526 5154 1679 5206; x_wconf 87' lang='grc' dir='ltr'>πόλιν</span> <span class='ocrx_word' id='word_1_706' title='bbox 1716 5170 1825 5222; x_wconf 86' lang='grc' dir='ltr'><strong>μη-</strong></span> 
     </span>
    </p>
   </div>
   <div class='ocr_carea' id='block_1_102' title="bbox 260 5239 1823 5320">
    <p class='ocr_par' dir='ltr' id='par_1_102' title="bbox 260 5239 1823 5320">
     <span class='ocr_line' id='line_1_102' title="bbox 260 5239 1823 5320; baseline -0.004 -19"><span class='ocrx_word' id='word_1_707' title='bbox 260 5251 451 5317; x_wconf 82' lang='grc' dir='ltr'>χαναῖς</span> <span class='ocrx_word' id='word_1_708' title='bbox 486 5266 545 5301; x_wconf 86' lang='grc' dir='ltr'><strong>τε</strong></span> <span class='ocrx_word' id='word_1_709' title='bbox 580 5247 658 5316; x_wconf 86' lang='grc' dir='ltr'><strong>τῷ</strong></span> <span class='ocrx_word' id='word_1_710' title='bbox 701 5246 873 5316; x_wconf 83' lang='grc' dir='ltr'>τείχει</span> <span class='ocrx_word' id='word_1_711' title='bbox 910 5244 1332 5320; x_wconf 74' lang='grc' dir='ltr'>προσφέροντες.</span> <span class='ocrx_word' id='word_1_712' title='bbox 1360 5239 1542 5296; x_wconf 80' lang='grc' dir='ltr'>ἾΙσαν</span> <span class='ocrx_word' id='word_1_713' title='bbox 1571 5242 1629 5295; x_wconf 72' lang='grc' dir='ltr'>δὲ</span> <span class='ocrx_word' id='word_1_714' title='bbox 1655 5240 1823 5295; x_wconf 75' lang='grc' dir='ltr'>αὐτοῦ</span> 
     </span>
    </p>
   </div>
   <div class='ocr_carea' id='block_1_103' title="bbox 260 5333 1825 5408">
    <p class='ocr_par' dir='ltr' id='par_1_103' title="bbox 260 5333 1825 5408">
     <span class='ocr_line' id='line_1_103' title="bbox 260 5333 1825 5408; baseline -0.003 -16"><span class='ocrx_word' id='word_1_715' title='bbox 260 5344 316 5391; x_wconf 77' lang='grc' dir='ltr'>ὲν</span> <span class='ocrx_word' id='word_1_716' title='bbox 344 5343 411 5408; x_wconf 75' lang='grc' dir='ltr'>τῇ</span> <span class='ocrx_word' id='word_1_717' title='bbox 439 5339 596 5392; x_wconf 62' lang='grc' dir='ltr'>πόλει</span> <span class='ocrx_word' id='word_1_718' title='bbox 621 5337 876 5407; x_wconf 77' lang='grc' dir='ltr'>νεήλυδές</span> <span class='ocrx_word' id='word_1_719' title='bbox 920 5353 981 5389; x_wconf 88' lang='grc' dir='ltr'><strong>τε</strong></span> <span class='ocrx_word' id='word_1_720' title='bbox 1020 5335 1116 5389; x_wconf 84' lang='grc' dir='ltr'><strong>τοῦ</strong></span> <span class='ocrx_word' id='word_1_721' title='bbox 1151 5334 1416 5404; x_wconf 79' lang='grc' dir='ltr'>βασιλέως</span> <span class='ocrx_word' id='word_1_722' title='bbox 1452 5336 1700 5404; x_wconf 79' lang='grc' dir='ltr'>φρουρᾷ,</span> <span class='ocrx_word' id='word_1_723' title='bbox 1729 5333 1825 5387; x_wconf 85' lang='grc' dir='ltr'><strong>καί</strong></span> 
     </span>
    </p>
   </div>
   <div class='ocr_carea' id='block_1_104' title="bbox 261 5423 1826 5496">
    <p class='ocr_par' dir='ltr' id='par_1_104' title="bbox 261 5423 1826 5496">
     <span class='ocr_line' id='line_1_104' title="bbox 261 5423 1826 5496; baseline -0.002 -16"><span class='ocrx_word' id='word_1_724' title='bbox 261 5446 401 5493; x_wconf 80' lang='grc' dir='ltr'>τινες</span> <span class='ocrx_word' id='word_1_725' title='bbox 440 5429 593 5482; x_wconf 75' lang='grc' dir='ltr'>ἄλλοι</span> <span class='ocrx_word' id='word_1_726' title='bbox 643 5429 705 5481; x_wconf 82' lang='grc' dir='ltr'><strong>ού</strong></span> <span class='ocrx_word' id='word_1_727' title='bbox 754 5427 941 5480; x_wconf 80' lang='grc' dir='ltr'>πολλοὶ</span> <span class='ocrx_word' id='word_1_728' title='bbox 985 5425 1097 5483; x_wconf 84' lang='grc' dir='ltr'><strong>τῶν</strong></span> <span class='ocrx_word' id='word_1_729' title='bbox 1133 5423 1416 5496; x_wconf 81' lang='grc' dir='ltr'>Τούριιων,</span> <span class='ocrx_word' id='word_1_730' title='bbox 1468 5424 1826 5492; x_wconf 81' lang='grc' dir='ltr'>διαφυγόντες</span> 
     </span>
    </p>
   </div>
   <div class='ocr_carea' id='block_1_105' title="bbox 1919 4502 3485 4576">
    <p class='ocr_par' dir='ltr' id='par_1_105' title="bbox 1919 4502 3485 4576">
     <span class='ocr_line' id='line_1_105' title="bbox 1919 4502 3485 4576; baseline -0.01 -7"><span class='ocrx_word' id='word_1_731' title='bbox 1919 4523 2169 4569; x_wconf 89' lang='lat' dir='ltr'><strong>netorum</strong></span> <span class='ocrx_word' id='word_1_732' title='bbox 2220 4509 2417 4573; x_wconf 86' lang='lat' dir='ltr'><strong>insula.</strong></span> <span class='ocrx_word' id='word_1_733' title='bbox 2472 4509 2690 4575; x_wconf 84' lang='lat' dir='ltr'><strong>Albani,</strong></span> <span class='ocrx_word' id='word_1_734' title='bbox 2740 4508 2835 4574; x_wconf 86' lang='lat' dir='ltr'><strong>qui</strong></span> <span class='ocrx_word' id='word_1_735' title='bbox 2891 4506 3045 4576; x_wconf 83' lang='lat' dir='ltr'><strong>juxta</strong></span> <span class='ocrx_word' id='word_1_736' title='bbox 3100 4502 3485 4575; x_wconf 84' lang='lat' dir='ltr'><strong>Argyropolim</strong></span> 
     </span>
    </p>
   </div>
   <div class='ocr_carea' id='block_1_106' title="bbox 1920 4595 3485 4669">
    <p class='ocr_par' dir='ltr' id='par_1_106' title="bbox 1920 4595 3485 4669">
     <span class='ocr_line' id='line_1_106' title="bbox 1920 4595 3485 4669; baseline -0.01 -9"><span class='ocrx_word' id='word_1_737' title='bbox 1920 4605 2302 4669; x_wconf 81' lang='lat' dir='ltr'><strong>versabantur,</strong></span> <span class='ocrx_word' id='word_1_738' title='bbox 2368 4610 2736 4665; x_wconf 82' lang='lat' dir='ltr'><strong>aceersentes,</strong></span> <span class='ocrx_word' id='word_1_739' title='bbox 2790 4613 2973 4668; x_wconf 88' lang='lat' dir='ltr'><strong>regem</strong></span> <span class='ocrx_word' id='word_1_740' title='bbox 3030 4595 3135 4653; x_wconf 87' lang='lat' dir='ltr'><strong>sibi</strong></span> <span class='ocrx_word' id='word_1_741' title='bbox 3199 4599 3485 4654; x_wconf 85' lang='lat' dir='ltr'><strong>crearunt,</strong></span> 
     </span>
    </p>
   </div>
   <div class='ocr_carea' id='block_1_107' title="bbox 1920 4676 3493 4766">
    <p class='ocr_par' dir='ltr' id='par_1_107' title="bbox 1920 4676 3493 4766">
     <span class='ocr_line' id='line_1_107' title="bbox 1920 4676 3493 4766; baseline -0.01 -14"><span class='ocrx_word' id='word_1_742' title='bbox 1920 4696 2324 4766; x_wconf 78' lang='lat' dir='ltr'><strong>contractisque</strong></span> <span class='ocrx_word' id='word_1_743' title='bbox 2357 4694 2552 4762; x_wconf 80' lang='lat' dir='ltr'><strong>copiis,</strong></span> <span class='ocrx_word' id='word_1_744' title='bbox 2600 4690 3006 4762; x_wconf 78' lang='lat' dir='ltr'><strong>Argyropolim,</strong></span> <span class='ocrx_word' id='word_1_745' title='bbox 3048 4702 3173 4756; x_wconf 71' lang='lat' dir='ltr'><strong>qum</strong></span> <span class='ocrx_word' id='word_1_746' title='bbox 3200 4695 3312 4739; x_wconf 89' lang='lat' dir='ltr'><strong>tum</strong></span> <span class='ocrx_word' id='word_1_747' title='bbox 3349 4676 3493 4738; x_wconf 80' lang='lat' dir='ltr'><strong>teni-</strong></span> 
     </span>
    </p>
   </div>
   <div class='ocr_carea' id='block_1_108' title="bbox 1920 4778 3492 4857">
    <p class='ocr_par' dir='ltr' id='par_1_108' title="bbox 1920 4778 3492 4857">
     <span class='ocr_line' id='line_1_108' title="bbox 1920 4778 3492 4857; baseline -0.009 -16"><span class='ocrx_word' id='word_1_748' title='bbox 1920 4788 2069 4857; x_wconf 88' lang='lat' dir='ltr'><strong>poris</strong></span> <span class='ocrx_word' id='word_1_749' title='bbox 2119 4789 2263 4857; x_wconf 85' lang='lat' dir='ltr'><strong>regis</strong></span> <span class='ocrx_word' id='word_1_750' title='bbox 2302 4794 2442 4850; x_wconf 91' lang='lat' dir='ltr'><strong>erat,</strong></span> <span class='ocrx_word' id='word_1_751' title='bbox 2507 4784 2648 4839; x_wconf 92' lang='lat' dir='ltr'><strong>bello</strong></span> <span class='ocrx_word' id='word_1_752' title='bbox 2710 4782 3008 4854; x_wconf 88' lang='lat' dir='ltr'><strong>petierunt.</strong></span> <span class='ocrx_word' id='word_1_753' title='bbox 3052 4778 3253 4834; x_wconf 89' lang='lat' dir='ltr'><strong>Urbem</strong></span> <span class='ocrx_word' id='word_1_754' title='bbox 3313 4792 3492 4845; x_wconf 83' lang='lat' dir='ltr'><strong>oppu-</strong></span> 
     </span>
    </p>
   </div>
   <div class='ocr_carea' id='block_1_109' title="bbox 1927 4870 3495 4946">
    <p class='ocr_par' dir='ltr' id='par_1_109' title="bbox 1927 4870 3495 4946">
     <span class='ocr_line' id='line_1_109' title="bbox 1927 4870 3495 4946; baseline -0.005 -16"><span class='ocrx_word' id='word_1_755' title='bbox 1927 4877 2168 4946; x_wconf 84' lang='lat' dir='ltr'><strong>gnabant</strong></span> <span class='ocrx_word' id='word_1_756' title='bbox 2218 4878 2389 4930; x_wconf 82' lang='lat' dir='ltr'><strong>variis</strong></span> <span class='ocrx_word' id='word_1_757' title='bbox 2451 4876 2689 4930; x_wconf 86' lang='lat' dir='ltr'><strong>admotis</strong></span> <span class='ocrx_word' id='word_1_758' title='bbox 2722 4874 3018 4929; x_wconf 88' lang='lat' dir='ltr'><strong>machinis.</strong></span> <span class='ocrx_word' id='word_1_759' title='bbox 3075 4873 3133 4926; x_wconf 90' lang='lat' dir='ltr'><strong>In</strong></span> <span class='ocrx_word' id='word_1_760' title='bbox 3188 4870 3323 4924; x_wconf 89' lang='lat' dir='ltr'><strong>urbe</strong></span> <span class='ocrx_word' id='word_1_761' title='bbox 3379 4878 3495 4922; x_wconf 89' lang='lat' dir='ltr'><strong>erat</strong></span> 
     </span>
    </p>
   </div>
   <div class='ocr_carea' id='block_1_110' title="bbox 1932 4957 3489 5039">
    <p class='ocr_par' dir='ltr' id='par_1_110' title="bbox 1932 4957 3489 5039">
     <span class='ocr_line' id='line_1_110' title="bbox 1932 4957 3489 5039; baseline -0.006 -18"><span class='ocrx_word' id='word_1_762' title='bbox 1932 4967 2244 5039; x_wconf 68' lang='lat' dir='ltr'><strong>prmsidium</strong></span> <span class='ocrx_word' id='word_1_763' title='bbox 2283 4967 2428 5034; x_wconf 84' lang='lat' dir='ltr'><strong>regis</strong></span> <span class='ocrx_word' id='word_1_764' title='bbox 2476 4967 2889 5036; x_wconf 88' lang='lat' dir='ltr'><strong>peregrinorum</strong></span> <span class='ocrx_word' id='word_1_765' title='bbox 2921 4984 2934 5019; x_wconf 90' lang='lat'>:</span> <span class='ocrx_word' id='word_1_766' title='bbox 2986 4964 3213 5017; x_wconf 84' lang='lat' dir='ltr'><strong>aderant</strong></span> <span class='ocrx_word' id='word_1_767' title='bbox 3240 4969 3294 5015; x_wconf 87' lang='lat' dir='ltr'><strong>et</strong></span> <span class='ocrx_word' id='word_1_768' title='bbox 3326 4957 3489 5011; x_wconf 84' lang='lat' dir='ltr'><strong>&#39;i&#39;nrci</strong></span> 
     </span>
    </p>
   </div>
   <div class='ocr_carea' id='block_1_111' title="bbox 1930 5040 3495 5130">
    <p class='ocr_par' dir='ltr' id='par_1_111' title="bbox 1930 5040 3495 5130">
     <span class='ocr_line' id='line_1_111' title="bbox 1930 5040 3495 5130; baseline -0.008 -19"><span class='ocrx_word' id='word_1_769' title='bbox 1930 5059 2170 5130; x_wconf 88' lang='lat' dir='ltr'><strong>plurimi,</strong></span> <span class='ocrx_word' id='word_1_770' title='bbox 2226 5058 2317 5128; x_wconf 87' lang='lat' dir='ltr'><strong>qui</strong></span> <span class='ocrx_word' id='word_1_771' title='bbox 2365 5040 2726 5127; x_wconf 79' lang='lat' dir='ltr'><strong>confugerant</strong></span> <span class='ocrx_word' id='word_1_772' title='bbox 2772 5074 2861 5121; x_wconf 89' lang='lat' dir='ltr'><strong>eo,</strong></span> <span class='ocrx_word' id='word_1_773' title='bbox 2923 5057 3224 5123; x_wconf 89' lang='lat' dir='ltr'><strong>urbemque</strong></span> <span class='ocrx_word' id='word_1_774' title='bbox 3282 5049 3495 5102; x_wconf 82' lang='lat' dir='ltr'><strong>fortiter</strong></span> 
     </span>
    </p>
   </div>
   <div class='ocr_carea' id='block_1_112' title="bbox 1929 5140 3493 5207">
    <p class='ocr_par' dir='ltr' id='par_1_112' title="bbox 1929 5140 3493 5207">
     <span class='ocr_line' id='line_1_112' title="bbox 1929 5140 3493 5207; baseline -0.009 -2"><span class='ocrx_word' id='word_1_775' title='bbox 1929 5158 2240 5207; x_wconf 77' lang='lat' dir='ltr'><strong>etstrenne</strong></span> <span class='ocrx_word' id='word_1_776' title='bbox 2288 5148 2357 5203; x_wconf 90' lang='lat' dir='ltr'><strong>ab</strong></span> <span class='ocrx_word' id='word_1_777' title='bbox 2412 5149 2670 5204; x_wconf 89' lang='lat' dir='ltr'><strong>hostibus</strong></span> <span class='ocrx_word' id='word_1_778' title='bbox 2706 5147 3085 5203; x_wconf 86' lang='lat' dir='ltr'><strong>defensabant.</strong></span> <span class='ocrx_word' id='word_1_779' title='bbox 3144 5140 3337 5193; x_wconf 82' lang='lat' dir='ltr'><strong>Albani</strong></span> <span class='ocrx_word' id='word_1_780' title='bbox 3370 5150 3493 5191; x_wconf 87' lang='lat' dir='ltr'><strong>cum</strong></span> 
     </span>
    </p>
   </div>
   <div class='ocr_carea' id='block_1_113' title="bbox 1930 5230 3593 5312">
    <p class='ocr_par' dir='ltr' id='par_1_113' title="bbox 1930 5230 3593 5312">
     <span class='ocr_line' id='line_1_113' title="bbox 1930 5230 3593 5312; baseline -0.011 -14"><span class='ocrx_word' id='word_1_781' title='bbox 1930 5243 2035 5299; x_wconf 88' lang='lat' dir='ltr'><strong>ista</strong></span> <span class='ocrx_word' id='word_1_782' title='bbox 2060 5242 2394 5312; x_wconf 87' lang='lat' dir='ltr'><strong>inciperent,</strong></span> <span class='ocrx_word' id='word_1_783' title='bbox 2434 5241 2738 5310; x_wconf 82' lang='lat' dir='ltr'><strong>urbemque</strong></span> <span class='ocrx_word' id='word_1_784' title='bbox 2778 5254 2991 5297; x_wconf 86' lang='lat' dir='ltr'><strong>summa</strong></span> <span class='ocrx_word' id='word_1_785' title='bbox 3047 5235 3098 5288; x_wconf 91' lang='lat' dir='ltr'><strong>vi</strong></span> <span class='ocrx_word' id='word_1_786' title='bbox 3153 5232 3492 5291; x_wconf 80' lang='lat' dir='ltr'><strong>obsiderent,</strong></span> <span class='ocrx_word' id='word_1_787' title='bbox 3588 5230 3593 5243; x_wconf 92' lang='lat'><strong>‘</strong></span> 
     </span>
    </p>
   </div>
   <div class='ocr_carea' id='block_1_114' title="bbox 1930 5317 3493 5403">
    <p class='ocr_par' dir='ltr' id='par_1_114' title="bbox 1930 5317 3493 5403">
     <span class='ocr_line' id='line_1_114' title="bbox 1930 5317 3493 5403; baseline -0.007 -16"><span class='ocrx_word' id='word_1_788' title='bbox 1930 5334 2223 5388; x_wconf 85' lang='lat' dir='ltr'><strong>admodum</strong></span> <span class='ocrx_word' id='word_1_789' title='bbox 2252 5333 2647 5403; x_wconf 83' lang='lat' dir='ltr'><strong>oppugnationi</strong></span> <span class='ocrx_word' id='word_1_790' title='bbox 2696 5330 2914 5396; x_wconf 85' lang='lat' dir='ltr'><strong>intenti,</strong></span> <span class='ocrx_word' id='word_1_791' title='bbox 2965 5326 3173 5396; x_wconf 83' lang='lat' dir='ltr'><strong>regioni</strong></span> <span class='ocrx_word' id='word_1_792' title='bbox 3205 5323 3373 5390; x_wconf 75' lang='lat' dir='ltr'><strong>regis,</strong></span> <span class='ocrx_word' id='word_1_793' title='bbox 3400 5317 3493 5388; x_wconf 82' lang='lat' dir='ltr'><strong>qui</strong></span> 
     </span>
    </p>
   </div>
   <div class='ocr_carea' id='block_1_115' title="bbox 1932 5415 3494 5493">
    <p class='ocr_par' dir='ltr' id='par_1_115' title="bbox 1932 5415 3494 5493">
     <span class='ocr_line' id='line_1_115' title="bbox 1932 5415 3494 5493; baseline -0.009 -15"><span class='ocrx_word' id='word_1_794' title='bbox 1932 5432 2047 5479; x_wconf 89' lang='lat' dir='ltr'><strong>tum</strong></span> <span class='ocrx_word' id='word_1_795' title='bbox 2078 5426 2267 5481; x_wconf 89' lang='lat' dir='ltr'><strong>aberat</strong></span> <span class='ocrx_word' id='word_1_796' title='bbox 2290 5424 2343 5479; x_wconf 90' lang='lat' dir='ltr'><strong>in</strong></span> <span class='ocrx_word' id='word_1_797' title='bbox 2392 5423 2520 5481; x_wconf 83' lang='lat' dir='ltr'><strong>Asia</strong></span> <span class='ocrx_word' id='word_1_798' title='bbox 2561 5424 2759 5481; x_wconf 85' lang='lat' dir='ltr'><strong>bellum</strong></span> <span class='ocrx_word' id='word_1_799' title='bbox 2805 5434 3002 5493; x_wconf 86' lang='lat' dir='ltr'><strong>gerens</strong></span> <span class='ocrx_word' id='word_1_800' title='bbox 3030 5432 3155 5473; x_wconf 89' lang='lat' dir='ltr'><strong>cum</strong></span> <span class='ocrx_word' id='word_1_801' title='bbox 3189 5415 3494 5469; x_wconf 82' lang='lat' dir='ltr'><strong>Caramano</strong></span> 
     </span>
    </p>
   </div>
   <div class='ocr_carea' id='block_1_116' title="bbox 1524 5564 2223 5636">
    <p class='ocr_par' dir='ltr' id='par_1_116' title="bbox 1524 5564 2223 5636">
     <span class='ocr_line' id='line_1_116' title="bbox 1524 5564 2223 5636; baseline 0.007 -12"><span class='ocrx_word' id='word_1_802' title='bbox 1524 5564 1769 5627; x_wconf 74' lang='lat' dir='ltr'><strong>Notulte</strong></span> <span class='ocrx_word' id='word_1_803' title='bbox 1820 5566 2223 5636; x_wconf 81' lang='lat' dir='ltr'><strong>marginales.</strong></span> 
     </span>
    </p>
   </div>
   <div class='ocr_carea' id='block_1_117' title="bbox 336 5680 1545 5761">
    <p class='ocr_par' dir='ltr' id='par_1_117' title="bbox 336 5680 1545 5761">
     <span class='ocr_line' id='line_1_117' title="bbox 336 5680 1545 5761; baseline -0.007 -15"><span class='ocrx_word' id='word_1_804' title='bbox 336 5693 377 5722; x_wconf 76' lang='lat'>“</span> <span class='ocrx_word' id='word_1_805' title='bbox 405 5690 473 5745; x_wconf 84' lang='grc' dir='ltr'>Ιιι</span> <span class='ocrx_word' id='word_1_806' title='bbox 506 5708 606 5744; x_wconf 84' lang='lat' dir='ltr'><strong>uno</strong></span> <span class='ocrx_word' id='word_1_807' title='bbox 634 5680 988 5761; x_wconf 60' lang='lat' dir='ltr'><strong>enuntiatum,</strong></span> <span class='ocrx_word' id='word_1_808' title='bbox 1025 5687 1545 5759; x_wconf 69' lang='grc' dir='ltr'>Ἀργυροιιολίχνην.</span> 
     </span>
    </p>
   </div>
  </div>
