4010 6208
495 286 602 339 252)

1551 278 1861 341 LAONICI
1914 277 2592 343 CIIALCOCONDYLA!

3623 275 3727 340 256

499 386 867 444 Triballorum
899 391 1031 453 dux,
1078 387 1240 458 eique
1286 400 1576 459 appareret
1613 391 1772 463 lupus
1797 432 1813 455 ,
1843 391 2061 447 confes.

2186 390 2410 461 jyspt‘uv,
2455 390 2553 444 καὶ
2584 388 2750 443 λύκου
2792 388 3155 457 ἐπιφανέντος
3197 387 3276 458 τῷ
3322 388 3573 459 ἡγεμόνι,
3606 390 3730 441 ἐπι-ο

504 485 597 536 tim
656 482 890 552 Jangum
954 489 1133 547 vocat,
1194 490 1255 537 ut
1314 483 1498 552 lupum
1555 494 1797 554 caperet.
1852 484 1952 550 Qui
2008 492 2068 538 ut

502 574 760 636 accessit,
791 573 1052 641 ducisque
1086 572 1420 627 voluntatem
1451 574 1743 638 intellexit,
1809 576 2068 630 continuo

504 667 689 734 lupum
744 663 1057 729 insectatus.
1089 674 1172 719 est
1202 665 1597 733 pernicissime.
1640 665 1823 735 Lupus
1889 666 2072 736 ingre-

502 760 651 811 ditur
686 756 882 810 ﬂumen
906 754 1049 824 quod
1064 756 1277 810 obviam
1299 764 1438 821 erat,
1463 767 1518 810 et
1535 768 1724 812 natare
1751 759 2067 826 incipiebat,

503 852 545 903 si
597 865 837 918 pru'setts
909 849 1211 918 periculum
1275 849 1652 918 subterfugere
1708 861 1911 921 posset.
1963 852 2069 905 Nec

504 952 683 992 tamen
722 938 927 1009 .laugus
956 956 985 993 a
1011 943 1394 1009 persecutione
1417 943 1673 1005 cessavit,
1710 957 1897 996 verum
1938 943 2072 997 insi-

503 1033 639 1085 dens
667 1048 830 1101 equo.
868 1035 1069 1087 ﬂumen
1134 1035 1396 1088 tranavit.
1432 1034 1536 1090 Ubi
1574 1034 1813 1088 natando
1869 1035 2071 1093 ﬂumen

505 1138 966 1195 superatum-est
1002 1167 1017 1193 ,
1079 1129 1187 1199 lupi
1249 1131 1499 1200 vestigiis
1562 1131 1701 1186 haud
1765 1131 2068 1190 abscessit.

506 1219 788 1273 Postremo
816 1220 1001 1288 lupum
1035 1232 1325 1277 assecutus
1351 1232 1455 1287 est,
1482 1232 1538 1277 et
1562 1222 1823 1287 confecit,
1847 1224 2076 1294 pellem-

507 1325 613 1375 que
668 1311 916 1379 diripuit,
964 1323 1287 1383 tranatoque
1318 1314 1506 1376 lluvio,
1543 1316 1739 1370 iterum
1768 1316 1831 1369 ad
1880 1316 2074 1371 ducem

508 1417 761 1456 reversus
782 1412 898 1461 est.
929 1406 1387 1474 pra-tendensque
1411 1406 1665 1461 manibus
1718 1407 1827 1477 lupi
1857 1408 2074 1476 pellem.

506 1494 817 1549 exclamat:
876 1494 919 1548 0
956 1497 1198 1559 domine.
1264 1496 1466 1553 factum
1502 1507 1590 1555 est
1647 1508 1705 1553 ut
1752 1499 2072 1569 imperasti:

510 1584 691 1649 lupum
726 1587 951 1654 peremi,
1005 1588 1197 1657 pellem
1229 1605 1396 1659 cape:
1440 1607 1528 1654 ea,
1576 1598 1635 1646 ut
1674 1594 1843 1657 voles.
1897 1604 2074 1649 utere.

510 1672 623 1727 Hoc
652 1675 891 1731 facinore
949 1679 1057 1734 dux
1109 1680 1396 1736 admodum
1455 1683 1780 1747 delectatus.
1844 1684 1897 1739 in
1960 1685 2078 1741 haec

510 1765 677 1818 verba
712 1766 948 1837 linguam
983 1770 1187 1824 solvit:
1223 1771 1382 1825 Certe
1414 1789 1524 1826 non
1554 1784 1734 1841 potest
1770 1773 1910 1838 tierl,
1943 1776 2075 1844 quin

510 1871 618 1909 non
646 1857 938 1928 aliquando
971 1861 1052 1913 vir
1096 1861 1184 1916 ille
1221 1863 1286 1917 ad
1345 1866 1638 1919 maximam
1692 1875 2080 1936 promoventur

512 1947 831 2011 potentiam.
869 1947 990 2003 Πίος
1013 1960 1127 2006 tum
1159 1957 1421 2023 temporis
1449 1957 1690 2019 locutus,
1721 1957 1895 2011 virum
1921 1958 2079 2013 dein-

510 2052 638 2106 ceps
670 2039 895 2107 pecunia
918 2042 1226 2113 opibusque
1256 2046 1447 2101 coluit.
1487 2048 1620 2102 Cum
1675 2059 1917 2117 tempore
1942 2049 2081 2103 mul-

513 2138 569 2178 to
603 2129 742 2198 apud
771 2130 965 2185 ducem
998 2134 1160 2188 istum
1191 2152 1374 2192 moras
1427 2140 1703 2207 traxisset.
1762 2138 1978 2194 tandem
2011 2138 2077 2193 ad

513 2217 804 2275 Pannones
826 2223 1006 2278 rediit.
1030 2224 1163 2277 Sunl
1184 2229 1276 2297 qui
1297 2222 1765 2299 truduntJangum
1790 2240 2079 2299 antequam

516 2312 824 2379 pervenerit
859 2314 924 2365 ad
954 2314 1318 2371 Triballorum
1364 2318 1583 2381 ducem.
1613 2319 1783 2376 fuisse
1813 2320 2078 2376 famulum

515 2400 656 2456 Aliis
678 2401 935 2460 Bri-nczis
966 2406 1082 2468 lilii.
1122 2409 1281 2477 eique
1328 2400 1577 2466 mercede
1622 2412 1906 2477 serviisse,
1957 2428 2080 2467 cum

518 2492 837 2561 fuugeretur
899 2514 1163 2568 equorum
1228 2503 1501 2556 curatoris
1558 2505 1828 2572 partibus.
1886 2505 2083 2560 Nescio

515 2594 694 2640 autem
729 2588 873 2642 unde
899 2591 1267 2659 conjecturam
1302 2592 1478 2647 facere
1508 2596 1708 2661 possim
1735 2606 1790 2651 ut
1815 2596 1865 2651 id
1891 2612 2080 2651 verum

504 2693 637 2732 esse
688 2680 944 2745 credam;
1000 2697 1124 2737 nam
1180 2682 1421 2751 linguam
1468 2682 1759 2739 Tureicam
1807 2700 1872 2740 eo
1923 2686 2083 2740 modo

516 2768 818 2823 didicisset.
851 2769 1127 2825 Reversus
1185 2784 1365 2828 autem
1399 2774 1464 2829 ad
1501 2776 1813 2842 Pannoues,
1869 2791 2084 2832 assum-

518 2861 627 2927 ptis
649 2861 857 2926 aliquot
906 2863 1051 2928 aliis,
1104 2865 1434 2932 procedebat
1478 2865 1529 2919 in
1566 2869 1792 2935 regiam,
1855 2867 2081 2923 dicens:

518 2966 578 3004 sc
610 2950 868 3005 advenire
904 2961 961 3004 ut
1012 2953 1116 3008 sibi
1179 2954 1403 3021 suisque
1450 2956 1758 3010 mercedem
1804 2957 2079 3026 accipiat:

2169 482 2326 535 κάλει
2351 483 2445 535 τὸν
2484 482 2720 549 Ίάγγον,
2765 481 2841 545 ὡς
2877 482 2971 535 ἐπὶ
3014 478 3092 551 τῷ
3126 480 3277 548 λύκῳ
3324 479 3557 548 γένοιτο.
3599 480 3661 534 ’0
3688 482 3731 532 δ’

2169 572 2245 635 ὡς
2279 571 2673 643 παρεληλύθει,
2725 572 2818 625 τὸν
2864 571 3008 643 θῆρα
3055 572 3287 641 ἧλαυνεν
3340 571 3445 625 ἀνὰ
3504 573 3732 641 κράτος.

2171 665 2435 726 Πεσόντος
2480 663 2539 716 δὲ
2588 662 2683 715 τοῦ
2719 662 2886 733 Θηρδς
2920 664 2975 723 ἐς
3009 662 3102 716 τὸν
3132 663 3401 733 ποταμὸν,
3431 663 3526 715 καὶ
3570 678 3735 731 νηχο-

2174 758 2364 827 μένου,
2400 758 2749 809 ὲπεισπεσεῖν
2777 773 2836 808 τε
2867 754 2987 824 ἅμα
3018 757 3075 819 ἐς
3105 757 3199 809 τὸν
3229 755 3479 824 ποταμὸν
3509 755 3604 807 καὶ
3637 756 3736 808 αὐ-

2171 848 2265 899 τόν
2292 863 2306 878 ⁸
2349 847 2445 901 καὶ
2479 847 2876 915 διανηχομένου
2925 846 3021 899 τοῦ
3073 846 3245 910 ἵππου
3293 846 3590 912 διαϐῆναι·
3622 847 3737 898 διαο

2174 938 2340 991 ϐἀντα
2379 938 2435 990 δὲ
2471 939 2805 1002 ἐπιδιώκειν,
2836 938 3045 1008 οὐδαμῆ
3088 938 3309 991 ἀνιέντα
3332 953 3346 968 ο
3396 937 3737 990 τελευτῶντα

2172 1028 2228 1081 δὲ
2268 1027 2595 1082 καταλαϐεῖν
2647 1045 2705 1080 τε
2753 1028 2846 1081 τὸν
2908 1027 3073 1080 λύκον
3106 1027 3200 1079 καὶ
3229 1026 3462 1081 ἀνελεῖν.
3499 1024 3654 1078 Μετά
3680 1024 3738 1077 δὲ

2173 1120 2512 1188 ἀφελόμενον
2567 1118 2627 1173 τὺ
2664 1120 2840 1189 δέρμα
2890 1118 2984 1171 τοῦ
3030 1117 3217 1187 Θηρδς,
3266 1116 3513 1170 ἐλαύνειν
3562 1115 3740 1168 ὀπίσω

2175 1212 2266 1263 ἐπὶ
2294 1211 2386 1264 τὸν
2417 1208 2684 1280 ἡγεμόνα.
2733 1207 3005 1262 Διαϐἀντα
3042 1208 3099 1261 δὲ
3141 1203 3298 1269 αὖθις
3330 1205 3421 1259 τὸν
3466 1205 3738 1274 ποταμὸν.

2175 1303 2270 1356 καὶ
2293 1304 2696 1372 προσεχόμενον
2721 1301 2814 1355 τοῦ
2857 1301 3024 1355 λύκου
3055 1300 3119 1353 τὸ
3148 1300 3347 1369 δέρμα,
3400 1298 3578 1351 εἰπεῖν
3604 1314 3621 1330 ο
3669 1291 3740 1350 Ὦ

2176 1393 2412 1448 δέσποτα
2442 1431 2458 1457 ,
2506 1386 2785 1466 ἐγένετοῇ
2819 1391 3109 1457 ἐπέταξας,
3165 1391 3261 1444 καλ⁵
3315 1389 3407 1443 τόν
3465 1405 3524 1442 τε
3578 1388 3741 1440 λύκον

2176 1485 2408 1548 ἀνεῖλον,
2433 1484 2528 1537 καὶ
2555 1483 2615 1537 τό
2639 1484 2814 1553 δέρμα
2840 1478 2943 1536 ὧδέ
2962 1499 3050 1535 σοι
3103 1482 3353 1548 παρέστη
3417 1478 3739 1547 ὑπουργεῖν,

2177 1577 2206 1629 ὃ
2233 1593 2284 1629 τι
2322 1576 2388 1629 ἂν
2418 1575 2524 1629 δέοι
2554 1574 2810 1645 χρῆσθαι.
2852 1573 2987 1627 Τότε
3028 1572 3125 1641 μὲν
3168 1572 3235 1641 δὴ
3286 1570 3347 1624 τὸ
3381 1569 3567 1638 Θαῦμα
3598 1569 3740 1635 ἀγα-

2184 1666 2384 1720 σΘέντα
2412 1666 2504 1718 τδν
2530 1665 2851 1735 Τριϐαλλῶν
2890 1663 3162 1735 ἡγεμόνα.
3194 1663 3370 1714 εἰπεῖν
3395 1659 3637 1726 λέγεται,
3668 1658 3745 1722 ὡς

2181 1761 2279 1813 οὐκ
2326 1757 2475 1812 ἐστιν
2499 1757 2646 1819 ὅπως
2692 1758 2721 1809 ό
2768 1755 2908 1827 ἀνὴρ
2941 1746 3120 1815 οὗτος,
3151 1753 3245 1806 ἐπὶ
3278 1752 3423 1820 μέγα
3462 1750 3747 1819 δυνάμεως
3776 1738 3777 1745 “

2179 1853 2278 1906 οὐκ
2306 1850 2583 1919 ἀφίξεται.
2618 1849 2755 1903 Τότε
2791 1849 2892 1919 μὶν
2923 1848 2987 1918 δὴ
3025 1847 3181 1910 οὗτος
3233 1848 3426 1910 εἰπὼν,
3474 1844 3538 1896 τὸ
3566 1841 3746 1894 ἐντεῦ-

2182 1945 2274 1997 θεν
2301 1943 2549 2014 χρήμασι
2609 1959 2667 1995 τε
2720 1940 3041 2011 ἐθεράπευε.
3094 1940 3189 1992 καὶ
3227 1937 3518 2005 διατρίψας
3571 1933 3741 1997 αὐτοῦ

2181 2037 2373 2107 χρόνον
2421 2034 2637 2105 συχνόν,
2672 2032 2900 2102 ἀφίκετο
2935 2031 3029 2086 ἐπὶ
3052 2030 3180 2092 τούς
3222 2028 3479 2089 Παίονας.
3511 2028 3747 2092 Λέγεται

2185 2128 2286 2197 μὲν
2332 2127 2396 2197 δὴ
2448 2127 2542 2179 καὶ
2574 2126 2705 2194 πρὶν
2759 2125 2794 2195 ἢ
2852 2124 2943 2176 ἐπὶ
2996 2122 3092 2173 τὸν
3137 2118 3455 2189 Τριϐαλλῶν
3503 2115 3750 2185 ἡγεμόνα

2182 2219 2380 2282 ἐλθεῖν,
2403 2218 2599 2271 ’Δλίεω
2622 2216 2715 2270 τοῦ
2734 2214 3015 2286 Βρενέζεω
3029 2212 3279 2281 γενέσθαι
3308 2209 3635 2279 θεράποντα,
3654 2205 3752 2259 καὶ

2184 2309 2446 2381 θητεῦσαι
2481 2309 2611 2377 παρ’
2642 2306 2790 2376 αὐτῷ
2818 2304 3126 2372 ἱπποκόμον
3151 2300 3463 2370 γενόμενον.
3497 2298 3612 2351 Ούκ
3640 2296 3752 2366 ἔχω

2181 2401 2261 2466 δὲ,
2288 2401 2395 2468 ὅπη
2428 2400 2584 2452 τοῦτο
2604 2398 2802 2467 ἀληθὲς
2830 2391 2971 2450 εῖναι
3005 2395 3393 2464 συμϐάλωμαι·
3420 2392 3520 2460 τήν
3550 2406 3608 2442 τε
3637 2390 3751 2456 γὰρ

2181 2493 2250 2547 ἂν
2281 2492 2464 2562 φωνὴν
2491 2490 2734 2559 ἐξέμαθε
2762 2488 2861 2559 τὴν
2896 2487 3179 2558 Τούρκων.
3215 2488 3305 2549 Ὠς
3338 2485 3436 2555 μὲν
3462 2483 3555 2537 οὖν
3590 2482 3752 2552 ἔτρά-

2186 2602 2321 2638 πετο
2368 2584 2462 2636 ἐπὶ
2501 2582 2629 2644 τούς
2685 2580 2945 2643 Παίονας,
2993 2580 3090 2632 καὶ
3123 2573 3570 2646 συμπαραλαϐών
3600 2589 3751 2633 τινας

2186 2675 2303 2742 μεθ’
2324 2673 2540 2733 ἑαυτοῦ,
2569 2673 2771 2743 παρῄει
2800 2672 2889 2724 ἐπὶ
2912 2670 2979 2724 τὰ
3013 2668 3282 2739 βασίλεια,
3314 2663 3505 2735 μισθὸν
3528 2666 3753 2732 φάσκων

2181 2768 2343 2834 ἥκειν
2370 2767 2555 2825 αὐτοῖς
2589 2765 2686 2818 σὺν
2724 2765 2837 2826 τοῖς
2869 2762 3008 2832 ἀμφ’
3035 2761 3199 2815 αὐτὸν
3227 2759 3553 2830 ληψόμενος,
3585 2757 3752 2824 ἐλάμ-

2185 2858 2316 2911 ϐανὲ
2348 2874 2407 2909 τε
2442 2858 2537 2909 τὸν
2568 2854 2782 2925 μισθόν.
2823 2855 2932 2909 Καὶ
2961 2856 3017 2915 ἐς
3043 2851 3310 2921 διαφορὰν
3339 2850 3752 2915 καθισταμένων

2181 2949 2291 3003 τῶν
2321 2948 2564 3001 Παιόνων
2589 2946 2720 3016 πρὸς
2749 2947 2874 3010 τυύς
2919 2944 3253 3016 Γερμανοὺς,
3283 2942 3495 3010 μεγάλα
3533 2938 3755 2994 ἀπεδεί-

520 3056 619 3093 ncc
646 3041 918 3109 repulsam
949 3058 1144 3113 passus
1192 3053 1297 3100 est.
1339 3044 1475 3099 Cum
1515 3056 1697 3102 autem
1764 3048 1962 3103 bellum
1995 3062 2083 3101 ar-

2186 3058 2347 3094 κνυτο
2370 3040 2525 3109 ἔργα,
2551 3040 2715 3091 ὁπότε
2765 3038 2874 3091 ἔδει
2919 3036 3119 3092 αὐτίκα
3155 3036 3399 3105 παρόντα
3426 3036 3482 3085 ὲν
3515 3031 3669 3100 τάχει
3691 3046 3755 3082 τε

520 3133 850 3203 dcret137
894 3134 1035 3189 inter
1092 3135 1396 3192 Germanos
1442 3146 1498 3191 et
1537 3137 1845 3203 Paunones,
1886 3154 2081 3209 magna

522 3224 780 3279 militaria
816 3225 1012 3313 e‘deliat
1054 3243 1240 3297 opera,
1275 3244 1515 3296 prazseus
1532 3244 1745 3300 semper
1769 3231 2079 3297 assistens;

522 3314 849 3386 ubicumque
877 3318 996 3387 ejus
1021 3333 1185 3387 opera
1231 3319 1673 3387 desiderabatur,
1736 3324 1923 3377 statim
1974 3338 2085 3391 ap-

522 3422 844 3475 properans,
880 3407 1177 3464 fortissime
1208 3412 1581 3481 praeliabatur.
1619 3413 1812 3469 Postea
1849 3429 2085 3484 congre-

520 3503 660 3566 gatis
688 3502 754 3556 ad
784 3514 907 3556 eum
937 3504 1063 3558 aliis
1112 3505 1391 3573 plurimis,
1420 3507 1626 3576 ubique
1654 3507 1885 3563 illustris
1922 3522 2087 3578 appa-

524 3591 697 3644 rebat.
763 3592 1108 3664 Quapropter
1181 3595 1389 3650 Ardelii
1455 3598 1698 3666 regidnis
1738 3598 2086 3668 principatus

522 3683 759 3736 concilio
787 3682 1106 3740 Pannonum
1136 3686 1183 3739 ei
1250 3688 1507 3742 decretus
1536 3697 1665 3754 est;
1719 3689 1808 3743 cui
1874 3689 2084 3759 regioni

524 3789 646 3825 eum
675 3774 933 3841 ἱρεῖαι-ιιι,
974 3775 1284 3831 Sabatinem
1320 3777 1622 3844 interfecit,
1654 3778 1886 3849 ejusque
1930 3795 2088 3835 exer-

525 3865 768 3923 citumin
794 3866 974 3936 fugam
1011 3869 1269 3939 eonjecit,
1329 3870 1615 3925 viczoriam
1644 3873 1762 3927 suis
1827 3872 2089 3929 nuntians

525 3958 683 4027 longe
707 3958 1156 4028 pulcherrimam.
1196 3961 1321 4017 Hauc
1349 3962 1581 4017 victoria
1641 3963 1962 4020 Paunouum
2001 3979 2090 4020 res

524 4052 704 4105 erexit
735 4050 787 4107 in
833 4052 1125 4122 pristinum
1150 4063 1375 4109 statum.
1413 4055 1491 4110 Ex
1522 4071 1632 4126 quo
1657 4056 1802 4112 enim
1844 4067 2091 4126 tempore

526 4141 778 4207 Pajazitis
796 4144 1061 4212 auspiciis
1080 4147 1359 4217 ductuque
1377 4146 1541 4202 Turci
1568 4163 1748 4218 regem
1784 4146 2093 4218 Sigismun-

526 4234 655 4287 du-n
692 4237 745 4289 in
777 4235 959 4305 fugam
1014 4246 1320 4303 verterunt.
1379 4239 1524 4295 haud
1580 4250 1877 4295 cessarunt
1926 4239 2089 4297 Τητεί

528 4326 583 4377 tu
613 4324 948 4382 Pannoniam
982 4327 1331 4387 incursiones
1372 4329 1579 4397 facere,
1632 4330 1986 4400 plurimaque
2008 4332 2091 4387 iu-

526 4416 595 4469 de
616 4416 976 4471 abduxerunt
1004 4419 1297 4489 mancipia,
1361 4420 1560 4489 quibus
1595 4419 1780 4473 Asiam
1807 4428 1860 4476 et
1915 4419 2091 4474 Euro-

529 4521 653 4574 pam
680 4508 979 4577 replevere.
1005 4506 1110 4565 Ubi
1138 4520 1321 4566 autem
1341 4510 1552 4580 Jangus
1596 4510 1822 4565 advenit
1868 4511 1924 4565 in
1996 4511 2099 4566 Ar-

528 4598 653 4652 delii
678 4599 981 4668 regionem,
1014 4601 1269 4671 princeps
1289 4602 1596 4657 declaratus
1629 4604 1907 4657 communi
1948 4601 2093 4659 Pan-

533 4702 736 4742 nouum
767 4691 1028 4755 concilio,
1070 4691 1386 4751 Sabatinem
1418 4704 1473 4749 et
1505 4694 1721 4749 Turcos
1760 4703 1911 4766 terga
1962 4696 2096 4750 dare

531 4780 733 4850 coegit.
762 4781 900 4838 llinc
933 4783 1133 4839 animis
1190 4789 1510 4856 resumptis,
1552 4786 1845 4842 Pannones
1872 4789 2101 4857 praecla-

532 4873 611 4927 ris
638 4874 895 4940 operibus
924 4875 1110 4942 editis,
1135 4876 1347 4932 Turcos
1385 4879 1589 4950 ubique
1621 4878 1938 4935 vincebant.
1959 4877 2094 4933 Nam

538 4962 734 5019 lstrum
799 4968 996 5037 saepius
1066 4970 1418 5040 transgressi,
1481 4969 1879 5025 interfecerunt
1936 4968 2098 5041 pauci

536 5056 802 5125 plurimos
829 5058 1040 5115 Turcos
1078 5078 1092 5115 :
1124 5061 1219 5131 qui
1241 5073 1531 5132 antequam
1559 5063 1623 5115 ad
1655 5078 1849 5117 manus
1875 5072 2098 5117 ventum

537 5151 698 5225 foret,
734 5168 841 5207 non
897 5155 1239 5210 sustinentes
1297 5156 1559 5226 impetum
1613 5155 1964 5222 Pannonum,
2021 5154 2103 5208 lu-

538 5258 661 5312 gam
688 5247 993 5317 praecipites
1048 5249 1280 5304 inibant.
1314 5247 1386 5301 Ea
1436 5256 1765 5319 tempestate
1822 5248 1889 5303 ad
1928 5247 2104 5301 maxi—

544 5352 687 5392 mam
717 5340 1013 5410 potentiam
1044 5353 1327 5412 promotus
1350 5352 1433 5400 est
1454 5342 1680 5414 Jangus.
1718 5342 1920 5396 Deinde
1944 5356 2103 5395 crea-

544 5438 635 5486 tus
665 5431 772 5487 dux
806 5448 1083 5492 consensu
1113 5436 1357 5493 unanimi
1388 5437 1558 5496 totius
1621 5434 1942 5490 Pannonum
1969 5447 2102 5486 con-

2184 3136 2643 3206 παραγενόμενος.
2675 3134 2769 3187 καὶ
2800 3132 3105 3202 μαχόμενος
3134 3130 3298 3195 ἀξίως
3314 3127 3494 3193 λόγου.
3520 3125 3669 3180 Μετά
3695 3126 3756 3177 δὲ

2183 3228 2379 3291 ταῦτα,
2414 3228 2805 3295 ἐπισπομένων
2836 3223 2984 3293 αὐτῷ
3012 3224 3106 3275 καὶ
3159 3220 3368 3273 πολλῶν
3426 3219 3619 3278 ἄλλων,
3661 3216 3759 3269 εύ-

2184 3321 2428 3389 δοκιμῶν
2456 3319 2707 3387 ἐφαίνετο
2732 3316 2984 3387 πανταχῆ
3012 3332 3026 3345 ·
3076 3313 3144 3366 δι’
3180 3312 3216 3366 ἃ.
3246 3312 3312 3383 δὴ
3342 3311 3437 3365 καὶ
3465 3310 3764 3376 ἐπετέτρα-

2186 3411 2422 3481 πτοητὴν
2451 3411 2551 3478 τῆς
2579 3407 3067 3478 Ἀρδελίου-χώρας
3093 3404 3267 3476 ἀρχὴν
3303 3402 3406 3456 ὑπὸ
3448 3401 3547 3470 τῆς
3595 3399 3763 3451 Παιό-

2186 3521 2293 3558 νων
2320 3502 2541 3572 βουλῆς.
2576 3500 2682 3554 Καὶ
2708 3500 2893 3570 ἄρχων
2917 3497 3120 3566 ταύτης
3158 3495 3271 3564 τῆς
3321 3492 3502 3563 χώρας
3554 3491 3644 3543 τόν
3697 3507 3762 3541 τε

2187 3596 2493 3664 Σαϐατένην
2547 3592 2642 3657 καὶ
2692 3588 2947 3660 εὐνοῦχον
2993 3588 3089 3641 τοῦ
3145 3586 3404 3657 βασιλέως
3458 3582 3765 3653 στρατηγὸν

2190 3688 2407 3744 καθεῖλέ
2428 3704 2487 3740 τε
2520 3685 2615 3737 καὶ
2643 3682 2933 3752 ἐτρέψατο,
2977 3680 3135 3750 νίκην
3165 3675 3561 3747 ἀγγελλόμενος
3615 3673 3766 3725 εὐδο-

2190 3781 2443 3848 ξοτάτην,
2466 3778 2558 3845 ἀφ’
2590 3773 2658 3849 ἦς
2684 3776 2750 3845 δὴ
2779 3775 2849 3827 τά
2883 3773 3132 3827 Παιόνων
3153 3771 3458 3841 πράγματα
3488 3766 3768 3834 ἐπανῆκεν

2190 3873 2283 3927 ἐπὶ
2308 3872 2410 3941 τὴν
2440 3872 2708 3942 πρότερον
2740 3868 2891 3937 σφῶν
2931 3866 3264 3921 κατάστασιν
3308 3861 3611 3930 γενόμενοι.
3641 3858 3770 3925 Ἀφ’

2189 3963 2249 4016 οὗ
2281 3964 2424 4017 κατά
2458 3961 2672 4031 χρόνον,
2714 3957 3042 4025 Παιαζήτεω
3076 3954 3169 4007 τὸν
3217 3950 3441 4023 βασιλέα
3489 3950 3767 4014 Παιόνων,

2190 4059 2248 4121 ὲς
2276 4052 2670 4124 Σιγιαμοῦνδον
2691 4047 3057 4120 τρεψαμένου,
3085 4048 3186 4112 τήν
3235 4061 3294 4097 τε
3325 4043 3507 4113 χώραν
3537 4039 3769 4094 ἐπελαύ-

2191 4164 2397 4211 νοντος,
2430 4144 2618 4216 ἐδῄουν
2649 4144 2802 4211 θαμά
2831 4138 3144 4208 ληιζόμενοι
3171 4136 3221 4190 οῖ
3252 4137 3508 4204 Τοῧρκοι,
3540 4132 3633 4187 καὶ
3667 4133 3767 4184 ἀν-

2191 4238 2434 4309 δράποδα
2459 4235 2537 4301 ὥς
2595 4235 2826 4286 πλεῖστα
2880 4230 3159 4300 ἀγόμενοι,
3202 4225 3505 4296 ἐνέπλησαν
3556 4223 3654 4294 τήν
3703 4239 3770 4274 τε

2206 4330 2389 4384 Ἀσίαν
2422 4329 2518 4382 καὶ
2545 4325 2819 4394 Εὐρώπην
2852 4318 3202 4391 ἀνδραπόδων
3233 4315 3561 4371 Παιονικῶν.
3608 4314 3773 4367 Ἐπεί

2193 4442 2251 4477 τε
2281 4423 2491 4491 ’ῖάγγος
2528 4418 2862 4487 ἀφικόμενος
2919 4414 3011 4468 ἐπὶ
3074 4413 3174 4481 τὴν
3229 4409 3506 4496 Ἀρδελιου
3558 4405 3772 4478 χώραν.

2191 4516 2281 4568 τόν
2308 4528 2367 4564 τε
2394 4509 2644 4580 εὐνοῦχον
2661 4505 2950 4575 ἐτρέψατο,
2980 4502 3077 4557 καὶ
3115 4502 3241 4565 τούς
3273 4499 3403 4569 περὶ
3430 4496 3590 4550 αὐτὸν
3621 4496 3778 4563 ἐτρέ-

2190 4605 2330 4674 ψατο
2352 4602 2651 4673 Τούρκους,
2676 4600 2850 4669 τόλμῃ
2885 4614 2946 4650 τε
2978 4596 3282 4667 ἔχρήσαντο
3312 4592 3363 4645 οἱ
3402 4589 3626 4650 Παίονες
3662 4588 3778 4641 ἀπὸ

2193 4698 2365 4755 τοῦδε,
2422 4699 2517 4747 καὶ
2568 4692 2706 4765 ἔργα
2769 4688 3159 4743 ἀπεδείκνυντο
3225 4686 3281 4745 ές
3322 4681 3446 4743 τοὺς
3496 4677 3779 4749 Τούρκους

2195 4790 2320 4856 ἀξια
2347 4788 2528 4855 λόγου.
2558 4784 2662 4837 Τόν
2692 4798 2752 4834 τε
2795 4780 2899 4849 γὰρ
2958 4778 3177 4845 Ἴστρον
3241 4771 3527 4830 διαϐάντες
3577 4770 3779 4824 πολλά-

2196 4898 2283 4942 act;
2303 4878 2627 4949 διέφθειρον.
2668 4872 2777 4926 Καὶ
2800 4872 2923 4925 ὅποι
2976 4866 3320 4935 περιτύχοιεν
3358 4861 3527 4927 ὀλίγοι
3560 4859 3781 4922 πολλοῖς

2195 4965 2310 5022 οὖσι
2336 4969 2448 5029 τοῖς
2490 4963 2771 5033 Τούρκοις.
2830 4955 3075 5017 εὐπετῶς
3105 4970 3163 5006 τε
3218 4949 3616 5023 περιεγένοντο.
3679 4950 3781 5000 καὶ

2204 5060 2321 5115 οὐδὲ
2345 5058 2423 5119 εἰς
2444 5058 2633 5127 χεῖρας
2661 5048 3024 5119 ἀφικομένους
3057 5044 3240 5115 σφὶσιν
3277 5044 3600 5113 ἐτράποντο.
3636 5038 3779 5092 Τότε

2212 5150 2309 5220 μὲν
2329 5150 2393 5221 δὴ
2413 5145 2851 5217 περιγενόμενος,
2911 5138 3001 5191 ἐπὶ
3063 5136 3205 5206 μέγα
3243 5133 3441 5204 ἐχώρει
3468 5132 3775 5207 δυνάμεως.

2212 5244 2322 5297 Καὶ
2342 5237 2643 5311 στρατηγὸς
2674 5235 2730 5289 δὲ
2759 5232 2895 5303 μετά
2920 5229 3093 5284 ταῦτα
3117 5226 3457 5299 ἀποδειχθεὶς
3517 5224 3621 5277 ὐπὸ
3672 5223 3779 5292 τῆς

2213 5331 2460 5387 Παιόνων
2487 5328 2700 5401 βουλῆς,
2726 5323 2862 5393 πρὸς
2889 5323 3015 5385 τοὺς
3037 5319 3312 5389 Τούρκους
3351 5335 3411 5371 τε
3441 5317 3533 5370 καὶ
3562 5316 3599 5367 Γ
3602 5329 3781 5385 ερμα-

2212 5428 2334 5488 νοϋς
2363 5423 2454 5476 τδν
2477 5419 2709 5489 πόλεμον
2739 5412 3009 5483 διέφθειρε
3036 5412 3102 5479 ³⁸,
3134 5409 3492 5479 γενναιότατα
3520 5406 3777 5472 διαγωνιε-

1841 5570 2087 5633 Notulm
2134 5561 2540 5641 marginales.

616 5696 660 5728 "
695 5695 857 5753 Forte
893 5699 1184 5771 legendum,
1228 5701 1466 5769 διέφερε.
1502 5700 1586 5754 Sic
1614 5702 1665 5753 in
1695 5714 1829 5763 uno;
1857 5697 1909 5750 in
1941 5696 2015 5749 al.
2045 5704 2097 5748 ut
2121 5694 2176 5748 in
2204 5709 2253 5745 ri.
2333 5726 2347 5743 .
