4010 6208
532 307 638 372 263

1592 295 1905 358 LAONlCI
1947 284 2606 355 CHALCOCONDYLJI

3662 288 3780 351 234

531 434 651 478 rum
689 419 904 484 ducem,
958 432 1118 488 quem
1171 417 1275 472 sibi
1345 414 1646 484 principem
1707 411 2086 481 przel'ecerant.

2198 406 2423 472 στῶτες,
2467 407 2578 460 αἰεί
2612 423 2671 458 τε
2709 403 2963 475 πολέμιοί
3011 405 3151 458 είσιν
3202 404 3262 468 ἐξ
3321 404 3444 456 ὅτου
3497 401 3770 469 ἐγένοντο.

509 494 666 569 iCum
717 521 898 567 autem
946 510 1204 565 intestina
1262 509 1533 562 seditione
1585 505 1916 564 laborarent,
1971 501 2094 553 aliis

530 606 856 676 quibusdam
877 603 1029 656 urbis
1056 598 1422 669 gubernacula
1449 595 1810 657 mandarunt;
1845 593 1947 661 ipsi
1969 608 2094 646 vero

531 699 735 754 bellum
775 711 899 751 cum
933 691 1152 746 Venetis
1188 702 1243 744 et
1283 687 1779 743 Tarraconensium
1815 700 1938 751 rege
2002 699 2097 752 ge-

531 805 655 844 rere
690 785 1142 854 auspicabantur.
1183 781 1359 834 Naves
1397 779 1684 840 militibus,
1706 783 1898 829 contra
1923 773 2095 828 Vene-

531 891 617 936 tos
663 896 802 948 quas
851 879 1080 942 ducant,
1111 874 1404 945 complent.
1439 869 1613 926 Urbes
1643 883 1834 924 versus
1886 866 2094 920 Ionium

530 973 942 1040 adnavigantes,
967 971 1210 1040 graviter
1237 966 1552 1038 aﬂligebant
1579 980 1594 1029 ;
1620 976 1721 1016 nec
1744 960 2096 1016 abstinebant

529 1061 600 1115 ab
635 1061 703 1115 iis
734 1076 854 1130 ψιιε
887 1062 943 1115 in
977 1059 1160 1126 1Eng
1185 1058 1324 1112 mari
1380 1055 1716 1110 habitantur.
1755 1050 1881 1104 llam
1911 1061 2092 1102 autem

531 1167 730 1221 magno
764 1153 949 1205 animo
971 1151 1324 1220 peragebant,
1374 1157 1430 1200 vt
1460 1145 1696 1200 Venetos
1753 1141 2093 1196 ulcisceren-

530 1252 623 1297 tur
649 1252 866 1311 pr0pter
897 1240 1157 1310 Ligurum
1187 1248 1480 1309 tyrannum
1517 1233 1737 1288 nomine
1761 1231 2092 1300 Philippum.

532 1334 798 1389 Praterea
824 1335 1002 1404 ignem
1021 1333 1333 1401 iujicientes
1358 1330 1411 1383 in
1434 1327 1756 1397 Corcyram,
1780 1325 2095 1378 suburbana

531 1427 914 1489 incenderunt,
946 1438 1067 1495 quae
1090 1431 1331 1479 cremata
1365 1429 1515 1483 sunt,
1549 1431 1602 1473 et
1628 1420 1792 1472 latius
1823 1417 2091 1471 saeviisset

487 1570 493 1577 .
533 1520 872 1582 incendium,
904 1523 948 1572 si
973 1534 1061 1572 res
1088 1527 1145 1570 ut
1199 1516 1384 1569 animo
1442 1515 1735 1580 agitaram,
1795 1509 2095 1564 evenisset.

533 1608 726 1664 Postea
754 1610 996 1677 praelium
1021 1607 1368 1667 commisere.
1401 1616 1526 1658 cum
1559 1601 1858 1656 inimicitiae
1923 1601 2097 1654 hosti-

534 1702 614 1756 les
668 1701 1098 1754 intervenissent
1129 1714 1249 1750 cum
1289 1697 1570 1764 Alphonso
1595 1693 2094 1746 Tarraconensium

534 1809 684 1862 rege,
709 1794 775 1846 ad
805 1793 1007 1846 Gueten
1041 1791 1158 1843 sive
1187 1787 1431 1842 Caietam
1480 1787 1653 1841 Italia:
1704 1785 1920 1839 urbem.
1978 1786 2097 1840 Huc

533 1887 678 1938 enim
707 1885 850 1952 regis
873 1881 1134 1948 Alphonsi
1159 1895 1323 1933 naves
1377 1879 1529 1948 141
1583 1878 1916 1948 appulerant
1982 1893 2100 1930 mae-

534 1977 713 2030 ximte.
741 1975 896 2039 Quod
933 1974 1021 2027 ubi
1040 1982 1420 2041 cognoverunt
1473 1968 1801 2034 Januenses,
1848 1969 2100 2023 videlicet

529 2068 677 2135 regis
705 2069 933 2121 classem
953 2080 1020 2118 eo
1053 2065 1339 2118 collectam
1375 2071 1522 2116 stare
1571 2070 1948 2129 comparatam
1999 2059 2098 2112 ad—

531 2170 752 2209 versum
790 2168 934 2217 sese,
955 2158 1103 2208 cives
1133 2162 1377 2206 armatos
1406 2166 1575 2205 naves
1633 2150 1929 2214 maximas,
1959 2163 2099 2219 quas

531 2247 642 2299 huc
666 2246 926 2300 mercium
956 2245 1131 2313 gratia
1166 2243 1388 2298 venisse
1412 2241 1806 2311 comperimus,
1828 2255 2102 2294 conscen-

531 2337 662 2388 dere
688 2335 916 2402 jubent;
951 2334 1336 2402 solventesque
1354 2332 1421 2386 ab
1456 2333 1612 2395 urbe,
1637 2343 1862 2387 cursum
1903 2340 2098 2386 contra

530 2425 977 2480 Tarraconenses
1031 2424 1364 2493 dirigebant.
1410 2423 1548 2478 Cum
1595 2431 1780 2477 autem
1827 2421 2098 2477 Tarraco-

530 2518 782 2570 nensium
809 2531 990 2582 regem
1013 2505 1251 2569 assecuti
1281 2522 1466 2569 essent
1496 2515 1550 2567 in
1579 2523 1739 2583 portu
1765 2514 1962 2569 Gactes
1983 2515 2094 2584 (ιτ)

528 2619 774 2676 tempore
827 2608 986 2677 longo
1011 2615 1319 2661 certarunt.
1363 2604 1478 2661 Rex
1536 2619 1603 2660 eo
1657 2615 1901 2674 tempore
1949 2605 2096 2658 intra

529 2699 730 2754 tnaénia
753 2699 1045 2762 exsistens,
1082 2698 1326 2765 praelium
1363 2697 1678 2766 spectabat;
1711 2705 1766 2751 et
1797 2696 2094 2752 admodum

526 2791 764 2855 dolebat,
797 2790 943 2859 quod
969 2790 1078 2852 sui,
1105 2789 1197 2857 qui
1231 2789 1414 2857 plures
1441 2803 1668 2842 numero
1697 2799 1870 2852 erant,
1907 2789 2095 2842 hostes

526 2895 787 2949 superare
812 2895 918 2933 non
958 2887 1200 2945 possent.
1230 2878 1515 2948 Ingressus
1543 2878 1711 2947 igitur
1757 2879 1875 2949 ipse
1902 2892 2092 2944 naves,

525 2986 656 3026 suos
685 2969 1027 3024 cohortando
1052 2969 1117 3023 ad
1151 2968 1406 3038 praelium
1442 2971 1746 3024 accendere
1793 2970 2091 3024 nitebatur.

2200 499 2342 568 Πρὸς
2368 499 2424 551 δέ
2454 498 2580 560 τοὺς
2611 498 2905 560 Οὖενετοὺς
2936 495 3299 567 διηνέχθησαν
3348 493 3446 563 μὲν
3479 495 3572 546 καὶ
3597 494 3772 548 πάλαι

2195 589 2284 640 διὰ
2319 589 2417 650 τὰς
2444 589 2502 641 ἐν
2543 587 2621 657 τῷ
2657 587 2869 656 Αἰγαίῳ
2919 586 3151 652 πελάγει
3180 587 3377 654 νήσους
3412 584 3542 638 Χίον
3579 601 3639 636 τε
3673 585 3775 637 καὶ

2197 679 2428 745 Λέσϐον,
2475 679 2572 748 οὐχ
2601 680 2806 748 ἥκιστα
2850 677 2907 730 δὲ
2941 678 3038 731 καὶ
3069 679 3156 730 διὰ
3186 678 3277 729 τὸν
3334 675 3589 744 Λιγύρων
3641 678 3776 746 ἠγε-

2199 771 2361 840 μόνα,
2390 771 2449 824 δν
2483 771 2665 839 σφίσιν
2685 770 3309 839 ἐπαγόμενοι,τύραννον
3335 769 3770 838 ἐγκατέστησαν.

2199 863 2307 914 Kal
2335 864 2394 914 ἐν
2425 863 2614 915 στάσει
2642 863 2950 931 γενόμενοι,
2989 863 3088 930 τὴν
3123 862 3280 915 πόλιν
3310 861 3623 929 ἐπέτρεψαν
3646 863 3771 913 ἐπι-

2195 955 2483 1025 τροπεύειν
2524 974 2582 1009 τε
2611 958 2704 1009 καὶ¹
2725 957 3008 1018 Οὐενετοῖς
3042 955 3368 1024 ἐπολέμουν,
3421 955 3515 1006 καὶ
3547 954 3624 1024 τῷ
3663 953 3773 1014 Ta-

2198 1048 2538 1117 ρακονησίων
2568 1048 2800 1117 βασιλεῖ.
2839 1049 2950 1101 Kal
2976 1047 3112 1114 ναῦς
3153 1050 3253 1117 μὲν
3281 1049 3551 1119 ἐπλήρουν
3586 1048 3641 1110 ἐς
3677 1047 3774 1099 τὸν

2197 1139 2334 1207 πρὸς
2369 1142 2669 1204 Οὐενετοὺς
2697 1142 2958 1212 πόλεμον,
2986 1144 3082 1195 καὶ
3129 1143 3501 1205 ἐπιπλέοντες,
3557 1141 3654 1203 τάς
3701 1149 3764 1194 τε

2197 1234 2256 1296 ἐς
2289 1236 2379 1288 τὸν
2406 1235 2589 1291 Ἰόνιον
2623 1238 2808 1301 πόλεις
2841 1239 3096 1301 ἐκάκουν,
3128 1237 3223 1289 καὶ
3262 1237 3361 1299 τὰς
3396 1234 3489 1288 ἐπὶ
3536 1231 3614 1302 τῷ
3643 1234 3775 1302 Ἀγ-

2197 1320 2360 1390 γαίῳ.
2394 1323 2578 1377 Ταῦτα
2636 1325 2692 1377 δὲ
2744 1325 3018 1394 ἔπρασσον
3046 1325 3173 1387 τοὺς
3228 1326 3546 1385 Οὑενετοῦς,
3598 1341 3775 1392 τιμω-

2201 1413 2421 1483 ροῦντές
2453 1433 2511 1468 τε
2540 1418 2613 1485 τῷ
2641 1421 2892 1489 Λιγύρων
2921 1419 3168 1488 τυράννῳ
3221 1417 3298 1487 τῷ
3329 1417 3605 1487 Φιλίππῳ.
3658 1418 3774 1471 Kal

2197 1507 2298 1574 τήν
2357 1523 2415 1558 τε
2468 1508 2762 1577 Κέρκυραν
2815 1509 2925 1578 πῦρ
2962 1511 3196 1571 ἐνιέντες
3236 1509 3292 1572 ἐς
3341 1510 3408 1561 τὰ
3465 1511 3772 1578 προάστεια

2200 1599 2563 1663 κατέκαυσαν,
2607 1602 2700 1655 καὶ
2731 1601 2998 1656 ἔϐλαπτον
3032 1604 3086 1655 εί
3111 1620 3160 1656 τι
3217 1601 3525 1673 προχωροίη
3563 1603 3772 1668 αὐτοῖς.

2201 1686 2471 1763 ’Ὕστερον
2504 1693 2708 1762 μέντοι,
2741 1695 2816 1756 ὼς
2849 1697 2985 1766 πρὸς
3046 1696 3137 1750 τὸν
3179 1697 3512 1766 Ταρακόνων
3544 1695 3774 1766 βασιλέα

2199 1776 2244 1850 ᾧ
2299 1784 2474 1852 δνομα
2507 1785 2819 1853 Ἀλφόνσον,
2875 1787 3260 1857 διενεχθέντες,
3318 1789 3587 1857 ἐμάχοντο
3635 1789 3776 1842 Γαέ-

2200 1893 2301 1945 την
2334 1878 2458 1910 ⁶⁸ο⁶⁸
2483 1879 2637 1932 πόλιν
2660 1880 3005 1949 τῆςἽταλίας
3033 1897 3048 1913 ο
3081 1879 3316 1935 ἐνταῦθα
3341 1899 3399 1934 τε
3431 1883 3539 1953 γὰρ
3570 1883 3775 1952 καθορ-

2202 1968 2511 2037 μιζομένων
2533 1973 2642 2024 τῶν
2696 1969 2792 2024 τοῦ
2831 1969 3096 2040 βασιλέως
3138 1973 3430 2040 ’Δλφόνσου
3495 1974 3632 2028 νεῶν
3675 1991 3775 2043 με·

2199 2059 2422 2126 γίστων.
2457 2063 2567 2114 Kal
2591 2063 2666 2124 ὡς
2687 2062 2948 2117 ἐπύθοντο
2973 2065 3023 2117 οἱ
3069 2064 3287 2118 Ίανυϊοι
3347 2067 3439 2119 τόν
3490 2083 3548 2118 τε
3583 2066 3777 2118 στόλον

2199 2149 2364 2202 αὑτοῦ
2398 2151 2657 2217 ἐνταῦθα,
2696 2155 2771 2216 ὡς
2826 2154 2916 2206 ἐπ’
2945 2154 3145 2219 αὐτοὺς
3208 2156 3777 2226 παρασκευαζόμενον

2199 2240 2292 2292 τὸν
2347 2241 2593 2310 βασιλέα,
2632 2245 3024 2315 πληρώσαντες
3070 2247 3202 2310 ναῦς
3251 2248 3509 2316 μεγίστας
3561 2248 3646 2318 δὴ,
3697 2244 3777 2301 ἇν

2197 2332 2361 2400 ἡμεῖς
2398 2335 2577 2402 ἴσμεν,
2613 2337 2722 2388 τῶν
2765 2338 2855 2389 ἐπὶ
2885 2339 2984 2404 τὴν
3026 2340 3297 2408 ἐμπορίαν
3327 2342 3776 2407 ἀφικνουμένων,

2151 2424 2295 2512 ,ικαὶ
2317 2425 2736 2496 ἐξοπλισάμενοι
2786 2431 2895 2483 ἀπὸ
2932 2431 3033 2499 τῆς
3077 2430 3308 2492 πόλεως,
3359 2432 3621 2499 ἀνήγοντο
3678 2433 3776 2481 ἐπὶ

2198 2517 2326 2577 τοὺς
2358 2516 2844 2590 Ταρακωνησίους.
2884 2521 3306 2585 Καταλαόόντες
3349 2524 3404 2577 δὲ
3437 2524 3598 2575 αὑτὸν
3629 2521 3675 2555 ⁸⁵
3711 2526 3771 2575 ἐν

2198 2603 2276 2673 τῷ
2302 2605 2508 2677 Γαέτης
2526 2608 2730 2676 λιμένι,
2763 2611 3164 2681 διεναυμάχουν
3207 2617 3328 2677 ταῖς
3376 2616 3470 2666 τοῦ
3505 2614 3769 2682 βασιλέως

2199 2695 2389 2747 ναυσὶν
2419 2696 2512 2748 ἐπὶ
2547 2697 2716 2751 πολὺν
2739 2701 2954 2769 χρόνον.
2991 2701 3190 2771 Ἔτυχε
3218 2703 3274 2755 δὲ
3303 2704 3467 2756 αὑτοῦ
3510 2705 3627 2756 τότε
3660 2721 3765 2757 πα-

2199 2785 2308 2856 ρὼν
2341 2788 2397 2840 ἐν
2420 2791 2484 2860 τῇ
2518 2791 2667 2843 πόλει
2698 2794 2725 2844 ό
2763 2792 3038 2860 βασιλεὺς,
3072 2796 3166 2847 καὶ
3192 2795 3292 2866 τὴν
3354 2797 3532 2865 μάχην
3565 2796 3764 2865 θεώμε-

2198 2893 2308 2939 νος,
2343 2879 2582 2949 ἡσχαλλέ
2615 2899 2674 2935 τε
2701 2888 2797 2936 καὶ
2827 2885 3051 2955 ἠθύμει,
3083 2888 3164 2940 ὅτι
3222 2889 3486 2942 πλειόνων
3535 2892 3593 2941 ἐν
3645 2893 3764 2954 ταῖς

2197 2969 2389 3023 ἐαυτοῦ
2441 2974 2629 3027 ναυσὶν
2674 2975 2844 3030 ὄντων
2909 2979 3142 3047 ἀνδρῶν,
3192 2983 3289 3053 οὐχ
3351 2977 3462 3036 οἶαί
3513 3001 3570 3036 τε
3635 2985 3763 3054 ἐνῆν

526 3063 833 3116 Commisso
860 3062 1041 3130 itaque
1068 3061 1254 3130 praelio
1305 3076 1525 3130 magno,
1565 3073 1718 3130 capta
1771 3063 1927 3117 navis
1988 3072 2090 3126 est,

2198 3060 2639 3130 ὕπερῦάλλεσθαι
2667 3065 2764 3128 τὰς
2795 3067 2902 3119 τῶν
2930 3069 3204 3138 πολεμίων
3236 3071 3390 3134 ναῦς.
3436 3074 3544 3127 Καὶ
3572 3074 3636 3146 δὴ
3670 3077 3763 3128 καὶ

523 3169 647 3221 qua:
683 3155 912 3207 vehebat
968 3167 1147 3221 regem
1190 3150 1711 3206 Tarraconensium.
1759 3149 1872 3207 Rea
1927 3153 2091 3206 simul

523 3259 741 3312 quoque
765 3244 817 3297 in
839 3252 1163 3312 potestatem
1220 3245 1392 3298 venit.
1425 3243 1620 3298 Scriba
1680 3254 1862 3298 autem
1913 3243 2090 3299 Dorize

524 3340 716 3389 navem
745 3335 908 3404 cepit,
947 3335 1041 3402 qui
1073 3336 1127 3388 in
1160 3337 1349 3406 prtelio
1375 3336 1478 3390 isto
1507 3336 1688 3390 navali
1717 3336 2083 3392 Januensium

522 3428 632 3478 dux
661 3437 795 3480 erat.
827 3426 928 3492 Qui
962 3442 1082 3480 cum
1153 3428 1387 3481 victores
1437 3429 1627 3497 praelio
1688 3432 2088 3496 excessissent,

523 3531 704 3584 regem
763 3517 1036 3585 captivum
1109 3519 1371 3571 vehentes
1426 3518 1661 3572 domum
1709 3521 1910 3574 reversi
1939 3533 2087 3576 sunt.

527 3605 700 3658 Naves
725 3607 894 3673 igitur
935 3621 1060 3660 cum
1100 3610 1641 3676 appropinquassent
1670 3608 1880 3674 Januae,
1909 3614 2089 3680 prius-

521 3712 685 3766 quam
747 3697 934 3750 urhem
989 3698 1155 3751 iniret
1210 3699 1342 3761 dux,
1398 3701 1674 3767 navigavit
1702 3702 1767 3755 ad
1824 3701 2086 3774 Ligurum

522 3788 679 3842 ducis
705 3788 1003 3857 regionem,
1036 3798 1092 3842 ut
1120 3790 1168 3844 ei
1217 3791 1494 3858 captitum
1517 3792 1857 3860 Alphonsum
1915 3795 2091 3850 trade-

520 3887 622 3943 ret,
647 3892 877 3948 sperans
911 3894 969 3932 se
997 3879 1120 3935 inde
1176 3881 1317 3934 haud
1363 3896 1556 3949 parum
1606 3881 1880 3935 commodi
1933 3897 2092 3938 accc.h

519 3983 761 4044 pturum.
787 3973 1069 4040 IngreSsns
1091 3975 1276 4044 itaque
1308 3974 1567 4044 Ligurum
1598 3974 1754 4028 ducis
1809 3977 2083 4047 regionem

516 4079 698 4134 regem
729 4064 1004 4134 captivum
1030 4064 1096 4117 ad
1123 4081 1246 4118 cum
1279 4067 1555 4133 perduxit.
1616 4067 1733 4120 Dux
1782 4066 2079 4123 Mediolani

517 4154 812 4209 honoriﬁce
850 4165 904 4210 et
939 4157 1230 4226 magniﬁce
1260 4171 1442 4226 regem
1491 4159 1728 4226 excepit,
1758 4169 1811 4212 et
1862 4159 2081 4214 tandem

517 4245 850 4300 incolumem
892 4261 993 4300 suo
1021 4261 1188 4314 regno
1230 4248 1490 4302 restituit.
1522 4250 1588 4301 At
1647 4247 1954 4305 Januenses
2007 4253 2081 4306 rei

515 4334 840 4404 indignitate
871 4336 1127 4405 permoti,
1153 4335 1341 4392 abillo
1391 4337 1730 4401 deiecerunt,
1787 4349 1837 4392 et
1884 4341 2078 4394 ducent

2196 3150 2370 3219 ἐμϐὰς
2401 3153 2564 3216 αὐτὸς
2594 3155 2649 3216 ἐς
2695 3155 2793 3218 τὰς
2823 3156 2973 3222 ναῦς,
3027 3158 3166 3211 ὥστε
3224 3162 3521 3231 ἐποτρῦναι
3571 3166 3760 3230 αὐτοὺς

2193 3240 2292 3292 ἐπὶ
2323 3242 2415 3295 τόν
2440 3245 2700 3314 πόλεμον.
2731 3248 2930 3318 Μάχης
2964 3245 3057 3303 οῦν
3110 3255 3386 3322 καρτερᾶς
3444 3259 3761 3328 γενομένης,

2195 3336 2229 3406 ἦ
2268 3353 2325 3388 τε
2362 3335 2489 3396 vat"),-
2517 3338 2674 3402 ἑάλω,
2703 3340 2796 3392 καὶ
2823 3342 2920 3392 σὺν
2954 3339 3091 3412 αὐτῇ
3139 3360 3200 3396 τε
3233 3346 3348 3413 ἅμα
3400 3347 3543 3401 ἑάλω
3595 3351 3689 3402 καὶ
3736 3352 3760 3404 ι

2194 3427 2528 3495 Ταρακόνων
2553 3429 2829 3498 βασιλεύς.
2869 3427 2993 3484 Εἷλε
3026 3433 3081 3485 δὲ
3115 3435 3211 3488 καὶ
3248 3439 3350 3504 τὴν
3388 3439 3520 3491 ναῦν
3581 3457 3756 3511 γραμ-

2197 3521 2466 3588 ματιστὴς
2497 3520 2592 3573 τοῦ
2623 3521 2854 3592 Ντόρια,
2894 3527 3298 3594 ναυαρχοῦντος
3328 3528 3451 3581 τότε
3501 3532 3614 3592 τοῖς
3654 3533 3758 3586 Ἰα-

2192 3611 2387 3672 νυῖοις.
2427 3611 2526 3673 Ὃς
2559 3613 2762 3665 ἐπείτε
2786 3615 3191 3684 περιεγένοντο,
3251 3615 3347 3673 καὶ
3399 3621 3561 3674 αὐτὸν
3618 3617 3760 3678 εἷλον

2191 3701 2282 3753 τὸν
2316 3701 2562 3770 βασιλέα,
2602 3693 2880 3787 ἀπέπλεον
2905 3707 2993 3758 ἐπ’
3025 3707 3199 3764 οἴκου.
3250 3710 3338 3774 Ὠς
3377 3711 3432 3764 δέ
3467 3715 3638 3783 ἀγχοῦ
3669 3717 3757 3784 τῆς

2192 3792 2401 3855 πόλεως
2439 3794 2708 3860 ἐγένοντο,
2742 3798 2871 3866 πρὶν
2901 3798 2933 3866 ἢ
2963 3799 3021 3862 ἐς
3056 3801 3153 3869 τὴν
3187 3803 3343 3856 πόλιν
3376 3805 3538 3857 αὑτὸν
3563 3807 3764 3877 καθορο

2194 3883 2482 3953 μίσασοαι,
2509 3887 2859 3956 ἀποστρέψας
2895 3889 3049 3942 ἐπλει
3095 3893 3186 3945 ἐπὶ
3217 3894 3314 3964 τὴν
3357 3896 3454 3948 τοῦ
3503 3897 3765 3968 Λιγύρων

2187 3974 2456 4044 ἡγεμόνος
2479 3974 2684 4044 χώραν,
2711 3977 2786 4040 ὼς
2816 3978 2982 4032 αὐτόν
3027 3997 3086 4033 τε
3122 3985 3316 4053 ἐκείνῳ
3347 3985 3491 4049 ἄξων
3549 3991 3763 4057 αἰχμά-

2187 4065 2357 4119 λωτον
2389 4072 2477 4118 τὸν
2521 4064 2747 4136 βασιλέα
2803 4069 3116 4139 ’Δλφόνσον,
3173 4077 3268 4128 καὶ
3319 4078 3564 4147 οίόμενος
3615 4083 3764 4151 μέγα

2187 4175 2242 4210 τι
2265 4158 2590 4211 ἀποίσεσθαι
2619 4159 2769 4230 αὑτῷ
2805 4161 2997 4231 κέρδος
3021 4165 3128 4216 ἀπὸ
3162 4165 3253 4217 τοῦ
3285 4169 3572 4238 ἡγεμόνος.
3610 4174 3760 4226 Ἐπι-

2185 4249 2286 4312 6Ξις
2317 4250 2373 4302 δὲ
2403 4250 2502 4318 τῆς
2535 4250 2719 4320 χώρας
2766 4251 2952 4319 αὑτοῦ,
3014 4251 3146 4328 ἧκεν
3197 4258 3347 4325 ἄγων
3396 4259 3488 4314 τὸν
3533 4261 3758 4333 βασιλέα

2187 4341 2536 4409 αἰχμάλωτον
2558 4345 2710 4414 παρὰ
2750 4345 2841 4397 τὸν
2875 4345 3140 4417 Λιγυρίας
3172 4349 3458 4419 τύραννον.
3494 4354 3759 4410 Ἐνταῦθα

513 4428 863 4494 expulerunt.
891 4425 1094 4481 Deinde
1127 4437 1417 4496 pergentes
1478 4440 1671 4482 contra
1701 4445 1906 4493 arcent,
1959 4445 2078 4485 eam

2193 4435 2213 4484 ό
2237 4400 2564 4487 ᾖεδιολάνου
2594 4400 2816 4504 ἡγεμὼν
2847 4400 3031 4502 οῦτός.
3056 4400 3146 4492 τόν
3177 4400 3256 4494 τει
3285 4400 3761 4511 βασιλέα-

513 4515 857 4582 pactionibus
874 4515 928 4568 in
954 4523 1285 4583 potestatem
1320 4524 1694 4585 acceperunt;
1729 4524 1785 4569 et
1811 4516 2072 4584 deinceps

514 4607 620 4659 ritu
645 4606 825 4674 patrio
888 4609 1081 4661 urbem
1141 4605 1626 4671 administrarunt,
1691 4615 2082 4675 promoventes

511 4697 579 4750 ad
609 4696 946 4765 principatus
968 4697 1232 4750 honorem
1275 4695 1434 4766 juxta
1469 4697 1729 4766 antiquas
1761 4711 1892 4754 suas
1935 4700 2081 4770 leges

509 4788 748 4856 aliquem
772 4787 840 4841 de
864 4788 1063 4842 etvium
1088 4803 1333 4842 numero.

2186 4524 2314 4591 ξατο
2349 4527 2406 4577 ἐν
2465 4528 2627 4598 τιμῇ,
2673 4529 2768 4581 καὶ
2807 4530 3059 4598 μεγάλως
3110 4535 3351 4604 τιμήσας
3408 4536 3573 4588 αὑτὸν
3626 4540 3760 4591 ἁπέο

2186 4620 2408 4687 πεμψςν
2460 4620 2552 4672 ἐπὶ
2589 4620 2691 4691 τὴν
2726 4623 2902 4692 ἀρχὴν
2934 4625 3125 4679 αὑτοῦ.
3162 4628 3270 4678 Kal
3316 4629 3402 4678 τὸ·
3436 4629 3544 4679 ἀπὸ
3599 4631 3756 4683 τοῦδε

2185 4713 2238 4766 οἴ
2278 4730 2337 4765 τε
2384 4714 2635 4767 ἰανυΐων
2672 4715 2890 4784 ἄνδρες,
2945 4718 3139 4788 γνώμῃ
3198 4719 3560 4789 διενεχθέντες
3617 4724 3758 4793 πρὸς

2185 4805 2400 4868 τοῦτον,
2437 4804 2497 4856 οὐ
2530 4804 2710 4874 πολλῷ
2744 4805 2968 4876 ὕστερον
2995 4807 3335 4878 ἀπέστησαν,
3395 4811 3608 4865 καὶτὸν
3658 4815 3758 4881 ἄρ-

510 4909 674 4962 χοντα
705 4891 996 4961 ἐξήλασαν,
1032 4892 1126 4944 καὶ
1162 4895 1289 4955 τοὺς
1323 4893 1379 4955 ἐς
1444 4893 1543 4964 τὴν
1610 4893 1710 4963 τῆς
1775 4893 1984 4959 πόλεως
2048 4899 2346 4968 ἀκρόπολιν
2408 4897 2841 4967 καταφυγόντες,
2917 4899 3179 4970 ὁμολογίᾳ
3249 4905 3754 4974 παραστησάμενοι,

510 4989 606 5040 καὶ
657 4988 811 5040 αὐτοὶ
880 4988 936 5050 ἐς
988 4989 1056 5040 τὰ.
1114 4988 1344 5059 πατρῷα
1398 4990 1550 5057 σφίσι
1613 4989 1710 5042 τοῦ
1771 4989 1962 5043 λοιποῦ
2007 4993 2107 5062 τὴν
2146 4995 2304 5047 πόλιν
2351 4992 2621 5064 διῴκουν·

2718 4994 3148 5060 δγκαθιστάντες
3202 4996 3258 5048 δέ
3314 4999 3588 5069 ἡγεμόνας
3643 5001 3754 5054 τῶν

505 5081 689 5134 ἀστῶν
715 5082 808 5133 ἐπὶ
836 5083 906 5151 τῇ
934 5082 1219 5153 ἡγεμονίᾳ,
1327 5087 1422 5136 καὶ
1453 5085 1721 5154 πρότερον
1746 5085 1929 5148 αὐτοῖς
1947 5086 2249 5156 ἐνομίζετο.

578 5175 890 5245 Alphonsus
922 5178 1178 5233 dimissus
1229 5180 1295 5233 ad
1339 5195 1470 5234 suos
1506 5195 1534 5234 a
1566 5180 1856 5236 Mediolani
1903 5182 2069 5246 duce,

508 5266 758 5324 benelicii
789 5286 996 5325 memor
1023 5271 1166 5326 hunc
1196 5286 1411 5342 semper
1445 5272 1615 5327 coluit
1646 5290 1660 5328 :
1700 5289 1801 5328 nec
1851 5275 1899 5328 ei
1943 5286 2071 5342 gra-

2269 5183 2328 5237 'O
2362 5185 2547 5253 μέντοι
2591 5184 2885 5255 Ἀλφόνσος
2914 5186 3210 5252 ἀπολυθεὶς
3232 5186 3338 5240 ὑπὸ
3367 5187 3460 5240 τοῦ
3485 5187 3752 5240 Μεδιολά-

2179 5293 2273 5329 νου
2306 5278 2578 5348 ἡγεμόνος
2627 5278 2798 5345 εὔνως
2822 5297 2883 5334 τε
2916 5281 3063 5352 αὐτῷ
3113 5276 3230 5352 εἶχε
3281 5281 3375 5336 καὶ
3427 5280 3749 5351 ἐπιτηδείως

1776 5410 2025 5475 Notulaa
2079 5412 2486 5492 marginales.

580 5528 690 5600 (47)
721 5529 940 5586 Caietae.

570 5671 690 5704 ⁸³⁸⁸⁵
713 5673 959 5744 Γαῖέτην.
1006 5675 1067 5730 In
1097 5696 1141 5734 v.
1170 5681 1428 5749 Καῖέτην,
1450 5693 1498 5736 et
1528 5682 1699 5750 infra;
1733 5685 1785 5738 in
1811 5683 1882 5738 al.
1909 5695 1965 5738 ut
2002 5702 2048 5739 ς.
2127 5685 2172 5718 ⁸⁸
2203 5683 2372 5756 αὐτῷ.
