4010 6208
387 230 496 296 983

1519 231 1833 292 LAONICI
1869 229 2533 292 CIIALCOCONDYLAS

3546 223 3655 286 est

391 363 504 402 non
525 348 756 403 amilum
773 349 826 404 in
846 350 979 405 urbe
1001 352 1218 408 morati.
1239 351 1454 422 Scythae
1478 327 1766 406 audientes
1786 353 1976 407 hostes
2002 406 2004 413 ,

2117 353 2270 422 όσμῳ
2329 352 2505 404 οὐδενὶ
2561 349 2899 415 ταξαμένους
2964 345 3184 404 ἐπιέναι
3242 345 3448 407 αὐτοῖς,
3497 345 3657 412 λόγον

393 444 657 500 accedere
679 445 797 501 sine
821 447 1015 501 ordine
1073 449 1348 516 palantes,
1387 449 1576 518 plenos
1629 457 1970 517 contemptu,

392 543 447 588 et
479 537 580 604 ipsi
603 553 753 589 arma
782 537 1080 606 arripiunt.
1105 539 1256 608 151
1288 538 1422 591 Nam
1453 541 1730 608 pr'eterita
1767 540 1856 594 die
1889 539 1973 593 af-

398 625 504 682 fusi
533 627 698 682 fluvio
722 629 963 694 cuidam,
994 629 1046 682 in
1089 646 1151 684 ea
1184 632 1406 699 regione
1439 641 1620 686 castra
1650 642 1974 702 posueram,

398 736 498 775 nec
521 722 710 776 solitas
737 721 1321 790 ordinarantvigilias.
1356 722 1632 777 Putabant
1670 723 1816 778 enim
1843 723 1977 793 Sey-

401 813 526 866 thas
554 829 829 880 nunquam
855 829 918 869 eo
955 815 1202 868 audaciae
1227 830 1646 884 progressuros,
1677 825 1734 868 ut
1791 832 1975 870 secum

398 923 461 958 ex
501 906 907 960 aciedimicare
934 907 1303 961 sustinerent.
1330 907 1409 960 ibi
1449 908 1618 976 igitur
1650 923 1774 967 cum
1818 907 1978 975 primi

399 1013 504 1050 non
533 1007 955 1066 exspectassent
985 1015 1081 1052 cos
1102 1000 1192 1068 qui
1215 1000 1450 1068 agminis
1503 999 1769 1067 postremi
1800 1010 1979 1063 erant,

398 1090 533 1144 illiti
565 1107 730 1144 unum
784 1102 834 1144 et
874 1093 1153 1160 injustam
1218 1093 1392 1149 aciem
1440 1094 1676 1156 collecti,
1736 1094 1980 1161 pra-lium

400 1183 623 1247 inirent,
667 1200 854 1237 verum
893 1186 1222 1253 pedetentim
1284 1194 1338 1240 et
1404 1186 1983 1254 palantesincedentes

403 1277 704 1345 pergebant
736 1288 927 1331 contra
993 1279 1207 1344 hostes,
1267 1288 1570 1332 extenuato
1607 1281 1845 1333 maxime
1894 1294 1986 1347 ag-

407 1371 572 1425 mine.
610 1371 831 1440 Scytha:
863 1371 1052 1440 igitur,
1087 1373 1175 1425 ubi
1201 1355 1592 1440 compererunt
1649 1373 1838 1427 hostes
1891 1387 1988 1440 ap-

409 1465 804 1535 propinquare,
843 1464 1136 1519 confestim
1161 1466 1242 1518 eis
1273 1465 1486 1518 obviam
1535 1465 1984 1533 progreditmtnr,

409 1558 752 1627 agminisque
785 1557 1134 1627 incompositi
1190 1559 1400 1626 primos
1435 1558 1677 1625 aggressi
1718 1558 1983 1612 fuderunt

407 1665 461 1706 et
494 1653 547 1706 in
581 1651 763 1719 fugam
792 1651 1172 1721 conjeeerunt.
1209 1649 1504 1719 Fugientes
1537 1651 1809 1703 acerrime
1865 1665 1990 1718 per-

409 1743 584 1798 secuti
626 1752 781 1798 sunt.
843 1742 1156 1813 Janueuses
1189 1743 1311 1810 fuga
1336 1742 1402 1796 ad
1440 1756 1570 1795 suos
1597 1741 1784 1804 delati,
1827 1743 1992 1794 etiam

413 1851 511 1890 eos
549 1835 694 1901 fugae
741 1836 922 1891 socios
971 1842 1277 1889 traxerunt.
1335 1833 1574 1887 Tandem
1634 1834 1876 1903 prndium
1929 1833 1997 1886 ad

410 1938 690 1982 extremos
739 1927 910 1992 venit,
969 1943 1108 1996 quos
1168 1935 1319 1995 terga
1355 1926 1488 1980 dare
1532 1936 1816 1994 cegentes,
1859 1930 2000 1981 ceci-

412 2019 615 2073 derunt
643 2019 1035 2088 i.npigre,nulli
1076 2035 1468 2090 quemcunque
1490 2019 1633 2072 nacti
1667 2028 1825 2072 erant
1870 2035 2000 2088 par-

414 2123 622 2170 centes.
654 2113 818 2166 Pauci
852 2112 1074 2180 quidam
1138 2111 1262 2180 fuga
1304 2125 1530 2166 evasere
1605 2110 1914 2166 incolumes
1946 2113 1998 2165 in

418 2203 633 2256 urbem.
674 2202 912 2257 Liberali
961 2202 1129 2270 igitur
1171 2201 1314 2254 bello
1340 2200 1490 2273 quod
1520 2216 1744 2268 gessere
1807 2217 1999 2272 parum

417 2292 656 2346 feliciter
721 2308 841 2347 cum
882 2291 1115 2364 Scythis
1176 2292 1230 2345 in
1279 2291 1526 2362 Bosporo
1571 2293 1956 2348 habitantibus
1985 2334 2000 2356 ,

421 2385 748 2453 navigarunt
767 2398 958 2438 versus
974 2383 1317 2454 Byzantium,
1336 2395 1714 2455 veneruntqne
1733 2387 2002 2441 Galatiam

422 2480 566 2540 (qua:
595 2481 649 2528 et
676 2473 832 2543 l’rra)
866 2475 1079 2538 urbem,
1099 2492 1222 2544 quae
1241 2476 1344 2529 sita
1371 2487 1456 2530 est
1489 2493 1520 2532 e
1541 2479 1763 2546 regione
1791 2477 2005 2548 Byzan-

423 2567 482 2621 tii
524 2568 576 2620 in
611 2567 846 2634 Europa.
881 2567 956 2622 lbi
999 2569 1389 2623 conmltarunt
1423 2571 1815 2634 communiter,
1868 2584 2006 2638 quo-

423 2659 590 2713 modo
666 2657 988 2728 Byzantium
1069 2675 1338 2728 occapare
1402 2671 1646 2729 possent.
1738 2661 2007 2716 Militibus

429 2766 598 2806 naves
623 2751 931 2820 complent,
966 2759 1018 2804 ct
1045 2752 1253 2821 reliqua
1304 2765 1645 2808 armamenta
1677 2755 2004 2822 expediunt,

428 2860 716 2914 navesque
782 2845 846 2899 ad
921 2861 1134 2898 murum
1185 2846 1340 2913 juxta
1404 2858 1623 2915 portum
1697 2847 2004 2916 appellunt,

424 2939 580 3008 quasi
603 2939 838 2994 navibus
863 2940 1051 2992 urbem
1088 2939 1481 3008 expugnaturi.
1519 2939 1588 2991 At
1625 2939 1877 3009 Byzantii
1926 2957 2011 2992 re-

2076 446 2272 499 οὐδένα
2345 445 2496 514 σφῶν
2564 441 2945 513 ποιουμένους.
3012 439 3360 508 Τραπόμενοι
3422 435 3527 507 γὰρ
3589 438 3657 508 τῇ

2079 537 2383 607 προτεραίᾳ
2445 539 2537 589 ἐπὶ
2595 536 2841 604 ποταμόν
2895 552 3039 598 τινα,
3099 530 3270 585 αὐτοῦ
3332 530 3509 601 ταύτῃ
3557 530 3661 600 τῆς

2081 631 2260 702 χώρας
2295 631 2595 700 ηὐλίζοντο,
2631 627 2755 681 οῦτε
2807 627 3052 696 φυλακάς
3089 623 3571 692 καταστησάμενοι
3605 622 3662 683 ἐς

2080 729 2142 778 τὺ
2212 724 2600 794 στρατόπεδον,
2664 723 2904 790 οἰόμενοι
2976 719 3039 788 δὴ
3100 718 3347 770 οὐδέποτ’
3411 716 3476 769 ἂν
3536 714 3663 776 τοὺς

2082 818 2300 878 Σκύθας
2353 819 2409 878 ἐς
2457 817 2714 869 τοσοῦτον
2744 814 2950 882 τόλμης
2979 811 3372 880 ἀφικομένους,
3409 808 3664 877 ἐθελῆσαι

2083 910 2521 964 ἀνακινδυνεύειν
2559 907 2990 976 συμϐἑλ).οντας.
3027 904 3298 957 Ἐνταῦθα
3333 902 3408 964 ὡς
3438 903 3483 954 οἱ
3516 902 3668 969 πρῶο

2083 1023 2164 1056 τοι
2212 1003 2391 1056 αὐτῶν
2445 1001 2540 1055 τοῦ
2599 999 3012 1070 στρατεύματος
3077 997 3178 1050 οὐκ
3232 996 3493 1065 ἀνέμενον
3543 993 3671 1054 τοῦς

2086 1099 2376 1165 οὐραγοὺς,
2432 1094 2572 1147 ὥστε
2621 1094 2714 1145 ἐπὶ
2768 1095 3024 1160 μέτωπον
3076 1088 3330 1156 γενέσθαι
3385 1086 3448 1139 τὸ
3506 1087 3672 1155 στρά-

2085 1209 2286 1260 τευμα,
2346 1190 2460 1242 ἀλλ’
2533 1189 2622 1240 ἐπὶ
2693 1188 2855 1256 βάθος
2929 1183 3340 1254 πορευομένους
3393 1189 3438 1242 τ,
3502 1181 3672 1249 βάδην

2087 1285 2392 1349 ἐποιοῦντο,
2434 1282 2645 1350 ἐπῆγον
2698 1282 2792 1332 ἐπὶ
2838 1280 2964 1340 τοὺς
3015 1276 3339 1345 πολεμίους.
3379 1273 3584 1326 Σκύθαι
3617 1273 3674 1325 δὲ

2091 1377 2326 1431 ἐνταῦθα
2369 1377 2654 1428 ἐπέκειντο
2687 1376 2800 1434 τοῖς
2833 1360 3076 1439 πρώτοις
3111 1370 3314 1432 αὐτῶν,
3344 1368 3418 1428 ὡς
3451 1365 3674 1425 τούτοις

2095 1471 2428 1539 μαχόμενοι.
2487 1467 2789 1537 ἐτρέψαντο
2862 1464 3061 1517 αὐτίκα
3115 1461 3522 1526 ἐπιτιθέμενοι,
3581 1459 3678 1509 καὶ

2091 1563 2339 1622 ἐδίωκον,
2381 1561 2456 1622 ὡς
2517 1559 2696 1612 ποδῶν
2748 1554 2895 1624 εἶχεν
2944 1555 3194 1616 ἕκαστος.
3229 1549 3493 1604 Ἐνταῦθα
3549 1549 3679 1601 ἐπέ-

2096 1670 2298 1707 πιπτον
2327 1655 2385 1715 ἐς
2419 1653 2545 1714 τοὺς
2593 1649 2890 1720 σφετέρους
2942 1646 3143 1708 αὐτῶν,
3178 1647 3270 1698 καὶ
3320 1644 3554 1714 ἔτρεπον
3584 1642 3680 1694 καὶ

2096 1743 2323 1807 τούτους
2385 1746 2441 1804 ἐς
2491 1743 2692 1809 φυγὴν,
2725 1742 2817 1794 καὶ
2878 1738 3050 1800 οὓτως
3083 1737 3211 1807 ἄχρι
3267 1737 3376 1788 τῶν
3431 1733 3680 1804 οὐραγῶν

2099 1835 2350 1906 ἐγένοντο
2388 1835 2432 1888 ⁸.
2469 1834 2816 1904 Τρεψάμενοι
2867 1831 2926 1884 δὲ
2969 1830 3120 1884 ἅπαν
3169 1829 3230 1881 τὸ
3271 1828 3590 1898 στράτευμα
3625 1827 3681 1887 ἐς

2101 1928 2302 1999 φυγὴν,
2359 1928 2639 1998 ἐφόνευον,
2691 1925 2904 1986 οὐδενος
2973 1922 3322 1992 φειδόμενοι,
3391 1921 3568 1973 πάντα
3625 1918 3684 1971 ὃν

2101 2021 2673 2090 ἐπικαταλαμϐάνοιεν
2736 2015 3155 2077 καταϐαίνοντες
3204 2016 3248 2077 ³,
3305 2015 3364 2075 ἐς
3421 2013 3448 2064 ὃ
3502 2011 3568 2083 δὴ
3631 2012 3685 2072 ἐς

2101 2116 2200 2184 τὴν
2231 2115 2385 2168 πόλιν
2417 2110 2762 2175 διεσώζοντο,
2797 2110 2940 2163 ὥστε
2977 2107 3052 2178 μὴ
3079 2105 3399 2160 ἀπολέσθαι.
3431 2103 3590 2158 Οὕτω
3622 2103 3685 2174 δὴ

2103 2204 2552 2274 ἀπαλλαχθέντες
2631 2200 2724 2254 τοῦ
2800 2200 2938 2269 πρὸς
3011 2197 3248 2260 Σκύθας,
3307 2195 3434 2258 τοὺς
3491 2195 3552 2246 ἐν
3611 2193 3688 2261 τῷ

2105 2299 2370 2369 Βοσπόρῳ
2409 2297 2671 2366 νομάδας,
2694 2293 2994 2347 κατέπλεον
3046 2292 3102 2354 ἐς
3148 2290 3460 2355 Βυζάντιον,
3493 2288 3690 2355 ἀφικό-

2109 2410 2258 2464 μενοι
2285 2393 2342 2454 ἐς
2371 2373 2641 2454 Γαλατίην
2678 2387 2836 2439 πόλιν
2869 2387 2968 2454 τὴν
3015 2383 3351 2450 καταντικρὺ
3381 2379 3685 2444 Βυζαντίου

2107 2489 2166 2538 ἐν
2199 2487 2264 2555 τῇ
2302 2482 2560 2554 Εὐρώπῃ.
2589 2482 2698 2533 Καὶ
2737 2481 2890 2547 κοινῇ
2923 2477 3350 2548 βουλευσάμενοι
3397 2473 3458 2526 ὃν
3487 2471 3689 2540 τρόπον

2107 2578 2208 2646 τὴν
2260 2578 2414 2631 πόλιν
2464 2574 2766 2643 μαχόμενοι
2811 2571 3054 2636 ἐξέλωσι,
3095 2568 3195 2631 τάς
3241 2585 3299 2619 τε
3346 2564 3481 2628 ναῦς
3527 2563 3691 2631 ἐπλή-

2115 2689 2334 2743 ρωσαν,
2393 2669 2490 2723 καὶ
2541 2666 2968 2735 ἐξοπλισάμενοι
3032 2662 3176 2716 κατά
3241 2661 3332 2713 τὸν
3395 2657 3690 2724 Βυζαντίου

2110 2763 2327 2831 λιμένα,
2361 2759 2703 2831 προσέφερον
2735 2758 2836 2819 τὰς
2870 2753 3004 2817 ναῦς
3033 2754 3124 2807 ἐπὶ
3149 2752 3208 2804 τὸ
3240 2753 3440 2819 τεῖχος,
3473 2749 3544 2810 ὡς
3581 2746 3689 2800 ἀπὸ

2112 2855 2222 2908 τῶν
2266 2852 2403 2906 νεῶν
2454 2851 2557 2921 τὴν
2605 2848 2764 2903 πόλιν
2819 2849 3162 2918 αἱρήσοντες.
3200 2841 3268 2897 οι
3311 2843 3410 2914 μὲν
3459 2837 3552 2894 οῦν
3588 2840 3692 2890 Βυ-

2115 2947 2324 3010 ζάντιοι
2358 2941 2838 3013 παρεσκευάζοντο
2877 2937 3274 3008 ἀμυνούμενοι,
3309 2935 3404 2988 καὶ
3459 2933 3570 2986 ἀπὸ
3600 2929 3696 2982 τοῦ

427 3034 699 3089 sistebant
731 3032 948 3088 fortiter
978 3042 1035 3088 et
1111 3051 1178 3088 ex
1214 3050 1372 3088 muro
1427 3036 1478 3088 in
1543 3035 1755 3090 hostem
1801 3051 2004 3105 pugna-

2114 3040 2330 3108 τείχους
2365 3037 2636 3107 ἐμάχοντο
2667 3034 2804 3106 προς
2844 3033 2971 3096 τοὺς
3005 3032 3269 3092 Ἰανυῖους
3317 3027 3482 3093 ἀξίως
3511 3025 3692 3089 λόγου.

429 3125 564 3179 bant
588 3139 784 3196 magna
816 3126 1020 3197 gloria.
1060 3127 1370 3181 Januenses
1401 3142 1522 3181 cum
1554 3137 1886 3182 conarentur
1941 3144 2006 3183 ex

431 3218 662 3273 navibus
691 3218 992 3275 ascendere
1018 3219 1072 3273 in
1101 3219 1329 3283 mmnia,
1361 3220 1494 3274 nihil
1529 3219 1834 3274 ellieiebant
1862 3237 1873 3270 :
1907 3218 2012 3291 By-

434 3311 599 3366 zantii
626 3311 771 3367 enim
809 3311 996 3367 hostes
1049 3327 1247 3382 magna
1289 3311 1614 3368 fortitudine
1655 3314 2008 3382 repellebant.

432 3402 570 3457 Cum
600 3403 768 3474 igitur
820 3413 995 3474 erepta
1036 3419 1230 3475 parum
1285 3408 1665 3476 succederent,
1717 3420 2015 3472 onmcsque

434 3505 664 3550 conatus
710 3495 851 3550 irriti
908 3496 1190 3560 caderent,
1229 3498 1282 3551 in
1315 3497 1720 3554 dissensionem
1771 3497 2014 3561 adducti,

438 3587 649 3642 rediere
681 3587 734 3641 in
764 3588 1000 3643 italiam.
1031 3587 1232 3643 Verum
1253 3588 1464 3644 Galatia
1498 3589 1862 3646 Januens?um
1886 3589 2018 3644 urbs

438 3677 602 3748 longo
675 3686 924 3748 tempore
950 3679 1156 3734 bellum
1185 3682 1359 3751 gessit
1390 3696 1515 3736 cum
1553 3681 1858 3753 Byzantiis,
1891 3695 2015 3735 cum

438 3768 696 3836 utrinque
757 3777 864 3823 tam
910 3769 1159 3839 Byzantii
1212 3785 1378 3840 quam
1436 3771 1641 3827 Galatea
1703 3771 2020 3826 bombanlis

440 3875 555 3915 rem
584 3863 863 3931 gererent;
887 3862 958 3915 At
988 3861 1291 3919 Leontares
1307 3863 1548 3919 Joannes
1573 3879 1774 3936 magno
1809 3864 2016 3933 impetu

440 3955 496 4006 in
530 3953 757 4008 Galatia!
790 3957 991 4011 mmnia
1015 3957 1254 4022 irruens,
1290 3973 1409 4012 eam
1463 3959 1706 4027 nudique
1732 3958 1893 4026 quasi
1926 3957 2016 4010 in-

441 4045 642 4116 dagine
673 4049 915 4102 cinctam
942 4048 1092 4102 omni
1117 4058 1432 4104 commeatu
1463 4049 1804 4120 reliquisque
1833 4063 2025 4103 neces-

441 4139 606 4194 sariis
684 4139 1048 4197 interclusit:
1102 4142 1374 4212 plurimos
1455 4156 1676 4213 quoque
1721 4141 2024 4196 Januenses

443 4234 606 4303 cepit.
649 4248 774 4288 cum
811 4234 1049 4290 feliciter
1081 4245 1132 4290 et
1154 4236 1376 4291 fortiter
1409 4236 1463 4290 in
1497 4251 1686 4290 eorum
1748 4249 1918 4289 naves
1950 4237 2027 4288 ir-

443 4337 745 4398 rumperet.
775 4327 886 4384 Hos
911 4329 1124 4384 vinctos
1150 4329 1382 4384 adduxit
1409 4329 1476 4383 ad
1514 4344 1697 4395 regem
1729 4326 2025 4391 Joannem,

2119 3131 2230 3185 Καὶ
2278 3129 2350 3192 ὡς
2385 3127 2723 3198 προσέϐαλον
2773 3123 2852 3195 τῷ
2883 3123 3052 3192 τείχει
3093 3120 3200 3177 ἀπὸ
3257 3120 3364 3171 τῶν
3406 3118 3567 3179 νεῶν,
3605 3116 3698 3168 καὶ

2120 3222 2420 3292 ἐπειρῶντο
2464 3222 2626 3281 ἑλεῖν,
2663 3219 2764 3272 οὐκ
2814 3218 3080 3287 ἠδύναντο
3134 3214 3396 3278 ἐπιϐῆναι
3447 3211 3542 3262 τοῦ
3587 3210 3700 3260 τεί-

2124 3333 2272 3385 χους,
2297 3314 2656 3385 ἀμυνομένων
2686 3312 2793 3365 τῶν
2825 3310 3095 3379 Ἑλλήνων
3127 3309 3266 3362 κατὰ
3299 3307 3355 3358 τι
3393 3303 3662 3374 καρτερόν
3685 3318 3698 3331 ο

2124 3407 2376 3470 ἐνταῦθα,
2408 3407 2483 3469 ὡς
2529 3405 2683 3459 οὐδὲν
2733 3405 2917 3466 αὐτοῖς
2952 3401 3284 3471 προεχώρει,
3315 3397 3604 3467 διέστησάν
3645 3412 3701 3446 τε

2127 3499 2220 3552 καὶ
2266 3497 2535 3551 ἀπέπλεον
2579 3497 2676 3549 ἐπὶ
2729 3495 2983 3558 Ἰταλίας.
3024 3493 3084 3545 'H
3149 3493 3330 3563 μέντοι
3392 3490 3546 3551 πόλις
3597 3488 3704 3540 τῶν

2140 3589 2382 3642 Ἰανυϊων
2407 3592 2442 3659 ὴ
2470 3589 2703 3657 Γαλατίη
2737 3587 2993 3655 ἐπολέμει
3026 3583 3119 3638 ἐπὶ
3149 3584 3344 3655 συχνόν
3367 3599 3488 3636 τινα
3517 3581 3708 3652 χρόνον

2129 3681 2207 3750 τῷ
2260 3681 2564 3750 Βυζαντίῳ,
2595 3681 2689 3734 καὶ
2740 3680 3067 3751 τηλεϐόλους
3125 3679 3184 3743 ἐξ
3242 3677 3489 3746 ἀλλήλων
3548 3675 3602 3728 οῐ
3647 3692 3706 3726 τε

2132 3776 2396 3845 ’Έλληνες
2452 3775 2548 3828 καὶ
2605 3778 2652 3827 οἱ
2719 3776 2782 3826 ἐκ
2841 3772 2935 3827 τοῦ
2994 3774 3038 3805 ¹⁰
3110 3771 3355 3838 Γαλάτου
3433 3769 3706 3823 ἐνέϐαλον.

2143 3870 2337 3922 Ὁπότε
2393 3869 2488 3921 καὶ
2526 3869 2554 3920 ὁ
2590 3867 2902 3937 Λεοντάρης
2929 3864 3204 3934 Ἰωάννης,
3233 3864 3310 3933 τῷ
3336 3863 3507 3933 τείχει
3545 3861 3640 3931 τῆς
3667 3861 3709 3893 ¹¹

2133 3961 2398 4030 Γαλατίας
2447 3961 2696 4032 σφοδρῶς
2739 3958 3108 4022 ἐπεισπεσὼν,
3154 3957 3448 4012 ἀπέκλεισε
3483 3955 3711 4020 ταύτην,

2136 4055 2496 4124 στερηθεῖσαν
2534 4056 2742 4116 παντὸς
2773 4052 3048 4123 τροφίμου
3102 4050 3334 4105 καὶτῶν
3379 4049 3579 4113 ἄλλων,
3617 4047 3714 4100 καὶ

2135 4148 2367 4211 πολλοὺς
2415 4147 2525 4201 τῶν
2571 4147 2678 4201 ἀπὸ
2719 4147 2828 4198 τῶν
2869 4144 3014 4217 νηῶν
3056 4144 3164 4196 τῶν
3205 4144 3448 4198 Ἵανυῖων
3493 4141 3714 4210 ἐπιδρα-

2140 4240 2256 4310 μὼν
2285 4231 2466 4302 οὗτος,
2503 4238 2761 4306 κατέσχε,
2795 4236 2890 4288 κοιλ⁵
2930 4235 3050 4306 μεθ’
3094 4235 3342 4288 ἁλύσεων
3379 4233 3456 4303 τῷ
3507 4231 3716 4302 βασιλεί

2150 4333 2371 4402 Ἰωάννῃ
2401 4331 2517 4384 ὄντι
2547 4333 2604 4383 ἐν
2627 4330 2705 4400 τῷ
2737 4331 2858 4400 οἱκή
2871 4346 3000 4392 ματι
3031 4327 3124 4381 τοῦ
3153 4328 3330 4381 Ξυλλᾶ
3355 4330 3419 4394 η,
3451 4327 3718 4396 προσεκῦ-

445 4427 538 4492 qui
572 4439 634 4478 ea
659 4434 988 4495 tempestate
1016 4426 1212 4496 agebat
1258 4426 1312 4480 in
1343 4424 1520 4496 Xyllae
1550 4425 1855 4479 domicilio.
1888 4422 2004 4479 Fuc

2140 4442 2298 4493 μισεν
2326 4425 2459 4476 ὡσεὶ
2489 4423 2861 4490 τριακοσίους,
2896 4421 3221 4493 προσευρὼν
3273 4421 3497 4483 τούτους
3548 4420 3603 4471 ἐν
3637 4416 3718 4490 τῷ

450 4524 583 4569 runt
611 4523 791 4570 autem
823 4515 1026 4584 captivi
1058 4530 1293 4570 numero
1326 4515 1586 4578 trecenti,
1641 4529 1779 4584 quos
1837 4529 2028 4569 omnes

448 4606 502 4660 in
538 4605 772 4660 Galatiae
806 4607 953 4660 vallo
980 4615 1177 4660 nactus
1217 4605 1580 4661 erat.Postea
1623 4607 1835 4674 legatos
1884 4606 2029 4660 ultro

447 4698 699 4764 citroque
729 4696 1006 4751 mittentes
1043 4713 1212 4770 super
1233 4697 1666 4765 commerciisget
1690 4697 1888 4763 vineis,
1908 4713 2030 4768 quae

449 4799 602 4846 extra
625 4787 902 4843 Galatiam
929 4799 1112 4854 crant,
1154 4787 1462 4847 Januenses
1502 4803 1659 4861 grato
1693 4791 1880 4845 animo
1931 4806 2031 4846 ex-

451 4881 738 4951 cipiebant
769 4895 1117 4950 qttaacunque
1175 4881 1468 4937 statuisset
1520 4882 1588 4937 de
1617 4883 1721 4938 illis
1755 4899 1876 4938 rex.
1926 4885 2039 4939 Co-

453 4975 728 5047 gebantur
758 4988 979 5044 quoque
1009 4989 1303 5029 numerare
1339 4974 1452 5046 regi
1491 4990 1692 5032 aureos
1728 4977 1879 5032 mille
1899 4993 2032 5047 pro-

456 5075 577 5138 pter
601 5066 796 5122 turrim
827 5066 1057 5136 regiam,
1077 5081 1243 5136 quam
1264 5075 1516 5135 tempore
1538 5065 1852 5124 obsidionis
1879 5069 2038 5123 bom-

456 5159 642 5216 bardis
680 5157 1008 5231 disjeceranl
1036 5197 1052 5224 ,
1097 5147 1256 5228 152
1288 5172 1498 5213 necnon
1534 5168 1759 5230 propter
1790 5160 2037 5217 olﬁeinas

2129 4519 2334 4588 χάρακι
2357 4517 2450 4569 τοῦ
2482 4517 2524 4548 ¹³
2556 4515 2824 4570 Γαλάτου.
2869 4515 3029 4568 Μετὰ
3061 4514 3236 4569 ταῦτα
3287 4511 3721 4582 διαπρεσϐευσά-

2134 4625 2286 4677 μενοι
2327 4608 2464 4676 πρὸς
2498 4607 2790 4679 ἀλλήλους,
2819 4609 2949 4679 περί
2989 4623 3049 4660 τε
3092 4609 3199 4660 τῶν
3231 4606 3336 4669 ἔξω
3367 4605 3637 4673 ἀμπέλων
3679 4604 3720 4635 ¹⁶

2130 4701 2225 4754 τοῦ
2279 4701 2544 4762 Γαλάτου,
2599 4701 2695 4754 καὶ
2756 4701 2884 4770 περῖ
2942 4701 3054 4754 τῶν
3111 4699 3464 4769 κουμερκίων
3512 4698 3718 4760 αὐτῶν,

2129 4792 2278 4854 ὅπως
2329 4791 2712 4862 συγκατατεθῇ
2765 4795 2792 4846 ὀ
2850 4792 3129 4862 βασιλεὺς,
3177 4791 3624 4857 συγκατένευσαν
3670 4793 3719 4844 οἱ

2145 4883 2384 4951 Ἶανύῖοι,
2447 4885 2889 4954 ἀποχαρίσαντες
2951 4885 3045 4936 καὶ
3101 4882 3304 4953 μᾶλλον
3361 4882 3440 4954 τῷ
3505 4882 3721 4953 βασιλεί

2137 4975 2502 5046 χρυσίνους¹⁸
2531 4975 2740 5044 χιλίους
2793 4976 3004 5044 φθορᾶς
3057 4975 3222 5027 ἕνεκα
3273 4973 3369 5027 τοῦ
3407 4977 3465 5028 ἐν
3508 4977 3576 5045 τῇ
3627 4974 3721 5044 βα-

2140 5067 2347 5120 σιλίκου
2403 5066 2446 5098 "
2497 5067 2730 5135 πύργου,
2769 5069 2850 5129 είς
2897 5067 2958 5120 ὃν
3013 5068 3062 5119 oi
3124 5066 3344 5120 Ἰανύῖοι
3396 5067 3719 5136 τηλεϐὁλους

2139 5157 2466 5227 ἐχρήσαντο,
2506 5157 2600 5210 καὶ
2631 5155 2742 5210 τῶν
2773 5157 3180 5228 ἐργαστηρίων,
3218 5157 3329 5209 τῶν
3362 5159 3420 5210 ἐν
3454 5159 3515 5228 τῇ
3549 5157 3716 5226 μέσῃ,

1741 5371 1989 5434 Notulte
2020 5369 2426 5446 marginales.

533 5535 554 5565 '
582 5533 648 5612 I_n
682 5555 786 5612 tino
809 5541 1172 5612 ,πορευόμενοι
1221 5541 1388 5611 βάδην
1419 5544 1512 5594 ἐπ.

465 5607 508 5641 υ
549 5605 657 5660 τῶν
684 5608 746 5660 l‘.
774 5610 850 5663 sic
880 5605 1040 5666 etiam
1067 5612 1120 5664 in
1152 5605 1278 5672 uno,
1306 5605 1361 5666 iri
1401 5613 1474 5668 al.
1513 5623 1570 5666 ut
1610 5629 1656 5667 ε.

463 5688 595 5731 uno.
626 5679 928 5748 ἀμπελίων.
1013 5683 1056 5715 ⁸⁵
1088 5683 1289 5754 Φλορία
1315 5685 1486 5754 χίλια.
1560 5685 1603 5717 ¹⁶
1637 5683 1894 5748 βασιλικῆ
1931 5703 1989 5737 π.

1623 5541 1644 5573 ⁸
1685 5543 1762 5596 ui.
1809 5542 2047 5610 ἐγένετο.

1757 5615 1799 5646 ⁸⁸
1819 5615 1915 5665 τοῦ
1957 5612 2200 5667 Γαλάτου
2233 5615 2306 5670 al.
2343 5626 2396 5670 ut
2437 5632 2484 5670 σε

2155 5544 2175 5573 ⁸
2207 5543 2345 5612 [οι-ιε
2396 5545 2694 5610 leqendmn,
2732 5542 3179 5612 κατακαίνοντες.
3340 5542 3407 5612 _ul
3442 5532 3520 5612 Diu
3570 5539 3716 5612 gon-1.

2587 5617 2629 5647 "
2668 5599 2734 5669 fit
2761 5629 2862 5668 uno
2903 5599 3151 5668 397.1).3.
3226 5607 3270 5638 ”
3299 5605 3407 5658 τῶν
3441 5603 3501 5658 Γ.
3577 5602 3621 5633 ’⁸
3651 5599 3717 5655 In
