4010 6208
427 167 532 229 303

1520 163 1714 225 LAON
1729 163 1829 223 [Cl
1872 161 2527 224 CHALCOCONDYUE

3542 164 3654 232 304

429 286 658 334 turmam
700 285 905 333 tenent.
940 275 1059 331 llue
1092 276 1228 330 adde
1261 284 1315 330 ct
1370 274 1726 330 Januensinm
1777 276 1987 329 urbem.

2097 274 2344 330 τελοῦσαί
2379 278 2516 330 εἰσιν
2547 277 2580 345 ἦ
2617 295 2671 330 τε
2706 277 2983 332 Οὐενετῶν
3021 278 3192 343 πόλις,
3222 278 3312 331 καὶ
3337 279 3370 349 ή
3392 278 3654 343 Βονωνῐα,

427 374 533 430 Sed
563 373 631 428 de
656 373 741 428 bis
778 386 940 441 supra
974 370 1537 426 commemoravimus.
1567 368 1631 422 lli
1660 375 1790 422 sunt
1821 368 2007 441 totius!

432 468 624 529 Italiaz,
667 482 804 538 quos
841 464 1023 526 habet,
1060 462 1419 530 principatus,
1453 461 1720 515 interdum
1750 462 1987 524 Venetis,

427 562 702 619 interdum
730 573 857 614 vero
894 554 1179 612 Mediolani
1214 555 1449 625 principi
1499 556 1757 609 auxilium
1812 555 1989 611 feren-

428 666 531 708 tes.
566 652 827 707 Revertor
860 665 1003 702 nune
1023 664 1107 710 eo,
1146 648 1289 702 unde
1339 646 1623 713 digressus
1673 662 1814 701 sum.

430 748 631 815 μονίαι,
665 745 751 800 ὁτὲ
800 744 899 813 μὲν
970 743 1107 811 πρὸς
1151 741 1280 805 τοὺς

496 934 667 989 Graeci
700 934 753 984 in
786 930 1017 1001 patriam
1045 942 1200 982 suam
1237 925 1463 989 reversi,
1487 927 1765 981 mittentes
1791 927 1997 996 legatos

426 1030 491 1083 ad
546 1041 725 1096 regem
785 1027 1126 1083 Amuratem,
1206 1020 1435 1073 orabant
1488 1033 1697 1087 pacem,
1752 1020 1995 1072 volentes

425 1137 550 1176 cum
582 1120 702 1188 ipso
735 1117 911 1169 foedus
937 1130 1192 1184 pangere.
1234 1113 1342 1166 Nec
1370 1114 1540 1165 multo
1572 1122 1694 1180 post
1727 1112 1999 1165 Constan-

429 1215 573 1268 tinus
628 1209 994 1280 prolieiseitur
1051 1208 1102 1259 in
1142 1205 1606 1273 Pe10p0nnesum,
1663 1203 1997 1270 fratremque

426 1308 491 1360 ad
523 1306 674 1374 regni
712 1301 1121 1357 successionem
1160 1300 1405 1350 hortatur
1436 1313 1449 1348 :
1481 1305 1642 1366 atque
1671 1295 1792 1350 inde
1848 1298 1997 1348 navi-

428 1414 555 1468 gare
580 1395 817 1451 instituit
875 1392 1211 1462 Byzantium.
1254 1388 1394 1442 Cum
1446 1398 1629 1442 autem
1694 1388 1998 1458 appulisset

430 1493 483 1544 in
508 1490 795 1551 Lemnum,
838 1484 996 1538 Lesbi
1024 1482 1178 1535 ducis
1212 1480 1375 1533 tiliam
1428 1494 1651 1532 uxorem
1693 1480 1868 1533 duxit.
1924 1478 1999 1533 E0

429 1590 673 1646 tempore
711 1575 1028 1628 Meehmetis
1053 1569 1507 1631 elassisadvenit,
1541 1567 1998 1622 Constantinum-

428 1687 535 1741 que
550 1668 762 1722 Getzini
789 1665 922 1736 (82),
941 1681 1057 1735 qua:
1076 1662 1262 1716 Lemni
1285 1662 1412 1716 urbs
1433 1671 1536 1723 est,
1555 1662 1790 1716 obsedit.
1818 1663 1998 1716 Meelt-

432 1775 605 1816 metes
626 1771 808 1814 autem
843 1771 1122 1827 exponens
1159 1756 1345 1824 copias
1372 1754 1595 1808 navales
1648 1756 1697 1806 in
1756 1764 1991 1821 terram,

432 1855 667 1908 insulam
692 1867 882 1921 magna
918 1849 1265 1919 populatione
1292 1848 1575 1915 ingressus
1607 1858 1715 1911 est,
1741 1848 1994 1917 regisque

428 1948 649 2007 Datrem
682 1946 966 1999 obsidione
1020 1941 1211 2011 viginti
1249 1949 1453 2007 septem
1500 1939 1713 1994 dierum
1775 1941 1993 2009 pressit.

433 2042 696 2094 Sternens
745 2047 924 2090 autem
982 2050 1200 2089 murum
1268 2034 1596 2097 boniliardis,
1658 2048 1765 2087 non
1817 2036 1997 2104 potuit

428 2147 560 2185 suos
616 2129 934 2199 impellere,
1013 2126 1145 2179 utin
1185 2126 1368 2178 urbem
1413 2125 1616 2179 vellent
1667 2124 1993 2196 irrumpere.

428 2224 562 2275 Cum
597 2237 656 2275 ea
692 2222 826 2273 urbe
866 2219 1028 2289 potiri
1063 2232 1169 2270 non
1199 2226 1404 2285 posset,
1437 2216 1667 2271 classem
1695 2218 1992 2281 abducens,

429 2317 647 2367 domum
680 2327 930 2365 reversus
961 2316 1063 2363 est.
1125 2308 1525 2362 Constanttnus
1569 2322 1693 2360 eum
1753 2308 1995 2362 venisset

429 2403 772 2475 Byzantium,
834 2415 888 2456 et
929 2418 1021 2457 rex
1078 2402 1406 2454 sententiam
1459 2414 1613 2454 suam
1671 2400 1992 2466 declararet,

424 2498 612 2565 jussus
649 2505 733 2547 est
759 2494 935 2547 redire
986 2494 1040 2546 in
1079 2490 1537 2558 Peloponnesum.
1576 2491 1755 2561 Ipsum
1816 2502 1994 2547 autem

428 2599 481 2644 et
515 2587 741 2642 fratrem
773 2584 1122 2639 Theodorum
1160 2584 1446 2653 Oportebat
1481 2585 1849 2655 relinquentes
1882 2583 1996 2640 Pe-

429 2678 807 2747 lopeiinesmn,
837 2677 987 2730 abire
1012 2674 1359 2746 Byzantium.
1400 2676 1474 2729 De
1508 2677 1592 2730 his
1614 2676 1832 2745 quidem
1870 2678 1997 2731 bac-

430 2784 608 2826 teuus.
647 2769 835 2822 Frater
893 2770 1083 2822 borum
1130 2769 1336 2837 junior,
1404 2768 1624 2824 nomine
1666 2768 1992 2833 Demetrius,

430 2863 747 2916 inimicitias
779 2861 1017 2928 suscepit
1040 2874 1162 2913 cum
1223 2860 1387 2913 fratre
1424 2860 1751 2928 imperatore
1780 2860 1994 2914 Graeco-

430 2969 572 3020 rum,
604 2970 632 3007 a
682 2970 789 3022 quo
843 2954 1076 3005 maxima
1131 2951 1370 3019 regionis
1415 2949 1753 3019 spoliabatur
1814 2960 1992 3020 parte.

2098 368 2193 421 καὶ
2232 370 2284 421 αἱ
2334 369 2709 438 Ταρακονικαὶ
2743 373 2789 404 ’⁸³
2844 373 3052 438 πόλεις,
3104 374 3229 426 ὅσαι
3279 374 3340 426 τέ
3391 376 3520 438 εισι,
3564 377 3661 428 καὶ

2098 462 2366 532 πρότερόν
2417 482 2508 534 μοι
2563 466 2889 535 δεδήλωται,
2930 467 3192 536 ἑπόμεναι
3226 468 3291 536 τῇ
3327 466 3658 536 Φλωρεντῖᾳ,

2094 554 2189 605 καὶ
2240 554 2379 607 κατὰ
2427 555 2599 608 ταυτᾶ
2644 556 3039 625 διοικούμεναι,
3072 555 3222 625 καὶὴ
3273 556 3382 608 τῶν
3416 556 3660 608 Ἰανυῖων

2098 647 2273 709 πόλις.
2301 639 2471 701 Δῦται
2515 648 2614 716 μὲν
2648 646 2741 700 οὖν
2795 648 2983 718 σχεδὸν
3024 649 3082 700 αἱ
3112 650 3210 718 τῆς
3239 648 3471 710 Ἰταλίας
3524 649 3657 717 ἡγε-

1356 741 1672 803 Ούενετοὺς,
1722 742 1808 794 ὁτὲ
1855 741 1909 794 δὲ
1959 741 2229 813 καὶπρὸς
2283 742 2378 794 τὸν
2433 741 2763 795 Μεδιολάνου
2832 742 3123 813 τύραννον,
3175 740 3274 813 τὴν
3334 740 3662 812 συμμαχίαν

432 839 775 907 ποιούμεναι.
830 836 1121 903 Ἐπάνειρι
1171 833 1228 885 δὲ
1281 832 1376 885 ἐπὶ
1432 837 1524 884 τὸν
1582 832 1844 900 πρότερον
1896 832 2077 897 λόγον.

2166 930 2428 998 Ἕλληνες
2466 929 2584 997 μὲν,
2627 928 2702 990 ώς
2744 928 2830 981 ἐπ’
2888 929 3038 981 οἴκου
3089 928 3428 999 ἐκομίζοντο,
3478 928 3555 1000 τῷ
3602 946 3661 983 τε

2095 1022 2307 1091 βασιλεῖ
2341 1021 2653 1091 Ἀμουράτῃ
2680 1021 2940 1090 πρέσϐεις
2994 1022 3327 1091 πέμποντες,
3376 1022 3563 1093 ἠξίουν
3599 1041 3660 1076 τε

2091 1114 2239 1182 αύτῷ
2275 1114 2499 1184 εἰρήνην
2541 1114 2833 1177 ποιεῖσθαι,
2868 1113 2962 1165 καὶ
3001 1113 3313 1181 ἐμπεδῶσαι
3340 1108 3513 1182 ἀὐτῷ
3564 1117 3662 1175 τὰς

2094 1206 2343 1268 σπονδάς.
2377 1204 2585 1275 Ξυνέϐη
2620 1204 2677 1257 δὲ
2712 1206 2771 1257 οὐ
2800 1204 2980 1274 πολλῷ
3031 1203 3257 1276 ὕστερον
3314 1206 3405 1258 τὸν
3447 1207 3544 1276 μέν
3580 1224 3663 1260 τοι

2096 1297 2501 1349 Κωνσταντῖνον
2525 1294 2619 1347 τοῦ
2644 1294 2905 1362 βασιλέως
2939 1294 3169 1364 ἀδελφὸν
3210 1297 3299 1347 ἐπὶ
3325 1297 3659 1366 Πελοπόννη-

2098 1407 2188 1443 σον
2225 1390 2579 1457 ἀφικόμενον,
2613 1389 2951 1458 παρακαλεῖν
2978 1390 3069 1442 τὸν
3128 1389 3358 1457 ἀδελφὸν
3418 1391 3510 1441 ἐπὶ
3564 1391 3664 1462 τήν

2098 1483 2194 1550 τῆς
2224 1481 2502 1550 βασιλείας
2526 1480 2800 1551 διαδοχὴν,
2841 1482 2935 1533 καὶ
2988 1482 3419 1552 ἀπεσπασμένον
3475 1483 3668 1553 ώρμῆσ

2099 1572 2224 1627 σθαι
2261 1574 2358 1643 μὲν
2389 1573 2551 1625 αὐτὸν
2589 1574 2680 1625 ἐπὶ
2724 1573 3018 1637 Βυζάντιον
3049 1574 3284 1629 πλέοντα
3318 1591 3333 1605 ·
3373 1576 3665 1643 γενόμενον

2098 1662 2153 1716 δὲ
2187 1666 2246 1716 έν
2272 1666 2496 1733 Λήμνῳ,
2535 1663 2609 1726 ώς
2640 1663 2813 1733 ἔγημε
2838 1663 2930 1717 τοῦ
2966 1665 3176 1718 Λέσϐου
3213 1666 3478 1736 ἡγεμόνος
3502 1669 3664 1734 θυγα-

2100 1754 2255 1822 τέρα,
2292 1755 2620 1807 ἐπιπλεῦσαί
2653 1772 2712 1807 τε
2747 1756 2897 1826 αύτῷ
2927 1755 3025 1809 τοῦ
3082 1756 3351 1828 βασιλέως
3390 1758 3439 1791 ⁸⁸
3489 1760 3662 1829 στόλῳ

2101 1846 2412 1917 Μεχμέτην,
2442 1849 2535 1901 καὶ
2566 1848 2926 1918 πολιορκῆσαι
2953 1849 3113 1903 αὐτὸν
3151 1850 3207 1903 ὲν
3240 1852 3542 1924 Κοτζῑνῳδ⁸
3570 1856 3670 1923 τῆς

2098 1943 2316 2012 Λήμνου
2350 1941 2503 1992 πόλει
2538 1943 2633 1995 σὺν
2664 1943 2774 2015 τοῖς
2818 1940 2954 2010 ἀμφ’
2999 1943 3200 1996 αὐτόν’
3237 1944 3328 2015 τὸν
3357 1946 3412 1999 δὲ
3465 1944 3670 2017 ’Δχμά-

2096 2051 2189 2088 τον
2212 2035 2279 2098 ⁸⁸,
2311 2034 2589 2088 ἀποϐάντα
2617 2034 2676 2097 ἐς
2708 2033 2806 2106 τὴν
2829 2034 3014 2104 νῆσον,
3040 2036 3136 2089 καὶ
3166 2038 3536 2106 ἐπιδραμόντα
3565 2057 3667 2093 πο-

2097 2128 2334 2197 λιορκεῖν
2376 2126 2466 2179 τὸν
2499 2128 2765 2198 βασιλέως
2819 2128 3045 2197 ἀδελφὸν
3113 2130 3206 2182 ἐπὶ
3266 2131 3480 2201 ἡμέρας
3527 2132 3666 2186 ἑπτὰ

2100 2222 2194 2274 καὶ
2219 2221 2412 2285 εἴκοσι,
2448 2223 2541 2285 καὶ
2568 2222 2939 2275 καταϐαλόντα
2987 2223 3048 2274 τὸ
3102 2226 3277 2293 τεῖχος
3330 2226 3666 2294 τηλεϐόλοις,

2098 2315 2195 2367 οὐκ
2221 2315 2462 2382 ἠδυνήθη
2510 2313 2821 2383 βιάσασθαι,
2860 2313 3001 2367 ὥστε
3031 2315 3291 2369 εἰσελθεῖν
3325 2319 3381 2379 ἐς
3419 2317 3518 2387 τὴν
3568 2320 3669 2370 πό-

2099 2408 2206 2459 λιν.
2242 2408 2394 2460 Μετὰ
2421 2407 2499 2472 δὲ,
2531 2407 2606 2471 ώς
2634 2409 2732 2459 ούκ
2766 2408 2999 2477 ἠδύνατο
3030 2408 3254 2473 ἐξελεῖν,
3291 2410 3524 2463 ἀπέπλει
3577 2409 3668 2464 ἐπ’

2097 2499 2269 2557 οἴκου,
2311 2500 2370 2554 ’0
2401 2500 2583 2570 μέντοι
2620 2501 3029 2565 Κικινσταντῐνος
3066 2502 3357 2572 γενόμενος
3408 2504 3500 2555 ἐπὶ
3562 2504 3668 2556 Ba-

2097 2594 2332 2657 ζάντιον,
2364 2592 2457 2646 καὶ
2485 2592 2713 2664 γνώμην
2738 2594 3201 2664 ἀποδεικνυμένου
3229 2595 3324 2648 τοῦ
3374 2595 3665 2666 βασιλέως,

2096 2679 2238 2733 ὥστε
2263 2682 2555 2748 ἀφικέσθαι
2584 2681 2731 2752 αὐτῷ
2755 2681 2847 2735 τὸν
2902 2683 3150 2753 ἀδελφξν,
3180 2680 3337 2749 αὖθις
3373 2686 3464 2739 ἐπὶ
3504 2687 3667 2741 Halo-

2097 2774 2365 2844 πόννησον
2394 2774 2567 2827 ὲλθειν
2614 2792 2672 2827 τε
2722 2776 2909 2840 αὑτὸν,
2938 2779 3035 2829 καὶ
3078 2777 3171 2831 τὸν
3218 2778 3446 2848 ἀδελφὺν
3497 2781 3659 2834 αὐτοῦ

2096 2868 2367 2938 Θεόδωρον
2388 2868 2654 2939 οἴχεσθαι,
2690 2871 3063 2925 καταλιπόντα
3091 2873 3136 2905 ’⁵⁷
3167 2891 3227 2926 τε
3256 2873 3355 2945 τὴν
3392 2877 3664 2929 Πελοπόν-

2097 2978 2279 3029 νησον,
2312 2961 2405 3015 καὶ
2442 2962 2669 3016 ἀπιόντα
2705 2964 2763 3026 ὲς
2819 2964 3134 3029 Βυζάντιον.
3183 2966 3405 3031 Τούτοις
3452 2969 3551 3040 μὲν
3609 2971 3667 3034 ἐς

426 3049 562 3102 Cum
590 3049 773 3099 multis
799 3044 941 3097 ultro
963 3045 1211 3113 citroque
1268 3044 1404 3097 actis
1432 3043 1568 3096 nihil
1631 3042 1770 3112 aequi
1826 3043 1990 3111 impe-

2097 3054 2348 3108 τοσοῦτον
2383 3056 2616 3123 ἐγένετο.
2655 3054 2717 3110 Ὀ
2763 3058 2821 3111 δὲ
2868 3058 3130 3129 νεώτερος
3177 3061 3380 3116 τούτων
3438 3063 3666 3134 ἀδελφὸς

428 3154 574 3194 trare
616 3148 822 3209 posset,
862 3137 1092 3205 legatus,
1125 3136 1252 3189 odio
1294 3136 1533 3188 lraterno
1581 3136 1873 3204 impulsus,
1927 3136 1993 3190 ad

427 3234 741 3285 Amuratem
798 3230 945 3282 misit
988 3245 1001 3281 :
1048 3242 1076 3280 a
1129 3243 1239 3296 quo
1329 3228 1609 3297 accipiens
1666 3230 1991 3292 exercitum,

430 3328 586 3397 162
626 3324 902 3394 profectus
940 3332 1021 3376 est
1050 3321 1390 3392 Byzantium,
1420 3324 1721 3391 urbemque
1745 3322 1991 3377 obsidio-

428 3438 497 3476 ne
559 3417 943 3473 circumdedit.
976 3416 1085 3472 Ncc
1138 3416 1309 3470 multo
1339 3425 1457 3485 post
1510 3416 1613 3469 sibi
1678 3415 1993 3471 conciliavit

425 3515 659 3567 Asanem
693 3526 949 3580 generum
982 3525 1163 3572 suum,
1196 3508 1351 3578 cujus
1382 3509 1680 3563 auctoritas
1720 3518 1773 3563 et
1807 3518 1993 3577 poten-

429 3608 501 3659 tia
533 3603 778 3674 Byzantii
807 3604 1041 3655 maxima
1075 3611 1209 3655 erat.
1255 3600 1305 3654 ls
1354 3599 1682 3655 Demetrium
1733 3602 1991 3670 adjuvare

430 3694 734 3759 videbatur,
764 3692 806 3746 si
843 3708 953 3761 quo
988 3697 1149 3746 modo
1186 3706 1410 3760 regnum
1462 3693 1752 3760 acquirere
1784 3702 1987 3760 posset.

427 3786 668 3842 Tandem
704 3802 826 3839 cum
861 3784 1165 3839 obsidendo
1190 3784 1321 3837 nihil
1372 3782 1628 3847 efﬁceret,
1685 3785 1988 3838 exercitum

426 3879 655 3934 dimisit.
708 3878 907 3932 Deinde
958 3878 1099 3930 haud
1155 3878 1327 3930 multo
1382 3886 1622 3945 tempore
1679 3875 1987 3943 interiecto,

424 3988 548 4025 cum
582 3971 903 4040 legationem
957 3969 1035 4022 ire
1084 3967 1342 4037 jussissct
1394 3968 1458 4021 ad
1515 3967 1741 4021 fratrem
1784 3984 1987 4038 regem,

424 4063 740 4136 Byzantium
780 4064 965 4116 venit:
1003 4077 1101 4115 nec
1127 4061 1419 4115 admodum
1447 4060 1617 4116 multo
1656 4071 1777 4132 post
1798 4072 1990 4132 captus

425 4169 568 4211 esta
622 4171 745 4226 rege
799 4154 1008 4209 Joanne
1061 4167 1167 4207 una
1222 4169 1343 4207 eum
1402 4153 1590 4207 uxoris
1635 4168 1749 4209 suae
1798 4154 1987 4237 fratre.

427 4249 564 4303 Cum
600 4258 780 4302 autem
819 4254 1111 4317 separatus
1136 4247 1205 4300 ab
1237 4245 1424 4300 uxoris
1465 4246 1631 4301 fratre
1672 4245 1726 4301 in
1774 4261 1991 4301 carcere

423 4350 837 4404 asservaretur,
902 4342 1167 4396 suadente
1201 4342 1404 4403 Asane,
1461 4346 1632 4393 noctu
1682 4353 1712 4392 e
1771 4352 1991 4392 carcere

426 4434 665 4503 profugit
692 4434 986 4497 Galatiam,
1014 4434 1201 4487 urbem
1233 4445 1263 4486 e
1289 4434 1508 4500 regione
1534 4430 1776 4501 Byzantii
1800 4431 1988 4485 sitam.

424 4527 616 4581 Postea
652 4528 841 4593 legatis
867 4527 1045 4580 missis
1078 4540 1266 4595 pacem
1297 4534 1588 4578 assecutus
1616 4532 1720 4585 est,
1750 4532 1805 4576 et
1828 4523 1992 4575 rediit

423 4621 489 4674 ad
521 4620 715 4672 Euxini
747 4619 913 4673 maris
973 4618 1367 4686 principatum.
1400 4615 1575 4669 Etiam
1609 4615 1795 4669 uxoris
1824 4616 1991 4669 frater

425 4713 657 4767 vinculis
683 4713 751 4766 ab
784 4726 909 4779 rege
936 4720 1221 4779 exemptus
1244 4719 1346 4762 est.

491 4905 606 4960 Rex
636 4905 839 4960 foedere
870 4904 1004 4959 inito
1040 4921 1162 4958 cum
1200 4907 1463 4959 Amurate
1503 4904 1823 4960 Meclnnetis
1853 4906 1985 4971 filio,

420 5000 564 5053 haud
595 4999 847 5053 cessabat
872 4996 1103 5052 consilia
1145 5013 1305 5069 agerc
1340 5014 1463 5052 eum
1500 4996 1746 5068 Eugenio
1784 4998 1987 5052 Roma-

421 5113 490 5149 no
514 5095 792 5165 pontifice,
823 5092 1042 5146 mittens
1085 5093 1150 5145 ad
1186 5096 1326 5147 hunc
1365 5094 1688 5162 legationem
1728 5110 1742 5148 :
1774 5111 1987 5149 necnon

2098 3152 2435 3221 Δημήτριος.
2491 3152 2547 3215 ὲεἰ
2598 3151 2865 3222 διαφορὰν
2914 3151 2992 3221 τῷ
3046 3154 3257 3222 βασιλεῖ
3310 3155 3668 3226 ἀφικόμενος,

2096 3241 2414 3312 ἀφελομένῳ
2446 3241 2611 3295 αὐτοῦ
2646 3243 2713 3294 τά
2744 3242 2912 3296 πλείω
2937 3242 3038 3313 τῆς
3073 3243 3119 3276 ⁸⁸
3158 3246 3366 3314 χώρας,
3390 3246 3466 3307 ώς
3519 3246 3672 3300 οὐδὲν

2098 3333 2248 3403 αὖτῷ
2282 3333 2390 3387 τῶν
2439 3334 2666 3386 δεόντων
2700 3336 3042 3405 προσεχώρει
3115 3336 3249 3403 πρὸς
3302 3337 3397 3389 τοῦ
3436 3337 3668 3407 ἀδελφοῦ

2096 3426 2664 3495 διαπρεσϐευσάμενος
2713 3430 2849 3495 πρὸς
2883 3426 3109 3493 βασιλέα
3156 3424 3518 3497 Ἄμουράτην,
3574 3430 3672 3481 καὶ

2099 3517 2543 3588 ξυμπαραλαϐὼν
2567 3519 2697 3588 παρ’
2718 3518 2883 3571 αὑτοῦ
2932 3519 3269 3588 στράτευμα,
3323 3520 3547 3572 ἐπέλασέ
3610 3537 3671 3573 τε

2097 3614 2189 3665 καὶ
2245 3613 2553 3682 ἐπολιόρκει
2623 3594 2938 3677 Βυζάντιον.
2994 3614 3125 3665 Μετ’
3173 3613 3235 3666 οὗ
3285 3614 3420 3667 πολὺ
3479 3614 3534 3667 δὲ
3574 3615 3668 3667 τού

2109 3703 2348 3755 ’Ᾱσάνεω
2389 3704 2657 3771 θυγατρὸς
2684 3704 2875 3772 ἀνδρὸς
2932 3705 3074 3772 μέγα
3116 3704 3420 3774 δυναμένου
3454 3708 3511 3758 ὲν
3566 3704 3668 3759 Bu-

2096 3796 2316 3864 ζαντίῳ,
2378 3798 2473 3847 καὶ
2520 3794 2804 3857 δοκοῦντος
2856 3796 3202 3865 συμπράξειν
3247 3798 3292 3831 ⁸⁸
3365 3800 3540 3868 αὐτῷ,
3600 3805 3669 3853 τὰ

2098 3889 2231 3958 πρὸς
2256 3890 2353 3958 τὴν
2393 3886 2695 3956 βασιλείαν,
2730 3887 2804 3950 ὡς
2837 3889 2989 3941 οὐδὲν
3021 3890 3215 3958 ἠνύετο
3241 3890 3411 3962 αὐτῷ,
3448 3892 3666 3962 ἀπεχώ-

2099 3999 2198 4052 ρει.
2236 3983 2373 4034 Μετ’
2393 3981 2453 4033 οὺ
2490 3981 2624 4034 πολὺ
2666 3972 2732 4033 ’δὲ
2758 3982 3329 4052 διαπρεσϐευσάμενος
3380 3986 3519 4056 πρὸς
3580 3986 3674 4038 τὸν

2094 4077 2324 4145 ἀδελφὸν
2351 4073 2518 4129 αὐτοῦ
2546 4074 2769 4145 βασιλέα
2820 4071 2922 4146 ἦκέ
2985 4093 3045 4129 τε
3105 4079 3163 4138 ἐς
3216 4078 3537 4142 Βυζάντιον,
3575 4082 3670 4133 καὶ

2094 4171 2153 4223 οὐ
2186 4170 2366 4239 πολλῴ
2394 4168 2625 4238 ὕστερον
2654 4169 2795 4222 ἑάλω
2850 4170 3012 4233 αὑτός
3063 4187 3123 4223 τε
3156 4175 3249 4224 καὶ
3269 4174 3297 4224 ὀ
3319 4174 3418 4242 τῆς
3476 4187 3670 4241 γυναι-

2095 4265 2187 4325 κὸς
2216 4264 2444 4330 ἀδελφὸς
2496 4263 2600 4314 ὑπὸ
2631 4261 2899 4332 βασιλέως
2941 4264 3211 4335 Ἑλλήνων
3256 4266 3529 4320 Ἰωάννου.
3559 4267 3670 4319 Καὶ

2096 4356 2152 4407 ὲν
2182 4354 2398 4423 φυλακῇ
2432 4359 2601 4425 χωρὶς
2659 4356 2757 4409 ἀπ’
2791 4355 3036 4426 ἀλλήλων
3065 4358 3185 4409 ὅντε
3234 4358 3442 4411 τούτων
3478 4358 3669 4411 ὑποτι-

2101 4438 2331 4515 θεμένού
2376 4448 2470 4500 τοῦ
2525 4448 2786 4512 Ἀσάνεω,
2849 4449 3055 4518 ἀπέδρα
3106 4467 3164 4502 τε
3219 4454 3406 4515 νυκτὺς
3463 4453 3519 4513 ἐς
3571 4451 3669 4520 τὴν

2102 4540 2439 4607 καταντικρὺ
2474 4540 2626 4593 πόλιν
2648 4540 2744 4611 τὴν
2774 4541 3066 4613 Γαλατίην.
3101 4544 3209 4597 Καὶ
3239 4543 3670 4615 διαπρεσϐευσά-

2102 4648 2282 4700 μενος,
2316 4632 2471 4701 ἔτυχέ
2500 4648 2559 4684 τε
2593 4635 2838 4705 εἰρήνης,
2863 4636 2958 4687 καὶ
3014 4638 3070 4697 ἐς
3131 4635 3229 4704 τὴν
3290 4635 3462 4704 ἀρχὴν
3510 4633 3670 4699 αὖθις

2099 4730 2197 4797 τὴν
2230 4728 2320 4781 ἐπὶ
2347 4729 2442 4780 τοῦ
2471 4728 2726 4793 Εὐξείνου
2760 4733 2958 4783 πόντου
2989 4733 3238 4800 ἀφίκετο,
3267 4734 3357 4786 καὶ
3387 4733 3416 4784 ό
3445 4747 3671 4799 γυναικ-

2091 4820 2318 4890 ἀδελφος
2340 4822 2505 4875 αὑτοῦ
2527 4822 2771 4894 ἀπελύθη
2794 4824 2899 4877 ὑπὸ
2923 4823 3213 4894 βασιλέως.

2167 4914 2229 4967 ὐ
2260 4916 2447 4984 μέντοι
2474 4914 2723 4984 βασιλεὺς
2760 4917 2858 4979 τάς
2904 4933 2962 4968 τε
3022 4917 3253 4980 σπονδὰς
3280 4952 3287 4960 -
3313 4917 3665 4988 ἐμπεδώσας,

2090 5008 2224 5076 πρὸς
2265 5007 2611 5076 Ἀμουράτην
2640 5007 2732 5059 τὸν
2758 5007 3062 5077 Μεχμέτεω
3092 5008 3247 5061 οὐδὲν
3279 5010 3464 5078 μέντοι
3496 5006 3662 5083 ἦττον

2090 5102 2333 5171 ἔπρασσε
2366 5101 2500 5170 πρὸς
2522 5101 2615 5153 τὸν
2649 5100 2935 5167 Εὑγένειον
2984 5102 3075 5155 τὸν
3135 5100 3353 5173 Ῥώμης
3400 5105 3659 5176 ἀρχιερέα

1686 5239 1931 5299 Νυιυιω
1965 5239 2376 5314 marginales.

484 5342 598 5412 (82)
636 5340 911 5411 Gortyna.

508 5482 554 5512 “
579 5480 1000 5548 Superscrtptum
1030 5478 1083 5530 in
1118 5495 1242 5545 uno,
1286 5479 1642 5549 Τυρρηνικαί.

416 5625 459 5655 ⁸⁸⁸
487 5623 833 5693 Συμπρᾶξαι.
863 5620 925 5676 Β.
956 5634 1009 5674 ιιι
1040 5624 1090 5673 ιιι
1118 5638 1163 5675 c.

1753 5479 1799 5510 “
1825 5479 2150 5549 Μεχμέτεω.
2190 5480 2255 5533 R.
2301 5480 2492 5552 στόλον
2527 5482 2847 5552 Μεχμέτειυ.

414 5554 459 5584 ⁸⁸
492 5550 805 5631 Μεχμετην.
833 5551 1216 5631 ΙέᾹἊχμάτην.
1291 5551 1333 5583 ⁸⁷
1367 5548 1433 5602 In
1464 5566 1586 5619 uno,
1623 5554 1988 5605 καταλιπόντα

2097 5562 2123 5602 rt
2152 5554 2431 5615 ἀπιόντας.
2464 5550 2528 5605 In
2565 5548 2729 5605 αἰζίιι
2760 5571 2806 5609 c.

2965 5484 3010 5515 “
3040 5483 3279 5551 Κοκένῳ.
3313 5480 3378 5533 In
3406 5482 3477 5533 al.
3518 5493 3572 5533 ut
3604 5495 3658 5534 ο.

2908 5556 2953 5585 ⁸⁸
2983 5552 3045 5607 In
3076 5571 3193 5617 ora,
3228 5553 3292 5605 li.
3326 5552 3423 5622 τῆς
3456 5552 3655 5622 ἀρχῆς.
