4010 6208
480 296 579 361 311
1070 342 1079 359 .
1156 338 1165 350 ι
1624 296 1931 356 LAONICI
1976 296 2640 361 CHALCOCONDYL/E

3608 294 3726 356 312

477 415 672 471 castris
733 413 1185 484 proficiscuntur.
1236 411 1309 467 Ut
1356 426 1554 465 aurora
1612 412 1811 477 illuxit,
1856 413 2045 467 hostes

2159 416 2384 485 ξάμενος
2415 419 2510 471 τοῦ
2552 419 2788 487 στρατοῦ
2820 418 2985 473 αὑτοῦ
3011 420 3125 473 ὅσοι
3159 413 3372 481 ἔμενον,
3408 412 3502 463 καὶ
3543 429 3721 481 παρε-

481 506 819 563 abscessisse
852 515 1010 558 noctu
1051 514 1445 575 cognoscentes
1523 503 1712 567 Turci,
1771 505 2051 573 paulisper

475 596 855 649 substiterunt.
886 593 997 648 Rex
1047 596 1243 650 deinde
1297 594 1505 663 eligens
1550 595 1616 650 de
1670 610 1770 649 suo
1809 596 2049 649 exercitu

477 702 669 741 omnes
701 694 974 755 quotquot
1006 697 1323 741 manserant
1347 698 1399 745 et
1427 687 1493 740 ad
1526 688 1770 757 praelium
1793 688 2048 743 instructi

477 790 654 843 erant,
719 796 814 835 eos
870 781 1098 850 Europa:
1152 782 1275 835 duci
1329 782 1592 846 tradidit,
1652 793 1710 836 ut
1758 798 2049 852 perseque-

479 880 629 925 retur
650 872 850 927 hostes.
884 872 1262 927 Turachauem
1294 890 1422 928 vero
1455 875 1718 943 subsequi
1740 876 1902 943 jussit
1924 891 2047 929 cum

478 961 776 1016 Thessalia:
805 965 1075 1025 exercitu.
1108 962 1203 1017 Ille
1234 965 1401 1035 igitur
1437 967 1736 1034 assumptis
1787 966 1856 1019 iis
1910 980 2048 1033 quos

478 1070 571 1108 rex
600 1056 841 1121 dederat,
877 1057 1205 1111 citatissimo
1269 1074 1437 1125 cursu
1488 1058 1677 1113 hostes
1722 1060 2047 1119 insequitur.

476 1146 715 1201 Joannes
739 1156 921 1202 autem
954 1147 1233 1202 liuniades
1283 1166 1403 1203 eum
1448 1150 1807 1220 praenovisset
1837 1149 2048 1203 Turcos

478 1238 797 1293 cedentibus
857 1239 1187 1304 iuhaesnros,
1245 1242 1448 1311 delegit
1468 1252 1519 1296 et
1562 1243 1676 1310 ipse
1728 1241 2046 1296 Pannonum

478 1330 922 1394 robustissimos,
953 1350 1095 1402 quos
1129 1335 1184 1387 in
1238 1335 1468 1389 insidias
1516 1335 1739 1398 locavit,
1771 1337 1927 1405 quasi
1962 1351 2047 1389 re-

476 1433 820 1493 pugnaturus
886 1426 1185 1482 fortissime
1244 1429 1592 1483 venientibus
1662 1428 1880 1484 Turcis.
1934 1429 2049 1483 Eu-

478 1533 626 1587 r0pa:
665 1521 774 1574 dux
809 1537 933 1574 cum
958 1537 1053 1590 per
1085 1528 1330 1590 patentes
1384 1538 1608 1591 campos
1639 1524 1745 1576 iter
1777 1524 2049 1577 accelera-

479 1620 585 1676 ret,
621 1612 1529 1681 insequenshostes,’l‘urachanes
1587 1616 1747 1686 166
1795 1615 1916 1684 eius
1940 1616 2050 1671 fra-

477 1712 563 1758 ter
592 1720 908 1767 occurrens.
941 1705 1162 1762 fratrem
1192 1707 1273 1762 sic
1305 1708 1628 1777 compellat:
1659 1707 1815 1763 Tune
1836 1724 1932 1777 per
1956 1724 2051 1779 pa-

481 1805 662 1851 tentes
700 1812 921 1869 campos
950 1799 1340 1867 proficisceris,
1367 1799 1572 1854 ducens
1592 1808 1804 1854 tantum
1839 1800 2049 1855 exerci-

480 1887 627 1942 tum?
660 1887 812 1942 Scito
867 1898 1015 1942 tuam
1067 1889 1460 1958 profectionem
1508 1891 1651 1945 haud
1686 1892 1822 1946 satis
1881 1901 2051 1947 tutam

476 1993 620 2033 esse.
644 1978 775 2033 Nam
802 1979 1089 2037 Pannones
1113 1998 1219 2036 non
1247 1981 1425 2037 ferent
1444 1998 1575 2040 suos
1593 1999 1621 2039 a
1647 1985 1849 2040 nostris
1870 2000 2055 2054 perse-

476 2074 750 2127 cutionem
787 2076 918 2143 pati.
980 2074 1091 2129 Nec
1154 2092 1287 2131 sane
1334 2093 1362 2130 a
1411 2078 1602 2147 praelia
1674 2078 2049 2143 abstinehuut,

486 2168 614 2234 fuga
646 2167 748 2221 sibi
782 2169 1159 2229 consulentes,
1194 2186 1316 2224 cum
1343 2180 1492 2223 tanto
1525 2181 1769 2239 tempore
1792 2187 1892 2226 nos
1922 2186 2060 2239 pro-

477 2257 816 2318 Vocavcrint,
854 2267 914 2309 ut
979 2274 1102 2311 cum
1158 2260 1291 2326 ipsis
1344 2262 1588 2329 praelium
1648 2263 1939 2316 iniremus.
1986 2262 2053 2316 Et

478 2345 724 2413 quidem,
748 2358 804 2400 ttt
822 2357 1069 2417 apparet,
1089 2366 1284 2419 pugna:
1302 2361 1429 2403 sunt
1448 2349 1812 2419 cupidissimi.
1834 2352 2053 2420 Etjam-

481 2439 710 2502 dudum,
739 2450 797 2492 ιιι
826 2441 1430 2510 opiuor,.frendehant,
1457 2446 1603 2511 quod
1640 2444 1960 2497 nolebamus
1998 2443 2049 2496 in

482 2531 761 2600 planitiem
793 2533 1128 2589 descendere
1173 2545 1226 2587 et
1259 2536 1554 2591 decernere
1625 2536 1798 2591 ferro.
1830 2537 2050 2592 Suadeo

480 2626 670 2693 igitur,
705 2636 761 2681 ut
784 2643 879 2696 per
907 2628 1123 2684 radices
1150 2630 1353 2683 montis
1408 2630 1570 2700 hujus
1620 2632 1827 2693 hostes.
1880 2648 2052 2702 quan-

482 2729 593 2771 tmn
618 2722 752 2775 satis
780 2732 882 2785 est,
905 2737 1298 2791 persequamur
1323 2740 1338 2778 :
1368 2733 1422 2777 et
1451 2724 1552 2787 sic,
1592 2741 1715 2792 qua:
1739 2736 2049 2794 opportuna

484 2816 601 2869 visa
627 2815 852 2878 fuerint,
883 2816 952 2871 iis
989 2818 1118 2869 dare
1150 2818 1472 2885 poterimus.
1504 2816 1627 2872 Haec
1657 2820 1871 2885 dicens,
1900 2821 2044 2875 Cha-

481 2908 600 2963 sani
625 2923 731 2961 non
782 2907 1093 2976 gpersuasit.
1146 2907 1267 2979 Ipse
1335 2917 1517 2963 autem
1578 2927 1700 2965 cum
1757 2912 2051 2969 Thessaliae

479 3000 721 3054 exercitu
778 3003 1159 3065 avertebatur,
1246 3002 1629 3071 instructoque
1687 3004 1902 3073 agmine
1955 3022 2051 3075 per

2158 513 2523 578 σκευασμένοι
2554 509 2718 583 ἦσαν,
2754 513 3040 579 ἐπιτρέπει
3074 508 3322 577 Χασίμῃ,
3343 503 3420 573 τῷ
3452 504 3724 574 Εὐρώπης

2157 605 2470 674 στρατηγῷ,
2507 606 2725 658 διώκειν
2752 607 2877 669 τοὺς
2920 602 3237 671 πολεμίους,
3271 600 3367 652 καὶ
3388 597 3478 651 τόν
3498 614 3559 664 γε
3592 597 3717 648 Του.

2160 697 2406 766 ραχάνην
2438 698 2689 752 ἐκέλευεν
2717 698 2944 750 ἕπεσθαι
2971 697 3163 766 ἔχοντα
3204 693 3267 745 τὸ
3297 693 3395 761 τῆς
3429 689 3726 750 Θετταλίας

2160 790 2504 855 στράτευμα.
2568 786 2740 852 Οὗτος
2803 790 2904 858 μὲν
2958 789 3051 841 οῦν
3097 784 3280 839 λαϐὼν
3347 782 3593 845 τούτους,
3648 780 3727 842 ῶς

2152 875 2269 949 εἷχε
2330 882 2531 943 ποδῶν,
2578 882 2810 952 ἤλαυνεν
2864 881 3172 934 ἐπιδιώκων
3225 878 3351 939 τοὺς
3407 872 3726 942 πολεμίους.

2164 973 2322 1027 Ἐπεὶ
2359 974 2413 1025 δὲ
2448 975 2704 1042 Ἰωάννης
2749 974 2974 1044 προῄδει
3032 972 3155 1034 τοὺς
3217 967 3497 1037 Τούρκους
3538 965 3727 1032 σφίσιν

2153 1066 2539 1134 ἀποχωροῦσιν
2599 1066 3131 1135 ἐπιτεθησομένους,
3184 1060 3572 1129 ἐπιλεξάμενος
3628 1058 3727 1110 καὶ

2152 1158 2305 1220 οὗτος
2339 1159 2449 1211 τῶν
2505 1159 2750 1210 Παιόνων
2772 1158 2926 1219 τινὰς
2952 1157 3081 1219 τοὺς
3117 1155 3396 1222 ἀρίστους,
3429 1150 3728 1205 καθίστατο

2152 1250 2209 1311 ἐς
2242 1249 2487 1318 ἐνέδρας,
2528 1249 2603 1310 ὡς
2636 1247 2849 1300 ἐπιοῦσι
2883 1250 2997 1310 τοῖς
3026 1245 3315 1316 Τοὺρκοις,
3347 1246 3444 1297 καὶ
3463 1242 3727 1296 διώκουσι

2151 1341 2211 1393 τὸ
2250 1340 2463 1393 ἑαυτῶν
2524 1341 2869 1409 στράτευμα,
2918 1338 3316 1408 ἐπιθησόμενος
3365 1334 3452 1387 ἐπ’
3481 1334 3726 1403 άμςροτέ-

2156 1450 2303 1501 ρους.
2359 1432 2630 1486 Ἐνταῦθα
2672 1421 2993 1496 ἐλαύνοντος
3053 1430 3150 1485 τοῦ
3191 1428 3458 1497 Χασίμεω
3509 1426 3597 1478 διά
3628 1423 3726 1477 τοῦ

2150 1524 2337 1575 πεδίου
2372 1523 2511 1576 κατὰ
2560 1524 2747 1586 πόδας,
2782 1524 2876 1577 καὶ
2931 1522 3221 1585 διώκοντος
3274 1519 3401 1581 τοὺς
3462 1516 3724 1583 Παίονας,

2151 1617 2494 1686 προσελάσας
2524 1608 2584 1670 δέ.⁴
2613 1618 2707 1670 καὶ
2730 1619 2757 1671 ό
2789 1617 3021 1684 ἁδελφὸς
3054 1614 3410 1685 Τουραχάνης
3466 1609 3621 1678 ἔλεγε
3645 1609 3726 1675 τῷ

2154 1708 2367 1779 ἀδελφῷ
2385 1709 2633 1762 τοιαῦτα’
2667 1707 2917 1776 Χασίμη,
2959 1706 3025 1759 σὺ
3086 1707 3185 1775 μὲν
3212 1704 3458 1765 ἐλαύνεις
3503 1700 3593 1755 διὰ
3629 1701 3726 1754 τοῦ

2162 1802 2370 1865 πεδίου,
2404 1803 2637 1871 στρατὸν
2666 1801 2807 1871 ἔχων
2834 1799 3124 1863 τοσοῦτονς
3165 1798 3306 1852 Ἰσθι
3348 1796 3449 1865 μέν
3498 1790 3591 1847 οὗν
3622 1794 3725 1845 οὐκ

2161 1896 2380 1964 ἀσφαλῆ
2409 1897 2615 1967 ταύτην
2638 1894 3006 1963 πορευόμενος
3059 1893 3161 1959 τὴν
3195 1888 3441 1960 πορείαν.
3493 1888 3556 1941 οι
3619 1889 3728 1955 γὰρ

2160 1986 2387 2047 Παίονες
2418 1985 2542 2039 οὔτε
2611 1985 2889 2048 ἀνέξονται
2949 1982 3260 2037 διωκόντων
3298 1979 3461 2049 ἡμῶν
3508 1977 3726 2040 αὐτοὺς,

2158 2077 2285 2131 οὔτε
2312 2078 2544 2149 ἡσυχίαν
2570 2078 2818 2144 ἄγοντες,
2852 2078 2908 2137 ἐς
2943 2073 3187 2128 τούπίσω
3237 2071 3528 2141 φεύξονται
3561 2070 3730 2137 ἇσμεη
3788 2079 3807 2093 ¹

2160 2189 2263 2227 νοι.
2302 2173 2515 2233 Οἵτινες
2556 2170 2833 2240 μάχεσθαι
2871 2170 2971 2236 μὲν
3021 2170 3075 2231 ἐς
3105 2168 3165 2220 τδ
3205 2167 3447 2235 ἐμφανὲς
3475 2162 3731 2216 τοσοῦτον

2169 2265 2364 2332 χρόνον
2420 2261 2832 2330 προύκαλοῦντο
2885 2260 3058 2330 ἡμᾶς,
3090 2261 3183 2311 καὶ
3234 2256 3461 2326 ἄσμενοι
3606 2254 3731 2322 ἐμοὶ

2160 2356 2308 2409 δοκεῖ
2341 2356 2636 2424 ἐμάχοντο.
2672 2357 2762 2407 καὶ
2797 2355 3019 2417 πολλοῦ,
3084 2353 3161 2414 ὡς
3212 2352 3417 2420 οἴομαι,
3451 2349 3730 2418 πρίαιντο,

2160 2448 2299 2501 ὥστε
2328 2449 2512 2509 αὐτοῖς
2540 2450 2596 2510 ἒς
2624 2447 2685 2498 τὸ
2718 2447 2899 2499 πεδίον
2953 2444 3298 2503 καταϐάντας
3333 2442 3502 2513 όμόσε
3565 2439 3727 2494 ίέναι.

2172 2543 2335 2597 Ἀλλὰ
2356 2542 2561 2613 ταύτην
2592 2541 2691 2610 τὴν
2719 2538 2997 2608 ὑπώρειαν
3048 2530 3432 2605 πορευόμενοι,
3488 2532 3729 2593 ἐκείνους

2159 2654 2218 2688 τε
2247 2632 2643 2703 ἐπιδιὼξωμεν,
2679 2632 2823 2693 ὅσοις
2849 2630 3052 2692 ἱκανῶς
3085 2629 3225 2697 ἔχει,
3261 2627 3357 2680 καὶ
3410 2627 3545 2693 ἡμῖν
3577 2624 3725 2675 ἔσται

2159 2728 2382 2779 ἐκείνων
2412 2723 2793 2795 ταμιεύεσθαι,
2824 2724 2971 2784 ὅσοις
2999 2724 3063 2774 ἂν
3107 2718 3435 2787 ἐπιτηδείως
3494 2717 3721 2786 ἔχωμεν.

2160 2820 2345 2873 Ταῦτα
2379 2819 2573 2885 λέγων,
2618 2819 2693 2875 ὡς
2723 2818 2822 2870 οὐκ
2884 2816 3068 2867 ἔπειθε
3119 2815 3212 2867 τὸν
3262 2812 3539 2880 Χασίμην,
3586 2809 3725 2878 ἔχων

2159 2913 2319 2975 αὖτδς
2348 2911 2643 2972 Θετταλίας
2673 2910 3009 2978 στράτευμα,
3040 2910 3311 2974 ἐτράπετο
3339 2906 3428 2957 διὰ
3455 2904 3553 2973 τῆς
3570 2904 3723 2954 ὑπω-

2161 3005 2317 3071 ρείας
2347 3002 2771 3069 συντεταγμένῳ
2815 3000 2890 3068 τῷ
2927 2998 3325 3067 στρατεύματι.
3364 2990 3728 3062 Πορευομένῳ

481 3088 688 3144 montis
720 3089 967 3143 radicem
998 3090 1396 3159 profectionem
1446 3091 1700 3146 faciebat.
1763 3092 2048 3149 Chasanes

2159 3096 2214 3150 δέ
2246 3097 2333 3150 διὰ
2360 3094 2452 3147 τοῦ
2483 3093 2668 3146 πεδίου
2693 3092 2768 3157 τῷ
2792 3091 3015 3159 Χασίμῃ
3037 3088 3135 3142 σὺν
3160 3088 3238 3157 τῷ
3266 3084 3535 3155 Εὐρώπης
3560 3099 3729 3178 etpa-

481 3196 603 3236 cum
632 3182 876 3236 exercitu
904 3184 1133 3253 Europa:
1200 3199 1298 3253 per
1351 3199 1603 3253 campum
1637 3186 1953 3251 festinabat,
1997 3199 2053 3242 et

479 3272 775 3328 Pannones
806 3273 902 3343 qui
961 3276 1141 3344 fugam
1204 3275 1539 3331 simulabant
1602 3279 2050 3347 persequebatur.

479 3364 615 3419 Cum
640 3376 819 3420 autem
858 3375 1067 3422 tractus
1088 3378 1238 3424 essu
1278 3368 1346 3423 ad
1365 3348 1549 3425 iocum
1598 3371 1946 3441 insidiarum,
1999 3386 2055 3429 et

479 3456 776 3511 Clmniates
810 3465 1026 3527 tempus
1050 3475 1176 3515 esse
1210 3470 1365 3517 ratus
1396 3462 1678 3518 incurrere
1701 3464 1756 3520 in
1818 3466 2051 3530 hostem,

480 3565 546 3602 ex
580 3549 799 3605 insidiis
820 3551 1035 3604 TttrcOs
1090 3553 1300 3607 invadit
1357 3570 1480 3609 cum
1540 3556 1658 3610 suis
1709 3573 1725 3610 :
1783 3557 2054 3614 Barbaros

487 3642 689 3697 multos
722 3651 1013 3709 necarunt,
1041 3653 1095 3698 et
1120 3646 1324 3700 multos
1356 3648 1509 3702 vivos
1558 3660 1843 3717 ceperunt.
1880 3649 2058 3703 Pluri-

487 3734 559 3786 mi
586 3730 751 3788 Turci
774 3735 827 3788 in
852 3736 953 3790 hoc
980 3738 1165 3805 praelia
1182 3737 1479 3794 desiderati
1502 3749 1651 3808 sunt,
1681 3741 1912 3798 Chatitis
1944 3743 2055 3813 (86)

484 3826 654 3881 frater
682 3827 983 3883 Caramhes
1007 3829 1215 3884 Priami
1248 3831 1392 3886 [ilius
1424 3846 1454 3886 a
1483 3830 1842 3889 Pannonihus
1866 3845 2056 3904 captus

483 3929 589 3974 est.
632 3918 846 3989 Reliqui
873 3920 1035 3975 'l'urei
1064 3923 1117 3975 in
1154 3922 1276 3992 fuga
1341 3925 1726 3993 capiebantur.
1779 3924 2055 3982 Chasaues

483 4012 729 4084 confugit
758 4014 814 4067 in
877 4015 1022 4085 regis
1045 4024 1252 4079 castra,
1308 4031 1511 4085 paucos
1569 4018 1637 4072 de
1662 4034 1760 4072 suo
1811 4019 2056 4073 exercitu

485 4118 668 4158 secum
698 4105 925 4161 habens.
964 4107 1197 4161 Veniens
1220 4117 1396 4162 autem
1425 4111 1476 4163 in
1507 4121 1856 4179 conspectum
1880 4114 2051 4184 regis,

486 4196 1265 4267 taliadixissefertur:0rex,
1324 4202 1508 4271 qualia
1567 4208 1809 4273 perpessi
1868 4221 2059 4263 sumus

485 4304 515 4342 a
540 4289 657 4343 viro
675 4306 836 4360 quem
862 4292 1117 4349 novimus
1136 4308 1257 4349 esse
1279 4296 1790 4362 sceleratissimum,
1813 4302 1902 4369 qui
1931 4310 2054 4357 tuos

485 4382 633 4438 hosti
672 4383 916 4452 prodidit
969 4385 1311 4454 planissime,
1331 4403 1457 4441 nam
1520 4406 1645 4455 vere
1669 4392 1917 4460 proditor
1946 4403 2052 4449 est.

2154 3189 2251 3258 τῷ,
2294 3188 2370 3250 ὡς
2405 3187 2461 3238 ἐν
2489 3184 2673 3252 καιρῷ
2700 3184 2745 3214 ³⁸
2790 3182 2867 3237 τῶ
2918 3184 3198 3252 Χωνιάτῃ,
3249 3175 3626 3247 ἐνεδρεύσαντι
3669 3175 3729 3225 τὸ

2157 3281 2496 3353 στράτευμα,
2523 3278 2576 3331 οἵ
2603 3297 2662 3332 τε
2692 3279 2838 3346 ἀμφὶ
2884 3275 3110 3345 βασιλέα
3144 3275 3459 3341 φεύγοντες,
3518 3271 3725 3336 ἐπιφαι

2156 3377 2339 3437 νέντος
2393 3375 2458 3427 ἐκ
2493 3373 2593 3441 τῆς
2641 3372 2864 3439 ἐνέδρας
2896 3368 2992 3421 τοῦ
3048 3367 3320 3428 Ἰωάννου,
3368 3360 3726 3415 ἐπελαύνουσι

2153 3469 2267 3529 τοῖς
2307 3466 2628 3535 βαρϐάροις,
2667 3465 2763 3517 καὶ
2792 3462 3134 3531 τρεψάμενος
3161 3458 3217 3520 ἐς
3248 3454 3428 3525 φυγὴν
3453 3455 3482 3506 ό
3513 3451 3727 3506 Χωνιά-

2156 3579 2255 3629 της
2283 3559 2531 3622 τούτους,
2557 3559 2685 3619 τοὺς
2720 3556 2821 3624 μὲν
2847 3553 3091 3622 ἔφθειρε,
3115 3551 3241 3613 τοὺς
3269 3550 3325 3604 δὲ
3356 3550 3449 3600 καὶ
3478 3544 3728 3615 ἐζώγρη-

2160 3672 2271 3709 σεν.
2316 3651 2583 3708 Ἐνταῦθα
2613 3649 2801 3703 πολλοί
2850 3666 2909 3701 τε
2944 3647 3138 3699 ἔπεσον
3166 3643 3261 3697 τοῦ
3294 3640 3580 3711 βασιλέως.
3636 3636 3731 3691 καὶ

2155 3750 2184 3800 ὁ
2217 3745 2309 3798 τοῦ
2361 3743 2615 3797 Χαλίλεω
2671 3740 2922 3807 ἀδελφὸς,
2979 3738 3244 3806 Πριάμεω
3299 3736 3345 3767 ⁵ο
3379 3737 3533 3795 παῖς.
3582 3731 3731 3785 ἑάλω

2159 3837 2263 3891 ὑπὸ
2297 3835 2560 3890 Παιόνων.
2600 3833 2711 3885 Καὶ
2742 3834 2789 3865 ⁸ο
2823 3831 2977 3885 ἄλλοι
3008 3831 3116 3883 τῶν
3146 3828 3409 3898 Τούρκων
3443 3825 3728 3895 ἡλίσκοντο

2159 3930 2480 3998 φεύγοντες,
2514 3927 2675 3987 αὐτός
2704 3942 2763 3977 τε
2796 3925 2824 3976 ό
2853 3924 3111 3993 Χασίμης
3138 3922 3369 3989 ἔφευγεν
3402 3920 3493 3971 ἐπὶ
3535 3918 3597 3969 τὸ
3625 3917 3727 3987 βα-

2160 4024 2357 4078 σιλέως
2397 4019 2781 4091 στρατόπεδον,
2806 4018 3020 4085 ὀλίγους
3055 4015 3194 4083 ἔχων
3244 4012 3383 4081 ἀμφ’
3421 4010 3588 4064 αὐτὸν
3630 4007 3726 4060 τοῦ

2161 4114 2422 4184 στρατοῦ.
2462 4112 2832 4181 ’Δφικόμενος
2865 4109 2923 4163 δέ
2952 4110 3008 4171 ἐς
3037 4108 3161 4177 όψιν
3196 4106 3274 4177 τῷ
3310 4104 3541 4172 βασιλεῖ,
3577 4101 3727 4165 ἔλεξε

2160 4207 2373 4260 τοιάδε·
2412 4204 2483 4258 Ὠ
2510 4202 2762 4275 βασιλεῦ,
2800 4200 2887 4254 οἷα
2916 4200 3271 4269 πεπόνθαμεν
3317 4196 3424 4249 ὑπὸ
3458 4195 3648 4263 ἀνδρὸς
3665 4192 3728 4245 ὃν

2160 4302 2326 4369 ἡμεῖς
2366 4301 2528 4367 ἴσμεν
2557 4295 2928 4365 φαυλοτάτου,
2960 4295 3054 4346 καὶ
3085 4295 3152 4344 τὰ
3187 4292 3254 4343 σά
3289 4291 3591 4359 πράγματα
3626 4303 3729 4339 κα·-

2160 4390 2577 4461 ταπροδιδόντος
2608 4390 2723 4449 τοῖς
2760 4386 3082 4454 πολεμίοιςί
3136 4383 3281 4437 οὓτω
3312 4385 3421 4450 γάρ
3470 4379 3728 4447 ἐποίησεν

486 4473 643 4532 Hosti
679 4487 867 4533 nostra
899 4478 1125 4533 consilia
1168 4480 1496 4546 enuntiavit,
1523 4491 1577 4535 et
1611 4483 1728 4537 acie
1753 4484 2053 4540 instructus

2162 4477 2611 4557 ᾖὲπηγγείλατο,
2676 4478 2821 4531 οὕτω
2873 4478 3016 4529 κατὰ
3064 4476 3232 4528 ταυτὸ
3278 4474 3417 4527 ἰέναι
3470 4471 3729 4539 ἠθέλησε.

488 4569 567 4623 ire
602 4583 814 4624 mecum
844 4571 1041 4625 noluit.
1074 4571 1310 4640 Georgio
1369 4584 1548 4627 autem
1591 4574 1731 4627 Buco
1763 4577 1938 4630 amico
1961 4593 2058 4632 suo

488 4657 704 4726 singula
736 4657 1025 4721 iudicavit,
1050 4662 1330 4729 quomodo
1375 4677 1629 4716 essemus
1660 4662 1808 4731 ipsos
1838 4679 2059 4733 Oppres-

488 4750 627 4803 suri.
664 4747 723 4801 In
758 4750 904 4803 hunc
941 4764 1077 4805 sane
1133 4750 1355 4804 modum
1416 4767 1505 4805 res
1561 4762 1667 4806 tua:
1730 4750 1962 4822 periere,
2007 4763 2061 4807 et

490 4841 647 4909 pauci
681 4842 987 4899 incolumes
1011 4843 1136 4912 fuga
1166 4845 1461 4897 evasimus.
1487 4844 1563 4899 lbi
1587 4853 1701 4900 tum
1725 4847 1968 4901 Chatites
1996 4848 2060 4900 fi-

490 4935 599 4990 lius
626 4933 826 4989 Priami
846 4936 960 5007 (87)
982 4937 1221 4991 infestus
1245 4938 1365 4992 viro
1384 4939 1860 5006 proptcrfratrem,
1880 4955 2057 5010 regem

488 5027 1039 5090 exasperavitcontra
1063 5028 1440 5085 Turaehanem
1464 5029 1595 5099 (88).
1624 5029 1734 5085 Rex
1756 5046 1877 5084 cum
1898 5046 2057 5100 grave

490 5119 931 5189 essejudicaret.
976 5122 1357 5177 Turachanetn
1422 5138 1530 5176 non
1578 5138 1702 5178 esse
1755 5123 2056 5193 profectum

492 5228 615 5266 cum
647 5212 880 5285 Europa:
903 5213 1064 5282 duce,
1104 5230 1294 5269 verum
1355 5229 1610 5269 aversum
1665 5216 1808 5270 aliud
1839 5215 1938 5267 iter
1969 5215 2054 5267 in-

2162 4572 2422 4641 Γεωργίῳ
2458 4572 2514 4623 δὲ
2550 4568 2624 4639 τῷ
2661 4569 2852 4638 Bonipr
2886 4570 2927 4600 ⁶¹
2959 4567 3250 4637 ἐπιτηδείῳ
3302 4582 3361 4616 τε
3410 4562 3524 4615 όντι
3558 4560 3731 4627 αὐτῷ,

2164 4666 2519 4733 ὑποσημῆναι
2565 4657 2858 4737 ἐκαστονῇ
2919 4662 3226 4731 ἐμέλλομεν
3276 4659 3505 4719 ἐπιέναι,
3551 4656 3731 4724 ἐφθεί-

2167 4777 2319 4828 ροντο
2341 4758 2409 4812 τά
2443 4759 2511 4811 σὰ
2539 4758 2864 4824 πράγματα,
2894 4756 2988 4807 καὶ
3036 4754 3097 4806 τὸ
3150 4751 3356 4805 ἐκείνου
3394 4749 3560 4821 μέρος
3588 4748 3729 4817 οἱχόσ

2169 4849 2329 4918 μεθα.
2377 4847 2647 4900 Ἐνταῦθα
2682 4844 2923 4910 Χαλίλης
2955 4846 2983 4895 ὁ
3016 4843 3281 4911 Πραΐμεω
3328 4839 3613 4908 ἀχθεσθεὶς
3643 4835 3732 4890 διὰ

2161 4943 2253 4994 τὸν
2292 4940 2522 5007 ἀδελφὸν
2563 4937 2752 4999 αὐτοῦ,
2808 4938 3054 5001 ἑξέπεινε
3083 4935 3128 4965 ⁶²
3165 4934 3260 4985 καὶ
3304 4933 3465 4995 αὐτὸς
3510 4931 3731 5001 βασιλέα

2164 5036 2303 5086 κατὶ
2327 5032 2422 5084 τοῦ
2451 5031 2834 5098 Τουραχάνεω.
2867 5028 3133 5089 Βασιλεὺς
3193 5026 3249 5079 δὲ
3278 5022 3732 5093 ὁεινοποιησάμε·

2164 5143 2277 5188 νος,
2319 5125 2393 5194 μὴ
2430 5126 2566 5177 ἰέναι
2600 5124 2739 5175 κατὰ
2772 5122 2938 5174 ταυτὸ
2968 5120 3044 5189 τῷ
3076 5117 3346 5188 Εὐρώπης
3412 5113 3726 5186 στρατηγῷ,

2167 5217 2430 5286 ἀλλαχόσε
2461 5216 2752 5286 γενόμενον
2782 5214 2949 5284 ἄλλην
2998 5212 3353 5282 πορεύεσθαι,
3402 5209 3732 5275 καταπροδι-

1798 5351 2045 5413 Nolulee
2075 5353 2484 5432 marginales.

564 5482 678 5556 (86)
718 5483 954 5556 C_haliles
982 5482 1148 5538 frater
1170 5480 1446 5546 Carambi,
1470 5479 1562 5552 qui
1589 5488 1644 5534 et
1678 5476 2059 5547 Carambejus,

492 5554 667 5617 Ωιίιιιέ
685 5571 714 5609 a
744 5554 878 5609 Pan.

564 5626 684 5696 (87)
715 5627 957 5683 Chaliles
996 5626 1142 5683 filius
1173 5622 1472 5679 lmbraimi.

566 5741 614 5773 "
656 5741 925 5810 Ἐγένετο.
959 5743 1047 5796 Sic
1065 5739 1225 5793 etiam
1260 5738 1344 5810 ιι,
1401 5736 1445 5766 δ’
1470 5735 1530 5790 η.
1560 5732 1918 5803 Πριῖμεωζιι(
1954 5733 2116 5803 infra.

496 5808 742 5881 tlinfra.
809 5815 855 5847 “
886 5811 949 5867 Β.
991 5813 1237 5881 ἐξέμηνε,
1278 5808 1361 5863 ΑΙ.
1409 5818 1463 5861 αι
1496 5810 1545 5861 in
1583 5817 1723 5863 cont.

2237 5478 2347 5549 (88)
2376 5478 2507 5531 Vide
2534 5477 2748 5533 Bonflu.
2784 5480 2905 5532 deo.
2956 5479 3010 5534 3.
3068 5476 3165 5533 lih.
3211 5476 3731 5549 vr,__qui_Chalitcn

2165 5547 2335 5605 etiam
2360 5550 2671 5619 Halibegum
2714 5557 2897 5615 vocat,
2923 5551 3056 5605 alias
3082 5549 3249 5605 etiam
3282 5547 3624 5601 Haliobaua.

2200 5732 2243 5763 ⁸ο
2277 5729 2343 5785 1η
2369 5747 2494 5797 uno,
2531 5730 2621 5783 καὶ
2652 5729 2783 5793 ὅλοι,
2810 5737 2865 5782 ut
2897 5726 3059 5797 infra.
3140 5727 3180 5758 "
3214 5725 3281 5781 In
3324 5740 3447 5789 uno,
3488 5722 3727 5795 Βούλκῳ,
