4010 6208
560 374 671 441 319

1700 387 2007 449 LMlNlCl
2050 388 2713 450 CHALCOCONIWLE

3708 387 3827 449 30

564 500 745 545 autem
774 493 1027 563 princeps
1062 510 1187 548 cum
1208 494 1320 562 jam
1360 497 1427 552 ab
1457 498 1617 554 initio
1651 500 1791 555 foret
1821 501 2054 556 imbellis
2083 509 2135 553 et

2258 501 2334 553 τοῦ
2366 501 2633 570 βασιλέως
2666 502 2724 554 ἐν
2747 504 2813 571 τῇ
2855 488 3127 571 Θετταλίᾳ
3158 499 3334 570 χώρᾳ.
3396 499 3591 567 Νέριος
3632 498 3690 552 δὲ
3724 502 3821 551 τύ-

565 585 953 650 el'lemioatior,
1005 602 1099 657 per
1129 589 1360 644 insidias
1397 606 1424 643 a
1464 591 1635 647 fratre
1660 594 1898 647 Antonio
1924 595 2131 662 princi-

567 688 691 743 patu
726 679 1041 734 deturbatus
1060 690 1163 735 est.
1187 679 1398 736 Mortuo
1424 686 1637 739 tandem
1664 686 1919 749 Antonio,
1942 687 2135 741 Nerius

571 768 900 822 Florentiam
933 772 1179 838 veniens,
1213 776 1265 829 in
1295 776 1663 846 principatum
1698 780 1987 834 restitutus
2029 791 2134 836 est.

570 858 641 911 Ea
675 868 1018 929 tempestate.
1054 866 1185 932 quia
1225 866 1374 919 socia
1435 883 1586 923 arma
1626 869 1887 937 iunxerat
1941 871 2137 927 Nerius

566 950 798 1010 (inertis.
846 954 1019 1022 ipsius
1046 959 1198 1027 regio
1245 960 1317 1013 ab
1350 959 1650 1016 Thessalire
1685 963 1825 1017 duce
1856 965 2140 1019 evastaba-

570 1052 677 1100 tur.
707 1048 842 1101 Cum
871 1061 1048 1103 autem
1082 1052 1403 1121 gravissime
1435 1057 1882 1123 populationibus
1914 1074 2135 1126 urgere-

568 1148 679 1198 tur,
716 1140 931 1193 tandem
957 1145 1280 1198 necessitate
1310 1147 1603 1217 subigente
1640 1164 1826 1217 pacem
1863 1166 1985 1204 cum
2013 1168 2139 1220 rege

570 1231 718 1287 fecit.
752 1231 926 1289 Grseci
970 1235 1258 1291 audientes
1305 1252 1492 1306 pacem
1524 1239 1666 1293 inter
1709 1241 1903 1296 Attica:
1934 1244 2140 1312 princi-

572 1339 691 1393 pem
721 1334 775 1381 ct
806 1342 984 1394 regem
1048 1333 1392 1393 convenisse.
1435 1334 1702 1389 continuo
1750 1350 1902 1390 arma
1948 1346 2138 1392 contra

572 1414 935 1473 Atheuienses
964 1419 1207 1489 capiunt.
1257 1421 1520 1492 Princeps
1568 1427 1765 1481 nuntio
1799 1427 1969 1481 misso
2002 1429 2143 1482 iudi-

572 1510 719 1562 cavit
773 1512 885 1575 regi
941 1513 995 1567 iu
1034 1525 1242 1583 quanto
1301 1519 1547 1586 periculo
1606 1519 1857 1578 haereret.
1891 1522 2143 1577 videlicet

572 1600 794 1657 Grmcos
827 1605 1013 1659 urbem
1055 1608 1332 1671 obsidere,
1368 1625 1601 1676 eamque
1628 1628 1842 1667 summa
1870 1615 1943 1677 vi,
1966 1625 2022 1665 ut
2052 1630 2140 1669 ca-

574 1694 747 1763 piant.
788 1696 912 1751 niti.
937 1697 1297 1755 Turachanes
1329 1703 1497 1771 igitur
1524 1702 1822 1757 Thessalia:
1852 1705 2143 1773 praefectus

580 1790 796 1844 mittens
816 1792 1039 1847 nuntios
1067 1793 1132 1847 ad
1156 1809 1356 1864 regem,
1382 1812 1505 1849 eum
1557 1797 1883 1851 hortabatur
1916 1808 1972 1851 ιιι
2003 1798 2144 1854 bello

2250 613 2444 664 ραννος
2473 595 2571 654 ὢν,
2606 596 2703 664 τὴν
2735 596 2914 666 ἀρχὴν
2950 596 3044 648 καὶ
3076 592 3375 664 θηλυδρίας
3419 594 3495 646 ὣν
3520 594 3612 646 καὶ
3650 595 3823 662 μαλα-

2244 686 2506 756 κώτερος,
2553 688 2660 739 ὐπὸ
2694 686 2929 754 ἀδελφοῦ
2957 685 3252 740 Ἀντωνίου
3293 684 3544 754 ἀφῄρητο
3573 684 3674 752 τὴν
3716 689 3819 753 ἀρ-

2244 776 2344 846 χὴν
2375 777 2810 841 ἐπιΰουλευθείς.
2850 777 3007 832 Μετά
3038 777 3094 829 δὲ
3115 776 3188 837 ὡς
3222 775 3576 843 ἐτελεύτησεν
3618 775 3820 828 Ἀντώ-

2247 888 2379 933 νιος,
2414 871 2469 932 ἐς
2497 871 2598 939 τὴν
2625 871 2804 939 ἀρχὴν
2845 866 3003 929 αὖθις
3035 868 3277 937 κατέστη
3320 867 3514 937 Νέριος
3546 870 3574 921 6
3622 870 3821 922 Ἀντω-

2244 964 2358 1015 νίου
2390 962 2638 1029 ἀδελφὸς,
2676 963 2781 1013 ἀπ’,
2806 962 3143 1030 Φλωρεντίας
3168 961 3524 1028 ἁφικόμενοκ
3576 960 3711 1012 Τότε
3761 960 3819 1013 δέ

2246 1055 2337 1107 διὰ
2360 1056 2457 1125 τὴν
2494 1059 2576 1117 εἰς
2608 1057 2738 1119 τοὺς
2772 1055 3043 1121 ’Έλληνας
3075 1054 3240 1107 αὐτοῦ
3274 1055 3615 1123 συμμαχίαν,
3663 1054 3821 1124 ἐδῄου

2248 1148 2348 1218 τὴν
2376 1147 2562 1219 χώραν
2592 1150 2620 1202 6
2652 1152 2753 1216 τῆς
2780 1148 3085 1209 θετταλίας
3123 1147 3390 1217 ὕπαρχος.
3424 1149 3733 1215 Πράγματα
3764 1149 3819 1200 δέ

2250 1242 2409 1310 ἔχων,
2442 1243 2667 1312 είρήνην
2696 1244 2930 1294 ἐποιεῖτο
2961 1241 3097 1305 πρὸς
3144 1239 3389 1309 βασιλέα.
3420 1239 3525 1291 Καὶ
3546 1241 3596 1292 οἱ
3623 1240 3818 1308 ’Ἐλλη-

2250 1352 2336 1395 vs;
2371 1336 2689 1403 πυθόμενοι,
2732 1334 3126 1405 ἐστρατεύοντο
3161 1334 3253 1385 ἐπὶ
3288 1333 3386 1395 τὰς
3416 1332 3672 1398 Ἀθήνας.
3704 1332 3826 1386 Ἐν-

2248 1427 2425 1481 ταῦθα
2466 1427 2700 1495 ἄγγελόν
2750 1444 2809 1478 τε
2856 1427 3074 1496 ἔπεμπε
3112 1425 3251 1496 πρὸς
3312 1424 3403 1478 τὸν
3463 1424 3711 1495 βασιλέα,
3744 1424 3823 1483 ὡς

2249 1521 2437 1581 κακῶς
2461 1522 2664 1573 ποιοῖεν
2708 1520 2873 1571 αὐτὸν
2901 1519 2951 1571 οξ
2999 1518 3284 1586 Ἕλληνες,
3339 1518 3435 1572 καὶ
3476 1518 3827 1581 πολιορκοῒεν

2249 1614 2348 1683 τὴν
2386 1613 2561 1677 πόλιν,
2604 1613 2935 1681 πειρώμενοι
2969 1611 3192 1675 ἐξελεῖν.
3229 1612 3339 1664 Καὶ
3384 1608 3825 1678 Τουραχάνηςδέ

2251 1706 2280 1758 6
2319 1707 2419 1772 τῆς
2471 1706 2771 1766 Θετταλίας
2820 1704 3095 1774 ὕπαρχος,
3139 1703 3217 1771 τῷ
3249 1720 3308 1755 τε
3340 1701 3556 1767 βασιλεῖ
3584 1702 3827 1768 πέμπων

2252 1799 2547 1865 ἀγγέλους,
2583 1798 2926 1866 ἐπῆρενοέπὶ
2955 1798 3371 1863 Πελοπόννησον
3400 1794 3820 1865 στρατεύεσθαι.

578 1877 1025 1951 Peloponnesum
1062 1885 1374 1942 lacesseret.
1412 1888 1518 1941 Sed
1562 1890 1676 1942 haec
1712 1891 1869 1955 longo
1903 1900 2146 1957 tempore

2262 1889 2423 1943 ’Λλλά
2451 1890 2625 1942 ταῦτα
2644 1890 2741 1959 μὲν
2764 1888 2889 1940 ὕστε
2900 1904 2992 1957 ρον
3016 1889 3197 1956 χρόνῳ
3229 1885 3410 1954 πολλῷ
3438 1886 3676 1952 ἐγένετο·
3698 1885 3825 1938 τότε

575 1972 793 2028 demum
847 1978 1151 2047 contigere.
1185 1979 1384 2034 Verum
1432 1997 1495 2035 ea
1537 1990 1863 2051 tempestate
1911 1985 2148 2039 abduce

575 2064 936 2136 Peloponnesi
979 2070 1121 2141 regis
1154 2070 1347 2134 fratre,
1393 2073 1856 2142 quemadmodum
1885 2076 2147 2139 diximus,

582 2160 635 2212 iu
672 2162 993 2217 servitutem
1019 2164 1273 2219 redactus
1304 2173 1409 2220 est.

649 2250 795 2305 Inter
823 2252 1043 2308 Graecos
1069 2269 1122 2309 et
1166 2258 1219 2310 in
1255 2257 1632 2327 Peloponneso
1665 2260 1779 2313 haec
1815 2270 1933 2314 acta
1998 2267 2147 2315 sunt.

580 2342 719 2408 Quid
753 2360 880 2399 vero
924 2348 1097 2414 egerit
1144 2362 1237 2401 rex
1276 2349 1942 2418 Constantinopolitanus,
1978 2350 2031 2403 in
2062 2366 2148 2405 se-

579 2437 877 2503 quentibus
910 2438 1301 2494 declarabitur.
1333 2439 1463 2494 Nam
1492 2441 1579 2494 hic
1613 2450 1671 2494 ut.
1701 2441 1915 2507 accepit
1940 2440 2150 2495 Panno-

585 2542 680 2580 ttes
709 2527 933 2592 abiisse.
962 2535 1017 2583 et
1046 2530 1273 2595 l'cedera,
1312 2530 1547 2598 impulsu
1576 2530 1816 2599 Georgii,
1839 2547 1963 2585 cum
1990 2532 2152 2584 Amu-

581 2627 695 2675 rate
754 2623 1003 2676 sanxisse
1030 2664 1046 2687 .
1079 2623 1288 2694 legatos
1324 2625 1474 2680 misit
1523 2626 1589 2677 ad
1634 2625 1939 2680 Romanum
1970 2628 2153 2696 ponti-

582 2712 760 2777 licent,
797 2716 1172 2778 consulentes,
1207 2716 1354 2785 quod
1402 2718 1449 2772 si
1490 2718 1748 2774 triremes
1778 2728 1830 2773 et
1863 2736 2032 2774 naves
2060 2720 2153 2774 ad-

580 2813 869 2859 ventarent
906 2806 957 2865 in
992 2807 1428 2875 Hellespontum.
1489 2810 1689 2877 quibus
1722 2812 2153 2879 praecluderetur

579 2896 830 2951 Amurati
870 2898 921 2949 in
958 2895 1229 2964 EurOpam
1278 2901 1565 2962 transitus.
1610 2901 1927 2956 Amuratem
1995 2902 2154 2958 facile

579 2988 840 3043 debellari
879 3004 1063 3055 posse.
1118 2990 1174 3045 Si
1228 2991 1374 3045 enim
1430 2992 1658 3060 Europae
1698 2996 1972 3049 exercitus
2007 2995 2155 3050 solus

580 3080 725 3151 apud
755 3082 1071 3137 Amuratem
1120 3085 1345 3138 relictus
1381 3084 1565 3149 fuerit,
1593 3087 1734 3140 haud
1768 3103 2008 3157 pugnare
2062 3088 2156 3140 ad-

2250 1982 2306 2037 δέ
2337 1983 2444 2037 ὑπὸ
2474 1982 2894 2050 Πελοποννήσου
2955 1980 3217 2048 ήγεμόνι,
3258 1978 3527 2048 βασιλέως
3580 1978 3637 2032 δέ
3669 1976 3831 2031 ἀδελο

2250 2076 2336 2147 φῷ
2391 2075 2749 2135 ἐδεδούλωτο,
2812 2072 3004 2142 τρόπῳ
3062 2063 3107 2139 ᾧ
3166 2070 3443 2142 πρότερόν
3523 2085 3614 2141 μοι
3670 2069 3828 2139 δεδή-

2248 2172 2440 2224 λωται.

2334 2260 2493 2313 Ἀλλὰ
2518 2258 2662 2313 κατά
2699 2259 2798 2327 μὲν
2850 2258 2978 2320 τούς
3036 2255 3303 2323 Ἕλληνας
3351 2256 3444 2308 καὶ
3497 2253 3597 2321 τὴν
3647 2252 3831 2307 Helo-

2252 2354 2516 2420 πόννησον
2544 2351 2770 2404 τοιαῦτα
2825 2352 3064 2414 ἐγένετο⁸
3101 2348 3242 2400 κατά
3285 2346 3340 2399 δὲ
3381 2348 3473 2398 τὸν
3524 2345 3831 2410 Βυζαντίου

2254 2444 2479 2512 βασιλέα
2509 2445 2637 2496 τάδε
2670 2442 3046 2509 ξυνεϐεὖήκει.
3082 2440 3224 2500 Τούς
3262 2456 3322 2491 τε
3349 2439 3458 2506 γὰρ
3485 2432 3720 2499 Παίονας
3746 2436 3831 2497 ὡς

2252 2537 2448 2605 ᾔσθετο
2481 2536 2865 2595 ἀπελάσαντας
2910 2530 3322 2585 καταλύσασθαι
3366 2530 3445 2597 τῷ
3486 2529 3825 2599 ’Δμουράτῃ,

2252 2627 2528 2699 Γεωργίου
2564 2629 2620 2691 ἐς
2654 2627 2815 2680 τοῦτο
2845 2625 3355 2695 παρακαλέσαντος,
3391 2623 3642 2692 ἔπεμπον
3687 2623 3822 2693 πρέ-

2256 2722 2405 2783 σϐεις
2442 2722 2595 2788 παρὰ
2641 2722 2733 2773 τὸν
2791 2720 3016 2788 Ῥώμης
3062 2717 3361 2787 ἀρχιερέα,
3406 2715 3824 2783 ὑποτιθέμενοι,

2253 2818 2334 2877 ὡς
2356 2816 2600 2885 τριήρων
2628 2814 2723 2866 καὶ
2757 2812 2897 2865 νεῶν
2927 2810 3397 2881 παραγενομένων
3424 2808 3606 2875 σφίσιν
3637 2808 3693 2869 ἐς
3728 2807 3827 2856 τὴν

2265 2910 2684 2976 Ἑλλήσποντον,
2759 2905 2898 2959 ὥστε
2955 2906 3152 2958 ἀπόντι
3198 2903 3348 2972 αὐτῷ
3400 2905 3456 2965 ἐς
3502 2904 3601 2973 τὴν
3642 2902 3832 2956 Ἀσίαν

2258 3002 2351 3072 μὴν
2379 3000 2667 3071 ἐπιτρέψαι
2713 2999 2967 3067 διαϐῆναι
3004 2998 3062 3059 ἐς
3110 2997 3208 3067 τὴν
3261 2996 3579 3066 Εὐρώπην,
3620 2992 3830 3060 εὐπετῆ

2258 3092 2325 3146 ἂν
2368 3090 2583 3157 γένοιτο
2614 3088 2789 3143 ταῦτα
2838 3087 3173 3158 χειρωθῆναι
3201 3086 3269 3140 τὰ
3305 3088 3607 3156 πράγματα
3637 3083 3830 3138 αὐτοῦ.

580 3189 774 3229 versus
841 3174 1132 3230 Pannones
1176 3177 1341 3231 volet.
1403 3176 1582 3239 Legati
1625 3179 1702 3234 ire
1745 3177 1890 3249 jussi
1927 3188 2055 3235 sunt
2088 3181 2151 3234 ad

2262 3182 2328 3234 Εἴ
2360 3198 2419 3233 τε
2448 3182 2510 3234 τὸ
2537 3180 2635 3249 τῆς
2672 3178 2943 3249 Εὐρώπης
3004 3180 3318 3248 στράτευμα
3355 3177 3456 3230 σύν
3504 3178 3581 3245 τῷ
3626 3178 3829 3245 Ἀμου-

577 3266 761 3323 Gallos
782 3279 835 3323 et
866 3268 1193 3339 Burgundite
1209 3270 1429 3333 ducem,
1456 3271 1508 3327 iu
1532 3274 1853 3327 memoriam
1881 3288 2155 3328 revocan-

580 3370 663 3417 tes
694 3362 921 3419 cladem.
956 3379 1120 3431 quant
1169 3365 1412 3433 perpessi
1475 3376 1603 3419 sunt
1634 3366 1741 3421 sub
1773 3366 2017 3435 Pajazite
2053 3366 2155 3420 im-

581 3450 869 3517 prudentia
933 3451 1269 3521 Sigismundi
1308 3472 1322 3507 :
1368 3470 1486 3507 eam
1518 3456 1753 3514 cladem.
1786 3458 1831 3510 si
1874 3458 2033 3510 modo
2062 3474 2155 3513 ve-

582 3542 705 3603 lint.
741 3541 937 3613 Turcis
965 3543 1120 3598 reddi
1171 3560 1355 3613 posse.
1394 3546 1699 3600 Adit-erunt
1734 3548 1921 3617 itaque
1950 3551 2152 3602 ltoma-

581 3651 710 3688 num
749 3636 1086 3705 pontiﬁcem,
1129 3648 1183 3689 et
1238 3638 1493 3693 triremes
1540 3639 1900 3706 impleverunt
1941 3643 2156 3709 decem,

580 3739 723 3791 quas
754 3725 806 3779 in
847 3723 1255 3793 Hellespontum
1305 3726 1521 3780 misere.
1564 3726 1738 3781 Etiam
1771 3730 2010 3796 pontifex
2057 3730 2155 3785 de-

581 3831 700 3869 cem
734 3816 985 3871 triremes
1039 3815 1329 3880 instruxit.
1360 3827 1413 3869 et
1447 3817 1715 3872 militibus
1749 3820 2062 3890 complevit,
2104 3830 2159 3875 et

583 3909 649 3963 ad
683 3924 861 3978 regem
893 3906 1162 3964 Joannem
1225 3908 1396 3975 misit,
1433 3911 1593 3980 quasi
1627 3910 1879 3967 facturus
1912 3928 2033 3982 quae
2063 3929 2158 3968 rex

585 4002 933 4068 imperasset.
966 4000 1262 4067 Venientes
1286 4002 1454 4072 igitur
1485 4002 1539 4056 in
1575 3999 2005 4074 Hellespontum,
2030 4020 2159 4074 pro-

586 4094 884 4149 hibueruut
910 4092 1143 4163 Europae
1190 4109 1417 4148 accessu
1447 4096 1787 4150 Amuratem.
1818 4095 1943 4151 Haec
1972 4108 2155 4151 autem

583 4186 905 4241 acciderunt
928 4188 1084 4256 juxta
1121 4189 1455 4243 maritimam
1494 4189 1827 4245 Macedonia:
1855 4193 2157 4261 regionem,

584 4294 781 4335 versus
824 4278 1061 4335 Ionium.
1113 4280 1249 4335 Cum
1286 4281 1429 4336 fatua
1484 4286 1715 4345 volaret.
1768 4284 2060 4340 Pauuones
2101 4286 2157 4339 in

588 4375 758 4429 armis
790 4389 912 4429 esse
969 4383 1022 4429 et
1073 4376 1333 4431 advenire
1368 4376 1420 4429 in
1470 4377 1770 4444 Europam,
1808 4391 1866 4432 ut
1899 4379 2025 4432 inde
2056 4380 2160 4446 eji-

590 4480 776 4521 cerettt
802 4466 1010 4523 Turcos
1050 4476 1105 4523 et
1138 4470 1478 4532 Amuratetn.
1517 4470 1670 4539 171
1715 4471 1937 4539 jamque
1966 4486 2159 4525 omnes

2262 3274 2403 3346 ράτῃ
2423 3272 2939 3342 ἀπομονωθήσεται,
2968 3271 3066 3324 οὐκ
3102 3270 3182 3324 ἔτι
3213 3272 3295 3332 εἰς
3316 3272 3508 3340 χείρας
3535 3272 3647 3332 τοῖς
3672 3270 3836 3323 Παίο-

2260 3385 2345 3420 σιν
2384 3366 2520 3419 ίέναι
2551 3363 2822 3433 ἐθελήσει.
2864 3365 3159 3430 Ἒπεμπον
3209 3362 3264 3414 δὲ
3308 3361 3404 3415 καὶ
3455 3363 3509 3422 ἐς
3536 3362 3665 3424 τοὺς
3696 3362 3835 3415 K5).-

2254 3461 2382 3521 τοὺς
2431 3460 2525 3510 καὶ
2576 3456 2669 3509 τὸν
2749 3457 3144 3525 Βουργουντίας
3200 3456 3468 3526 ἡγεμόνα,
3522 3455 3835 3522 ἀναμιμνήο

2259 3567 2482 3611 σκοντες
2512 3549 2586 3610 ὡς
2619 3548 2818 3601 δίκαιοι
2868 3542 2983 3599 εἷεν
3030 3546 3190 3612 δίκην
3245 3547 3582 3616 πράττεσθαι
3628 3547 3739 3600 τῶν
3775 3550 3837 3599 ἐν

2257 3642 2337 3710 τῷ
2365 3640 2591 3710 πολέμῳ
2658 3639 2985 3708 Παιαζήτεω
3034 3639 3420 3693 ἀποθανόντων
3474 3638 3700 3691 Κελτῶν
3744 3639 3834 3692 διὰ

2258 3735 2357 3801 τὴν
2382 3732 2474 3785 τοῦ
2511 3730 2906 3800 Σιγισμούνδου
2938 3730 3357 3800 ἀγνωμοσύνην.
3389 3731 3837 3784 Συνεπελαϐοντο

2263 3826 2361 3896 μὲν
2389 3824 2483 3879 οὖν
2519 3826 2617 3878 σὺν
2659 3823 2736 3893 τῷ
2785 3825 3038 3893 ἀρχιερεῖ
3080 3823 3393 3893 Ῥωμαίων,
3444 3824 3541 3877 καὶ
3587 3825 3835 3895 τριήρεις

2258 3917 2588 3988 ἐπλήρωσαν
2615 3917 2767 3980 δέκα,
2798 3918 2892 3970 ἐπὶ
2931 3916 3328 3985 Ἑλλήσποντον
3356 3918 3690 3985 πέμποντες.
3720 3917 3835 3970 Καὶ

2260 4011 2555 4085 ἀρχιερεὺς
2586 4011 2643 4065 δὲ
2671 4011 2801 4065 δέκα
2829 4009 2996 4072 ἄλλας
3025 4007 3345 4079 πληρώσας,
3375 4009 3707 4062 ὑπέστελλεν
3734 4011 3833 4063 ἐπὶ

2264 4104 2489 4174 βασιλέα
2540 4104 2811 4172 Ἰωάννην,
2853 4103 2930 4166 ώς
2959 4101 3359 4170 ποιησομένους
3386 4100 3422 4154 ἃ
3453 4102 3709 4155 ὑποθοῖτο
3739 4103 3841 4153 αὐ-

2259 4199 2373 4258 τοῖς
2404 4195 2680 4265 βασιλεύς.
2737 4188 2900 4249 Οὗτοι
2950 4194 3050 4263 μὲν
3097 4192 3193 4246 οὐν
3249 4194 3585 4263 ἀφικόμενοι
3637 4196 3694 4259 ἐς
3749 4194 3845 4246 τὸν

2271 4289 2707 4359 Ἑλλήσποντον,
2761 4287 3055 4340 διεκώλυον
3113 4286 3464 4356 ’Δμουράτην
3515 4285 3610 4339 τοῦ
3655 4288 3712 4348 ἐς
3742 4286 3847 4357 τὴν

2268 4384 2541 4453 Εὐρώπην
2581 4383 2855 4453 διαϐῆναι.
2890 4381 3047 4435 Κατὰ
3076 4381 3132 4435 δέ
3162 4380 3262 4451 τὴν
3292 4381 3563 4451 παράλιον
3602 4380 3701 4447 τῆς
3726 4380 3849 4434 Μαι

2262 4475 2512 4538 κεδονίας
2549 4475 2607 4538 ἐς
2653 4472 2745 4526 τὸν
2795 4473 2979 4526 Ἰόνιον
3027 4472 3311 4526 συνέϐαινε
3357 4472 3556 4525 τοιάδε.
3611 4471 3699 4532 Ὠς
3732 4471 3848 4540 γάρ

591 4555 794 4611 bellum
851 4566 1229 4625 exspectarent
1290 4556 1434 4612 haud
1476 4558 1643 4612 dubie
1686 4560 1998 4625 imminens,
2032 4562 2151 4628 quia

2273 4566 2627 4637 προσδόκιμοι
2683 4561 2823 4633 ἦσαν
2857 4566 2908 4617 οί
2969 4562 3196 4625 Παίονες
3248 4562 3542 4631 ἀφίξεσθαι
3580 4558 3737 4625 αὐοις
3788 4565 3849 4625 ἐς

590 4650 754 4721 longe
780 4650 993 4720 lateque
1015 4664 1202 4704 rumor
1221 4648 1678 4717 increbrescebat,
1696 4649 1987 4707 Pannoues
2008 4668 2165 4707 exer-

587 4742 757 4797 citum
791 4743 1165 4810 conscribere,
1193 4751 1249 4798 et
1305 4740 1717 4812 Hellespontum
1745 4743 1859 4814 jam
1892 4744 1960 4799 ab
1999 4744 2165 4801 Occi-

586 4834 896 4891 dentalibus
920 4852 1042 4890 esse
1070 4845 1401 4906 occupatum
1430 4854 1444 4893 :
1475 4837 1675 4908 singuli
1704 4839 1950 4893 animum
1977 4839 2163 4894 inten-

585 4930 790 4985 debant
819 4930 886 4983 ad
918 4930 1350 5001 recuperandam
1379 4932 1609 5001 patriam
1667 4934 1965 5003 regionem.
2005 4933 2162 5003 quasi

583 5039 705 5079 eam
739 5025 983 5088 nacturi.
1026 5033 1305 5095 utcunque
1331 5034 1512 5081 tamen
1538 5026 1654 5081 alea
1681 5027 1805 5081 belli
1842 5028 2159 5084 cecidisset.

586 5120 938 5189 Zeuempisas
972 5120 1139 5190 igitur
1167 5120 1237 5175 ab
1307 5119 1620 5174 Macedonia
1661 5120 2040 5190 proﬁciscens,
2074 5136 2162 5174 as-

590 5210 828 5281 sumptis
871 5210 961 5280 qui
1008 5211 1176 5265 isthic
1228 5210 1547 5265 habitabant
1596 5212 1844 5276 Albanis,
1899 5213 2159 5281 pergebat

592 5320 687 5373 per
723 5304 1269 5376 Argyropolichueiu.
1298 5315 1350 5358 et
1381 5304 1661 5374 planitiem
1692 5321 1811 5360 eam
1847 5306 2155 5360 Castoriam

592 5412 771 5465 usque
825 5396 1061 5466 subegit.
1094 5395 1357 5452 Therizes
1408 5396 1677 5451 Berrhoeaa
1713 5398 1967 5467 princeps
1999 5397 2153 5450 colli-

590 5506 724 5559 gens
756 5490 998 5543 Azatinis
1024 5488 1277 5561 Scythas,
1303 5504 1517 5544 necnon
1545 5488 1756 5543 Turcos
1782 5489 1945 5557 regis.
1978 5498 2157 5542 attra-

589 5584 694 5637 ctis
719 5584 883 5639 etiam
912 5584 1163 5655 plurimis
1183 5600 1250 5638 ex
1282 5581 1516 5639 Therma
1551 5594 1602 5637 et
1638 5580 1833 5636 Limna
1872 5581 2161 5637 Perrbmo-

590 5691 714 5732 rum
772 5678 886 5747 (95)
947 5693 963 5731 :
1014 5677 1216 5746 quibus
1270 5676 1460 5744 fretus,
1521 5676 1859 5749 Zcuempisaz
1928 5676 2148 5730 obviam

2272 4659 2371 4728 τὴν
2402 4658 2699 4730 Εὐρώπην,
2730 4658 2804 4719 ώς
2840 4657 3114 4723 ἐξελόντες
3134 4654 3416 4725 Τούρκους
3444 4671 3505 4706 τε
3528 4655 3625 4707 καὶ
3649 4656 3852 4724 ’Δμου-

2275 4750 2444 4820 ράτην
2491 4751 2553 4800 ἐκ
2582 4750 2681 4818 τῆς
2722 4747 3015 4817 Εὐρώπης,
3060 4746 3376 4815 προϊδόντες
3415 4745 3498 4797 ὅτι
3540 4744 3717 4797 ἔσοιτο
3750 4744 3849 4797 αὖ-

2271 4840 2352 4904 θις
2393 4842 2419 4892 δ
2468 4839 2745 4907 πόλεμος·
2802 4837 3211 4906 προηγγέλλετο
3266 4836 3374 4905 γὰρ
3439 4834 3726 4905 ἁπανταχῆ
3778 4838 3844 4906 τῇ

2272 4931 2535 5003 Εὐρώπῃ,
2568 4929 2643 4994 ώς
2683 4929 3030 4996 συλλέγοιντό
3070 4945 3130 4980 τε
3166 4927 3325 4990 αὐθις
3375 4930 3847 4996 στρατευσόμενοι

2269 5024 2318 5077 οί
2349 5024 2596 5086 Παίονες,
2628 5022 2725 5075 καὶ
2756 5024 2785 5074 ὁ
2833 5020 3231 5091 Ἑλλήσποντος
3258 5021 3367 5073 ὐπὸ
3395 5021 3503 5074 τῶν
3536 5018 3849 5091 Ἐσπερίων

2268 5116 2557 5185 κατέχοιτο
2589 5130 2601 5142 ·
2640 5114 2864 5183 ὥρμητο
2911 5115 3005 5165 καὶ
3039 5114 3201 5174 αὐτός
3236 5130 3319 5175 τις
3353 5113 3586 5177 ἕκαστος
3626 5114 3717 5166 ἐπὶ
3744 5114 3850 5183 τὴν

2272 5207 2535 5277 πατρῴαν
2567 5205 2734 5261 αὐτοῦ
2767 5208 2963 5275 ἀρχὴν,
3007 5205 3083 5267 ώς
3120 5206 3337 5275 σχήσων
3385 5224 3439 5259 τε
3471 5208 3562 5257 καὶ
3598 5205 3849 5269 καταλη-

2271 5301 2535 5371 ψόμενος,
2571 5302 2601 5353 ὃ
2630 5319 2681 5354 τι
2710 5301 2774 5352 ἂν
2804 5298 2952 5368 αὐτῷ
2981 5300 3419 5368 προχωρήσειεν.
3456 5298 3625 5351 Ἐνοα
3654 5298 3720 5367 δή
3748 5301 3851 5352 καὶ

2268 5394 2633 5463 Ζενεμπίσας,
2682 5394 2792 5446 ἀπὸ
2846 5392 3184 5455 Μακεδονίας
3226 5392 3326 5461 τῆς
3376 5392 3510 5459 πρὸς
3546 5391 3637 5443 τὸν
3663 5389 3851 5443 Ἰόνιον

2272 5488 2536 5556 παραλίου
2560 5488 2914 5558 ὡρμημένος,
2942 5484 3502 5554 συμπαραλαμὸἀνων
3517 5484 3644 5545 τοὺς
3672 5482 3850 5552 ταύτῃ

2272 5579 2587 5647 “Λ).6ανούς,
2619 5578 2669 5633 οἳ
2702 5580 2902 5649 ἐνῆσαν
2951 5574 3120 5643 αὐτῷ,
3156 5576 3353 5646 προῄει
3381 5575 3469 5627 διὰ
3498 5575 3597 5643 τῆς
3644 5574 3849 5642 Ἀργυ-

2266 5673 2612 5745 ροπολίχνης,
2646 5674 2742 5731 καὶ
2772 5673 2871 5744 τήν
2901 5688 2959 5725 τε
2988 5668 3238 5735 πεδιάδα,
3274 5670 3407 5740 ὅσην
3439 5668 3575 5740 ᾤκει
3609 5666 3848 5722 ἐνταῦθα

1871 5795 2115 5860 Nolulze
2154 5796 2569 5873 marginales.

675 5880 786 5949 (β)ὺῖ
814 5880 1256 5937 Perrhaeborum.
