4010 6208
505 244 612 301 335

1612 248 1913 307 LAONICI
1962 218 2663 307 cuALcocoxovL/e'

3656 244 3763 307 336

488 361 735 410 demum.
775 355 883 411 Nec
914 360 1085 413 multo
1118 367 1243 429 post
1265 374 1389 413 eum
1427 358 1627 415 ducem
1665 371 1719 415 et
1751 376 1934 415 rerum
1966 377 2063 430 gu-

2172 361 2407 414 ὲνταῦθα
2447 362 2577 423 τούς
2620 362 2801 422 Δᾶκας
2846 359 3211 429 ὼρμημέιους
3256 358 3396 412 ίέναι
3442 357 3764 427 ξύμπαντας

490 450 840 505 bernatorem
871 460 1149 515 crearunt,
1184 467 1308 505 cum
1339 451 1481 506 bello
1531 460 1845 521 peterentur
1878 468 1907 505 a
1932 452 2067 523 Ger-

490 543 669 597 manis
698 555 749 597 et
782 542 1021 609 Boemis,
1063 545 1223 614 eique
1255 559 1344 598 res
1365 544 1757 600 administrare
1817 560 1914 614 pro
1966 561 2067 600 suo

490 620 722 690 arbitrio
762 639 1077 706 permisere.
1111 638 1455 707 Comparans
1503 638 1667 707 igitur
1735 640 2065 701 exercitum,

491 728 769 795 profectus
792 737 876 783 est
903 741 1096 782 contra
1155 728 1409 794 Boemos,
1468 740 1523 784 et
1587 730 1754 799 longo
1812 738 2068 801 tempere

489 835 611 872 cum
654 820 738 872 his
773 819 974 873 bellum
1005 821 1196 890 gessit.
1231 821 1474 874 Tandem
1499 821 1720 875 collatis
1768 822 1940 889 signis
1970 840 2066 892 pu-

488 926 660 979 gnans
685 925 807 964 cum
842 911 990 965 lscra
1031 912 1131 980 (2),
1166 914 1286 966 viro
1317 914 1368 965 in
1403 928 1461 967 re
1494 913 1714 967 militari
1743 915 2067 983 conSpieuo,

490 1007 670 1059 vietus
701 1014 804 1059 est.
847 1004 1050 1058 Verum
1089 1021 1213 1058 enm
1248 1006 1429 1060 denuo
1457 1021 1581 1059 cum
1617 1004 1723 1061 isto
1770 1008 2069 1075 congrede-

489 1106 662 1159 retur,
708 1096 996 1151 victoriam
1055 1096 1282 1166 recepit.
1347 1096 1642 1151 Amurates
1704 1109 1869 1166 caput
1922 1102 2070 1168 regis

489 1186 751 1244 Vladislai
788 1190 957 1243 hasta:
998 1188 1283 1258 praefixum
1344 1203 1467 1241 cum
1505 1187 1633 1242 hinc
1666 1189 1793 1244 inde
1829 1189 2070 1244 misisset

487 1293 541 1336 et
573 1282 912 1337 exercitibus
938 1283 1056 1338 suis
1095 1291 1454 1347 ostentasset,
1490 1283 1734 1337 collectis
1804 1283 2061 1338 omnibus

488 1378 712 1430 domum
766 1392 1020 1432 reversus
1088 1386 1193 1431 est.
1260 1376 1314 1430 In
1344 1392 1411 1431 eo
1480 1378 1672 1447 przelio
1729 1375 2063 1441 Turcorum,

487 1470 955 1538 quemadmodum
986 1471 1055 1523 ab
1087 1469 1173 1523 his
1204 1469 1539 1537 accepimus,
1593 1470 1912 1524 ceciderunt
1973 1484 2065 1523 sex

488 1562 681 1615 millia.
712 1560 912 1615 Verum
947 1562 1240 1616 Pannones
1275 1562 1561 1631 aliquanto
1592 1562 1719 1618 caesi
1774 1572 1905 1617 sunt
1939 1562 2062 1631 plu-

489 1673 599 1711 res.
634 1657 691 1711 In
721 1657 967 1712 discessu
1004 1658 1167 1710 etiam
1198 1657 1419 1727 plurimi
1450 1657 1577 1711 Daci
1620 1658 1813 1713 amissi
1851 1665 1998 1711 sunt.

2172 454 2228 517 ἐς
2260 453 2351 506 τὸν
2381 455 2572 519 Δᾶνον,
2604 452 2831 523 ὥρμητο
2866 454 2924 515 ἐς
2960 455 3163 522 φυγήν.
3196 452 3306 505 Καὶ
3339 454 3368 505 ὁ
3406 452 3505 522 μέν
3538 452 3763 521 ἔφευγε,

2172 547 2341 608 Δὶνος
2372 544 2429 597 δέ
2459 545 2681 597 ἐδίωκεν
2710 546 2814 597 ἀνά
2843 545 3045 615 κράτος
3066 587 3080 610 ,
3114 546 3207 596 καὶ
3238 543 3524 597 συλλαὸὼν
3547 584 3561 607 ,
3592 545 3765 612 ἄμφω

2174 637 2384 689 ἀνεῖλεν
2418 637 2643 690 αὐτίκα.
2678 629 2847 697 Οὗτος
2886 638 2985 707 μὲν
3018 632 3111 689 οὖν
3145 636 3434 705 ἐκομίζετο
3469 635 3558 688 ἐπ’
3580 636 3757 689 οῑκευ.

2176 732 2285 783 Kal.
2319 731 2382 783 οὐ
2419 729 2600 798 πολλῷ
2633 727 2865 798 ὕστερον
2900 729 3208 800 στρατηγόν
3238 745 3297 780 τε
3333 729 3537 780 εἶλοντο
3572 726 3758 790 αὐτὸν,

2176 821 2274 873 καὶ
2312 824 2610 890 ἐπιστάτην
2645 821 2752 874 τῶν
2789 823 3132 893 πραγμάτων
3167 821 3381 887 σφίσιν,
3421 820 3523 890 ἥδη
3559 821 3665 871 ὐπό
3699 836 3758 869 τε

2178 914 2476 985 Γερμανῶν
2507 916 2602 966 καὶ
2634 913 2856 983 Βοέμων
2889 912 3337 982 πολεμουμένους
3361 952 3373 973 ,
3406 913 3501 963 καὶ
3532 914 3735 980 ἐπέτρε

2176 1006 2284 1075 ψαν
2319 1004 2466 1075 αὐτῷ
2499 1007 2570 1057 τά
2604 1006 2908 1073 πράγματα
2944 1003 3211 1057 διαθεῖναι
3233 1043 3245 1064 ,
3353 1002 3419 1055 ἂν
3451 1002 3598 1070 αὐτῷ
3634 1000 3764 1069 φαί-

2179 1117 2344 1152 νοιτο.
2389 1100 2497 1151 Καὶ
2544 1097 2778 1169 στρατόν
2821 1114 2879 1150 τε
2932 1096 3213 1163 συλλέξας,
3259 1094 3621 1165 ἐστρατεύετο
3668 1096 3763 1146 ἐπὶ

2185 1192 2423 1260 Βοέμους
2444 1232 2458 1257 ,
2492 1191 2585 1242 καὶ
2619 1190 2879 1259 ἐπολέμει
2913 1188 2977 1259 δὴ
3010 1189 3221 1252 τούτοις
3254 1188 3451 1257 συχνόν
3480 1205 3603 1239 τινα
3635 1188 3765 1257 χρύ-

2172 1304 2282 1339 νον.
2329 1286 2437 1339 Καὶ
2483 1284 2614 1354 πρὸς
2646 1284 2877 1354 Ἴσκραν
2912 1284 2997 1350 δέ,
3037 1284 3207 1353 ἄνδρα
3246 1280 3669 1352 εὐδαιμονοῦντα
3709 1279 3767 1330 ἐν

2179 1378 2573 1449 στρατηγίαις,
2624 1376 2918 1446 ἅπανταχῆ
2972 1375 3266 1443 ἐπολέμει,
3320 1377 3415 1427 καὶ
3468 1369 3769 1443 συμϐαλὼν

2174 1471 2409 1539 ἡττήθη.
2442 1470 2550 1522 Καὶ
2584 1470 2813 1539 ὕστερον
2846 1468 3004 1528 αὖθις
3036 1467 3196 1537 ἐπῄει
3227 1483 3286 1519 τε
3324 1465 3643 1534 συμϐαλὼν,
3669 1464 3765 1515 καὶ

2176 1561 2558 1628 περιεγένετο.
2597 1558 2948 1629 Ἀμουράτης
2981 1557 3059 1622 δέ,
3087 1557 3161 1620 ώς
3191 1555 3286 1609 τοῦ
3311 1554 3576 1625 βασιλέως
3607 1556 3771 1608 Δαδι-

2191 1655 2354 1709 σλάου
2381 1656 2482 1724 τὴν
2510 1655 2753 1726 κεφαλὴν
2777 1654 3190 1724 ἀποτεμόμενος
3213 1653 3279 1716 ‘°,
3306 1654 3397 1705 ἐπὶ
3422 1651 3649 1723 δόρατος
3674 1670 3772 1706 πε-

487 1751 766 1819 ριέπεμπέ
797 1767 877 1815 τε,
925 1752 1019 1805 καὶ
1049 1750 1334 1804 ἐπεδείκνυ
1379 1751 1436 1812 ἐς
1479 1748 1549 1802 τὰ
1582 1750 1991 1821 στρατεύματα,
2026 1748 2510 1818 συσκευασάμενος
2553 1746 2823 1809 ἐντεῦθεν,
2859 1746 3146 1814 ἐκομίζετο
3182 1746 3269 1798 ἐπ’
3306 1746 3480 1800 οἴκου.
3529 1744 3771 1799 Ἔπεσον

485 1846 540 1902 δὲ
577 1849 634 1897 ἐν
663 1847 835 1917 ταύτῃ
866 1850 934 1915 τῇ
969 1847 1116 1917 μάχῃ
1147 1846 1412 1914 Τούρκων
1446 1846 1569 1916 μὲν.
1600 1847 1675 1910 ὡς
1715 1847 1872 1900 αὐτοὶ
1915 1847 2195 1915 λέγουσιν,
2228 1845 2375 1914 ἀμφὶ
2407 1844 2532 1907 τοὺς
2576 1842 3000 1913 ἑξακισχιλίους,
3046 1843 3288 1897 Παιόνων
3317 1841 3374 1895 δέ
3404 1843 3500 1895 καὶ
3542 1839 3764 1904 πλείους

491 1942 1042 1998 τούτων.’Λπώλοντο
1077 1942 1120 1994 δ’
1146 1942 1195 1994 οί
1222 1940 1439 2003 πλείους
1464 1944 1518 1993 ἐν
1555 1944 1622 2011 τῇ
1647 1942 2003 2012 ἀποχωρήσει
2036 1941 2141 1994 ὐπὸ
2172 1940 2360 1994 Δακῶν
2388 1939 2455 1994 ¹¹.

556 2039 715 2093 llune
754 2039 915 2091 finem
969 2035 1204 2091 Turcica
1252 2037 1532 2109 expeditio
1585 2038 1779 2092 sortita
1823 2048 1926 2093 est.
1965 2037 2063 2092 Re-

2244 2036 2429 2089 Ταῦτα
2467 2035 2570 2105 μὲν
2610 2029 2706 2087 οὖν
2745 2032 2920 2096 οὕτως
2960 2031 3197 2101 ἐγένετο.
3226 2032 3335 2085 Καὶ
3366 2030 3435 2082 τὰ
3459 2031 3764 2100 πράγματα

488 2146 609 2185 rum
643 2144 855 2184 summa
906 2127 1068 2182 rediit
1100 2129 1165 2181 ad
1199 2128 1543 2194 Amuratem,
1572 2144 1697 2183 cum
1739 2144 1836 2184 eos
1862 2130 1957 2196 qui
2013 2130 2069 2183 in

489 2224 709 2291 Europa
743 2229 921 2282 erant,
967 2229 1271 2289 empturum
1301 2219 1593 2275 admodum
1648 2220 2070 2291 puderet.180

489 2315 785 2377 Therizen,
843 2312 937 2381 qui
988 2311 1327 2367 Vladislaum
1360 2308 1813 2380 obtruncaverat,
1840 2314 2071 2383 ejusque

489 2419 655 2480 caput
709 2409 764 2461 in
822 2418 1005 2460 castra
1055 2406 1336 2469 attulerat,
1397 2406 1688 2463 Amurates
1750 2408 2070 2478 regionibus

486 2514 541 2558 et
599 2502 798 2572 opibus
834 2499 1084 2570 plurimis
1135 2500 1383 2563 donavit,
1445 2515 1683 2570 eumque
1747 2500 2069 2570 praefectum

489 2593 799 2647 constituit.
834 2590 1050 2659 Corpus
1103 2588 1353 2646 Caraizis
1402 2590 1583 2647 ferens
1626 2591 2068 2662 Adrianopnlim,

491 2682 774 2753 magnifice
799 2681 1019 2751 sepeliri
1047 2683 1282 2746 curavit,
1307 2681 1535 2751 ipseque
1568 2683 1861 2753 exsequias
1898 2683 2071 2736 hono-

489 2774 640 2830 riﬁce
669 2775 738 2829 du
752 2774 844 2829 sit.
875 2774 932 2827 lu
955 2772 1117 2841 hujus
1138 2772 1316 2827 locum
1346 2772 1870 2827 substituitScuram
1896 2774 2068 2827 virum

496 2869 789 2931 Albanum,
830 2875 886 2920 ut
910 2866 1050 2919 Asiae
1075 2864 1185 2918 dux
1215 2875 1384 2929 esset,
1407 2879 1569 2935 quem
1592 2875 1809 2935 captum
1845 2865 2072 2919 abdant

486 2976 550 3014 ex
571 2961 901 3014 Albanorum
922 2958 1162 3028 regione.
1178 2973 1411 3027 eumque
1429 2956 1481 3010 in
1502 2971 1600 3012 sua
1619 2957 1779 3012 domo
1797 2956 2068 3012 educavit.

487 3051 728 3107 Primum
752 3052 1047 3106 declaravit
1069 3066 1191 3105 eum
1222 3050 1559 3120 praefectum,
1581 3058 1768 3120 postea
1788 3065 1914 3104 eum
1932 3049 2072 3104 Asia:

492 3146 1059 3215 dueenrdcsignavit.
1122 3143 1441 3198 Pbatumam
1513 3157 1643 3197 vero
1694 3143 1901 3196 honore
1953 3144 2071 3197 sive

485 3240 750 3305 dignitate
797 3254 899 3293 sua
968 3238 1380 3307 privans(erat
1449 3235 1595 3290 enim
1646 3235 1812 3306 regiae
1872 3234 2069 3289 domus

480 3330 698 3402 judex),
732 3332 1017 3385 Saraxiem
1063 3332 1241 3383 virum
1271 3327 1525 3383 Grzeeum
1578 3343 1799 3398 genere,
1830 3328 1884 3381 in
1941 3327 2065 3397 ejus

2174 2131 2444 2200 ἐπανῆκεν
2481 2126 2639 2191 αὖθις
2678 2128 2756 2197 τῷ
2792 2126 3141 2197 Ἀμουράτῃ,
3175 2125 3256 2188 είς
3296 2125 3613 2190 ἐνδοιασμδν
3648 2128 3763 2187 τοῖς

2173 2225 2278 2277 ἀνὰ
2310 2224 2410 2294 τὴν
2447 2220 2723 2293 Εὐρώπην
2762 2220 3120 2290 ἀφικομένοις
3152 2220 3254 2272 οὐκ
3289 2219 3490 2287 ὀλίγον.
3524 2217 3763 2287 Θερίζην

2178 2316 2359 2384 μέντοι
2395 2314 2485 2366 τὸν
2518 2314 2617 2383 τὴν
2654 2312 2901 2382 κεφαλὴν
2935 2310 3031 2365 τοῦ
3068 2310 3337 2381 βασιλέως
3372 2310 3761 2378 ἀπενεγκάμε-

2174 2428 2263 2463 νον
2304 2408 2554 2480 χρήμασί
2590 2424 2650 2460 τε
2692 2407 2908 2471 πολλοῖς
2951 2407 3281 2477 ἐδωρήσατο,
3323 2404 3417 2458 καὶ
3456 2404 3662 2475 χώραις
3701 2419 3759 2455 τε

2175 2500 2419 2571 ὕπαρχον
2456 2498 2727 2564 ἀπέδειξε.
2764 2500 2837 2554 Τὸ
2861 2500 3045 2569 μέντοι
3072 2499 3367 2569 Καραῒζεω
3410 2498 3569 2567 σῶμα
3610 2498 3760 2566 ἐνεγ-

2174 2596 2444 2666 κάμενος,
2478 2597 2535 2658 ἐς
2571 2592 3020 2665 Ἀδριανούπολιν
3064 2593 3328 2665 ἐξήνεγκέ
3374 2610 3434 2646 τε
3466 2592 3630 2656 αὐτὸς
3659 2592 3761 2662 βα-

2176 2689 2357 2751 σιλεὺς
2387 2687 2663 2759 μεγάλως,
2694 2688 2789 2741 καὶ
2820 2687 3020 2756 ἔδαψεν
3046 2685 3212 2751 ἀξίως
3241 2686 3426 2755 λόγου.
3456 2686 3564 2739 Καὶ
3592 2683 3759 2737 Σκοῦ-

2175 2796 2274 2849 ραν
2296 2779 2409 2833 ἀντ’
2428 2778 2593 2833 αὐτοῦ
2617 2778 2884 2848 ἐστήσατο
2912 2776 3217 2848 στρατηγὸν
3237 2778 3336 2847 τῆς
3360 2776 3568 2840 Ἄσίας,
3585 2776 3758 2846 ἄνδρα

2186 2870 2446 2924 Ἀλϐανὸν
2486 2869 2550 2923 τδ
2596 2871 2776 2938 γένος,
2816 2870 2876 2924 δν
2918 2869 3460 2940 ἀνδραποδισάμενος
3504 2860 3613 2922 aut
3654 2869 3760 2937 τῆς

2186 2961 2462 3015 Ἀλϐανῶν
2491 2960 2699 3031 χώρας,
2730 2960 2988 3042 ἐξένεψέ
3018 2979 3079 3015 τε
3106 2961 3273 3022 αὐτὸς
3304 2961 3562 3032 βασιλεὺς
3592 2964 3651 3014 ἐν
3680 2960 3760 3031 τῷ

2174 3055 2308 3125 οἴκῳ
2339 3056 2410 3110 oi.
2444 3056 2557 3108 Kal.
2587 3054 2836 3122 ἀπέδειξε
2871 3054 3065 3125 πρῶτα
3099 3057 3199 3124 μὲν
3231 3054 3498 3127 ὕπαρχον,
3535 3054 3669 3125 μετὰ
3701 3054 3760 3107 δὲ

2176 3147 2486 3217 στρατηγὸν
2516 3147 2615 3216 τῆς
2649 3147 2854 3211 Ἀσίας.
2882 3150 3173 3219 Φατουμᾶν
3202 3149 3257 3203 δὲ
3291 3149 3536 3203 ἐκϐαλὼν
3564 3150 3628 3203 ἐκ
3652 3150 3757 3217 τῆς

2173 3241 2362 3309 τιμῆς,
2395 3240 2703 3309 πρυτανεύς
2733 3240 2843 3308 γὰρ
2874 3236 2943 3310 ἦν
2975 3240 3124 3310 αὐτῷ
3153 3242 3307 3294 οἴκου
3339 3241 3432 3295 τοῦ
3464 3240 3759 3310 βασιλέως,

2176 3330 2460 3400 Σαραζέην
2504 3332 2668 3384 παῖδα
2711 3336 2770 3383 τδ
2815 3334 2972 3399 γένος
3020 3332 3262 3404 Ἕλληνα
3301 3336 3360 3397 ἐς
3401 3334 3501 3405 τὴν
3545 3333 3757 3386 ἐκείνου

485 3424 667 3477 locum
727 3421 1070 3490 subregavit.
1120 3418 1432 3474 Potentiam
1498 3427 1690 3472 autem
1768 3419 2061 3472 maximam

2171 3395 2426 3494 ἱδρύσατο
2451 3421 2651 3492 χώραν.
2688 3423 2762 3476 Τὸ
2796 3395 2997 3493 κράτος
3026 3424 3072 3477 δ’
3096 3395 3208 3494 εἶχε
3243 3395 3485 3495 Χαλίλης
3517 3428 3542 3479 ὁ
3580 3426 3757 3496 Πρατ-

488 3517 708 3569 tenebat
767 3514 1020 3567 Chatites
1097 3510 1301 3565 Priami
1360 3510 1543 3578 ﬁlius,
1605 3526 1715 3579 quo
1779 3510 1832 3563 in
1884 3511 2064 3578 jannis

488 3608 637 3677 regis
684 3606 767 3658 vir
832 3604 1159 3674 prudentior
1200 3618 1311 3657 non
1362 3610 1503 3658 erat.
1553 3602 1664 3657 Nec
1710 3606 1884 3656 multo
1940 3614 2065 3673 post

491 3700 784 3751 Amurates
838 3696 1166 3749 Phatumam
1196 3695 1587 3764 comprehendi
1606 3696 1799 3766 jussit,
1822 3712 2065 3767 epesque

483 3802 675 3842 ninnes
702 3788 749 3841 ei
792 3786 1016 3849 ademit,
1048 3802 1283 3855 quarum
1318 3802 1603 3850 .numerus
1657 3789 2065 3855 complecteba-

487 3894 575 3936 tur
628 3882 853 3936 circiter
884 3879 1287 3950 quinquaginta
1316 3888 1540 3934 centum
1589 3880 1867 3950 myriades
1897 3883 2017 3936 auri
2047 3900 2061 3937 :

482 3975 690 4045 argenti
710 3984 891 4028 autem
925 3973 1152 4027 circiter
1182 3974 1545 4044 quadraginta
1578 3976 1747 4030 millia
1772 3977 2061 4033 librarum.

481 4066 798 4121 Graecorum
860 4080 951 4119 rex
1001 4065 1053 4119 in
1112 4064 1295 4121 foedus
1351 4066 1513 4120 rediit
1574 4082 1696 4122 cum
1775 4069 2062 4131 Amurate,

482 4160 648 4229 idque
698 4175 799 4212 nec
852 4157 1096 4228 amplius
1151 4157 1418 4213 violatum
1478 4168 1583 4215 est.
1627 4159 1763 4213 Nam
1813 4163 2058 4230 quietem

480 4252 771 4322 amplexus
826 4259 932 4316 est,
997 4266 1293 4319 regemque
1360 4252 1681 4307 Amuralem
1745 4254 2063 4307 muneribus

478 4346 672 4407 enluit,
730 4356 791 4397 ut
870 4344 1007 4397 nihil
1096 4344 1225 4397 mali
1280 4353 1479 4397 contra
1558 4346 1740 4414 ipsum
1825 4345 2065 4414 amplius

479 4440 663 4493 moliri
716 4438 1060 4492 institueret.
1132 4436 1298 4492 Fmda
1361 4448 1546 4491 autem
1600 4438 1884 4492 contentio
1945 4449 2065 4492 erat

481 4536 623 4587 inter
685 4550 864 4600 regem
931 4530 1248 4585 Graecorum
1302 4539 1358 4583 et
1417 4527 1646 4581 fratrem
1712 4525 2060 4582 Theodorum

480 4636 691 4688 coorta,
744 4624 838 4692 qui
887 4622 1214 4692 Byzantium
1296 4629 1548 4685 venerat,
1616 4630 1677 4675 ut
1746 4635 1972 4690 regnum
2032 4639 2059 4674 a

2172 3533 2288 3584 μεω
2308 3556 2321 3579 ,
2355 3515 2496 3586 ἀνὴρ
2526 3515 2596 3568 τὰ
2632 3517 2687 3578 ἐς
2723 3514 2939 3570 σύνεσιν
2969 3518 3036 3570 τὰ
3068 3517 3266 3588 πρῶτα
3300 3522 3601 3589 φερόμενος
3631 3522 3757 3585 ταῖς

2166 3608 2260 3661 τοῦ
2308 3608 2575 3679 βασιλέως
2627 3608 2845 3679 ὓύραις.
2897 3610 3001 3662 Τὸν
3053 3612 3153 3681 μὲν
3204 3607 3297 3665 οῦν
3346 3614 3639 3683 Φατουμᾶν
3688 3616 3755 3669 οὐ

2170 3701 2348 3771 πολλῷ
2392 3700 2620 3771 ὕστερον
2664 3699 2967 3767 συλλαϐὼν,
3010 3703 3111 3774 τὴν
3152 3705 3339 3758 οὐσίαν
3383 3706 3552 3759 αὐτοῦ
3597 3708 3756 3776 ἀφεί-

2166 3794 2287 3846 λετο
2327 3795 2381 3857 ἐς
2423 3794 2764 3865 πεντήκοντα
2805 3795 2899 3847 καὶ
2939 3796 3135 3872 ἑκατὸν
3174 3799 3471 3869 μυριάδας,
3508 3800 3753 3872 ἀργύρια

2164 3885 2210 3938 δ’
2239 3887 2295 3948 ἐς
2330 3864 2587 3954 τετράκις
2618 3887 2661 3917 ³⁸
2695 3885 2953 3941 τάλαντα.
2992 3864 3083 3958 ίΓῷ
3130 3864 3317 3959 μέντοι
3352 3864 3621 3960 Ἑλλήνων
3658 3864 3757 3963 βαη

2168 3980 2309 4032 σιλεῖ
2356 3978 2579 4034 σπονδαί
2613 3998 2671 4033 τε
2711 3975 2856 4052 ἦσαν
2911 3982 3017 4035 ὑπὸ
3056 3982 3361 4053 βασιλέως,
3399 3987 3493 4039 καὶ
3532 3989 3633 4040 οὐκ
3670 3989 3756 4042 ἔτι

2167 4072 2450 4126 ἐλέλυντο·
2485 4069 2600 4143 εἶχέ
2628 4091 2689 4127 τε
2720 4074 2920 4145 ἥσυχος
2952 4076 3012 4128 ἐν
3040 4077 3117 4143 τῷ
3149 4077 3402 4147 παρόντι,
3432 4080 3527 4132 καὶ
3557 4068 3755 4150 ἐθερά-

2166 4182 2301 4218 πευε
2328 4166 2417 4219 τὸν
2446 4166 2668 4237 βασιλέα
2696 4165 2889 4236 δώροις
2910 4206 2925 4231 ,
2964 4166 3104 4221 ὥστε
3137 4170 3305 4239 μηδὲν
3330 4170 3481 4241 αὐτῷ
3508 4174 3748 4242 χαλεπὸν

2164 4262 2257 4314 ἐπὶ
2287 4261 2412 4314 νοῦν
2442 4261 2698 4332 βαλέσθαι
2726 4264 2816 4316 τὸν
2842 4263 3069 4334 βασιλέα
3107 4267 3473 4340 ⁹Λμουράτην.
3496 4267 3605 4324 Ἶιν
3630 4275 3745 4343 γὰρ

2163 4354 2227 4424 δὴ
2263 4355 2411 4425 αὐτῷ
2444 4356 2676 4426 διαφορά
2711 4357 2846 4428 πρὸς
2880 4359 2970 4411 τὸν
3003 4360 3231 4429 ἀδελφὸν
3265 4363 3430 4416 αὐτοῦ
3468 4366 3748 4437 Θεόδωρον

2164 4446 2255 4499 τὸν
2290 4448 2485 4498 νεωστὶ⁵
2525 4448 2827 4517 ἀφιγμένον
2861 4450 2954 4501 ἐπὶ
2997 4448 3330 4517 Βυζάντιον,
3368 4454 3751 4527 διαδεξόμενον

2164 4536 2261 4605 τὴν
2295 4537 2471 4607 ἀρχὴν
2509 4540 2664 4608 παρὰ
2701 4539 2792 4593 τοῦ
2839 4541 3095 4609 ἀδελφοῦ.
3130 4544 3243 4599 Καὶ
3289 4546 3559 4616 ἔπραττεν
3592 4545 3748 4615 οὗτος

2164 4628 2230 4680 τὰ
2281 4628 2436 4698 πρὸς
2474 4629 2700 4700 βασιλέα
2754 4632 3163 4702 ἐναντιούμενος
3212 4635 3289 4705 τῷ
3341 4638 3581 4708 ἀδελφῷ.
3636 4643 3749 4695 Καὶ

479 4718 653 4771 fratre
690 4717 1023 4784 susciperet.
1068 4714 1117 4769 Is
1151 4729 1211 4769 se
1260 4729 1359 4783 pro
1422 4728 1551 4784 rege
1579 4713 1829 4783 gerebat,
1872 4713 2060 4768 fratri-

2171 4720 2396 4794 ὗστερὸν
2426 4738 2485 4775 τε
2515 4724 2780 4794 ἐξηνέχθη
2812 4724 2960 4795 αὐτῷ
2993 4728 3048 4788 ἐς
3080 4727 3289 4796 εὐφανῆ
3325 4728 3614 4801 διαφοράν,
3652 4739 3751 4787 καὶ⁵

478 4824 589 4878 que
640 4807 956 4862 resistebat.
1011 4804 1299 4859 Postremo
1343 4820 1409 4858 ex
1444 4815 1636 4873 aperto
1664 4804 1809 4859 inter
1845 4819 1906 4859 se
1962 4805 2062 4858 ho-

480 4901 634 4956 stiles
662 4899 986 4953 inimicitias
1022 4912 1268 4968 gessere.
1315 4897 1450 4950 Nam
1480 4896 1879 4966 expeditionem
1907 4914 2061 4954 sum-

479 4997 589 5067 psit
612 4996 880 5050 adversus
910 4992 1154 5063 Byzantii
1180 5004 1363 5059 regem
1390 4988 1717 5045 Theodorus
1751 4990 1938 5053 frater,
1972 4994 2060 5047 cui

479 5088 741 5156 Selyhria
777 5095 832 5139 et
871 5085 1019 5155 regio
1077 5083 1307 5136 finitima
1372 5083 1671 5136 eonunissa
1728 5092 1867 5137 erat.
1922 5083 2059 5138 Cum

480 5182 624 5233 enim
660 5189 872 5249 peteret
930 5176 1144 5232 reditus
1214 5175 1574 5239 sufﬁcientes,
1623 5174 1828 5244 quibus
1889 5177 2056 5229 vitam

481 5289 636 5326 suam
676 5273 963 5327 commode
1001 5270 1277 5324 sustinere
1334 5279 1544 5336 posset,
1608 5268 1891 5338 repulsam
1929 5283 2053 5337 pas-

478 5380 576 5420 sus
612 5373 719 5419 est.
758 5363 897 5419 llinc
958 5363 1160 5418 bellum
1198 5362 1342 5416 inter
1375 5360 1556 5429 ipsum
1584 5369 1638 5414 et
1695 5360 1920 5412 fratrem
1966 5370 2049 5414 est

2164 4816 2525 4885 ἐστρατεύετο
2551 4818 2646 4869 ἐπὶ
2671 4816 2968 4882 Βυζαντίου
2993 4819 3220 4889 βασιλέα
3243 4820 3515 4893 Θεόδωρος
3542 4828 3569 4878 ὁ
3595 4828 3748 4880 ἀδελ-

2162 4906 2282 4974 φὸς.
2316 4906 2414 4977 τήν
2443 4922 2503 4959 τε
2538 4906 2844 4976 Συληόρίαν
2890 4910 3356 4980 ἐπιτετραμμένος
3385 4915 3481 4967 καὶ
3519 4916 3619 4984 τὴν
3649 4934 3744 4969 πε-

2164 4996 2369 5065 ρίοικον
2418 4996 2645 5065 ταύτης.
2694 4997 3024 5065 Αίτούμενος
3073 4999 3183 5070 γὰρ
3240 5001 3431 5075 ίκανὴν
3482 5008 3747 5075 πρόσοδον

2163 5089 2309 5158 αὐτῷ
2336 5091 2389 5152 ἐς
2416 5092 2475 5141 τὸ
2502 5088 2733 5159 ἀποζῆν,
2760 5090 2859 5142 οὐκ
2884 5092 3204 5161 ἐτύγχανεν.
3227 5094 3394 5150 Ὅθεν
3420 5101 3477 5162 ἐς
3505 5100 3745 5170 πόλεμόν

2163 5197 2223 5233 τε
2255 5180 2549 5233 καθίστατο
2577 5179 2652 5249 τῷ
2679 5180 2917 5251 ἀδελφῷ,
2948 5185 3038 5235 καὶ
3068 5186 3449 5253 ἐστρατεύετο.
3478 5189 3746 5261 Ὕστερον

2168 5275 2351 5340 μέντοι
2408 5271 2578 5342 πρινὴ
2628 5271 2806 5326 ὁτιοῦν
2858 5274 3263 5346 διαπράξασοαι
3307 5280 3485 5352 αὐτῷ,
3531 5284 3748 5337 ἐτελεύ-

2161 5380 2295 5433 τησε
2325 5364 2467 5433 νόσῳ
2498 5364 2751 5435 λοιμώδει
2785 5368 2877 5420 τὸν
2909 5366 3022 5437 βίον
3054 5370 3362 5428 ἀπολιπών.
3397 5376 3746 5431 Κωνσταντῖ-

1755 5474 2003 5535 Νοῑυίω
2032 5475 2440 5553 marginales.

553 5600 629 5671 (2)
664 5600 851 5654 Giscra
890 5599 1076 5663 Boem,
1105 5598 1198 5668 qui
1234 5597 1369 5652 alias
1396 5596 1632 5652 Joannes
1664 5596 1731 5651 de
1793 5595 2045 5652 Braudis.

2171 5601 2298 5654 ufiu.
2343 5601 2374 5653 5
2399 5601 2517 5658 dcc.
2556 5604 2650 5659 lib.
2681 5620 2734 5661 v.

543 5696 586 5725 ‘°
614 5697 1052 5768 ἁποταμόμενος.
1082 5694 1171 5750 Sic
1212 5696 1371 5749 etiam
1404 5695 1456 5747 in
1493 5708 1634 5756 uno;
1667 5693 1719 5745 in
1749 5692 1823 5745 al.
1848 5703 1901 5746 ut
1936 5709 1981 5746 r.

2172 5714 2201 5750 η
2231 5712 2326 5751 ora
2361 5699 2642 5769 Τουρκων.
2727 5702 2769 5733 ¹¹
2800 5706 3215 5778 τετρακισχίλια
3242 5725 3255 5739 ⁸
3286 5708 3339 5762 in
3367 5720 3438 5764 at.
3476 5718 3530 5762 ut
3564 5724 3612 5762 c.
