4010 6208
511 362 609 426 ξω

1288 442 1327 473 1

1582 355 1898 418 LAONlCl
1949 357 2615 418 εΠΑιοοςΟΝῡΥιιιΕ

3654 361 3769 422 3όὸ

513 480 777 531 ehmetem
805 474 914 541 jam
943 470 1325 541 pubeseeutct'n
1358 487 1451 541 per
1478 482 1656 526 castra
1688 474 2080 541 circumduxit,

2199 490 2270 527 κει
2327 473 2470 543 μέγα
2522 472 2688 534 πάνυ,
2721 473 2967 542 οἰόμενος
3023 472 3225 526 αὐτίκα
3254 472 3438 536 πάντη
3470 470 3515 501 ³³
3546 472 3770 524 ἀπολεῖ-

514 581 786 635 regnoque
821 562 1081 633 pra-fecit.
1118 561 1215 616 Sio
1252 572 1431 616 autem
1488 563 1591 617 ista
1640 580 1892 618 chncre.
1946 563 2085 620 Cum

514 666 780 728 pugnaret
817 656 1085 707 adversus
1138 652 1427 707 Pannones
1470 653 1680 717 Vat-nae,
1719 664 1771 709 ct
1812 656 2087 710 exercitus

510 766 645 803 suos
678 751 744 802 ad
770 748 952 818 fugam
985 747 1251 801 inclinare
1301 756 1571 812 cerneret,
1595 746 1752 800 valde
1789 747 1969 801 timuit
1994 762 2089 815 pn-

513 851 635 893 tutis
668 855 726 894 se
751 854 871 891 mox
908 853 1028 891 cum
1056 837 1175 891 suis
1202 836 1526 906 periturum.
1553 837 1610 890 ln
1640 837 1741 890 hac
1765 838 2088 906 gravissima

515 933 840 985 necessitate
867 929 1221 993 constitutus,
1248 929 1416 993 vovit,
1465 928 1510 983 si
1558 928 1851 984 incolumis
1892 927 2089 982 evade-

516 1034 595 1076 ret
620 1037 859 1092 praesens
890 1021 1193 1090 perieulum
1237 1031 1293 1075 et
1326 1021 1551 1075 victoria
1579 1021 1866 1091 potiretur,
1893 1038 1950 1075 se
1972 1036 2087 1075 ces‘

513 1136 701 1173 surum
740 1135 931 1183 regno,
964 1129 1016 1175 et
1040 1119 1090 1173 id
1127 1119 1555 1174 commissurum
1579 1120 1711 1184 (ilio,
1736 1127 1789 1175 et
1810 1119 2085 1174 abiturum
2120 1132 2125 1133 ’

513 1212 568 1263 in
603 1214 810 1272 Asiam,
851 1222 907 1266 ut
934 1213 1007 1266 ibi
1036 1213 1198 1265 vitam
1250 1211 1528 1275 traducat,
1582 1212 1851 1266 admistus
1903 1226 2089 1267 sacer-

515 1304 736 1359 dotibus
767 1314 819 1357 et
841 1303 1154 1358 Nazarzeis:
1206 1313 1258 1358 et
1298 1303 1575 1357 culturum
1621 1302 1934 1371 frequenter
1996 1304 2090 1357 lie-

516 1412 689 1456 roum,
722 1397 879 1465 eique
907 1396 1338 1450 immolaturum.
1364 1394 1497 1449 Cum
1527 1396 1694 1465 igitur
1731 1396 2089 1451 Pannonibus

516 1488 802 1540 victoriam
832 1488 1173 1549 extorsisset,
1229 1503 1357 1557 rege
1387 1504 1575 1543 eorum
1638 1499 1941 1559 perempto,
1992 1492 2089 1546 do-

519 1593 662 1627 n.nnt
690 1578 870 1639 rediit,
908 1577 1478 1646 liliumqucjttniorem
1530 1580 1820 1635 accersivit
1842 1581 1908 1634 ad
1937 1582 2086 1652 regni

518 1668 944 1731 gurbernaculo.
978 1667 1110 1721 Nam
1138 1668 1281 1725 (ilius
1312 1670 1432 1739 ejus
1462 1671 1723 1726 Aladines
1784 1684 1915 1728 natu
1975 1690 2088 1728 ma-

520 1764 703 1814 ximus
735 1760 876 1813 haud
945 1762 1177 1829 amplius
1212 1774 1493 1831 superstes
1542 1775 1681 1827 erat,
1737 1766 1831 1819 sed
1877 1775 2089 1822 natura:

2192 566 2337 620 σθαι.
2374 566 2463 629 Ὦς
2502 566 2604 636 ἤδη
2646 566 2877 634 ἀφίκετο
2912 565 3223 635 ξυμφορᾶς,
3247 564 3447 633 ηἷιχετό
3480 581 3561 622 τε.
3589 565 3662 627 ὡς
3700 565 3769 631 ἣν

2187 659 2337 727 αὐτῷ
2376 657 2441 711 τὰ
2492 658 2795 728 πράγματα
2835 660 2910 728 μὴ
2945 658 3247 728 διαφθαρῇ,
3279 660 3400 711 τότε
3445 659 3509 709 ὲν.
3548 658 3624 726 τῷ
3673 657 3768 710 θο-

2190 749 2339 819 ρύϐῳ
2369 750 2563 819 ἐκείνῳ
2601 750 2891 804 ἀπολιπεῖν
2931 768 2987 802 τε
3018 750 3118 819 τὴν
3150 749 3348 820 ἀρχὴν,
3380 750 3470 802 καὶ
3506 749 3582 819 τῷ
3614 750 3769 801 παιδὶ

2188 840 2584 909 ἐπιτρέψαντα,
2616 840 2778 893 αὑτὸν
2814 839 3060 910 οἴχεσθαι
3093 842 3148 903 ἐς
3178 840 3277 910 τὴν
3319 840 3526 900 Ἀσίαν,
3552 839 3767 908 διατρί-

2186 929 2358 998 ψοντα
2384 932 2480 983 σὺν
2510 932 2624 993 τοῖς
2656 929 2886 1000 ίερεῦσι,
2912 931 3003 984 καὶ
3030 933 3145 994 τοῖς
3186 930 3317 1001 παρ’
3350 930 3536 990 αὐτοῖς
3568 929 3769 982 καλουμ

2190 1022 2375 1090 μένοις
2424 1022 2783 1092 Ναςηραίοις,
2843 1023 3283 1093 προσευχόμενον
3328 1023 3407 1091 τῷ
3445 1022 3627 1090 ἡρωιη.
3668 1026 3767 1076 καὶ

2188 1114 2462 1180 ἀνάγοντα
2486 1114 2531 1144 ⁸⁸
2558 1113 2709 1183 θαμά
2738 1114 2838 1184 τὴν
2868 1115 3084 1169 θυσίαν.
3124 1114 3210 1176 Ὠς
3237 1114 3293 1167 δὲ
3324 1113 3675 1181 περιεγένετο
3706 1131 3766 1165 τε

2190 1206 2454 1270 Παιόνων,
2472 1208 2563 1261 καὶ
2588 1207 2681 1259 τὸν
2712 1207 2957 1261 Παιόνων
2983 1205 3211 1276 βασιλέα
3230 1204 3448 1273 ἐξελὼν,
3475 1205 3767 1275 ἐκομίζετο

2191 1298 2470 1362 ὲπόῐκου,
2501 1299 2592 1353 τόν
2627 1317 2687 1352 τε
2736 1300 2902 1353 παῖδα
2954 1297 3121 1353 αὐτοῦ
3154 1298 3246 1352 τὸν
3290 1297 3558 1367 νεώτερον
3614 1297 3768 1364 Μεχ-

2193 1390 2363 1460 μέτην
2398 1392 2780 1461 μετεπέμπετο
2810 1392 2903 1444 ἐπὶ
2931 1393 3027 1460 τὴν
3052 1392 3249 1462 ἀρχήν.
3287 1392 3346 1444 Ὀ
3376 1391 3486 1458 γὰρ
3520 1386 3765 1458 πρεσὸύ-

2188 1500 2343 1552 τερος
2384 1483 2547 1536 αὐτοῦ
2595 1484 2875 1553 Ἀλαδίνης
2907 1484 3006 1537 οὐκ
3052 1485 3133 1536 ἔτι
3178 1482 3397 1552 περιῆν,
3441 1480 3767 1533 sirm-.2-

2189 1575 2443 1651 λευτὴκει
2472 1574 2577 1628 ὑπὸ
2603 1575 2773 1628 ἵππου
2814 1575 3291 1645 ἐκτραχηλισθεὶς,
3321 1572 3752 1643 κυνηγετοῦντος

2189 1666 2355 1719 αὑτοῦ
2405 1668 2501 1721 καὶ
2526 1666 2843 1728 ἐπιθέοντος
2886 1668 2989 1721 ἀνα
3041 1668 3244 1737 κράτος
3279 1667 3375 1719 ἐπὶ
3406 1669 3505 1734 τὴν
3536 1665 3763 1731 ἔλαφον.

2237 1754 2368 1824 ὗτος
2397 1762 2495 1829 μὲν
2526 1760 2618 1814 οὖν
2647 1760 2821 1824 οὕτως
2855 1760 3196 1829 ἐτελεύτησε.
3248 1758 3542 1828 Μεχμέτην
3573 1756 3629 1808 δὲ
3667 1756 3761 1806 τὸν

518 1851 759 1904 debitum
794 1852 1121 1919 exsolverat,
1180 1854 1547 1922 praecipitatus
1577 1872 1639 1911 ex
1672 1871 1813 1926 equo
1848 1857 1901 1911 in
1928 1873 2091 1913 vena-

2199 1851 2459 1923 νέώτερον
2493 1854 2660 1907 παῖδα
2691 1854 2995 1921 περιιόντα,
3018 1852 3093 1915 ὡς
3124 1851 3342 1919 ὲλέγετό
3377 1867 3491 1919 μοι,
3519 1850 3638 1901 τότε
3670 1851 3766 1901 ἐπὶ

521 1944 689 2010 tione,
726 1960 850 1999 cum
904 1957 1327 2018 persequeretur
1368 1964 1622 2003 cervum.
1659 1949 1710 2005 is
1765 1951 1987 2021 quidem
2034 1952 2087 2007 in

520 2040 663 2090 hunc
691 2038 910 2093 modum
937 2040 1219 2095 occubuit.
1264 2041 1620 2097 Mechmetem
1676 2054 1856 2098 autent
1904 2045 2091 2115 junio-

519 2143 629 2181 rem
680 2129 746 2182 ad
804 2132 952 2199 regni
1007 2132 1357 2188 moderamen
1418 2136 1649 2190 vocavit.
1711 2135 1849 2190 Cum
1907 2147 2087 2192 autem

519 2220 760 2273 venisset
792 2232 1038 2281 vocatus.
1072 2239 1301 2293 regnum
1332 2237 1385 2279 et
1415 2226 1640 2296 januas,
1674 2243 1885 2285 necnon
1938 2245 2089 2296 pere-

516 2311 706 2377 grinos
731 2322 884 2380 pater
902 2315 1020 2382 ejus
1059 2316 1182 2369 ﬁdei
1227 2319 1598 2380 committens.
1636 2318 1755 2389 ipse
1807 2320 2089 2389 profectus

515 2413 598 2456 est
643 2402 899 2469 Prusam,
955 2407 1045 2462 ubi
1086 2408 1229 2464 Asiae
1264 2410 1425 2466 sedes
1474 2413 1619 2479 regia
1665 2422 1768 2468 est.
1824 2412 2091 2467 Abdicato

518 2496 684 2564 igitur
718 2514 905 2567 regno,
932 2516 1058 2553 cum
1094 2480 1387 2568 Zicltidis:
1421 2504 1513 2572 qui
1563 2503 1870 2559 Turcnrum
1920 2503 2094 2560 Naza-

518 2590 610 2644 r:ei
643 2592 758 2645 sive
791 2594 1044 2647 monachi
1097 2603 1248 2660 sunt,
1300 2603 1354 2650 et
1406 2612 1531 2651 cum
1582 2596 1824 2662 Seitidis,
1878 2614 2091 2654 necnon

517 2696 641 2735 eum
675 2683 902 2752 reliquis
946 2686 1124 2742 doctis
1178 2699 1542 2745 conversatus
1596 2698 1703 2746 est.
1754 2690 1864 2746 Nec
1922 2694 2092 2745 multo

520 2782 646 2839 post
689 2777 943 2843 pmnituit
994 2780 1195 2842 virum,
1250 2781 1397 2850 quod
1452 2797 1622 2850 regno
1677 2783 1888 2846 relicto,
1948 2798 2093 2836 nunc

519 2867 1131 2938 privatamselneretur
1189 2873 1377 2927 vitam.
1432 2873 1567 2929 Cum
1614 2885 1797 2930 autem
1857 2890 2094 2944 praesen-

521 2968 628 3010 tem
669 2960 790 3014 vita:
825 2962 1195 3017 conditionem
1252 2965 1395 3019 baud
1433 2966 1578 3022 ferre
1630 2974 1838 3037 posset,
1886 2970 2096 3023 consi-

523 3051 589 3104 lia
628 3053 875 3117 agitavit,
933 3070 1040 3123 qua
1092 3056 1303 3111 ratione
1345 3058 1481 3113 citra
1544 3060 1840 3114 tumultum
1888 3059 2094 3130 regiam

519 3142 833 3212 dignitatem
862 3163 886 3200 r
921 3149 1147 3216 ciperet.
1184 3148 1385 3205 Sedulo
1428 3151 1573 3205 enim
1613 3152 1977 3221 praecavebat,
2028 3168 2095 3207 ue

522 3238 569 3289 si
638 3237 779 3293 tilius
833 3239 1061 3294 sentiret
1127 3241 1256 3311 quid
1320 3243 1438 3311 ipse
1510 3243 1813 3309 moliretur,
1892 3246 2091 3300 bellum

519 3331 853 3398 exoriretur,
884 3333 1044 3401 cujus
1075 3336 1189 3403 ipse
1213 3346 1409 3391 auctor
1434 3337 1502 3393 ab
1532 3336 1728 3393 Turcis
1773 3338 2091 3395 haberetur.

525 3424 654 3486 Qua:
678 3424 897 3493 quidem
953 3426 1134 3481 fach
1196 3427 1457 3493 instituit,
1514 3428 1580 3482 ad
1637 3429 1797 3482 linem
1847 3427 2093 3491 deduxit,

521 3516 773 3571 vulelicet
804 3524 861 3570 ut
892 3517 1097 3573 rediret
1134 3518 1200 3573 ad
1254 3536 1483 3591 regnum
1544 3536 1707 3589 opera
1739 3531 1792 3576 et
1825 3520 2095 3575 industria

521 3606 755 3661 Cltatitis
782 3607 877 3660 ﬁlii
924 3607 1149 3669 Priami,
1186 3624 1296 3677 quo
1328 3610 1670 3665 familiariter
1720 3611 1998 3675 utebatur,
2041 3618 2095 3663 et

524 3713 648 3750 nam
692 3714 802 3767 quo
840 3702 892 3753 ei
949 3700 1229 3755 artissima
1285 3702 1674 3758 intercesserat
1722 3702 2095 3759 necessitudo.

524 3791 769 3847 tLliatites
792 3807 924 3859 ergo
958 3791 1049 3846 ubi
1082 3794 1408 3849 sententiam
1437 3794 1719 3850 Amuratis
1745 3796 1881 3851 satis
1938 3796 2099 3851 intel-

528 3882 680 3948 lexit,
737 3898 967 3951 puerum
1026 3882 1385 3940 Meeltmctem
1441 3894 1700 3940 venatum
1761 3886 1840 3940 ire
1893 3886 2097 3956 jubet,

526 3978 581 4025 ut
614 3986 673 4024 se
704 3985 863 4040 quam
914 3971 1277 4039 pulcherrime
1325 3989 1390 4028 ex
1441 3989 1581 4043 equo
1646 3986 1944 4031 exerceret.
1994 3976 2097 4043 Qui

524 4062 670 4115 dicto
734 4062 1010 4123 audiens.
1053 4072 1309 4118 venatum
1365 4065 1520 4121 abiit.
1585 4064 1798 4122 lnterea
1853 4069 2100 4125 Cltatites

528 4154 779 4207 nuntium
813 4155 978 4209 mittit
1006 4155 1071 4209 ad
1099 4164 1332 4229 patrem,
1367 4173 1528 4227 quem
1581 4159 1764 4214 subito
1800 4161 1942 4215 dicta
2010 4163 2100 4217 die

525 4244 660 4298 nihil
693 4245 922 4299 veritum
959 4247 1010 4301 in
1046 4247 1198 4304 tubis
1222 4249 1426 4315 regiam
1464 4251 1668 4316 venire,
1700 4260 1753 4305 et
1778 4251 1869 4320 jus
1919 4254 2099 4310 dicere

526 4344 583 4389 ut
623 4352 798 4403 regem
832 4337 1048 4393 civibus
1087 4337 1264 4407 jubet.
1301 4340 1586 4396 Amurales
1633 4343 2098 4411 quemadmodum

520 4428 707 4494 jussus
752 4438 892 4492 erat,
925 4430 1034 4484 lilio
1092 4430 1385 4485 venatione
1436 4445 1728 4500 occupato,
1778 4436 1844 4488 ad
1892 4436 2103 4504 praesti-

528 4533 697 4572 tutam
745 4521 890 4576 diem
943 4522 1181 4577 advenit.
1240 4524 1548 4579 Adveniens
1594 4541 1819 4596 regnum
1868 4528 2099 4581 invasit:

527 4614 739 4669 t'ivibus
769 4615 1065 4685 januisqne
1092 4623 1148 4668 ut
1174 4615 1461 4684 dccel,jus
1490 4618 1647 4673 dixit.
1677 4618 1870 4685 Filius,
1900 4628 1958 4673 ut
2013 4635 2104 4675 ac-

529 4708 673 4774 cepit
696 4715 906 4775 patrem
938 4717 1144 4761 mutata
1177 4709 1456 4764 voluntate
1490 4710 1650 4780 187
1679 4726 1907 4779 regnum
1957 4728 2104 4768 recc-

530 4801 696 4868 pisse,
734 4799 985 4852 nesciens
1031 4799 1161 4869 quid
1212 4808 1397 4868 ageret
1452 4802 1507 4855 in
1556 4801 1809 4871 praesenti
1861 4804 2106 4874 negotio,

529 4904 712 4945 tamen
735 4891 989 4957 accessit,
1017 4906 1337 4962 patremque
1394 4909 1573 4963 regem
1625 4894 1915 4950 adovavit:
1949 4912 2107 4951 eum-

528 5002 633 5055 qtm
657 4994 881 5041 secutus
900 4995 1006 5053 est,
1033 5000 1363 5056 quocunque
1411 4988 1703 5041 militatum
1725 4990 1973 5045 abiissct.
1998 4988 2109 5045 Nec

2135 4567 2179 4623 Ι)

2193 1945 2289 2014 τὴν
2320 1948 2494 2016 ἀρχὴν
2525 1946 2928 2015 μετεπέμπετο.
2978 1948 3066 2008 Ὠς
3092 1945 3149 1999 δὲ
3182 1945 3430 2013 ἀφίκετο,
3460 1941 3765 2011 ἐπιτρέψας

2192 2039 2338 2110 αὺτῷ
2371 2038 2467 2109 τὴν
2497 2041 2693 2109 ἀρχὴν,
2721 2040 2929 2102 καὶτὰς
2968 2038 3163 2107 θύρας.
3199 2040 3293 2092 καὶ
3324 2038 3451 2101 τοὺς
3478 2036 3765 2103 νεήλυδας,

2192 2133 2352 2196 αὐτὸς
2385 2131 2559 2203 ᾤχετο
2587 2132 2780 2194 διαῢὰς
2831 2132 2926 2185 ἐπὶ
2970 2131 3070 2201 τὴν
3095 2132 3304 2193 Ἀσίαν,
3337 2131 3393 2193 ὲς
3423 2130 3695 2200 Προῦσαν,

2192 2227 2261 2279 τὰ
2293 2226 2395 2294 τῆς
2419 2225 2601 2289 Ἀσίας
2633 2225 2883 2295 βασίλεια
2910 2220 2999 2295 ἡν.
3026 2225 3138 2296 Τὴν
3170 2225 3271 2295 μὲν
3299 2219 3391 2277 οὖν
3421 2223 3597 2294 ἀρχὴν
3623 2223 3766 2274 ἀπο-

2194 2318 2439 2387 θέμενος,
2474 2318 2611 2387 μετά
2661 2318 2885 2388 Ζιχίδων
2928 2318 2994 2385 ³⁸,
3037 2317 3148 2370 τῶν
3180 2317 3311 2386 παρ’
3362 2315 3545 2369 αὐτῶν
3577 2314 3768 2381 Ναζη-

2196 2410 2385 2479 ραίων,
2401 2410 2495 2462 καὶ
2513 2407 2784 2473 Σειτίδων,
2805 2410 2897 2462 καί
2920 2409 3028 2461 τῶν
3045 2408 3139 2462 τοῦ
3162 2408 3351 2476 γένους
3369 2405 3573 2476 σοφῶν,
3592 2405 3765 2457 πολλὰ

2194 2502 2484 2572 διέτριϐεν.
2510 2503 2585 2555 Οὐ
2620 2484 2799 2572 πολλῷ
2829 2500 2884 2555 δὲ
2918 2499 3149 2570 ὓστερον
3200 2499 3462 2570 μετέμελέ
3494 2516 3553 2551 τε
3588 2496 3765 2566 αὐτῷ,

2196 2593 2409 2647 ἀπιόντι
2440 2594 2504 2647 ὲκ
2535 2594 2631 2658 τῆς
2659 2594 2860 2665 ἀρχῆς,
2911 2596 3005 2648 καὶ
3050 2592 3405 2646 ἰδιωτεύοντι.
3458 2591 3545 2655 Ὠς
3573 2591 3630 2645 δὲ
3662 2592 3765 2645 οὐκ

2195 2688 2474 2756 ἠνέσχετο,
2522 2688 2801 2757 ἔπρασσεν
2858 2688 3006 2751 ὅπως
3049 2686 3289 2739 ἐπανιὼν
3316 2686 3415 2756 τὴν
3450 2684 3624 2756 ἀρχὴν
3660 2703 3765 2737 κα-

2194 2780 2382 2849 τάσχοι
2410 2781 2534 2833 καθ’
2559 2779 2789 2850 ἡσυχίαν
2813 2792 2829 2808 ⁸
2856 2778 2931 2842 ὡς
2958 2780 3013 2833 δὲ
3045 2778 3121 2849 μὴ
3138 2780 3194 2841 ἐς
3215 2778 3480 2848 διαφορὰν
3508 2778 3770 2843 ἀφικνου-

2198 2873 2363 2939 μένου
2417 2872 2584 2925 αὑτοῦ
2635 2871 2729 2924 τοῦ
2782 2872 2994 2935 παιδὸς,
3042 2870 3477 2939 κινδυνευομένῳ
3509 2867 3660 2938 αὕτῷ
3695 2868 3768 2920 τὰ

2198 2963 2520 3033 πράγματα,
2542 2966 2635 3018 καὶ
2658 2965 2841 3018 αἰτίαν
2863 2965 2977 3035 έχοι
3000 2964 3135 3033 πρὸς
3151 2962 3246 3017 τοῦ
3267 2963 3455 3033 γένους
3486 2959 3574 3015 οία
3599 2963 3766 3015 ποιεῖ.

2200 3054 2483 3123 Ἔπρασσε
2532 3055 2590 3108 δὲ
2636 3055 2788 3118 ὅπως
2838 3055 3121 3116 ἐπανέλθοι
3177 3054 3314 3125 μετὰ
3364 3053 3615 3109 Χαλίλεω
3665 3052 3763 3107 τοῦ

2201 3147 2484 3217 Πραῖμεω,
2508 3147 2698 3217 ἀνδρὸς
2735 3147 2993 3214 συνήθους
3019 3147 3170 3217 αὐτῷ
3204 3149 3259 3210 ἐς
3288 3150 3356 3200 τὰ
3386 3148 3644 3210 μάλιστα,
3670 3146 3769 3199 καί

2198 3240 2246 3291 οἱ
2282 3240 2602 3308 ἐπιτηδείως
2642 3239 2856 3308 ἔχοντος
2886 3241 3019 3295 αἰεί.
3059 3240 3232 3305 Αὐτὸς
3279 3240 3380 3307 μὲν
3434 3239 3527 3293 οὖν
3574 3239 3763 3292 ιπεισε

2198 3331 2289 3383 τὸν
2316 3331 2482 3384 παῖδα
2514 3331 2570 3393 ἐς
2601 3330 2775 3400 ἄγρας
2802 3332 3096 3397 φοιτῶντα,
3120 3331 3499 3401 γυμνάζεσθαι
3535 3333 3610 3393 ὡς
3632 3334 3771 3387 κά).-

2199 3421 2355 3473 λιστα
2389 3421 2477 3490 ἐφ’
2508 3421 2701 3476 ἵππου.
2726 3423 2838 3475 Καὶ
2867 3423 3054 3491 ἐπειδὴ
3084 3422 3294 3490 ἔπειθε,
3326 3424 3511 3494 κρύφα
3551 3424 3773 3493 ἔπεμπε

2199 3513 2276 3582 τῷ
2310 3513 2478 3584 πατρὶ
2512 3513 2700 3575 αὐτοῦ,
2728 3513 2897 3583 μηδὲν
2926 3513 3157 3579 δεδιότα,
3185 3514 3339 3584 ἀφνω
3367 3518 3424 3578 ἐς
3467 3517 3565 3587 τὴν
3596 3518 3775 3588 ῥητὴν

2202 3606 2351 3675 αὐτῴ
2404 3607 2639 3675 ἡμέραν,
2676 3606 3012 3676 ἀφικόμενον
3047 3608 3103 3665 ές
3138 3608 3206 3660 τὰ
3264 3606 3515 3676 βασίλεια
3544 3612 3642 3676 τῆς
3677 3610 3777 3662 πό-

2201 3696 2360 3759 λεως,
2385 3696 2743 3767 χρηματίζειν
2776 3699 2886 3760 τοῖς
2919 3698 2976 3749 ὲν
3020 3700 3087 3767 τῇ
3131 3696 3282 3751 πόλει
3322 3696 3397 3760 ὡς
3427 3698 3674 3768 βασιλέα.
3712 3698 3775 3752 '0

2208 3788 2307 3855 μὲν
2334 3787 2426 3841 οὖν
2453 3788 2527 3851 ὡς
2560 3788 2869 3852 ὑπετίθετο,
2900 3790 2956 3852 ὲς
2986 3789 3052 3861 ἡν
3075 3790 3225 3859 αὐτῷ
3252 3791 3502 3845 συνέθετο
3535 3791 3774 3862 ἡμέραν,

2204 3879 2538 3949 παρεγένετό
2584 3896 2641 3932 τε
2692 3881 2925 3949 ἀπόντος
2975 3880 3126 3950 αὐτῷ
3172 3881 3267 3935 τοῦ
3322 3883 3513 3946 παιδὸς
3565 3885 3621 3948 ές
3672 3885 3778 3954 τὴν

2205 3968 2402 4041 ἄγραν,
2448 3972 2539 4023 καὶ
2591 3974 3022 4041 κυνηγετοῦντος
3048 3989 3062 4003 ’
3104 3975 3555 4045 παραγενόμενός
3589 3993 3648 4028 τε
3681 3995 3783 4030 κα-

2205 4062 2366 4129 τέσχε
2415 4061 2513 4131 τὴν
2560 4060 2866 4131 βασιλείαν,
2903 4065 3259 4136 χρηματίζων
3288 4068 3403 4129 τοῖς
3436 4069 3493 4121 ὲν
3526 4070 3591 4138 τῇ
3622 4069 3782 4124 πόλει

2209 4153 2318 4207 τῶν
2351 4152 2529 4223 θυρῶν
2557 4153 2632 4217 ὡς
2660 4154 2935 4223 βασιλεύς.
2980 4158 3037 4209 Ὀ
3085 4160 3269 4224 μέντοι
3321 4162 3451 4223 παῖς
3501 4160 3670 4227 αὐτῷ,
3702 4162 3783 4224 ὡς

2208 4232 2403 4315 ᾔσθετο
2458 4247 2774 4311 ἐπανιόντος
2832 4248 2926 4302 τοῦ
2982 4248 3185 4322 πατρὸς
3237 4253 3386 4322 αὐτῷ
3447 4251 3622 4320 ἄφνω,
3678 4254 3807 4306 οὐκ

2208 4336 2346 4405 ἔχων
2374 4339 2401 4390 ὃ
2429 4354 2481 4390 τι
2511 4339 2776 4409 χρήσαιτο
2796 4340 3102 4410 πράγματι,
3135 4341 3367 4413 προσῄει
3391 4360 3449 4395 τε
3481 4345 3575 4397 καὶ
3610 4338 3785 4413 προσ-

2209 4430 2472 4501 εκύνησεο
2503 4432 2598 4485 καὶ
2641 4432 2702 4485 τὸ
2774 4432 2882 4485 ἀπὸ
2932 4433 3083 4486 τοῦδε
3136 4436 3385 4504 παρῆγεν
3416 4433 3565 4504 αὐτῷ
3612 4437 3670 4496 ές
3710 4438 3778 4505 ἢν

2212 4508 2279 4573 ἂν
2321 4522 2687 4592 στρατεύηται
2712 4522 2919 4594 χώραν.
2955 4525 3059 4577 Τὸν
3090 4525 3272 4593 μέντοι
3304 4527 3467 4579 παῖδα
3502 4526 3601 4578 οὐκ
3627 4526 3786 4578 ἐλαν-

2210 4612 2391 4679 θανεν,
2424 4610 2499 4677 ὦς
2524 4615 2671 4689 αὐτῷ
2694 4614 2867 4667 ταῦτα
2914 4614 2999 4686 είη
3028 4615 3509 4686 διαπεπραγμένος
3543 4616 3788 4688 Χαλί>.ης

2210 4710 2237 4762 ὁ
2271 4710 2557 4781 Πραῐμεω,
2589 4710 2681 4762 καὶ
2716 4709 2917 4781 ἡχθετό
2948 4722 3012 4762 τε·
3034 4710 3221 4776 ἀξίως.
3254 4711 3329 4763 Οὐ
3370 4710 3557 4778 μέντοι
3594 4727 3656 4778 γε
3694 4714 3790 4763 ἀν-

2211 4802 2401 4872 εδήλου
2439 4803 2714 4873 αὐτῷτὴν
2740 4804 2934 4873 ὀργήν.
2979 4802 3131 4874 "nae.
3168 4803 3274 4871 γὰρ
3312 4803 3456 4870 μέγα
3485 4803 3791 4873 δυνάμενον

2214 4898 2364 4967 παρὰ
2411 4896 2487 4966 τῷ
2536 4898 2729 4966 πατρί.
2759 4898 2894 4949 Τότε
2933 4895 3034 4965 μὲν
3066 4895 3161 4947 οὖν
3207 4899 3264 4957 ες
3296 4895 3395 4967 τὴν
3430 4896 3791 4965 ’Δμουρατεω

2213 4988 2470 5043 ἐπάνοδον
2502 4990 2595 5041 ἐπὶ
2627 4989 2722 5059 τὴν
2751 4987 3029 5058 βασιλείαν
3058 4984 3117 5037 οὖ
3131 5003 3230 5050 τως
3265 4989 3503 5053 ἐγένετο.

529 5083 689 5136 latuit
740 5081 1121 5151 Mechmetem,
1169 5099 1331 5154 opera
1393 5082 1625 5137 Cbatitis
1680 5091 1887 5151 patrem
1942 5100 2104 5151 quam
2148 5083 2382 5137 maxime
2430 5082 2676 5151 adjutum
2733 5084 2835 5136 ista
2900 5082 3096 5152 egisse.
3170 5079 3234 5135 Et
3276 5082 3531 5165 quamvis
3584 5083 3792 5139 Citatiti

531 5182 725 5236 merito
781 5183 1137 5245 irasceretur,

1217 5182 1353 5237 iram
1409 5190 1589 5236 tamen
1639 5181 1927 5237 ostendere
1979 5181 2169 5245 noluit,
2219 5184 2422 5236 veritus
2482 5181 2580 5235 viri
2642 5180 2986 5249 potentiam,
3045 5196 3152 5252 qua
3198 5183 3494 5252 plurimum
3555 5185 3795 5252 pollebat

531 5278 672 5347 apud
696 5288 901 5346 patrem
928 5278 1271 5333 Amuratem.
1301 5276 1359 5331 ln
1387 5277 1532 5331 hunc
1564 5275 1784 5330 modum
1835 5288 1904 5327 eo
1966 5282 2234 5344 tempore,
2294 5283 2517 5345 propter
2577 5275 2750 5345 patris
2811 5276 2867 5331 in
2908 5291 3140 5346 regnum
3188 5277 3446 5343 reditum,
3486 5277 3632 5335 Illius
3664 5280 3795 5334 alle-

526 5383 653 5427 ctus
676 5380 814 5426 erat.

608 5467 900 5533 Poetquam
953 5470 1133 5519 autem
1188 5462 1490 5518 exercitum
1542 5461 1773 5516 abduxit
1821 5459 1889 5513 ab
1922 5459 2105 5514 Mace-

538 5559 722 5625 donia,
756 5574 877 5628 qua:
914 5572 1109 5613 versus
1142 5556 1351 5611 lonium
1392 5562 1564 5625 patet,
1614 5567 1735 5623 quae
1770 5551 2107 5606 Albanorum

2300 5458 2455 5514 Ἐπεὶ
2487 5457 2543 5510 δὲ
2574 5456 2832 5525 ἀπήγαγε
2867 5455 2958 5509 τὸν
2994 5455 3223 5525 στρατὸν
3260 5455 3367 5509 ἀπὸ
3400 5456 3499 5524 τῆς
3541 5454 3669 5524 πρὸς
3700 5456 3794 5507 τὸν

2233 5553 2417 5606 Ἰόνιον
2445 5550 2800 5617 Μακεδονίας,
2833 5551 2929 5621 τῆς
2950 5549 3059 5604 τῶν
3098 5549 3373 5602 Ἀλϐανῶν
3403 5548 3609 5619 χώρας,
3634 5549 3795 5602 τοῦτο

1822 5694 2069 5755 Νυιυιω
2104 5691 2504 5767 marginales.

626 5826 665 5854 ³¹
707 5822 767 5875 In
806 5841 930 5886 ιιιιο,
966 5823 1127 5876 nive.
1208 5823 1248 5854 ³⁵
1294 5820 1659 5889 ἀναγαγόντα.
1692 5820 1777 5875 Sic
1804 5824 1963 5876 etiam
1993 5820 2055 5875 li.

2135 5819 2177 5849 ³⁵
2210 5816 2269 5873 Il.
2302 5818 2391 5870 Ζν.
