4006 6204
507 302 608 361 351

1661 307 1970 367 LAONICI
2004 306 2675 369 CIIALCOCONDYL/E

3641 298 3749 361 352

508 414 651 483 regis
683 414 1014 467 VttltltJalt'ln
1051 415 1388 482 intellexere,
1424 416 1689 472 citissime
1711 418 2073 483 advenerunt,

2190 417 2332 482 σίους
2365 418 2487 472 ἕστε
2532 420 2624 471 ἐπὶ
2650 420 2879 490 Νήσιον,
2908 420 3064 472 πόλιν
3094 418 3190 471 τοῦ
3220 415 3505 486 βασιλέως·
3535 412 3626 465 ἐπὶ
3661 415 3751 463 δε-

510 518 635 555 cunt
669 505 870 571 singuli
901 513 1233 560 conarentur
1270 506 1326 560 in
1359 514 1608 577 tempore
1638 507 1852 573 adesse,
1890 516 1949 561 ut
1977 523 2074 578 pro

508 611 635 664 rege
678 606 973 649 certarent.
1014 596 1152 651 Hinc
1202 613 1327 652 cum
1365 599 1623 654 universo
1658 599 1900 653 exercitu
1945 613 2071 668 pro-

513 691 694 744 lectus
744 674 827 743 est
887 690 941 743 in
984 692 1279 759 quamdam
1315 693 1497 764 Mysia:
1533 694 1834 763 regionem,
1866 709 1960 764 per
1992 710 2077 748 re-

507 781 720 850 gionem
771 780 1159 839 Triballorum.
1220 785 1292 839 Ea
1347 797 1529 840 autem
1564 787 1714 856 regio
1754 795 1857 853 est,
1913 801 2074 858 quam

508 874 665 925 alluit
699 873 948 928 Morabas
980 876 1089 946 (ll)
1121 876 1341 939 ﬂuvius,
1366 886 1420 932 et
1447 878 1498 932 in
1523 879 1722 935 Istrum
1752 880 2074 935 eﬂ'uuditur.

512 963 651 1018 Hinc
694 982 753 1020 se
807 966 987 1020 l‘uudit
1040 970 1185 1037 regis
1233 952 1384 1039 regio
1430 972 1496 1026 ad
1529 974 1841 1041 octingenta
1878 973 2075 1039 stadia,

512 1071 687 1123 usque
718 1058 785 1110 ad
818 1056 1041 1113 Nesium
1075 1061 1186 1129 (19.)
1227 1063 1416 1116 urbem
1460 1065 1604 1133 regis
1639 1081 1654 1120 :
1692 1064 1760 1119 ad
1795 1067 2076 1120 dexteram

511 1149 827 1214 procedenti
884 1151 1237 1223 Nobopyrum
1293 1155 1409 1211 sive
1462 1157 1733 1228 Bopyrum
1790 1175 1963 1230 usque
2012 1162 2078 1214 ad

512 1247 750 1290 mentem
807 1254 1063 1310 magnum
1114 1240 1487 1300 Triballorum
1538 1248 1805 1318 principis
1860 1249 2078 1306 colitur.

515 1322 627 1376 lluc
684 1343 805 1379 cum
864 1331 1108 1385 venisset
1168 1332 1486 1402 Amurat‘es,
1554 1340 1760 1393 invenit
1811 1339 2079 1397 Joannem

511 1416 835 1471 tlltoniatem
870 1436 994 1474 cum
1030 1423 1347 1479 Pannorum
1390 1431 1635 1485 exercitu
1674 1432 1854 1489 hostili
1898 1436 2081 1489 animo

513 1508 806 1564 adversum
850 1530 910 1568 se
960 1532 1204 1586 pergere.
1265 1520 1323 1572 In
1381 1523 1577 1577 castris
1610 1522 1895 1581 Cltoniatis
1925 1536 2082 1582 erant

512 1602 878 1671 quadraginta
939 1608 1105 1662 millia
1165 1612 1430 1678 peditum,
1482 1622 1589 1667 tam
1629 1616 1697 1670 ab
1730 1616 2082 1674 Pannonibus

516 1707 678 1758 quam
734 1696 802 1749 ab
859 1696 1019 1753 Dacis
1075 1700 1276 1757 allecti.
1333 1701 1548 1771 Septem
1606 1708 1777 1761 millia
1835 1704 2080 1778 equitum

2179 508 2268 580 ξιᾷ
2302 510 2455 576 ἰόντι,
2513 513 2570 574 ἐς
2616 510 2678 563 τὸ
2722 511 2915 580 πρόσῳ
2970 510 3293 577 Νοόόπυρον
3329 508 3373 539 ⁵⁸
3427 507 3603 568 πόλιν,
3656 502 3753 554 ἐπὶ

2176 602 2338 672 ὅρους
2365 601 2605 669 μεγάλου
2654 602 2746 655 τοῦ
2789 601 3108 673 Τριϐαλλῶν
3162 599 3456 669 ἡγεμόνος,
3489 598 3749 648 οἰκεῖται.

2189 693 2459 747 Ἐνταῦθα
2486 693 2817 762 ἀφικόμενος
2869 693 3218 763 Ἀμουρὰτης
3248 690 3406 759 εὗρεν
3454 684 3754 751 ἐπεξελαύ-

2177 803 2341 840 νοντα
2399 787 2655 855 Ἰωάννην
2697 789 2791 838 τὶν
2860 784 3149 852 Χωνιάτην
3216 784 3314 835 σὺν
3361 780 3437 851 τῷ
3500 780 3754 832 Παιόνων

2180 876 2419 947 στρατῷ.
2446 872 2627 930 Ἦσαν
2658 876 2715 929 δέ
2751 877 2983 939 Παίονες
3020 876 3113 928 καὶ
3144 874 3310 927 Δακοὶ
3345 870 3754 939 συναμφότεροι

2180 970 2236 1032 ἐς
2261 969 2758 1040 τετρακισμυρίους
2789 971 2884 1023 καὶ
2922 966 3369 1036 ἑπτακισχιλίους
3409 963 3629 1024 ἱππέας,
3658 961 3756 1013 καὶ

2181 1061 2421 1131 ἁμάξαις
2459 1062 2743 1130 ἐφέροντο,
2794 1062 2852 1113 ἐν
2902 1056 2990 1122 αἷς
3043 1055 3112 1129 ἦν
3146 1059 3329 1119 αὐτοῖς
3358 1057 3424 1108 τὰ
3470 1054 3758 1123 ἐπιτήδεια

2182 1157 2278 1209 καὶ
2313 1153 2377 1206 τὰ
2413 1154 2575 1215 ὅπλα,
2612 1154 2754 1224 ἀμφὶ
2782 1152 2880 1215 τὰς
2918 1151 3204 1221 δισχιλίας.
3265 1148 3384 1217 Ἐφ’
3431 1148 3664 1211 ἑκάστης
3698 1145 3757 1196 δὲ

2184 1245 2401 1313 ἁμάξης
2427 1245 2522 1298 δύο
2550 1245 2722 1315 ἤστην
2748 1244 2909 1314 ἄνδρε
2958 1241 3129 1306 πεζὼ,
3171 1240 3480 1307 πελταστής
3530 1254 3588 1289 τε
3636 1238 3759 1304 ἅμα

2168 1339 2277 1410 ’καὶ
2300 1335 2716 1405 τηλεσολιστής.
2758 1335 3052 1406 Ἐφέροντο
3086 1334 3143 1386 δὲ
3188 1334 3281 1386 καὶ
3331 1332 3425 1385 ἐπὶ
3456 1330 3565 1383 τῶν
3610 1330 3763 1397 ἀμα-

2186 1429 2293 1493 ξῶν
2321 1427 2639 1490 τελεόόλους
2683 1426 3062 1497 Ζαροόοτάνας
3106 1425 3472 1494 καλουμένας,
3525 1422 3660 1474 πολὺ
3698 1420 3763 1473 τὸ

2184 1521 2414 1594 πλῆθος.
2450 1514 2610 1573 Οὗτοι
2653 1520 2753 1589 μὲν
2782 1516 2876 1574 οὖν
2934 1517 3521 1589 παρασκευασάμενοι,
3552 1515 3607 1575 ἐς
3664 1513 3761 1564 τὶν

2189 1615 2401 1682 Ἴστρον
2431 1612 2715 1680 διέϐησαν.
2749 1610 3168 1680 Προύκαλοῦντο
3220 1608 3277 1661 δὲ
3318 1607 3471 1673 σφίσι
3525 1606 3622 1658 καὶ
3664 1606 3765 1656 τὸν

2187 1706 2505 1777 Τριϐαλλῶν
2558 1704 2804 1775 ἡγεμόνα
2868 1704 2926 1766 ἐς
2984 1705 3076 1757 τὸν
3136 1700 3374 1769 πόλεμον
3405 1739 3419 1753 .
3490 1700 3549 1753 '0
3604 1699 3660 1751 δὲ
3718 1700 3765 1729 ⁸⁸

512 1793 688 1846 erant,
745 1795 797 1840 et
856 1790 1114 1845 curribus
1168 1792 1508 1848 vellebantur
1539 1797 1652 1863 alii,
1688 1815 1923 1869 quorum
1977 1820 2081 1857 nu-

2190 1766 2434 1865 (ἔὲρησεν)
2465 1766 2731 1864 οὐχ’δρῖῑιν
2759 1794 2804 1825 ⁸²
2836 1791 3125 1861 ἀξίαντὴν
3157 1766 3536 1859 παρασκευὴν,
3570 1788 3669 1856 τῆς
3716 1788 3769 1820 ιι

516 1891 700 1931 merus
729 1888 848 1932 erat
901 1881 985 1935 bis
1035 1883 1203 1939 ntille.
1260 1885 1319 1939 In
1376 1887 1460 1942 his
1501 1905 1653 1944 arma
1685 1901 1738 1946 et
1771 1895 2084 1950 necessaria

514 1964 581 2016 ad
611 1968 1014 2034 expeditionem
1072 1974 1544 2034 subvehebantur.
1594 1980 1651 2034 In
1695 1982 1927 2052 singulis
1977 1985 2086 2040 duo

516 2058 620 2111 viri
656 2060 899 2128 stabant,
937 2066 1166 2121 seutil‘er
1208 2079 1258 2123 et
1294 2069 1734 2128 bombardarius.
1784 2076 1839 2129 lu
1888 2076 2084 2132 iisdem

515 2149 859 2206 vehebantur
895 2157 1211 2214 bombarda:
1234 2160 1507 2230 plurimae,
1540 2180 1679 2233 quas
1708 2166 2085 2233 Zarolmtanas

515 2242 825 2299 nominant.
880 2246 939 2300 ln
992 2249 1137 2303 hunc
1187 2254 1411 2307 modum
1466 2259 1666 2310 armati
1703 2268 1756 2313 et
1803 2246 2083 2325 instructi,

515 2331 711 2387 Istrum
747 2341 1077 2407 transgressi
1117 2352 1267 2398 sunt.
1312 2345 1378 2398 At
1406 2334 1778 2404 Triballorum
1825 2350 1933 2405 dux
1965 2368 2084 2406 cer-

517 2443 654 2481 nens
680 2427 1000 2487 Paunouum
1031 2438 1335 2492 exercitum
1367 2455 1472 2492 non
1508 2443 1644 2495 adeo
1670 2458 1793 2499 esse
1821 2447 2087 2515 validum,

519 2530 582 2574 ut
612 2524 802 2591 copias
840 2526 985 2595 regis
1017 2529 1240 2584 vincere
1275 2541 1482 2600 posset,
1515 2534 1797 2605 magisque
1838 2546 2088 2595 metuens

517 2612 864 2681 Amuratem,
906 2635 1069 2690 quam
1106 2620 1395 2680 Panuones
1429 2626 1787 2697 alienigenas,
1832 2645 1861 2684 a
1889 2632 2089 2701 quibus

519 2706 690 2759 multa
745 2710 887 2764 mala
938 2722 1085 2768 esset
1136 2731 1481 2784 perpessus:
1521 2728 1574 2773 et
1626 2723 1878 2790 quamvis
1937 2731 2089 2778 esset

516 2798 814 2854 admodum
841 2804 1076 2871 cupidus
1112 2807 1415 2863 ulciscendi
1448 2810 1789 2877 Amuratem,
1824 2813 1917 2882 qui
1951 2813 2090 2870 ﬁlios

517 2889 638 2960 ejus
669 2894 847 2949 oculis
880 2895 1125 2964 privarat
1156 2915 1171 2955 :
1202 2910 1447 2957 attamen
1483 2902 1626 2957 haud
1666 2904 1870 2959 volenti
1902 2906 2089 2961 animo

518 2983 681 3037 istam
706 2986 1113 3056 expeditionem
1144 2990 1439 3062 adjunctus
1463 2994 1818 3051 Pannouibus
1846 2997 2087 3064 subibat,

2186 1886 2327 1939 κατὰ
2358 1883 2715 1954 Ἀμουράτεω
2744 1884 3036 1953 στρατιᾶς,
3060 1882 3201 1935 ὥστε
3248 1880 3635 1951 περιγενέσθαι
3665 1880 3771 1931 αύ-

2185 1978 2313 2040 τοὺς
2350 1980 2448 2046 τῆς
2484 1976 2750 2046 βασιλέως
2800 1976 3089 2043 δυνάμεως
3125 1973 3505 2043 Ἀμουράτεω,
3558 1972 3653 2023 καὶ
3680 1972 3773 2023 δε-

2187 2069 2359 2121 διέναι
2404 2069 2605 2138 μᾶλλον
2633 2070 2842 2121 ἐκεῖνον
2876 2068 2907 2136 ἦ
2940 2068 3065 2127 τοὺς
3098 2066 3354 2132 Παίονας,
3403 2062 3496 2127 οὓς
3525 2061 3733 2131 ἀλλοφύ
3756 2092 3771 2103 ο

2186 2160 2312 2222 λους
2336 2177 2396 2212 τε
2442 2159 2625 2224 ὄντας,
2681 2161 2778 2212 καὶ
2826 2161 3061 2228 μέγιστα
3107 2158 3297 2210 κακῶν
3352 2155 3772 2227 ἐργασαμένους

2189 2252 2378 2314 αὐτὸν,
2408 2252 2500 2304 καὶ
2556 2250 2870 2321 ἱμείρεσθαι
2931 2250 3030 2319 μὲν
3079 2248 3336 2301 τίσασθαι
3386 2247 3773 2316 ⁸Αμουράτην,

2186 2346 2315 2409 τοὺς
2347 2345 2496 2407 υἱοὺς
2531 2343 2696 2398 αὐτοῦ
2727 2341 3176 2410 ἐκτυφλώσαντα,
3208 2340 3448 2395 ἀδύνατα
3473 2340 3528 2393 δὲ
3548 2339 3773 2408 ὁρῶντα

2189 2439 2255 2507 τῇ
2293 2434 2544 2506 παρούσῃ
2570 2436 2897 2505 παρασκευῇ
2926 2431 3336 2502 ὑπερϐαλέσθαι
3383 2430 3484 2497 τῆς
3512 2428 3623 2481 τῶν
3666 2445 3774 2479 πο-

2188 2528 2395 2597 λεμίων
2433 2526 2719 2596 δυνάμεως
2754 2526 2854 2579 οὐκ
2883 2526 2949 2580 ἄν
2984 2542 3117 2577 ποτε
3155 2524 3350 2578 ἑκόντα
3391 2518 3532 2574 εἶναι
3577 2521 3773 2591 χωρή.

2193 2639 2307 2674 σειν
2337 2622 2393 2683 ἐς
2421 2618 2571 2673 τόνδε
2625 2618 2719 2673 τὸν
2774 2600 3031 2688 πόλεμον.
3067 2615 3257 2670 Ταῦτα
3291 2614 3766 2685 ἀποκριναμένου,

2192 2714 2643 2782 ἐπαπειλήσαντα
2671 2713 2762 2764 τὸν
2796 2711 3073 2780 Ἰωάννην,
3104 2708 3352 2762 ἐλαύνειν
3384 2709 3439 2768 ἐς
3464 2708 3527 2759 τδ
3549 2706 3765 2776 πρόσιδ’

2193 2805 2491 2858 ἐσϐαλόντα
2522 2803 2579 2857 δέ
2608 2806 2666 2867 ἐς
2696 2803 2795 2876 τὴν
2822 2803 3090 2873 βασιλέως
3122 2801 3308 2870 χώραν
3341 2800 3499 2869 ἄχρις
3526 2798 3770 2866 Ἀριστί-

2195 2915 2287 2949 νου
2337 2896 2720 2965 ἀφικόμενον,
2782 2893 3309 2964 στρατοπεδεύεσθαι
3366 2890 3530 2945 αύτοῦ
3569 2890 3627 2943 ἐν
3659 2891 3769 2943 Ko-

2194 2989 2337 3059 σόόῳ
2365 2988 2555 3059 πεδίῳ,
2586 2988 2645 3040 ἐν
2676 2983 2718 3057 ᾧ
2743 2986 3094 3057 Ἀμουράτης
3140 2987 3169 3039 ό
3199 2986 3476 3055 Ὀρχάνεω
3527 2984 3772 3054 μαχεσά-

518 3075 632 3131 ἰιηο
660 3090 779 3132 eam
810 3095 1041 3150 prorsus
1077 3086 1390 3141 recusabat.
1423 3086 1580 3142 Haud
1612 3088 1758 3143 enim
1797 3089 2087 3147 Pannones

2196 3100 2356 3153 μενος
2386 3082 2525 3151 πρὸς
2550 3080 2881 3150 Ἐλεάζαρον
2904 3081 3104 3151 μάχην,
3136 3079 3300 3142 αὑτός
3320 3095 3379 3131 τε
3401 3076 3564 3131 αὑτοῦ
3593 3076 3771 3150 ταύτῃ

520 3169 658 3223 satis
691 3168 830 3226 lirmi
861 3172 1192 3230 videbantur
1224 3177 1293 3234 ad
1319 3178 1674 3237 debellandas
1703 3182 1892 3251 capias
1923 3182 2088 3253 regis.

522 3257 649 3314 Haec
699 3277 822 3317 cum
879 3264 1238 3324 Pannonibus
1290 3272 1691 3340 respondisset,
1740 3272 1978 3328 Joannes
2027 3289 2092 3329 eo

518 3363 792 3420 responso
827 3354 1102 3419 irritatus,
1143 3373 1341 3428 graves
1373 3360 1551 3417 minas
1601 3362 1653 3416 in
1704 3362 2089 3418 Triballorum

517 3441 713 3498 ducem
757 3445 1011 3515 jactavit.
1043 3449 1156 3505 Nec
1189 3461 1371 3507 tamen
1416 3454 1679 3510 omittens
1710 3466 1945 3525 emptam
1992 3471 2091 3510 ex-

520 3538 878 3606 peditionem.
912 3543 1099 3611 copias
1145 3544 1199 3599 in
1249 3545 1393 3615 regis
1425 3548 1702 3617 regionem
1747 3548 1976 3604 infestas
2005 3550 2093 3603 in-

521 3629 728 3686 duxit:
789 3633 952 3703 189
1020 3651 1460 3705 progressusque
1513 3640 1815 3693 Aristinum
1871 3657 2087 3710 usque,

519 3731 702 3777 castra
736 3723 790 3776 iu
825 3725 1040 3780 Cusobo
1073 3728 1182 3797 (15)
1212 3744 1406 3799 campo
1428 3733 1809 3801 communivit,
1844 3733 1935 3787 ubi
1964 3735 2090 3788 olim

518 3815 814 3873 Amurates
861 3817 1130 3874 Orcbauis
1182 3821 1345 3887 filius,
1404 3838 1527 3877 cum
1580 3824 1843 3881 Eleazaro
1891 3824 2093 3880 Servia:

520 3909 751 3979 despota
797 3928 992 3968 manus
1041 3930 1379 3980 conserens,
1434 3931 1673 3987 eumque
1721 3917 2090 3983 interﬁciens,

518 4001 637 4069 ipse
668 4016 889 4072 quoque
919 4004 1197 4072 occubuit,
1251 4005 1572 4061 interfeetus
1602 4020 1632 4060 a
1665 4006 1779 4062 viro
1819 4005 2084 4062 Triballo.

522 4093 701 4148 Causa
739 4111 859 4164 quae
889 4094 1154 4152 Joannem
1182 4097 1249 4151 ad
1282 4098 1426 4154 istud
1462 4099 1663 4154 bellum
1691 4109 1955 4166 traxerat,
1982 4102 2095 4156 haec

523 4199 666 4241 erat.
707 4187 844 4240 Cum
889 4189 1115 4245 vidissvt
1164 4192 1217 4243 in
1265 4205 1331 4245 eo
1364 4192 1685 4256 certamine,
1727 4193 1872 4262 quod
1901 4192 2095 4249 Varna:

523 4280 881 4334 commissum
918 4291 1057 4343 erat,
1094 4282 1330 4348 Tureos,
1372 4282 1464 4338 ubi
1509 4283 1746 4353 primum
1783 4283 1851 4338 ad
1898 4300 2095 4341 manus

526 4373 829 4435 venissent,
877 4375 1115 4429 cessisse
1148 4385 1201 4428 et
1254 4374 1436 4443 fugam
1487 4376 1839 4445 arripuisse:
1883 4380 2093 4446 putavit

2196 3174 2549 3245 ἐτελεύτησεν
2579 3174 2686 3228 ὑπὸ
2714 3172 3045 3243 Τρι6α1.λοῦ,
3078 3173 3172 3225 καὶ
3214 3172 3307 3226 τόν
3346 3188 3411 3241 γε
3442 3170 3771 3239 Ἐλεάζαρον

2193 3270 2406 3324 ἀνεῖλεν
2460 3270 2515 3321 ἐν
2562 3270 2630 3340 τῇ
2666 3267 2836 3339 μάχῃ.
2890 3265 3050 3320 Ἐπεὶ
3107 3267 3165 3319 δὲ
3228 3266 3455 3337 ὥρμητο
3510 3264 3769 3333 Ἰωάννης

2198 3360 2598 3432 στρατεύεσθαι
2654 3361 2744 3413 ἐπὶ
2796 3360 3148 3428 Ἀμουράτην
3209 3358 3278 3412 δι’
3327 3357 3508 3411 αίτίαν
3560 3355 3716 3423 τήνδε
3752 3392 3770 3408 .

2205 3456 2294 3518 Ὠς
2328 3456 2436 3524 γὰρ
2470 3456 2527 3508 ἐν
2561 3455 2625 3524 τῇ
2677 3454 2863 3524 Βάρνῃ
2923 3452 3071 3522 μάχῃ
3130 3451 3277 3521 ἐώρα
3320 3450 3448 3513 τοὺς
3491 3449 3771 3518 Τούρκους

2196 3548 2521 3616 φεύγοντας,
2558 3547 2655 3600 καὶ
2710 3546 2890 3615 ἑαυτῷ
2927 3546 2985 3609 ἐς
3032 3547 3220 3616 χεῖρας
3268 3544 3546 3606 ἐλθόντας,
3598 3543 3692 3595 καὶ
3722 3539 3772 3571 ⁸⁸

2195 3640 2520 3702 ἐνδιδόντας,
2571 3637 2770 3691 αὐτίκα
2814 3638 3065 3708 ἐνόμισεν
3117 3637 3319 3707 εὐπετῆ
3372 3634 3469 3705 μὲν
3503 3635 3598 3688 καὶ
3646 3634 3775 3685 τότε

2194 3727 2322 3782 ὄντα
2355 3727 2426 3781 τὰ
2448 3728 2751 3797 πράγματα
2789 3726 2937 3797 αὐτῷ
2965 3725 3325 3797 χειρωθῆναι,
3365 3727 3414 3779 εί
3452 3726 3527 3795 μὴ
3556 3725 3643 3778 διὰ
3670 3724 3775 3791 τὴν)

2186 3819 2459 3892 ’βασιλέως
2472 3820 2773 3874 Λαδισλάου
2790 3819 3127 3890 ἀφροσύνην,
3142 3817 3235 3871 καὶ
3253 3818 3473 3880 ἐσαῦθις
3487 3818 3542 3870 δέ
3558 3817 3779 3887 χαλεπά

2195 3914 2295 3968 οὐκ
2314 3913 2397 3967 ἐτι
2419 3912 2640 3966 ἔσεσθαι
2690 3912 3165 3981 κατεργάσασθαι.
3205 3911 3407 3978 Ἐφερε
3448 3908 3504 3962 δὲ
3540 3908 3706 3961 αὐτοῦ
3740 3910 3774 3977 ἠ

2194 4007 2413 4079 γνώμη,
2433 4007 2527 4060 καὶ
2543 4004 2764 4059 πλείονα
2780 4004 3011 4076 στρατὸν
3030 4005 3427 4075 συναγείραντα
3440 4003 3549 4069 ἐξελ
3562 4003 3687 4057 αύνε
3698 4021 3777 4065 ιν,

2194 4102 2336 4156 ὥστε
2361 4102 2547 4173 καὶτῷ
2565 4102 2775 4156 πλείονι
2794 4100 3328 4171 καταπληττομένων
3344 4100 3413 4165 ⁸⁵,
3430 4101 3676 4169 αἱρήσειν
3697 4101 3780 4167 τῷ

2196 4192 2512 4265 Ἀμουράτῃ
2533 4209 2547 4224 ⁸
2577 4192 2721 4247 οὕτω
2746 4193 2809 4262 δή
2845 4209 2927 4245 τοι
2957 4191 3224 4255 εὐπετῶς,
3259 4191 3400 4244 ὥστε
3440 4191 3561 4259 μηδ’
3593 4193 3776 4243 ὁπωσ-

2196 4286 2290 4340 οῦν
2326 4284 2648 4349 ἐνδοιάζειν.
2712 4284 3210 4354 Πρεσϐευσάμενος
3257 4283 3315 4336 δὲ
3357 4283 3451 4336 ἐπ)⁸
3503 4281 3776 4349 Σκενδέρη

2196 4397 2256 4431 τε
2295 4379 2388 4431 καὶ
2410 4377 2746 4448 ’Λριανίτην,
2778 4379 2834 4429 ἐν
2854 4376 2928 4448 νῷ
2960 4376 3099 4445 ἔχων
3128 4375 3325 4437 αὐτοὺς
3359 4374 3614 4445 προσιόντ
3628 4390 3683 4434 κς
3723 4375 3775 4404 ⁵⁸

523 4464 731 4519 Tmcos
760 4465 919 4520 facile
943 4466 1091 4520 vinci
1118 4469 1392 4535 potuisse,
1419 4467 1473 4519 ui
1498 4443 1810 4522 obstitisset
1828 4443 2087 4523 Vladislai

2203 4472 2261 4533 ἐς
2286 4470 2347 4523 τδ
2378 4443 2565 4538 πρόσω
2623 4443 2722 4540 τῆς
2778 4443 3049 4539 Εὑρῶπης
3106 4443 3413 4536 συμμίξαι(
3462 4462 3607 4520 οὓτω
3662 4466 3784 4536 γὰρ

526 4557 671 4644 regis
720 4557 1113 4625 imprudentia.
1158 4557 1270 4612 Nec
1309 4574 1458 4613 nunc
1495 4560 1715 4628 quidem
1768 4558 1987 4614 difﬁcile
2042 4568 2095 4615 et

529 4648 869 4702 laboriosum
919 4649 1140 4703 dicebat
1192 4648 1406 4705 'l‘ureos
1456 4650 1597 4704 bello
1624 4652 1867 4707 domare.
1900 4651 2096 4706 Animo

526 4742 690 4809 igitur
715 4742 981 4811 agitabat,
1016 4741 1283 4811 majorem
1319 4757 1645 4813 comparare
1675 4743 2003 4808 exercitum,
2039 4752 2098 4798 ut

470 4846 473 4847 '
523 4838 842 4890 Amuratem
879 4834 1055 4904 copiis
1094 4836 1446 4905 perterritum
1480 4836 1745 4891 vinceret.
1799 4835 1925 4890 Ilzec
1959 4836 2097 4891 adeo

527 4929 792 4999 proclivia
825 4938 880 4983 et
923 4928 1101 4982 farilia
1159 4928 1303 4982 factu
1352 4928 1603 4998 putabat,
1650 4939 1709 4982 ut
1762 4944 1829 4983 ue
1875 4929 2098 4998 quidem

525 5023 824 5087 dubitaret,
849 5023 1003 5092 qttiu,
1024 5022 1488 5091 quemadmodum
1519 5021 1705 5075 animo
1730 5021 2095 5091 concepisset,

2205 4562 2502 4633 προείρητο
2531 4562 2626 4614 καὶ
2668 4562 2861 4614 τοῖσδε,
2897 4560 3056 4615 Ἐπεὶ
3106 4559 3163 4612 δὲ
3204 4560 3262 4622 ὲς
3297 4559 3539 4611 Κόσοϐον
3588 4558 3646 4611 τὸ
3679 4577 3784 4611 πε-

2203 4654 2316 4707 δίον
2349 4655 2697 4724 ’Λμουράτης
2724 4655 2751 4705 ό
2774 4653 3077 4722 Μεχμὲτεω
3116 4650 3365 4719 ἀφίκετο,
3398 4650 3474 4712 ὡς
3501 4643 3631 4719 εὗρε
3652 4651 3787 4713 τοὺς

2207 4744 2500 4813 πολεμίους
2532 4743 2875 4805 ἐλαύνοντας,
2903 4741 3417 4811 ἐστρατοπεδεύετο.
3454 4741 3689 4807 Λέγεται
3723 4739 3783 4791 δὲ

2206 4834 2465 4902 γενέσθαι
2495 4834 2643 4903 αύτῴ
2683 4832 2775 4884 τὸν
2809 4832 3040 4900 στρατὸν
3071 4832 3127 4893 ἐς
3158 4832 3549 4883 πεντεκαίδεκα
3585 4830 3790 4899 μυριάο

2207 4930 2324 4990 δας.
2376 4928 2485 4979 Καὶ
2525 4930 2591 4995 τῇ
2642 4925 2908 4995 ὑστεραίᾳ
2957 4923 3160 4977 αὐτίκα
3216 4926 3592 4993 παρετάσσετο
3618 4923 3688 4985 ὡς
3727 4924 3787 4985 ἐς

2209 5020 2411 5089 μάχην.
2448 5016 2831 5088 Παρετάσσετο
2863 5015 2918 5069 δὲ
2949 5014 3042 5068 καὶ
3075 5014 3144 5067 τὰ
3192 5016 3452 5083 τάγματα
3483 5014 3550 5070 δ’.
3583 5014 3691 5067 Καὶ
3728 5018 3787 5076 ἐς

1829 5192 2077 5252 Νοιυιω
2103 5188 2500 5267 marginales.

597 5348 641 5412 (Ι
662 5349 707 5419 l)
745 5348 1017 5402 Moravus.
1045 5348 1140 5417 qui
1169 5355 1222 5400 et
1255 5346 1556 5419 Scbituiza.

602 5418 712 5486 (l2)
773 5420 1031 5488 Nyssum.

2281 5342 2391 5410 (l5)
2434 5338 2734 5395 Ambsleld.

601 5557 644 5585 ⁸ο
673 5555 1043 5624 Νοῦόπυώον.
1121 5555 1162 5586 ⁸⁸
1197 5555 1307 5606 Hoc
1336 5555 1545 5607 rcrbum
1580 5552 1785 5625 videtur
1822 5550 2087 5625 Aredtt‘ndat

2211 5548 2354 5601 deest
2394 5548 2531 5599 enim
2576 5548 2628 5597 in
2664 5560 2930 5607 manusc.,
2956 5544 3008 5595 in
3043 5542 3246 5596 duobus
3285 5540 3504 5625 reliquis
3542 5543 3787 5625 ponitur.

530 5626 616 5679 Vel
642 5628 715 5677 ita
746 5627 843 5679 erit
867 5612 1163 5694 legendum,
1202 5637 1255 5676 ut
1283 5641 1443 5678 mrum
1475 5640 1571 5676 ms.
1603 5622 1777 5694 habet_.
1811 5623 1838 5671 ὁ
1867 5622 1921 5694 δὲ
1953 5620 2087 5687 ἔφη]

2209 5619 2306 5687 οὐχ
2330 5619 2482 5686 ἐρᾷν,
2514 5626 2649 5677 ειε.;
2678 5616 2816 5694 quod.
2853 5617 3114 5680 posterinr
3154 5614 3320 5694 νίψει-ἔς
3352 5612 3479 5663 mihi
3502 5612 3784 5694 proba-Ini.

531 5697 594 5747 In
628 5713 729 5747 uno
760 5706 815 5748 ut
838 5698 890 5749 in
915 5684 992 5757 ῖς
1017 5697 1069 5747 t'n
1104 5684 1174 5747 al.
1203 5695 1396 5747 lacuna
1421 5703 1519 5747 est.
1597 5694 1639 5723 “
1667 5691 1830 5759 ὁρῶν.
1862 5690 1928 5744 Β.
1966 5684 2018 5742 ut
2045 5684 2095 5743 in
2124 5708 2170 5743 c.
2248 5684 2305 5759 ⁵³ί
2327 5684 2415 5740 Sic
2451 5690 2503 5738 in
2533 5703 2599 5738 un
2632 5690 2725 5747 ,'iu
2761 5684 2833 5739 al.
2872 5696 2924 5736 ut
2956 5688 3005 5738 in
3047 5701 3092 5736 ε.

531 5769 576 5795 ⁸⁸
615 5766 1131 5837 καταπληττυμένῳ.
1165 5765 1225 5819 R.
1264 5766 1315 5818 in
1352 5782 1397 5817 υ.
1478 5765 1521 5796 κθ
1564 5762 1625 5817 In
1653 5777 1775 5825 uno,
1818 5760 2127 5831 προϊόντας.

3174 5680 3217 5710 ⁸⁵
3260 5682 3321 5735 In
3356 5697 3482 5747 uno,
3523 5682 3638 5735 ἀ)λ’
3670 5686 3781 5735 ἐνξ.

2211 5760 2254 5793 ⁸⁷
2282 5758 2347 5813 Il.
2380 5759 2699 5829 πράγματα.
