4006 6204
180 237 299 296 353

1267 241 1363 299 DE
1396 238 1652 298 ΠΕΠυὸ
1684 238 2043 298 TURCICIS
2084 240 2233 298 LIB.
2280 240 2406 299 VII.
3361 232 3464 296 35/»

186 354 292 421 μὲν
320 351 395 402 τὸ
443 351 623 417 δεξιὸν
650 353 816 407 αὐτοῦ
875 354 1040 425 κέρας
1068 356 1127 407 τὸ
1164 358 1260 425 τῆς
1306 356 1494 417 ’Λσὶας
1529 357 1788 407 ἐτάσσετο

1910 356 2080 408 :mtnia
2114 365 2301 409 essent
2330 363 2612 409 eventura.
2660 352 2839 406 Missis
2882 352 3072 419 legatis
3106 352 3171 402 ad
3222 350 3463 403 Steude-

186 444 555 512 στράτευμα,
593 445 905 516 στρατηγὸν
957 446 1097 516 ἔχων
1156 446 1403 517 Σκοῦραν
1435 462 1448 475 '
1507 448 1564 509 ἐς
1624 446 1681 498 δὲ
1730 445 1791 498 τὸ

187 533 504 604 εὐώνυμον
558 539 587 589 ὁ
639 537 740 605 τῆς
801 537 1073 608 Εὐρώπης
1129 539 1432 608 στρατηγὸς
1487 538 1789 608 Καραζίης.

190 625 344 694 ἔχων
378 627 447 678 τὸ
478 628 580 696 τῆς
607 626 881 696 Εὐρώπης
929 630 1267 699 στράτευμα.
1294 630 1432 691 Τοὺς
1494 630 1677 699 μέντοι
1708 632 1794 681 ἱπ-

193 718 526 786 ποδρόμους
568 720 801 782 ἕκαστος
831 718 942 770 τῶν
975 720 1240 789 ὑπάρχων
1295 720 1457 789 ἔχων,
1519 720 1795 789 παρετάτ-

197 827 353 863 σετο.
396 811 489 863 Ἐν
535 811 686 880 μέσῳ
732 811 788 862 δέ
830 811 1041 875 τούτοις
1086 812 1269 880 ἵδρυτο
1319 813 1477 873 αὐτὸς
1516 813 1792 880 βασιλεὺς,

197 904 341 957 ἔνθα
372 904 425 935 ⁸⁸
461 904 616 972 αὑτῷ
652 904 941 972 νομίζεται
976 905 1543 969 στρατοπεδεύεσθαι,
1580 905 1797 975 χάρακα

199 998 690 1066 προϐαλλόμενον.
725 998 879 1049 Μετὰ
920 996 976 1048 δέ
1006 993 1180 1050 ταῦτα
1209 998 1305 1059 τὰς
1351 998 1635 1067 καμήλους
1665 1014 1793 1064 στη-

202 1092 458 1157 σάμενον
486 1088 653 1141 αὑτοῦ
678 1088 876 1159 ταύτῃ,
914 1088 1056 1159 μετὰ
1098 1088 1156 1143 δὲ
1192 1089 1365 1143 ταῦτα
1410 1091 1538 1154 τοὺς
1567 1091 1796 1162 θυρεοὺς

201 1180 539 1249 πηξάμενον
572 1181 666 1233 ἐπὶ
694 1180 907 1243 τούτοις
950 1182 1079 1245 τοὺς
1127 1182 1391 1251 νεήλυδας
1446 1183 1675 1247 ἐτάξατο
1700 1185 1799 1236 σὺν

202 1274 325 1333 τοῖς
348 1272 666 1342 τηλεϐόλοις
700 1290 758 1325 τε
791 1273 929 1342 ἅμα,
962 1274 1057 1327 κα)⁵
1090 1275 1521 1345 τηλεόολίσκοις,
1551 1276 1644 1327 καὶ
1684 1278 1799 1336 τοῖς

204 1364 421 1427 ἄλλοις.
456 1365 618 1419 Ἐπεὶ
645 1366 702 1418 δὲ
736 1366 989 1431 ἐτάξατο,
1038 1366 1300 1437 ἀντεπῄει
1352 1367 1449 1420 καὶ
1484 1368 1739 1436 Ἰωάννης
1772 1370 1799 1419 ό

207 1457 532 1526 Χωνιάτης,
569 1456 979 1525 συνταξάμενος
1011 1450 1138 1510 ὦδεο
1184 1459 1244 1509 τὸ
1277 1456 1377 1525 μὲν
1428 1456 1604 1522 δεξιον
1634 1456 1799 1510 αὑτοῦ

209 1546 366 1619 εἶχον
402 1551 454 1602 οἱ
500 1551 749 1603 Παιόνων
780 1550 1046 1620 ἄρχοντες
1093 1551 1190 1603 καὶ
1219 1549 1539 1618 ἀδελφιδοῦς
1590 1548 1756 1603 αὐτοῦ
1782 1562 1796 1577 ⁸

214 1644 495 1711 Σεκούλης
539 1642 600 1694 δὲ
642 1638 713 1713 ἦν
770 1642 1010 1713 τοῦνομα
1037 1642 1209 1713 αὐτῷ,
1265 1644 1361 1697 καὶ
1413 1644 1665 1712 Ειλόκης,
1705 1642 1800 1695 καὶ

1898 462 2013 501 rem
2040 457 2093 499 et
2119 446 2450 509 Arianitem,
2501 456 2796 513 utrumque
2826 444 2879 497 in
2908 442 3181 513 Europam
3207 441 3464 511 progredi

1895 548 1953 594 et
1986 539 2092 594 sibi
2144 539 2409 608 conjungi
2455 538 2702 608 jubebat.
2749 520 2846 591 liis
2883 538 2962 591 sic
2990 547 3325 605 praeceptum
3354 543 3468 589 est.

1895 635 2187 687 Amurates
2218 642 2275 686 ut
2304 632 2357 685 in
2385 648 2635 699 campum
2659 631 2937 684 COStlbttltl
2963 630 3132 691 venit,
3160 630 3231 682 ibi
3254 636 3468 697 castra-

1899 738 2131 781 tnrtatos
2167 742 2291 781 esse
2322 727 2579 794 cognovit
2627 723 2938 777 Pannones.
2973 720 3207 774 Proinde
3251 730 3303 773 et
3352 721 3470 787 ipse

1898 828 2080 874 castra
2134 820 2331 871 munit.
2386 821 2677 871 Amurates
2724 824 2904 867 autem
2958 816 3009 867 in
3053 813 3222 865 armis
3269 812 3471 864 dicitur

1902 911 2164 965 habuisse
2220 910 2533 979 quindecim
2610 910 2760 963 mille
2828 908 3103 978 myriades
3161 904 3469 959 hominum.

1900 1003 2129 1058 Postero
2179 1003 2266 1057 die
2318 1001 2613 1055 confestim
2667 1000 3058 1069 accingebatur
3098 1000 3161 1050 ad
3200 998 3469 1066 praelium.

1898 1094 2062 1150 Juxta
2105 1110 2229 1149 eum
2285 1094 2669 1148 instruebatur
2702 1094 2871 1148 acies.
2905 1092 2959 1146 In
3007 1093 3259 1145 dextrum
3298 1103 3472 1142 cornu

1901 1187 2194 1258 aptabatur
2224 1186 2503 1240 exercitus
2536 1186 2797 1246 Asianus,
2838 1185 2924 1238 cui
2954 1191 3186 1252 prmerat
3226 1182 3335 1234 dux
3375 1194 3473 1232 no-

1901 1278 2046 1330 mine
2103 1275 2295 1330 Seura.
2361 1275 2654 1330 Sinistrum
2705 1290 2874 1328 cornu
2930 1273 3148 1326 tenebat
3196 1271 3475 1325 exercitus

1903 1370 1970 1423 ab
2016 1367 2231 1437 Europa
2273 1368 2645 1435 conscriptus,
2691 1382 2853 1433 quem
2907 1365 3128 1434 regi-bat
3156 1365 3261 1415 dux
3306 1362 3476 1415 Cara-

1903 1461 2039 1514 zies.
2087 1457 2253 1513 Juxta
2287 1469 2554 1528 utrosque
2585 1459 2929 1528 ponebantur
2956 1458 3168 1523 equites
3194 1470 3317 1507 eum
3358 1467 3475 1506 suis

1903 1552 2159 1608 ducibus.
2206 1551 2440 1605 Mediam
2490 1552 2667 1605 aciem
2717 1549 3026 1618 occupabat
3073 1563 3188 1600 rex.
3245 1546 3477 1610 Quando

1906 1647 2090 1694 autem
2119 1637 2417 1694 Amurates
2446 1647 2893 1703 castrametatur,
2919 1638 3097 1706 primo
3128 1645 3308 1689 castra
3337 1636 3478 1686 vallo

214 1734 611 1803 Μεγαλούσης.
639 1732 732 1785 Ἐν
767 1734 917 1813 μέσῳ
947 1733 994 1786 δ’
1017 1732 1183 1797 αὐτὸς
1208 1734 1467 1788 ἐτάσσετο
1488 1731 1794 1801 Χωνιάτης,

1910 1729 2107 1792 ﬁrmat,
2144 1728 2340 1784 deinde
2384 1732 2627 1784 camelos
2677 1730 2843 1793 locat,
2894 1729 3018 1782 dein
3074 1735 3233 1781 scuta
3269 1726 3478 1793 deligit,

219 1827 365 1895 ἔχων
395 1828 522 1889 τούς
561 1843 620 1879 τε
650 1827 931 1890 Βιτέζιδας
958 1826 1349 1898 καλουμένους,
1388 1828 1487 1880 καὶ
1535 1826 1629 1878 τὸν
1670 1826 1802 1895 ’Δρ-

224 1912 407 1965 δελξου
450 1915 701 1985 στρατόν.
732 1914 809 1968 Τὸ
835 1914 892 1968 δέ
943 1913 1225 1981 εὐώνυμον
1258 1916 1427 1979 Δᾶνος
1478 1910 1625 1985 εἶχεν
1652 1914 1801 1984 αὑτῷ

232 2004 544 2071 ἐπιτήδειος
571 2004 664 2069 ῶν,
692 2006 749 2058 ὃν
788 2006 1124 2073 καταγαγὼν
1152 2009 1208 2070 ἐς
1240 2007 1336 2073 τὴν
1361 2007 1567 2061 Δακίαν
1594 2006 1800 2079 χώραν,

226 2093 323 2145 διὰ
346 2095 408 2145 τὸ
431 2096 567 2164 πρδς
616 2096 701 2147 τὸν
748 2090 1031 2167 Δρακοῦλη
1085 2099 1251 2150 αὐτοῦ
1286 2097 1465 2167 ἔχθος,
1502 2098 1708 2151 ἐκεῖνόν
1741 2114 1801 2150 τε

227 2184 334 2251 τῆς
358 2186 538 2256 ἀρχῆς
561 2188 808 2258 ἐξήλασε,
834 2193 928 2243 καὶ
974 2190 1075 2259 τὴν
1120 2190 1306 2261 χώραν
1342 2188 1433 2259 ὑφ’
1469 2189 1622 2259 αὐτῷ
1649 2206 1805 2259 ποιη-

224 2281 489 2347 σάμενος,
551 2281 639 2333 τόν
694 2298 756 2350 γε
791 2283 960 2335 Δᾶνον
1011 2284 1313 2351 ἐπέστησεν
1372 2284 1564 2353 ἄρχειν
1613 2281 1803 2350 αὐτῆς.

221 2368 407 2425 Ἦσαν
430 2372 481 2426 δ’
510 2373 662 2443 αὐτῷ
694 2375 866 2436 Δᾶκες
889 2374 1035 2442 ἀμφὶ
1059 2376 1185 2435 τοὺς
1210 2373 1670 2444 ὀκτακισχιλίους,
1705 2389 1808 2425 πα-

232 2464 592 2533 ραγενόμενοι
623 2466 681 2528 ἐς
708 2464 859 2518 τόνδε
892 2464 983 2516 τδν
1016 2464 1275 2533 πόλεμον.

1905 1822 2164 1892 deinceps
2240 1822 2562 1892 peregrinos
2621 1837 2744 1876 cum
2807 1819 3207 1873 bombardariis
3266 1832 3477 1871 neeum:

1906 1915 2139 1983 reliquis
2166 1914 2423 1969 collocat.
2447 1912 2562 1967 Rex
2586 1913 2678 1967 ubi
2703 1911 2876 1966 aciem
2900 1919 3285 1972 exornaverzu,
3312 1908 3478 1961 etiam

1905 2003 2205 2058 Cboniates
2230 2018 2359 2059 suos
2395 2004 2449 2058 in
2485 2005 2660 2058 aciem
2692 2003 2900 2067 educit,
2932 2018 3165 2070 eamque
3191 2001 3293 2054 bne
3321 2008 3481 2068 ριοιο

1908 2095 2160 2150 instruit.
2198 2095 2458 2149 Dextrum
2503 2110 2675 2149 cornu
2711 2104 2936 2148 tenuere
2974 2092 3297 2145 Pannonum
3342 2106 3481 2159 prac-

1908 2184 2058 2251 feeti,
2112 2201 2327 2241 necnon
2378 2185 2655 2256 patrueles
2709 2184 3020 2248 Choniatis,
3079 2184 3309 2237 Sceules
3343 2182 3480 2250 (14),

1906 2285 1962 2331 ct
2008 2274 2245 2343 Eiloccs,
2296 2276 2735 2348 Megalttsesque.
2779 2275 3012 2329 Mediam
3046 2276 3221 2328 aciem
3254 2274 3483 2325 curabat

1908 2367 2210 2424 Cboniates
2240 2385 2365 2423 cum
2414 2369 2675 2424 Bitezidis
2708 2369 3001 2433 militibus,
3050 2377 3104 2422 et
3136 2366 3342 2420 Ardelii
3371 2363 3485 2433 (15)

1914 2464 2185 2517 exercitu.
2237 2463 2477 2518 Sinistra
2523 2479 2694 2518 cornu
2738 2462 2955 2532 praefuit
2992 2460 3177 2515 Danus
3204 2456 3484 2515 Cboniatis

233 2564 461 2624 anticus,
484 2577 648 2631 quem
683 2563 738 2616 in
774 2561 949 2615 Daciae
976 2560 1345 2630 principatum
1409 2558 1673 2630 produxit
1732 2555 1861 2611 odio
1896 2553 2150 2614 Draculis
2187 2577 2200 2614 :
2236 2574 2397 2628 quem
2444 2557 2623 2613 Dacia:
2673 2558 2990 2629 principatu
3045 2555 3384 2617 deturbavit,
3432 2559 3485 2606 et

230 2654 285 2708 in
314 2654 433 2723 ejus
476 2657 656 2710 locum
687 2654 975 2710 substituit
1008 2653 1245 2722 Danum,
1276 2653 1364 2709 eui
1398 2651 1574 2708 Dacos
1607 2664 1798 2723 parere
1829 2648 2018 2719 jussit.
2054 2650 2211 2707 llune
2259 2653 2312 2706 in
2346 2652 2400 2705 id
2433 2652 2632 2707 bellum
2667 2661 2860 2706 secuta
2894 2657 3054 2705 erant
3125 2658 3251 2703 oeto
3318 2644 3485 2699 millia

230 2749 525 2803 Dacorum.

334 2844 495 2896 Ἐπεὶ
552 2843 610 2896 δέ
669 2843 837 2912 ἄμφω
892 2840 1331 2911 συνταξάμενοι,
1391 2838 1672 2910 προῄεσαν
1727 2839 1809 2902 ὡς

227 2936 513 3005 συμϐολὴν
553 2933 944 3003 ποιησάμενοι,
974 2931 1211 2986 ἐνταῦθα
1260 2929 1515 3000 Βιτέζης,
1561 2931 1671 2984 τῶν
1710 2930 1808 2983 τοῦ

1990 2837 2126 2890 Cum
2170 2845 2350 2891 autem
2382 2834 2645 2905 utrinque
2676 2834 2824 2890 acies
2862 2834 3143 2890 instructae
3180 2833 3487 2896 stetissent,

1914 2929 2137 2998 jamque
2166 2926 2413 2997 praelium
2445 2941 2673 2995 poscere
2706 2924 2986 2991 videntur,
3009 2926 3080 2979 ibi
3115 2924 3325 2978 Bitezes
3353 2921 3491 2994 (16),

224 3028 518 3083 Χωνιάτου
551 3026 904 3096 στρατιωτῶν
934 3022 1037 3089 εἷς,
1063 3026 1121 3077 ἐν
1155 3025 1306 3094 μέσῳ
1337 3025 1544 3093 ἀμφοῖν
1560 3023 1608 3095 ξ’
1632 3039 1805 3094 προσ-

1917 3036 2059 3075 unus
2105 3035 2135 3074 e
2186 3033 2420 3072 numero
2481 3016 2773 3070 Cboniatis
2817 3016 3090 3079 militum,
3134 3015 3189 3068 in
3251 3014 3489 3068 medium

222 3118 477 3170 ελαύνων
502 3117 580 3185 τῷ
620 3117 799 3186 ἵππῳ,
831 3117 1195 3187 προύκαλεῖτο
1220 3114 1387 3168 αὑτοῦ
1419 3118 1515 3169 τὸν
1557 3116 1666 3168 ἀπὸ
1695 3115 1806 3167 τῶν

222 3210 497 3278 Τούρκων
530 3208 985 3277 μονομαχήσοντά
1026 3224 1169 3270 τινα,
1207 3207 1375 3275 πρινὴ
1425 3206 1492 3259 τὰ
1544 3204 1809 3274 στρατεύ-

223 3319 388 3372 ματα
426 3302 666 3353 συνιέναι
698 3302 753 3363 ἐς
797 3300 981 3354 ταυτό.
1023 3298 1109 3362 Ὠς
1139 3298 1195 3351 δέ
1222 3299 1469 3367 ἔγνωσαν
1496 3299 1547 3351 οἱ
1577 3297 1811 3367 Τοῦρκοι

219 3395 401 3447 αὐτὸν
436 3392 884 3462 μονομαχήσοντά
932 3409 1040 3445 τινι
1095 3391 1550 3462 προεληλυθέναι,
1582 3392 1811 3461 ἑστήκε-

225 3502 340 3537 σαν
387 3485 483 3536 καὶ
535 3484 712 3537 αὐτοί.
763 3485 875 3536 Καὶ
935 3482 1170 3536 ἐνταῦθα
1224 3483 1505 3547 ἐξελαύνει
1544 3483 1654 3535 άπὸ
1714 3479 1810 3534 τοῦ

225 3573 593 3643 στρατοῦτοῦ
634 3574 825 3642 ἐτέρου
856 3572 1106 3640 Ἐλιὲζης
1159 3575 1186 3626 ό
1242 3574 1617 3642 Βαρησάταγα
1658 3573 1808 3637 παῖς,

221 3666 347 3717 τῶν
383 3666 442 3714 ἐν
475 3667 539 3734 τῇ
573 3665 725 3733 Ἀσίᾳ
755 3664 1020 3733 ὑπάρχων
1068 3664 1187 3725 ἐνὸς
1239 3664 1436 3734 ἀνδρὸς
1478 3663 1688 3731 ἀγαθοῦ
1724 3682 1813 3732 γε-

224 3758 464 3827 νόμενος
510 3761 578 3809 τά
612 3756 845 3825 πολέμια
868 3798 883 3822 ,
919 3758 1013 3811 καὶ
1064 3759 1336 3829 πρότερον
1390 3760 1499 3811 τῶν
1537 3758 1811 3828 νεηλύδων

226 3852 501 3919 ἄρχοντος
542 3850 601 3900 ἐν
631 3850 752 3905 ταῖς
796 3849 1059 3919 βασιλέως
1099 3850 1317 3921 θύραις.
1376 3844 1545 3913 Οὗτος
1594 3852 1659 3922 δὴ
1689 3853 1811 3904 ἐπεὶ

229 3946 292 4005 ἐς
327 3943 392 3992 τὸ
424 3942 589 4010 μέσον
616 3940 832 4011 προῄει,
872 3942 1038 4010 ὁμόσε
1068 3942 1147 4011 τῷ
1184 3943 1377 3995 Παίονι
1413 3945 1544 4009 τετο,
1578 3946 1672 3995 καὶ
1701 3945 1813 4007 τοῖς

228 4034 462 4102 δόρασιν
500 4033 699 4086 αὐτίκα
732 4032 982 4096 ἐπιόντες
1020 4034 1275 4102 ἀλλήλοις
1302 4074 1317 4099 ,
1368 4036 1441 4087 τά
1493 4052 1550 4088 τε
1608 4036 1813 4105 δόρατα

229 4124 535 4187 κατέαξαν.
591 4126 701 4177 Καὶ
739 4127 767 4178 ὁ
819 4126 919 4195 μὲν
987 4127 1219 4195 Βιτέζης
1266 4125 1464 4180 ἔπεσεν
1514 4127 1676 4179 αὐτοῦ
1716 4129 1815 4181 σὺν

231 4221 319 4289 τῷ
354 4220 505 4288 ἵππῳ
559 4220 617 4282 ἐς
660 4220 761 4288 τὴν
804 4220 943 4288 γῆν·
978 4220 1231 4289 Ἐλιέζης
1260 4220 1318 4272 δέ
1365 4220 1694 4283 ἐκκοπέντος
1722 4220 1814 4273 τοῦ

232 4309 541 4379 ἐπιστήθου
570 4350 585 4374 ,
619 4313 715 4363 καὶ
765 4309 944 4377 ζώνης
994 4312 1092 4365 σὺν
1136 4304 1225 4381 τῷ
1268 4312 1541 4383 ἐφιππίῳ,
1574 4314 1667 4366 ἐπὶ
1702 4315 1815 4377 τοῖς

1913 3127 2269 3185 procursans,
2295 3119 2348 3166 et
2366 3125 2507 3180 equo
2539 3111 2808 3174 insidens,
2840 3109 3174 3179 provocabat
3202 3107 3267 3160 ad
3297 3108 3491 3177 singu-

1913 3205 2027 3259 lare
2050 3212 2329 3259 certamen
2355 3202 2515 3272 190
2537 3218 2703 3255 Unum
2728 3216 2758 3256 e
2778 3200 2997 3264 Turcis,
3032 3210 3324 3269 antequam
3346 3199 3492 3253 acies
3582 3198 3587 3213 ‘

1913 3304 2330 3351 concurrerent.
2383 3296 2548 3351 Turci
2590 3294 2680 3349 ubi
2735 3296 3295 3364 exploraruntvirum
3327 3294 3490 3345 istum

1913 3393 2274 3464 processisse,
2310 3400 2367 3445 ut
2396 3401 2678 3445 certamen
2711 3387 2995 3458 singulare
3030 3387 3492 3447 committeretur,

1914 3484 2216 3538 constitere
2270 3491 2324 3537 et
2379 3482 2503 3551 ipsi.
2565 3480 2705 3535 Hinc
2754 3480 3016 3534 continuo
3069 3478 3138 3530 ab
3185 3475 3490 3529 Tureornm

1910 3578 2160 3634 exercitu
2192 3574 2654 3646 proﬁciscebatur
2686 3571 2901 3626 Eliezes
2943 3570 3087 3625 [ilius
3116 3569 3325 3623 Barine
3356 3568 3490 3637 (l7),

1913 3672 1982 3727 de
2012 3685 2238 3725 numero
2268 3667 2652 3739 praefectorum
2704 3666 2849 3720 Asia:
2897 3663 2998 3718 viri
3044 3663 3302 3727 illustris,
3334 3673 3391 3716 et
3435 3660 3489 3714 in

1913 3779 1975 3818 re
2014 3762 2242 3816 militari
2293 3760 2641 3824 excellentis,
2708 3761 2802 3827 qui
2854 3756 3130 3826 quondam
3165 3756 3272 3809 dux
3321 3754 3488 3808 exSIi-

1914 3867 2056 3914 terat
2110 3858 2529 3929 peregrinorum
2585 3856 2638 3909 in
2687 3853 2873 3925 januis
2928 3854 3092 3921 regis.
3137 3839 3398 3915 llie,'ubi
3434 3850 3486 3902 in

1915 3951 2153 4006 medium
2204 3949 2501 4019 processit,
2548 3948 2766 4003 obviam
2825 3946 3084 4015 pergebat
3120 3944 3389 3998 Pannoni.
3428 3943 3492 3996 Et

1916 4059 2039 4100 cum
2087 4041 2263 4097 hastis
2312 4040 2531 4096 infestis
2595 4048 3024 4101 concurrerent,
3081 4038 3249 4092 hasne
3310 4035 3496 4090 tractae

1917 4144 2066 4190 sunt.
2108 4133 2174 4188 Et
2206 4130 2423 4189 Bitrzes
2456 4148 2563 4187 una
2599 4148 2723 4187 cum
2758 4147 2900 4199 equo
2930 4131 2983 4185 in
3020 4140 3219 4183 terram
3260 4128 3492 4183 corruit.

1918 4226 2129 4281 Eliezes
2158 4227 2441 4281 conscisso
2478 4224 2764 4294 pectorali,
2819 4232 2875 4277 et
2912 4238 3048 4277 zona
3080 4238 3203 4276 cum
3239 4222 3496 4291 ephippia

1919 4318 2121 4385 soluta,
2164 4325 2457 4388 postrema:
2492 4316 2617 4386 equi
2684 4315 2824 4385 parti
2879 4315 3126 4369 insidens
3167 4314 3493 4367 vehebatur.

232 4407 494 4475 ἐσχάτοις
553 4406 648 4459 τοῦ
711 4408 881 4459 ἵππου
936 4409 1184 4476 ἐγεγόνει
1233 4408 1502 4465 ἱππεύων.
1576 4410 1635 4463 Ὀ
1706 4409 1805 4480 γὰρ

1924 4409 2100 4481 Hujus
2153 4410 2300 4464 enim
2357 4423 2532 4479 equus
2570 4408 2733 4479 longe
2782 4406 2980 4460 melior
3015 4414 3134 4460 erat
3167 4406 3360 4471 altero,
3395 4420 3498 4458 nec

231 4499 409 4559 ἵππος
436 4497 678 4566 ἀμείνων
704 4500 899 4552 τούτου
940 4501 1123 4571 πολλῷ
1164 4497 1254 4571 ἦν,
1290 4501 1385 4565 καὶ
1433 4503 1533 4555 οὐκ
1563 4496 1679 4571 εἶχε
1718 4502 1816 4571 μὲν

230 4590 387 4649 ὅπως
436 4590 528 4640 τὸν
589 4591 789 4645 Παίονα
838 4593 1239 4664 διαχρήσαιτο,
1278 4596 1516 4648 πεσόντα
1580 4596 1678 4649 σὺν
1737 4596 1815 4665 τῷ

236 4683 417 4751 ἵππῳ,
474 4683 569 4735 an
628 4687 725 4737 καὶ
783 4687 946 4748 αὐτὸς
983 4687 1236 4755 χαλεπῶς
1294 4689 1389 4742 κα).
1444 4688 1605 4758 μόγις
1636 4690 1683 4723 ⁸ο
1728 4691 1819 4742 ἱπο

240 4775 449 4827 πεύων·
482 4776 741 4839 πεσόντος
797 4779 898 4847 μέν
956 4796 1039 4832 τοι
1086 4780 1181 4833 τοῦ
1244 4782 1500 4845 Παίονος,
1541 4781 1818 4847 ἀλάλαξαν

246 4866 392 4933 μέγα
435 4866 494 4918 τὸ
528 4866 640 4918 τῶν
665 4866 924 4938 Τούρκων
972 4871 1294 4942 στράτευμα
1319 4872 1391 4935 ⁸⁸,
1430 4872 1619 4925 οἰωνὸν
1653 4889 1815 4941 ποιη-

247 4957 496 5021 σάμενοι.
526 4956 683 5010 Ἐπεὶ
730 4958 777 5012 δ’
811 4960 1113 5031 ἀμφότεροι
1158 4962 1369 5031 ἧλασαν
1422 4963 1479 5025 ἐς
1513 4964 1571 5015 τὸ
1605 4962 1817 5015 ἑαυτῶν

247 5049 507 5118 ἑκάτερος
546 5052 933 5120 στρατόπεδον,
966 5054 1201 5107 ἐνταῦθα
1257 5056 1614 5126 ’Λμουράτης
1661 5058 1689 5109 6
1720 5055 1818 5123 βα-

250 5144 456 5208 σιλεὺς,
514 5145 1019 5215 μεταπεμψάμενος
1073 5145 1321 5218 Ἐλιέζην
1393 5148 1473 5210 εἰς
1530 5146 1653 5215 ὄψιν
1715 5146 1817 5215 τὴν

1922 4512 2104 4557 tamen
2162 4502 2373 4572 lapsum
2427 4500 2748 4563 Pannonem
2794 4499 3063 4569 perimere
3116 4499 3330 4569 quivit,
3368 4498 3495 4567 quia

1921 4596 2039 4665 ipse
2080 4609 2299 4665 quoque
2338 4610 2482 4665 aegre
2526 4607 2580 4648 et
2627 4592 2917 4647 difﬁculter
2966 4607 3110 4661 equo
3152 4592 3494 4662 portabatur.

1921 4687 2182 4743 Pannone
2244 4689 2296 4742 in
2359 4699 2559 4742 terram
2617 4703 2683 4743 ex
2735 4702 2878 4757 equo
2930 4686 3140 4750 effuso,
3198 4692 3496 4740 clamorem

1925 4781 2221 4833 maximum
2245 4782 2473 4834 sustulit
2502 4780 2783 4834 Amuratis
2813 4780 3113 4845 exercitus,
3144 4779 3497 4845 cum,bonum

1924 4872 1977 4927 id
2013 4873 2171 4942 quasi
2206 4888 2366 4926 omen
2394 4873 2469 4926 rei
2504 4874 2754 4943 gerenda:
2784 4873 3069 4926 ducerent.
3094 4871 3231 4924 Cum
3268 4879 3499 4937 utetquc

1925 4960 1991 5014 ad
2026 4975 2186 5014 suum
2214 4966 2517 5014 exercitum
2552 4970 2699 5017 esset
2727 4962 3025 5032 digressus,
3066 4962 3140 5014 ibi
3190 4973 3301 5014 tum
3332 4962 3502 5013 Antu-

1925 5061 2071 5107 rates
2121 5052 2358 5107 Eliezem
2400 5052 2467 5107 ad
2524 5068 2585 5117 se
2638 5064 2893 5109 vocatum
2951 5055 3003 5109 in
3074 5055 3217 5106 bune
3277 5053 3497 5104 modum

1926 5146 2200 5201 allocutus
2226 5156 2310 5202 est
2340 5164 2352 5201 :
2390 5145 2433 5200 Ο
2466 5162 2622 5216 puer,
2656 5164 2718 5202 ex
2754 5148 2954 5216 quibus
2990 5145 3163 5200 initiis
3190 5150 3395 5198 tantam
3426 5142 3501 5196 rei

1543 5314 1790 5375 Νοιυιω
1824 5312 2234 5392 marginales.

319 5436 433 5503 (14)
463 5434 709 5490 ZeCuIes.

316 5507 434 5577 (15)
469 5504 686 5569 Erdelii,
714 5504 1122 5576 'i‘ranssylvani,
1158 5505 1558 5578 Siebeutn'trger.

318 5664 364 5697 “
408 5662 666 5719 ἐνταῦθα.
703 5662 767 5719 Β.
802 5677 859 5719 ut
892 5666 941 5721 in
976 5682 1023 5720 c.
1104 5666 1149 5699 ⁸⁸
1189 5663 1252 5719 lu
1290 5682 1413 5731 uno,
1452 5665 1600 5736 βοῦν.

1680 5666 1725 5697 ὀ
1759 5664 1823 5718 R.
1865 5665 2036 5737 μὶλις.
2086 5666 2149 5721 In
2188 5669 2257 5721 (ιι.
2298 5678 2351 5721 ut
2386 5684 2433 5724 ε.

2005 5438 2116 5508 (16)
2143 5436 2418 5501 Bitezidae,
2457 5454 2595 5508 quos
2626 5438 2967 5495 llussarones
2997 5437 3362 5507 appellamus.

1999 5510 2111 5578 (17)
2138 5510 2223 5564 Al.
2267 5510 2610 5581 Barisatagre.

2524 5669 2565 5704 ⁵¹
2599 5668 2674 5733 ὡς
2723 5670 2772 5722 οἱ
2821 5668 3214 5729 ποιησάμενος.
