4006 6204
515 182 618 243 35‘)

1609 183 1919 241 LAONlCl
1961 182 2633 248 CIIALCOCONDYL/E

3653 192 3764 257 360

513 293 847 355 laboriosum
881 294 979 346 erit
1008 307 1262 360 superare
1290 291 1519 346 hostem.
1559 292 1615 343 Et
1650 302 1705 346 ut
1743 309 1916 347 meatu
1955 310 2077 346 scn-

2182 297 2448 367 βασιλέως
2482 302 2615 372 ὑγιῆ
2669 320 2729 357 τε
2782 300 2946 372 εἶναι,
3000 304 3097 358 καὶ¹
3156 305 3212 367 ἐς
3252 302 3504 375 ἀνάγκην
3535 304 3762 358 ἐπειδὰν

514 392 739 440 tentiam
788 386 1038 454 rapiatis,
1092 385 1171 437 sic
1235 384 1446 437 audite.
1501 383 1743 439 Vidistis
1786 396 1842 438 ut
1896 386 2079 452 janure

517 477 663 545 regis
695 477 943 530 steterint
976 487 1169 528 neutro
1211 473 1488 527 inclinata:
1540 475 1605 526 ad
1666 490 1925 543 pugnam.
1972 473 2079 528 Nec

512 571 675 621 etiam
728 566 1023 637 periclitari
1077 567 1285 625 volunt,
1320 566 1477 634 quasi
1528 566 1677 619 salus
1732 569 1871 633 regis
1918 577 2081 635 atque

517 662 652 713 adeo
677 660 842 714 totius
878 658 1154 711 exercitus
1208 658 1261 709 in
1316 658 1449 726 ipsis
1486 659 1587 712 sita
1636 659 1705 711 sit
1741 674 1755 711 :
1796 674 1893 711 nec
1929 659 2080 726 prius

512 767 671 817 quam
725 750 1025 803 necessitas
1088 748 1402 817 postularit,
1461 764 1697 817 pugnam
1756 758 2075 817 capessunt.

512 843 662 909 Agite
730 840 913 909 igitur.
974 842 1117 894 hunc
1154 841 1297 910 regis
1348 842 1653 895 exercitum
1708 841 2076 895 invadamus:

455 976 458 1007 ξ
510 932 601 1000 (ιιιὶ
637 934 679 984 si
714 933 767 984 in
795 931 975 999 fugam
1006 931 1234 997 abierit,
1276 932 1460 985 nullus
1492 928 1939 1001 nos'exspectare
1962 948 2081 985 sus-

510 1026 719 1078 tinebit.
755 1025 965 1079 Censeo
997 1036 1197 1087 autem,
1239 1035 1297 1078 ut
1328 1040 1507 1095 regem
1538 1026 1929 1096 aggrediamur
1954 1041 2077 1078 eum

510 1118 774 1169 universo
811 1116 1073 1181 exercitu,
1103 1130 1225 1169 cum
1279 1117 1538 1171 curribus
1592 1134 1827 1187 quoque,
1866 1119 1916 1172 in
1953 1119 2079 1189 qui-

509 1208 609 1262 bus
642 1207 954 1261 bombarda:
981 1217 1036 1261 et
1056 1207 1428 1262 bombardarii
1476 1219 1647 1262 sunt:
1692 1219 1745 1262 et
1779 1219 1836 1262 ut
1882 1225 2077 1279 perga-

510 1316 631 1353 mus
671 1299 852 1352 adhuc
910 1299 1011 1352 hac
1066 1308 1228 1353 nocte
1288 1299 1578 1353 confestim
1631 1311 1818 1354 contra
1858 1302 2077 1369 januas,

512 1406 609 1444 nec
644 1400 991 1445 cunctentur.
1022 1388 1085 1442 Et
1109 1390 1458 1455 accedentes,
1492 1392 1915 1446 bombardarum
1968 1394 2081 1464 glo-

510 1480 596 1532 bis
634 1480 957 1549 sagittisque
998 1489 1247 1548 petamus
1288 1481 1468 1547 janum
1500 1483 1720 1546 milites,
1758 1484 1936 1553 iisque
1963 1493 2077 1539 ter-

512 1586 689 1624 rorem
731 1571 1029 1624 maximum
1064 1572 1393 1626 inferamus.
1426 1572 1574 1626 Satis
1601 1585 1751 1627 certo
1806 1576 1941 1638 scio,
1981 1591 2077 1630 cos

408 1676 411 1681 ‘
508 1678 617 1715 non
668 1677 964 1717 mansuros
1009 1679 1184 1731 usque
1229 1664 1357 1718 dum
1420 1665 1703 1720 illuccscat
1751 1667 1919 1721 dies:
1980 1668 2073 1722 sed

512 1755 613 1806 hac
642 1753 822 1807 adhuc
875 1766 1034 1807 nocte
1079 1755 1285 1808 lubenti
1340 1766 1393 1809 et
1430 1758 1630 1826 cupido
1662 1757 1844 1811 animo
1894 1757 2075 1828 fugam

510 1844 793 1914 :u-ripient.
848 1842 1003 1910 Quod
1040 1845 1085 1900 si
1142 1845 1306 1900 fuerit
1364 1848 1592 1911 faetum,
1639 1848 1797 1903 facile
1845 1866 1945 1906 nos
1994 1867 2081 1905 re-

507 1951 627 1989 rum
662 1938 952 2006 potiemur.
987 1936 1080 1991 llis
1105 1937 1286 2003 dictis,
1339 1953 1531 1993 omnes
1562 1954 1890 1994 consensum
1946 1956 2080 2008 pra:-

512 2028 721 2092 stitere,
775 2033 828 2080 et
862 2041 971 2081 uno
1001 2041 1096 2081 ore
1152 2026 1233 2082 sic
1288 2026 1597 2081 faciendum
1659 2044 1779 2081 esse
1834 2045 2080 2099 pronun-

514 2122 741 2175 tiarunt.
782 2119 1055 2175 Continuo
1087 2122 1247 2190 igitur
1292 2122 1548 2177 curribus
1614 2123 1769 2191 193
1830 2122 1886 2177 in
1936 2125 2079 2193 regis

512 2212 813 2267 exercitum
853 2210 1051 2265 invecti
1088 2223 1241 2274 sunt,
1290 2211 1391 2265 sub
1447 2213 1621 2281 prima
1672 2214 1853 2267 adhuc
1900 2216 2079 2270 noctis

515 2303 718 2372 vigilia.
771 2301 906 2357 Cum
965 2304 1500 2373 appropinquassent
1552 2304 1734 2373 janua:
1789 2306 2075 2371 militibus,

516 2405 779 2450 terrorem
840 2394 1019 2449 fecere
1069 2396 1392 2461 maximum,
1443 2397 1866 2451 bombardarum
1903 2400 2080 2469 globis

510 2494 565 2539 et
590 2486 789 2554 jaculis
843 2486 1105 2541 ferientes
1156 2487 1500 2556 peregrinos.
1560 2486 1623 2541 Et
1684 2488 1904 2558 quidem
1970 2491 2076 2544 vim

509 2574 783 2631 faciebant
808 2577 1007 2633 castris
1043 2578 1343 2633 Amuratis.
1385 2576 1588 2632 Verum
1650 2580 1921 2649 peregrini
1982 2581 2075 2635 ubi

508 2685 621 2723 rem
665 2680 993 2740 cognorunt,
1051 2685 1249 2741 magno
1280 2671 1467 2726 animo
1497 2670 1870 2740 .l’annonibus
1922 2675 2080 2729 resti-

511 2772 648 2815 tere.
680 2760 815 2815 Nam
843 2760 1183 2817 bombardas
1206 2762 1587 2830 expediebant,
1632 2764 2083 2820 botnbardarios-

509 2866 617 2920 que
643 2851 965 2917 evocabant,
996 2860 1049 2906 et
1084 2868 1190 2906 non
1242 2854 1532 2908 cessabant
1586 2854 1819 2924 jaculari
1863 2855 2080 2910 Panno-

510 2960 606 2998 ncs
645 2944 908 3014 :plurimi
958 2946 1012 2998 in
1066 2960 1128 2998 ea
1174 2954 1333 2999 nocte
1360 2945 1614 3015 utrinque
1649 2947 1935 3014 cadebant,
1988 2950 2078 3004 icti
2104 2956 2150 3017 ρ

511 3036 937 3091 bombardarum
975 3036 1172 3104 globis.
1206 3036 1503 3107 Postquam
1556 3038 1674 3094 dies
1734 3041 1975 3107 advenit,
2026 3052 2080 3097 et

510 3126 803 3181 Pannones
856 3127 1120 3181 videbant
1148 3126 1296 3197 regis
1332 3136 1515 3181 castra
1563 3128 1618 3182 in
1646 3143 1710 3182 ea
1744 3131 1969 3199 regione
2000 3132 2081 3187 lo-

507 3225 631 3271 cata
663 3213 876 3269 fortiter
910 3230 1175 3284 pugnare,
1225 3214 1520 3269 consilium
1553 3229 1752 3286 cepere
1785 3217 2077 3283 redeundi,

510 3307 655 3362 unde
684 3306 893 3376 egressi
927 3316 1105 3371 erant,
1150 3306 1204 3360 in
1246 3314 1428 3363 castra
1461 3327 1476 3361 :
1513 3322 1612 3362 nec
1643 3307 2076 3377 exspectandum

505 3416 650 3465 esse,
698 3400 875 3455 donec
909 3400 1466 3454 circumducerentur
1514 3400 1583 3455 ab
1617 3401 1761 3469 regis
1809 3399 2080 3455 militibus

513 3501 728 3547 stantes
760 3508 929 3562 prope
955 3492 1174 3561 januas.
1196 3491 1320 3547 llzcc
1346 3492 1615 3547 sententia
1643 3493 1733 3545 ubi
1760 3493 2075 3563 placuisset,

507 3584 772 3638 cedebant
837 3584 1161 3639 festinantes
1223 3586 1276 3637 in
1316 3600 1440 3638 eum
1491 3586 1672 3639 locum
1732 3586 1822 3639 ubi
1869 3596 2081 3639 rastra—

508 3674 696 3728 tnetati
728 3682 902 3727 erant.
941 3673 1038 3728 Die
1075 3685 1264 3728 exorto
1298 3676 1495 3728 iterum
1527 3677 1591 3729 ad
1649 3678 1892 3745 przelium
1938 3694 2077 3748 prie-

511 3766 806 3836 parabatur
836 3766 1157 3833 Cboniates,
1213 3768 1517 3835 periculum
1574 3768 1847 3836 facturus,
1904 3773 1947 3826 si
2007 3773 2080 3826 fe-

513 3859 673 3913 licem
708 3873 888 3912 rerum
952 3857 1241 3911 sortiretur
1288 3866 1566 3911 eventum.
1603 3857 1858 3929 Pugnans
1898 3862 2079 3931 itaque

508 3950 773 4019 impetum
807 3949 970 4003 dabat
1010 3950 1065 4004 in
1102 3949 1364 4004 Asianum
1400 3952 1727 4015 exercitum,
1776 3963 1831 4007 et
1865 3952 2080 4009 fortiter

505 4043 971 4111 congrediebatur
1016 4057 1141 4096 cum
1187 4042 1461 4099 bostibus.
1515 4043 1745 4113 Europae
1792 4044 1901 4098 dux
1952 4060 2077 4099 cum

474 4162 477 4165 -
505 4138 805 4204 accepisset
832 4133 1129 4190 Pannones
1173 4149 1499 4204 congressos
1530 4149 1651 4190 esse
1685 4150 1812 4191 cum
1870 4136 2077 4192 A’siano

506 4227 774 4289 exercitu,
814 4227 1201 4281 Turacltanem
1226 4224 1530 4281 Thessaliae
1567 4227 1881 4294 prmfectutn
1912 4228 2076 4282 mittit

507 4330 635 4367 eum
681 4330 783 4369 suo
830 4316 1099 4382 exercitu,
1138 4328 1197 4370 ut
1248 4332 1277 4369 a
1313 4326 1467 4385 tergo
1500 4318 1809 4372 adoriretur
1858 4319 2076 4374 Panno-
2110 4291 2154 4346 θ

506 4427 624 4475 nes,
659 4420 711 4465 et
752 4427 917 4482 quam
966 4413 1265 4467 fortissime
1315 4423 1505 4467 contra
1569 4429 1664 4469 eos
1718 4416 2074 4482 prazliaretur.

503 4501 862 4559 Turacbanes
898 4506 1163 4573 imperata
1210 4506 1442 4575 impigre
1487 4504 1717 4572 faciens,
1753 4506 2073 4563 Pannonum

507 4593 799 4661 plurimos.
853 4610 976 4649 cum
1020 4596 1072 4647 in
1114 4604 1267 4666 terga
1330 4610 1515 4650 eorum
1577 4598 1851 4660 irruisset,
1902 4601 1953 4651 in
2013 4615 2078 4653 eo

506 4684 694 4752 praelia
734 4686 949 4739 stravit.
987 4683 1216 4750 Quidam
1265 4687 1410 4739 enim
1464 4688 1941 4757 persequebantur
1987 4688 2080 4742 Al-

508 4776 703 4842 banos,
736 4792 765 4829 a
792 4792 1027 4844 quorum
1071 4778 1344 4844 vestigiis,
1386 4780 1636 4849 quamvis
1672 4779 1958 4835 celerrime
1991 4779 2078 4833 fu-

507 4876 719 4937 gerant,
755 4884 1027 4940 nusqua_m
1088 4870 1369 4927 abstitere.
1432 4872 1669 4927 Ministrt
1711 4881 1889 4926 tamen
1936 4889 2075 4943 prte-

512 4957 779 5012 fectorum
816 4961 909 5028 qui
966 4974 1029 5013 ex
1067 4960 1283 5031 Europa
1341 4972 1629 5026 venerant,
1690 4961 1834 5015 baud
1895 4964 2074 5030 fugazu

507 5050 766 5106 inierant.
804 5051 940 5107 Cum
986 5060 1168 5108 autem
1205 5069 1233 5107 a
1298 5053 1411 5109 suis
1442 5061 1627 5109 essent
1674 5054 1942 5118 destituti,
1982 5057 2072 5124 qui

508 5141 630 5210 fuga
679 5125 781 5196 sibi
817 5143 1207 5207 consulebant,
1247 5144 1565 5214 pugnabant
1600 5143 1748 5197 haud
1801 5160 1964 5199 secus
2009 5159 2073 5198 ac

504 5232 672 5289 Turci
735 5247 927 5289 contra
1010 5234 1323 5291 Pannones.
1392 5236 1657 5289 Pra‘tcrea
1723 5247 1909 5290 contra
1978 5253 2072 5294 eos

506 5327 775 5383 acerrime
817 5328 1065 5399 prmlium
1101 5327 1335 5390 inibant.
1370 5328 1464 5397 qui
1501 5338 1659 5393 erant
1710 5344 1777 5384 ex
1831 5330 2071 5399 EurOpa,

2182 396 2442 464 περιστῇ,
2496 395 2788 465 μάχεσθαι.
2845 398 2983 466 Φέρε
3027 395 3158 464 οὖν,
3195 397 3401 466 ταύτην
3436 396 3763 465 κινήσωμεν

2180 488 2279 550 τὴν
2338 486 2600 555 βασιλέως
2660 489 2959 553 σύνταξιν,
3000 492 3095 543 καὶ
3160 490 3460 559 οἰχομένης
3519 492 3753 559 ταύτης.

2181 577 2314 644 ἡμῖν
2364 578 2541 641 οὐδεὶς
2588 580 2698 645 τῶν
2760 581 2935 635 ἄλλων
2993 583 3175 651 μένειν
3224 583 3421 636 ἐθέλει.
3471 584 3631 637 Δοκεί
3659 583 3758 637 οὖν

2183 671 2326 740 ἐμοὶ,
2362 674 2585 740 κινῆσαι
2618 675 2677 727 τδ
2711 676 3075 746 στρατόπεδον
3128 680 3263 746 ἡμῖν
3296 679 3463 738 ἆπαν,
3500 681 3593 731 καὶ
3636 683 3753 741 sat,

2181 764 2457 832 ἀμάξαις,
2520 767 2605 835 ἐφ’
2669 764 2754 832 αἷς
2803 771 2851 821 οἱ
2902 771 3185 841 τηλεϐόλοι
3234 773 3331 823 καὶ
3380 771 3759 840 τηλεϐολίσκοι

2182 858 2313 925 ἡμῖν
2362 860 2724 927 τυγχάνουσιν
2771 862 2943 927 ὄντες,
3006 863 3111 915 ὑπὸ
3162 863 3369 933 ταύτην
3428 865 3527 935 τὴν
3583 863 3761 916 νύκτα

2187 951 2324 1004 ίέναι
2354 952 2522 1023 ὁμόσε
2556 954 2648 1004 ἐπὶ
2689 958 2787 1013 τὰς
2821 953 2995 1023 θύρας
3023 955 3258 1019 αὐτίκα,
3286 956 3381 1007 καὶ
3418 957 3493 1024 μὴ
3528 954 3760 1022 διαμέλ-

2182 1042 2317 1098 λειν.
2358 1046 2467 1096 Καὶ
2506 1045 2572 1116 ἢν
2626 1046 2893 1114 ὲπῖωμεν,
2928 1046 3241 1115 τηλεϐόλοις
3286 1066 3344 1100 τε
3376 1050 3468 1101 καὶ
3508 1051 3619 1109 τοῖς
3664 1050 3759 1101 ἄλ-

2162 1136 2292 1211 λοις
2330 1136 2511 1205 βέλεσι
2544 1137 2837 1206 βάλλοντες
2872 1139 2966 1200 τὰς
3008 1137 3277 1206 βασιλέως
3321 1140 3511 1211 θύρας,
3547 1140 3641 1192 καὶ
3671 1141 3761 1191 δε-

2168 1197 2508 1295 ὶδιττόμενοι,
2541 1197 2727 1297 οἴομαι
2783 1197 2858 1300 μη
2907 1197 3188 1299 ἐπιμένειν
3223 1197 3327 1293 ἕως
3362 1197 3597 1299 ἡμέρας,
3635 1230 3755 1283 ἀλλ’

2178 1321 2256 1385 ὡς
2282 1321 2395 1391 ἔχει
2428 1323 2459 1392 ἡ
2493 1320 2609 1387 νὺξ,
2644 1322 2817 1386 οὕτως
2849 1324 3045 1387 αὐτοὺς
3080 1324 3279 1386 ίόντας,
3309 1322 3756 1377 ἀπαλλάττεσθαι

2181 1414 2455 1483 ἀσμένως.
2510 1415 2621 1467 Καὶ
2655 1415 2863 1468 τούτων
2902 1417 3264 1483 ἀπωσάμενοι
3304 1416 3374 1468 τὰ
3421 1417 3754 1485 πράγματα,

2183 1506 2406 1574 ἔχοιμεν
2436 1506 2506 1559 τὰ
2522 1508 2768 1561 ἐκείνων.
2791 1507 2978 1561 Ταῦτα
3003 1509 3179 1575 λέγων
3212 1508 3240 1560 ὁ
3266 1508 3534 1577 Ταούτης,
3563 1507 3755 1560 ἔπειθέ

2180 1613 2260 1662 τε,
2290 1598 2384 1650 καὶ
2414 1598 2602 1650 ὲπίουν
2633 1598 2797 1654 οὔτω.
2837 1601 2947 1653 Καὶ
2980 1600 3178 1653 αὐτίκα
3225 1600 3323 1653 σὺν
3361 1602 3478 1662 ταῖς
3511 1598 3756 1663 ἁμάξαις

2180 1688 2424 1759 ἐπῄεσαν
2456 1690 2513 1752 ἔς
2552 1691 2614 1743 τδ
2642 1690 2908 1759 βασιλέως
2966 1691 3333 1761 στρατόπεδον
3365 1693 3494 1761 περὶ
3524 1693 3757 1760 πρώτην

2180 1784 2432 1856 φυλακὴν
2475 1785 2576 1853 τῆς
2622 1787 2840 1848 νυκτός.
2886 1785 2974 1848 Ὣς
3026 1787 3082 1840 δὲ
3131 1786 3301 1855 ἀγχοῦ
3347 1786 3595 1853 ἐγένοντο
3636 1786 3754 1837 τῶν

2181 1877 2451 1948 βασιλέως
2503 1878 2706 1948 θυρῶν,
2765 1879 3002 1934 ἐνταῦθα
3057 1880 3384 1933 ἐδεδίττοντο
3435 1878 3754 1949 τηλεϐόλοις

2179 1990 2239 2026 τε
2268 1974 2363 2026 καὶ
2396 1972 2805 2043 τηλεϐολίσκοις
2854 1976 2979 2036 τοὺς
3013 1974 3058 2004 ⁸⁸
3113 1973 3395 2043 νεήλυδας,
3428 1977 3519 2026 καὶ
3555 1973 3755 2026 ἔϐαλον

2179 2066 2241 2119 τὸ
2269 2065 2363 2119 τοῦ
2395 2066 2660 2135 βασιλέως
2704 2066 3100 2137 στρατόπεδονο
3138 2067 3232 2120 καὶ
3263 2066 3531 2135 ἐμάχοντο
3577 2067 3757 2133 μεγά-

2180 2158 2285 2222 λως
2336 2159 2472 2229 πρὸς
2526 2161 2586 2212 τὸ
2638 2159 2823 2232 μέρος,
2873 2161 3013 2214 ὥστε
3062 2161 3358 2228 διέφαινεν.
3404 2160 3475 2214 ΟΞ
3524 2177 3582 2212 τε
3639 2160 3755 2228 γάρ

2180 2252 2437 2322 νεήλυδες
2496 2253 2626 2317 τούς
2682 2270 2739 2307 τε
2798 2253 3124 2322 τηλεϐόλους
3190 2256 3754 2322 παρασκευασάμενοι

2184 2347 2277 2420 καὶ
2299 2344 2740 2417 τηλεϐολίσκους,
2779 2347 3011 2414 ὑφίεσαν
3058 2348 3149 2401 ἐπὶ
3180 2348 3306 2411 τοὺς
3339 2346 3577 2407 Παίονας
3604 2360 3619 2376 ⁸
3656 2347 3757 2399 καὶ

2180 2440 2413 2495 ἔπιπτον
2441 2441 2772 2510 ἀμφοτέρων
2804 2443 2904 2494 οὐκ
2933 2440 3105 2508 ὀλίγοι
3136 2442 3202 2510 τῇ
3237 2441 3395 2494 νυκτὶ
3424 2438 3616 2509 ταύτῃ,
3644 2440 3755 2492 ὑπὸ

2180 2535 2491 2607 τηλεϐόλων
2531 2538 2600 2587 τὰ
2651 2533 2823 2588 πλείω
2869 2534 3248 2603 φθειρόμενοι.
3281 2533 3439 2587 Ἐπεὶ
3473 2532 3529 2587 δι
3566 2532 3756 2602 ἡμέρα

2181 2628 2353 2698 ἀγχοῦ
2382 2628 2619 2696 ἐγένετο.
2648 2627 2743 2680 καὶ
2771 2627 2961 2696 ἑώρων
2988 2627 3050 2679 τὸ
3081 2626 3349 2696 βασιλέως
3382 2626 3756 2696 στρατόπεδον

2185 2719 2470 2790 ἱδρυμένον
2516 2718 2658 2772 κατὰ
2712 2719 2901 2789 χώραν
2948 2719 3317 2786 ἀγωνίζεσθαι
3349 2718 3517 2781 ἀξίως
3561 2718 3750 2785 λόγου,

2183 2815 2355 2868 ἐδόκει
2417 2812 2824 2877 ἀναζεύξαντας
2902 2812 3233 2866 ἀπελαύνειν
3293 2813 3350 2874 ἐς
3416 2813 3507 2864 τὸν
3569 2812 3751 2881 χῶρον

2182 2910 2409 2972 ἐκεῖνον,
2436 2907 2490 2957 ὲν
2524 2902 2567 2975 ᾧ
2601 2905 3148 2975 ἐστρατοπεδεύοντο,
3184 2906 3276 2958 καὶ
3327 2905 3403 2976 μὴ
3453 2906 3752 2975 ἀναμένειν

2183 3001 2618 3070 συλλεγομένους
2651 2999 2984 3052 κυκλοῦσθαι
3034 3000 3194 3068 σφᾶς.
3226 3000 3395 3067 ἐγγὺς
3424 2998 3532 3052 τῶν
3568 2998 3753 3067 θυρῶν

2182 3095 2533 3164 γενομένους.
2604 3092 2691 3156 Ὦς
2744 3093 2801 3147 δὲ
2835 3093 3049 3157 ἐδόκει,
3099 3091 3194 3144 καὶ
3256 3091 3478 3145 ἐποίουν
3538 3091 3752 3145 ταῦτα’

2181 3188 2494 3260 ἀνεχώρουν
2540 3189 2596 3249 ἐς
2643 3187 2742 3259 τὴν
2788 3184 2973 3256 χώραν
3006 3185 3212 3245 αὐτῶν.
3249 3186 3373 3239 καθ’
3415 3186 3484 3257 ἣν
3535 3186 3756 3256 ἵδρυντο

2183 3284 2476 3354 πρότερον.
2521 3280 2677 3335 Ἐπεὶ
2700 3280 2777 3341 ,δὲ
2838 3279 3041 3351 ἡμέρα
3077 3281 3313 3347 ἐγένετο.
3374 3280 3756 3351 παρετάσσετο

2180 3375 2413 3445 δεύτερα
2449 3375 2507 3437 ἐς
2538 3375 2636 3443 τὴν
2670 3374 2876 3441 μάχην,
2910 3372 3313 3440 πειρασόμενος
3404 3372 3472 3425 ἂν
3506 3371 3751 3444 ἁποϐαίη

2181 3470 2330 3541 αὺτῷ
2379 3470 2445 3523 τὰ
2492 3472 2819 3539 πράγματα.
2857 3467 3139 3531 Καθιστάς
3181 3468 3239 3521 δὲ
3270 3470 3328 3521 ὲν
3376 3469 3545 3541 μάχῃ,
3579 3468 3756 3536 ἔμϐα-

2180 3566 2287 3618 λὼν
2361 3566 2419 3626 ἐς
2492 3564 2553 3615 τὸ
2626 3563 2724 3630 τῆς
2809 3560 2993 3622 Ἀσίας
3076 3562 3412 3629 στράτευμα,
3475 3560 3755 3628 συμϐολὴν

2180 3660 2418 3711 ἐποιεῖτο
2460 3654 2692 3708 ἐνταῦθα
2747 3654 2823 3716 ob;
2870 3653 3152 3719 συνέϐαλε,
3184 3654 3395 3722 πέμπει
3437 3653 3465 3705 ὁ
3512 3652 3612 3719 τῆς
3645 3652 3740 3705 Εὐ-

2183 3752 2372 3825 ρώπης
2401 3749 2704 3820 στρατηγὸς
2734 3749 3091 3818 Τουραχάνην
3122 3748 3212 3800 τὸν
3243 3746 3541 3809 Θετταλίας
3574 3745 3757 3815 ῦπαρ-

2180 3864 2273 3916 χον
2320 3845 2417 3898 σὺν
2449 3843 2525 3912 τῷ
2576 3842 2741 3896 αύτνῦ
2801 3842 3195 3911 στρατεύματι,
3227 3842 3366 3895 κατά
3394 3840 3565 3895 νώτου
3599 3842 3758 3905 γενό-
3828 3842 3831 3845 “

2185 3955 2366 4005 μενον,
2396 3940 2506 4000 τοῖς
2553 3937 2747 3988 Παίοσι
2808 3933 3108 4002 συμϐαλεῖν
3156 3934 3232 3997 ὡς
3278 3934 3499 3987 δύναιτο
3528 3934 3751 4003 ἰσχυρό-

2180 4049 2339 4088 τατα.
2368 4030 2635 4085 Ἐνταῦθα
2663 4027 3021 4097 Τουραχάνης
3054 4028 3195 4081 κατά
3237 4028 3409 4080 νώτου
3454 4028 3755 4094 γενόμενος

2179 4126 2291 4186 τοῖς
2326 4122 2539 4187 Παίοσι,
2570 4122 2801 4183 πολλοὺς
2844 4121 3027 4174 αὐτῶν
3056 4120 3354 4173 κατέϐαλεν
3397 4121 3455 4172 ἐν
3497 4122 3564 4189 τῇ
3600 4121 3754 4190 μάχῃ

2181 4217 2374 4286 ταύτῃ.
2400 4217 2461 4267 Ol
2494 4213 2593 4284 μὲν
2625 4213 2733 4280 γὰρ
2762 4212 2983 4265 ἐδίωκον
3008 4214 3134 4274 τοὺς
3171 4211 3463 4271 Ἀλϐανοὺς
3488 4212 3630 4273 ⁸⁸⁸⁸⁵,
3654 4215 3759 4268 καὶ

2182 4311 2256 4372 ὡς
2293 4308 2597 4361 ἐπικέοιντο
2626 4305 2935 4369 διώκοντες,
2964 4306 3013 4357 oi
3056 4306 3155 4374 μὲν
3205 4304 3439 4373 ἔφευγον
3474 4305 3577 4356 ἀνά
3616 4307 3759 4373 χρά-

2182 4422 2291 4468 τος.
2331 4403 2479 4474 Πλὴν
2502 4404 2565 4470 δὴ
2595 4402 2703 4454 τῶν
2738 4401 3002 4470 ὑπάρχων
3052 4400 3387 4471 θεράποντες
3435 4401 3754 4470 Εὐρωπαῖοι

2181 4498 2356 4560 ὅντες,
2401 4497 2497 4548 καὶ
2541 4496 2860 4557 διαστάντες
2908 4495 2983 4558 ώς
3029 4496 3313 4563 φεύγοιεν,
3356 4495 3628 4563 ἐμάχοντο
3660 4489 3753 4546 οἷα

2182 4594 2292 4654 τοῖς
2326 4590 2593 4658 Τούρκοις
2645 4588 2925 4658 νομίζεται
2975 4586 3111 4658 πρὸς
3155 4589 3282 4649 τοὺς
3317 4588 3574 4649 Παίονας.
3607 4587 3756 4655 Πρὸς

2181 4684 2237 4739 δὲ
2283 4684 2410 4746 τοὺς
2467 4683 2576 4736 ἀπὸ
2636 4683 2737 4751 τῆς
2801 4681 3091 4752 Εὐρώπης,
3142 4680 3283 4733 κατὰ
3343 4678 3515 4732 νώτου
3566 4680 3757 4747 σφίσιν

2182 4776 2592 4845 ἐπικειμένους,
2633 4774 3061 4845 Δσυστραφέντες
3123 4771 3390 4841 συστάδην
3459 4771 3753 4841 ἐμάχοντο,

2180 4841 2541 4937 ἄλλοτε-ἄλλη
2598 4841 2692 4919 τοῦ
2728 4841 2913 4917 πεδίου
2964 4865 3041 4927 ὡς
3094 4863 3444 4935 περιτύχοιεν
3494 4866 3754 4943 ἑκάτεροι

2183 4962 2433 5031 ἀλλήλοις
2492 4962 2850 5029 ἐπικείμενοι.
2906 4958 3080 5019 Δᾶκες
3129 4957 3185 5010 δὲ
3236 4956 3313 5020 ὡς
3380 4954 3573 5023 ἑώρων
3624 4962 3754 5018 τους

2183 5054 2466 5123 Τσύρκους
2513 5052 2650 5106 πολὺ
2702 5052 2834 5123 παρ’
2897 5050 3089 5105 ἐλπίδα
3135 5051 3621 5119 ἀγωνιζομένους..
3650 5050 3753 5102 κει

2188 5145 2335 5214 σφίσι
2373 5145 2469 5198 καὶ
2502 5142 2863 5213 χαλεπώτατα
2916 5140 3287 5212 ἐπηρτῆσθαι,
3322 5138 3646 5206 ἀπαλλαγὴν
3688 5137 3751 5190 δὲ

2188 5237 2341 5307 μόλις
2382 5236 2601 5289 ἔσεσθαι
2650 5231 2745 5289 τοῦ
2795 5232 2991 5300 κακοῦ,
3025 5234 3120 5286 καὶ
3164 5233 3230 5303 ἢν
3266 5232 3405 5295 σῶες
3442 5230 3750 5299 ἀφίκοιντο,

2184 5334 2277 5385 ἐπὶ
2306 5333 2471 5403 ὅρκου
2510 5329 2783 5402 μηδεμίαν
2824 5324 2962 5382 εἶναι
3001 5327 3274 5399 μηχανὴν,
3313 5325 3385 5396 μὶ·
3412 5325 3475 5379 οὐ
3506 5320 3750 5377 δίδοσθαι
3772 5337 3793 5351 ο

1776 5489 2023 5551 Notulae
2062 5492 2467 5569 marginales.

586 5606 704 5641 “°"
739 5609 798 5663 τὸ
824 5611 1140 5683 στράτευμα
1168 5609 1280 5666 καί.
1316 5608 1377 5662 In
1412 5607 1484 5662 αι·
1509 5616 1564 5661 αι
1594 5622 1643 5662 σο
