  <div class='ocr_page' id='page_1' title='image "/cluster/home/n/w/nwhite01/storage/ocr_20150623/159/hvd.32044073502684/202.png"; bbox 0 0 4006 6204; ppageno 0'>
   <div class='ocr_carea' id='block_1_1' title="bbox 221 243 330 308">
    <p class='ocr_par' dir='ltr' id='par_1_1' title="bbox 221 243 330 308">
     <span class='ocr_line' id='line_1_1' title="bbox 221 243 330 308; baseline 0.018 -2"><span class='ocrx_word' id='word_1_1' title='bbox 221 243 330 308; x_wconf 83' lang='grc'><strong>361</strong></span> 
     </span>
    </p>
   </div>
   <div class='ocr_carea' id='block_1_2' title="bbox 1300 256 2446 355">
    <p class='ocr_par' dir='ltr' id='par_1_2' title="bbox 1300 256 2446 355">
     <span class='ocr_line' id='line_1_2' title="bbox 1300 256 2446 355; baseline 0.008 -39"><span class='ocrx_word' id='word_1_2' title='bbox 1300 256 1397 317; x_wconf 86' lang='lat' dir='ltr'><strong>DE</strong></span> <span class='ocrx_word' id='word_1_3' title='bbox 1444 258 1700 319; x_wconf 69' lang='grc' dir='ltr'><strong>ΗΕΒΗὸ</strong></span> <span class='ocrx_word' id='word_1_4' title='bbox 1726 259 2089 321; x_wconf 80' lang='lat' dir='ltr'><strong>TURClClS</strong></span> <span class='ocrx_word' id='word_1_5' title='bbox 2133 263 2283 326; x_wconf 86' lang='lat' dir='ltr'><strong>LIB.</strong></span> <span class='ocrx_word' id='word_1_6' title='bbox 2314 267 2446 355; x_wconf 78' lang='lat' dir='ltr'><strong>VII.</strong></span> 
     </span>
    </p>
   </div>
   <div class='ocr_carea' id='block_1_3' title="bbox 3380 279 3484 339">
    <p class='ocr_par' dir='ltr' id='par_1_3' title="bbox 3380 279 3484 339">
     <span class='ocr_line' id='line_1_3' title="bbox 3380 279 3484 339; baseline 0 -1"><span class='ocrx_word' id='word_1_7' title='bbox 3380 279 3484 339; x_wconf 73' lang='lat'><strong>36!</strong></span> 
     </span>
    </p>
   </div>
   <div class='ocr_carea' id='block_1_4' title="bbox 218 357 1813 447">
    <p class='ocr_par' dir='ltr' id='par_1_4' title="bbox 218 357 1813 442">
     <span class='ocr_line' id='line_1_4' title="bbox 218 357 1813 442; baseline 0.01 -34"><span class='ocrx_word' id='word_1_8' title='bbox 218 357 451 420; x_wconf 68' lang='grc' dir='ltr'>αὐτοὺς</span> <span class='ocrx_word' id='word_1_9' title='bbox 516 358 675 421; x_wconf 68' lang='grc' dir='ltr'>δίκας</span> <span class='ocrx_word' id='word_1_10' title='bbox 731 358 810 430; x_wconf 85' lang='grc' dir='ltr'>τῷ</span> <span class='ocrx_word' id='word_1_11' title='bbox 870 362 1106 431; x_wconf 78' lang='grc' dir='ltr'>βασιλεῖ,</span> <span class='ocrx_word' id='word_1_12' title='bbox 1158 358 1232 418; x_wconf 80' lang='grc' dir='ltr'><strong>ὧν</strong></span> <span class='ocrx_word' id='word_1_13' title='bbox 1291 371 1622 439; x_wconf 76' lang='grc' dir='ltr'><strong>εἰργάσαντο</strong></span> <span class='ocrx_word' id='word_1_14' title='bbox 1678 372 1813 442; x_wconf 67' lang='grc' dir='ltr'>αὑτιξ</span> 
     </span>
    </p>
   </div>
   <div class='ocr_carea' id='block_1_5' title="bbox 1918 357 3489 447">
    <p class='ocr_par' dir='ltr' id='par_1_5' title="bbox 1931 379 3489 447">
     <span class='ocr_line' id='line_1_5' title="bbox 1931 379 3489 447; baseline 0.011 -17"><span class='ocrx_word' id='word_1_15' title='bbox 1931 384 1986 430; x_wconf 89' lang='lat' dir='ltr'><strong>et</strong></span> <span class='ocrx_word' id='word_1_16' title='bbox 2019 392 2048 430; x_wconf 92' lang='lat' dir='ltr'><strong>a</strong></span> <span class='ocrx_word' id='word_1_17' title='bbox 2080 390 2230 447; x_wconf 84' lang='lat' dir='ltr'><strong>tergo</strong></span> <span class='ocrx_word' id='word_1_18' title='bbox 2276 381 2382 433; x_wconf 89' lang='lat' dir='ltr'><strong>vim</strong></span> <span class='ocrx_word' id='word_1_19' title='bbox 2446 379 2739 436; x_wconf 76' lang='lat' dir='ltr'><strong>faciebant.</strong></span> <span class='ocrx_word' id='word_1_20' title='bbox 2794 382 2927 438; x_wconf 79' lang='lat' dir='ltr'><strong>Nam</strong></span> <span class='ocrx_word' id='word_1_21' title='bbox 2984 388 3230 443; x_wconf 76' lang='lat' dir='ltr'><strong>conversi</strong></span> <span class='ocrx_word' id='word_1_22' title='bbox 3289 392 3489 447; x_wconf 87' lang='lat' dir='ltr'><strong>collato</strong></span> 
     </span>
    </p>
   </div>
   <div class='ocr_carea' id='block_1_6' title="bbox 218 450 1821 533">
    <p class='ocr_par' dir='ltr' id='par_1_6' title="bbox 218 450 1821 533">
     <span class='ocr_line' id='line_1_6' title="bbox 218 450 1821 533; baseline 0.011 -32"><span class='ocrx_word' id='word_1_23' title='bbox 218 450 636 519; x_wconf 78' lang='grc' dir='ltr'><strong>πολεμοῦντες,</strong></span> <span class='ocrx_word' id='word_1_24' title='bbox 671 454 765 505; x_wconf 71' lang='grc' dir='ltr'><strong>καὶ</strong></span> <span class='ocrx_word' id='word_1_25' title='bbox 798 454 882 507; x_wconf 82' lang='grc' dir='ltr'>ὅτι</span> <span class='ocrx_word' id='word_1_26' title='bbox 914 458 1027 519; x_wconf 80' lang='grc' dir='ltr'>τοῖς</span> <span class='ocrx_word' id='word_1_27' title='bbox 1049 456 1239 513; x_wconf 82' lang='grc' dir='ltr'>Παίοσι</span> <span class='ocrx_word' id='word_1_28' title='bbox 1284 464 1628 533; x_wconf 79' lang='grc' dir='ltr'><strong>συνεμάχουν</strong></span> <span class='ocrx_word' id='word_1_29' title='bbox 1658 480 1673 496; x_wconf 73' lang='grc' dir='ltr'><strong>ο</strong></span> <span class='ocrx_word' id='word_1_30' title='bbox 1708 465 1821 518; x_wconf 72' lang='grc' dir='ltr'>ἐδό-</span> 
     </span>
    </p>
   </div>
   <div class='ocr_carea' id='block_1_7' title="bbox 218 545 1820 626">
    <p class='ocr_par' dir='ltr' id='par_1_7' title="bbox 218 545 1820 626">
     <span class='ocr_line' id='line_1_7' title="bbox 218 545 1820 626; baseline 0.011 -32"><span class='ocrx_word' id='word_1_31' title='bbox 218 561 310 597; x_wconf 85' lang='grc' dir='ltr'><strong>κει</strong></span> <span class='ocrx_word' id='word_1_32' title='bbox 348 545 551 609; x_wconf 80' lang='grc' dir='ltr'>αὐτοῖς</span> <span class='ocrx_word' id='word_1_33' title='bbox 599 546 656 599; x_wconf 82' lang='grc' dir='ltr'>ὲν</span> <span class='ocrx_word' id='word_1_34' title='bbox 688 547 767 617; x_wconf 82' lang='grc' dir='ltr'><strong>τῷ</strong></span> <span class='ocrx_word' id='word_1_35' title='bbox 820 548 1044 619; x_wconf 81' lang='grc' dir='ltr'>μεγάλῳ</span> <span class='ocrx_word' id='word_1_36' title='bbox 1082 552 1258 623; x_wconf 83' lang='grc' dir='ltr'>τούτῳ</span> <span class='ocrx_word' id='word_1_37' title='bbox 1309 554 1547 626; x_wconf 78' lang='grc' dir='ltr'><strong>θορύϐῳ.</strong></span> <span class='ocrx_word' id='word_1_38' title='bbox 1582 559 1820 625; x_wconf 79' lang='grc' dir='ltr'>ἄγγελον</span> 
     </span>
    </p>
   </div>
   <div class='ocr_carea' id='block_1_8' title="bbox 216 636 1814 717">
    <p class='ocr_par' dir='ltr' id='par_1_8' title="bbox 216 636 1814 717">
     <span class='ocr_line' id='line_1_8' title="bbox 216 636 1814 717; baseline 0.011 -30"><span class='ocrx_word' id='word_1_39' title='bbox 216 636 571 703; x_wconf 70' lang='grc' dir='ltr'>πέμψαντας</span> <span class='ocrx_word' id='word_1_40' title='bbox 642 639 793 708; x_wconf 82' lang='grc' dir='ltr'>παρὰ</span> <span class='ocrx_word' id='word_1_41' title='bbox 864 640 1089 709; x_wconf 76' lang='grc' dir='ltr'><strong>βασιλέα</strong></span> <span class='ocrx_word' id='word_1_42' title='bbox 1158 643 1505 717; x_wconf 83' lang='grc' dir='ltr'>’Λμουράτην</span> <span class='ocrx_word' id='word_1_43' title='bbox 1566 650 1814 704; x_wconf 82' lang='grc' dir='ltr'>διαλλάτ-</span> 
     </span>
    </p>
   </div>
   <div class='ocr_carea' id='block_1_9' title="bbox 214 730 1823 805">
    <p class='ocr_par' dir='ltr' id='par_1_9' title="bbox 214 730 1823 805">
     <span class='ocr_line' id='line_1_9' title="bbox 214 730 1823 805; baseline 0.011 -25"><span class='ocrx_word' id='word_1_44' title='bbox 214 730 454 795; x_wconf 74' lang='grc' dir='ltr'>τεσθαι,</span> <span class='ocrx_word' id='word_1_45' title='bbox 503 733 597 783; x_wconf 70' lang='grc' dir='ltr'>καὶ</span> <span class='ocrx_word' id='word_1_46' title='bbox 650 733 719 784; x_wconf 71' lang='grc' dir='ltr'><strong>τὰ</strong></span> <span class='ocrx_word' id='word_1_47' title='bbox 747 733 886 785; x_wconf 77' lang='grc' dir='ltr'>ὅπλα</span> <span class='ocrx_word' id='word_1_48' title='bbox 936 737 1355 805; x_wconf 78' lang='grc' dir='ltr'><strong>παραδιδόντας,</strong></span> <span class='ocrx_word' id='word_1_49' title='bbox 1390 740 1575 805; x_wconf 80' lang='grc' dir='ltr'><strong>ξένους</strong></span> <span class='ocrx_word' id='word_1_50' title='bbox 1625 760 1685 794; x_wconf 86' lang='grc' dir='ltr'><strong>τε</strong></span> <span class='ocrx_word' id='word_1_51' title='bbox 1727 746 1823 796; x_wconf 80' lang='grc' dir='ltr'><strong>καὶ</strong></span> 
     </span>
    </p>
   </div>
   <div class='ocr_carea' id='block_1_10' title="bbox 217 819 1818 894">
    <p class='ocr_par' dir='ltr' id='par_1_10' title="bbox 217 819 1818 894">
     <span class='ocr_line' id='line_1_10' title="bbox 217 819 1818 894; baseline 0.009 -21"><span class='ocrx_word' id='word_1_52' title='bbox 217 821 431 889; x_wconf 74' lang='grc' dir='ltr'>φξλους</span> <span class='ocrx_word' id='word_1_53' title='bbox 460 819 598 877; x_wconf 67' lang='grc' dir='ltr'>εἶναι</span> <span class='ocrx_word' id='word_1_54' title='bbox 631 822 708 893; x_wconf 81' lang='grc' dir='ltr'><strong>τῷ</strong></span> <span class='ocrx_word' id='word_1_55' title='bbox 739 824 977 894; x_wconf 76' lang='grc' dir='ltr'>βασιλεῖ.</span> <span class='ocrx_word' id='word_1_56' title='bbox 1020 827 1111 891; x_wconf 80' lang='grc' dir='ltr'>Ὠς</span> <span class='ocrx_word' id='word_1_57' title='bbox 1139 829 1197 881; x_wconf 83' lang='grc' dir='ltr'>δὲ</span> <span class='ocrx_word' id='word_1_58' title='bbox 1230 832 1425 892; x_wconf 76' lang='grc' dir='ltr'>ἐδόκει.</span> <span class='ocrx_word' id='word_1_59' title='bbox 1456 835 1552 887; x_wconf 74' lang='grc' dir='ltr'>καὶ</span> <span class='ocrx_word' id='word_1_60' title='bbox 1599 835 1818 887; x_wconf 70' lang='grc' dir='ltr'>ἐποίουν</span> 
     </span>
    </p>
   </div>
   <div class='ocr_carea' id='block_1_11' title="bbox 215 915 1820 997">
    <p class='ocr_par' dir='ltr' id='par_1_11' title="bbox 215 915 1820 997">
     <span class='ocr_line' id='line_1_11' title="bbox 215 915 1820 997; baseline 0.009 -31"><span class='ocrx_word' id='word_1_61' title='bbox 215 915 436 970; x_wconf 83' lang='grc' dir='ltr'>ταῦτα.</span> <span class='ocrx_word' id='word_1_62' title='bbox 480 916 542 969; x_wconf 88' lang='grc' dir='ltr'>Ὀ</span> <span class='ocrx_word' id='word_1_63' title='bbox 589 915 647 968; x_wconf 70' lang='grc' dir='ltr'>δὲ</span> <span class='ocrx_word' id='word_1_64' title='bbox 694 916 925 983; x_wconf 78' lang='grc' dir='ltr'>ἅγγελος</span> <span class='ocrx_word' id='word_1_65' title='bbox 958 920 1293 989; x_wconf 80' lang='grc' dir='ltr'><strong>ἀφικόμενος</strong></span> <span class='ocrx_word' id='word_1_66' title='bbox 1346 925 1440 976; x_wconf 77' lang='grc' dir='ltr'><strong>ἐπὶ</strong></span> <span class='ocrx_word' id='word_1_67' title='bbox 1491 928 1587 988; x_wconf 84' lang='grc' dir='ltr'><strong>τάς</strong></span> <span class='ocrx_word' id='word_1_68' title='bbox 1649 926 1820 997; x_wconf 82' lang='grc' dir='ltr'>Θύρας</span> 
     </span>
    </p>
   </div>
   <div class='ocr_carea' id='block_1_12' title="bbox 217 1006 1819 1089">
    <p class='ocr_par' dir='ltr' id='par_1_12' title="bbox 217 1006 1819 1089">
     <span class='ocr_line' id='line_1_12' title="bbox 217 1006 1819 1089; baseline 0.007 -29"><span class='ocrx_word' id='word_1_69' title='bbox 217 1008 387 1076; x_wconf 74' lang='grc' dir='ltr'>ἔλεγε</span> <span class='ocrx_word' id='word_1_70' title='bbox 448 1010 627 1062; x_wconf 84' lang='grc' dir='ltr'>τοιάδε</span> <span class='ocrx_word' id='word_1_71' title='bbox 658 1026 672 1041; x_wconf 75' lang='grc' dir='ltr'>σ</span> <span class='ocrx_word' id='word_1_72' title='bbox 708 1006 777 1063; x_wconf 81' lang='grc' dir='ltr'><strong><em>Ὦ</em></strong></span> <span class='ocrx_word' id='word_1_73' title='bbox 811 1010 1062 1078; x_wconf 77' lang='grc' dir='ltr'>βασιλεῦ,</span> <span class='ocrx_word' id='word_1_74' title='bbox 1094 1016 1192 1084; x_wconf 78' lang='grc' dir='ltr'><strong>ἐμὲ</strong></span> <span class='ocrx_word' id='word_1_75' title='bbox 1234 1018 1407 1080; x_wconf 84' lang='grc' dir='ltr'>Δᾶκες</span> <span class='ocrx_word' id='word_1_76' title='bbox 1455 1019 1819 1089; x_wconf 76' lang='grc' dir='ltr'>ἔπεμψαν,,ὲς</span> 
     </span>
    </p>
   </div>
   <div class='ocr_carea' id='block_1_13' title="bbox 218 1102 1818 1176">
    <p class='ocr_par' dir='ltr' id='par_1_13' title="bbox 218 1102 1818 1176">
     <span class='ocr_line' id='line_1_13' title="bbox 218 1102 1818 1176; baseline 0.009 -24"><span class='ocrx_word' id='word_1_77' title='bbox 218 1102 351 1168; x_wconf 49' lang='grc' dir='ltr'>διιιν</span> <span class='ocrx_word' id='word_1_78' title='bbox 417 1104 716 1169; x_wconf 63' lang='grc' dir='ltr'>ἀφικέσθαι</span> <span class='ocrx_word' id='word_1_79' title='bbox 772 1108 871 1171; x_wconf 80' lang='grc' dir='ltr'>τὴν</span> <span class='ocrx_word' id='word_1_80' title='bbox 933 1105 1054 1176; x_wconf 84' lang='grc' dir='ltr'>σὴν,</span> <span class='ocrx_word' id='word_1_81' title='bbox 1103 1109 1199 1161; x_wconf 71' lang='grc' dir='ltr'>καὶ</span> <span class='ocrx_word' id='word_1_82' title='bbox 1251 1110 1486 1173; x_wconf 69' lang='grc' dir='ltr'>σπονδὰς</span> <span class='ocrx_word' id='word_1_83' title='bbox 1546 1114 1818 1167; x_wconf 73' lang='grc' dir='ltr'>αἰτεῖσθαι</span> 
     </span>
    </p>
   </div>
   <div class='ocr_carea' id='block_1_14' title="bbox 218 1195 1817 1275">
    <p class='ocr_par' dir='ltr' id='par_1_14' title="bbox 218 1195 1817 1275">
     <span class='ocr_line' id='line_1_14' title="bbox 218 1195 1817 1275; baseline 0.008 -30"><span class='ocrx_word' id='word_1_84' title='bbox 218 1195 421 1249; x_wconf 74' lang='grc' dir='ltr'>αὐτοῖς</span> <span class='ocrx_word' id='word_1_85' title='bbox 454 1196 789 1265; x_wconf 74' lang='grc' dir='ltr'>συγγνώμην</span> <span class='ocrx_word' id='word_1_86' title='bbox 821 1201 1303 1268; x_wconf 78' lang='grc' dir='ltr'>παραιτουμένοις,</span> <span class='ocrx_word' id='word_1_87' title='bbox 1325 1202 1410 1271; x_wconf 75' lang='grc' dir='ltr'><strong>ἐφ’</strong></span> <span class='ocrx_word' id='word_1_88' title='bbox 1438 1201 1520 1266; x_wconf 80' lang='grc' dir='ltr'>οἷς</span> <span class='ocrx_word' id='word_1_89' title='bbox 1560 1208 1817 1275; x_wconf 78' lang='grc' dir='ltr'>πεπλημ-</span> 
     </span>
    </p>
   </div>
   <div class='ocr_carea' id='block_1_15' title="bbox 223 1287 1817 1364">
    <p class='ocr_par' dir='ltr' id='par_1_15' title="bbox 223 1287 1817 1364">
     <span class='ocr_line' id='line_1_15' title="bbox 223 1287 1817 1364; baseline 0.011 -30"><span class='ocrx_word' id='word_1_90' title='bbox 223 1287 521 1354; x_wconf 75' lang='grc' dir='ltr'>μελημέα</span> <span class='ocrx_word' id='word_1_91' title='bbox 576 1289 725 1339; x_wconf 78' lang='grc' dir='ltr'>ἐστὶν</span> <span class='ocrx_word' id='word_1_92' title='bbox 779 1290 834 1350; x_wconf 78' lang='grc' dir='ltr'>ἐς</span> <span class='ocrx_word' id='word_1_93' title='bbox 866 1292 963 1358; x_wconf 74' lang='grc' dir='ltr'>τὴν</span> <span class='ocrx_word' id='word_1_94' title='bbox 1010 1292 1108 1353; x_wconf 75' lang='grc' dir='ltr'>σὴν</span> <span class='ocrx_word' id='word_1_95' title='bbox 1142 1294 1315 1364; x_wconf 59' lang='grc' dir='ltr'>ἀρχὴν</span> <span class='ocrx_word' id='word_1_96' title='bbox 1373 1296 1468 1347; x_wconf 79' lang='grc' dir='ltr'>καὶ</span> <span class='ocrx_word' id='word_1_97' title='bbox 1525 1298 1578 1361; x_wconf 82' lang='grc' dir='ltr'>ἐς</span> <span class='ocrx_word' id='word_1_98' title='bbox 1628 1298 1697 1350; x_wconf 78' lang='grc' dir='ltr'><strong>τὰ</strong></span> <span class='ocrx_word' id='word_1_99' title='bbox 1749 1303 1817 1352; x_wconf 69' lang='grc' dir='ltr'><strong>σα</strong></span> 
     </span>
    </p>
   </div>
   <div class='ocr_carea' id='block_1_16' title="bbox 221 1380 1818 1455">
    <p class='ocr_par' dir='ltr' id='par_1_16' title="bbox 221 1380 1818 1455">
     <span class='ocr_line' id='line_1_16' title="bbox 221 1380 1818 1455; baseline 0.013 -28"><span class='ocrx_word' id='word_1_100' title='bbox 221 1380 558 1445; x_wconf 73' lang='grc' dir='ltr'>πράγματα.</span> <span class='ocrx_word' id='word_1_101' title='bbox 605 1381 712 1431; x_wconf 72' lang='grc' dir='ltr'><strong>Καὶ</strong></span> <span class='ocrx_word' id='word_1_102' title='bbox 742 1380 1243 1454; x_wconf 74' lang='grc' dir='ltr'>διαμαρτυροῦνται</span> <span class='ocrx_word' id='word_1_103' title='bbox 1302 1389 1445 1454; x_wconf 79' lang='grc' dir='ltr'>σφᾶς</span> <span class='ocrx_word' id='word_1_104' title='bbox 1483 1388 1577 1455; x_wconf 75' lang='grc' dir='ltr'><strong>ἀφ’</strong></span> <span class='ocrx_word' id='word_1_105' title='bbox 1608 1390 1818 1447; x_wconf 80' lang='grc' dir='ltr'>ἑαυτῶν</span> 
     </span>
    </p>
   </div>
   <div class='ocr_carea' id='block_1_17' title="bbox 225 1473 1818 1555">
    <p class='ocr_par' dir='ltr' id='par_1_17' title="bbox 225 1473 1818 1555">
     <span class='ocr_line' id='line_1_17' title="bbox 225 1473 1818 1555; baseline 0.011 -33"><span class='ocrx_word' id='word_1_106' title='bbox 225 1474 405 1541; x_wconf 65' lang='grc' dir='ltr'>μηδὲν</span> <span class='ocrx_word' id='word_1_107' title='bbox 449 1474 720 1541; x_wconf 82' lang='grc' dir='ltr'>νεώτερον</span> <span class='ocrx_word' id='word_1_108' title='bbox 773 1473 1064 1542; x_wconf 75' lang='grc' dir='ltr'>βουλεῦσαι</span> <span class='ocrx_word' id='word_1_109' title='bbox 1099 1476 1228 1544; x_wconf 78' lang='grc' dir='ltr'>περὶ</span> <span class='ocrx_word' id='word_1_110' title='bbox 1262 1480 1330 1532; x_wconf 72' lang='grc' dir='ltr'><strong>τὰ</strong></span> <span class='ocrx_word' id='word_1_111' title='bbox 1378 1481 1445 1533; x_wconf 75' lang='grc' dir='ltr'><strong>σὰ</strong></span> <span class='ocrx_word' id='word_1_112' title='bbox 1497 1482 1818 1555; x_wconf 84' lang='grc' dir='ltr'>πράγματα,</span> 
     </span>
    </p>
   </div>
   <div class='ocr_carea' id='block_1_18' title="bbox 221 1564 1818 1639">
    <p class='ocr_par' dir='ltr' id='par_1_18' title="bbox 221 1564 1818 1639">
     <span class='ocr_line' id='line_1_18' title="bbox 221 1564 1818 1639; baseline 0.009 -24"><span class='ocrx_word' id='word_1_113' title='bbox 221 1564 292 1616; x_wconf 83' lang='grc' dir='ltr'>ἂν</span> <span class='ocrx_word' id='word_1_114' title='bbox 346 1566 426 1635; x_wconf 72' lang='grc' dir='ltr'>μὴ</span> <span class='ocrx_word' id='word_1_115' title='bbox 478 1565 529 1616; x_wconf 82' lang='grc' dir='ltr'><strong>οι</strong></span> <span class='ocrx_word' id='word_1_116' title='bbox 568 1565 797 1627; x_wconf 79' lang='grc' dir='ltr'>Παίονες</span> <span class='ocrx_word' id='word_1_117' title='bbox 841 1566 1091 1635; x_wconf 79' lang='grc' dir='ltr'>ἀνάγκην</span> <span class='ocrx_word' id='word_1_118' title='bbox 1150 1569 1450 1635; x_wconf 78' lang='grc' dir='ltr'><strong>ἐπιθέντες,</strong></span> <span class='ocrx_word' id='word_1_119' title='bbox 1500 1575 1818 1639; x_wconf 77' lang='grc' dir='ltr'>κελεύοντες</span> 
     </span>
    </p>
   </div>
   <div class='ocr_carea' id='block_1_19' title="bbox 225 1658 1815 1733">
    <p class='ocr_par' dir='ltr' id='par_1_19' title="bbox 225 1658 1815 1733">
     <span class='ocr_line' id='line_1_19' title="bbox 225 1658 1815 1733; baseline 0.01 -26"><span class='ocrx_word' id='word_1_120' title='bbox 225 1659 417 1725; x_wconf 51' lang='lat' dir='ltr'><strong>agrian</strong></span> <span class='ocrx_word' id='word_1_121' title='bbox 484 1658 757 1712; x_wconf 76' lang='grc' dir='ltr'>ἆπτεσοαι</span> <span class='ocrx_word' id='word_1_122' title='bbox 816 1659 1242 1728; x_wconf 75' lang='grc' dir='ltr'>προσϐιάζοιντο</span> <span class='ocrx_word' id='word_1_123' title='bbox 1307 1666 1478 1733; x_wconf 82' lang='grc' dir='ltr'>ἡμᾶς.</span> <span class='ocrx_word' id='word_1_124' title='bbox 1541 1668 1656 1722; x_wconf 85' lang='grc' dir='ltr'>Νῦν</span> <span class='ocrx_word' id='word_1_125' title='bbox 1720 1668 1815 1723; x_wconf 85' lang='grc' dir='ltr'>οὖν</span> 
     </span>
    </p>
   </div>
   <div class='ocr_carea' id='block_1_20' title="bbox 224 1750 1810 1828">
    <p class='ocr_par' dir='ltr' id='par_1_20' title="bbox 224 1750 1810 1828">
     <span class='ocr_line' id='line_1_20' title="bbox 224 1750 1810 1828; baseline 0.01 -27"><span class='ocrx_word' id='word_1_126' title='bbox 224 1750 443 1804; x_wconf 73' lang='grc' dir='ltr'>δέονταὶ</span> <span class='ocrx_word' id='word_1_127' title='bbox 472 1769 531 1804; x_wconf 83' lang='grc' dir='ltr'><strong>σε</strong></span> <span class='ocrx_word' id='word_1_128' title='bbox 558 1752 868 1815; x_wconf 76' lang='grc' dir='ltr'>πείθεσθαι,</span> <span class='ocrx_word' id='word_1_129' title='bbox 904 1754 999 1806; x_wconf 81' lang='grc' dir='ltr'>καὶ</span> <span class='ocrx_word' id='word_1_130' title='bbox 1030 1754 1216 1817; x_wconf 85' lang='grc' dir='ltr'>αὑτοῖς</span> <span class='ocrx_word' id='word_1_131' title='bbox 1252 1759 1487 1822; x_wconf 75' lang='grc' dir='ltr'>σπονδάς</span> <span class='ocrx_word' id='word_1_132' title='bbox 1516 1763 1810 1828; x_wconf 78' lang='grc' dir='ltr'>ποιεῖσθαι,</span> 
     </span>
    </p>
   </div>
   <div class='ocr_carea' id='block_1_21' title="bbox 229 1844 1811 1922">
    <p class='ocr_par' dir='ltr' id='par_1_21' title="bbox 229 1844 1811 1922">
     <span class='ocr_line' id='line_1_21' title="bbox 229 1844 1811 1922; baseline 0.009 -28"><span class='ocrx_word' id='word_1_133' title='bbox 229 1844 335 1894; x_wconf 66' lang='grc' dir='ltr'><strong>καὶ</strong></span> <span class='ocrx_word' id='word_1_134' title='bbox 383 1846 547 1896; x_wconf 77' lang='grc' dir='ltr'>αὑτόν</span> <span class='ocrx_word' id='word_1_135' title='bbox 597 1863 679 1897; x_wconf 84' lang='grc' dir='ltr'><strong>σοι</strong></span> <span class='ocrx_word' id='word_1_136' title='bbox 737 1846 829 1898; x_wconf 65' lang='grc' dir='ltr'>τ’»ν</span> <span class='ocrx_word' id='word_1_137' title='bbox 882 1846 1124 1916; x_wconf 84' lang='grc' dir='ltr'>πόλεμον</span> <span class='ocrx_word' id='word_1_138' title='bbox 1192 1853 1657 1922; x_wconf 74' lang='grc' dir='ltr'><strong>παραστήσασθαι</strong></span> <span class='ocrx_word' id='word_1_139' title='bbox 1717 1856 1811 1909; x_wconf 85' lang='grc' dir='ltr'><strong>τοῦ</strong></span> 
     </span>
    </p>
   </div>
   <div class='ocr_carea' id='block_1_22' title="bbox 233 1934 1812 2012">
    <p class='ocr_par' dir='ltr' id='par_1_22' title="bbox 233 1934 1812 2012">
     <span class='ocr_line' id='line_1_22' title="bbox 233 1934 1812 2012; baseline 0.009 -26"><span class='ocrx_word' id='word_1_140' title='bbox 233 1936 459 2001; x_wconf 65' lang='grc' dir='ltr'>λοιποῦ,</span> <span class='ocrx_word' id='word_1_141' title='bbox 491 1936 625 1989; x_wconf 78' lang='grc' dir='ltr'>ὥστε</span> <span class='ocrx_word' id='word_1_142' title='bbox 671 1954 750 1989; x_wconf 90' lang='grc' dir='ltr'><strong>σοι</strong></span> <span class='ocrx_word' id='word_1_143' title='bbox 783 1938 1097 2009; x_wconf 74' lang='grc' dir='ltr'>ἐπιτήδειον</span> <span class='ocrx_word' id='word_1_144' title='bbox 1131 1934 1293 1996; x_wconf 77' lang='grc' dir='ltr'>εἶναι.</span> <span class='ocrx_word' id='word_1_145' title='bbox 1349 1942 1534 1998; x_wconf 85' lang='grc' dir='ltr'>Ταῦτα</span> <span class='ocrx_word' id='word_1_146' title='bbox 1566 1946 1812 2012; x_wconf 82' lang='grc' dir='ltr'>εἰπόντος</span> 
     </span>
    </p>
   </div>
   <div class='ocr_carea' id='block_1_23' title="bbox 236 2029 1811 2102">
    <p class='ocr_par' dir='ltr' id='par_1_23' title="bbox 236 2029 1811 2102">
     <span class='ocr_line' id='line_1_23' title="bbox 236 2029 1811 2102; baseline 0.009 -21"><span class='ocrx_word' id='word_1_147' title='bbox 236 2029 338 2082; x_wconf 72' lang='grc' dir='ltr'><strong>τοῦ</strong></span> <span class='ocrx_word' id='word_1_148' title='bbox 384 2031 904 2101; x_wconf 74' lang='grc' dir='ltr'>άγγέλου.Χαλξλης</span> <span class='ocrx_word' id='word_1_149' title='bbox 953 2034 982 2084; x_wconf 86' lang='grc' dir='ltr'><strong>δ</strong></span> <span class='ocrx_word' id='word_1_150' title='bbox 1035 2033 1309 2102; x_wconf 79' lang='grc' dir='ltr'>πρύτανις</span> <span class='ocrx_word' id='word_1_151' title='bbox 1366 2038 1460 2091; x_wconf 89' lang='grc' dir='ltr'><strong>τοῦ</strong></span> <span class='ocrx_word' id='word_1_152' title='bbox 1520 2041 1671 2094; x_wconf 80' lang='grc' dir='ltr'>οῐκου</span> <span class='ocrx_word' id='word_1_153' title='bbox 1719 2043 1811 2095; x_wconf 84' lang='grc' dir='ltr'><strong>τοῦ</strong></span> 
     </span>
    </p>
   </div>
   <div class='ocr_carea' id='block_1_24' title="bbox 237 2120 1808 2201">
    <p class='ocr_par' dir='ltr' id='par_1_24' title="bbox 237 2120 1808 2201">
     <span class='ocr_line' id='line_1_24' title="bbox 237 2120 1808 2201; baseline 0.01 -28"><span class='ocrx_word' id='word_1_154' title='bbox 237 2120 519 2190; x_wconf 81' lang='grc' dir='ltr'>βασιλέως</span> <span class='ocrx_word' id='word_1_155' title='bbox 563 2122 857 2189; x_wconf 73' lang='grc' dir='ltr'>ὑπολαϐὼν,</span> <span class='ocrx_word' id='word_1_156' title='bbox 897 2122 1066 2193; x_wconf 75' lang='grc' dir='ltr'>ἔλεγε</span> <span class='ocrx_word' id='word_1_157' title='bbox 1100 2126 1286 2180; x_wconf 85' lang='grc' dir='ltr'>τοιάδε</span> <span class='ocrx_word' id='word_1_158' title='bbox 1308 2145 1324 2161; x_wconf 74' lang='grc' dir='ltr'><strong>ο</strong></span> <span class='ocrx_word' id='word_1_159' title='bbox 1368 2130 1513 2184; x_wconf 79' lang='grc' dir='ltr'>Ἀλλ’</span> <span class='ocrx_word' id='word_1_160' title='bbox 1550 2133 1730 2201; x_wconf 76' lang='grc' dir='ltr'>ὑμεῖς,</span> <span class='ocrx_word' id='word_1_161' title='bbox 1765 2129 1808 2188; x_wconf 83' lang='grc' dir='ltr'><strong>ὧ</strong></span> 
     </span>
    </p>
   </div>
   <div class='ocr_carea' id='block_1_25' title="bbox 229 2216 1812 2297">
    <p class='ocr_par' dir='ltr' id='par_1_25' title="bbox 229 2216 1812 2297">
     <span class='ocr_line' id='line_1_25' title="bbox 229 2216 1812 2297; baseline 0.008 -29"><span class='ocrx_word' id='word_1_162' title='bbox 229 2216 428 2284; x_wconf 73' lang='grc' dir='ltr'>ἄνδρες</span> <span class='ocrx_word' id='word_1_163' title='bbox 461 2216 981 2289; x_wconf 36' lang='grc' dir='ltr'>Δᾶκεςηὲπίστασῧέ</span> <span class='ocrx_word' id='word_1_164' title='bbox 1019 2236 1145 2283; x_wconf 72' lang='grc' dir='ltr'>που,</span> <span class='ocrx_word' id='word_1_165' title='bbox 1190 2220 1265 2285; x_wconf 82' lang='grc' dir='ltr'>ὡς</span> <span class='ocrx_word' id='word_1_166' title='bbox 1315 2220 1570 2292; x_wconf 73' lang='grc' dir='ltr'>βασιλεὺς</span> <span class='ocrx_word' id='word_1_167' title='bbox 1621 2228 1812 2297; x_wconf 81' lang='grc' dir='ltr'>ἐπιτή-</span> 
     </span>
    </p>
   </div>
   <div class='ocr_carea' id='block_1_26' title="bbox 226 2303 1814 2387">
    <p class='ocr_par' dir='ltr' id='par_1_26' title="bbox 226 2303 1814 2387">
     <span class='ocr_line' id='line_1_26' title="bbox 226 2303 1814 2387; baseline 0.007 -26"><span class='ocrx_word' id='word_1_168' title='bbox 226 2310 366 2371; x_wconf 80' lang='grc' dir='ltr'>δειός</span> <span class='ocrx_word' id='word_1_169' title='bbox 400 2324 461 2358; x_wconf 86' lang='grc' dir='ltr'><strong>τε</strong></span> <span class='ocrx_word' id='word_1_170' title='bbox 516 2303 587 2375; x_wconf 71' lang='grc' dir='ltr'>ἦν</span> <span class='ocrx_word' id='word_1_171' title='bbox 617 2307 866 2377; x_wconf 81' lang='grc' dir='ltr'>δυνάμει,</span> <span class='ocrx_word' id='word_1_172' title='bbox 902 2310 996 2363; x_wconf 74' lang='grc' dir='ltr'>καὶ</span> <span class='ocrx_word' id='word_1_173' title='bbox 1051 2313 1316 2381; x_wconf 79' lang='grc' dir='ltr'>πρόξενος</span> <span class='ocrx_word' id='word_1_174' title='bbox 1356 2314 1414 2381; x_wconf 78' lang='grc' dir='ltr'>ἐξ</span> <span class='ocrx_word' id='word_1_175' title='bbox 1463 2317 1642 2387; x_wconf 82' lang='grc' dir='ltr'>ἀρχῆς</span> <span class='ocrx_word' id='word_1_176' title='bbox 1669 2333 1681 2345; x_wconf 84' lang='grc'><em>’</em></span> <span class='ocrx_word' id='word_1_177' title='bbox 1716 2318 1814 2372; x_wconf 77' lang='grc' dir='ltr'>καὶ</span> 
     </span>
    </p>
   </div>
   <div class='ocr_carea' id='block_1_27' title="bbox 234 2402 1812 2474">
    <p class='ocr_par' dir='ltr' id='par_1_27' title="bbox 234 2402 1812 2474">
     <span class='ocr_line' id='line_1_27' title="bbox 234 2402 1812 2474; baseline 0.008 -24"><span class='ocrx_word' id='word_1_178' title='bbox 234 2402 326 2453; x_wconf 73' lang='grc' dir='ltr'><strong>νῦν</strong></span> <span class='ocrx_word' id='word_1_179' title='bbox 391 2402 519 2454; x_wconf 69' lang='grc' dir='ltr'>ἐπεὶ</span> <span class='ocrx_word' id='word_1_180' title='bbox 583 2404 644 2454; x_wconf 81' lang='grc' dir='ltr'>ἐν</span> <span class='ocrx_word' id='word_1_181' title='bbox 702 2402 878 2455; x_wconf 79' lang='grc' dir='ltr'>δέοντι</span> <span class='ocrx_word' id='word_1_182' title='bbox 955 2406 1407 2474; x_wconf 72' lang='grc' dir='ltr'>παραγίγνεσθε,</span> <span class='ocrx_word' id='word_1_183' title='bbox 1463 2409 1695 2473; x_wconf 83' lang='grc' dir='ltr'>σπονδάς</span> <span class='ocrx_word' id='word_1_184' title='bbox 1752 2427 1812 2463; x_wconf 87' lang='grc' dir='ltr'><strong>τε</strong></span> 
     </span>
    </p>
   </div>
   <div class='ocr_carea' id='block_1_28' title="bbox 249 2493 1809 2571">
    <p class='ocr_par' dir='ltr' id='par_1_28' title="bbox 249 2493 1809 2571">
     <span class='ocr_line' id='line_1_28' title="bbox 249 2493 1809 2571; baseline 0.01 -29"><span class='ocrx_word' id='word_1_185' title='bbox 249 2495 438 2545; x_wconf 74' lang='grc' dir='ltr'>ποιεῖτε</span> <span class='ocrx_word' id='word_1_186' title='bbox 472 2494 627 2562; x_wconf 83' lang='grc' dir='ltr'>ὑμεῖς</span> <span class='ocrx_word' id='word_1_187' title='bbox 672 2493 802 2546; x_wconf 85' lang='grc' dir='ltr'>ἄνευ</span> <span class='ocrx_word' id='word_1_188' title='bbox 837 2510 895 2546; x_wconf 84' lang='grc' dir='ltr'><strong>τε</strong></span> <span class='ocrx_word' id='word_1_189' title='bbox 929 2494 1079 2548; x_wconf 82' lang='grc' dir='ltr'>δόλου</span> <span class='ocrx_word' id='word_1_190' title='bbox 1115 2497 1207 2550; x_wconf 78' lang='grc' dir='ltr'>καὶ</span> <span class='ocrx_word' id='word_1_191' title='bbox 1259 2500 1498 2570; x_wconf 77' lang='grc' dir='ltr'>ἀπάτης,</span> <span class='ocrx_word' id='word_1_192' title='bbox 1548 2502 1693 2571; x_wconf 81' lang='grc' dir='ltr'>φίλοι</span> <span class='ocrx_word' id='word_1_193' title='bbox 1750 2521 1809 2557; x_wconf 84' lang='grc' dir='ltr'><strong>τε</strong></span> 
     </span>
    </p>
   </div>
   <div class='ocr_carea' id='block_1_29' title="bbox 250 2580 1804 2662">
    <p class='ocr_par' dir='ltr' id='par_1_29' title="bbox 250 2580 1804 2662">
     <span class='ocr_line' id='line_1_29' title="bbox 250 2580 1804 2662; baseline 0.008 -29"><span class='ocrx_word' id='word_1_194' title='bbox 250 2580 378 2634; x_wconf 74' lang='grc' dir='ltr'>εἶναι</span> <span class='ocrx_word' id='word_1_195' title='bbox 407 2584 555 2652; x_wconf 71' lang='grc' dir='ltr'>ὑμεῖς</span> <span class='ocrx_word' id='word_1_196' title='bbox 590 2583 686 2637; x_wconf 86' lang='grc' dir='ltr'><strong>τοῦ</strong></span> <span class='ocrx_word' id='word_1_197' title='bbox 717 2585 931 2642; x_wconf 81' lang='grc' dir='ltr'>λοιποῦ.</span> <span class='ocrx_word' id='word_1_198' title='bbox 963 2587 1072 2639; x_wconf 73' lang='grc' dir='ltr'><strong>Καὶ</strong></span> <span class='ocrx_word' id='word_1_199' title='bbox 1099 2586 1164 2657; x_wconf 70' lang='grc' dir='ltr'>ἦν</span> <span class='ocrx_word' id='word_1_200' title='bbox 1194 2605 1270 2654; x_wconf 87' lang='grc' dir='ltr'><strong>τι,</strong></span> <span class='ocrx_word' id='word_1_201' title='bbox 1309 2582 1383 2641; x_wconf 84' lang='grc' dir='ltr'>ὧν</span> <span class='ocrx_word' id='word_1_202' title='bbox 1409 2591 1565 2659; x_wconf 82' lang='grc' dir='ltr'>ὑμεῖς</span> <span class='ocrx_word' id='word_1_203' title='bbox 1594 2592 1804 2662; x_wconf 81' lang='grc' dir='ltr'>λέγετε,</span> 
     </span>
    </p>
   </div>
   <div class='ocr_carea' id='block_1_30' title="bbox 244 2677 1808 2755">
    <p class='ocr_par' dir='ltr' id='par_1_30' title="bbox 244 2677 1808 2755">
     <span class='ocr_line' id='line_1_30' title="bbox 244 2677 1808 2755; baseline 0.008 -29"><span class='ocrx_word' id='word_1_204' title='bbox 244 2677 664 2747; x_wconf 63' lang='grc' dir='ltr'>ἐξειργασμένον</span> <span class='ocrx_word' id='word_1_205' title='bbox 694 2678 769 2747; x_wconf 84' lang='grc' dir='ltr'>τῷ</span> <span class='ocrx_word' id='word_1_206' title='bbox 801 2677 1011 2749; x_wconf 83' lang='grc' dir='ltr'>βασιλεί</span> <span class='ocrx_word' id='word_1_207' title='bbox 1036 2682 1196 2751; x_wconf 87' lang='grc' dir='ltr'>χάριν</span> <span class='ocrx_word' id='word_1_208' title='bbox 1227 2682 1433 2751; x_wconf 81' lang='grc' dir='ltr'>οεεητε,</span> <span class='ocrx_word' id='word_1_209' title='bbox 1464 2684 1576 2735; x_wconf 74' lang='grc' dir='ltr'>ἴστε</span> <span class='ocrx_word' id='word_1_210' title='bbox 1604 2682 1677 2747; x_wconf 85' lang='grc' dir='ltr'>ὡς</span> <span class='ocrx_word' id='word_1_211' title='bbox 1709 2686 1808 2755; x_wconf 79' lang='grc' dir='ltr'><strong>οὑχ</strong></span> 
     </span>
    </p>
   </div>
   <div class='ocr_carea' id='block_1_31' title="bbox 238 2770 1813 2848">
    <p class='ocr_par' dir='ltr' id='par_1_31' title="bbox 238 2770 1813 2848">
     <span class='ocr_line' id='line_1_31' title="bbox 238 2770 1813 2848; baseline 0.006 -27"><span class='ocrx_word' id='word_1_212' title='bbox 238 2770 708 2841; x_wconf 74' lang='grc' dir='ltr'>ὑ,τερὸαλοὺμενοι</span> <span class='ocrx_word' id='word_1_213' title='bbox 765 2771 932 2825; x_wconf 74' lang='grc' dir='ltr'>αὑτὸν</span> <span class='ocrx_word' id='word_1_214' title='bbox 984 2773 1420 2842; x_wconf 67' lang='grc' dir='ltr'>εὐεργετοῦντες.</span> <span class='ocrx_word' id='word_1_215' title='bbox 1480 2777 1559 2829; x_wconf 71' lang='grc' dir='ltr'><strong>Τὰ</strong></span> <span class='ocrx_word' id='word_1_216' title='bbox 1628 2778 1813 2848; x_wconf 83' lang='grc' dir='ltr'>μέντοι</span> 
     </span>
    </p>
   </div>
   <div class='ocr_carea' id='block_1_32' title="bbox 229 2862 1814 2937">
    <p class='ocr_par' dir='ltr' id='par_1_32' title="bbox 229 2862 1814 2937">
     <span class='ocr_line' id='line_1_32' title="bbox 229 2862 1814 2937; baseline 0.006 -21"><span class='ocrx_word' id='word_1_217' title='bbox 229 2865 371 2916; x_wconf 73' lang='grc' dir='ltr'>ὅπλα</span> <span class='ocrx_word' id='word_1_218' title='bbox 408 2866 489 2919; x_wconf 81' lang='grc' dir='ltr'>ἴτε</span> <span class='ocrx_word' id='word_1_219' title='bbox 537 2862 696 2934; x_wconf 78' lang='grc' dir='ltr'>δεῦρο</span> <span class='ocrx_word' id='word_1_220' title='bbox 744 2865 827 2918; x_wconf 84' lang='grc' dir='ltr'>ὅτι</span> <span class='ocrx_word' id='word_1_221' title='bbox 870 2865 1100 2937; x_wconf 85' lang='grc' dir='ltr'>τάχιστα</span> <span class='ocrx_word' id='word_1_222' title='bbox 1148 2867 1590 2937; x_wconf 78' lang='grc' dir='ltr'>παραδώσοντες.</span> <span class='ocrx_word' id='word_1_223' title='bbox 1624 2871 1814 2925; x_wconf 86' lang='grc' dir='ltr'>Ταῦτα</span> 
     </span>
    </p>
   </div>
   <div class='ocr_carea' id='block_1_33' title="bbox 228 2955 1815 3031">
    <p class='ocr_par' dir='ltr' id='par_1_33' title="bbox 228 2955 1815 3031">
     <span class='ocr_line' id='line_1_33' title="bbox 228 2955 1815 3031; baseline 0.005 -22"><span class='ocrx_word' id='word_1_224' title='bbox 228 2955 475 3026; x_wconf 75' lang='grc' dir='ltr'>Χαλίλης</span> <span class='ocrx_word' id='word_1_225' title='bbox 505 2959 532 3009; x_wconf 82' lang='grc' dir='ltr'><strong>δ</strong></span> <span class='ocrx_word' id='word_1_226' title='bbox 564 2956 849 3027; x_wconf 77' lang='grc' dir='ltr'>Πραῖμεω,</span> <span class='ocrx_word' id='word_1_227' title='bbox 882 2958 1122 3029; x_wconf 80' lang='grc' dir='ltr'>φάμενος</span> <span class='ocrx_word' id='word_1_228' title='bbox 1150 2959 1343 3031; x_wconf 81' lang='grc' dir='ltr'>γνώμῃ</span> <span class='ocrx_word' id='word_1_229' title='bbox 1397 2960 1491 3012; x_wconf 87' lang='grc' dir='ltr'><strong>τοῦ</strong></span> <span class='ocrx_word' id='word_1_230' title='bbox 1546 2962 1815 3031; x_wconf 80' lang='grc' dir='ltr'>βασιλέως</span> 
     </span>
    </p>
   </div>
   <div class='ocr_carea' id='block_1_34' title="bbox 227 3048 1814 3126">
    <p class='ocr_par' dir='ltr' id='par_1_34' title="bbox 227 3048 1814 3126">
     <span class='ocr_line' id='line_1_34' title="bbox 227 3048 1814 3126; baseline 0.006 -26"><span class='ocrx_word' id='word_1_231' title='bbox 227 3048 435 3115; x_wconf 77' lang='grc' dir='ltr'>λέγειν,</span> <span class='ocrx_word' id='word_1_232' title='bbox 475 3048 796 3117; x_wconf 73' lang='grc' dir='ltr'>ἀπέπεμψε.</span> <span class='ocrx_word' id='word_1_233' title='bbox 830 3050 940 3103; x_wconf 75' lang='grc' dir='ltr'><strong>Καὶ</strong></span> <span class='ocrx_word' id='word_1_234' title='bbox 970 3052 1017 3104; x_wconf 85' lang='lat' dir='ltr'><strong>ol</strong></span> <span class='ocrx_word' id='word_1_235' title='bbox 1061 3053 1261 3118; x_wconf 84' lang='grc' dir='ltr'>Δᾶκες,</span> <span class='ocrx_word' id='word_1_236' title='bbox 1296 3052 1370 3115; x_wconf 74' lang='grc' dir='ltr'><strong>ὡς</strong></span> <span class='ocrx_word' id='word_1_237' title='bbox 1404 3055 1684 3126; x_wconf 74' lang='grc' dir='ltr'>ἐπανῆκεν</span> <span class='ocrx_word' id='word_1_238' title='bbox 1713 3058 1814 3109; x_wconf 84' lang='grc' dir='ltr'>αὑ·-</span> 
     </span>
    </p>
   </div>
   <div class='ocr_carea' id='block_1_35' title="bbox 225 3137 1810 3218">
    <p class='ocr_par' dir='ltr' id='par_1_35' title="bbox 225 3137 1810 3218">
     <span class='ocr_line' id='line_1_35' title="bbox 225 3137 1810 3218; baseline 0.006 -28"><span class='ocrx_word' id='word_1_239' title='bbox 225 3140 344 3201; x_wconf 84' lang='grc' dir='ltr'><strong>τοίς</strong></span> <span class='ocrx_word' id='word_1_240' title='bbox 392 3140 420 3190; x_wconf 88' lang='grc' dir='ltr'>ὁ</span> <span class='ocrx_word' id='word_1_241' title='bbox 451 3137 706 3206; x_wconf 80' lang='grc' dir='ltr'>ἄγγελος,</span> <span class='ocrx_word' id='word_1_242' title='bbox 742 3139 917 3206; x_wconf 78' lang='grc' dir='ltr'>λέγων</span> <span class='ocrx_word' id='word_1_243' title='bbox 966 3138 1002 3193; x_wconf 77' lang='grc' dir='ltr'><strong>ἆ</strong></span> <span class='ocrx_word' id='word_1_244' title='bbox 1049 3141 1357 3196; x_wconf 77' lang='grc' dir='ltr'>ἐνετέλλετο</span> <span class='ocrx_word' id='word_1_245' title='bbox 1394 3146 1543 3216; x_wconf 88' lang='grc' dir='ltr'><strong>αὑτῷ</strong></span> <span class='ocrx_word' id='word_1_246' title='bbox 1573 3147 1810 3218; x_wconf 83' lang='grc' dir='ltr'>Χαλίλης</span> 
     </span>
    </p>
   </div>
   <div class='ocr_carea' id='block_1_36' title="bbox 224 3229 1813 3310">
    <p class='ocr_par' dir='ltr' id='par_1_36' title="bbox 224 3229 1813 3310">
     <span class='ocr_line' id='line_1_36' title="bbox 224 3229 1813 3310; baseline 0.006 -28"><span class='ocrx_word' id='word_1_247' title='bbox 224 3231 253 3282; x_wconf 86' lang='grc' dir='ltr'>ὁ</span> <span class='ocrx_word' id='word_1_248' title='bbox 284 3229 559 3299; x_wconf 81' lang='grc' dir='ltr'>Πραϊμεω</span> <span class='ocrx_word' id='word_1_249' title='bbox 588 3232 782 3303; x_wconf 81' lang='grc' dir='ltr'>γνώμῃ</span> <span class='ocrx_word' id='word_1_250' title='bbox 826 3229 921 3283; x_wconf 84' lang='grc' dir='ltr'><strong>τοῦ</strong></span> <span class='ocrx_word' id='word_1_251' title='bbox 966 3232 1258 3301; x_wconf 80' lang='grc' dir='ltr'>βασιλέως,</span> <span class='ocrx_word' id='word_1_252' title='bbox 1295 3235 1493 3288; x_wconf 77' lang='grc' dir='ltr'>αὐτίκα</span> <span class='ocrx_word' id='word_1_253' title='bbox 1520 3237 1813 3310; x_wconf 75' lang='grc' dir='ltr'>διέστησαν</span> 
     </span>
    </p>
   </div>
   <div class='ocr_carea' id='block_1_37' title="bbox 222 3322 1811 3399">
    <p class='ocr_par' dir='ltr' id='par_1_37' title="bbox 222 3322 1811 3399">
     <span class='ocr_line' id='line_1_37' title="bbox 222 3322 1811 3399; baseline 0.006 -26"><span class='ocrx_word' id='word_1_254' title='bbox 222 3338 286 3373; x_wconf 78' lang='grc' dir='ltr'><strong>τε</strong></span> <span class='ocrx_word' id='word_1_255' title='bbox 344 3323 457 3375; x_wconf 70' lang='grc' dir='ltr'><strong>ἀπὸ</strong></span> <span class='ocrx_word' id='word_1_256' title='bbox 512 3322 754 3375; x_wconf 78' lang='grc' dir='ltr'>Παιόνων</span> <span class='ocrx_word' id='word_1_257' title='bbox 800 3326 969 3393; x_wconf 72' lang='grc' dir='ltr'>χωρὶς</span> <span class='ocrx_word' id='word_1_258' title='bbox 1012 3326 1320 3395; x_wconf 88' lang='grc' dir='ltr'>γενόμενοι,</span> <span class='ocrx_word' id='word_1_259' title='bbox 1373 3328 1465 3381; x_wconf 79' lang='grc' dir='ltr'><strong>καὶ</strong></span> <span class='ocrx_word' id='word_1_260' title='bbox 1508 3332 1811 3399; x_wconf 85' lang='grc' dir='ltr'>προϊόντες,</span> 
     </span>
    </p>
   </div>
   <div class='ocr_carea' id='block_1_38' title="bbox 222 3412 1813 3496">
    <p class='ocr_par' dir='ltr' id='par_1_38' title="bbox 222 3412 1813 3496">
     <span class='ocr_line' id='line_1_38' title="bbox 222 3412 1813 3496; baseline 0.004 -30"><span class='ocrx_word' id='word_1_261' title='bbox 222 3414 500 3481; x_wconf 76' lang='grc' dir='ltr'>ἀφίκοντο</span> <span class='ocrx_word' id='word_1_262' title='bbox 525 3412 695 3484; x_wconf 84' lang='grc' dir='ltr'>άγχοῦ</span> <span class='ocrx_word' id='word_1_263' title='bbox 726 3415 837 3466; x_wconf 84' lang='grc' dir='ltr'>τῶν</span> <span class='ocrx_word' id='word_1_264' title='bbox 873 3416 1052 3486; x_wconf 85' lang='grc' dir='ltr'>Θυρῶν</span> <span class='ocrx_word' id='word_1_265' title='bbox 1078 3418 1171 3470; x_wconf 88' lang='grc' dir='ltr'><strong>τοῦ</strong></span> <span class='ocrx_word' id='word_1_266' title='bbox 1198 3418 1484 3488; x_wconf 78' lang='grc' dir='ltr'>βασιλέως,</span> <span class='ocrx_word' id='word_1_267' title='bbox 1511 3426 1606 3474; x_wconf 71' lang='grc' dir='ltr'>καὶ</span> <span class='ocrx_word' id='word_1_268' title='bbox 1637 3423 1813 3496; x_wconf 77' lang='grc' dir='ltr'>ταύτῃ</span> 
     </span>
    </p>
   </div>
   <div class='ocr_carea' id='block_1_39' title="bbox 223 3506 1816 3584">
    <p class='ocr_par' dir='ltr' id='par_1_39' title="bbox 223 3506 1816 3584">
     <span class='ocr_line' id='line_1_39' title="bbox 223 3506 1816 3584; baseline 0.006 -25"><span class='ocrx_word' id='word_1_269' title='bbox 223 3508 566 3577; x_wconf 77' lang='grc' dir='ltr'>ἑστηκότες,</span> <span class='ocrx_word' id='word_1_270' title='bbox 620 3506 871 3577; x_wconf 73' lang='grc' dir='ltr'>ἐνόμιζον</span> <span class='ocrx_word' id='word_1_271' title='bbox 929 3508 1079 3579; x_wconf 84' lang='grc' dir='ltr'><strong>αὑτῴ</strong></span> <span class='ocrx_word' id='word_1_272' title='bbox 1150 3511 1362 3564; x_wconf 85' lang='grc' dir='ltr'>τοιάνδε</span> <span class='ocrx_word' id='word_1_273' title='bbox 1424 3515 1585 3584; x_wconf 88' lang='grc' dir='ltr'>χάριν</span> <span class='ocrx_word' id='word_1_274' title='bbox 1644 3530 1816 3568; x_wconf 84' lang='grc' dir='ltr'>κατα-</span> 
     </span>
    </p>
   </div>
   <div class='ocr_carea' id='block_1_40' title="bbox 222 3600 1814 3676">
    <p class='ocr_par' dir='ltr' id='par_1_40' title="bbox 222 3600 1814 3676">
     <span class='ocr_line' id='line_1_40' title="bbox 222 3600 1814 3676; baseline 0.006 -25"><span class='ocrx_word' id='word_1_275' title='bbox 222 3600 433 3651; x_wconf 69' lang='grc' dir='ltr'>θέσθαι</span> <span class='ocrx_word' id='word_1_276' title='bbox 496 3601 571 3669; x_wconf 72' lang='grc' dir='ltr'>τῷ</span> <span class='ocrx_word' id='word_1_277' title='bbox 622 3600 877 3668; x_wconf 70' lang='grc' dir='ltr'>βασιλεῖ,</span> <span class='ocrx_word' id='word_1_278' title='bbox 932 3601 1335 3673; x_wconf 83' lang='grc' dir='ltr'>ὑπουργοῦντες</span> <span class='ocrx_word' id='word_1_279' title='bbox 1388 3604 1541 3674; x_wconf 83' lang='grc' dir='ltr'><strong>αὑτῴ</strong></span> <span class='ocrx_word' id='word_1_280' title='bbox 1600 3606 1656 3669; x_wconf 77' lang='grc' dir='ltr'>ἐς</span> <span class='ocrx_word' id='word_1_281' title='bbox 1714 3607 1814 3676; x_wconf 81' lang='grc' dir='ltr'>τὴν</span> 
     </span>
    </p>
   </div>
   <div class='ocr_carea' id='block_1_41' title="bbox 218 3692 1812 3770">
    <p class='ocr_par' dir='ltr' id='par_1_41' title="bbox 218 3692 1812 3770">
     <span class='ocr_line' id='line_1_41' title="bbox 218 3692 1812 3770; baseline 0.006 -25"><span class='ocrx_word' id='word_1_282' title='bbox 218 3692 525 3762; x_wconf 76' lang='grc' dir='ltr'>παροῦσαν</span> <span class='ocrx_word' id='word_1_283' title='bbox 556 3695 824 3763; x_wconf 70' lang='grc' dir='ltr'>ἀνάγκην,</span> <span class='ocrx_word' id='word_1_284' title='bbox 864 3693 1114 3748; x_wconf 76' lang='grc' dir='ltr'>οῖσεσθαι</span> <span class='ocrx_word' id='word_1_285' title='bbox 1140 3695 1293 3765; x_wconf 82' lang='grc' dir='ltr'>δῶρά</span> <span class='ocrx_word' id='word_1_286' title='bbox 1336 3713 1395 3749; x_wconf 86' lang='grc' dir='ltr'><strong>τε</strong></span> <span class='ocrx_word' id='word_1_287' title='bbox 1437 3700 1528 3751; x_wconf 78' lang='grc' dir='ltr'>καὶ</span> <span class='ocrx_word' id='word_1_288' title='bbox 1577 3700 1812 3770; x_wconf 79' lang='grc' dir='ltr'>ἐσθῆτας</span> 
     </span>
    </p>
   </div>
   <div class='ocr_carea' id='block_1_42' title="bbox 219 3786 1812 3859">
    <p class='ocr_par' dir='ltr' id='par_1_42' title="bbox 219 3786 1812 3859">
     <span class='ocr_line' id='line_1_42' title="bbox 219 3786 1812 3859; baseline 0.004 -21"><span class='ocrx_word' id='word_1_289' title='bbox 219 3788 382 3856; x_wconf 73' lang='grc' dir='ltr'>πρὸς</span> <span class='ocrx_word' id='word_1_290' title='bbox 443 3786 534 3838; x_wconf 79' lang='grc' dir='ltr'><strong>τοῦ</strong></span> <span class='ocrx_word' id='word_1_291' title='bbox 588 3786 875 3855; x_wconf 78' lang='grc' dir='ltr'>βασιλέως.</span> <span class='ocrx_word' id='word_1_292' title='bbox 924 3786 1189 3851; x_wconf 73' lang='grc' dir='ltr'>Βασιλεὺς</span> <span class='ocrx_word' id='word_1_293' title='bbox 1239 3789 1297 3840; x_wconf 78' lang='grc' dir='ltr'>δὲ</span> <span class='ocrx_word' id='word_1_294' title='bbox 1348 3789 1421 3852; x_wconf 86' lang='grc' dir='ltr'>ὼς</span> <span class='ocrx_word' id='word_1_295' title='bbox 1483 3791 1614 3859; x_wconf 83' lang='grc' dir='ltr'>παρ’</span> <span class='ocrx_word' id='word_1_296' title='bbox 1662 3792 1812 3857; x_wconf 88' lang='grc' dir='ltr'>αὑτῷ</span> 
     </span>
    </p>
   </div>
   <div class='ocr_carea' id='block_1_43' title="bbox 220 3878 1811 3951">
    <p class='ocr_par' dir='ltr' id='par_1_43' title="bbox 220 3878 1811 3951">
     <span class='ocr_line' id='line_1_43' title="bbox 220 3878 1811 3951; baseline 0.002 -18"><span class='ocrx_word' id='word_1_297' title='bbox 220 3881 610 3950; x_wconf 70' lang='grc' dir='ltr'>εἱστήκεισαν,</span> <span class='ocrx_word' id='word_1_298' title='bbox 645 3878 875 3949; x_wconf 79' lang='grc' dir='ltr'>νομίσας</span> <span class='ocrx_word' id='word_1_299' title='bbox 932 3880 1006 3949; x_wconf 81' lang='grc' dir='ltr'>μή</span> <span class='ocrx_word' id='word_1_300' title='bbox 1052 3896 1159 3933; x_wconf 85' lang='grc' dir='ltr'>τινι</span> <span class='ocrx_word' id='word_1_301' title='bbox 1208 3879 1346 3951; x_wconf 86' lang='grc' dir='ltr'>δόλῳ</span> <span class='ocrx_word' id='word_1_302' title='bbox 1394 3881 1569 3935; x_wconf 85' lang='grc' dir='ltr'>ταῦτα</span> <span class='ocrx_word' id='word_1_303' title='bbox 1617 3884 1811 3937; x_wconf 80' lang='grc' dir='ltr'>συνθέ-</span> 
     </span>
    </p>
   </div>
   <div class='ocr_carea' id='block_1_44' title="bbox 224 3969 1812 4044">
    <p class='ocr_par' dir='ltr' id='par_1_44' title="bbox 224 3969 1812 4044">
     <span class='ocr_line' id='line_1_44' title="bbox 224 3969 1812 4044; baseline -0.001 -21"><span class='ocrx_word' id='word_1_304' title='bbox 224 3988 420 4043; x_wconf 83' lang='grc' dir='ltr'>μενοι,</span> <span class='ocrx_word' id='word_1_305' title='bbox 448 3970 828 4041; x_wconf 74' lang='grc' dir='ltr'>προϊσχόμενοι</span> <span class='ocrx_word' id='word_1_306' title='bbox 854 3969 1005 4040; x_wconf 86' lang='grc' dir='ltr'>αὑτῴ</span> <span class='ocrx_word' id='word_1_307' title='bbox 1036 3970 1207 4023; x_wconf 86' lang='grc' dir='ltr'>κακόν</span> <span class='ocrx_word' id='word_1_308' title='bbox 1233 3987 1285 4022; x_wconf 81' lang='grc' dir='ltr'><strong>τι</strong></span> <span class='ocrx_word' id='word_1_309' title='bbox 1316 3972 1615 4025; x_wconf 82' lang='grc' dir='ltr'>διανοοῖντο</span> <span class='ocrx_word' id='word_1_310' title='bbox 1648 3974 1812 4044; x_wconf 75' lang='grc' dir='ltr'>ἐργά-</span> 
     </span>
    </p>
   </div>
   <div class='ocr_carea' id='block_1_45' title="bbox 224 4061 1811 4134">
    <p class='ocr_par' dir='ltr' id='par_1_45' title="bbox 224 4061 1811 4134">
     <span class='ocr_line' id='line_1_45' title="bbox 224 4061 1811 4134; baseline 0 -18"><span class='ocrx_word' id='word_1_311' title='bbox 224 4063 463 4129; x_wconf 75' lang='grc' dir='ltr'>ζεσθαι,</span> <span class='ocrx_word' id='word_1_312' title='bbox 504 4061 822 4132; x_wconf 78' lang='grc' dir='ltr'>συνθέμενοι</span> <span class='ocrx_word' id='word_1_313' title='bbox 870 4064 983 4125; x_wconf 78' lang='grc' dir='ltr'>τοῖς</span> <span class='ocrx_word' id='word_1_314' title='bbox 1010 4063 1222 4127; x_wconf 82' lang='grc' dir='ltr'>Παίοσι,</span> <span class='ocrx_word' id='word_1_315' title='bbox 1258 4064 1684 4134; x_wconf 85' lang='grc' dir='ltr'>μεταπέμπεται</span> <span class='ocrx_word' id='word_1_316' title='bbox 1719 4065 1811 4117; x_wconf 83' lang='grc' dir='ltr'>τὸν</span> 
     </span>
    </p>
   </div>
   <div class='ocr_carea' id='block_1_46' title="bbox 220 4153 1814 4225">
    <p class='ocr_par' dir='ltr' id='par_1_46' title="bbox 220 4153 1814 4225">
     <span class='ocr_line' id='line_1_46' title="bbox 220 4153 1814 4225; baseline -0.002 -16"><span class='ocrx_word' id='word_1_317' title='bbox 220 4157 339 4224; x_wconf 76' lang='grc' dir='ltr'>τῆς</span> <span class='ocrx_word' id='word_1_318' title='bbox 372 4154 637 4225; x_wconf 78' lang='grc' dir='ltr'>Εὐρώπης</span> <span class='ocrx_word' id='word_1_319' title='bbox 682 4154 1006 4225; x_wconf 78' lang='grc' dir='ltr'>στρατηγὸν,</span> <span class='ocrx_word' id='word_1_320' title='bbox 1041 4153 1234 4224; x_wconf 81' lang='grc' dir='ltr'>ἔχοντα</span> <span class='ocrx_word' id='word_1_321' title='bbox 1269 4155 1414 4224; x_wconf 76' lang='grc' dir='ltr'>ἀμφὶ</span> <span class='ocrx_word' id='word_1_322' title='bbox 1445 4158 1567 4218; x_wconf 76' lang='grc' dir='ltr'>τοὺς</span> <span class='ocrx_word' id='word_1_323' title='bbox 1618 4155 1814 4224; x_wconf 83' lang='grc' dir='ltr'>δισμυ-</span> 
     </span>
    </p>
   </div>
   <div class='ocr_carea' id='block_1_47' title="bbox 228 4238 1812 4318">
    <p class='ocr_par' dir='ltr' id='par_1_47' title="bbox 228 4238 1812 4318">
     <span class='ocr_line' id='line_1_47' title="bbox 228 4238 1812 4318; baseline -0.001 -20"><span class='ocrx_word' id='word_1_324' title='bbox 228 4250 418 4318; x_wconf 75' lang='grc' dir='ltr'>ρίους.</span> <span class='ocrx_word' id='word_1_325' title='bbox 456 4246 561 4297; x_wconf 77' lang='grc' dir='ltr'><strong>Καὶ</strong></span> <span class='ocrx_word' id='word_1_326' title='bbox 605 4242 681 4306; x_wconf 81' lang='grc' dir='ltr'><strong>ὡς</strong></span> <span class='ocrx_word' id='word_1_327' title='bbox 729 4243 913 4313; x_wconf 82' lang='grc' dir='ltr'>παρῆν</span> <span class='ocrx_word' id='word_1_328' title='bbox 955 4243 1105 4312; x_wconf 86' lang='grc' dir='ltr'>αὑτῴ</span> <span class='ocrx_word' id='word_1_329' title='bbox 1156 4238 1189 4317; x_wconf 76' lang='grc' dir='ltr'>ᾖ</span> <span class='ocrx_word' id='word_1_330' title='bbox 1240 4244 1567 4310; x_wconf 73' lang='grc' dir='ltr'>ἐνετέλλετο,</span> <span class='ocrx_word' id='word_1_331' title='bbox 1593 4244 1812 4296; x_wconf 67' lang='grc' dir='ltr'>ἐκέλευε</span> 
     </span>
    </p>
   </div>
   <div class='ocr_carea' id='block_1_48' title="bbox 227 4335 1811 4408">
    <p class='ocr_par' dir='ltr' id='par_1_48' title="bbox 227 4335 1811 4408">
     <span class='ocr_line' id='line_1_48' title="bbox 227 4335 1811 4408; baseline 0.003 -19"><span class='ocrx_word' id='word_1_332' title='bbox 227 4340 579 4408; x_wconf 75' lang='grc' dir='ltr'>περιστάντα</span> <span class='ocrx_word' id='word_1_333' title='bbox 606 4336 736 4400; x_wconf 77' lang='grc' dir='ltr'>τοὺς</span> <span class='ocrx_word' id='word_1_334' title='bbox 776 4337 981 4400; x_wconf 78' lang='grc' dir='ltr'>Δᾶκας,</span> <span class='ocrx_word' id='word_1_335' title='bbox 1016 4335 1377 4389; x_wconf 82' lang='grc' dir='ltr'>κατακαίνειν</span> <span class='ocrx_word' id='word_1_336' title='bbox 1408 4335 1677 4403; x_wconf 72' lang='grc' dir='ltr'>ἅπαντας,</span> <span class='ocrx_word' id='word_1_337' title='bbox 1707 4335 1811 4406; x_wconf 77' lang='grc' dir='ltr'><strong>μη·</strong></span> 
     </span>
    </p>
   </div>
   <div class='ocr_carea' id='block_1_49' title="bbox 1928 470 3491 542">
    <p class='ocr_par' dir='ltr' id='par_1_49' title="bbox 1928 470 3491 542">
     <span class='ocr_line' id='line_1_49' title="bbox 1928 470 3491 542; baseline 0.013 -23"><span class='ocrx_word' id='word_1_338' title='bbox 1928 470 2060 538; x_wconf 81' lang='lat' dir='ltr'><strong>pede</strong></span> <span class='ocrx_word' id='word_1_339' title='bbox 2103 486 2249 526; x_wconf 91' lang='lat' dir='ltr'><strong>nunc</strong></span> <span class='ocrx_word' id='word_1_340' title='bbox 2280 472 2393 537; x_wconf 92' lang='lat' dir='ltr'><strong>hic,</strong></span> <span class='ocrx_word' id='word_1_341' title='bbox 2424 490 2570 533; x_wconf 90' lang='lat' dir='ltr'><strong>nunc</strong></span> <span class='ocrx_word' id='word_1_342' title='bbox 2595 475 2747 542; x_wconf 83' lang='lat' dir='ltr'><strong>alibi,</strong></span> <span class='ocrx_word' id='word_1_343' title='bbox 2786 477 2874 531; x_wconf 88' lang='lat' dir='ltr'><strong>ttbi</strong></span> <span class='ocrx_word' id='word_1_344' title='bbox 2905 480 3063 534; x_wconf 78' lang='lat' dir='ltr'><strong>alteri</strong></span> <span class='ocrx_word' id='word_1_345' title='bbox 3095 483 3297 538; x_wconf 79' lang='lat' dir='ltr'><strong>alteros</strong></span> <span class='ocrx_word' id='word_1_346' title='bbox 3348 486 3491 540; x_wconf 85' lang='lat' dir='ltr'><strong>iudi-</strong></span> 
     </span>
    </p>
   </div>
   <div class='ocr_carea' id='block_1_50' title="bbox 1938 564 3491 638">
    <p class='ocr_par' dir='ltr' id='par_1_50' title="bbox 1938 564 3491 638">
     <span class='ocr_line' id='line_1_50' title="bbox 1938 564 3491 638; baseline 0.011 -23"><span class='ocrx_word' id='word_1_347' title='bbox 1938 564 2313 631; x_wconf 76' lang='lat' dir='ltr'><strong>p&#39;scebautur,</strong></span> <span class='ocrx_word' id='word_1_348' title='bbox 2371 566 2424 619; x_wconf 92' lang='lat' dir='ltr'><strong>in</strong></span> <span class='ocrx_word' id='word_1_349' title='bbox 2483 583 2550 621; x_wconf 89' lang='lat' dir='ltr'><strong>eo</strong></span> <span class='ocrx_word' id='word_1_350' title='bbox 2601 584 2793 638; x_wconf 88' lang='lat' dir='ltr'><strong>campo</strong></span> <span class='ocrx_word' id='word_1_351' title='bbox 2847 587 3041 627; x_wconf 88' lang='lat' dir='ltr'><strong>ntauus</strong></span> <span class='ocrx_word' id='word_1_352' title='bbox 3105 577 3491 632; x_wconf 78' lang='lat' dir='ltr'><strong>conserebant.</strong></span> 
     </span>
    </p>
   </div>
   <div class='ocr_carea' id='block_1_51' title="bbox 1926 654 3485 739">
    <p class='ocr_par' dir='ltr' id='par_1_51' title="bbox 1926 654 3485 739">
     <span class='ocr_line' id='line_1_51' title="bbox 1926 654 3485 739; baseline 0.01 -31"><span class='ocrx_word' id='word_1_353' title='bbox 1926 654 2211 711; x_wconf 82' lang='lat' dir='ltr'><strong>Dacicum</strong></span> <span class='ocrx_word' id='word_1_354' title='bbox 2257 658 2525 713; x_wconf 69' lang='lat' dir='ltr'><strong>vidissent</strong></span> <span class='ocrx_word' id='word_1_355' title='bbox 2556 661 2766 716; x_wconf 84' lang='lat' dir='ltr'><strong>Turcos</strong></span> <span class='ocrx_word' id='word_1_356' title='bbox 2811 663 3040 733; x_wconf 76' lang='lat' dir='ltr'><strong>impigre</strong></span> <span class='ocrx_word' id='word_1_357' title='bbox 3097 682 3291 734; x_wconf 60' lang='lat' dir='ltr'><strong>praeter</strong></span> <span class='ocrx_word' id='word_1_358' title='bbox 3336 686 3485 739; x_wconf 85' lang='lat' dir='ltr'><strong>spem</strong></span> 
     </span>
    </p>
   </div>
   <div class='ocr_carea' id='block_1_52' title="bbox 1925 751 3492 825">
    <p class='ocr_par' dir='ltr' id='par_1_52' title="bbox 1925 751 3492 825">
     <span class='ocr_line' id='line_1_52' title="bbox 1925 751 3492 825; baseline 0.01 -28"><span class='ocrx_word' id='word_1_359' title='bbox 1925 761 2039 800; x_wconf 88' lang='lat' dir='ltr'><strong>rem</strong></span> <span class='ocrx_word' id='word_1_360' title='bbox 2070 763 2281 816; x_wconf 78' lang='lat' dir='ltr'><strong>gerere,</strong></span> <span class='ocrx_word' id='word_1_361' title='bbox 2319 758 2374 803; x_wconf 88' lang='lat' dir='ltr'><strong>et</strong></span> <span class='ocrx_word' id='word_1_362' title='bbox 2406 751 2511 803; x_wconf 85' lang='lat' dir='ltr'><strong>sibi</strong></span> <span class='ocrx_word' id='word_1_363' title='bbox 2554 752 2677 805; x_wconf 84' lang='lat' dir='ltr'><strong>hinc</strong></span> <span class='ocrx_word' id='word_1_364' title='bbox 2714 755 3005 822; x_wconf 88' lang='lat' dir='ltr'><strong>plurimum</strong></span> <span class='ocrx_word' id='word_1_365' title='bbox 3037 760 3263 825; x_wconf 80' lang='lat' dir='ltr'><strong>periculi</strong></span> <span class='ocrx_word' id='word_1_366' title='bbox 3313 760 3492 814; x_wconf 83' lang='lat' dir='ltr'><strong>immi-</strong></span> 
     </span>
    </p>
   </div>
   <div class='ocr_carea' id='block_1_53' title="bbox 1926 842 3494 916">
    <p class='ocr_par' dir='ltr' id='par_1_53' title="bbox 1926 842 3494 916">
     <span class='ocr_line' id='line_1_53' title="bbox 1926 842 3494 916; baseline 0.009 -24"><span class='ocrx_word' id='word_1_367' title='bbox 1926 856 2081 905; x_wconf 87' lang='lat' dir='ltr'><strong>nere,</strong></span> <span class='ocrx_word' id='word_1_368' title='bbox 2149 842 2461 911; x_wconf 79' lang='lat' dir='ltr'><strong>huiusmodi</strong></span> <span class='ocrx_word' id='word_1_369' title='bbox 2513 847 2804 900; x_wconf 78' lang='lat' dir='ltr'><strong>consilium</strong></span> <span class='ocrx_word' id='word_1_370' title='bbox 2860 862 3142 916; x_wconf 85' lang='lat' dir='ltr'><strong>ceperunt.</strong></span> <span class='ocrx_word' id='word_1_371' title='bbox 3180 852 3312 904; x_wconf 81' lang='lat' dir='ltr'><strong>Nam</strong></span> <span class='ocrx_word' id='word_1_372' title='bbox 3368 856 3494 906; x_wconf 85' lang='lat' dir='ltr'><strong>nul-</strong></span> 
     </span>
    </p>
   </div>
   <div class='ocr_carea' id='block_1_54' title="bbox 1928 932 3495 1005">
    <p class='ocr_par' dir='ltr' id='par_1_54' title="bbox 1928 932 3495 1005">
     <span class='ocr_line' id='line_1_54' title="bbox 1928 932 3495 1005; baseline 0.01 -20"><span class='ocrx_word' id='word_1_373' title='bbox 1928 932 2034 986; x_wconf 89' lang='lat' dir='ltr'><strong>lam</strong></span> <span class='ocrx_word' id='word_1_374' title='bbox 2067 935 2193 987; x_wconf 90' lang='lat' dir='ltr'><strong>mali</strong></span> <span class='ocrx_word' id='word_1_375' title='bbox 2239 936 2620 991; x_wconf 82' lang='lat' dir='ltr'><strong>liberationem</strong></span> <span class='ocrx_word' id='word_1_376' title='bbox 2649 942 2964 1005; x_wconf 81' lang='lat' dir='ltr'><strong>cernebant,</strong></span> <span class='ocrx_word' id='word_1_377' title='bbox 2998 944 3160 995; x_wconf 84' lang='lat' dir='ltr'><strong>etiam</strong></span> <span class='ocrx_word' id='word_1_378' title='bbox 3203 943 3250 997; x_wconf 88' lang='lat' dir='ltr'><strong>si</strong></span> <span class='ocrx_word' id='word_1_379' title='bbox 3274 944 3495 1000; x_wconf 76' lang='lat' dir='ltr'><strong>incolu-</strong></span> 
     </span>
    </p>
   </div>
   <div class='ocr_carea' id='block_1_55' title="bbox 1924 1027 3491 1107">
    <p class='ocr_par' dir='ltr' id='par_1_55' title="bbox 1924 1027 3491 1107">
     <span class='ocr_line' id='line_1_55' title="bbox 1924 1027 3491 1107; baseline 0.009 -32"><span class='ocrx_word' id='word_1_380' title='bbox 1924 1040 2039 1079; x_wconf 85' lang='lat' dir='ltr'><strong>mes</strong></span> <span class='ocrx_word' id='word_1_381' title='bbox 2067 1040 2129 1079; x_wconf 72' lang='lat' dir='ltr'><strong>ex</strong></span> <span class='ocrx_word' id='word_1_382' title='bbox 2164 1041 2229 1079; x_wconf 85' lang='lat' dir='ltr'><strong>eo</strong></span> <span class='ocrx_word' id='word_1_383' title='bbox 2275 1027 2459 1092; x_wconf 64' lang='lat' dir='ltr'><strong>prazlio</strong></span> <span class='ocrx_word' id='word_1_384' title='bbox 2488 1030 2817 1085; x_wconf 76' lang='lat' dir='ltr'><strong>evasissent.</strong></span> <span class='ocrx_word' id='word_1_385' title='bbox 2855 1031 2964 1086; x_wconf 79' lang='lat' dir='ltr'><strong>Nec</strong></span> <span class='ocrx_word' id='word_1_386' title='bbox 2998 1035 3165 1087; x_wconf 87' lang='lat' dir='ltr'><strong>etiam</strong></span> <span class='ocrx_word' id='word_1_387' title='bbox 3223 1036 3273 1088; x_wconf 91' lang='lat' dir='ltr'><strong>in</strong></span> <span class='ocrx_word' id='word_1_388' title='bbox 3322 1036 3491 1107; x_wconf 79' lang='lat' dir='ltr'><strong>juris-</strong></span> 
     </span>
    </p>
   </div>
   <div class='ocr_carea' id='block_1_56' title="bbox 1916 1114 3488 1193">
    <p class='ocr_par' dir='ltr' id='par_1_56' title="bbox 1916 1114 3488 1193">
     <span class='ocr_line' id='line_1_56' title="bbox 1916 1114 3488 1193; baseline 0.008 -27"><span class='ocrx_word' id='word_1_389' title='bbox 1916 1114 2134 1183; x_wconf 87' lang='lat' dir='ltr'><strong>iurandi</strong></span> <span class='ocrx_word' id='word_1_390' title='bbox 2204 1116 2471 1186; x_wconf 90' lang='lat' dir='ltr'><strong>religione</strong></span> <span class='ocrx_word' id='word_1_391' title='bbox 2527 1134 2679 1189; x_wconf 86' lang='lat' dir='ltr'><strong>spem</strong></span> <span class='ocrx_word' id='word_1_392' title='bbox 2740 1121 2977 1191; x_wconf 84' lang='lat' dir='ltr'><strong>aliquam</strong></span> <span class='ocrx_word' id='word_1_393' title='bbox 3031 1125 3322 1191; x_wconf 84' lang='lat' dir='ltr'><strong>ponebant,</strong></span> <span class='ocrx_word' id='word_1_394' title='bbox 3380 1140 3488 1193; x_wconf 89' lang='lat' dir='ltr'><strong>quo</strong></span> 
     </span>
    </p>
   </div>
   <div class='ocr_carea' id='block_1_57' title="bbox 1925 1207 3487 1290">
    <p class='ocr_par' dir='ltr' id='par_1_57' title="bbox 1925 1207 3487 1290">
     <span class='ocr_line' id='line_1_57' title="bbox 1925 1207 3487 1290; baseline 0.008 -31"><span class='ocrx_word' id='word_1_395' title='bbox 1925 1207 2105 1290; x_wconf 77' lang='lat' dir='ltr'><strong>minus</strong></span> <span class='ocrx_word' id='word_1_396' title='bbox 2163 1212 2273 1279; x_wconf 83' lang='lat' dir='ltr'><strong>regi</strong></span> <span class='ocrx_word' id='word_1_397' title='bbox 2339 1226 2528 1280; x_wconf 73' lang='lat' dir='ltr'><strong>pmnas</strong></span> <span class='ocrx_word' id='word_1_398' title='bbox 2600 1213 2813 1267; x_wconf 82' lang='lat' dir='ltr'><strong>luerent</strong></span> <span class='ocrx_word' id='word_1_399' title='bbox 2888 1215 3213 1285; x_wconf 83' lang='lat' dir='ltr'><strong>iniuriarum</strong></span> <span class='ocrx_word' id='word_1_400' title='bbox 3288 1218 3487 1287; x_wconf 84' lang='lat' dir='ltr'><strong>quibus</strong></span> 
     </span>
    </p>
   </div>
   <div class='ocr_carea' id='block_1_58' title="bbox 1924 1299 3487 1377">
    <p class='ocr_par' dir='ltr' id='par_1_58' title="bbox 1924 1299 3487 1377">
     <span class='ocr_line' id='line_1_58' title="bbox 1924 1299 3487 1377; baseline 0.009 -25"><span class='ocrx_word' id='word_1_401' title='bbox 1924 1299 2103 1369; x_wconf 89' lang='lat' dir='ltr'><strong>ipsum</strong></span> <span class='ocrx_word' id='word_1_402' title='bbox 2141 1302 2472 1367; x_wconf 75' lang='lat' dir='ltr'><strong>allccissent,</strong></span> <span class='ocrx_word' id='word_1_403' title='bbox 2517 1306 2661 1374; x_wconf 89' lang='lat' dir='ltr'><strong>quod</strong></span> <span class='ocrx_word' id='word_1_404' title='bbox 2709 1308 2764 1360; x_wconf 85' lang='lat' dir='ltr'><strong>lit</strong></span> <span class='ocrx_word' id='word_1_405' title='bbox 2822 1322 2881 1362; x_wconf 86' lang='lat' dir='ltr'><strong>ea</strong></span> <span class='ocrx_word' id='word_1_406' title='bbox 2940 1309 3283 1377; x_wconf 76' lang='lat' dir='ltr'><strong>expetlitioae</strong></span> <span class='ocrx_word' id='word_1_407' title='bbox 3338 1310 3487 1366; x_wconf 81' lang='lat' dir='ltr'><strong>socia</strong></span> 
     </span>
    </p>
   </div>
   <div class='ocr_carea' id='block_1_59' title="bbox 1923 1392 3486 1472">
    <p class='ocr_par' dir='ltr' id='par_1_59' title="bbox 1923 1392 3486 1472">
     <span class='ocr_line' id='line_1_59' title="bbox 1923 1392 3486 1472; baseline 0.008 -28"><span class='ocrx_word' id='word_1_408' title='bbox 1923 1407 2073 1446; x_wconf 84' lang='lat' dir='ltr'><strong>arma</strong></span> <span class='ocrx_word' id='word_1_409' title='bbox 2102 1392 2413 1463; x_wconf 79' lang='lat' dir='ltr'><strong>iunxissent</strong></span> <span class='ocrx_word' id='word_1_410' title='bbox 2447 1397 2829 1452; x_wconf 86' lang='lat' dir='ltr'><strong>Pauttonibtts.</strong></span> <span class='ocrx_word' id='word_1_411' title='bbox 2881 1398 3180 1454; x_wconf 86' lang='lat' dir='ltr'><strong>Vttlebatur</strong></span> <span class='ocrx_word' id='word_1_412' title='bbox 3235 1401 3402 1472; x_wconf 81' lang='lat' dir='ltr'><strong>igitur</strong></span> <span class='ocrx_word' id='word_1_413' title='bbox 3432 1404 3486 1457; x_wconf 86' lang='lat' dir='ltr'><strong>in</strong></span> 
     </span>
    </p>
   </div>
   <div class='ocr_carea' id='block_1_60' title="bbox 1925 1486 3486 1555">
    <p class='ocr_par' dir='ltr' id='par_1_60' title="bbox 1925 1486 3486 1555">
     <span class='ocr_line' id='line_1_60' title="bbox 1925 1486 3486 1555; baseline 0.006 -18"><span class='ocrx_word' id='word_1_414' title='bbox 1925 1486 2180 1553; x_wconf 54' lang='lat' dir='ltr'><strong>praesenti</strong></span> <span class='ocrx_word' id='word_1_415' title='bbox 2234 1489 2468 1543; x_wconf 85' lang='lat' dir='ltr'><strong>tumultu</strong></span> <span class='ocrx_word' id='word_1_416' title='bbox 2514 1491 2994 1546; x_wconf 86' lang='lat' dir='ltr'><strong>consultissimum</strong></span> <span class='ocrx_word' id='word_1_417' title='bbox 3042 1494 3176 1555; x_wconf 80' lang='lat' dir='ltr'><strong>fore,</strong></span> <span class='ocrx_word' id='word_1_418' title='bbox 3233 1495 3486 1548; x_wconf 85' lang='lat' dir='ltr'><strong>nuntium</strong></span> 
     </span>
    </p>
   </div>
   <div class='ocr_carea' id='block_1_61' title="bbox 1924 1576 3488 1654">
    <p class='ocr_par' dir='ltr' id='par_1_61' title="bbox 1924 1576 3488 1654">
     <span class='ocr_line' id='line_1_61' title="bbox 1924 1576 3488 1654; baseline 0.008 -27"><span class='ocrx_word' id='word_1_419' title='bbox 1924 1576 2141 1630; x_wconf 79' lang='lat' dir='ltr'><strong>mittere</strong></span> <span class='ocrx_word' id='word_1_420' title='bbox 2166 1576 2230 1629; x_wconf 87' lang='lat' dir='ltr'><strong>ad</strong></span> <span class='ocrx_word' id='word_1_421' title='bbox 2264 1593 2443 1645; x_wconf 85' lang='lat' dir='ltr'><strong>regem</strong></span> <span class='ocrx_word' id='word_1_422' title='bbox 2474 1578 2815 1647; x_wconf 75' lang='lat' dir='ltr'><strong>Amuratem,</strong></span> <span class='ocrx_word' id='word_1_423' title='bbox 2854 1591 2908 1637; x_wconf 91' lang='lat' dir='ltr'><strong>et</strong></span> <span class='ocrx_word' id='word_1_424' title='bbox 2954 1599 3077 1635; x_wconf 89' lang='lat' dir='ltr'><strong>cum</strong></span> <span class='ocrx_word' id='word_1_425' title='bbox 3134 1599 3197 1638; x_wconf 89' lang='lat' dir='ltr'><strong>eo</strong></span> <span class='ocrx_word' id='word_1_426' title='bbox 3253 1586 3307 1638; x_wconf 90' lang='lat' dir='ltr'><strong>in</strong></span> <span class='ocrx_word' id='word_1_427' title='bbox 3361 1602 3488 1654; x_wconf 81' lang='lat' dir='ltr'><strong>gra-</strong></span> 
     </span>
    </p>
   </div>
   <div class='ocr_carea' id='block_1_62' title="bbox 1924 1668 3489 1744">
    <p class='ocr_par' dir='ltr' id='par_1_62' title="bbox 1924 1668 3489 1744">
     <span class='ocr_line' id='line_1_62' title="bbox 1924 1668 3489 1744; baseline 0.009 -27"><span class='ocrx_word' id='word_1_428' title='bbox 1924 1669 2051 1719; x_wconf 86' lang='lat' dir='ltr'><strong>tiam</strong></span> <span class='ocrx_word' id='word_1_429' title='bbox 2094 1668 2294 1723; x_wconf 87' lang='lat' dir='ltr'><strong>redire.</strong></span> <span class='ocrx_word' id='word_1_430' title='bbox 2328 1669 2570 1727; x_wconf 82' lang='lat' dir='ltr'><strong>Traditis</strong></span> <span class='ocrx_word' id='word_1_431' title='bbox 2620 1690 2853 1744; x_wconf 87' lang='lat' dir='ltr'><strong>namque</strong></span> <span class='ocrx_word' id='word_1_432' title='bbox 2900 1677 3091 1739; x_wconf 89' lang='lat' dir='ltr'><strong>armis,</strong></span> <span class='ocrx_word' id='word_1_433' title='bbox 3147 1677 3489 1732; x_wconf 78' lang='lat' dir='ltr'><strong>testabantur</strong></span> 
     </span>
    </p>
   </div>
   <div class='ocr_carea' id='block_1_63' title="bbox 1846 1739 3487 1836">
    <p class='ocr_par' dir='ltr' id='par_1_63' title="bbox 1846 1739 3487 1836">
     <span class='ocr_line' id='line_1_63' title="bbox 1846 1739 3487 1836; baseline 0.006 -23"><span class='ocrx_word' id='word_1_434' title='bbox 1846 1739 1888 1794; x_wconf 71' lang='grc' dir='ltr'><strong><em>Β</em></strong></span> <span class='ocrx_word' id='word_1_435' title='bbox 1918 1774 1976 1813; x_wconf 63' lang='lat' dir='ltr'><strong>ste</strong></span> <span class='ocrx_word' id='word_1_436' title='bbox 2009 1760 2060 1813; x_wconf 92' lang='lat' dir='ltr'><strong>iu</strong></span> <span class='ocrx_word' id='word_1_437' title='bbox 2122 1771 2399 1831; x_wconf 90' lang='lat' dir='ltr'><strong>posterum</strong></span> <span class='ocrx_word' id='word_1_438' title='bbox 2447 1765 2556 1833; x_wconf 78' lang='lat' dir='ltr'><strong>regi</strong></span> <span class='ocrx_word' id='word_1_439' title='bbox 2604 1766 2848 1836; x_wconf 82' lang='lat' dir='ltr'><strong>hospites</strong></span> <span class='ocrx_word' id='word_1_440' title='bbox 2893 1778 2947 1822; x_wconf 92' lang='lat' dir='ltr'><strong>et</strong></span> <span class='ocrx_word' id='word_1_441' title='bbox 2994 1770 3202 1824; x_wconf 87' lang='lat' dir='ltr'><strong>amicos</strong></span> <span class='ocrx_word' id='word_1_442' title='bbox 3249 1768 3388 1824; x_wconf 81' lang='lat' dir='ltr'><strong>fore.</strong></span> <span class='ocrx_word' id='word_1_443' title='bbox 3428 1770 3487 1823; x_wconf 91' lang='lat' dir='ltr'><strong>ln</strong></span> 
     </span>
    </p>
   </div>
   <div class='ocr_carea' id='block_1_64' title="bbox 1921 1850 3490 1921">
    <p class='ocr_par' dir='ltr' id='par_1_64' title="bbox 1921 1850 3490 1921">
     <span class='ocr_line' id='line_1_64' title="bbox 1921 1850 3490 1921; baseline 0.006 -19"><span class='ocrx_word' id='word_1_444' title='bbox 1921 1850 2080 1921; x_wconf 66' lang='grc'><strong>194</strong></span> <span class='ocrx_word' id='word_1_445' title='bbox 2156 1855 2295 1906; x_wconf 88' lang='lat' dir='ltr'><strong>hanc</strong></span> <span class='ocrx_word' id='word_1_446' title='bbox 2354 1856 2681 1909; x_wconf 83' lang='lat' dir='ltr'><strong>sententiam</strong></span> <span class='ocrx_word' id='word_1_447' title='bbox 2744 1874 2867 1910; x_wconf 90' lang='lat' dir='ltr'><strong>cum</strong></span> <span class='ocrx_word' id='word_1_448' title='bbox 2930 1874 3119 1912; x_wconf 85' lang='lat' dir='ltr'><strong>omnes</strong></span> <span class='ocrx_word' id='word_1_449' title='bbox 3185 1860 3490 1914; x_wconf 88' lang='lat' dir='ltr'><strong>concessis-</strong></span> 
     </span>
    </p>
   </div>
   <div class='ocr_carea' id='block_1_65' title="bbox 1917 1944 3490 2017">
    <p class='ocr_par' dir='ltr' id='par_1_65' title="bbox 1917 1944 3490 2017">
     <span class='ocr_line' id='line_1_65' title="bbox 1917 1944 3490 2017; baseline 0.006 -21"><span class='ocrx_word' id='word_1_450' title='bbox 1917 1957 2058 2005; x_wconf 74' lang='lat' dir='ltr'><strong>sent,</strong></span> <span class='ocrx_word' id='word_1_451' title='bbox 2108 1944 2335 2000; x_wconf 85' lang='lat' dir='ltr'><strong>nuntius</strong></span> <span class='ocrx_word' id='word_1_452' title='bbox 2364 1948 2429 2000; x_wconf 84' lang='lat' dir='ltr'><strong>ad</strong></span> <span class='ocrx_word' id='word_1_453' title='bbox 2475 1962 2654 2017; x_wconf 77' lang='lat' dir='ltr'><strong>regem</strong></span> <span class='ocrx_word' id='word_1_454' title='bbox 2706 1950 2910 2004; x_wconf 82' lang='lat' dir='ltr'><strong>missus</strong></span> <span class='ocrx_word' id='word_1_455' title='bbox 2950 1960 3053 2004; x_wconf 90' lang='lat' dir='ltr'><strong>est.</strong></span> <span class='ocrx_word' id='word_1_456' title='bbox 3097 1950 3195 2004; x_wconf 88' lang='lat' dir='ltr'><strong>llic</strong></span> <span class='ocrx_word' id='word_1_457' title='bbox 3230 1966 3362 2004; x_wconf 88' lang='lat' dir='ltr'><strong>cum</strong></span> <span class='ocrx_word' id='word_1_458' title='bbox 3393 1967 3490 2005; x_wconf 77' lang='lat' dir='ltr'><strong>ve—</strong></span> 
     </span>
    </p>
   </div>
   <div class='ocr_carea' id='block_1_66' title="bbox 1920 2038 3485 2111">
    <p class='ocr_par' dir='ltr' id='par_1_66' title="bbox 1920 2038 3485 2111">
     <span class='ocr_line' id='line_1_66' title="bbox 1920 2038 3485 2111; baseline 0.004 -20"><span class='ocrx_word' id='word_1_459' title='bbox 1920 2038 2087 2095; x_wconf 82' lang='lat' dir='ltr'><strong>uisset</strong></span> <span class='ocrx_word' id='word_1_460' title='bbox 2122 2039 2187 2094; x_wconf 85' lang='lat' dir='ltr'><strong>ad</strong></span> <span class='ocrx_word' id='word_1_461' title='bbox 2219 2042 2443 2107; x_wconf 81' lang='lat' dir='ltr'><strong>ianuas,</strong></span> <span class='ocrx_word' id='word_1_462' title='bbox 2489 2042 2872 2111; x_wconf 83' lang='lat' dir='ltr'><strong>hujuscemodi</strong></span> <span class='ocrx_word' id='word_1_463' title='bbox 2904 2044 3210 2098; x_wconf 87' lang='lat' dir='ltr'><strong>orationem</strong></span> <span class='ocrx_word' id='word_1_464' title='bbox 3249 2044 3485 2099; x_wconf 88' lang='lat' dir='ltr'><strong>habuit:</strong></span> 
     </span>
    </p>
   </div>
   <div class='ocr_carea' id='block_1_67' title="bbox 1916 2128 3482 2205">
    <p class='ocr_par' dir='ltr' id='par_1_67' title="bbox 1916 2128 3482 2205">
     <span class='ocr_line' id='line_1_67' title="bbox 1916 2128 3482 2205; baseline 0.004 -23"><span class='ocrx_word' id='word_1_465' title='bbox 1916 2128 1960 2182; x_wconf 91' lang='grc' dir='ltr'><strong>Ο</strong></span> <span class='ocrx_word' id='word_1_466' title='bbox 2008 2148 2124 2197; x_wconf 83' lang='lat' dir='ltr'><strong>rex,</strong></span> <span class='ocrx_word' id='word_1_467' title='bbox 2185 2132 2311 2185; x_wconf 84' lang='lat' dir='ltr'><strong>Daci</strong></span> <span class='ocrx_word' id='word_1_468' title='bbox 2368 2134 2635 2188; x_wconf 88' lang='lat' dir='ltr'><strong>miserunt</strong></span> <span class='ocrx_word' id='word_1_469' title='bbox 2679 2150 2763 2189; x_wconf 89' lang='lat' dir='ltr'><strong>me</strong></span> <span class='ocrx_word' id='word_1_470' title='bbox 2811 2134 2866 2188; x_wconf 87' lang='lat' dir='ltr'><strong>in</strong></span> <span class='ocrx_word' id='word_1_471' title='bbox 2903 2144 3252 2205; x_wconf 87' lang='lat' dir='ltr'><strong>conspectum</strong></span> <span class='ocrx_word' id='word_1_472' title='bbox 3305 2145 3482 2200; x_wconf 88' lang='lat' dir='ltr'><strong>tuum,</strong></span> 
     </span>
    </p>
   </div>
   <div class='ocr_carea' id='block_1_68' title="bbox 1919 2226 3484 2297">
    <p class='ocr_par' dir='ltr' id='par_1_68' title="bbox 1919 2226 3484 2297">
     <span class='ocr_line' id='line_1_68' title="bbox 1919 2226 3484 2297; baseline 0.004 -23"><span class='ocrx_word' id='word_1_473' title='bbox 1919 2236 1975 2277; x_wconf 84' lang='grc' dir='ltr'><strong>ιιι</strong></span> <span class='ocrx_word' id='word_1_474' title='bbox 2014 2240 2196 2289; x_wconf 74' lang='lat' dir='ltr'><strong>pacem</strong></span> <span class='ocrx_word' id='word_1_475' title='bbox 2241 2227 2563 2295; x_wconf 78' lang='lat' dir='ltr'><strong>veniamque</strong></span> <span class='ocrx_word' id='word_1_476' title='bbox 2605 2226 2958 2292; x_wconf 79' lang='lat' dir='ltr'><strong>delictorum,</strong></span> <span class='ocrx_word' id='word_1_477' title='bbox 3004 2243 3124 2297; x_wconf 73' lang='lat' dir='ltr'><strong>quae</strong></span> <span class='ocrx_word' id='word_1_478' title='bbox 3166 2228 3218 2281; x_wconf 85' lang='lat' dir='ltr'><strong>iit</strong></span> <span class='ocrx_word' id='word_1_479' title='bbox 3257 2236 3305 2281; x_wconf 85' lang='lat' dir='ltr'><strong>te</strong></span> <span class='ocrx_word' id='word_1_480' title='bbox 3329 2238 3383 2281; x_wconf 88' lang='lat' dir='ltr'><strong>et</strong></span> <span class='ocrx_word' id='word_1_481' title='bbox 3428 2226 3484 2281; x_wconf 87' lang='lat' dir='ltr'><strong>in</strong></span> 
     </span>
    </p>
   </div>
   <div class='ocr_carea' id='block_1_69' title="bbox 1918 2314 3487 2386">
    <p class='ocr_par' dir='ltr' id='par_1_69' title="bbox 1918 2314 3487 2386">
     <span class='ocr_line' id='line_1_69' title="bbox 1918 2314 3487 2386; baseline 0.002 -20"><span class='ocrx_word' id='word_1_482' title='bbox 1918 2329 2143 2383; x_wconf 82' lang='lat' dir='ltr'><strong>regnum</strong></span> <span class='ocrx_word' id='word_1_483' title='bbox 2202 2323 2354 2368; x_wconf 89' lang='lat' dir='ltr'><strong>tuum</strong></span> <span class='ocrx_word' id='word_1_484' title='bbox 2402 2314 2748 2379; x_wconf 82' lang='lat' dir='ltr'><strong>commisere.</strong></span> <span class='ocrx_word' id='word_1_485' title='bbox 2800 2331 2974 2371; x_wconf 89' lang='lat' dir='ltr'><strong>orem.</strong></span> <span class='ocrx_word' id='word_1_486' title='bbox 3011 2316 3307 2370; x_wconf 86' lang='lat' dir='ltr'><strong>&#39;l‘cstantur</strong></span> <span class='ocrx_word' id='word_1_487' title='bbox 3346 2332 3487 2386; x_wconf 88' lang='lat' dir='ltr'><strong>quo-</strong></span> 
     </span>
    </p>
   </div>
   <div class='ocr_carea' id='block_1_70' title="bbox 1915 2409 3485 2479">
    <p class='ocr_par' dir='ltr' id='par_1_70' title="bbox 1915 2409 3485 2479">
     <span class='ocr_line' id='line_1_70' title="bbox 1915 2409 3485 2479; baseline 0.004 -22"><span class='ocrx_word' id='word_1_488' title='bbox 1915 2422 2023 2477; x_wconf 83' lang='lat' dir='ltr'><strong>que</strong></span> <span class='ocrx_word' id='word_1_489' title='bbox 2046 2424 2104 2460; x_wconf 90' lang='lat' dir='ltr'><strong>se</strong></span> <span class='ocrx_word' id='word_1_490' title='bbox 2130 2424 2412 2475; x_wconf 88' lang='lat' dir='ltr'><strong>nunquam</strong></span> <span class='ocrx_word' id='word_1_491' title='bbox 2466 2409 2596 2478; x_wconf 84' lang='lat' dir='ltr'><strong>quid</strong></span> <span class='ocrx_word' id='word_1_492' title='bbox 2636 2424 2897 2463; x_wconf 86' lang='lat' dir='ltr'><strong>novarum</strong></span> <span class='ocrx_word' id='word_1_493' title='bbox 2933 2426 3117 2464; x_wconf 88' lang='lat' dir='ltr'><strong>rerum</strong></span> <span class='ocrx_word' id='word_1_494' title='bbox 3152 2425 3250 2464; x_wconf 87' lang='lat' dir='ltr'><strong>sua</strong></span> <span class='ocrx_word' id='word_1_495' title='bbox 3286 2420 3485 2479; x_wconf 90' lang='lat' dir='ltr'><strong>sponte</strong></span> 
     </span>
    </p>
   </div>
   <div class='ocr_carea' id='block_1_71' title="bbox 1918 2498 3487 2569">
    <p class='ocr_par' dir='ltr' id='par_1_71' title="bbox 1918 2498 3487 2569">
     <span class='ocr_line' id='line_1_71' title="bbox 1918 2498 3487 2569; baseline 0.002 -18"><span class='ocrx_word' id='word_1_496' title='bbox 1918 2499 2142 2553; x_wconf 87' lang='lat' dir='ltr'><strong>molitos</strong></span> <span class='ocrx_word' id='word_1_497' title='bbox 2174 2498 2344 2554; x_wconf 78' lang='lat' dir='ltr'><strong>fuisse</strong></span> <span class='ocrx_word' id='word_1_498' title='bbox 2378 2500 2430 2552; x_wconf 92' lang='lat' dir='ltr'><strong>in</strong></span> <span class='ocrx_word' id='word_1_499' title='bbox 2467 2509 2515 2553; x_wconf 91' lang='lat' dir='ltr'><strong>te</strong></span> <span class='ocrx_word' id='word_1_500' title='bbox 2547 2510 2602 2555; x_wconf 88' lang='lat' dir='ltr'><strong>et</strong></span> <span class='ocrx_word' id='word_1_501' title='bbox 2639 2516 2865 2569; x_wconf 85' lang='lat' dir='ltr'><strong>regnum</strong></span> <span class='ocrx_word' id='word_1_502' title='bbox 2916 2502 3093 2562; x_wconf 88' lang='lat' dir='ltr'><strong>tuum.</strong></span> <span class='ocrx_word' id='word_1_503' title='bbox 3127 2501 3227 2556; x_wconf 88' lang='lat' dir='ltr'><strong>nisi</strong></span> <span class='ocrx_word' id='word_1_504' title='bbox 3266 2501 3487 2554; x_wconf 82' lang='lat' dir='ltr'><strong>Panno-</strong></span> 
     </span>
    </p>
   </div>
   <div class='ocr_carea' id='block_1_72' title="bbox 1918 2592 3485 2663">
    <p class='ocr_par' dir='ltr' id='par_1_72' title="bbox 1918 2592 3485 2663">
     <span class='ocr_line' id='line_1_72' title="bbox 1918 2592 3485 2663; baseline 0.003 -20"><span class='ocrx_word' id='word_1_505' title='bbox 1918 2604 2013 2645; x_wconf 87' lang='lat' dir='ltr'><strong>ncs</strong></span> <span class='ocrx_word' id='word_1_506' title='bbox 2065 2605 2183 2643; x_wconf 84' lang='lat' dir='ltr'><strong>eam</strong></span> <span class='ocrx_word' id='word_1_507' title='bbox 2230 2593 2613 2647; x_wconf 80' lang='lat' dir='ltr'><strong>necessitatem</strong></span> <span class='ocrx_word' id='word_1_508' title='bbox 2669 2592 3009 2662; x_wconf 71' lang='lat' dir='ltr'><strong>iniecissent,</strong></span> <span class='ocrx_word' id='word_1_509' title='bbox 3055 2594 3334 2663; x_wconf 84' lang='lat' dir='ltr'><strong>iubentes,</strong></span> <span class='ocrx_word' id='word_1_510' title='bbox 3374 2593 3485 2648; x_wconf 82' lang='lat' dir='ltr'><strong>imo</strong></span> 
     </span>
    </p>
   </div>
   <div class='ocr_carea' id='block_1_73' title="bbox 1917 2682 3482 2754">
    <p class='ocr_par' dir='ltr' id='par_1_73' title="bbox 1917 2682 3482 2754">
     <span class='ocr_line' id='line_1_73' title="bbox 1917 2682 3482 2754; baseline 0.004 -23"><span class='ocrx_word' id='word_1_511' title='bbox 1917 2687 2211 2746; x_wconf 84' lang='lat' dir='ltr'><strong>cogentes,</strong></span> <span class='ocrx_word' id='word_1_512' title='bbox 2283 2689 2340 2733; x_wconf 84' lang='lat' dir='ltr'><strong>tit</strong></span> <span class='ocrx_word' id='word_1_513' title='bbox 2427 2682 2738 2747; x_wconf 82' lang='lat' dir='ltr'><strong>coniunCtis</strong></span> <span class='ocrx_word' id='word_1_514' title='bbox 2816 2684 2990 2754; x_wconf 87' lang='lat' dir='ltr'><strong>copiis</strong></span> <span class='ocrx_word' id='word_1_515' title='bbox 3075 2685 3482 2754; x_wconf 76' lang='lat' dir='ltr'><strong>expeditionem</strong></span> 
     </span>
    </p>
   </div>
   <div class='ocr_carea' id='block_1_74' title="bbox 1918 2766 3484 2846">
    <p class='ocr_par' dir='ltr' id='par_1_74' title="bbox 1918 2766 3484 2846">
     <span class='ocr_line' id='line_1_74' title="bbox 1918 2766 3484 2846; baseline 0.007 -28"><span class='ocrx_word' id='word_1_516' title='bbox 1918 2766 2079 2820; x_wconf 83' lang='lat' dir='ltr'><strong>istam</strong></span> <span class='ocrx_word' id='word_1_517' title='bbox 2112 2771 2480 2838; x_wconf 78' lang='lat' dir='ltr'><strong>susciperent.</strong></span> <span class='ocrx_word' id='word_1_518' title='bbox 2538 2772 2695 2826; x_wconf 83' lang='lat' dir='ltr'><strong>Nunc</strong></span> <span class='ocrx_word' id='word_1_519' title='bbox 2730 2774 2894 2845; x_wconf 77' lang='lat' dir='ltr'><strong>igitur</strong></span> <span class='ocrx_word' id='word_1_520' title='bbox 2944 2775 3222 2845; x_wconf 89' lang='lat' dir='ltr'><strong>supplices</strong></span> <span class='ocrx_word' id='word_1_521' title='bbox 3272 2784 3484 2846; x_wconf 87' lang='lat' dir='ltr'><strong>petunt,</strong></span> 
     </span>
    </p>
   </div>
   <div class='ocr_carea' id='block_1_75' title="bbox 1916 2860 3483 2936">
    <p class='ocr_par' dir='ltr' id='par_1_75' title="bbox 1916 2860 3483 2936">
     <span class='ocr_line' id='line_1_75' title="bbox 1916 2860 3483 2936; baseline 0.006 -24"><span class='ocrx_word' id='word_1_522' title='bbox 1916 2860 2051 2915; x_wconf 81' lang='lat' dir='ltr'><strong>velis</strong></span> <span class='ocrx_word' id='word_1_523' title='bbox 2084 2875 2178 2916; x_wconf 85' lang='lat' dir='ltr'><strong>eos</strong></span> <span class='ocrx_word' id='word_1_524' title='bbox 2220 2866 2480 2918; x_wconf 80' lang='lat' dir='ltr'><strong>exaudire</strong></span> <span class='ocrx_word' id='word_1_525' title='bbox 2511 2875 2565 2919; x_wconf 86' lang='lat' dir='ltr'><strong>et</strong></span> <span class='ocrx_word' id='word_1_526' title='bbox 2597 2881 2784 2936; x_wconf 71' lang='lat' dir='ltr'><strong>parent</strong></span> <span class='ocrx_word' id='word_1_527' title='bbox 2846 2867 2998 2922; x_wconf 88' lang='lat' dir='ltr'><strong>dare.</strong></span> <span class='ocrx_word' id='word_1_528' title='bbox 3041 2868 3374 2922; x_wconf 86' lang='lat' dir='ltr'><strong>l&#39;romittunt</strong></span> <span class='ocrx_word' id='word_1_529' title='bbox 3424 2886 3483 2923; x_wconf 88' lang='lat' dir='ltr'><strong>se</strong></span> 
     </span>
    </p>
   </div>
   <div class='ocr_carea' id='block_1_76' title="bbox 1920 2953 3488 3025">
    <p class='ocr_par' dir='ltr' id='par_1_76' title="bbox 1920 2953 3488 3025">
     <span class='ocr_line' id='line_1_76' title="bbox 1920 2953 3488 3025; baseline 0.004 -20"><span class='ocrx_word' id='word_1_530' title='bbox 1920 2953 2015 3008; x_wconf 88' lang='lat' dir='ltr'><strong>tibi</strong></span> <span class='ocrx_word' id='word_1_531' title='bbox 2060 2954 2261 3008; x_wconf 87' lang='lat' dir='ltr'><strong>bellum</strong></span> <span class='ocrx_word' id='word_1_532' title='bbox 2315 2971 2554 3025; x_wconf 77' lang='lat' dir='ltr'><strong>prtesens</strong></span> <span class='ocrx_word' id='word_1_533' title='bbox 2586 2975 2649 3012; x_wconf 84' lang='lat' dir='ltr'><strong>ex</strong></span> <span class='ocrx_word' id='word_1_534' title='bbox 2686 2959 2851 3013; x_wconf 91' lang='lat' dir='ltr'><strong>animi</strong></span> <span class='ocrx_word' id='word_1_535' title='bbox 2902 2961 2979 3013; x_wconf 90' lang='lat' dir='ltr'><strong>tui</strong></span> <span class='ocrx_word' id='word_1_536' title='bbox 3035 2961 3306 3015; x_wconf 88' lang='lat' dir='ltr'><strong>sententia</strong></span> <span class='ocrx_word' id='word_1_537' title='bbox 3354 2974 3488 3014; x_wconf 85' lang='lat' dir='ltr'><strong>con-</strong></span> 
     </span>
    </p>
   </div>
   <div class='ocr_carea' id='block_1_77' title="bbox 1920 3046 3487 3119">
    <p class='ocr_par' dir='ltr' id='par_1_77' title="bbox 1920 3046 3487 3119">
     <span class='ocr_line' id='line_1_77' title="bbox 1920 3046 3487 3119; baseline 0.005 -20"><span class='ocrx_word' id='word_1_538' title='bbox 1920 3046 2176 3112; x_wconf 82' lang='lat' dir='ltr'><strong>fecturos,</strong></span> <span class='ocrx_word' id='word_1_539' title='bbox 2206 3056 2260 3102; x_wconf 86' lang='lat' dir='ltr'><strong>et</strong></span> <span class='ocrx_word' id='word_1_540' title='bbox 2309 3050 2651 3119; x_wconf 79' lang='lat' dir='ltr'><strong>profecturos</strong></span> <span class='ocrx_word' id='word_1_541' title='bbox 2703 3062 2881 3107; x_wconf 84' lang='lat' dir='ltr'><strong>tecum</strong></span> <span class='ocrx_word' id='word_1_542' title='bbox 2931 3053 2987 3107; x_wconf 90' lang='lat' dir='ltr'><strong>in</strong></span> <span class='ocrx_word' id='word_1_543' title='bbox 3040 3053 3288 3107; x_wconf 89' lang='lat' dir='ltr'><strong>militiam</strong></span> <span class='ocrx_word' id='word_1_544' title='bbox 3334 3053 3487 3107; x_wconf 85' lang='lat' dir='ltr'><strong>deiu-</strong></span> 
     </span>
    </p>
   </div>
   <div class='ocr_carea' id='block_1_78' title="bbox 1919 3138 3483 3209">
    <p class='ocr_par' dir='ltr' id='par_1_78' title="bbox 1919 3138 3483 3209">
     <span class='ocr_line' id='line_1_78' title="bbox 1919 3138 3483 3209; baseline 0.002 -19"><span class='ocrx_word' id='word_1_545' title='bbox 1919 3152 2068 3203; x_wconf 86' lang='lat' dir='ltr'><strong>ceps,</strong></span> <span class='ocrx_word' id='word_1_546' title='bbox 2095 3138 2407 3209; x_wconf 89' lang='lat' dir='ltr'><strong>ubicunque</strong></span> <span class='ocrx_word' id='word_1_547' title='bbox 2465 3140 2562 3194; x_wconf 86' lang='lat' dir='ltr'><strong>tibi</strong></span> <span class='ocrx_word' id='word_1_548' title='bbox 2596 3142 2715 3193; x_wconf 76' lang='lat' dir='ltr'><strong>usui</strong></span> <span class='ocrx_word' id='word_1_549' title='bbox 2749 3157 2869 3195; x_wconf 88' lang='lat' dir='ltr'><strong>esse</strong></span> <span class='ocrx_word' id='word_1_550' title='bbox 2892 3150 3169 3209; x_wconf 81' lang='lat' dir='ltr'><strong>poterunt.</strong></span> <span class='ocrx_word' id='word_1_551' title='bbox 3204 3140 3327 3195; x_wconf 76' lang='lat' dir='ltr'><strong>llzee</strong></span> <span class='ocrx_word' id='word_1_552' title='bbox 3358 3156 3483 3194; x_wconf 86' lang='lat' dir='ltr'><strong>cum</strong></span> 
     </span>
    </p>
   </div>
   <div class='ocr_carea' id='block_1_79' title="bbox 1917 3232 3490 3303">
    <p class='ocr_par' dir='ltr' id='par_1_79' title="bbox 1917 3232 3490 3303">
     <span class='ocr_line' id='line_1_79' title="bbox 1917 3232 3490 3303; baseline 0 -20"><span class='ocrx_word' id='word_1_553' title='bbox 1917 3232 2262 3297; x_wconf 79' lang='lat' dir='ltr'><strong>exposuisset</strong></span> <span class='ocrx_word' id='word_1_554' title='bbox 2317 3232 2564 3295; x_wconf 88' lang='lat' dir='ltr'><strong>nuntius,</strong></span> <span class='ocrx_word' id='word_1_555' title='bbox 2608 3232 2848 3288; x_wconf 85' lang='lat' dir='ltr'><strong>Chaliles</strong></span> <span class='ocrx_word' id='word_1_556' title='bbox 2904 3234 3064 3303; x_wconf 75' lang='lat' dir='ltr'><strong>regia:</strong></span> <span class='ocrx_word' id='word_1_557' title='bbox 3089 3236 3284 3289; x_wconf 90' lang='lat' dir='ltr'><strong>domus</strong></span> <span class='ocrx_word' id='word_1_558' title='bbox 3335 3233 3490 3300; x_wconf 80' lang='lat' dir='ltr'><strong>prin-</strong></span> 
     </span>
    </p>
   </div>
   <div class='ocr_carea' id='block_1_80' title="bbox 1919 3323 3483 3394">
    <p class='ocr_par' dir='ltr' id='par_1_80' title="bbox 1919 3323 3483 3394">
     <span class='ocr_line' id='line_1_80' title="bbox 1919 3323 3483 3394; baseline 0.003 -20"><span class='ocrx_word' id='word_1_559' title='bbox 1919 3334 2048 3391; x_wconf 88' lang='lat' dir='ltr'><strong>ceps</strong></span> <span class='ocrx_word' id='word_1_560' title='bbox 2075 3323 2126 3376; x_wconf 89' lang='lat' dir='ltr'><strong>itt</strong></span> <span class='ocrx_word' id='word_1_561' title='bbox 2163 3323 2308 3377; x_wconf 89' lang='lat' dir='ltr'><strong>hunc</strong></span> <span class='ocrx_word' id='word_1_562' title='bbox 2343 3326 2564 3377; x_wconf 89' lang='lat' dir='ltr'><strong>modum</strong></span> <span class='ocrx_word' id='word_1_563' title='bbox 2606 3325 2887 3394; x_wconf 88' lang='lat' dir='ltr'><strong>respondit</strong></span> <span class='ocrx_word' id='word_1_564' title='bbox 2918 3340 2934 3379; x_wconf 89' lang='lat'><strong>:</strong></span> <span class='ocrx_word' id='word_1_565' title='bbox 2966 3328 3072 3381; x_wconf 79' lang='lat' dir='ltr'><strong>Sed</strong></span> <span class='ocrx_word' id='word_1_566' title='bbox 3112 3340 3229 3392; x_wconf 83' lang='lat' dir='ltr'><strong>vos,</strong></span> <span class='ocrx_word' id='word_1_567' title='bbox 3264 3340 3296 3378; x_wconf 91' lang='grc' dir='ltr'><strong>ο</strong></span> <span class='ocrx_word' id='word_1_568' title='bbox 3331 3326 3483 3389; x_wconf 88' lang='lat' dir='ltr'><strong>Daci,</strong></span> 
     </span>
    </p>
   </div>
   <div class='ocr_carea' id='block_1_81' title="bbox 1917 3414 3486 3487">
    <p class='ocr_par' dir='ltr' id='par_1_81' title="bbox 1917 3414 3486 3487">
     <span class='ocr_line' id='line_1_81' title="bbox 1917 3414 3486 3487; baseline 0.001 -20"><span class='ocrx_word' id='word_1_569' title='bbox 1917 3414 2073 3468; x_wconf 88' lang='lat' dir='ltr'><strong>scitis</strong></span> <span class='ocrx_word' id='word_1_570' title='bbox 2111 3417 2354 3483; x_wconf 79' lang='lat' dir='ltr'><strong>profecto</strong></span> <span class='ocrx_word' id='word_1_571' title='bbox 2403 3425 2607 3485; x_wconf 82' lang='lat' dir='ltr'><strong>quanta</strong></span> <span class='ocrx_word' id='word_1_572' title='bbox 2644 3418 2712 3470; x_wconf 88' lang='lat' dir='ltr'><strong>sit</strong></span> <span class='ocrx_word' id='word_1_573' title='bbox 2765 3418 3040 3487; x_wconf 79' lang='lat' dir='ltr'><strong>fueritque</strong></span> <span class='ocrx_word' id='word_1_574' title='bbox 3073 3417 3183 3486; x_wconf 91' lang='lat' dir='ltr'><strong>iam</strong></span> <span class='ocrx_word' id='word_1_575' title='bbox 3230 3418 3298 3471; x_wconf 90' lang='lat' dir='ltr'><strong>ab</strong></span> <span class='ocrx_word' id='word_1_576' title='bbox 3331 3417 3486 3469; x_wconf 87' lang='lat' dir='ltr'><strong>initio</strong></span> 
     </span>
    </p>
   </div>
   <div class='ocr_carea' id='block_1_82' title="bbox 1918 3506 3485 3585">
    <p class='ocr_par' dir='ltr' id='par_1_82' title="bbox 1918 3506 3485 3585">
     <span class='ocr_line' id='line_1_82' title="bbox 1918 3506 3485 3585; baseline 0.005 -30"><span class='ocrx_word' id='word_1_577' title='bbox 1918 3506 2157 3574; x_wconf 80' lang='lat' dir='ltr'><strong>potentia</strong></span> <span class='ocrx_word' id='word_1_578' title='bbox 2212 3507 2352 3576; x_wconf 84' lang='lat' dir='ltr'><strong>regis</strong></span> <span class='ocrx_word' id='word_1_579' title='bbox 2394 3524 2408 3561; x_wconf 92' lang='lat'><strong>:</strong></span> <span class='ocrx_word' id='word_1_580' title='bbox 2450 3517 2503 3562; x_wconf 88' lang='lat' dir='ltr'><strong>et</strong></span> <span class='ocrx_word' id='word_1_581' title='bbox 2540 3510 2798 3577; x_wconf 87' lang='lat' dir='ltr'><strong>quoniam</strong></span> <span class='ocrx_word' id='word_1_582' title='bbox 2845 3526 2990 3564; x_wconf 88' lang='lat' dir='ltr'><strong>nunc</strong></span> <span class='ocrx_word' id='word_1_583' title='bbox 3036 3510 3087 3572; x_wconf 85' lang='lat' dir='ltr'><strong>in</strong></span> <span class='ocrx_word' id='word_1_584' title='bbox 3137 3510 3485 3585; x_wconf 78' lang='lat' dir='ltr'><strong>necessitatis</strong></span> 
     </span>
    </p>
   </div>
   <div class='ocr_carea' id='block_1_83' title="bbox 1919 3600 3484 3673">
    <p class='ocr_par' dir='ltr' id='par_1_83' title="bbox 1919 3600 3484 3673">
     <span class='ocr_line' id='line_1_83' title="bbox 1919 3600 3484 3673; baseline 0.004 -23"><span class='ocrx_word' id='word_1_585' title='bbox 1919 3600 2151 3652; x_wconf 90' lang='lat' dir='ltr'><strong>articulo</strong></span> <span class='ocrx_word' id='word_1_586' title='bbox 2187 3601 2419 3671; x_wconf 83' lang='lat' dir='ltr'><strong>adestis,</strong></span> <span class='ocrx_word' id='word_1_587' title='bbox 2459 3600 2745 3673; x_wconf 70' lang='lat' dir='ltr'><strong>ftedusque</strong></span> <span class='ocrx_word' id='word_1_588' title='bbox 2797 3602 3082 3658; x_wconf 73' lang='lat' dir='ltr'><strong>uobiscum</strong></span> <span class='ocrx_word' id='word_1_589' title='bbox 3137 3603 3289 3657; x_wconf 86' lang='lat' dir='ltr'><strong>initis</strong></span> <span class='ocrx_word' id='word_1_590' title='bbox 3344 3605 3484 3657; x_wconf 81' lang='lat' dir='ltr'><strong>citra</strong></span> 
     </span>
    </p>
   </div>
   <div class='ocr_carea' id='block_1_84' title="bbox 1917 3689 3484 3765">
    <p class='ocr_par' dir='ltr' id='par_1_84' title="bbox 1917 3689 3484 3765">
     <span class='ocr_line' id='line_1_84' title="bbox 1917 3689 3484 3765; baseline 0.007 -24"><span class='ocrx_word' id='word_1_591' title='bbox 1917 3689 2103 3744; x_wconf 89' lang='lat' dir='ltr'><strong>dolum</strong></span> <span class='ocrx_word' id='word_1_592' title='bbox 2164 3700 2217 3746; x_wconf 92' lang='lat' dir='ltr'><strong>et</strong></span> <span class='ocrx_word' id='word_1_593' title='bbox 2266 3690 2532 3755; x_wconf 80' lang='lat' dir='ltr'><strong>fraudem,</strong></span> <span class='ocrx_word' id='word_1_594' title='bbox 2587 3695 2747 3749; x_wconf 81' lang='lat' dir='ltr'><strong>amici</strong></span> <span class='ocrx_word' id='word_1_595' title='bbox 2792 3696 2944 3750; x_wconf 85' lang='lat' dir='ltr'><strong>eritis</strong></span> <span class='ocrx_word' id='word_1_596' title='bbox 2988 3697 3039 3749; x_wconf 91' lang='lat' dir='ltr'><strong>in</strong></span> <span class='ocrx_word' id='word_1_597' title='bbox 3072 3708 3371 3765; x_wconf 87' lang='lat' dir='ltr'><strong>posterum.</strong></span> <span class='ocrx_word' id='word_1_598' title='bbox 3427 3696 3484 3752; x_wconf 88' lang='lat' dir='ltr'><strong>Si</strong></span> 
     </span>
    </p>
   </div>
   <div class='ocr_carea' id='block_1_85' title="bbox 1918 3785 3482 3861">
    <p class='ocr_par' dir='ltr' id='par_1_85' title="bbox 1918 3785 3482 3861">
     <span class='ocr_line' id='line_1_85' title="bbox 1918 3785 3482 3861; baseline 0.004 -26"><span class='ocrx_word' id='word_1_599' title='bbox 1918 3785 2046 3849; x_wconf 84' lang='lat' dir='ltr'><strong>quid</strong></span> <span class='ocrx_word' id='word_1_600' title='bbox 2102 3800 2291 3841; x_wconf 86' lang='lat' dir='ltr'><strong>eorum</strong></span> <span class='ocrx_word' id='word_1_601' title='bbox 2345 3803 2467 3855; x_wconf 69' lang='lat' dir='ltr'><strong>qure</strong></span> <span class='ocrx_word' id='word_1_602' title='bbox 2526 3788 2870 3857; x_wconf 86' lang='lat' dir='ltr'><strong>promittitis.</strong></span> <span class='ocrx_word' id='word_1_603' title='bbox 2932 3790 3196 3856; x_wconf 78' lang='lat' dir='ltr'><strong>feceritis,</strong></span> <span class='ocrx_word' id='word_1_604' title='bbox 3255 3790 3482 3861; x_wconf 84' lang='lat' dir='ltr'><strong>gratiam</strong></span> 
     </span>
    </p>
   </div>
   <div class='ocr_carea' id='block_1_86' title="bbox 1919 3878 3484 3949">
    <p class='ocr_par' dir='ltr' id='par_1_86' title="bbox 1919 3878 3484 3949">
     <span class='ocr_line' id='line_1_86' title="bbox 1919 3878 3484 3949; baseline 0.003 -20"><span class='ocrx_word' id='word_1_605' title='bbox 1919 3878 2215 3932; x_wconf 81' lang='lat' dir='ltr'><strong>referentes</strong></span> <span class='ocrx_word' id='word_1_606' title='bbox 2271 3880 2403 3947; x_wconf 83' lang='lat' dir='ltr'><strong>regi,</strong></span> <span class='ocrx_word' id='word_1_607' title='bbox 2442 3881 2637 3934; x_wconf 80' lang='lat' dir='ltr'><strong>scitote</strong></span> <span class='ocrx_word' id='word_1_608' title='bbox 2672 3882 2815 3949; x_wconf 89' lang='lat' dir='ltr'><strong>quod</strong></span> <span class='ocrx_word' id='word_1_609' title='bbox 2856 3897 2978 3936; x_wconf 90' lang='lat' dir='ltr'><strong>euut</strong></span> <span class='ocrx_word' id='word_1_610' title='bbox 3028 3882 3305 3936; x_wconf 78' lang='lat' dir='ltr'><strong>beneﬁciis</strong></span> <span class='ocrx_word' id='word_1_611' title='bbox 3342 3898 3484 3934; x_wconf 92' lang='lat' dir='ltr'><strong>nuu-</strong></span> 
     </span>
    </p>
   </div>
   <div class='ocr_carea' id='block_1_87' title="bbox 1917 3952 3484 4041">
    <p class='ocr_par' dir='ltr' id='par_1_87' title="bbox 1917 3952 3484 4041">
     <span class='ocr_line' id='line_1_87' title="bbox 1917 3952 3484 4041; baseline 0.002 -22"><span class='ocrx_word' id='word_1_612' title='bbox 1917 3983 2079 4036; x_wconf 84' lang='lat' dir='ltr'><strong>quatn</strong></span> <span class='ocrx_word' id='word_1_613' title='bbox 2118 3969 2335 4023; x_wconf 84' lang='lat' dir='ltr'><strong>vincere</strong></span> <span class='ocrx_word' id='word_1_614' title='bbox 2378 3952 2651 4041; x_wconf 77' lang='lat' dir='ltr'><strong>poteritis.</strong></span> <span class='ocrx_word' id='word_1_615' title='bbox 2701 3972 2863 4022; x_wconf 82' lang='lat' dir='ltr'><strong>Arma</strong></span> <span class='ocrx_word' id='word_1_616' title='bbox 2898 3985 3105 4035; x_wconf 74' lang='lat' dir='ltr'><strong>autem,</strong></span> <span class='ocrx_word' id='word_1_617' title='bbox 3148 3973 3241 4032; x_wconf 83' lang='lat' dir='ltr'><strong>ile,</strong></span> <span class='ocrx_word' id='word_1_618' title='bbox 3270 3983 3323 4024; x_wconf 85' lang='lat' dir='ltr'><strong>et</strong></span> <span class='ocrx_word' id='word_1_619' title='bbox 3357 3986 3484 4024; x_wconf 85' lang='lat' dir='ltr'><strong>cou-</strong></span> 
     </span>
    </p>
   </div>
   <div class='ocr_carea' id='block_1_88' title="bbox 1918 4059 3486 4126">
    <p class='ocr_par' dir='ltr' id='par_1_88' title="bbox 1918 4059 3486 4126">
     <span class='ocr_line' id='line_1_88' title="bbox 1918 4059 3486 4126; baseline 0.002 -14"><span class='ocrx_word' id='word_1_620' title='bbox 1918 4059 2095 4115; x_wconf 83' lang='lat' dir='ltr'><strong>festint</strong></span> <span class='ocrx_word' id='word_1_621' title='bbox 2130 4062 2238 4115; x_wconf 87' lang='lat' dir='ltr'><strong>huc</strong></span> <span class='ocrx_word' id='word_1_622' title='bbox 2273 4062 2489 4117; x_wconf 80' lang='lat' dir='ltr'><strong>tradite.</strong></span> <span class='ocrx_word' id='word_1_623' title='bbox 2540 4063 2779 4117; x_wconf 83' lang='lat' dir='ltr'><strong>Chaliles</strong></span> <span class='ocrx_word' id='word_1_624' title='bbox 2833 4065 2945 4116; x_wconf 80' lang='lat' dir='ltr'><strong>lucc</strong></span> <span class='ocrx_word' id='word_1_625' title='bbox 2990 4065 3206 4117; x_wconf 86' lang='lat' dir='ltr'><strong>locutus</strong></span> <span class='ocrx_word' id='word_1_626' title='bbox 3250 4074 3356 4126; x_wconf 86' lang='lat' dir='ltr'><strong>est,</strong></span> <span class='ocrx_word' id='word_1_627' title='bbox 3405 4064 3486 4116; x_wconf 82' lang='lat' dir='ltr'><strong>di-</strong></span> 
     </span>
    </p>
   </div>
   <div class='ocr_carea' id='block_1_89' title="bbox 1915 4155 3484 4223">
    <p class='ocr_par' dir='ltr' id='par_1_89' title="bbox 1915 4155 3484 4223">
     <span class='ocr_line' id='line_1_89' title="bbox 1915 4155 3484 4223; baseline 0.002 -18"><span class='ocrx_word' id='word_1_628' title='bbox 1915 4168 2044 4207; x_wconf 85' lang='lat' dir='ltr'><strong>cens</strong></span> <span class='ocrx_word' id='word_1_629' title='bbox 2076 4170 2133 4207; x_wconf 88' lang='lat' dir='ltr'><strong>se</strong></span> <span class='ocrx_word' id='word_1_630' title='bbox 2164 4170 2224 4206; x_wconf 85' lang='lat' dir='ltr'><strong>ea</strong></span> <span class='ocrx_word' id='word_1_631' title='bbox 2275 4155 2456 4207; x_wconf 87' lang='lat' dir='ltr'><strong>dicere</strong></span> <span class='ocrx_word' id='word_1_632' title='bbox 2489 4171 2553 4207; x_wconf 81' lang='lat' dir='ltr'><strong>ex</strong></span> <span class='ocrx_word' id='word_1_633' title='bbox 2606 4158 2877 4208; x_wconf 82' lang='lat' dir='ltr'><strong>sententia</strong></span> <span class='ocrx_word' id='word_1_634' title='bbox 2910 4157 3074 4223; x_wconf 83' lang='lat' dir='ltr'><strong>regis,</strong></span> <span class='ocrx_word' id='word_1_635' title='bbox 3121 4169 3356 4223; x_wconf 87' lang='lat' dir='ltr'><strong>eumque</strong></span> <span class='ocrx_word' id='word_1_636' title='bbox 3403 4156 3484 4208; x_wconf 88' lang='lat' dir='ltr'><strong>di-</strong></span> 
     </span>
    </p>
   </div>
   <div class='ocr_carea' id='block_1_90' title="bbox 1919 4244 3485 4314">
    <p class='ocr_par' dir='ltr' id='par_1_90' title="bbox 1919 4244 3485 4314">
     <span class='ocr_line' id='line_1_90' title="bbox 1919 4244 3485 4314; baseline 0 -17"><span class='ocrx_word' id='word_1_637' title='bbox 1919 4245 2085 4297; x_wconf 86' lang='lat' dir='ltr'><strong>misit.</strong></span> <span class='ocrx_word' id='word_1_638' title='bbox 2137 4244 2290 4308; x_wconf 83' lang='lat' dir='ltr'><strong>Daci,</strong></span> <span class='ocrx_word' id='word_1_639' title='bbox 2331 4259 2452 4298; x_wconf 89' lang='lat' dir='ltr'><strong>com</strong></span> <span class='ocrx_word' id='word_1_640' title='bbox 2491 4260 2744 4300; x_wconf 80' lang='lat' dir='ltr'><strong>reversus</strong></span> <span class='ocrx_word' id='word_1_641' title='bbox 2792 4255 2936 4300; x_wconf 90' lang='lat' dir='ltr'><strong>esset</strong></span> <span class='ocrx_word' id='word_1_642' title='bbox 2974 4247 3220 4309; x_wconf 83' lang='lat' dir='ltr'><strong>nuntius,</strong></span> <span class='ocrx_word' id='word_1_643' title='bbox 3265 4254 3320 4300; x_wconf 87' lang='lat' dir='ltr'><strong>et</strong></span> <span class='ocrx_word' id='word_1_644' title='bbox 3364 4261 3485 4314; x_wconf 67' lang='lat' dir='ltr'><strong>qua:</strong></span> 
     </span>
    </p>
   </div>
   <div class='ocr_carea' id='block_1_91' title="bbox 1918 4335 3479 4408">
    <p class='ocr_par' dir='ltr' id='par_1_91' title="bbox 1918 4335 3479 4408">
     <span class='ocr_line' id='line_1_91' title="bbox 1918 4335 3479 4408; baseline 0.003 -21"><span class='ocrx_word' id='word_1_645' title='bbox 1918 4339 2172 4389; x_wconf 83' lang='lat' dir='ltr'><strong>mandata</strong></span> <span class='ocrx_word' id='word_1_646' title='bbox 2219 4336 2522 4403; x_wconf 84' lang='lat' dir='ltr'><strong>accepisset</strong></span> <span class='ocrx_word' id='word_1_647' title='bbox 2580 4354 2608 4389; x_wconf 85' lang='lat' dir='ltr'><strong>a</strong></span> <span class='ocrx_word' id='word_1_648' title='bbox 2649 4335 2855 4391; x_wconf 87' lang='lat' dir='ltr'><strong>Chalile</strong></span> <span class='ocrx_word' id='word_1_649' title='bbox 2893 4354 2958 4391; x_wconf 82' lang='lat' dir='ltr'><strong>ex</strong></span> <span class='ocrx_word' id='word_1_650' title='bbox 3009 4338 3265 4391; x_wconf 88' lang='lat' dir='ltr'><strong>mandato</strong></span> <span class='ocrx_word' id='word_1_651' title='bbox 3314 4339 3479 4408; x_wconf 88' lang='lat' dir='ltr'><strong>regis,</strong></span> 
     </span>
    </p>
   </div>
   <div class='ocr_carea' id='block_1_92' title="bbox 224 4416 1813 4500">
    <p class='ocr_par' dir='ltr' id='par_1_92' title="bbox 224 4426 1813 4500">
     <span class='ocr_line' id='line_1_92' title="bbox 224 4426 1813 4500; baseline 0.002 -20"><span class='ocrx_word' id='word_1_652' title='bbox 224 4433 394 4492; x_wconf 66' lang='grc' dir='ltr'>δενῦς</span> <span class='ocrx_word' id='word_1_653' title='bbox 421 4430 758 4498; x_wconf 79' lang='grc' dir='ltr'>φειδόμενον.</span> <span class='ocrx_word' id='word_1_654' title='bbox 796 4429 905 4482; x_wconf 74' lang='grc' dir='ltr'><strong>Καὶ</strong></span> <span class='ocrx_word' id='word_1_655' title='bbox 954 4426 1098 4480; x_wconf 78' lang='grc' dir='ltr'>οὕτω</span> <span class='ocrx_word' id='word_1_656' title='bbox 1135 4428 1273 4496; x_wconf 82' lang='grc' dir='ltr'>πρὸς</span> <span class='ocrx_word' id='word_1_657' title='bbox 1312 4428 1485 4498; x_wconf 83' lang='grc' dir='ltr'>ἀλκὴν</span> <span class='ocrx_word' id='word_1_658' title='bbox 1515 4430 1813 4500; x_wconf 73' lang='grc' dir='ltr'>ἐτράποντο</span> 
     </span>
    </p>
   </div>
   <div class='ocr_carea' id='block_1_93' title="bbox 1918 4416 3480 4500">
    <p class='ocr_par' dir='ltr' id='par_1_93' title="bbox 1918 4416 3480 4494">
     <span class='ocr_line' id='line_1_93' title="bbox 1918 4416 3480 4494; baseline 0.001 -13"><span class='ocrx_word' id='word_1_659' title='bbox 1918 4416 2261 4491; x_wconf 80' lang='lat' dir='ltr'><strong>enarrasset,</strong></span> <span class='ocrx_word' id='word_1_660' title='bbox 2328 4431 2588 4483; x_wconf 89' lang='lat' dir='ltr'><strong>continuo</strong></span> <span class='ocrx_word' id='word_1_661' title='bbox 2638 4428 2959 4484; x_wconf 83' lang='lat' dir='ltr'><strong>defecerunt</strong></span> <span class='ocrx_word' id='word_1_662' title='bbox 3010 4448 3037 4482; x_wconf 89' lang='lat' dir='ltr'><strong>a</strong></span> <span class='ocrx_word' id='word_1_663' title='bbox 3091 4430 3480 4494; x_wconf 81' lang='lat' dir='ltr'><strong>Pannonibus,</strong></span> 
     </span>
    </p>
   </div>
   <div class='ocr_carea' id='block_1_94' title="bbox 226 4522 1813 4595">
    <p class='ocr_par' dir='ltr' id='par_1_94' title="bbox 226 4522 1813 4595">
     <span class='ocr_line' id='line_1_94' title="bbox 226 4522 1813 4595; baseline -0.004 -14"><span class='ocrx_word' id='word_1_664' title='bbox 226 4532 305 4581; x_wconf 68' lang='lat' dir='ltr'><strong>ti</strong></span> <span class='ocrx_word' id='word_1_665' title='bbox 342 4526 479 4578; x_wconf 78' lang='grc' dir='ltr'>ὅπλα</span> <span class='ocrx_word' id='word_1_666' title='bbox 531 4524 767 4593; x_wconf 69' lang='grc' dir='ltr'>ἔχοντες.</span> <span class='ocrx_word' id='word_1_667' title='bbox 800 4524 874 4576; x_wconf 87' lang='grc' dir='ltr'><strong>Οὐ</strong></span> <span class='ocrx_word' id='word_1_668' title='bbox 911 4527 1018 4594; x_wconf 73' lang='grc' dir='ltr'><strong>γαρ</strong></span> <span class='ocrx_word' id='word_1_669' title='bbox 1062 4522 1216 4591; x_wconf 71' lang='grc' dir='ltr'>ἠξίου</span> <span class='ocrx_word' id='word_1_670' title='bbox 1256 4526 1283 4574; x_wconf 84' lang='grc' dir='ltr'>ὁ</span> <span class='ocrx_word' id='word_1_671' title='bbox 1317 4522 1594 4593; x_wconf 80' lang='grc' dir='ltr'>βασιλεὺς,</span> <span class='ocrx_word' id='word_1_672' title='bbox 1630 4541 1813 4595; x_wconf 81' lang='grc' dir='ltr'>παρα·</span> 
     </span>
    </p>
   </div>
   <div class='ocr_carea' id='block_1_95' title="bbox 224 4613 1816 4685">
    <p class='ocr_par' dir='ltr' id='par_1_95' title="bbox 224 4613 1816 4685">
     <span class='ocr_line' id='line_1_95' title="bbox 224 4613 1816 4685; baseline -0.003 -12"><span class='ocrx_word' id='word_1_673' title='bbox 224 4622 430 4681; x_wconf 67' lang='grc' dir='ltr'>δόντας</span> <span class='ocrx_word' id='word_1_674' title='bbox 476 4618 545 4670; x_wconf 78' lang='grc' dir='ltr'><strong>τά</strong></span> <span class='ocrx_word' id='word_1_675' title='bbox 604 4618 747 4670; x_wconf 77' lang='grc' dir='ltr'>ὅπλα</span> <span class='ocrx_word' id='word_1_676' title='bbox 793 4616 1171 4678; x_wconf 73' lang='grc' dir='ltr'>κατακαίνειν,</span> <span class='ocrx_word' id='word_1_677' title='bbox 1214 4614 1348 4667; x_wconf 80' lang='grc' dir='ltr'>ἀλλὰ</span> <span class='ocrx_word' id='word_1_678' title='bbox 1389 4613 1559 4667; x_wconf 80' lang='grc' dir='ltr'>ταῦτα</span> <span class='ocrx_word' id='word_1_679' title='bbox 1594 4615 1816 4685; x_wconf 76' lang='grc' dir='ltr'>ἔχοντας</span> 
     </span>
    </p>
   </div>
   <div class='ocr_carea' id='block_1_96' title="bbox 227 4702 1812 4779">
    <p class='ocr_par' dir='ltr' id='par_1_96' title="bbox 227 4702 1812 4779">
     <span class='ocr_line' id='line_1_96' title="bbox 227 4702 1812 4779; baseline -0.001 -16"><span class='ocrx_word' id='word_1_680' title='bbox 227 4713 403 4779; x_wconf 77' lang='grc' dir='ltr'>δίκην</span> <span class='ocrx_word' id='word_1_681' title='bbox 434 4709 653 4773; x_wconf 82' lang='grc' dir='ltr'>διδόναι,</span> <span class='ocrx_word' id='word_1_682' title='bbox 680 4702 754 4762; x_wconf 80' lang='grc' dir='ltr'>ὧν</span> <span class='ocrx_word' id='word_1_683' title='bbox 788 4709 1011 4760; x_wconf 77' lang='grc' dir='ltr'>ἐποίουν</span> <span class='ocrx_word' id='word_1_684' title='bbox 1061 4710 1119 4771; x_wconf 78' lang='grc' dir='ltr'>ὲς</span> <span class='ocrx_word' id='word_1_685' title='bbox 1167 4708 1353 4761; x_wconf 81' lang='grc' dir='ltr'>αὐτόν.</span> <span class='ocrx_word' id='word_1_686' title='bbox 1390 4708 1499 4759; x_wconf 76' lang='grc' dir='ltr'><strong>Καὶ</strong></span> <span class='ocrx_word' id='word_1_687' title='bbox 1531 4705 1676 4761; x_wconf 75' lang='grc' dir='ltr'>οὕτω</span> <span class='ocrx_word' id='word_1_688' title='bbox 1711 4711 1812 4778; x_wconf 85' lang='grc' dir='ltr'>μὲν</span> 
     </span>
    </p>
   </div>
   <div class='ocr_carea' id='block_1_97' title="bbox 229 4794 1816 4871">
    <p class='ocr_par' dir='ltr' id='par_1_97' title="bbox 229 4794 1816 4871">
     <span class='ocr_line' id='line_1_97' title="bbox 229 4794 1816 4871; baseline -0.005 -17"><span class='ocrx_word' id='word_1_689' title='bbox 229 4804 305 4871; x_wconf 72' lang='grc' dir='ltr'>δὴ</span> <span class='ocrx_word' id='word_1_690' title='bbox 329 4800 507 4871; x_wconf 76' lang='grc' dir='ltr'>ταύτῃ</span> <span class='ocrx_word' id='word_1_691' title='bbox 534 4800 588 4851; x_wconf 82' lang='grc' dir='ltr'>ὲν</span> <span class='ocrx_word' id='word_1_692' title='bbox 624 4799 798 4852; x_wconf 78' lang='grc' dir='ltr'>οὑδενὶ</span> <span class='ocrx_word' id='word_1_693' title='bbox 849 4795 992 4864; x_wconf 84' lang='grc' dir='ltr'>λόγῳ</span> <span class='ocrx_word' id='word_1_694' title='bbox 1018 4795 1320 4848; x_wconf 83' lang='grc' dir='ltr'>ἀπώλοντο.</span> <span class='ocrx_word' id='word_1_695' title='bbox 1364 4794 1589 4857; x_wconf 75' lang='grc' dir='ltr'>Παίονες</span> <span class='ocrx_word' id='word_1_696' title='bbox 1623 4797 1722 4863; x_wconf 81' lang='grc' dir='ltr'>μὲν</span> <span class='ocrx_word' id='word_1_697' title='bbox 1751 4795 1816 4866; x_wconf 76' lang='grc' dir='ltr'>δὴ</span> 
     </span>
    </p>
   </div>
   <div class='ocr_carea' id='block_1_98' title="bbox 232 4887 1811 4965">
    <p class='ocr_par' dir='ltr' id='par_1_98' title="bbox 232 4887 1811 4965">
     <span class='ocr_line' id='line_1_98' title="bbox 232 4887 1811 4965; baseline -0.004 -19"><span class='ocrx_word' id='word_1_698' title='bbox 232 4894 438 4965; x_wconf 76' lang='grc' dir='ltr'>πρῶτα</span> <span class='ocrx_word' id='word_1_699' title='bbox 465 4894 584 4953; x_wconf 68' lang='grc' dir='ltr'>τοὺς</span> <span class='ocrx_word' id='word_1_700' title='bbox 615 4891 797 4951; x_wconf 64' lang='lat' dir='ltr'><strong>dixe;</strong></span> <span class='ocrx_word' id='word_1_701' title='bbox 826 4888 1207 4955; x_wconf 82' lang='grc' dir='ltr'>διισταμένους</span> <span class='ocrx_word' id='word_1_702' title='bbox 1243 4887 1468 4951; x_wconf 70' lang='grc' dir='ltr'>ἰδόντες,</span> <span class='ocrx_word' id='word_1_703' title='bbox 1494 4887 1811 4956; x_wconf 71' lang='grc' dir='ltr'>ἐθαύμαζον</span> 
     </span>
    </p>
   </div>
   <div class='ocr_carea' id='block_1_99' title="bbox 232 4978 1817 5055">
    <p class='ocr_par' dir='ltr' id='par_1_99' title="bbox 232 4978 1817 5055">
     <span class='ocr_line' id='line_1_99' title="bbox 232 4978 1817 5055; baseline -0.006 -14"><span class='ocrx_word' id='word_1_704' title='bbox 232 4992 265 5041; x_wconf 78' lang='grc' dir='ltr'><strong>ὃ</strong></span> <span class='ocrx_word' id='word_1_705' title='bbox 290 5005 349 5039; x_wconf 81' lang='grc' dir='ltr'><strong>τι</strong></span> <span class='ocrx_word' id='word_1_706' title='bbox 390 4984 693 5055; x_wconf 73' lang='grc' dir='ltr'>βούλοιντοο</span> <span class='ocrx_word' id='word_1_707' title='bbox 728 4981 804 5043; x_wconf 84' lang='grc' dir='ltr'>ὡς</span> <span class='ocrx_word' id='word_1_708' title='bbox 833 4981 891 5033; x_wconf 79' lang='grc' dir='ltr'>δὲ</span> <span class='ocrx_word' id='word_1_709' title='bbox 939 4979 1185 5047; x_wconf 79' lang='grc' dir='ltr'>ἔγνωσαν</span> <span class='ocrx_word' id='word_1_710' title='bbox 1214 4978 1702 5048; x_wconf 74' lang='grc' dir='ltr'>διαλλαττομένους</span> <span class='ocrx_word' id='word_1_711' title='bbox 1738 4979 1817 5050; x_wconf 84' lang='grc' dir='ltr'>τῷ</span> 
     </span>
    </p>
   </div>
   <div class='ocr_carea' id='block_1_100' title="bbox 241 5069 1817 5153">
    <p class='ocr_par' dir='ltr' id='par_1_100' title="bbox 241 5069 1817 5153">
     <span class='ocr_line' id='line_1_100' title="bbox 241 5069 1817 5153; baseline -0.005 -22"><span class='ocrx_word' id='word_1_712' title='bbox 241 5080 479 5153; x_wconf 77' lang='grc' dir='ltr'>βασιλεῖ,</span> <span class='ocrx_word' id='word_1_713' title='bbox 501 5072 863 5145; x_wconf 79' lang='grc' dir='ltr'>ὲχαλέπαινόν</span> <span class='ocrx_word' id='word_1_714' title='bbox 900 5088 960 5124; x_wconf 86' lang='grc' dir='ltr'><strong>τε</strong></span> <span class='ocrx_word' id='word_1_715' title='bbox 1007 5071 1214 5134; x_wconf 83' lang='grc' dir='ltr'>αὐτοῖς,</span> <span class='ocrx_word' id='word_1_716' title='bbox 1249 5072 1344 5122; x_wconf 75' lang='grc' dir='ltr'>καὶ</span> <span class='ocrx_word' id='word_1_717' title='bbox 1388 5069 1620 5140; x_wconf 75' lang='grc' dir='ltr'>ῆχθοντο</span> <span class='ocrx_word' id='word_1_718' title='bbox 1647 5088 1817 5125; x_wconf 82' lang='grc' dir='ltr'>κατα-</span> 
     </span>
    </p>
   </div>
   <div class='ocr_carea' id='block_1_101' title="bbox 239 5161 1815 5243">
    <p class='ocr_par' dir='ltr' id='par_1_101' title="bbox 239 5161 1815 5243">
     <span class='ocr_line' id='line_1_101' title="bbox 239 5161 1815 5243; baseline -0.006 -19"><span class='ocrx_word' id='word_1_719' title='bbox 239 5169 609 5243; x_wconf 82' lang='grc' dir='ltr'>προὸεδωκόσι</span> <span class='ocrx_word' id='word_1_720' title='bbox 655 5168 780 5229; x_wconf 74' lang='grc' dir='ltr'>τοὺς</span> <span class='ocrx_word' id='word_1_721' title='bbox 828 5164 1038 5234; x_wconf 80' lang='grc' dir='ltr'>φίλους.</span> <span class='ocrx_word' id='word_1_722' title='bbox 1077 5163 1231 5215; x_wconf 78' lang='grc' dir='ltr'>Ἐπεὶ</span> <span class='ocrx_word' id='word_1_723' title='bbox 1279 5161 1325 5214; x_wconf 80' lang='grc' dir='ltr'>δ’</span> <span class='ocrx_word' id='word_1_724' title='bbox 1371 5163 1552 5230; x_wconf 84' lang='grc' dir='ltr'>ὀλίγον</span> <span class='ocrx_word' id='word_1_725' title='bbox 1587 5161 1815 5234; x_wconf 77' lang='grc' dir='ltr'>ὕστερον</span> 
     </span>
    </p>
   </div>
   <div class='ocr_carea' id='block_1_102' title="bbox 242 5252 1813 5326">
    <p class='ocr_par' dir='ltr' id='par_1_102' title="bbox 242 5252 1813 5326">
     <span class='ocr_line' id='line_1_102' title="bbox 242 5252 1813 5326; baseline -0.008 -9"><span class='ocrx_word' id='word_1_726' title='bbox 242 5263 493 5317; x_wconf 79' lang='grc' dir='ltr'>κατεῖδον</span> <span class='ocrx_word' id='word_1_727' title='bbox 542 5260 740 5321; x_wconf 72' lang='grc' dir='ltr'>αὐτοὺς</span> <span class='ocrx_word' id='word_1_728' title='bbox 801 5256 1143 5326; x_wconf 71' lang='grc' dir='ltr'>ξύμπαντας</span> <span class='ocrx_word' id='word_1_729' title='bbox 1191 5254 1327 5323; x_wconf 80' lang='grc' dir='ltr'>πρὸς</span> <span class='ocrx_word' id='word_1_730' title='bbox 1394 5254 1487 5305; x_wconf 82' lang='grc' dir='ltr'><strong>τοῦ</strong></span> <span class='ocrx_word' id='word_1_731' title='bbox 1547 5252 1813 5322; x_wconf 71' lang='grc' dir='ltr'>βασιλέως</span> 
     </span>
    </p>
   </div>
   <div class='ocr_carea' id='block_1_103' title="bbox 244 5343 1815 5423">
    <p class='ocr_par' dir='ltr' id='par_1_103' title="bbox 244 5343 1815 5423">
     <span class='ocr_line' id='line_1_103' title="bbox 244 5343 1815 5423; baseline -0.008 -13"><span class='ocrx_word' id='word_1_732' title='bbox 244 5357 423 5410; x_wconf 64' lang='grc' dir='ltr'>οὐδενὶ</span> <span class='ocrx_word' id='word_1_733' title='bbox 448 5356 591 5423; x_wconf 77' lang='grc' dir='ltr'>λόγῳ</span> <span class='ocrx_word' id='word_1_734' title='bbox 629 5350 1062 5417; x_wconf 65' lang='grc' dir='ltr'>ἀπολλυμένους,</span> <span class='ocrx_word' id='word_1_735' title='bbox 1089 5349 1147 5398; x_wconf 79' lang='grc' dir='ltr'>ὲν</span> <span class='ocrx_word' id='word_1_736' title='bbox 1177 5343 1419 5411; x_wconf 79' lang='grc' dir='ltr'>θαύματι</span> <span class='ocrx_word' id='word_1_737' title='bbox 1447 5345 1683 5414; x_wconf 74' lang='grc' dir='ltr'>εἴχοντο,</span> <span class='ocrx_word' id='word_1_738' title='bbox 1713 5350 1815 5414; x_wconf 87' lang='grc' dir='ltr'>τήν</span> 
     </span>
    </p>
   </div>
   <div class='ocr_carea' id='block_1_104' title="bbox 246 5436 1816 5515">
    <p class='ocr_par' dir='ltr' id='par_1_104' title="bbox 246 5436 1816 5515">
     <span class='ocr_line' id='line_1_104' title="bbox 246 5436 1816 5515; baseline -0.004 -16"><span class='ocrx_word' id='word_1_739' title='bbox 246 5465 307 5499; x_wconf 83' lang='grc' dir='ltr'><strong>τε</strong></span> <span class='ocrx_word' id='word_1_740' title='bbox 339 5444 562 5515; x_wconf 82' lang='grc' dir='ltr'>γνώμην</span> <span class='ocrx_word' id='word_1_741' title='bbox 616 5440 924 5502; x_wconf 67' lang='grc' dir='ltr'>ἐννοοῦντες</span> <span class='ocrx_word' id='word_1_742' title='bbox 959 5439 1052 5490; x_wconf 82' lang='grc' dir='ltr'><strong>τοῦ</strong></span> <span class='ocrx_word' id='word_1_743' title='bbox 1097 5437 1382 5507; x_wconf 79' lang='grc' dir='ltr'>βασιλέως,</span> <span class='ocrx_word' id='word_1_744' title='bbox 1412 5436 1486 5500; x_wconf 81' lang='grc' dir='ltr'>ὡς</span> <span class='ocrx_word' id='word_1_745' title='bbox 1537 5440 1695 5490; x_wconf 83' lang='grc' dir='ltr'>οὑδὲν</span> <span class='ocrx_word' id='word_1_746' title='bbox 1734 5456 1816 5493; x_wconf 87' lang='grc' dir='ltr'><strong>τοι</strong></span> 
     </span>
    </p>
   </div>
   <div class='ocr_carea' id='block_1_105' title="bbox 250 5531 1813 5607">
    <p class='ocr_par' dir='ltr' id='par_1_105' title="bbox 250 5531 1813 5607">
     <span class='ocr_line' id='line_1_105' title="bbox 250 5531 1813 5607; baseline -0.006 -16"><span class='ocrx_word' id='word_1_747' title='bbox 250 5540 560 5607; x_wconf 72' lang='grc' dir='ltr'>συμμάχων</span> <span class='ocrx_word' id='word_1_748' title='bbox 606 5536 865 5587; x_wconf 77' lang='grc' dir='ltr'>τοιούτων</span> <span class='ocrx_word' id='word_1_749' title='bbox 915 5531 1108 5595; x_wconf 78' lang='grc' dir='ltr'>ἐδεῖτο,</span> <span class='ocrx_word' id='word_1_750' title='bbox 1176 5546 1321 5600; x_wconf 81' lang='grc' dir='ltr'>μεγα</span> <span class='ocrx_word' id='word_1_751' title='bbox 1393 5545 1453 5580; x_wconf 81' lang='grc' dir='ltr'><strong>τε</strong></span> <span class='ocrx_word' id='word_1_752' title='bbox 1506 5532 1813 5597; x_wconf 78' lang='grc' dir='ltr'>ἐποιοῦντο,</span> 
     </span>
    </p>
   </div>
   <div class='ocr_carea' id='block_1_106' title="bbox 250 5624 1141 5694">
    <p class='ocr_par' dir='ltr' id='par_1_106' title="bbox 250 5624 1141 5694">
     <span class='ocr_line' id='line_1_106' title="bbox 250 5624 1141 5694; baseline -0.009 -12"><span class='ocrx_word' id='word_1_753' title='bbox 250 5629 690 5682; x_wconf 67' lang='grc' dir='ltr'>ἀπαλλαττεσθαι</span> <span class='ocrx_word' id='word_1_754' title='bbox 720 5628 820 5694; x_wconf 74' lang='grc' dir='ltr'>τὴν</span> <span class='ocrx_word' id='word_1_755' title='bbox 855 5624 1141 5691; x_wconf 73' lang='grc' dir='ltr'>ταχίστην.</span> 
     </span>
    </p>
   </div>
   <div class='ocr_carea' id='block_1_107' title="bbox 1917 4520 3483 4592">
    <p class='ocr_par' dir='ltr' id='par_1_107' title="bbox 1917 4520 3483 4592">
     <span class='ocr_line' id='line_1_107' title="bbox 1917 4520 3483 4592; baseline 0.001 -18"><span class='ocrx_word' id='word_1_756' title='bbox 1917 4532 1968 4575; x_wconf 86' lang='lat' dir='ltr'><strong>et</strong></span> <span class='ocrx_word' id='word_1_757' title='bbox 2000 4520 2068 4574; x_wconf 85' lang='lat' dir='ltr'><strong>ab</strong></span> <span class='ocrx_word' id='word_1_758' title='bbox 2094 4520 2158 4573; x_wconf 87' lang='lat' dir='ltr'><strong>iis</strong></span> <span class='ocrx_word' id='word_1_759' title='bbox 2193 4522 2428 4589; x_wconf 77' lang='lat' dir='ltr'><strong>separati</strong></span> <span class='ocrx_word' id='word_1_760' title='bbox 2458 4532 2899 4591; x_wconf 84' lang='lat' dir='ltr'><strong>veneruntquatn</strong></span> <span class='ocrx_word' id='word_1_761' title='bbox 2935 4524 3180 4592; x_wconf 82' lang='lat' dir='ltr'><strong>proxime</strong></span> <span class='ocrx_word' id='word_1_762' title='bbox 3199 4524 3261 4577; x_wconf 87' lang='lat' dir='ltr'><strong>ad</strong></span> <span class='ocrx_word' id='word_1_763' title='bbox 3283 4523 3483 4591; x_wconf 82' lang='lat' dir='ltr'><strong>ianuas</strong></span> 
     </span>
    </p>
   </div>
   <div class='ocr_carea' id='block_1_108' title="bbox 1914 4611 3478 4684">
    <p class='ocr_par' dir='ltr' id='par_1_108' title="bbox 1914 4611 3478 4684">
     <span class='ocr_line' id='line_1_108' title="bbox 1914 4611 3478 4684; baseline 0.002 -20"><span class='ocrx_word' id='word_1_764' title='bbox 1914 4614 2080 4682; x_wconf 80' lang='lat' dir='ltr'><strong>regis.</strong></span> <span class='ocrx_word' id='word_1_765' title='bbox 2115 4611 2216 4667; x_wconf 81' lang='lat' dir='ltr'><strong>llic</strong></span> <span class='ocrx_word' id='word_1_766' title='bbox 2245 4629 2366 4666; x_wconf 77' lang='lat' dir='ltr'><strong>eum</strong></span> <span class='ocrx_word' id='word_1_767' title='bbox 2391 4614 2553 4668; x_wconf 88' lang='lat' dir='ltr'><strong>otiosi</strong></span> <span class='ocrx_word' id='word_1_768' title='bbox 2590 4622 2821 4677; x_wconf 86' lang='lat' dir='ltr'><strong>starent,</strong></span> <span class='ocrx_word' id='word_1_769' title='bbox 2861 4616 3125 4684; x_wconf 85' lang='lat' dir='ltr'><strong>putabant</strong></span> <span class='ocrx_word' id='word_1_770' title='bbox 3159 4630 3217 4669; x_wconf 89' lang='lat' dir='ltr'><strong>se</strong></span> <span class='ocrx_word' id='word_1_771' title='bbox 3250 4614 3478 4684; x_wconf 86' lang='lat' dir='ltr'><strong>gratiam</strong></span> 
     </span>
    </p>
   </div>
   <div class='ocr_carea' id='block_1_109' title="bbox 1916 4705 3482 4775">
    <p class='ocr_par' dir='ltr' id='par_1_109' title="bbox 1916 4705 3482 4775">
     <span class='ocr_line' id='line_1_109' title="bbox 1916 4705 3482 4775; baseline 0.002 -18"><span class='ocrx_word' id='word_1_772' title='bbox 1916 4705 2057 4758; x_wconf 82' lang='lat' dir='ltr'><strong>hanc</strong></span> <span class='ocrx_word' id='word_1_773' title='bbox 2120 4706 2324 4760; x_wconf 75' lang='lat' dir='ltr'><strong>referre</strong></span> <span class='ocrx_word' id='word_1_774' title='bbox 2382 4706 2515 4775; x_wconf 88' lang='lat' dir='ltr'><strong>regi,</strong></span> <span class='ocrx_word' id='word_1_775' title='bbox 2567 4707 2710 4775; x_wconf 87' lang='lat' dir='ltr'><strong>quod</strong></span> <span class='ocrx_word' id='word_1_776' title='bbox 2756 4722 2881 4759; x_wconf 80' lang='lat' dir='ltr'><strong>eum</strong></span> <span class='ocrx_word' id='word_1_777' title='bbox 2922 4705 2972 4757; x_wconf 89' lang='lat' dir='ltr'><strong>in</strong></span> <span class='ocrx_word' id='word_1_778' title='bbox 3013 4707 3260 4774; x_wconf 69' lang='lat' dir='ltr'><strong>prtesettti</strong></span> <span class='ocrx_word' id='word_1_779' title='bbox 3295 4720 3482 4760; x_wconf 87' lang='lat' dir='ltr'><strong>ncces-</strong></span> 
     </span>
    </p>
   </div>
   <div class='ocr_carea' id='block_1_110' title="bbox 1914 4797 3479 4865">
    <p class='ocr_par' dir='ltr' id='par_1_110' title="bbox 1914 4797 3479 4865">
     <span class='ocr_line' id='line_1_110' title="bbox 1914 4797 3479 4865; baseline 0.001 -15"><span class='ocrx_word' id='word_1_780' title='bbox 1914 4798 2075 4850; x_wconf 87' lang='lat' dir='ltr'><strong>sitate</strong></span> <span class='ocrx_word' id='word_1_781' title='bbox 2121 4797 2466 4864; x_wconf 73' lang='lat' dir='ltr'><strong>adiuvarent.</strong></span> <span class='ocrx_word' id='word_1_782' title='bbox 2513 4797 2815 4863; x_wconf 86' lang='lat' dir='ltr'><strong>Sperabant</strong></span> <span class='ocrx_word' id='word_1_783' title='bbox 2871 4813 3090 4865; x_wconf 88' lang='lat' dir='ltr'><strong>quoque</strong></span> <span class='ocrx_word' id='word_1_784' title='bbox 3134 4813 3193 4850; x_wconf 88' lang='lat' dir='ltr'><strong>se</strong></span> <span class='ocrx_word' id='word_1_785' title='bbox 3251 4814 3479 4851; x_wconf 85' lang='lat' dir='ltr'><strong>munera</strong></span> 
     </span>
    </p>
   </div>
   <div class='ocr_carea' id='block_1_111' title="bbox 1914 4886 3481 4956">
    <p class='ocr_par' dir='ltr' id='par_1_111' title="bbox 1914 4886 3481 4956">
     <span class='ocr_line' id='line_1_111' title="bbox 1914 4886 3481 4956; baseline 0 -17"><span class='ocrx_word' id='word_1_786' title='bbox 1914 4892 1969 4939; x_wconf 87' lang='lat' dir='ltr'><strong>et</strong></span> <span class='ocrx_word' id='word_1_787' title='bbox 2022 4897 2200 4940; x_wconf 84' lang='lat' dir='ltr'><strong>vestes</strong></span> <span class='ocrx_word' id='word_1_788' title='bbox 2253 4888 2320 4939; x_wconf 84' lang='lat' dir='ltr'><strong>ab</strong></span> <span class='ocrx_word' id='word_1_789' title='bbox 2374 4903 2498 4954; x_wconf 81' lang='lat' dir='ltr'><strong>rege</strong></span> <span class='ocrx_word' id='word_1_790' title='bbox 2546 4897 2869 4955; x_wconf 86' lang='lat' dir='ltr'><strong>accepturos</strong></span> <span class='ocrx_word' id='word_1_791' title='bbox 2922 4900 3143 4956; x_wconf 85' lang='lat' dir='ltr'><strong>propter</strong></span> <span class='ocrx_word' id='word_1_792' title='bbox 3188 4886 3239 4940; x_wconf 88' lang='lat' dir='ltr'><strong>id</strong></span> <span class='ocrx_word' id='word_1_793' title='bbox 3281 4888 3481 4941; x_wconf 84' lang='lat' dir='ltr'><strong>beneli-</strong></span> 
     </span>
    </p>
   </div>
   <div class='ocr_carea' id='block_1_112' title="bbox 1914 4978 3478 5047">
    <p class='ocr_par' dir='ltr' id='par_1_112' title="bbox 1914 4978 3478 5047">
     <span class='ocr_line' id='line_1_112' title="bbox 1914 4978 3478 5047; baseline 0.001 -16"><span class='ocrx_word' id='word_1_794' title='bbox 1914 4978 2084 5032; x_wconf 85' lang='lat' dir='ltr'><strong>ciunt.</strong></span> <span class='ocrx_word' id='word_1_795' title='bbox 2118 4978 2229 5030; x_wconf 75' lang='lat' dir='ltr'><strong>Rex</strong></span> <span class='ocrx_word' id='word_1_796' title='bbox 2282 4991 2485 5043; x_wconf 83' lang='lat' dir='ltr'><strong>autem,</strong></span> <span class='ocrx_word' id='word_1_797' title='bbox 2536 4995 2662 5032; x_wconf 88' lang='lat' dir='ltr'><strong>cum</strong></span> <span class='ocrx_word' id='word_1_798' title='bbox 2714 4980 2768 5031; x_wconf 88' lang='lat' dir='ltr'><strong>itt</strong></span> <span class='ocrx_word' id='word_1_799' title='bbox 2820 4983 3069 5047; x_wconf 80' lang='lat' dir='ltr'><strong>proximo</strong></span> <span class='ocrx_word' id='word_1_800' title='bbox 3109 4980 3478 5033; x_wconf 83' lang='lat' dir='ltr'><strong>consisterent</strong></span> 
     </span>
    </p>
   </div>
   <div class='ocr_carea' id='block_1_113' title="bbox 1915 5068 3477 5140">
    <p class='ocr_par' dir='ltr' id='par_1_113' title="bbox 1915 5068 3477 5140">
     <span class='ocr_line' id='line_1_113' title="bbox 1915 5068 3477 5140; baseline 0.001 -18"><span class='ocrx_word' id='word_1_801' title='bbox 1915 5068 2068 5133; x_wconf 83' lang='lat' dir='ltr'><strong>Daci,</strong></span> <span class='ocrx_word' id='word_1_802' title='bbox 2118 5081 2315 5139; x_wconf 88' lang='lat' dir='ltr'><strong>putans</strong></span> <span class='ocrx_word' id='word_1_803' title='bbox 2346 5087 2411 5123; x_wconf 86' lang='lat' dir='ltr'><strong>ne</strong></span> <span class='ocrx_word' id='word_1_804' title='bbox 2460 5070 2512 5124; x_wconf 87' lang='lat' dir='ltr'><strong>id</strong></span> <span class='ocrx_word' id='word_1_805' title='bbox 2554 5075 2794 5124; x_wconf 80' lang='lat' dir='ltr'><strong>lacerent</strong></span> <span class='ocrx_word' id='word_1_806' title='bbox 2842 5088 2907 5124; x_wconf 78' lang='lat' dir='ltr'><strong>ex</strong></span> <span class='ocrx_word' id='word_1_807' title='bbox 2954 5072 3279 5140; x_wconf 86' lang='lat' dir='ltr'><strong>composito,</strong></span> <span class='ocrx_word' id='word_1_808' title='bbox 3333 5071 3477 5139; x_wconf 90' lang='lat' dir='ltr'><strong>pacti</strong></span> 
     </span>
    </p>
   </div>
   <div class='ocr_carea' id='block_1_114' title="bbox 1914 5162 3479 5233">
    <p class='ocr_par' dir='ltr' id='par_1_114' title="bbox 1914 5162 3479 5233">
     <span class='ocr_line' id='line_1_114' title="bbox 1914 5162 3479 5233; baseline -0.001 -19"><span class='ocrx_word' id='word_1_809' title='bbox 1914 5163 2064 5231; x_wconf 88' lang='lat' dir='ltr'><strong>prius</strong></span> <span class='ocrx_word' id='word_1_810' title='bbox 2093 5177 2217 5216; x_wconf 91' lang='lat' dir='ltr'><strong>cum</strong></span> <span class='ocrx_word' id='word_1_811' title='bbox 2250 5162 2604 5218; x_wconf 85' lang='lat' dir='ltr'><strong>Paunonibns</strong></span> <span class='ocrx_word' id='word_1_812' title='bbox 2648 5174 2705 5216; x_wconf 90' lang='lat' dir='ltr'><strong>ut</strong></span> <span class='ocrx_word' id='word_1_813' title='bbox 2732 5165 2837 5217; x_wconf 86' lang='lat' dir='ltr'><strong>sibi</strong></span> <span class='ocrx_word' id='word_1_814' title='bbox 2873 5164 3079 5233; x_wconf 88' lang='lat' dir='ltr'><strong>aliquid</strong></span> <span class='ocrx_word' id='word_1_815' title='bbox 3132 5164 3260 5215; x_wconf 83' lang='lat' dir='ltr'><strong>ntali</strong></span> <span class='ocrx_word' id='word_1_816' title='bbox 3312 5163 3479 5215; x_wconf 59' lang='lat' dir='ltr'><strong>inter»</strong></span> 
     </span>
    </p>
   </div>
   <div class='ocr_carea' id='block_1_115' title="bbox 1913 5254 3481 5327">
    <p class='ocr_par' dir='ltr' id='par_1_115' title="bbox 1913 5254 3481 5327">
     <span class='ocr_line' id='line_1_115' title="bbox 1913 5254 3481 5327; baseline 0 -20"><span class='ocrx_word' id='word_1_817' title='bbox 1913 5264 2054 5321; x_wconf 88' lang='lat' dir='ltr'><strong>rent,</strong></span> <span class='ocrx_word' id='word_1_818' title='bbox 2084 5257 2315 5309; x_wconf 85' lang='lat' dir='ltr'><strong>accersit</strong></span> <span class='ocrx_word' id='word_1_819' title='bbox 2353 5254 2586 5326; x_wconf 66' lang='lat' dir='ltr'><strong>Eumpze</strong></span> <span class='ocrx_word' id='word_1_820' title='bbox 2633 5256 2827 5311; x_wconf 88' lang='lat' dir='ltr'><strong>ducem</strong></span> <span class='ocrx_word' id='word_1_821' title='bbox 2878 5259 3064 5327; x_wconf 85' lang='lat' dir='ltr'><strong>(quem</strong></span> <span class='ocrx_word' id='word_1_822' title='bbox 3110 5255 3337 5310; x_wconf 77' lang='lat' dir='ltr'><strong>Bassam</strong></span> <span class='ocrx_word' id='word_1_823' title='bbox 3373 5255 3481 5307; x_wconf 71' lang='lat' dir='ltr'><strong>llo-</strong></span> 
     </span>
    </p>
   </div>
   <div class='ocr_carea' id='block_1_116' title="bbox 1926 5348 3481 5415">
    <p class='ocr_par' dir='ltr' id='par_1_116' title="bbox 1926 5348 3481 5415">
     <span class='ocr_line' id='line_1_116' title="bbox 1926 5348 3481 5415; baseline 0.001 -16"><span class='ocrx_word' id='word_1_824' title='bbox 1926 5350 2117 5400; x_wconf 67' lang='lat' dir='ltr'><strong>matriae</strong></span> <span class='ocrx_word' id='word_1_825' title='bbox 2166 5350 2383 5415; x_wconf 82' lang='lat' dir='ltr'><strong>vocant)</strong></span> <span class='ocrx_word' id='word_1_826' title='bbox 2420 5348 2709 5402; x_wconf 79' lang='lat' dir='ltr'><strong>habentem</strong></span> <span class='ocrx_word' id='word_1_827' title='bbox 2770 5351 2973 5404; x_wconf 85' lang='lat' dir='ltr'><strong>milites</strong></span> <span class='ocrx_word' id='word_1_828' title='bbox 3012 5350 3233 5403; x_wconf 83' lang='lat' dir='ltr'><strong>circiter</strong></span> <span class='ocrx_word' id='word_1_829' title='bbox 3290 5350 3481 5415; x_wconf 70' lang='lat' dir='ltr'><strong>viginti</strong></span> 
     </span>
    </p>
   </div>
   <div class='ocr_carea' id='block_1_117' title="bbox 1928 5440 3482 5512">
    <p class='ocr_par' dir='ltr' id='par_1_117' title="bbox 1928 5440 3482 5512">
     <span class='ocr_line' id='line_1_117' title="bbox 1928 5440 3482 5512; baseline 0.001 -20"><span class='ocrx_word' id='word_1_830' title='bbox 1928 5440 2094 5493; x_wconf 88' lang='lat' dir='ltr'><strong>mille.</strong></span> <span class='ocrx_word' id='word_1_831' title='bbox 2137 5440 2239 5506; x_wconf 80' lang='lat' dir='ltr'><strong>Qui</strong></span> <span class='ocrx_word' id='word_1_832' title='bbox 2291 5450 2349 5493; x_wconf 88' lang='lat' dir='ltr'><strong>ut</strong></span> <span class='ocrx_word' id='word_1_833' title='bbox 2382 5442 2603 5495; x_wconf 84' lang='lat' dir='ltr'><strong>advenit</strong></span> <span class='ocrx_word' id='word_1_834' title='bbox 2646 5443 3101 5510; x_wconf 86' lang='lat' dir='ltr'><strong>quemadmodum</strong></span> <span class='ocrx_word' id='word_1_835' title='bbox 3153 5452 3482 5512; x_wconf 71' lang='lat' dir='ltr'><strong>prteceptunt</strong></span> 
     </span>
    </p>
   </div>
   <div class='ocr_carea' id='block_1_118' title="bbox 1926 5534 3485 5602">
    <p class='ocr_par' dir='ltr' id='par_1_118' title="bbox 1926 5534 3485 5602">
     <span class='ocr_line' id='line_1_118' title="bbox 1926 5534 3485 5602; baseline 0.001 -15"><span class='ocrx_word' id='word_1_836' title='bbox 1926 5544 2064 5596; x_wconf 87' lang='lat' dir='ltr'><strong>erat,</strong></span> <span class='ocrx_word' id='word_1_837' title='bbox 2099 5534 2288 5602; x_wconf 80' lang='lat' dir='ltr'><strong>jussus</strong></span> <span class='ocrx_word' id='word_1_838' title='bbox 2325 5548 2408 5588; x_wconf 86' lang='lat' dir='ltr'><strong>est</strong></span> <span class='ocrx_word' id='word_1_839' title='bbox 2454 5535 2804 5590; x_wconf 86' lang='lat' dir='ltr'><strong>circumdare</strong></span> <span class='ocrx_word' id='word_1_840' title='bbox 2852 5551 3057 5590; x_wconf 81' lang='lat' dir='ltr'><strong>corona</strong></span> <span class='ocrx_word' id='word_1_841' title='bbox 3111 5537 3308 5599; x_wconf 86' lang='lat' dir='ltr'><strong>Dacos,</strong></span> <span class='ocrx_word' id='word_1_842' title='bbox 3365 5552 3485 5589; x_wconf 88' lang='lat' dir='ltr'><strong>om—</strong></span> 
     </span>
    </p>
   </div>
   <div class='ocr_carea' id='block_1_119' title="bbox 1930 5629 3487 5699">
    <p class='ocr_par' dir='ltr' id='par_1_119' title="bbox 1930 5629 3487 5699">
     <span class='ocr_line' id='line_1_119' title="bbox 1930 5629 3487 5699; baseline 0.003 -21"><span class='ocrx_word' id='word_1_843' title='bbox 1930 5642 2134 5695; x_wconf 86' lang='lat' dir='ltr'><strong>nesque</strong></span> <span class='ocrx_word' id='word_1_844' title='bbox 2171 5630 2469 5695; x_wconf 85' lang='lat' dir='ltr'><strong>trucidare,</strong></span> <span class='ocrx_word' id='word_1_845' title='bbox 2496 5630 2626 5681; x_wconf 90' lang='lat' dir='ltr'><strong>nulli</strong></span> <span class='ocrx_word' id='word_1_846' title='bbox 2669 5643 2919 5699; x_wconf 89' lang='lat' dir='ltr'><strong>parcens.</strong></span> <span class='ocrx_word' id='word_1_847' title='bbox 2958 5629 3087 5683; x_wconf 87' lang='lat' dir='ltr'><strong>Daci</strong></span> <span class='ocrx_word' id='word_1_848' title='bbox 3137 5646 3351 5699; x_wconf 73' lang='lat' dir='ltr'><strong>quoque</strong></span> <span class='ocrx_word' id='word_1_849' title='bbox 3400 5647 3487 5682; x_wconf 81' lang='lat' dir='ltr'><strong>ar-</strong></span> 
     </span>
    </p>
   </div>
   <div class='ocr_carea' id='block_1_120' title="bbox 254 5717 3488 5791">
    <p class='ocr_par' dir='ltr' id='par_1_120' title="bbox 254 5717 3488 5791">
     <span class='ocr_line' id='line_1_120' title="bbox 254 5717 3488 5791; baseline 0.001 -13"><span class='ocrx_word' id='word_1_850' title='bbox 254 5742 339 5778; x_wconf 76' lang='lat' dir='ltr'><strong>ma</strong></span> <span class='ocrx_word' id='word_1_851' title='bbox 369 5730 618 5777; x_wconf 83' lang='lat' dir='ltr'><strong>tenentes</strong></span> <span class='ocrx_word' id='word_1_852' title='bbox 646 5722 711 5771; x_wconf 85' lang='lat' dir='ltr'><strong>ad</strong></span> <span class='ocrx_word' id='word_1_853' title='bbox 760 5720 1127 5773; x_wconf 79' lang='lat' dir='ltr'><strong>resistentium</strong></span> <span class='ocrx_word' id='word_1_854' title='bbox 1162 5740 1168 5746; x_wconf 85' lang='lat'><strong>-</strong></span> <span class='ocrx_word' id='word_1_855' title='bbox 1207 5722 1657 5791; x_wconf 69' lang='lat' dir='ltr'><strong>accingebantur.</strong></span> <span class='ocrx_word' id='word_1_856' title='bbox 1724 5717 1954 5775; x_wconf 82' lang='lat' dir='ltr'><strong>Nolebat</strong></span> <span class='ocrx_word' id='word_1_857' title='bbox 2013 5724 2161 5776; x_wconf 86' lang='lat' dir='ltr'><strong>enim</strong></span> <span class='ocrx_word' id='word_1_858' title='bbox 2202 5736 2297 5777; x_wconf 83' lang='lat' dir='ltr'><strong>rex</strong></span> <span class='ocrx_word' id='word_1_859' title='bbox 2343 5731 2401 5775; x_wconf 85' lang='lat' dir='ltr'><strong>ut</strong></span> <span class='ocrx_word' id='word_1_860' title='bbox 2455 5724 2667 5778; x_wconf 86' lang='lat' dir='ltr'><strong>traditis</strong></span> <span class='ocrx_word' id='word_1_861' title='bbox 2733 5727 2901 5780; x_wconf 77' lang='lat' dir='ltr'><strong>armis</strong></span> <span class='ocrx_word' id='word_1_862' title='bbox 2934 5718 3173 5781; x_wconf 79' lang='lat' dir='ltr'><strong>inermes</strong></span> <span class='ocrx_word' id='word_1_863' title='bbox 3224 5730 3488 5783; x_wconf 73' lang='lat' dir='ltr'><strong>interﬁce-</strong></span> 
     </span>
    </p>
   </div>
   <div class='ocr_carea' id='block_1_121' title="bbox 568 5816 1230 5878">
    <p class='ocr_par' dir='ltr' id='par_1_121' title="bbox 568 5816 1230 5878">
     <span class='ocr_line' id='line_1_121' title="bbox 568 5816 1230 5878; baseline -0.005 0"><span class='ocrx_word' id='word_1_864' title='bbox 568 5821 837 5878; x_wconf 68' lang='grc' dir='ltr'>Ρλτιιυι..</span> <span class='ocrx_word' id='word_1_865' title='bbox 868 5820 981 5876; x_wconf 73' lang='lat' dir='ltr'><strong>Gtt.</strong></span> <span class='ocrx_word' id='word_1_866' title='bbox 1022 5816 1230 5876; x_wconf 69' lang='lat' dir='ltr'><strong>CLlX.</strong></span> 
     </span>
    </p>
   </div>
   <div class='ocr_carea' id='block_1_122' title="bbox 3063 5823 3131 5883">
    <p class='ocr_par' dir='ltr' id='par_1_122' title="bbox 3063 5823 3131 5883">
     <span class='ocr_line' id='line_1_122' title="bbox 3063 5823 3131 5883; baseline -0.015 0"><span class='ocrx_word' id='word_1_867' title='bbox 3063 5823 3131 5883; x_wconf 73' lang='lat'><strong>1‘2</strong></span> 
     </span>
    </p>
   </div>
  </div>
