4006 6204
452 3508 463 3545 ι

510 233 613 296 367

1632 226 1937 288 LAONlCI
1964 223 2622 286 CllALCOCONDYLﬂZ

3629 217 3739 282 368

512 350 689 417 lorum
722 344 919 398 locum.
967 341 1041 394 lln
1076 355 1199 393 cum
1246 337 1450 390 videret
1500 335 1767 405 quosdam
1803 334 2077 389 Triballos

2185 350 2340 402 μενος
2398 332 2712 399 ἐπιδοθῆνσί
2770 331 2815 382 οἱ
2878 328 3061 399 ἄρτον.
3127 328 3211 391 Ὠς
3257 328 3313 381 δὲ
3374 322 3513 380 εἶξον
3573 328 3741 397 ἄνδρα

514 450 717 495 terram
753 434 953 495 colere,
1002 432 1067 484 ad
1119 445 1215 483 eos
1268 429 1369 483 iter
1410 428 1679 488 ﬂectebat.
1725 437 1920 497 petens
1964 426 2069 480 sibi

514 544 710 601 panem
764 527 905 579 dari.
962 520 1031 576 Ut
1072 521 1371 591 Conspicati
1425 529 1557 575 sunt
1609 519 1855 589 agricola:
1896 519 2070 572 Vil‘.‘.lll

512 620 826 670 Panttonem
868 612 1059 666 adesse
1092 621 1146 665 et
1204 627 1398 685 panem
1441 625 1706 678 quaerere,
1745 608 1900 678 197
1925 608 2077 663 dixe-

518 718 643 762 runt
674 724 688 760 :
714 707 803 767 At.
836 721 867 758 o
897 704 1122 772 hospes,
1158 704 1315 770 panis
1346 688 1565 771 quidem
1598 702 1695 756 tibi
1727 704 1781 755 in
1817 712 2071 771 promptu

515 811 633 861 est;
674 813 863 851 verum
897 795 1201 850 necessitas
1243 794 1503 864 postulat,
1545 802 1602 847 ut
1636 804 1684 847 te
1706 796 2074 863 perducamus

514 893 577 943 ad
607 890 983 958 magistratum
1030 886 1207 954 urbis,
1239 888 1333 956 qui
1375 887 1499 957 quis
1552 886 1629 941 sis
1664 886 1931 940 excutiat.
1965 884 2077 938 Ma-

514 982 771 1053 gistratus
826 981 919 1034 nbi
987 989 1036 1034 te
1096 980 1312 1044 viderit,
1362 979 1625 1033 continuo
1672 980 1738 1031 ad
1795 977 2072 1047 regionem

517 1088 663 1129 tuam
698 1083 752 1129 te
787 1074 941 1127 abire
965 1073 1133 1137 sinet,
1176 1087 1277 1125 nec.
1308 1070 1606 1141 quidquam
1647 1070 1772 1124 mali
1795 1069 1864 1122 ab
1890 1084 1954 1123 eo
1982 1085 2077 1137 pa-

518 1171 689 1222 tieris.
740 1165 873 1220 Nam
921 1165 1158 1235 (opinor)
1219 1165 1537 1219 Choniatetn
1612 1170 1891 1232 quterunt.
1935 1162 2080 1216 Reli-

516 1276 649 1326 quus
679 1257 967 1311 Pannones
1007 1258 1098 1325 qui
1148 1258 1255 1310 huc
1311 1266 1562 1325 pergunt,
1611 1257 1916 1319 dimittunt,
1956 1256 2080 1307 nul-

518 1349 627 1400 lum
661 1362 851 1402 eorum
884 1355 1191 1415 respectum
1230 1357 1472 1413 agentes.
1510 1343 1774 1411 Agricola:
1808 1360 1932 1396 cum
1967 1345 2081 1397 lnec

515 1440 785 1503 dicerent,
821 1454 943 1492 eum
979 1438 1120 1491 haud
1166 1437 1536 1491 dimittebant.
1577 1434 1772 1489 Verum
1802 1424 1926 1489 eum
1966 1434 2079 1489 for-

518 1534 628 1585 tius
662 1529 1207 1601 compreltendentes.
1237 1530 1479 1583 alliciunt
1520 1539 1578 1581 ut
1608 1527 1962 1583 confiteretur
1990 1545 2078 1582 se-

522 1624 685 1687 niori,
720 1625 1052 1677 necessitate
1080 1618 1367 1684 subactus,
1404 1636 1463 1674 se
1499 1637 1619 1675 esse
1640 1619 1910 1675 Joannem
1938 1620 2078 1675 Cho-

521 1717 743 1773 niatem.
794 1715 1268 1783 Pollieebaturqne
1311 1729 1506 1782 magna
1542 1712 1930 1782 hospitalitatis
1960 1729 2080 1766 mn-
2112 1692 2154 1750 Β

522 1824 676 1871 nera,
726 1822 968 1876 opesque
1006 1816 1062 1861 et
1111 1820 1271 1875 agros
1316 1820 1374 1859 se
1429 1802 1683 1858 daturum
1737 1802 1981 1867 dicebat,
2036 1804 2081 1857 si

519 1898 716 1952 ductus
763 1897 955 1949 fuisset
1010 1894 1344 1957 inviolatus,
1408 1901 1463 1946 et
1524 1892 1592 1948 ab
1640 1891 1789 1945 nullo
1840 1890 2082 1945 Triballo

520 1990 688 2051 visus,
724 1985 1064 2055 Belgradum.
1093 1984 1287 2038 Senior
1331 1982 1551 2051 quidem
1614 1981 1790 2035 virum
1840 1982 2080 2050 agnovit,

518 2094 758 2147 eumque
805 2077 1046 2145 suscepit
1089 2074 1481 2129 traducendum
1541 2073 1594 2127 in
1624 2073 1898 2141 regionem
1927 2088 2080 2126 suam

522 2168 775 2224 illaesum.
794 2165 1077 2219 Fratribus
1101 2174 1278 2219 autem
1306 2163 1418 2217 suis
1439 2164 1689 2231 quisnam
1723 2169 1866 2215 esset
1883 2160 1965 2213 vir
1996 2159 2085 2212 ille

523 2261 798 2325 indicavit,
840 2258 1160 2327 praecipiens
1189 2270 1253 2309 ne
1286 2270 1557 2325 quoquam
1596 2253 1828 2315 abirent.
1872 2263 1926 2307 et
1964 2252 2085 2322 quis

520 2357 603 2406 vir
664 2353 752 2407 ille
806 2360 953 2406 esset
997 2351 1365 2406 enuntiarent.
1402 2346 1643 2417 Vespere
1705 2346 1847 2399 facto
1899 2344 2075 2399 virum

522 2446 867 2501 deduxerunt
890 2445 943 2498 in
966 2460 1085 2498 eam
1106 2443 1348 2505 domum,
1367 2440 1421 2497 in
1445 2455 1550 2510 qua
1567 2439 1750 2509 paleas
1771 2446 1824 2491 et
1839 2437 2083 2506 jntnenta

523 2542 899 2606 asservabant,
938 2548 992 2594 et
1033 2538 1177 2592 diem
1223 2537 1525 2591 crastinum
1569 2533 1983 2603 exspectabant,
2026 2540 2084 2585 ut

521 2632 848 2689 Cltoniatem
884 2630 1140 2684 omnibus
1183 2627 1460 2698 apparatis
1491 2628 1826 2683 abducerent
1861 2626 2083 2694 Belgra-

521 2726 672 2779 dnm.
702 2723 776 2777 Eo
807 2731 988 2778 autem
1017 2722 1104 2777 die
1131 2722 1400 2777 dissensio
1446 2728 1636 2774 exorta
1666 2729 1748 2774 est
1786 2719 1930 2773 inter
1962 2717 2071 2771 fra-

524 2829 657 2873 tres.
707 2815 843 2869 lline
889 2829 1029 2869 unus
1084 2813 1151 2868 de
1190 2827 1420 2867 numero
1471 2811 1701 2865 fratrum
1746 2819 2079 2875 commotus,

526 2907 787 2963 indicavit
817 2907 968 2961 urbis
1011 2903 1376 2975 magistratui,
1420 2902 1642 2956 ubinam
1675 2912 1817 2956 esset
1848 2902 2083 2956 Chonia-

2178 424 2382 477 Παίονα
2438 424 2737 476 ἐπιστάντα
2788 423 2942 491 σφίσι
2996 422 3178 491 ζητεῖν
3232 422 3434 490 ἄρτον,
3492 420 3737 488 ἔφασαν

2186 515 2350 583 Ἀλλ’,
2383 509 2425 568 ὦ
2460 514 2595 579 ξένε,
2622 514 2785 583 ἄρτος
2820 516 2917 583 μέν
2943 531 3025 567 τοι
3049 513 3131 566 ὅδε
3168 530 3249 564 σοι
3275 513 3490 581 ἕτοιμος
3524 529 3537 543 ·
3565 514 3746 583 χρεὼν

2175 610 2229 662 δέ
2266 609 2411 662 ἐστιν
2458 609 2549 661 ἐπὶ
2578 610 2669 661 τὸν
2721 607 2818 677 τῆς
2868 607 3076 668 πίλεως
3125 605 3361 674 ἄρχοντα
3418 605 3651 673 ἄγοντας
3681 603 3748 669 δὴ

2176 706 2324 774 ἡμᾶς
2380 701 2770 762 ἐπιδεικνύναι,
2829 702 2924 752 καὶ
2961 699 3179 751 ἐπειδὰν
3239 697 3537 766 θεάσηται,
3600 698 3741 748 ἀπο·

2178 797 2382 865 πέμψει
2429 795 2494 863 δὴ
2526 794 2689 847 πάλιν
2719 787 2877 854 οὗτος
2918 792 3009 843 ἐπὶ
3051 792 3152 859 τὴν
3187 787 3382 842 σαυτοῦ
3418 788 3618 858 χώραν.
3664 790 3738 838 0-3

2177 888 2284 957 γὰρ
2314 886 2480 940 κακόν
2504 903 2555 937 τι
2589 886 2720 953 πρὶς
2751 883 2915 936 αὐτοῦ
2948 884 3110 952 πείσῃ
3158 881 3223 933 ἂν
3253 881 3549 935 οὶδοτιοῦν.
3580 881 3743 932 Ἀλλὰ

2190 980 2440 1047 Ἰωάννην
2488 978 2580 1029 τὸν
2626 975 2720 1027 τοῦ
2752 974 3029 1028 Χωνιάτου
3063 975 3311 1043 ζήτησις,
3341 969 3518 1041 οἶμαι,
3556 973 3745 1040 γίγνε-

2178 1092 2288 1128 ται.
2321 1073 2455 1132 Τοὺς
2484 1069 2529 1123 δ’
2564 1069 2759 1131 ἄλλους
2785 1068 2892 1120 τῶν
2923 1069 3167 1120 Παιόνων
3220 1069 3338 1119 ὅσοι
3375 1064 3750 1129 διεξελαύνουε-

2182 1186 2264 1221 σιν
2326 1166 2591 1229 ἐντεῦθεν,
2662 1166 2720 1216 ἐν
2777 1163 2953 1216 οὐδενὶ
3000 1162 3142 1232 λόγῳ
3200 1160 3500 1214 ποιοῦνται.
3559 1158 3747 1212 Ταῦτα

2178 1260 2445 1328 λέγοντες,
2484 1257 2559 1313 ὡς
2603 1258 2663 1309 οὐ
2702 1257 2949 1323 μεθίεντο
3001 1255 3188 1318 αὐτοῦ,
3232 1253 3348 1306 ἀλλ’
3398 1252 3632 1323 ἰσχυρῶς
3688 1271 3748 1305 τε

2178 1353 2432 1422 ἥπτοντο,
2482 1348 2855 1416 ἀναγκάζεται
2894 1347 2973 1418 τῷ
3020 1345 3378 1416 πρεσϐυτέρῳ
3422 1344 3658 1414 μηνῦσαί
3690 1362 3750 1396 τε

2181 1442 2389 1503 ἑαυτὸν.
2418 1442 2492 1503 ὡς
2522 1443 2606 1511 εἴη
2637 1436 2683 1514 ⁸ὁ
2718 1440 3020 1508 Χωνιάτης.
3072 1440 3181 1493 Καὶ
3233 1437 3597 1505 ἐπηγγέλλετο
3650 1454 3750 1506 με·

2180 1538 2321 1605 γάλα
2377 1535 2558 1588 δοῦναι
2619 1533 2767 1603 αὐτῷ
2815 1532 2961 1596 ξένιά
3017 1547 3076 1583 τε
3135 1531 3230 1582 καὶ
3288 1531 3568 1599 χρήματα.
3654 1529 3751 1580 καὶ

2182 1629 2383 1699 χώραν,
2408 1629 2455 1679 εἰ
2487 1626 2579 1679 ἐπὶ
2624 1625 2963 1693 Βελογράδην
2988 1624 3035 1656 ’⁸
3066 1625 3263 1691 ἀγάγοι
3314 1622 3473 1683 σῶον,
3503 1620 3608 1673 ὑπὸ
3645 1636 3751 1688 μη·-

2181 1723 2330 1785 δενδς
2359 1720 2467 1773 τῶν
2495 1720 2812 1791 Τριϐαλλῶν
2842 1717 3099 1787 ὀφθέντα.
3155 1716 3211 1767 'U
3247 1715 3347 1783 μὲν
3377 1710 3471 1766 οὖν
3505 1712 3750 1782 πρεσϐύ-

2184 1832 2342 1885 τερος
2388 1815 2460 1877 ὡς
2517 1813 2656 1881 ἔγνω
2714 1828 2770 1864 τε
2811 1811 2994 1876 αύτὶν,
3026 1809 3324 1872 ὑπεδέξατο
3355 1805 3518 1874 ἀσινῆ
3555 1806 3612 1866 ἐς
3645 1805 3751 1875 τὴν

2184 1912 2367 1979 χώραν
2420 1907 2671 1971 ἀπάξειν,
2712 1906 2824 1967 τοῖς
2884 1920 2944 1956 τε
3006 1902 3253 1970 ἀδελφοῖς
3298 1898 3461 1953 αὐτοῦ
3516 1898 3751 1963 ἐξειπὼν

2184 2005 2328 2065 ὅστις
2376 2001 2483 2069 εἴη,
2523 2000 2857 2070 προηγόρευε
2911 1995 3132 2066 μηδαμῆ
3191 1995 3368 2059 ἰόντας
3414 1991 3752 2062 ὁμολογῆσαι

2182 2097 2275 2146 τὸν
2300 2093 2489 2162 ἄνδρα.
2536 2092 2807 2163 Ἱζσπέρας
2837 2091 2891 2144 δὲ
2920 2091 3245 2157 γενομένης,
3271 2086 3562 2153 ἀπήγαγον
3600 2086 3659 2144 ἐς
3691 2084 3755 2134 τὸ

2183 2189 2407 2257 οἴκημα,
2440 2191 2498 2240 ἐν
2548 2180 2591 2255 ᾧ
2635 2186 2814 2255 ἄλυρά
2883 2201 2942 2235 τε
2991 2178 3060 2253 ἦν
3111 2181 3263 2251 σφίσι
3305 2181 3401 2233 καὶ
3455 2177 3753 2245 ὑποζύγια,

2184 2283 2277 2333 καὶ
2310 2281 2557 2348 ἐνέμενον
2589 2281 2652 2349 τῇ
2697 2277 2959 2346 ὑστεραίᾳ
3008 2273 3474 2342 συσκευασάμενοι
3511 2272 3755 2338 ἀπάγειν

2183 2372 2274 2423 ἐπὶ
2303 2370 2723 2440 Μπελογράδην.
2758 2369 2834 2439 Τῇ
2871 2368 2925 2421 δὲ
2976 2367 3158 2437 ἡμέρα
3190 2365 3382 2436 ταύτῃ,
3408 2367 3464 2417 ἐν
3512 2364 3756 2431 διαφορᾷ.

2182 2464 2486 2533 γενομένων
2521 2461 2628 2513 τῶν
2658 2460 2920 2527 ἀδελφῶν,
2960 2459 3279 2528 ἐξαγορεύει
3307 2474 3388 2517 τις
3433 2454 3641 2509 τούτοιν
3673 2455 3757 2524 τῷ

2182 2558 2281 2626 τῆς
2315 2555 2521 2615 πόλεως
2568 2553 2811 2622 ἄρχοντι,
2840 2552 2934 2604 καὶ
2983 2546 3165 2603 λαϐὼν
3210 2550 3334 2609 τοὺς
3386 2546 3751 2615 θεράποντας,

2181 2648 2305 2713 ἄγει
2365 2645 2455 2697 ἐπὶ
2501 2644 2562 2699 τδ
2596 2628 2825 2713 οῐκῃμα,
2862 2645 2918 2695 ἐν
2962 2634 3005 2711 ᾧ
3047 2638 3114 2713 ἦν
3150 2643 3176 2695 ὁ
3208 2642 3514 2709 Χωνιάτης,
3550 2642 3605 2691 ἐν
3637 2640 3749 2699 τοῖς

2181 2738 2289 2791 τῶν
2317 2736 2534 2810 ἀχύρων
2555 2737 2841 2806 οἰκήμασι.
2872 2735 2980 2787 Καὶ
3005 2734 3259 2795 λαϐόντες
3282 2734 3572 2801 ἀπήγαγον
3598 2733 3750 2799 παρά

2181 2830 2272 2882 τὸν
2318 2827 2420 2896 τῆς
2464 2828 2674 2889 πόλεως
2736 2827 2993 2896 ἄρχοντα.
3058 2826 3115 2878 Ὀ
3163 2825 3217 2877 δὲ
3267 2826 3481 2893 ἔπεμπε
3529 2823 3753 2890 δέσμιον

2182 2920 2452 2990 ἀγόμενον
2486 2920 2634 2987 παρὰ
2672 2918 2764 2969 τὸν
2794 2915 3057 2985 ἡγεμόνα,
3086 2915 3177 2967 καὶ
3201 2915 3477 2986 ἤγγειλεν,
3503 2913 3575 2970 ὡς
3608 2911 3757 2964 ἐάλω

514 3000 624 3058 ἰυε.
660 2998 973 3067 Assumptis
1024 2997 1211 3064 itaque
1246 2995 1534 3060 ministris,
1567 2995 1862 3064 pergebant
1894 2992 1961 3047 ad
1991 2996 2083 3047 do-

2186 3013 2242 3064 ἐν
2286 3007 2469 3081 χόρτῳ
2518 3010 2922 3079 κεκρυμμένος.
2975 3007 3036 3063 Ὀ
3082 3009 3183 3078 μὲν
3232 3007 3329 3060 οὖν
3383 3005 3627 3076 ἡγεμὼν,
3677 3005 3753 3067 ὡς

523 3108 692 3159 mum,
734 3092 786 3144 itt
820 3105 920 3159 qua
966 3099 1082 3143 erat
1124 3086 1417 3143 Choniates
1461 3086 1680 3140 latitans
1713 3087 1761 3139 in
1809 3086 2083 3156 palearum

521 3185 906 3253 receptaculis,
935 3196 1171 3250 eumque
1201 3180 1481 3248 capientes
1526 3179 1870 3233 adduxerunt
1896 3180 1961 3231 ad
1994 3195 2083 3231 ur-

522 3276 603 3329 bis
635 3274 1034 3344 magistratum.
1064 3271 1639 3341 Magistratus‘autem
1672 3286 1795 3325 eum
1842 3274 2082 3325 vinctum

521 3364 716 3420 deduci
748 3363 963 3418 curavit
1009 3363 1076 3416 ad
1129 3362 1440 3432 praesidem,
1490 3361 1926 3431 significavitque
1962 3376 2084 3415 eum

512 3472 639 3512 esse
704 3456 1107 3525 deprehensum
1179 3454 1483 3509 latitantem
1536 3454 1588 3506 in
1644 3455 1812 3508 freno.
1858 3454 2083 3518 Praeses,

514 3566 645 3603 cum
692 3548 959 3603 adductus
994 3556 1141 3602 esset
1187 3547 1504 3612 Choniates,
1545 3562 1667 3600 eum
1714 3548 1769 3600 in
1809 3562 2083 3601 carcerem

522 3641 833 3711 conjectum
880 3643 947 3695 ad
979 3650 1193 3709 tempus
1221 3640 1438 3710 aliquod
1470 3641 1521 3692 in
1556 3654 1681 3693 arce
1737 3641 1991 3694 detinuit.
2019 3639 2088 3692 At

526 3733 824 3787 Chuniates
850 3733 1123 3801 persuasit
1172 3732 1402 3802 principi
1440 3734 1584 3787 arcis
1631 3743 1684 3785 et
1739 3736 2083 3799 custodibus,

526 3836 584 3880 ut
618 3824 780 3879 simul
818 3840 942 3879 cum
975 3824 1094 3893 ipso
1120 3824 1406 3893 insurgunt
1435 3825 1705 3879 hostiliter
1733 3837 1922 3880 contra
1957 3844 2088 3897 pra:-

524 3919 722 3983 sidetn,
759 3929 814 3973 et
852 3918 1046 3973 urbem
1077 3928 1374 3986 occupent.
1416 3917 1552 3973 Cum
1591 3919 1809 3988 quidam
1837 3921 1935 3986 rei,
1972 3938 2090 3990 qute

528 4014 841 4081 parabatur,
910 4014 1167 4065 conscius
1236 4012 1467 4065 insidias
1512 4012 1882 4081 patefecisset,
1926 4014 2087 4068 etiam

527 4104 660 4174 quid
687 4104 940 4159 custodes
984 4105 1098 4158 sive
1142 4104 1464 4173 prasidiarii
1505 4105 1708 4160 milites
1740 4106 2087 4169 molirentur,

528 4196 804 4265 cognitum
828 4205 932 4250 est.
967 4195 1164 4251 Verum
1203 4197 1251 4249 hi
1304 4196 1474 4250 occisi
1518 4208 1650 4251 sunt
1688 4212 1897 4253 omnes.
1929 4198 2094 4252 Joan-

529 4303 628 4342 nes
651 4297 827 4341 autem
857 4286 1167 4341 aﬂinitatcm
1196 4288 1429 4357 iungens
1469 4302 1591 4341 cum
1635 4288 1729 4341 illo
1764 4287 1897 4356 (22),
1930 4288 2090 4343 tiliam

2182 3103 2321 3174 ἤχθη
2350 3102 2481 3171 παρ’
2513 3102 2704 3155 ἑαυτὸν
2730 3105 2757 3155 δ
2798 3102 3071 3169 Ἰωάννης,
3112 3103 3191 3163 εἰς
3236 3100 3485 3169 φυλακὴν
3522 3099 3752 3166 ποιησά-

2187 3213 2369 3266 μενος,
2401 3196 2648 3263 ἀντεῖχεν
2681 3195 2772 3248 ἐπί
2826 3210 2949 3246 τινα
3004 3195 3196 3263 χρόνον
3224 3195 3284 3244 ἐν
3319 3195 3383 3261 τῇ
3436 3192 3755 3261 ἀκροπόλει.

2200 3287 2257 3341 '0
2287 3288 2341 3340 δέ
2371 3286 2549 3339 πείθει
2596 3287 2688 3339 τόν
2721 3303 2781 3338 τε
2830 3286 3067 3355 ἄρχοντά
3111 3286 3211 3353 τῆς
3261 3284 3609 3354 ἀκροπόλεως
3662 3287 3759 3333 καὶ

2184 3380 2283 3449 τὴν
2312 3379 2579 3450 φρουράν,
2622 3378 2908 3431 ἐπιθέσθαι
2938 3378 3053 3448 ἅμα
3082 3376 3230 3446 αὐτῷ
3261 3377 3336 3446 τῷ
3374 3375 3621 3446 ἡγεμόνι,
3651 3377 3752 3427 καὶ

2184 3468 2513 3523 καταλαϐεῖν
2554 3467 2653 3538 τὴν
2686 3469 2863 3520 πόλιν.
2909 3466 3314 3535 Ἐξενεγκόντος
3355 3466 3410 3519 δέ
3459 3482 3605 3526 τινος
3650 3464 3761 3515 τῶν

2187 3560 2503 3612 συνειδότων
2560 3561 2657 3629 τὴν
2710 3557 3026 3628 ἐπιϐουλὴν,
3084 3556 3369 3625 καταφανῆ
3415 3558 3630 3623 ἐγένετο
3682 3555 3754 3607 τά

2186 3653 2296 3705 τῶν
2322 3652 2378 3704 ἐν
2416 3653 2480 3720 τῇ
2519 3651 2757 3721 φρουρᾷ.
2788 3652 2894 3703 Καὶ
2923 3651 2970 3702 οἱ
3004 3651 3103 3718 μὲν
3150 3649 3429 3704 ἀπώλοντο
3455 3667 3467 3681 ·
3499 3650 3759 3717 Ἰωάννης

2187 3743 2242 3795 δὲ
2293 3744 2596 3811 ἐπιγαμίαν
2642 3742 2788 3807 αὐτῷ
2838 3743 3220 3811 ποιησάμενος,
3248 3744 3343 3793 καὶ
3371 3742 3759 3812 ἁρμοσάμενος

2188 3835 2278 3888 τδν
2312 3835 2480 3887 παῖδά
2532 3834 2724 3898 αὐτοῦ,
2757 3834 3082 3903 ἀπέπεμψεν
3112 3834 3202 3887 ἐπὶ
3233 3831 3330 3903 τὴν
3380 3831 3556 3901 ἀρχὴν
3585 3830 3756 3883 αὑτοῦ

2190 3929 2245 3988 ἐς
2280 3928 2503 3997 Βούδην.
2536 3928 2645 3981 Καὶ
2677 3928 2806 3997 περὶ
2836 3928 2935 3994 μὲν
2962 3930 3059 3997 τὴν
3098 3927 3206 3980 τῶν
3256 3927 3493 3978 Παιόνων
3528 3926 3767 3995 ἐκστρα-

2188 4020 2341 4070 τείαν
2388 4020 2697 4088 ἡγουμένου
2751 4017 2841 4070 τοῦ
2892 4017 3171 4070 Χωνιάτου
3216 4016 3455 4068 τοσαῦτα
3510 4017 3755 4082 ἐγένετο,

2191 4110 2285 4163 καὶ
2320 4114 2376 4162 ἐν
2405 4112 2546 4163 τέλει
2568 4111 2741 4179 τούτῳ
2770 4110 2959 4180 ἔσχετο
2984 4125 2997 4138 ο
3031 4110 3377 4180 ’Δμουράτης
3404 4108 3481 4170 δέ,
3514 4109 3589 4170 ὡς
3617 4110 3760 4159 ἐπα-

2184 4209 2349 4270 νήκει
2407 4205 2463 4264 ἐς
2511 4206 2577 4256 τά
2629 4202 2898 4272 βασίλεια,
2927 4202 2985 4255 οὺ
3042 4204 3217 4273 πολλῷ
3267 4202 3494 4272 ὕστερον
3528 4200 3765 4271 ὥρμητο

2198 4295 2299 4363 μὲν
2324 4294 2416 4345 ἐπὶ
2456 4294 2746 4358 Βυζάντιον
2777 4295 3194 4363 στρατεύεσθαι.

512 4397 681 4438 'suam
717 4380 826 4436 filio
874 4381 995 4450 ejus
1050 4381 1162 4452 (εδ)
1211 4380 1268 4434 in
1322 4380 1728 4435 matrimonium
1771 4384 2117 4449 collocando,
2162 4385 2426 4467 remissus
2470 4396 2560 4440 est
2604 4385 2809 4440 Budam
2851 4387 2905 4440 in
2950 4404 3167 4457 regnum
3227 4401 3411 4443 suum.
3443 4387 3509 4441 Et
3539 4386 3763 4456 quidem

530 4478 647 4532 haec
677 4475 958 4544 contigere
993 4475 1047 4529 in
1117 4473 1465 4543 expeditione
1527 4489 1688 4542 quam
1748 4474 2037 4531 Pannones

2185 4477 2449 4549 npserunr
2481 4482 2744 4535 adversus
2787 4479 3015 4546 Tui-cos,
3054 4482 3192 4536 duce
3224 4481 3492 4537 Choniate

3535 4500 3549 4535 :
3590 4497 3768 4551 caque

518 4567 810 4637 expeditio
845 4580 1005 4634 quem
1064 4565 1300 4620 diximus
1346 4566 1506 4619 linem
1539 4577 1833 4621 consecuta
1875 4576 1979 4622 est.
2002 4570 2291 4627 Amurates
2335 4586 2588 4628 reversus
2626 4574 2678 4626 in
2716 4574 2862 4643 regni
2923 4575 3006 4629 sui
3044 4575 3253 4640 sedem,
3285 4591 3391 4629 non
3429 4574 3596 4631 multo
3633 4590 3769 4646 past

536 4665 733 4720 bellum
772 4662 1031 4733 Byzantio
1055 4661 1345 4715 inferebat.

604 4756 919 4812 Grmcorum
962 4771 1088 4826 rege
1134 4753 1343 4810 Joanne
1381 4755 1736 4820 defuncto,in
1766 4757 2083 4815 Constanti-

2265 4765 2697 4834 Τελευτήσαντος
2726 4763 2782 4817 δὲ
2823 4763 2918 4819 τοῦ
2965 4765 3235 4831 Ἑλλήνων
3269 4767 3531 4836 βασιλέως
3578 4771 3764 4826 Ἰωάν-

534 4865 687 4915 num,
729 4846 972 4902 defuncti
1018 4845 1267 4911 fratrem,
1324 4847 1475 4918 regni
1519 4852 1803 4904 successio
1843 4847 2088 4909 devenit.

493 5007 496 5010 ξ
534 4941 665 4995 Nam
694 4937 907 4993 Joanne
938 4947 1180 5001 mortuo,
1216 4938 1382 4992 frater
1418 4938 1535 5006 eius
1573 4941 1877 4996 Demetrius
1920 4944 1973 4997 in
1993 4948 2091 4999 're—

535 5036 623 5104 καί
657 5033 1060 5087 successionem
1091 5030 1405 5086 festinabat.
1441 5032 1638 5087 Verum
1670 5035 1983 5103 prohibitus
2008 5046 2092 5092 est

532 5130 598 5182 ab
627 5127 941 5198 oppidanis,
989 5134 1183 5189 matre,
1213 5126 1463 5191 arbitris,
1497 5124 1658 5196 198
1691 5136 1745 5181 et
1786 5130 1855 5182 ab
1889 5129 2089 5183 Canta-

532 5240 738 5278 cuzeno
772 5222 1098 5293 Notaraque,
1140 5224 1231 5292 qui
1283 5222 1612 5277 arbitrorum
1661 5225 1908 5292 partibus
1966 5226 2091 5279 fun-

534 5319 823 5384 gebantur.
857 5315 1144 5391 'l‘itnebant
1184 5315 1353 5381 enim,
1398 5316 1442 5368 si
1478 5316 1522 5371 is
1568 5327 1955 5386 assequeretur
2003 5334 2089 5371 re-

2197 4874 2309 4923 vou,
2341 4859 2437 4909 καὶ
2489 4858 2581 4909 ἐπὶ
2629 4858 3039 4911 Κωνσῖαντῖνον
3092 4860 3182 4911 τὸν
3214 4860 3439 4928 ἀδελφὺν
3490 4864 3653 4916 αὑτοῦ
3686 4865 3765 4929 ὡς

2201 4946 2481 5019 ἐχώρησεν
2532 4949 2567 5017 ἡ
2615 4946 2904 5017 βασιλεία*
2958 4950 3080 5001 ἐπεί
3122 4965 3181 5001 τε
3226 4951 3333 5019 γὰρ
3386 4952 3766 5021 ἐτελεύτησεν,

2200 5039 2426 5110 ὥρμητο
2476 5039 2577 5110 μέν
2628 5041 2655 5090 ὁ
2705 5040 2938 5108 ἀδελφὸς
2981 5040 3146 5093 αὐτοῦ
3184 5044 3496 5113 Δημήτριος
3529 5046 3623 5097 ἐπὶ
3659 5048 3764 5116 τὴν

2202 5130 2480 5201 βασιλείαν
2507 5145 2522 5160 '
2558 5131 2857 5203 διεκωλύθη
2885 5132 2941 5185 δέ
2973 5133 3077 5186 ὑπὸ
3106 5134 3214 5187 τῶν
3242 5140 3301 5188 ἐν
3343 5142 3406 5207 τῇ
3463 5137 3635 5202 πόλει,
3669 5140 3770 5192 καὶ

2197 5223 2296 5293 τῆς
2347 5226 2572 5294 μητρδς.
2604 5230 2698 5279 καὶ
2742 5227 3005 5297 μεσιτῶν,
3040 5232 3135 5283 καὶ
3169 5229 3262 5283 τοῦ
3300 5231 3499 5300 δήμου,
3529 5235 3620 5284 καὶ
3651 5231 3766 5283 τῶν

2202 5318 2573 5386 μεσαςόντων,
2638 5320 3090 5390 Καντακουζηνοῦ
3148 5340 3207 5374 τε
3248 5326 3342 5377 καὶ
3390 5324 3633 5395 Νοταρᾶ,
3680 5324 3772 5377 δε-

1817 5435 2059 5496 Notulte
2091 5436 2494 5515 marginales.

608 5542 721 5612 (2‘2)
772 5543 1024 5613 Despota.

606 5661 651 5692 "
682 5662 865 5716 Μπελ..

2278 5544 2390 5614 (25)
2412 5519 2647 5600 Matltiai.
