4006 6204
499 331 605 394 383
639 376 660 399 ι

1601 338 1905 400 LAONICI
1944 338 2087 399 CIIA
2102 340 2609 407 LCOCONDYLZE

3629 336 3733 398 284

499 446 790 512 adductos,
828 447 915 499 ,in
985 447 1299 503 Graecorum
1370 459 1668 516 conspectu
1738 458 2066 506 mactarunt.

2174 454 2402 523 τάχιστα
2435 455 2706 520 ἐγεγόνει,
2742 455 3123 523 ἀπαγαγόντες
3166 453 3390 516 τούτους
3417 452 3473 514 ἐς
3510 452 3607 515 τὰς
3632 452 3739 505 πύ-

500 538 668 592 I'Zrant
698 547 754 593 et
775 540 918 608 apud
946 540 1166 596 Graecos
1196 541 1421 608 quidam
1449 541 1638 601 Tt'trci.
1666 542 1759 607 qui
1784 544 1838 597 iu
1868 544 2058 598 vincu-

499 631 567 682 lis
596 632 1037 686 asservabantur.
1066 632 1242 688 Graeci
1278 634 1444 702 igitur
1468 634 1570 688 hos
1613 635 1665 688 in
1694 635 1887 702 pinnas
1920 637 2059 689 muri

503 723 798 789 rapientes,
833 738 864 777 e
895 723 1115 791 regione
1158 724 1438 779 hostilium
1490 734 1801 781 castrorum
1860 727 2064 785 intere-

504 820 740 870 merunt.
792 813 858 868 Et
915 814 967 868 in
1027 816 1173 869 hunc
1220 816 1831 885 modum,captivorum
1885 820 2063 875 czedes

452 955 464 984 ἠ,
503 917 850 973 compensata
886 918 993 962 est.
1025 906 1203 963 Naves
1234 909 1414 978 regite.
1445 925 1568 965 cum
1608 926 1769 964 nemo
1793 921 1940 966 esset
1968 910 2062 979 qui

499 1012 594 1052 eas
619 1000 956 1067 prohiberet,
988 1004 1320 1070 navigarunt
1377 1004 1441 1057 ad
1498 1007 1709 1061 urbem.
1765 1003 1886 1070 Quo
1936 1020 2061 1059 cum

502 1091 865 1158 appulissent,
903 1110 991 1147 rex
1028 1095 1173 1149 illico
1199 1107 1418 1163 pontem
1463 1098 1589 1150 fecit
1624 1112 1652 1150 e
1686 1100 1908 1164 regione
1933 1112 2068 1151 con-

501 1184 750 1247 tinentis,
779 1201 898 1254 uitat.
916 1185 1354 1242 Ceramariorum
1374 1189 1692 1257 appellatur.
1719 1188 1767 1245 is
1791 1190 1845 1244 in
1873 1190 2063 1244 urbem

502 1277 732 1343 ferebat,
761 1291 816 1334 et
844 1290 1159 1335 exstructus
1189 1291 1307 1336 erat
1348 1298 1417 1337 ex
1443 1282 1628 1342 doliis.
1659 1297 1895 1351 quorum
1923 1296 2067 1336 sem-

507 1384 601 1440 per
631 1374 741 1427 duo
767 1374 1241 1443 coniungebantur
1258 1385 1309 1430 et
1335 1375 1549 1429 fortiter
1577 1377 2064 1431 connectebantur.

506 1465 610 1519 Per
644 1482 765 1518 eum
798 1483 859 1520 ex
896 1467 1093 1535 Zagani
1123 1469 1319 1523 castris
1352 1469 1416 1522 ad
1450 1470 1640 1526 urbem
1687 1471 1791 1523 iter
1835 1480 1971 1526 erat.
2003 1469 2067 1523 Et

474 1558 724 1641 'quidem
755 1560 806 1611 in
838 1562 984 1614 hunc
1043 1563 1262 1614 modum
1316 1565 1565 1631 contigit,
1600 1574 1659 1618 ut
1708 1566 1837 1619 urbs
1854 1566 2001 1619 omni
2035 1579 2063 1617 a

513 1662 664 1719 parte
691 1654 977 1708 obsidione
1005 1663 1299 1710 artaretur.
1319 1657 1502 1725 Cupis!
1519 1673 1739 1727 quoque
1752 1659 2064 1714 Gnecorum

511 1745 743 1799 subinde
774 1746 1105 1802 infirmiores
1132 1748 1523 1813 reddebantur,
1568 1752 1728 1817 cujus
1749 1766 1917 1806 causa
1945 1761 2065 1805 erat

511 1838 833 1904 amplitudo.
866 1840 1116 1895 Ambitus
1141 1842 1285 1895 enim
1314 1842 1477 1907 hujus
1517 1844 1679 1913 206
1703 1843 1855 1899 urbis
1897 1843 2065 1896 traxi-

509 1948 633 1985 mus
659 1942 742 1986 est
768 1948 1094 2003 earumque:
1126 1935 1267 2002 apud
1302 1950 1400 1989 nos
1442 1946 1573 1990 sunt
1596 1936 1834 1991 urbium.
1877 1937 2067 1991 Conti-

506 2034 601 2077 nrt
627 2024 771 2077 enim
799 2025 852 2077 in
898 2024 1130 2079 circuitu
1187 2035 1404 2079 centum
1457 2034 1511 2079 et
1560 2028 1810 2080 undecim
1867 2029 2060 2083 stadia.

506 2113 639 2164 Cum
673 2122 855 2167 autem
892 2115 1092 2170 milites
1116 2116 1358 2185 undique
1385 2132 1481 2185 per
1524 2120 1716 2173 urbem
1769 2120 2079 2174 distribue-‘

509 2215 722 2268 rentur,
749 2203 953 2258 accidit
991 2217 1046 2258 ιιι
1081 2207 1263 2260 minus
1293 2210 1498 2263 munita
1534 2209 1694 2273 foret,
1724 2226 1847 2265 cum
1910 2228 2068 2266 exer-

510 2297 653 2351 citus
685 2297 737 2350 iu
769 2298 911 2351 hunc
944 2300 1162 2352 modum
1196 2300 1613 2358 distraheretur.
1656 2304 1773 2357 Jam
1831 2305 2068 2373 quadra-

510 2388 657 2457 ginta
691 2390 883 2444 diebus
917 2406 1108 2444 murus
1141 2392 1453 2449 hombardis
1514 2394 1730 2450 fortiter
1777 2406 2070 2465 quassatus

510 2491 643 2535 erat.
685 2482 1008 2538 Cecideraut
1047 2493 1225 2539 turres
1252 2492 1509 2554 quatuor,
1536 2496 1747 2541 necnon
1780 2488 1886 2542 alia
1943 2504 2070 2556 pro-

510 2579 837 2644 pugnacula,
869 2580 1119 2647 murique
1150 2596 1276 2649 pars
1308 2596 1520 2650 magna.
1571 2580 1905 2637 Corruerant
1935 2599 2067 2648 ιπερ-

507 2674 656 2720 terea
683 2680 862 2722 turres
888 2668 1112 2730 maioris
1150 2670 1290 2723 muri
1322 2669 1633 2726 bombardis
1685 2671 1830 2726 ictae.
1898 2672 2068 2727 (ἓνωοί

505 2758 720 2827 quidem
746 2759 920 2827 primo
943 2770 992 2814 et
1025 2761 1125 2830 ipsi
1157 2762 1484 2817 hombardas
1518 2778 1646 2817 suas
1678 2763 2067 2833 expediebant.

506 2867 708 2920 easque
738 2852 792 2905 in
825 2854 1028 2907 hostem
1062 2853 1390 2924 dirigebant.
1451 2855 1764 2911 Graecorum
1820 2856 2074 2912 bombar-

507 2941 593 2996 dm
622 2942 942 2998 emittebant
962 2944 1201 3008 globum,
1233 2944 1394 3014 cujus
1420 2946 1629 3014 pondus
1662 2959 1778 3001 erat
1803 2949 2069 3003 talentum

509 3049 634 3088 cum
676 3034 920 3088 dimidio.
954 3034 1156 3090 [larum
1184 3051 1348 3089 unam
1379 3039 1728 3107 opponebant
1756 3038 2072 3096 Meehmelis

2171 546 2270 608 λας
2296 546 2395 614 τῆς
2421 545 2634 608 πόλεως
2680 546 3017 617 διέφθειραν.
3072 546 3336 614 Ἕλληνες
3390 544 3469 605 δὲ,
3496 539 3638 613 ἦσαν
3666 540 3743 610 δὴ

2170 639 2508 709 παράὐτοῖς
2554 640 2814 709 Τούρκων
2877 640 3043 702 τινὲς.
3101 639 3151 693 οἳ
3205 640 3453 692 ἑάλωσαν
3495 637 3736 704 δέσμιοι,

2168 730 2548 795 ἀπαγαγόντες
2568 732 2660 783 καὶ
2676 724 2821 783 οὗτοι
2844 729 3089 790 τούτους,
3113 730 3170 791 ἐς
3187 729 3285 792 τὰς
3306 727 3553 792 ἐπάλξεις
3578 726 3737 778 ἐναν-

2170 821 2285 874 τίον
2312 824 2407 876 τοῦ
2435 823 2828 890 στρατοπέδου,
2856 824 3290 893 κατεχρήσαντο,
3336 823 3427 876 ι’σα
3462 819 3596 888 πρὸς
3642 820 3735 871 ἴσα

2172 915 2321 981 σφίσι
2354 914 2813 985 διαχειριζόμενοι
2846 915 3093 983 γίνεσθαι
3143 915 3273 983 περὶ
3303 914 3427 975 τοὺς
3456 910 3738 980 αίχμαλώ-

2168 1022 2313 1068 τους.
2342 1008 2422 1059 Τὰ
2451 1008 2636 1076 μέντοι
2676 1008 2834 1061 πλοῖα
2871 1006 2964 1061 τοῦ
3004 1006 3287 1076 βασιλέως,
3317 1005 3395 1067 ὡς
3424 1004 3599 1066 οὐδεὶς
3646 1004 3731 1055 ἔτι

2171 1098 2437 1151 διεκώλυε
2466 1098 2932 1168 καθειλκυσμένα,
2964 1098 3199 1151 ἀπέπλει
3223 1098 3280 1160 ἐς
3310 1097 3410 1165 τὴν
3423 1095 3597 1149 πόλιν.
3616 1092 3733 1147 Καὶ

2173 1189 2413 1243 ἐνταῦθα
2448 1192 2648 1244 αὐτίκα
2680 1190 2933 1261 βασιλεὺς
2962 1191 3209 1259 γέφυραν
3236 1191 3476 1243 ἐποιεῖτο
3500 1185 3608 1240 ἀπὸ
3633 1186 3735 1252 τῆς

2171 1282 2509 1350 καταντικρὺ
2545 1283 2776 1352 ἠπείρου
2808 1282 2919 1335 τῶν
2951 1281 3354 1351 Κεραμαρείων
3387 1279 3733 1348 καλουμένης

2170 1376 2355 1444 χώρας
2392 1376 2451 1438 ἐς
2474 1376 2575 1446 τήν
2603 1375 2761 1429 πόλιν
2792 1376 3087 1445 φέρουσαν,
3120 1376 3267 1428 δυοῖν
3296 1374 3474 1427 πίθοιν
3498 1373 3741 1438 ξυλίνοιν

2175 1467 2644 1537 ξυνηρμοσμένοιν
2688 1466 2783 1520 καὶ
2849 1466 3255 1533 ξυνδεδεμένοιν
3292 1465 3540 1535 ἀλλήλοις
3575 1467 3737 1533 ίσχυ-

2176 1562 2306 1630 ρῶς,
2331 1559 2473 1613 ὥστε
2506 1559 2803 1613 διαϐαίνειν
2828 1560 2897 1614 τὰ
2920 1552 3305 1630 στρατεύματα
3359 1557 3467 1610 ἀπὸ
3499 1556 3593 1610 τοῦ
3628 1558 3736 1610 Ζα-

2172 1655 2342 1721 γάνου
2379 1654 2747 1723 στρατοπέδου
2780 1654 2874 1707 ἐπὶ
2928 1653 3029 1722 τὴν
3054 1653 3226 1707 πόλιν.
3275 1653 3385 1704 Kal.
3415 1649 3736 1703 συνέϐαινεν

2174 1746 2317 1800 οὕτω
2363 1748 2652 1817 ἁπανταχῆ
2697 1744 3107 1815 πολιορκεῖσθαι
3136 1745 3237 1814 τὴν
3286 1743 3460 1808 πόλιν,
3518 1741 3613 1795 καὶ
3664 1739 3739 1792 τὰ

2165 1840 2262 1906 τῆς
2292 1840 2496 1902 πόλεως
2528 1840 2698 1912 ταύτῃ
2723 1841 3044 1908 πράγματα,
3066 1839 3160 1891 καὶ
3211 1837 3507 1906 Ἑλλήνων,
3531 1833 3735 1903 ἀσθενῆ

2167 1932 2481 2000 γίγνεσθαι,
2511 1934 2607 1987 ἆτε
2634 1935 2743 2003 γὰρ
2772 1932 2872 2002 τῆς
2897 1932 3107 1994 πόλεως
3136 1930 3230 1984 ἐπὶ
3250 1928 3387 1982 πολὺ
3418 1927 3738 1997 διηκούσης.

2178 2028 2240 2080 ἸΙ
2267 2026 2373 2097 γὰρ
2400 2027 2654 2095 περίοδος
2682 2030 2783 2097 τῆς
2819 2029 3026 2091 πόλεως
3059 2027 3294 2097 μεγίστη
3334 2024 3474 2094 αὕτη
3507 2024 3616 2077 τῶν
3647 2021 3740 2091 ἐφ’

2168 2118 2347 2185 ἡμῶν,
2377 2120 2471 2172 καὶ
2489 2121 2580 2173 ἐπὶ
2605 2119 2803 2173 ἑκατὸν
2831 2121 3023 2174 ἕνδεκά
3052 2139 3127 2191 πη
3161 2119 3408 2179 σταδίους
3438 2117 3735 2185 γενομένη.

2169 2211 2580 2281 διανεμομένων
2634 2211 2743 2264 τῶν
2775 2212 2986 2282 ἀνδρῶν
3041 2212 3143 2280 τῆς
3177 2211 3384 2270 πόλεως
3426 2207 3740 2277 ἀπαπαχῆο

2170 2304 2230 2354 οὐ
2280 2304 2421 2357 πάνυ
2446 2321 2528 2356 τοι
2559 2305 2736 2374 ὀχυρὰ
2761 2306 2999 2372 ἐγένετο.
3036 2304 3150 2358 Καὶ
3200 2305 3293 2357 ἐπὶ
3326 2303 3741 2371 τεσσαράκοντα

2169 2397 2387 2466 ἡμέρας
2414 2398 2530 2458 τοῖς
2563 2397 2876 2465 τηλεϐόλοις
2910 2396 3105 2450 ἔτυπτε
3136 2396 3196 2450 τὸ
3224 2398 3404 2465 τεῖχος
3472 2395 3737 2463 ίολιυρῶς,

2171 2491 2265 2541 καὶ
2298 2489 2572 2542 κατέϐαλε
2625 2489 2770 2559 μέγα
2808 2490 2980 2559 μέρος
3040 2490 3288 2558 πύργους
3336 2490 3613 2556 τέσσαρας
3646 2490 3742 2541 καὶ

2172 2582 2499 2652 ὲπιπύργια,
2532 2582 2795 2645 ὡσαύτως
2841 2586 2933 2636 καὶ
2960 2584 3018 2644 ἐς
3046 2582 3107 2634 τὸ
3141 2582 3284 2651 μέγα
3311 2585 3489 2650 τεῖχος
3522 2581 3649 2643 τούς
3678 2599 3741 2633 τε

2173 2674 2421 2742 πύργους
2448 2675 2773 2729 κατέϐαλεν.
2810 2676 2875 2728 οι
2907 2676 2963 2728 δὲ
2995 2674 3257 2743 Ἕλληνες
3283 2675 3381 2745 τὴν
3409 2674 3582 2745 ἀρχὴν
3635 2675 3738 2742 μὲν

2174 2766 2271 2817 καὶ
2304 2758 2474 2828 οὗτοι.
2505 2783 2635 2825 τους
2658 2765 2812 2834 παρὰ
2836 2766 2988 2832 σφίσι
3012 2765 3338 2832 τηλεϐὀλους
3385 2766 3745 2835 ἱδρυσάμενοι

2176 2855 2316 2909 κατὰ
2362 2856 2424 2908 τὸ
2452 2858 2651 2925 τεῖχος.
2712 2856 2965 2926 ἠφίεσαν,
2999 2856 3094 2910 καὶ
3118 2852 3288 2909 οὗτοι
3315 2857 3463 2910 λίθον
3509 2857 3740 2909 ἕλκοντα

2172 2947 2302 3016 τρία
2351 2948 2694 3027 ἡμιτάλαντα
2742 2949 3007 3018 σταθμὸν,
3066 2950 3164 3002 καὶ
3192 2949 3382 3001 ἔϐαλον
3414 2949 3474 3008 ἐς
3518 2949 3613 3000 τὸν
3640 2949 3745 3001 τοῦ

2178 3040 2441 3111 βασιλέως
2469 3041 2786 3111 τήλέϐολον.
2826 3041 2971 3094 Ἀλλ’
2997 3042 3207 3095 ἐσείετο
3230 3041 3331 3114 μὲν
3357 3043 3426 3096 τὰ
3448 3042 3627 3112 τείχη,
3645 3042 3743 3094 καὶ

508 3126 823 3180 bombardre
846 3126 1119 3182 ntaxitnae.
1152 3126 1354 3181 Verum
1386 3130 1611 3197 quando
1645 3132 1866 3201 globum
1889 3135 2069 3203 eiacu-

2174 3134 2472 3187 ὲϐλάπτετο
2500 3135 2704 3203 σφίσιν,
2736 3135 2796 3187 οὐ
2827 3135 3012 3203 μέντοι
3037 3136 3199 3204 ἤνυον
3228 3136 3407 3190 οὐδέν.
3442 3136 3550 3190 Καὶ
3580 3138 3609 3188 ὁ
3641 3135 3747 3198 μὲν

509 3218 725 3274 labatur
759 3258 775 3280 ,
810 3228 998 3274 tantus
1017 3219 1287 3275 edebatur
1314 3236 1506 3286 sonus,
1536 3233 1595 3277 ut
1627 3224 1829 3278 meenia
1889 3241 2085 3291 move-~

509 3322 720 3375 rentur,
757 3312 1077 3382 Gracisque
1105 3314 1230 3382 plus
1277 3315 1591 3369 detrimenti
1642 3333 1807 3385 quam
1869 3317 2068 3374 Turcis

511 3405 763 3460 inferret.
797 3403 1157 3473 Quapropter
1186 3419 1375 3474 parum
1406 3405 1729 3463 ciliciebant.
1765 3406 2067 3464 Bombarda

508 3498 676 3560 enim,
705 3510 864 3565 quam
898 3497 1189 3559 habebant,
1231 3497 1489 3564 maxima,
1551 3498 1642 3552 ubi
1703 3502 1935 3569 primum
1992 3500 2076 3553 in-

508 3601 674 3640 censa
692 3595 795 3649 est,
819 3586 1082 3642 dissiluit.
1113 3588 1251 3642 llinc
1272 3588 1397 3642 irati
1424 3600 1610 3643 contra
1632 3589 2073 3645 bombardarium

510 3681 946 3744 insurrexerunt,
969 3682 1125 3749 quasi
1158 3680 1482 3736 muneribus
1529 3682 1600 3736 ab
1626 3680 1926 3737 Mechmete
1950 3697 2075 3737 eor-

515 3784 757 3841 ruptum.
785 3787 1020 3842 eumque
1049 3772 1245 3840 capitis
1265 3774 1646 3842 anquirebant.
1704 3773 1839 3827 Cum
1893 3783 2072 3828 autem

510 3866 717 3919 nullum
754 3865 890 3920 satis
912 3866 1262 3920 manifestum
1311 3866 1524 3935 signum
1558 3882 1667 3935 quo
1694 3866 1902 3921 crimen
1921 3882 2073 3921 com-

510 3959 835 4030 probaretur
866 3959 1190 4024 invenirent,
1237 3959 1468 4014 crimine
1518 3973 1642 4015 eum
1696 3960 2068 4025 absolverunt,

508 4060 674 4121 atque
733 4042 1064 4119 impunitum
1114 4049 1398 4106 dimisere.
1450 4048 1669 4112 ania,
1737 4066 1859 4119 quae
1907 4048 2069 4106 Turci

509 4143 823 4197 hombardis
854 4151 1183 4204 straveraut,
1228 4150 1393 4196 noctu
1446 4143 1611 4197 scalis
1667 4142 1989 4210 quibusdam
2014 4152 2068 4198 et

508 4234 673 4290 doliis
698 4235 1065 4296 obstruentes,
1124 4232 1439 4289 reﬁciebant
1500 4248 1715 4287 summa
1765 4231 2064 4287 celeritate.

509 4329 719 4384 interea
743 4342 865 4382 cum
894 4327 1007 4380 hzec
1034 4326 1244 4388 tierent.
1282 4326 1568 4380 nttntiatur
1589 4323 1901 4389 Mechmeti,
1929 4324 2068 4379 duas

509 4438 677 4477 naves
693 4420 976 4477 onerarias
991 4436 1058 4476 ex
1084 4418 1273 4490 Αἰθιεο
1304 4420 1560 4491 navigare
1583 4418 1935 4489 Byzantium:
1962 4432 2068 4473 una

2186 3228 2390 3296 μείζων
2412 3226 2705 3298 τηλέϐολος
2735 3229 3096 3298 διερρήγνυτο
3129 3228 3349 3292 αὐτίκα,
3375 3230 3465 3283 ὅτε
3518 3228 3745 3298 πρῶτον

2173 3317 2384 3386 ἠφίετο.
2425 3318 2537 3371 Kal.
2565 3319 2659 3372 τὸν
2682 3319 3077 3390 τηλεϐολιστὴν
3123 3321 3382 3382 ἐναντίως
3438 3315 3607 3389 εἶχον,
3663 3319 3739 3381 ὡς

2173 3409 2573 3478 διεφθαρμένον
2596 3411 2702 3464 ὑπὸ
2737 3410 3029 3479 βασιλέως,
3078 3412 3176 3464 καὶ
3232 3413 3451 3481 ἀπῆγον
3482 3411 3745 3465 θανᾶτου.

2175 3503 2248 3554 Οὐ
2280 3502 2460 3569 μέντοι
2489 3519 2554 3571 γε
2603 3507 2836 3571 φανερὸν
2886 3500 3034 3572 εἶχον
3064 3506 3290 3573 σημεῖον
3346 3504 3424 3564 ὡς
3454 3503 3731 3564 κολάζειν.

2176 3596 2271 3648 καὶ
2304 3594 2601 3650 ἀπέλυσαν.
2648 3596 2737 3657 Ἐς
2789 3595 2844 3647 δὲ
2881 3595 2943 3648 τὺ
2990 3598 3170 3665 τεῖχος
3198 3595 3226 3649 ὃ
3257 3596 3592 3649 κατεϐάλετο
3633 3593 3744 3647 ὕπνι

2174 3684 2285 3738 τῶν
2319 3685 2586 3754 βασιλέως
2626 3686 2953 3755 τηλεϐόλων,
3007 3688 3233 3757 κλίμασί
3284 3704 3394 3740 τισι
3436 3688 3530 3739 καὶ
3563 3687 3745 3747 πίθοις

2179 3775 2409 3839 ξυλίνοις
2433 3778 2791 3846 φραξάμενοι.
2840 3780 3112 3847 ἠμύνοντο
3139 3779 3331 3841 νυκτὸς
3360 3778 3745 3840 ἐπιτελοῦντες

2178 3869 2351 3923 ταῦτα
2380 3869 2467 3923 διὰ
2495 3870 2736 3939 σπουδῆς
2766 3870 2942 3927 αὐτοί.
2989 3872 3077 3924 Ἐν
3110 3871 3165 3924 δὲ
3196 3871 3274 3941 τῷ
3309 3870 3514 3937 μεταξὺ
3540 3872 3743 3940 χρόνῳ,

2179 3961 2235 4012 ὲν
2269 3954 2312 4026 ᾧ
2344 3960 2518 4014 ταῦτα
2561 3962 2799 4029 ἐγένετο,
2852 3961 3147 4029 ἠγγέλλετο
3197 3963 3245 3995 ’⁸
3283 3964 3359 4028 τῷ
3391 3962 3623 4030 βασιλεῖ,
3667 3961 3748 4023 ὡς

2179 4052 2308 4121 νῆες
2352 4053 2710 4106 ἐπιπλέουσιν
2764 4053 2872 4106 ἀπὸ
2912 4055 3005 4107 τοῦ
3043 4056 3271 4120 Αἰγαίου
3301 4056 3392 4106 ἐπὶ
3446 4056 3504 4107 τὸ
3537 4054 3747 4118 Βυζάν-

2179 4163 2316 4206 τιον.
2347 4146 2440 4200 δύο
2497 4146 2766 4215 φορτίδες,
2806 4146 2906 4215 μία
2945 4149 3043 4216 μὲν
3097 4147 3301 4216 μείζων
3336 4148 3444 4200 τῶν
3473 4148 3744 4211 Ίανυίων,

2179 4239 2213 4308 ἡ
2242 4238 2298 4293 δὲ
2327 4240 2491 4308 ἑτέρα
2515 4237 2612 4292 τοῦ
2647 4238 2921 4309 Ἑλλήνων
2949 4240 3235 4310 βασιλέως,
3273 4244 3421 4294 σῖτον
3452 4242 3749 4310 ἐπιφέρου-

2181 4349 2293 4387 σαι.
2322 4330 2491 4384 Τοῦτο
2525 4331 2625 4399 μὲν
2653 4330 2729 4394 ὼς
2761 4332 3013 4397 ἐπύθετο,
3080 4332 3309 4401 τάχιστα
3351 4334 3592 4401 ἐπλήρου
3643 4334 3747 4395 τάς

2178 4440 2238 4476 τε
2270 4425 2514 4494 τριήρεις
2551 4424 2644 4477 καὶ
2683 4424 2867 4487 πλοῖα,
2904 4423 3002 4477 καὶ
3045 4424 3295 4490 ἔπεμπεν
3346 4425 3440 4477 ἐπὶ
3483 4425 3582 4486 τὰς
3611 4425 3749 4487 ναῦς

507 4515 749 4583 quidem,
791 4522 846 4567 et
871 4528 991 4581 quae
1025 4511 1398 4581 magnitudine
1450 4511 1770 4580 praestabat,
1827 4509 2069 4566 Januen-

2174 4518 2274 4585 ἤδη
2305 4519 2474 4585 ἐγγὺς
2506 4515 2694 4581 οὔσας,
2716 4517 2810 4570 καὶ
2831 4519 3239 4588 ἐπιφερομένας
3275 4515 3547 4583 πνεύματι
3572 4515 3749 4585 ικανῷ

508 4608 649 4661 sinm
680 4614 799 4661 erat
825 4625 838 4659 :
874 4606 1045 4660 altera
1070 4619 1198 4659 vero
1233 4612 1351 4658 erat
1375 4604 1517 4673 regis
1556 4603 1895 4667 Gmcorum,
1919 4619 2072 4658 com-

509 4703 744 4750 meatum
778 4704 1097 4766 apportans.
1134 4692 1259 4749 Haec
1294 4694 1387 4747 ubi
1419 4696 1633 4764 accepit
1662 4710 1781 4756 rex,
1813 4695 2076 4750 continuo

510 4788 764 4843 triremes
792 4796 846 4841 et
872 4788 1008 4842 alias
1041 4802 1208 4842 naves
1240 4786 1504 4842 militibus
1564 4788 1830 4856 compleri
1894 4786 2075 4856 jubet,

507 4894 645 4949 quas
674 4879 818 4933 misit
839 4886 1031 4934 contra
1061 4879 1295 4934 hostiles
1332 4893 1521 4944 naves,
1546 4882 1600 4933 in
1626 4880 1936 4948 propinquo
1971 4893 2068 4933 ex-

508 4973 768 5030 sisteutes
798 4988 815 5025 :
855 4970 985 5040 quia
1016 4970 1152 5027 satis
1176 4971 1421 5025 secundo
1449 4981 1611 5025 vento
1671 4970 1987 5026 ferebantur
2015 4972 2070 5025 in

510 5066 719 5120 urbem.
748 5065 927 5137 Regia:
958 5081 1129 5121 naves
1162 5073 1216 5119 et
1244 5064 1498 5120 triremes
1517 5073 1748 5135 pergunt
1778 5080 1888 5133 quo
1907 5064 2076 5133 jussze

507 5169 684 5213 erant.
716 5157 1010 5228 Primoque
1042 5159 1288 5214 Grmcam
1329 5157 1654 5213 adoriuntur
1705 5172 1919 5221 navem,
1952 5172 2075 5226 qua:

510 5255 901 5323 propemodum
950 5264 1107 5322 capta
1133 5252 1350 5315 fuisset,
1380 5251 1436 5311 ni
1500 5250 1859 5305 Januensium
1921 5254 2077 5305 navis

512 5360 727 5399 reversa
762 5346 1029 5401 laboranti
1054 5347 1175 5400 navi
1203 5345 1453 5402 subsidio
1484 5346 1722 5400 venisset
1754 5363 1767 5401 :
1802 5361 1924 5399 nam
1961 5361 2076 5399 ma-

510 5438 659 5492 ximo
703 5438 903 5507 impetu
938 5439 1129 5492 ruebat
1162 5438 1214 5491 in
1267 5438 1443 5503 regias
1501 5436 1774 5493 triremes.
1837 5436 1949 5492 Rex
2008 5452 2077 5493 ex

515 5528 699 5587 littore
731 5530 1062 5585 inclamabat
1097 5545 1250 5591 suos,
1282 5544 1487 5598 eosque
1528 5529 1767 5594 iubendo
1793 5538 1843 5582 et
1875 5530 2079 5584 adhor-

2170 4609 2227 4670 ἐς
2258 4607 2359 4677 τὴν
2390 4607 2568 4661 πόλιν.
2624 4598 2705 4662 Τὰ
2739 4609 2837 4677 μὲν
2889 4605 2981 4662 οὖν
3018 4609 3180 4661 πλοῖα
3233 4610 3326 4663 καὶ
3375 4608 3432 4661 αί
3495 4608 3747 4677 τριήρεις

2172 4702 2436 4771 ἀνήγοντο
2462 4701 2519 4761 ἐς
2551 4701 2650 4762 τὰς
2684 4699 2836 4765 ναῦς,
2880 4703 2973 4754 καὶ
3003 4701 3335 4771 ἐμϐάλλουσι
3367 4700 3468 4768 μὲν
3517 4702 3582 4769 τῇ
3625 4700 3751 4753 Ἐλ-

2170 4793 2365 4862 ληνικῇ
2401 4790 2491 4856 νηῖ
2517 4793 2586 4843 τὰ
2618 4790 2832 4858 πρῶτα,
2869 4792 2961 4843 καὶ
2985 4794 3138 4861 παρὰ
3165 4790 3338 4860 βραχὺ
3388 4789 3550 4854 ἑάλω,
3585 4790 3634 4842 εί
3672 4791 3750 4861 μὴ

2174 4886 2207 4953 ἡ
2250 4885 2497 4937 Ἰανυίων
2526 4882 2662 4947 ναῦς
2715 4884 3116 4953 ὲπιστραφεῖσα
3163 4883 3371 4953 ἤμυνεν
3429 4882 3595 4951 αὐτῇ.
3647 4883 3749 4934 Φέ-

2182 4991 2348 5044 ρουσα
2384 4976 2493 5044 γάρ
2517 4975 2767 5028 ἐνέϐαλεν
2800 4978 2858 5036 ἐς
2892 4979 2988 5036 τὰς
3017 4975 3290 5044 τριήρεις.
3340 4974 3453 5027 Καὶ
3511 4975 3538 5025 ὁ
3595 4974 3749 5041 βασι-

2178 5069 2307 5131 λεὺς
2354 5071 2460 5121 ἀπὸ
2489 5068 2583 5121 τοῦ
2612 5067 2861 5135 αίγιαλοῦ
2890 5068 3093 5120 ἐπεϐόα
3142 5068 3590 5134 διακελευόμενος
3636 5070 3751 5127 τοῖς

2181 5159 2398 5226 ἑαυτοῦ,
2435 5161 2699 5214 ἐσῖαίνων
2722 5162 2780 5222 ἐς
2809 5160 2910 5227 τὴν
2945 5159 3219 5213 θάλασσαν
3244 5160 3340 5211 σὺν
3366 5159 3442 5227 τῷ
3486 5159 3660 5226 ἵππῳ.
3682 5158 3748 5212 Αἱ

2187 5252 2370 5321 μέντοι
2420 5250 2546 5317 νῆες
2573 5250 2715 5302 οὕτω
2767 5249 3158 5318 διαφυγοῦσαι,
3202 5246 3502 5299 κατέπλεον
3555 5248 3608 5308 ἐς
3654 5247 3749 5297 τὶν

2184 5343 2401 5411 λιμένα.
2439 5344 2706 5397 Ἐνταῦθα
2738 5343 3104 5411 τιτρώσκεται
3133 5342 3163 5393 ὁ
3191 5341 3287 5393 τοῦ
3322 5338 3587 5407 βασιλέως
3620 5335 3750 5389 ναύ-

2186 5452 2349 5503 αρχος
2385 5435 2697 5501 Παντόγλης
2728 5435 2819 5487 τὸν
2851 5432 3131 5501 ὀφθαλμὸν
3164 5431 3266 5484 ὑπὸ
3294 5432 3402 5482 τῶν
3444 5429 3749 5498 σφετέρων,

2188 5527 2263 5590 ὡς
2285 5527 2447 5591 αὐτὸς
2477 5526 2881 5598 διεμαρτύρατο
2919 5528 2975 5592 ἐς
3001 5525 3092 5579 τὸν
3124 5522 3372 5595 βασιλέα,
3425 5522 3516 5574 καὶ
3570 5520 3619 5572 εἰ
3670 5520 3750 5589 μὴ

1806 5670 2045 5733 Notulce
2087 5670 2477 5748 marginales.

597 5798 731 5852 "al.
768 5796 994 5864 ἐγίνετο,
1019 5796 1360 5865 ἀγγέλλεται.
