4006 6204
198 251 303 316 385
1196 250 1296 311 DE
1332 246 1582 308 ΗΕΒυὸ
1624 247 1993 310 TURCICIS
2037 244 2188 306 LIB.
2218 243 2395 304 Vill.
3350 242 3454 308 388

201 365 443 436 ἐτρώθη,
499 359 642 419 alia»:
681 364 749 419 ἂν
776 367 873 426 τὰς
926 362 1058 428 ναῦς
1087 362 1577 434 διισχυριζόμενος.
1609 360 1771 414 Οὕτω
1804 418 1808 428 ι

1913 360 2046 415 ιιιιιη
2075 376 2186 429 quo
2210 359 2386 430 magis
2417 357 2767 424 accenderet,
2788 357 3061 413 interdum
3106 371 3248 427 equo
3280 356 3458 427 ingre-

204 460 387 527 μέντοι
485 458 785 529 διέφυγεν,
848 458 993 510 ὥστε
1064 457 1230 510 κακόν
1297 474 1351 508 τι
1432 457 1507 525 μὴ
1584 455 1777 507 παθεῖν

1913 453 2138 509 liebatur
2178 466 2351 508 mare.
2386 450 2588 508 Verum
2618 452 2938 509 Graecorum
2972 465 3140 507 naves
3182 449 3462 504 inviolata:

203 551 302 601 ὑπὸ
361 551 668 619 βασιλέως.
740 551 852 604 Καὶ
925 548 1019 610 οὓς
1071 550 1130 602 ἐν
1205 548 1411 620 ὑποψίᾳ
1462 547 1588 618 ἔσχε
1649 546 1777 599 συλ-

1913 554 2127 616 ιριαιυιιι
2144 544 2422 614 contigere
2446 554 2688 614 portum.
2714 547 2783 599 At
2803 544 2855 599 in
2873 558 2937 598 eo
2955 546 3255 603 certamine
3276 542 3467 597 vulne-

204 636 381 692 λαόὼν
438 641 469 692 ὁ
518 638 795 709 βασιλεὺς,
860 638 1147 708 καθεῖρξεν
1211 638 1287 700 ὡς
1333 636 1643 691 ἀπολέσων.

1913 647 2053 691 ratur
2079 637 2274 691 oculus
2302 636 2433 704 regii
2462 636 2747 703 navarchi,
2776 636 2865 691 cui
2901 650 3103 689 nomen
3125 648 3240 690 erat
3266 634 3468 688 Panto-

208 731 341 797 gles.
403 745 436 781 a
472 732 609 793 suis,
665 739 723 783 ut
781 733 896 802 ipse
944 721 1174 786 testatus
1203 738 1288 785 est
1314 743 1497 785 coram
1543 743 1668 799 rege
1692 743 1708 781 :
1735 738 1790 783 et
1811 726 2101 783 manifesto
2131 728 2508 795 asseverabat,
2542 728 2599 781 ni
2635 728 2859 783 vulnere
2911 728 3465 795 fuissetimpeditus-

214 845 269 885 se
304 827 473 883 facile
509 844 675 883 naves
730 829 784 883 in
843 830 1112 884 ditionem
1150 828 1390 897 potuisse
1450 827 1723 895 accipere.
1758 824 2007 880 Cumsic
2023 823 2228 879 factum
2261 834 2571 888 excusaret,
2590 824 2919 894 supplicium
2944 824 3089 893 quod
3113 824 3469 879 minitabatur

217 938 328 987 rex,
351 926 558 977 evasit.
580 923 685 977 Eos
710 934 911 988 autem,
934 938 1071 991 quos
1090 933 1373 992 suspectos
1402 918 1898 989 babebatrex,eapi
1921 927 1975 973 et
2001 918 2053 971 in
2078 917 2292 972 vincula
2319 918 2448 972 duci
2481 918 2661 987 jubet,
2712 916 2867 986 quasi
2888 916 3232 984 expetiturus
3251 932 3466 985 punias.

293 1016 379 1077 Ὠς
418 1015 524 1085 μὲν
559 1014 651 1067 οὖν
677 1014 883 1076 ἱκανῶς
915 1014 1016 1084 ἤδη
1054 1015 1204 1085 αὐτῷ
1239 1014 1299 1067 τὸ
1330 1017 1508 1084 τεῖχος
1565 1012 1792 1064 κατεὸέο

218 1106 402 1175 ὃλητο,
442 1105 587 1157 ὥστε
640 1107 1000 1166 εἰσπεσόντας
1044 1107 1170 1166 τοὺς
1207 1103 1473 1172 νεήλυδας
1522 1102 1792 1154 εἰσελθεῖν

214 1200 267 1260 ἐς
302 1198 404 1268 τὴν
441 1199 621 1261 πόλιν,
647 1198 934 1250 ἐκέλευσεν
967 1197 1070 1249 ἀνὰ
1093 1197 1154 1249 τὸ
1203 1196 1563 1266 στρατόπεδον
1612 1196 1792 1249 ἀπαν-

215 1288 351 1358 ταχῆ
421 1291 575 1360 πυρὰ
636 1289 812 1342 καίειν
880 1292 947 1341 τά
1016 1289 1418 1359 νενομισμένα,
1481 1287 1578 1340 καὶ
1627 1286 1797 1340 τᾶλλα

220 1379 562 1447 ποιούμενος,
613 1380 692 1445 ὡς
746 1383 811 1451 τῇ
889 1380 1121 1453 ἐπιούσῃ
1173 1382 1275 1451 τῆς
1337 1381 1628 1450 ὑστεραίας
1691 1382 1792 1451 τὴν

222 1473 533 1544 προσόολὴν
563 1474 952 1542 ποιησόμενος,
983 1474 1074 1525 καὶ
1102 1474 1202 1542 τήν
1240 1490 1298 1525 τε
1333 1470 1666 1543 διαρπαγὴν,
1698 1471 1796 1525 καὶ

222 1565 740 1634 ἑξανδραποδισμὸν,
809 1565 1177 1636 ἀνεκήρυττεν
1214 1567 1273 1628 ἐς
1322 1565 1391 1618 τὰ
1427 1564 1789 1634 στρατόπεδα.

228 1655 457 1721 Λέγεται
489 1653 591 1722 μὲν
622 1649 719 1706 οὖν
755 1655 852 1706 καὶ
886 1654 1003 1706 τόδε
1026 1669 1041 1685 ⁸
1081 1654 1156 1719 ὡς
1182 1655 1243 1707 τὸ
1272 1657 1450 1725 τεῖχος
1480 1655 1793 1710 ἐπεπτώκει

230 1745 332 1794 ὑπὸ
361 1743 470 1795 τῶν
501 1742 835 1812 τηλεϐὁλων,
865 1744 893 1796 ὁ
920 1743 1229 1815 Σκενδέρεω
1263 1743 1356 1797 τοῦ
1399 1744 1653 1815 Σινώπης
1691 1745 1793 1816 ἄρ-

1963 1008 2152 1063 Murus
2183 1009 2440 1079 cumjam
2494 1009 2631 1065 satis
2681 1018 2828 1063 esset
2867 1008 3152 1076 disjectas,
3226 1012 3470 1078 peregri.

1892 1102 2059 1169 nique
2117 1102 2278 1172 207
2332 1101 2494 1157 facile
2546 1108 2896 1168 penetrarent
2924 1100 2985 1155 in
3053 1103 3262 1166 urbem,
3301 1103 3471 1170 jussit

1896 1191 2052 1260 ignes
2080 1193 2273 1248 solitos
2304 1191 2553 1260 undique
2578 1205 2672 1259 per
2699 1198 2881 1245 castra
2904 1190 3049 1246 fieri.
3093 1191 3302 1246 Caztera
3324 1208 3471 1260 quo-

1896 1297 2003 1352 que
2027 1282 2102 1335 ita
2131 1281 2461 1343 instruebat,
2494 1280 2656 1352 quasi
2683 1280 2777 1349 qui
2813 1281 2972 1335 tertio
3002 1283 3157 1336 abeo
3184 1281 3276 1335 die
3309 1284 3358 1335 vi
3395 1287 3471 1336 ir-

1900 1387 2167 1445 rupturos
2201 1384 2347 1430 esset
2370 1374 2422 1429 in
2454 1373 2666 1429 urbem.
2694 1372 2861 1430 Misso
2905 1374 3087 1443 itaque
3114 1390 3367 1443 praecone
3417 1376 3471 1429 in

1897 1469 2097 1522 castris
2126 1469 2450 1536 pronuntiat
2482 1484 2543 1522 se
2572 1467 2725 1522 urbis
2794 1468 3033 1538 praedam
3086 1477 3141 1523 et
3195 1469 3473 1537 mancipia

1898 1556 2163 1611 militibus
2180 1571 2593 1613 concessurum.
2635 1558 2846 1614 Interea
2888 1573 3012 1613 eum
3046 1560 3159 1615 haec
3194 1561 3474 1630 paraban—

1899 1658 2011 1717 tur,
2045 1661 2098 1705 et
2131 1666 2321 1705 murus
2368 1650 2793 1707 bombardaram
2850 1653 3057 1719 impetu
3114 1654 3229 1721 jam
3258 1652 3476 1707 dirutus

1898 1753 2071 1809 esset,
2103 1744 2424 1809 Scenderis,
2460 1745 2552 1813 qui
2590 1745 2847 1814 Sinopcm
2878 1748 3124 1815 regebat,
3176 1747 3341 1809 filius,
3376 1760 3477 1799 no-

230 1852 413 1904 χον-εκ
447 1836 593 1898 παῖς,
633 1835 932 1906 Ἰσμαήλης
962 1834 1224 1906 τοῦνομα,
1252 1838 1562 1908 προσέφερε
1594 1839 1788 1905 λόγους

1913 1835 2044 1891 nine
2082 1835 2297 1900 lsmael,
2322 1836 2389 1890 ad
2417 1834 2637 1892 Graecos
2653 1837 2811 1899 abiit,
2834 1846 2889 1890 et
2937 1853 3063 1891 cum
3113 1837 3195 1892 eis
3244 1838 3301 1891 in
3333 1839 3477 1891 hunc

236 1926 351 1986 τοῖς
383 1924 601 1994 Ἕλλησι
632 1928 760 1996 περὶ
783 1926 1047 1991 σπονδῶν,
1114 1926 1291 1995 λέγων
1334 1928 1511 1981 τοιάδε
1531 1945 1545 1958 ·
1576 1928 1792 1999 Ἄνδρες

244 2014 524 2085 Ἕλληνες,
574 2018 659 2071 ἐπὶ
704 2018 871 2091 ξυροῦ
940 2020 1124 2093 ἀκμῆς
1158 2021 1306 2091 ὑμῖν,
1373 2020 1447 2084 ὠς
1503 2023 1686 2094 ὁρᾶτε,
1729 2023 1796 2076 τά

245 2109 550 2179 πράγματα
566 2110 779 2180 ἕστηκε.
822 2110 888 2164 Τί
920 2111 981 2165 ού
1008 2113 1256 2181 πρέσόυν
1294 2114 1542 2183 πέμπετε
1580 2098 1655 2177 ὡς
1704 2114 1799 2183 βα-

242 2203 395 2254 σιλέα
427 2203 553 2273 περὶ
582 2203 802 2274 εἰρήνης
831 2222 844 2269 ;
883 2203 983 2256 Ἢν
1014 2205 1124 2275 γὰρ
1151 2206 1280 2275 ἐμοὶ⁵
1307 2206 1533 2278 ἐθέλησε
1580 2207 1802 2277 ἐπιτρέ-

236 2295 356 2360 ψαι,
396 2293 763 2364 διαπράξομαι
816 2296 944 2365 ὑμῖν
977 2296 1212 2359 σπονδὰς
1242 2296 1496 2364 γενέσθαι
1521 2295 1671 2366 παρά
1701 2296 1800 2366 βα-

240 2384 449 2446 σιλέως.
484 2385 599 2437 Καὶ
630 2384 731 2455 τὴν
768 2388 927 2456 χάριν
962 2380 1057 2439 οὖν
1084 2384 1142 2438 εὖ
1171 2382 1268 2439 οἶδ’
1304 2387 1384 2441 δτι
1420 2386 1802 2457 καταθήσεσθε

244 2474 313 2544 τῷ
332 2474 760 2546 διαπραξαμένῳ
808 2476 957 2547 ὑμῖν.
1024 2478 1127 2530 Ἦν
1160 2476 1218 2530 δὲ
1256 2475 1332 2547 μὴ
1372 2477 1530 2530 τοῦτο
1580 2479 1803 2549 γένηται

254 2568 383 2637 ύμῖν,
408 2572 443 2639 η
471 2569 635 2630 πόλις
668 2567 1178 2639 ἐξανδραποδείται,
1219 2569 1311 2623 καὶ
1337 2570 1486 2639 ἡμᾶς
1537 2570 1806 2623 πασσυδεὶ

250 2661 491 2730 βασιλεὺς
526 2660 831 2732 διαφθερεῖ,
866 2661 960 2716 καὶ
985 2664 1247 2729 γυναῖκας
1297 2662 1395 2714 καὶ
1423 2663 1618 2725 παῖδας
1652 2662 1807 2732 ὑμῶν

244 2752 831 2823 ἐξανδραποδιούμεθα,
887 2754 984 2807 καὶ
1019 2755 1277 2825 συμφορᾷ
1324 2755 1809 2824 κατασχεθήσεσθε

240 2847 549 2915 ἀνηκέστῳ.
582 2844 745 2898 Ἀλλά
772 2847 1023 2914 πέμπετε
1056 2847 1131 2907 ὡς
1158 2847 1387 2915 τάχιστα
1405 2846 1577 2915 ἄνδρα
1599 2843 1809 2910 πιστὸν,

238 2935 307 2998 ὡς
341 2936 411 2988 ἀν
458 2937 555 2987 ἐπὶ
581 2937 677 2997 τὰς
712 2935 991 3004 βασιλέως
1030 2936 1203 3008 θύρας
1256 2935 1508 3006 ἀγαγὼν,
1558 2934 1668 3005 ἐγὼ
1697 2937 1814 2990 δια-

242 3025 527 3095 πράξομαι
590 3026 718 3096 ὒμίν
770 3026 870 3096 τὴν
925 3027 1175 3098 εἰρήνην.
1246 3027 1435 3083 Ταῦτα
1485 3027 1641 3098 ἔλεγε
1701 3029 1813 3090 τοῖς

246 3119 475 3188 Ἕλλησι
518 3117 954 3189 βουλευομένοις.
1005 3119 1216 3173 Ἐδόκει
1277 3119 1334 3172 δὲ
1381 3121 1639 3190 πεμπτέα
1670 3118 1811 3173 εἶναι

240 3215 495 3282 ἄγγελον,
535 3215 680 3274 ὅστις
708 3215 773 3267 ἀν
829 3214 1067 3283 πύθηται
1117 3217 1215 3285 τῇς
1276 3214 1537 3285 βασιλέως
1587 3215 1813 3285 γνώμης

241 3309 370 3374 περὶ
407 3308 548 3373 σνερᾶέ
574 3299 641 3376 ἧς
669 3306 809 3371 ἐστι,
852 3305 949 3367 καὶ
975 3305 1115 3358 οὕτω
1136 3307 1531 3376 βουλεύσονται
1563 3307 1690 3377 περὶ
1717 3308 1813 3360 τοῦ

250 3400 596 3460 συνοίσοντος
634 3398 840 3464 σφίσιν,
893 3399 976 3451 ὅτι
1026 3398 1113 3468 εἴη
1165 3399 1389 3469 ἄμεινον
1426 3403 1812 3470 πειρωμένοις.

250 3493 547 3560 Ἐπεμπον
590 3491 644 3543 δὲ
679 3492 848 3561 ἄνδρα
880 3493 979 3545 οὐκ
1002 3494 1292 3563 ἐπίσημον,
1331 3493 1405 3554 ὡς
1444 3495 1815 3565 ἀποπειρασό-

248 3602 417 3653 μενον
452 3587 547 3655 τῆς
576 3585 837 3655 βασιλέως
868 3585 1113 3655 γνώμης.
1162 3585 1318 3638 Ἐπεὶ
1375 3586 1434 3639 δὲ
1474 3588 1700 3656 ἀφίκετο
1760 3589 1817 3651 ἐς

242 3684 342 3743 τας
398 3679 569 3749 θύρας
632 3678 806 3741 οὗτος,
866 3681 1172 3749 ἡγουμένου
1210 3680 1537 3749 ἰσμαήλεω,
1598 3680 1817 3734 ἐκέλευε

246 3772 503 3843 βασιλεὺς
534 3774 665 3825 δέκα
696 3772 869 3826 τελεῖν
912 3774 1061 3843 αὐτῷ
1090 3774 1363 3845 μυριάδας
1401 3774 1496 3827 τοῦ
1544 3774 1816 3829 ἐνιαυτοῦ.

243 3867 308 3918 ει
343 3866 402 3918 δὲ
434 3868 511 3934 μὴ
533 3865 690 3919 τοῦτο
735 3861 838 3917 οἷοί
872 3882 931 3917 τε
986 3858 1086 3920 ὦσι
1140 3867 1420 3920 ποιεῖσθαι
1448 3866 1516 3933 ³⁸,
1576 3869 1821 3935 οἴχεσθαι

243 3958 616 4020 ἀπολιπόντας
649 3959 749 4028 τὴν
777 3959 956 4035 πόλιν,
988 3958 1440 4029 ἀποφερομένους
1462 3961 1531 4012 τά
1581 3959 1821 4029 σφέτερα

242 4052 451 4117 αὐτῶν,
494 4053 721 4115 ἕκαστος
749 4053 874 4105 ὅποι
924 4052 991 4105 ἂν
1036 4052 1280 4122 βούλοιτο
1319 4051 1600 4106 ἀπελθεῖν.
1631 4051 1820 4125 ’ξαῦτα

244 4146 324 4207 ὡς
368 4146 638 4215 ἀνηνέχθη
671 4146 725 4208 ἐς
765 4147 894 4211 τοὺς
945 4145 1239 4215 Ἓλληνας,
1294 4144 1643 4196 ἐϐουλεύοντο
1697 4144 1819 4213 μὲν,

249 4240 349 4291 καὶ
378 4239 551 4291 ἐδόκει
580 4238 910 4308 ἀμύνεσθαι,
937 4238 1453 4300 άνακινδυνεύοντας
1507 4237 1731 4306 μᾶλλον,
1787 4236 1821 4307 ἢ

248 4330 393 4383 οὕτω
423 4331 671 4400 ἀμαχητὶ
702 4330 1020 4393 ἐκλιπόντας
1050 4330 1148 4399 τὴν
1176 4330 1354 4395 πόλιν,
1403 4330 1652 4400 οἴχεσθαι
1690 4330 1808 4381 ἀπο

1927 4342 2264 4398 quocunque
2344 4326 2637 4380 voluerint.

256 4428 537 4485 πλέοντας.
590 4424 744 4492 Ἐμοὶ
775 4423 875 4493 μὲν
897 4421 987 4475 οὖν
1026 4423 1174 4475 δοκεί
1204 4422 1432 4492 βασιλέα
1480 4421 1656 4495 ταῦτα
1685 4439 1819 4492 προ-

1900 1929 2122 1983 modum
2148 1928 2676 1995 orationemdnabuit
2700 1930 3029 1997 (conabatur
3071 1930 3216 1984 enim
3252 1930 3476 1984 Grarcos

1900 2022 1964 2075 ad
1999 2021 2204 2075 foedera
2239 2022 2537 2077 sancienda
2587 2037 2710 2083 eum
2771 2038 2901 2090 rege
2937 2023 3261 2092 perpellere)
3300 2040 3317 2076 :
3368 2021 3475 2078 Res

1898 2122 2118 2175 vestrae,
2147 2111 2248 2193 viri
2268 2110 2467 2175 Graaei,
2498 2112 2553 2165 in
2582 2127 2800 2166 summo
2832 2112 3157 2167 discrimine
3182 2129 3329 2168 nunc
3358 2129 3479 2166 ver-

1902 2214 2120 2260 santur.
2150 2203 2335 2268 Quare
2363 2218 2468 2258 non
2513 2203 2724 2258 mittitis
2753 2203 2989 2274 legatum
3023 2205 3089 2261 ad
3117 2220 3296 2273 regem
3335 2207 3478 2275 peti-

1904 2304 2019 2350 tum
2051 2312 2238 2366 pacem
2270 2298 2292 2350 ?
2324 2296 2378 2350 Si
2411 2296 2542 2350 mihi
2581 2297 2746 2359 vultis
2777 2297 3058 2365 negotium
3125 2298 3272 2353 istud
3321 2313 3481 2353 ροιιιο

1906 2389 2142 2451 mittere.
2172 2389 2329 2445 facile
2356 2406 2425 2445 eo
2454 2389 2732 2447 inclinabo
2762 2389 2908 2459 regis
2929 2392 3173 2445 animum
3207 2400 3269 2446 ut
3296 2392 3484 2447 vobis-

1904 2499 2027 2540 cum
2084 2481 2264 2537 lmdus
2296 2481 2475 2536 feriat.
2527 2482 2666 2537 Nam
2716 2497 2826 2536 non
2882 2482 3101 2547 dubito,
3164 2484 3297 2552 quin
3354 2499 3481 2554 gra-

1906 2576 2038 2630 tiam
2071 2576 2368 2630 maximam
2399 2574 2521 2629 sitis
2562 2575 2788 2629 relaturi
2838 2575 2889 2629 ci
2931 2575 3021 2644 qui
3057 2576 3187 2629 illud
3219 2576 3482 2632 eﬂecerit.

1909 2669 1975 2725 Et
2032 2670 2087 2723 ni
2165 2668 2572 2737 quamprimum
2640 2665 2822 2722 ionius
2898 2668 3292 2733 intervenerit,
3348 2670 3487 2725 urbs

1908 2769 2093 2817 vestra
2128 2759 2431 2815 fmdissime
2460 2759 2775 2829 diripietur,
2809 2768 2864 2814 et
2895 2775 2993 2815 vos
3034 2760 3105 2814 ad
3140 2763 3482 2817 internecio-

1912 2869 2036 2909 nem
2112 2867 2305 2907 omnes
2384 2851 2753 2907 miserabilem
2805 2855 2858 2907 in
2916 2856 3138 2908 modum
3208 2856 3485 2925 peribitis.

1915 2946 2126 3001 Uxores
2154 2954 2209 3000 et
2248 2946 2408 3001 liberi
2439 2947 2605 3002 vestri
2640 2947 2697 3003 in
2734 2947 3157 3017 mancipiorum
3199 2965 3486 3003 numerum

1915 3038 2246 3101 referentur,
2289 3047 2345 3092 et
2373 3037 2426 3091 in
2459 3037 2827 3093 calamitatem
2875 3040 3240 3094 devolvemini
3296 3042 3489 3095 intoleo

1917 3130 2168 3183 randum.
2212 3127 2409 3184 Mittite
2439 3129 2624 3198 igitur,
2655 3145 2805 3185 mora
2844 3133 3025 3185 omnis
3048 3131 3211 3194 absit,
3250 3132 3487 3201 legatum

1917 3225 1982 3277 ad
2016 3239 2221 3293 regem,
2254 3231 2311 3295 et
2344 3237 2533 3290 pacem
2578 3222 2733 3276 vobis
2753 3223 3067 3277 conficiam.
3090 3222 3225 3277 .llazc
3274 3223 3491 3280 loeutus

1915 3324 2000 3370 est
2030 3314 2226 3368 lsnmel
2257 3312 2484 3368 Graecis.
2523 3312 2729 3366 Deinde
2760 3313 2992 3367 consilia
3025 3314 3078 3367 in
3136 3331 3300 3370 unum
3361 3332 3486 3369 con-

1918 3407 2253 3470 ferentibus,
2289 3404 2466 3465 visum
2520 3413 2599 3465 est
2639 3414 2701 3457 ut
2759 3404 2975 3473 legatus
3028 3406 3203 3460 abiret
3257 3407 3325 3461 ad
3376 3406 3493 3462 Me-

1916 3498 2223 3562 clunetem,
2296 3503 2610 3557 tentaturus
2672 3494 3001 3549 sententiam
3064 3497 3247 3563 regis.
3325 3512 3490 3565 quam

1917 3607 2079 3656 super
2110 3589 2315 3645 Graecis
2347 3588 2463 3658 jam
2490 3598 2673 3643 mente
2694 3589 3060 3656 concepisset.
3097 3587 3146 3642 Is
3179 3598 3361 3644 autem
3396 3592 3491 3659 qui

1916 3686 1984 3742 ad
2027 3700 2205 3754 regem
2248 3683 2457 3752 legatus
2519 3681 2597 3736 ire
2642 3680 2835 3748 jussus
2866 3692 3007 3745 erat,
3041 3682 3185 3736 haud
3234 3691 3353 3737 erat
3410 3684 3494 3738 vir

1919 3779 2211 3834 admodum
2245 3777 2475 3835 illustris
2522 3784 2577 3830 et
2634 3776 2788 3831 claro
2817 3790 3017 3844 genere
3085 3785 3263 3829 natus.
3297 3777 3492 3843 Quem,

1919 3887 2044 3927 cum
2076 3869 2317 3925 venisset
2342 3871 2409 3925 ad
2434 3868 2635 3936 januas
2673 3867 2839 3936 regis,
2872 3882 3042 3934 opera
3077 3865 3347 3932 lsmaelts,
3399 3883 3494 3922 rex

1917 3964 2079 4034 jussit
2110 3963 2431 4018 renuntiare
2463 3959 2693 4023 Graecis,
2749 3968 2807 4012 ut
2842 3958 3036 4014 tributi
3091 3959 3313 4012 nomine
3350 3974 3494 4028 quo-

1921 4056 2103 4107 tannis
2133 4054 2320 4107 decem
2362 4052 2636 4121 myriades
2688 4064 2982 4107 aureorum
3025 4060 3339 4105 attinerent.
3395 4051 3493 4105 Sin

1924 4152 2107 4197 autem
2130 4142 2375 4197 conditio
2411 4141 2527 4194 haec
2562 4140 2694 4207 ipsis
2752 4139 3109 4208 itnpossibilis
3138 4146 3254 4195 visa
3304 4141 3493 4209 fuerit,

1924 4240 2121 4290 abeant
2152 4236 2531 4301 relinquentes
2560 4232 2748 4285 urbem
2785 4231 2992 4301 singuli
3024 4247 3149 4287 cum
3170 4235 3348 4289 bonis
3380 4251 3497 4289 suis

2721 4323 3007 4378 Sententia
3075 4322 3397 4380 Mecbmetis
3438 4336 3499 4380 ut

1928 4423 2208 4490 proposita
2233 4427 2317 4474 est
2344 4416 2572 4482 Graecis,
2600 4414 2667 4470 ad
2698 4415 3158 4471 consultationem
3191 4429 3497 4474 vertuntur.

250 4522 445 4581 τεῖναι,
480 4515 935 4585 ἀποπειρώμενον
968 4514 1067 4585 τῆς
1101 4513 1373 4586 Ἑλλήνων
1425 4514 1677 4584 γνώμης.
1712 4516 1808 4567 Ka‘

1927 4512 2169 4568 Tandem
2206 4510 2389 4566 multis
2428 4512 2573 4562 ultro
2621 4507 2868 4575 citroque
2889 4507 3077 4567 dictis.
3111 4522 3175 4563 ea
3226 4512 3499 4565 sententia

249 4613 316 4663 τα
365 4611 658 4676 ὀρύγματα
716 4606 917 4678 μᾶλλον
980 4608 1163 4660 αὐτῶν
1214 4609 1471 4680 ἄπρακτα
1528 4606 1819 4676 γενόμενα,

250 4703 425 4770 ἐπῆρε
450 4698 860 4765 διαπειρᾶσθαι,
886 4698 914 4750 ὃ
943 4713 998 4749 τι
1035 4695 1355 4766 γινώσκοιεν
1388 4698 1518 4766 περὶ
1578 4700 1726 4765 σφῶν
1773 4698 1822 4747 οἱ

253 4796 533 4863 Ἕλληνες,
567 4795 674 4845 εἴτε
696 4794 869 4863 ἐχυρὰ
916 4792 1002 4860 ετη
1047 4790 1229 4853 αὐτοῖς
1274 4791 1343 4843 τά
1395 4790 1726 4859 πράγματα.
1757 4789 1822 4843 Οἱ

259 4887 354 4953 μὲν
406 4882 501 4936 οὖν
536 4884 797 4949 ’Έλληνες
856 4882 911 4944 ἐς
945 4879 1201 4933 τοσοῦτον
1244 4881 1590 4950 ἐξεφέροντο,
1616 4882 1672 4943 ἐς
1700 4881 1825 4932 ὅσον

263 4992 348 5043 μοι
376 4975 695 5044 δεδήλωται.

1928 4606 2079 4667 vicit,
2109 4602 2268 4671 cujus
2302 4612 2459 4657 tenor
2488 4608 2607 4657 erat
2635 4617 2650 4656 :
2703 4602 2875 4669 magis
2906 4600 3323 4671 repugnandum
3376 4618 3500 4657 esse

1930 4695 2105 4767 hosti,
2150 4692 2402 4763 quamvis
2474 4691 2667 4759 ingens
2716 4689 3012 4745 discrimen
3047 4706 3111 4747 se
3159 4694 3497 4756 ostenderet.

1929 4801 2092 4857 quam
2121 4784 2391 4853 ignaviam
2420 4781 2695 4839 imbellem
2733 4789 2886 4848 sequi
2941 4792 2994 4845 et
3024 4783 3174 4837 nullo
3198 4786 3501 4839 commisso

1931 4878 2122 4947 praclio
2184 4873 2534 4943 abnavigare.
2603 4871 2921 4927 deserentes
2966 4873 3181 4928 urbem.
3229 4874 3343 4944 Ego
3388 4877 3503 4930 exi-

1939 4971 2100 5025 stimo
2158 4968 2395 5035 legatum
2462 4962 2777 5017 Graecorum
2842 4978 2967 5018 cum
3030 4965 3342 5033 liujustnotli
3412 4981 3501 5019 re-

258 5086 456 5142 sponso
496 5073 564 5126 ab
596 5071 896 5127 Mechmete
934 5073 1000 5126 ad
1052 5070 1270 5127 Graecos
1322 5068 1633 5134 dimissum,
1669 5078 1725 5121 ut
1759 5082 1950 5122 eorum
1990 5065 2205 5119 animos
2257 5069 2513 5114 tentaret.
2563 5059 2695 5113 Nam
2762 5074 2889 5112 eum
2924 5057 3115 5113 fossas,
3146 5074 3335 5113 eorum
3379 5073 3501 5111 cer-

266 5181 412 5224 neret
442 5186 616 5242 usque
648 5171 763 5224 tieri
789 5170 855 5224 ad
908 5168 1319 5240 repugnandqu
1382 5167 1676 5232 inhabiles,
1727 5166 2030 5220 conabatur
2082 5162 2395 5230 explorare,
2434 5171 2681 5226 quaenam
2741 5155 3052 5211 Graecorum
3112 5156 3165 5208 in
3242 5157 3499 5223 praesenti

268 5266 577 5321 discrimine
595 5274 738 5321 esset
769 5271 1082 5322 sententia:
1120 5273 1379 5334 praeterea
1432 5278 1563 5317 num
1618 5276 1706 5315 res
1760 5255 2157 5314 eornmadliuc
2200 5252 2404 5321 aliquid
2452 5250 2667 5307 roboris
2707 5250 2823 5306 sive
2878 5248 3152 5303 ﬁrmitatis
3213 5247 3495 5302 haberent.

267 5362 325 5413 Δι
351 5358 516 5415 ϐττιιεὶ
547 5362 601 5415 in
631 5361 774 5416 bunc
808 5359 1027 5414 modum
1049 5374 1208 5429 quem
1251 5358 1510 5423 diximus,
1548 5372 1607 5411 se
1652 5355 1938 5427 gerebant.

331 5454 586 5514 Βασιλεὺς
610 5453 691 5515 δὲ,
723 5454 794 5515 ὡς
823 5452 970 5521 αὑτῴ
1001 5452 1068 5505 τὰ
1117 5453 1174 5516 ἐς
1217 5450 1316 5522 τὴν
1338 5450 1650 5523 προσϐολὴν
1676 5463 1816 5518 παρ-

2003 5443 2137 5509 Rex,
2192 5458 2318 5497 cum
2362 5441 2543 5499 omnia
2590 5437 2657 5492 ad
2715 5433 3171 5506 Oppugnationem
3230 5435 3366 5490 satis
3417 5434 3499 5489 in-

1540 5582 1783 5647 Netolze
1821 5579 2228 5658 marginales.

332 5724 376 5754 ”
412 5722 473 5776 lu
506 5735 625 5785 ora,
660 5719 907 5783 ποιῆσαι.
1168 5767 1252 5791 ,η
1338 5764 1450 5789 μη.
