  <div class='ocr_page' id='page_1' title='image "/cluster/home/n/w/nwhite01/storage/ocr_20150623/159/hvd.32044073502684/216.png"; bbox 0 0 4006 6204; ppageno 0'>
   <div class='ocr_carea' id='block_1_1' title="bbox 244 249 367 309">
    <p class='ocr_par' dir='ltr' id='par_1_1' title="bbox 244 249 367 309">
     <span class='ocr_line' id='line_1_1' title="bbox 244 249 367 309; baseline 0.008 -1"><span class='ocrx_word' id='word_1_1' title='bbox 244 249 367 309; x_wconf 57' lang='grc'><strong>389</strong></span> 
     </span>
    </p>
   </div>
   <div class='ocr_carea' id='block_1_2' title="bbox 1241 245 2404 310">
    <p class='ocr_par' dir='ltr' id='par_1_2' title="bbox 1241 245 2404 310">
     <span class='ocr_line' id='line_1_2' title="bbox 1241 245 2404 310; baseline 0 -3"><span class='ocrx_word' id='word_1_2' title='bbox 1241 247 1342 309; x_wconf 86' lang='lat' dir='ltr'><strong>DE</strong></span> <span class='ocrx_word' id='word_1_3' title='bbox 1376 246 1628 310; x_wconf 68' lang='grc' dir='ltr'><strong>ΗΕΒυὸ</strong></span> <span class='ocrx_word' id='word_1_4' title='bbox 1651 245 2017 308; x_wconf 81' lang='lat' dir='ltr'><strong>TURCICIS</strong></span> <span class='ocrx_word' id='word_1_5' title='bbox 2049 246 2201 308; x_wconf 81' lang='lat' dir='ltr'><strong>LIB.</strong></span> <span class='ocrx_word' id='word_1_6' title='bbox 2234 246 2404 307; x_wconf 76' lang='lat' dir='ltr'><strong>VIII.</strong></span> 
     </span>
    </p>
   </div>
   <div class='ocr_carea' id='block_1_3' title="bbox 3400 245 3545 307">
    <p class='ocr_par' dir='ltr' id='par_1_3' title="bbox 3400 245 3545 307">
     <span class='ocr_line' id='line_1_3' title="bbox 3400 245 3545 307; baseline 0 0"><span class='ocrx_word' id='word_1_7' title='bbox 3400 245 3545 307; x_wconf 80' lang='lat'><strong>390-</strong></span> 
     </span>
    </p>
   </div>
   <div class='ocr_carea' id='block_1_4' title="bbox 237 364 1835 442">
    <p class='ocr_par' dir='ltr' id='par_1_4' title="bbox 237 364 1835 438">
     <span class='ocr_line' id='line_1_4' title="bbox 237 364 1835 438; baseline 0.001 -19"><span class='ocrx_word' id='word_1_8' title='bbox 237 369 508 434; x_wconf 80' lang='grc' dir='ltr'>σόμενος,</span> <span class='ocrx_word' id='word_1_9' title='bbox 567 367 664 418; x_wconf 72' lang='grc' dir='ltr'><strong>καὶ</strong></span> <span class='ocrx_word' id='word_1_10' title='bbox 724 364 1028 430; x_wconf 79' lang='grc' dir='ltr'>διαλλάξων</span> <span class='ocrx_word' id='word_1_11' title='bbox 1081 365 1207 429; x_wconf 79' lang='grc' dir='ltr'>τοὺς</span> <span class='ocrx_word' id='word_1_12' title='bbox 1267 367 1538 436; x_wconf 82' lang='grc' dir='ltr'>Ἕλληνας</span> <span class='ocrx_word' id='word_1_13' title='bbox 1577 369 1655 438; x_wconf 81' lang='grc' dir='ltr'>τῷ</span> <span class='ocrx_word' id='word_1_14' title='bbox 1701 369 1835 421; x_wconf 86' lang='grc' dir='ltr'><strong>Ῥω-</strong></span> 
     </span>
    </p>
   </div>
   <div class='ocr_carea' id='block_1_5' title="bbox 1942 364 3513 442">
    <p class='ocr_par' dir='ltr' id='par_1_5' title="bbox 1945 365 3513 442">
     <span class='ocr_line' id='line_1_5' title="bbox 1945 365 3513 442; baseline -0.002 -23"><span class='ocrx_word' id='word_1_15' title='bbox 1945 366 2153 421; x_wconf 84' lang='lat' dir='ltr'><strong>auxilio</strong></span> <span class='ocrx_word' id='word_1_16' title='bbox 2183 374 2408 420; x_wconf 73' lang='lat' dir='ltr'><strong>venerat</strong></span> <span class='ocrx_word' id='word_1_17' title='bbox 2438 379 2561 420; x_wconf 90' lang='lat' dir='ltr'><strong>cum</strong></span> <span class='ocrx_word' id='word_1_18' title='bbox 2611 380 2747 420; x_wconf 83' lang='lat' dir='ltr'><strong>nave</strong></span> <span class='ocrx_word' id='word_1_19' title='bbox 2775 365 3008 442; x_wconf 86' lang='lat' dir='ltr'><strong>maxima</strong></span> <span class='ocrx_word' id='word_1_20' title='bbox 3041 374 3094 420; x_wconf 91' lang='lat' dir='ltr'><strong>et</strong></span> <span class='ocrx_word' id='word_1_21' title='bbox 3127 365 3387 419; x_wconf 81' lang='lat' dir='ltr'><strong>trecentis</strong></span> <span class='ocrx_word' id='word_1_22' title='bbox 3429 382 3513 417; x_wconf 87' lang='lat' dir='ltr'><strong>ar-</strong></span> 
     </span>
    </p>
   </div>
   <div class='ocr_carea' id='block_1_6' title="bbox 239 455 1831 530">
    <p class='ocr_par' dir='ltr' id='par_1_6' title="bbox 239 455 1831 530">
     <span class='ocr_line' id='line_1_6' title="bbox 239 455 1831 530; baseline 0.001 -19"><span class='ocrx_word' id='word_1_23' title='bbox 239 462 440 527; x_wconf 75' lang='grc' dir='ltr'>μαίων</span> <span class='ocrx_word' id='word_1_24' title='bbox 520 459 793 528; x_wconf 81' lang='grc' dir='ltr'>ἀρχιερεῖ.</span> <span class='ocrx_word' id='word_1_25' title='bbox 854 457 1041 511; x_wconf 77' lang='grc' dir='ltr'>Ταῦτα</span> <span class='ocrx_word' id='word_1_26' title='bbox 1107 459 1210 529; x_wconf 74' lang='grc' dir='ltr'>μὲν</span> <span class='ocrx_word' id='word_1_27' title='bbox 1283 455 1377 513; x_wconf 80' lang='grc' dir='ltr'>οὖν</span> <span class='ocrx_word' id='word_1_28' title='bbox 1457 460 1625 530; x_wconf 81' lang='grc' dir='ltr'>ὀλίγῳ</span> <span class='ocrx_word' id='word_1_29' title='bbox 1694 461 1831 530; x_wconf 84' lang='grc' dir='ltr'>πρό-</span> 
     </span>
    </p>
   </div>
   <div class='ocr_carea' id='block_1_7' title="bbox 231 549 1834 622">
    <p class='ocr_par' dir='ltr' id='par_1_7' title="bbox 231 549 1834 622">
     <span class='ocr_line' id='line_1_7' title="bbox 231 549 1834 622; baseline 0.002 -20"><span class='ocrx_word' id='word_1_30' title='bbox 231 567 413 620; x_wconf 74' lang='grc' dir='ltr'>τερον</span> <span class='ocrx_word' id='word_1_31' title='bbox 486 549 639 618; x_wconf 81' lang='grc' dir='ltr'><strong>αὐτῷ</strong></span> <span class='ocrx_word' id='word_1_32' title='bbox 709 549 1046 619; x_wconf 80' lang='grc' dir='ltr'>ἐπεποίητο,</span> <span class='ocrx_word' id='word_1_33' title='bbox 1123 551 1221 606; x_wconf 72' lang='grc' dir='ltr'>καὶ</span> <span class='ocrx_word' id='word_1_34' title='bbox 1284 552 1336 603; x_wconf 79' lang='lat' dir='ltr'><strong>oi</strong></span> <span class='ocrx_word' id='word_1_35' title='bbox 1407 552 1670 622; x_wconf 76' lang='grc' dir='ltr'>Ἕλληνες</span> <span class='ocrx_word' id='word_1_36' title='bbox 1733 552 1834 622; x_wconf 78' lang='grc' dir='ltr'><strong>ὁψέ</strong></span> 
     </span>
    </p>
   </div>
   <div class='ocr_carea' id='block_1_8' title="bbox 236 641 1649 713">
    <p class='ocr_par' dir='ltr' id='par_1_8' title="bbox 236 641 1649 713">
     <span class='ocr_line' id='line_1_8' title="bbox 236 641 1649 713; baseline 0.004 -18"><span class='ocrx_word' id='word_1_37' title='bbox 236 645 388 712; x_wconf 74' lang='grc' dir='ltr'>γοῦν</span> <span class='ocrx_word' id='word_1_38' title='bbox 440 644 498 707; x_wconf 89' lang='grc' dir='ltr'><strong>ἐς</strong></span> <span class='ocrx_word' id='word_1_39' title='bbox 553 641 845 711; x_wconf 73' lang='grc' dir='ltr'><strong>διαλλαγὴν</strong></span> <span class='ocrx_word' id='word_1_40' title='bbox 898 643 1156 711; x_wconf 79' lang='grc' dir='ltr'>ἀφίκοντο</span> <span class='ocrx_word' id='word_1_41' title='bbox 1176 645 1288 706; x_wconf 76' lang='grc' dir='ltr'>τοῖς</span> <span class='ocrx_word' id='word_1_42' title='bbox 1331 643 1649 713; x_wconf 79' lang='grc' dir='ltr'>Ῥωμαίοις.</span> 
     </span>
    </p>
   </div>
   <div class='ocr_carea' id='block_1_9' title="bbox 1944 457 3512 527">
    <p class='ocr_par' dir='ltr' id='par_1_9' title="bbox 1944 457 3512 527">
     <span class='ocr_line' id='line_1_9' title="bbox 1944 457 3512 527; baseline -0.003 -12"><span class='ocrx_word' id='word_1_43' title='bbox 1944 462 2126 526; x_wconf 86' lang='lat' dir='ltr'><strong>matis,</strong></span> <span class='ocrx_word' id='word_1_44' title='bbox 2157 475 2225 514; x_wconf 84' lang='lat' dir='ltr'><strong>eo</strong></span> <span class='ocrx_word' id='word_1_45' title='bbox 2253 459 2356 514; x_wconf 89' lang='lat' dir='ltr'><strong>loci</strong></span> <span class='ocrx_word' id='word_1_46' title='bbox 2390 475 2514 512; x_wconf 83' lang='lat' dir='ltr'><strong>cum</strong></span> <span class='ocrx_word' id='word_1_47' title='bbox 2555 459 2672 514; x_wconf 84' lang='lat' dir='ltr'><strong>suis</strong></span> <span class='ocrx_word' id='word_1_48' title='bbox 2696 458 2998 512; x_wconf 79' lang='lat' dir='ltr'><strong>consistere</strong></span> <span class='ocrx_word' id='word_1_49' title='bbox 3021 457 3238 527; x_wconf 85' lang='lat' dir='ltr'><strong>jubent,</strong></span> <span class='ocrx_word' id='word_1_50' title='bbox 3295 457 3384 511; x_wconf 88' lang='lat' dir='ltr'><strong>ubi</strong></span> <span class='ocrx_word' id='word_1_51' title='bbox 3417 471 3512 510; x_wconf 86' lang='lat' dir='ltr'><strong>rex</strong></span> 
     </span>
    </p>
   </div>
   <div class='ocr_carea' id='block_1_10' title="bbox 1943 549 3515 622">
    <p class='ocr_par' dir='ltr' id='par_1_10' title="bbox 1943 549 3515 622">
     <span class='ocr_line' id='line_1_10' title="bbox 1943 549 3515 622; baseline -0.003 -16"><span class='ocrx_word' id='word_1_52' title='bbox 1943 563 1998 606; x_wconf 91' lang='lat' dir='ltr'><strong>et</strong></span> <span class='ocrx_word' id='word_1_53' title='bbox 2035 552 2309 622; x_wconf 76' lang='lat' dir='ltr'><strong>peregrini</strong></span> <span class='ocrx_word' id='word_1_54' title='bbox 2345 551 2700 620; x_wconf 81' lang='lat' dir='ltr'><strong>irraptioueui</strong></span> <span class='ocrx_word' id='word_1_55' title='bbox 2734 550 2930 605; x_wconf 80' lang='lat' dir='ltr'><strong>facturi</strong></span> <span class='ocrx_word' id='word_1_56' title='bbox 2958 561 3134 604; x_wconf 84' lang='lat' dir='ltr'><strong>erant.</strong></span> <span class='ocrx_word' id='word_1_57' title='bbox 3165 549 3244 604; x_wconf 78' lang='lat' dir='ltr'><strong>lbi</strong></span> <span class='ocrx_word' id='word_1_58' title='bbox 3273 557 3515 604; x_wconf 84' lang='lat' dir='ltr'><strong>stantem</strong></span> 
     </span>
    </p>
   </div>
   <div class='ocr_carea' id='block_1_11' title="bbox 1943 639 3516 700">
    <p class='ocr_par' dir='ltr' id='par_1_11' title="bbox 1943 639 3516 700">
     <span class='ocr_line' id='line_1_11' title="bbox 1943 639 3516 700; baseline -0.004 0"><span class='ocrx_word' id='word_1_59' title='bbox 1943 661 2066 700; x_wconf 86' lang='lat' dir='ltr'><strong>cum</strong></span> <span class='ocrx_word' id='word_1_60' title='bbox 2126 644 2244 699; x_wconf 83' lang='lat' dir='ltr'><strong>suis</strong></span> <span class='ocrx_word' id='word_1_61' title='bbox 2315 645 2540 698; x_wconf 85' lang='lat' dir='ltr'><strong>armatis</strong></span> <span class='ocrx_word' id='word_1_62' title='bbox 2597 644 2704 697; x_wconf 83' lang='lat' dir='ltr'><strong>vim</strong></span> <span class='ocrx_word' id='word_1_63' title='bbox 2788 642 3040 698; x_wconf 75' lang='lat' dir='ltr'><strong>hostilem</strong></span> <span class='ocrx_word' id='word_1_64' title='bbox 3099 641 3310 696; x_wconf 81' lang='lat' dir='ltr'><strong>amoliri</strong></span> <span class='ocrx_word' id='word_1_65' title='bbox 3373 639 3516 694; x_wconf 84' lang='lat' dir='ltr'><strong>vole-</strong></span> 
     </span>
    </p>
   </div>
   <div class='ocr_carea' id='block_1_12' title="bbox 245 739 3516 811">
    <p class='ocr_par' dir='ltr' id='par_1_12' title="bbox 245 739 3516 811">
     <span class='ocr_line' id='line_1_12' title="bbox 245 739 3516 811; baseline -0.001 -18"><span class='ocrx_word' id='word_1_66' title='bbox 245 742 416 794; x_wconf 85' lang='lat' dir='ltr'><strong>bant.</strong></span> <span class='ocrx_word' id='word_1_67' title='bbox 486 739 639 793; x_wconf 83' lang='lat' dir='ltr'><strong>Haud</strong></span> <span class='ocrx_word' id='word_1_68' title='bbox 698 740 886 808; x_wconf 85' lang='lat' dir='ltr'><strong>procul</strong></span> <span class='ocrx_word' id='word_1_69' title='bbox 961 744 1148 794; x_wconf 87' lang='lat' dir='ltr'><strong>aberat</strong></span> <span class='ocrx_word' id='word_1_70' title='bbox 1207 755 1306 795; x_wconf 79' lang='lat' dir='ltr'><strong>rex</strong></span> <span class='ocrx_word' id='word_1_71' title='bbox 1363 739 1672 796; x_wconf 60' lang='lat' dir='ltr'><strong>Grecorum</strong></span> <span class='ocrx_word' id='word_1_72' title='bbox 1737 755 1862 796; x_wconf 87' lang='lat' dir='ltr'><strong>eum</strong></span> <span class='ocrx_word' id='word_1_73' title='bbox 1945 742 2061 796; x_wconf 82' lang='lat' dir='ltr'><strong>suis</strong></span> <span class='ocrx_word' id='word_1_74' title='bbox 2121 751 2184 794; x_wconf 88' lang='lat' dir='ltr'><strong>ut</strong></span> <span class='ocrx_word' id='word_1_75' title='bbox 2271 756 2434 811; x_wconf 86' lang='lat' dir='ltr'><strong>quam</strong></span> <span class='ocrx_word' id='word_1_76' title='bbox 2508 740 2806 796; x_wconf 73' lang='lat' dir='ltr'><strong>fortissime</strong></span> <span class='ocrx_word' id='word_1_77' title='bbox 2890 741 3078 795; x_wconf 87' lang='lat' dir='ltr'><strong>hostes</strong></span> <span class='ocrx_word' id='word_1_78' title='bbox 3150 741 3516 809; x_wconf 74' lang='lat' dir='ltr'><strong>propulsaret.</strong></span> 
     </span>
    </p>
   </div>
   <div class='ocr_carea' id='block_1_13' title="bbox 249 833 3516 904">
    <p class='ocr_par' dir='ltr' id='par_1_13' title="bbox 249 833 3516 904">
     <span class='ocr_line' id='line_1_13' title="bbox 249 833 3516 904; baseline 0 -18"><span class='ocrx_word' id='word_1_79' title='bbox 249 836 436 888; x_wconf 80' lang='lat' dir='ltr'><strong>Etiam</strong></span> <span class='ocrx_word' id='word_1_80' title='bbox 495 833 797 889; x_wconf 87' lang='lat' dir='ltr'><strong>cardinalis</strong></span> <span class='ocrx_word' id='word_1_81' title='bbox 865 833 1129 895; x_wconf 80' lang='lat' dir='ltr'><strong>Isidorus.</strong></span> <span class='ocrx_word' id='word_1_82' title='bbox 1190 834 1564 890; x_wconf 81' lang='lat' dir='ltr'><strong>Sarmatarum</strong></span> <span class='ocrx_word' id='word_1_83' title='bbox 1626 838 1894 900; x_wconf 85' lang='lat' dir='ltr'><strong>antistes,</strong></span> <span class='ocrx_word' id='word_1_84' title='bbox 1935 835 2094 904; x_wconf 88' lang='lat' dir='ltr'><strong>cujus</strong></span> <span class='ocrx_word' id='word_1_85' title='bbox 2139 842 2265 889; x_wconf 84' lang='lat' dir='ltr'><strong>ante</strong></span> <span class='ocrx_word' id='word_1_86' title='bbox 2330 835 2702 898; x_wconf 81' lang='lat' dir='ltr'><strong>meminimus,</strong></span> <span class='ocrx_word' id='word_1_87' title='bbox 2765 833 2988 894; x_wconf 65' lang='lat' dir='ltr'><strong>Graecis.</strong></span> <span class='ocrx_word' id='word_1_88' title='bbox 3053 849 3221 902; x_wconf 69' lang='lat' dir='ltr'><strong>[mea</strong></span> <span class='ocrx_word' id='word_1_89' title='bbox 3263 847 3400 901; x_wconf 88' lang='lat' dir='ltr'><strong>quos</strong></span> <span class='ocrx_word' id='word_1_90' title='bbox 3451 849 3516 885; x_wconf 81' lang='lat' dir='ltr'><strong>ea</strong></span> 
     </span>
    </p>
   </div>
   <div class='ocr_carea' id='block_1_14' title="bbox 246 924 3517 998">
    <p class='ocr_par' dir='ltr' id='par_1_14' title="bbox 246 924 3517 998">
     <span class='ocr_line' id='line_1_14' title="bbox 246 924 3517 998; baseline -0.001 -17"><span class='ocrx_word' id='word_1_91' title='bbox 246 938 588 998; x_wconf 73' lang='lat' dir='ltr'><strong>tempestate</strong></span> <span class='ocrx_word' id='word_1_92' title='bbox 613 937 751 991; x_wconf 87' lang='lat' dir='ltr'><strong>erat,</strong></span> <span class='ocrx_word' id='word_1_93' title='bbox 774 928 978 982; x_wconf 86' lang='lat' dir='ltr'><strong>auxilio</strong></span> <span class='ocrx_word' id='word_1_94' title='bbox 997 927 1119 982; x_wconf 90' lang='lat' dir='ltr'><strong>fuit.</strong></span> <span class='ocrx_word' id='word_1_95' title='bbox 1141 929 1345 982; x_wconf 82' lang='lat' dir='ltr'><strong>Aderat</strong></span> <span class='ocrx_word' id='word_1_96' title='bbox 1367 930 1511 982; x_wconf 83' lang='lat' dir='ltr'><strong>enim</strong></span> <span class='ocrx_word' id='word_1_97' title='bbox 1534 935 1593 982; x_wconf 88' lang='lat' dir='ltr'><strong>ut</strong></span> <span class='ocrx_word' id='word_1_98' title='bbox 1613 929 1883 998; x_wconf 84' lang='lat' dir='ltr'><strong>synodum</strong></span> <span class='ocrx_word' id='word_1_99' title='bbox 1908 934 2353 995; x_wconf 79' lang='lat' dir='ltr'><strong>congregaret,et</strong></span> <span class='ocrx_word' id='word_1_100' title='bbox 2373 925 2618 980; x_wconf 81' lang='lat' dir='ltr'><strong>Romano</strong></span> <span class='ocrx_word' id='word_1_101' title='bbox 2632 924 2871 994; x_wconf 74' lang='lat' dir='ltr'><strong>pontifici</strong></span> <span class='ocrx_word' id='word_1_102' title='bbox 2889 925 3106 980; x_wconf 58' lang='lat' dir='ltr'><strong>Graecos</strong></span> <span class='ocrx_word' id='word_1_103' title='bbox 3123 926 3517 981; x_wconf 84' lang='lat' dir='ltr'><strong>reconciliaret.</strong></span> 
     </span>
    </p>
   </div>
   <div class='ocr_carea' id='block_1_15' title="bbox 245 1021 3516 1093">
    <p class='ocr_par' dir='ltr' id='par_1_15' title="bbox 245 1021 3516 1093">
     <span class='ocr_line' id='line_1_15' title="bbox 245 1021 3516 1093; baseline 0 -17"><span class='ocrx_word' id='word_1_104' title='bbox 245 1025 381 1077; x_wconf 56' lang='grc' dir='ltr'><strong>ηερε</strong></span> <span class='ocrx_word' id='word_1_105' title='bbox 437 1026 658 1092; x_wconf 83' lang='lat' dir='ltr'><strong>quidem</strong></span> <span class='ocrx_word' id='word_1_106' title='bbox 706 1023 869 1093; x_wconf 84' lang='lat' dir='ltr'><strong>paulo</strong></span> <span class='ocrx_word' id='word_1_107' title='bbox 918 1034 1045 1079; x_wconf 83' lang='lat' dir='ltr'><strong>ante</strong></span> <span class='ocrx_word' id='word_1_108' title='bbox 1091 1025 1428 1079; x_wconf 80' lang='lat' dir='ltr'><strong>confecerat.</strong></span> <span class='ocrx_word' id='word_1_109' title='bbox 1491 1026 1560 1079; x_wconf 79' lang='lat' dir='ltr'><strong>At</strong></span> <span class='ocrx_word' id='word_1_110' title='bbox 1613 1023 1820 1079; x_wconf 57' lang='lat' dir='ltr'><strong>Graecis</strong></span> <span class='ocrx_word' id='word_1_111' title='bbox 1872 1025 1960 1078; x_wconf 87' lang='lat' dir='ltr'><strong>illa</strong></span> <span class='ocrx_word' id='word_1_112' title='bbox 2013 1038 2135 1076; x_wconf 90' lang='lat' dir='ltr'><strong>cum</strong></span> <span class='ocrx_word' id='word_1_113' title='bbox 2175 1021 2438 1078; x_wconf 76' lang='lat' dir='ltr'><strong>Romanis</strong></span> <span class='ocrx_word' id='word_1_114' title='bbox 2493 1023 2873 1076; x_wconf 83' lang='lat' dir='ltr'><strong>reconciliatio</strong></span> <span class='ocrx_word' id='word_1_115' title='bbox 2927 1026 3090 1076; x_wconf 85' lang='lat' dir='ltr'><strong>nimis</strong></span> <span class='ocrx_word' id='word_1_116' title='bbox 3125 1038 3245 1077; x_wconf 87' lang='lat' dir='ltr'><strong>sera</strong></span> <span class='ocrx_word' id='word_1_117' title='bbox 3282 1028 3516 1079; x_wconf 76' lang='lat' dir='ltr'><strong>exstitit.</strong></span> 
     </span>
    </p>
   </div>
   <div class='ocr_carea' id='block_1_16' title="bbox 331 1115 1834 1189">
    <p class='ocr_par' dir='ltr' id='par_1_16' title="bbox 331 1115 1834 1189">
     <span class='ocr_line' id='line_1_16' title="bbox 331 1115 1834 1189; baseline -0.001 -16"><span class='ocrx_word' id='word_1_118' title='bbox 331 1121 598 1182; x_wconf 74' lang='grc' dir='ltr'>Βασιλεὺς</span> <span class='ocrx_word' id='word_1_119' title='bbox 655 1119 732 1181; x_wconf 78' lang='grc' dir='ltr'>δὲ,</span> <span class='ocrx_word' id='word_1_120' title='bbox 779 1120 854 1181; x_wconf 79' lang='grc' dir='ltr'><strong>ὡς</strong></span> <span class='ocrx_word' id='word_1_121' title='bbox 904 1119 1078 1172; x_wconf 86' lang='grc' dir='ltr'>ἐδόκει</span> <span class='ocrx_word' id='word_1_122' title='bbox 1128 1117 1245 1187; x_wconf 79' lang='grc' dir='ltr'><strong>ὥρα</strong></span> <span class='ocrx_word' id='word_1_123' title='bbox 1294 1115 1436 1172; x_wconf 74' lang='grc' dir='ltr'>εἶναι</span> <span class='ocrx_word' id='word_1_124' title='bbox 1470 1121 1834 1189; x_wconf 81' lang='grc' dir='ltr'>προσϐάλλειν</span> 
     </span>
    </p>
   </div>
   <div class='ocr_carea' id='block_1_17' title="bbox 244 1206 1838 1283">
    <p class='ocr_par' dir='ltr' id='par_1_17' title="bbox 244 1206 1838 1283">
     <span class='ocr_line' id='line_1_17' title="bbox 244 1206 1838 1283; baseline -0.001 -16"><span class='ocrx_word' id='word_1_125' title='bbox 244 1216 453 1273; x_wconf 66' lang='grc' dir='ltr'>ἕωθεν,</span> <span class='ocrx_word' id='word_1_126' title='bbox 490 1215 689 1283; x_wconf 82' lang='grc' dir='ltr'>Ἀρεος</span> <span class='ocrx_word' id='word_1_127' title='bbox 725 1212 769 1264; x_wconf 83' lang='grc' dir='ltr'>δ’</span> <span class='ocrx_word' id='word_1_128' title='bbox 798 1206 868 1281; x_wconf 78' lang='grc' dir='ltr'>ἦν</span> <span class='ocrx_word' id='word_1_129' title='bbox 897 1213 1106 1282; x_wconf 82' lang='grc' dir='ltr'>ἡμέρα,</span> <span class='ocrx_word' id='word_1_130' title='bbox 1138 1214 1207 1264; x_wconf 81' lang='grc' dir='ltr'>τά</span> <span class='ocrx_word' id='word_1_131' title='bbox 1240 1229 1298 1265; x_wconf 88' lang='grc' dir='ltr'><strong>τε</strong></span> <span class='ocrx_word' id='word_1_132' title='bbox 1325 1213 1581 1282; x_wconf 81' lang='grc' dir='ltr'>κύμϐαλα</span> <span class='ocrx_word' id='word_1_133' title='bbox 1605 1215 1838 1283; x_wconf 77' lang='grc' dir='ltr'>ἐσημαί-</span> 
     </span>
    </p>
   </div>
   <div class='ocr_carea' id='block_1_18' title="bbox 247 1303 1833 1374">
    <p class='ocr_par' dir='ltr' id='par_1_18' title="bbox 247 1303 1833 1374">
     <span class='ocr_line' id='line_1_18' title="bbox 247 1303 1833 1374; baseline -0.001 -15"><span class='ocrx_word' id='word_1_134' title='bbox 247 1324 404 1366; x_wconf 84' lang='grc' dir='ltr'>νετο,</span> <span class='ocrx_word' id='word_1_135' title='bbox 433 1307 529 1358; x_wconf 66' lang='grc' dir='ltr'><strong>καὶ</strong></span> <span class='ocrx_word' id='word_1_136' title='bbox 561 1305 612 1356; x_wconf 81' lang='grc' dir='ltr'><strong>οι</strong></span> <span class='ocrx_word' id='word_1_137' title='bbox 644 1303 882 1372; x_wconf 75' lang='grc' dir='ltr'>αὐληταὶ</span> <span class='ocrx_word' id='word_1_138' title='bbox 922 1306 1017 1355; x_wconf 76' lang='grc' dir='ltr'>καὶ</span> <span class='ocrx_word' id='word_1_139' title='bbox 1050 1304 1098 1355; x_wconf 77' lang='grc' dir='ltr'><strong>οι</strong></span> <span class='ocrx_word' id='word_1_140' title='bbox 1129 1303 1470 1370; x_wconf 81' lang='grc' dir='ltr'>σαλπιγκταὶ</span> <span class='ocrx_word' id='word_1_141' title='bbox 1515 1305 1833 1374; x_wconf 82' lang='grc' dir='ltr'>ἐσήμαινον,</span> 
     </span>
    </p>
   </div>
   <div class='ocr_carea' id='block_1_19' title="bbox 251 1395 1834 1466">
    <p class='ocr_par' dir='ltr' id='par_1_19' title="bbox 251 1395 1834 1466">
     <span class='ocr_line' id='line_1_19' title="bbox 251 1395 1834 1466; baseline -0.001 -16"><span class='ocrx_word' id='word_1_142' title='bbox 251 1397 431 1450; x_wconf 73' lang='grc' dir='ltr'>ἕωθεν</span> <span class='ocrx_word' id='word_1_143' title='bbox 461 1395 786 1466; x_wconf 75' lang='grc' dir='ltr'>προσέϐαλε,</span> <span class='ocrx_word' id='word_1_144' title='bbox 824 1395 918 1447; x_wconf 72' lang='grc' dir='ltr'><strong>καὶ</strong></span> <span class='ocrx_word' id='word_1_145' title='bbox 981 1395 1271 1463; x_wconf 84' lang='grc' dir='ltr'>ἁπανταχῆ</span> <span class='ocrx_word' id='word_1_146' title='bbox 1304 1395 1404 1463; x_wconf 79' lang='grc' dir='ltr'>τῆς</span> <span class='ocrx_word' id='word_1_147' title='bbox 1437 1395 1652 1458; x_wconf 88' lang='grc' dir='ltr'>πόλεως</span> <span class='ocrx_word' id='word_1_148' title='bbox 1683 1397 1834 1449; x_wconf 77' lang='grc' dir='ltr'>καθί-</span> 
     </span>
    </p>
   </div>
   <div class='ocr_carea' id='block_1_20' title="bbox 257 1483 1833 1555">
    <p class='ocr_par' dir='ltr' id='par_1_20' title="bbox 257 1483 1833 1555">
     <span class='ocr_line' id='line_1_20' title="bbox 257 1483 1833 1555; baseline -0.002 -14"><span class='ocrx_word' id='word_1_149' title='bbox 257 1505 459 1541; x_wconf 88' lang='grc' dir='ltr'>σταντο</span> <span class='ocrx_word' id='word_1_150' title='bbox 492 1490 548 1550; x_wconf 80' lang='grc' dir='ltr'><strong>ἐς</strong></span> <span class='ocrx_word' id='word_1_151' title='bbox 608 1488 787 1555; x_wconf 81' lang='grc' dir='ltr'><strong>μάχην</strong></span> <span class='ocrx_word' id='word_1_152' title='bbox 845 1485 895 1537; x_wconf 74' lang='grc' dir='ltr'>οἱ</span> <span class='ocrx_word' id='word_1_153' title='bbox 939 1483 1228 1554; x_wconf 75' lang='grc' dir='ltr'>βάρϐαροι,</span> <span class='ocrx_word' id='word_1_154' title='bbox 1286 1488 1381 1538; x_wconf 73' lang='grc' dir='ltr'>καὶ</span> <span class='ocrx_word' id='word_1_155' title='bbox 1430 1485 1833 1554; x_wconf 78' lang='grc' dir='ltr'>προσϐαλόντες</span> 
     </span>
    </p>
   </div>
   <div class='ocr_carea' id='block_1_21' title="bbox 257 1577 1834 1649">
    <p class='ocr_par' dir='ltr' id='par_1_21' title="bbox 257 1577 1834 1649">
     <span class='ocr_line' id='line_1_21' title="bbox 257 1577 1834 1649; baseline -0.001 -16"><span class='ocrx_word' id='word_1_156' title='bbox 257 1582 532 1649; x_wconf 76' lang='grc' dir='ltr'>ἐμάχοντο</span> <span class='ocrx_word' id='word_1_157' title='bbox 578 1578 842 1648; x_wconf 79' lang='grc' dir='ltr'><strong>ἰσχυρῶς.</strong></span> <span class='ocrx_word' id='word_1_158' title='bbox 901 1578 1060 1630; x_wconf 81' lang='grc' dir='ltr'>Κατὰ</span> <span class='ocrx_word' id='word_1_159' title='bbox 1093 1579 1191 1646; x_wconf 78' lang='grc' dir='ltr'>μὲν</span> <span class='ocrx_word' id='word_1_160' title='bbox 1222 1579 1284 1630; x_wconf 80' lang='grc' dir='ltr'>τὸ</span> <span class='ocrx_word' id='word_1_161' title='bbox 1327 1579 1382 1640; x_wconf 86' lang='grc' dir='ltr'><strong>ἐς</strong></span> <span class='ocrx_word' id='word_1_162' title='bbox 1413 1577 1609 1647; x_wconf 82' lang='grc' dir='ltr'><strong>λιμένα.</strong></span> <span class='ocrx_word' id='word_1_163' title='bbox 1651 1582 1834 1649; x_wconf 74' lang='grc' dir='ltr'>τεῖχος</span> 
     </span>
    </p>
   </div>
   <div class='ocr_carea' id='block_1_22' title="bbox 2015 1117 3518 1186">
    <p class='ocr_par' dir='ltr' id='par_1_22' title="bbox 2015 1117 3518 1186">
     <span class='ocr_line' id='line_1_22' title="bbox 2015 1117 3518 1186; baseline -0.001 -14"><span class='ocrx_word' id='word_1_164' title='bbox 2015 1119 2122 1173; x_wconf 89' lang='lat' dir='ltr'><strong>Rex</strong></span> <span class='ocrx_word' id='word_1_165' title='bbox 2149 1119 2504 1182; x_wconf 82' lang='lat' dir='ltr'><strong>Mechmetes,</strong></span> <span class='ocrx_word' id='word_1_166' title='bbox 2524 1134 2644 1171; x_wconf 89' lang='lat' dir='ltr'><strong>cum</strong></span> <span class='ocrx_word' id='word_1_167' title='bbox 2673 1117 3015 1186; x_wconf 81' lang='lat' dir='ltr'><strong>tempusjam</strong></span> <span class='ocrx_word' id='word_1_168' title='bbox 3045 1117 3354 1170; x_wconf 76' lang='lat' dir='ltr'><strong>advenisset</strong></span> <span class='ocrx_word' id='word_1_169' title='bbox 3379 1121 3518 1184; x_wconf 87' lang='lat' dir='ltr'><strong>(erat</strong></span> 
     </span>
    </p>
   </div>
   <div class='ocr_carea' id='block_1_23' title="bbox 1943 1212 3519 1284">
    <p class='ocr_par' dir='ltr' id='par_1_23' title="bbox 1943 1212 3519 1284">
     <span class='ocr_line' id='line_1_23' title="bbox 1943 1212 3519 1284; baseline -0.001 -17"><span class='ocrx_word' id='word_1_170' title='bbox 1943 1224 2127 1268; x_wconf 90' lang='lat' dir='ltr'><strong>autem</strong></span> <span class='ocrx_word' id='word_1_171' title='bbox 2158 1213 2342 1268; x_wconf 85' lang='lat' dir='ltr'><strong>Martis</strong></span> <span class='ocrx_word' id='word_1_172' title='bbox 2364 1212 2477 1284; x_wconf 75' lang='lat'><strong>(39)</strong></span> <span class='ocrx_word' id='word_1_173' title='bbox 2506 1212 2648 1281; x_wconf 86' lang='lat' dir='ltr'><strong>dies)</strong></span> <span class='ocrx_word' id='word_1_174' title='bbox 2682 1220 2739 1264; x_wconf 89' lang='lat' dir='ltr'><strong>ut</strong></span> <span class='ocrx_word' id='word_1_175' title='bbox 2759 1213 3212 1282; x_wconf 75' lang='lat' dir='ltr'><strong>oppugnationem</strong></span> <span class='ocrx_word' id='word_1_176' title='bbox 3245 1213 3519 1266; x_wconf 81' lang='lat' dir='ltr'><strong>universis</strong></span> 
     </span>
    </p>
   </div>
   <div class='ocr_carea' id='block_1_24' title="bbox 1942 1310 3514 1381">
    <p class='ocr_par' dir='ltr' id='par_1_24' title="bbox 1942 1310 3514 1381">
     <span class='ocr_line' id='line_1_24' title="bbox 1942 1310 3514 1381; baseline -0.001 -15"><span class='ocrx_word' id='word_1_177' title='bbox 1942 1312 2116 1381; x_wconf 86' lang='lat' dir='ltr'><strong>copiis</strong></span> <span class='ocrx_word' id='word_1_178' title='bbox 2185 1312 2597 1381; x_wconf 79' lang='lat' dir='ltr'><strong>aggrederetur,</strong></span> <span class='ocrx_word' id='word_1_179' title='bbox 2644 1310 2915 1380; x_wconf 83' lang='lat' dir='ltr'><strong>cymbala.</strong></span> <span class='ocrx_word' id='word_1_180' title='bbox 2977 1325 3182 1364; x_wconf 84' lang='lat' dir='ltr'><strong>cornua</strong></span> <span class='ocrx_word' id='word_1_181' title='bbox 3245 1311 3514 1379; x_wconf 79' lang='lat' dir='ltr'><strong>tubasque</strong></span> 
     </span>
    </p>
   </div>
   <div class='ocr_carea' id='block_1_25' title="bbox 1941 1403 3516 1474">
    <p class='ocr_par' dir='ltr' id='par_1_25' title="bbox 1941 1403 3516 1474">
     <span class='ocr_line' id='line_1_25' title="bbox 1941 1403 3516 1474; baseline -0.001 -14"><span class='ocrx_word' id='word_1_182' title='bbox 1941 1419 2140 1460; x_wconf 88' lang='lat' dir='ltr'><strong>cauere</strong></span> <span class='ocrx_word' id='word_1_183' title='bbox 2164 1404 2340 1472; x_wconf 84' lang='lat' dir='ltr'><strong>jubet,</strong></span> <span class='ocrx_word' id='word_1_184' title='bbox 2367 1407 2693 1474; x_wconf 81' lang='lat' dir='ltr'><strong>signumque</strong></span> <span class='ocrx_word' id='word_1_185' title='bbox 2715 1403 3048 1472; x_wconf 62' lang='lat' dir='ltr'><strong>occipienda</strong></span> <span class='ocrx_word' id='word_1_186' title='bbox 3084 1405 3516 1474; x_wconf 80' lang='lat' dir='ltr'><strong>oppugnationis</strong></span> 
     </span>
    </p>
   </div>
   <div class='ocr_carea' id='block_1_26' title="bbox 1941 1497 3513 1568">
    <p class='ocr_par' dir='ltr' id='par_1_26' title="bbox 1941 1497 3513 1568">
     <span class='ocr_line' id='line_1_26' title="bbox 1941 1497 3513 1568; baseline -0.002 -15"><span class='ocrx_word' id='word_1_187' title='bbox 1941 1498 2122 1563; x_wconf 88' lang='lat' dir='ltr'><strong>dedit;</strong></span> <span class='ocrx_word' id='word_1_188' title='bbox 2149 1509 2201 1552; x_wconf 93' lang='lat' dir='ltr'><strong>et</strong></span> <span class='ocrx_word' id='word_1_189' title='bbox 2231 1499 2420 1553; x_wconf 82' lang='lat' dir='ltr'><strong>urbem</strong></span> <span class='ocrx_word' id='word_1_190' title='bbox 2445 1513 2662 1552; x_wconf 91' lang='lat' dir='ltr'><strong>summo</strong></span> <span class='ocrx_word' id='word_1_191' title='bbox 2688 1511 2848 1551; x_wconf 89' lang='lat' dir='ltr'><strong>mane</strong></span> <span class='ocrx_word' id='word_1_192' title='bbox 2875 1497 3086 1552; x_wconf 79' lang='lat' dir='ltr'><strong>fortiter</strong></span> <span class='ocrx_word' id='word_1_193' title='bbox 3102 1499 3513 1568; x_wconf 73' lang='lat' dir='ltr'><strong>oppugnabant,</strong></span> 
     </span>
    </p>
   </div>
   <div class='ocr_carea' id='block_1_27' title="bbox 1941 1589 3512 1659">
    <p class='ocr_par' dir='ltr' id='par_1_27' title="bbox 1941 1589 3512 1659">
     <span class='ocr_line' id='line_1_27' title="bbox 1941 1589 3512 1659; baseline 0.001 -16"><span class='ocrx_word' id='word_1_194' title='bbox 1941 1590 2325 1658; x_wconf 88' lang='lat' dir='ltr'><strong>irruentesque</strong></span> <span class='ocrx_word' id='word_1_195' title='bbox 2354 1591 2406 1642; x_wconf 93' lang='lat' dir='ltr'><strong>in</strong></span> <span class='ocrx_word' id='word_1_196' title='bbox 2432 1589 2621 1643; x_wconf 88' lang='lat' dir='ltr'><strong>urbem</strong></span> <span class='ocrx_word' id='word_1_197' title='bbox 2653 1590 3042 1659; x_wconf 68' lang='lat' dir='ltr'><strong>praeliahantur</strong></span> <span class='ocrx_word' id='word_1_198' title='bbox 3073 1606 3265 1659; x_wconf 80' lang='lat' dir='ltr'><strong>magna</strong></span> <span class='ocrx_word' id='word_1_199' title='bbox 3291 1592 3512 1645; x_wconf 79' lang='lat' dir='ltr'><strong>virtute.</strong></span> 
     </span>
    </p>
   </div>
   <div class='ocr_carea' id='block_1_28' title="bbox 255 1669 1835 1756">
    <p class='ocr_par' dir='ltr' id='par_1_28' title="bbox 255 1669 1832 1745">
     <span class='ocr_line' id='line_1_28' title="bbox 255 1669 1832 1745; baseline -0.002 -19"><span class='ocrx_word' id='word_1_200' title='bbox 255 1675 541 1745; x_wconf 69' lang='grc' dir='ltr'>ἠμύνοντο</span> <span class='ocrx_word' id='word_1_201' title='bbox 557 1675 608 1724; x_wconf 80' lang='lat' dir='ltr'><strong>oi</strong></span> <span class='ocrx_word' id='word_1_202' title='bbox 633 1671 900 1740; x_wconf 81' lang='grc' dir='ltr'>Ἕλληνες</span> <span class='ocrx_word' id='word_1_203' title='bbox 933 1673 1227 1740; x_wconf 79' lang='grc' dir='ltr'>κράτιστα,</span> <span class='ocrx_word' id='word_1_204' title='bbox 1255 1670 1348 1722; x_wconf 74' lang='grc' dir='ltr'>καὶ</span> <span class='ocrx_word' id='word_1_205' title='bbox 1372 1669 1676 1733; x_wconf 76' lang='grc' dir='ltr'>ἐξεώσαντο</span> <span class='ocrx_word' id='word_1_206' title='bbox 1707 1674 1832 1733; x_wconf 79' lang='grc' dir='ltr'>τοὺς</span> 
     </span>
    </p>
   </div>
   <div class='ocr_carea' id='block_1_29' title="bbox 1942 1669 3514 1756">
    <p class='ocr_par' dir='ltr' id='par_1_29' title="bbox 1942 1676 3514 1748">
     <span class='ocr_line' id='line_1_29' title="bbox 1942 1676 3514 1748; baseline 0.004 -18"><span class='ocrx_word' id='word_1_207' title='bbox 1942 1676 1996 1732; x_wconf 88' lang='lat' dir='ltr'><strong>In</strong></span> <span class='ocrx_word' id='word_1_208' title='bbox 2021 1694 2086 1732; x_wconf 92' lang='lat' dir='ltr'><strong>eo</strong></span> <span class='ocrx_word' id='word_1_209' title='bbox 2127 1695 2284 1733; x_wconf 88' lang='lat' dir='ltr'><strong>muro</strong></span> <span class='ocrx_word' id='word_1_210' title='bbox 2309 1679 2402 1746; x_wconf 89' lang='lat' dir='ltr'><strong>qui</strong></span> <span class='ocrx_word' id='word_1_211' title='bbox 2449 1689 2664 1745; x_wconf 86' lang='lat' dir='ltr'><strong>portum</strong></span> <span class='ocrx_word' id='word_1_212' title='bbox 2698 1689 2928 1748; x_wconf 83' lang='lat' dir='ltr'><strong>spectat,</strong></span> <span class='ocrx_word' id='word_1_213' title='bbox 2983 1679 3160 1734; x_wconf 64' lang='lat' dir='ltr'><strong>Graeci</strong></span> <span class='ocrx_word' id='word_1_214' title='bbox 3216 1681 3514 1737; x_wconf 85' lang='lat' dir='ltr'><strong>fortissime</strong></span> 
     </span>
    </p>
   </div>
   <div class='ocr_carea' id='block_1_30' title="bbox 261 1763 1832 1837">
    <p class='ocr_par' dir='ltr' id='par_1_30' title="bbox 261 1763 1832 1837">
     <span class='ocr_line' id='line_1_30' title="bbox 261 1763 1832 1837; baseline -0.006 -16"><span class='ocrx_word' id='word_1_215' title='bbox 261 1769 564 1837; x_wconf 74' lang='grc' dir='ltr'>’1“οὐρκους,</span> <span class='ocrx_word' id='word_1_216' title='bbox 590 1768 684 1819; x_wconf 79' lang='grc' dir='ltr'><strong>καί</strong></span> <span class='ocrx_word' id='word_1_217' title='bbox 713 1783 803 1817; x_wconf 88' lang='grc' dir='ltr'><strong>ποι</strong></span> <span class='ocrx_word' id='word_1_218' title='bbox 836 1770 977 1817; x_wconf 57' lang='grc' dir='ltr'>κατὰ</span> <span class='ocrx_word' id='word_1_219' title='bbox 1010 1765 1108 1826; x_wconf 73' lang='grc' dir='ltr'><strong>τὰς</strong></span> <span class='ocrx_word' id='word_1_220' title='bbox 1165 1764 1443 1831; x_wconf 65' lang='grc' dir='ltr'>κλίμακας</span> <span class='ocrx_word' id='word_1_221' title='bbox 1491 1763 1832 1826; x_wconf 77' lang='grc' dir='ltr'>ἀναϐάντων,</span> 
     </span>
    </p>
   </div>
   <div class='ocr_carea' id='block_1_31' title="bbox 271 1849 1836 1928">
    <p class='ocr_par' dir='ltr' id='par_1_31' title="bbox 271 1849 1836 1928">
     <span class='ocr_line' id='line_1_31' title="bbox 271 1849 1836 1928; baseline -0.006 -15"><span class='ocrx_word' id='word_1_222' title='bbox 271 1860 514 1928; x_wconf 75' lang='grc' dir='ltr'>κεφαλὰς</span> <span class='ocrx_word' id='word_1_223' title='bbox 541 1860 923 1926; x_wconf 73' lang='grc' dir='ltr'><strong>ἀπηνέγκαντο</strong></span> <span class='ocrx_word' id='word_1_224' title='bbox 984 1855 1346 1925; x_wconf 80' lang='grc' dir='ltr'>κρατύνοντες</span> <span class='ocrx_word' id='word_1_225' title='bbox 1396 1855 1458 1906; x_wconf 74' lang='grc' dir='ltr'>τὰ</span> <span class='ocrx_word' id='word_1_226' title='bbox 1500 1849 1753 1927; x_wconf 76' lang='grc' dir='ltr'>τείχησῇ</span> <span class='ocrx_word' id='word_1_227' title='bbox 1791 1851 1836 1904; x_wconf 79' lang='grc' dir='ltr'>δ’</span> 
     </span>
    </p>
   </div>
   <div class='ocr_carea' id='block_1_32' title="bbox 277 1946 1838 2018">
    <p class='ocr_par' dir='ltr' id='par_1_32' title="bbox 277 1946 1838 2018">
     <span class='ocr_line' id='line_1_32' title="bbox 277 1946 1838 2018; baseline -0.004 -14"><span class='ocrx_word' id='word_1_228' title='bbox 277 1953 443 2012; x_wconf 68' lang='grc' dir='ltr'>αὐτὸς</span> <span class='ocrx_word' id='word_1_229' title='bbox 469 1951 767 2017; x_wconf 75' lang='grc' dir='ltr'>προσέϐαλε</span> <span class='ocrx_word' id='word_1_230' title='bbox 793 1949 1076 2018; x_wconf 75' lang='grc' dir='ltr'>βασιλεὺς,</span> <span class='ocrx_word' id='word_1_231' title='bbox 1107 1949 1156 2000; x_wconf 75' lang='lat' dir='ltr'><strong>oi</strong></span> <span class='ocrx_word' id='word_1_232' title='bbox 1203 1947 1457 2016; x_wconf 81' lang='grc' dir='ltr'>νεήλυδες</span> <span class='ocrx_word' id='word_1_233' title='bbox 1486 1946 1838 1998; x_wconf 86' lang='grc' dir='ltr'>ἐπεισπεσόν-</span> 
     </span>
    </p>
   </div>
   <div class='ocr_carea' id='block_1_33' title="bbox 278 2040 1838 2110">
    <p class='ocr_par' dir='ltr' id='par_1_33' title="bbox 278 2040 1838 2110">
     <span class='ocr_line' id='line_1_33' title="bbox 278 2040 1838 2110; baseline -0.004 -13"><span class='ocrx_word' id='word_1_234' title='bbox 278 2064 396 2110; x_wconf 85' lang='grc' dir='ltr'>τες,</span> <span class='ocrx_word' id='word_1_235' title='bbox 453 2045 723 2108; x_wconf 73' lang='grc' dir='ltr'>ἐϐιάζοντο</span> <span class='ocrx_word' id='word_1_236' title='bbox 772 2045 904 2104; x_wconf 80' lang='grc' dir='ltr'>τοὺς</span> <span class='ocrx_word' id='word_1_237' title='bbox 959 2041 1186 2103; x_wconf 81' lang='grc' dir='ltr'><strong>ὁπλίτας</strong></span> <span class='ocrx_word' id='word_1_238' title='bbox 1215 2043 1326 2093; x_wconf 86' lang='grc' dir='ltr'>τῶν</span> <span class='ocrx_word' id='word_1_239' title='bbox 1355 2041 1622 2105; x_wconf 81' lang='grc' dir='ltr'>Ἰανυῖων,</span> <span class='ocrx_word' id='word_1_240' title='bbox 1659 2041 1752 2092; x_wconf 73' lang='grc' dir='ltr'><strong>καὶ</strong></span> <span class='ocrx_word' id='word_1_241' title='bbox 1808 2040 1838 2090; x_wconf 91' lang='grc' dir='ltr'><strong>ὁ</strong></span> 
     </span>
    </p>
   </div>
   <div class='ocr_carea' id='block_1_34' title="bbox 273 2133 1839 2205">
    <p class='ocr_par' dir='ltr' id='par_1_34' title="bbox 273 2133 1839 2205">
     <span class='ocr_line' id='line_1_34' title="bbox 273 2133 1839 2205; baseline -0.004 -16"><span class='ocrx_word' id='word_1_242' title='bbox 273 2138 494 2204; x_wconf 82' lang='grc' dir='ltr'>Λόγγος</span> <span class='ocrx_word' id='word_1_243' title='bbox 554 2137 706 2198; x_wconf 80' lang='grc' dir='ltr'>αὐτὸς</span> <span class='ocrx_word' id='word_1_244' title='bbox 766 2135 1128 2204; x_wconf 74' lang='grc' dir='ltr'>τιτρώσκεται</span> <span class='ocrx_word' id='word_1_245' title='bbox 1187 2133 1558 2205; x_wconf 79' lang='grc' dir='ltr'>τηλεϐολίσκῳ</span> <span class='ocrx_word' id='word_1_246' title='bbox 1623 2134 1683 2195; x_wconf 83' lang='grc' dir='ltr'><strong>ἐς</strong></span> <span class='ocrx_word' id='word_1_247' title='bbox 1741 2133 1839 2202; x_wconf 77' lang='grc' dir='ltr'>τὴν</span> 
     </span>
    </p>
   </div>
   <div class='ocr_carea' id='block_1_35' title="bbox 264 2229 1838 2303">
    <p class='ocr_par' dir='ltr' id='par_1_35' title="bbox 264 2229 1838 2303">
     <span class='ocr_line' id='line_1_35' title="bbox 264 2229 1838 2303; baseline -0.001 -20"><span class='ocrx_word' id='word_1_248' title='bbox 264 2236 452 2303; x_wconf 83' lang='grc' dir='ltr'>χεῖρα,</span> <span class='ocrx_word' id='word_1_249' title='bbox 484 2232 579 2283; x_wconf 78' lang='grc' dir='ltr'><strong>καί</strong></span> <span class='ocrx_word' id='word_1_250' title='bbox 602 2247 741 2292; x_wconf 83' lang='grc' dir='ltr'>τινες</span> <span class='ocrx_word' id='word_1_251' title='bbox 775 2230 929 2283; x_wconf 79' lang='grc' dir='ltr'>ἄλλοι</span> <span class='ocrx_word' id='word_1_252' title='bbox 979 2229 1086 2282; x_wconf 82' lang='grc' dir='ltr'><strong>τῶν</strong></span> <span class='ocrx_word' id='word_1_253' title='bbox 1116 2229 1351 2281; x_wconf 80' lang='grc' dir='ltr'>ὁπλιτῶν</span> <span class='ocrx_word' id='word_1_254' title='bbox 1404 2230 1838 2298; x_wconf 79' lang='grc' dir='ltr'>ἐπετιτρώσκον-</span> 
     </span>
    </p>
   </div>
   <div class='ocr_carea' id='block_1_36' title="bbox 260 2315 1838 2391">
    <p class='ocr_par' dir='ltr' id='par_1_36' title="bbox 260 2315 1838 2391">
     <span class='ocr_line' id='line_1_36' title="bbox 260 2315 1838 2391; baseline -0.001 -18"><span class='ocrx_word' id='word_1_255' title='bbox 260 2340 318 2374; x_wconf 91' lang='grc' dir='ltr'><strong>το</strong></span> <span class='ocrx_word' id='word_1_256' title='bbox 338 2326 405 2384; x_wconf 83' lang='grc'><strong>’³,</strong></span> <span class='ocrx_word' id='word_1_257' title='bbox 435 2323 531 2374; x_wconf 70' lang='grc' dir='ltr'>καὶ</span> <span class='ocrx_word' id='word_1_258' title='bbox 556 2322 866 2384; x_wconf 77' lang='grc' dir='ltr'>ἐκλιπόντες</span> <span class='ocrx_word' id='word_1_259' title='bbox 890 2320 989 2389; x_wconf 76' lang='grc' dir='ltr'>τὴν</span> <span class='ocrx_word' id='word_1_260' title='bbox 1009 2320 1194 2391; x_wconf 86' lang='grc' dir='ltr'>χώραν</span> <span class='ocrx_word' id='word_1_261' title='bbox 1277 2320 1604 2389; x_wconf 73' lang='grc' dir='ltr'>ἑστήκεσαν,</span> <span class='ocrx_word' id='word_1_262' title='bbox 1639 2321 1838 2374; x_wconf 76' lang='grc' dir='ltr'>αὐτίκα</span> 
     </span>
    </p>
   </div>
   <div class='ocr_carea' id='block_1_37' title="bbox 269 2412 1839 2482">
    <p class='ocr_par' dir='ltr' id='par_1_37' title="bbox 269 2412 1839 2482">
     <span class='ocr_line' id='line_1_37' title="bbox 269 2412 1839 2482; baseline -0.001 -16"><span class='ocrx_word' id='word_1_263' title='bbox 269 2415 583 2482; x_wconf 67' lang='grc' dir='ltr'>βιαζόμενοι</span> <span class='ocrx_word' id='word_1_264' title='bbox 646 2413 982 2476; x_wconf 82' lang='grc' dir='ltr'>εἰσέπιπτον,</span> <span class='ocrx_word' id='word_1_265' title='bbox 1031 2413 1126 2464; x_wconf 72' lang='grc' dir='ltr'>καὶ</span> <span class='ocrx_word' id='word_1_266' title='bbox 1174 2412 1298 2475; x_wconf 79' lang='grc' dir='ltr'>τούς</span> <span class='ocrx_word' id='word_1_267' title='bbox 1343 2429 1404 2464; x_wconf 89' lang='grc' dir='ltr'><strong>τε</strong></span> <span class='ocrx_word' id='word_1_268' title='bbox 1449 2412 1676 2475; x_wconf 76' lang='grc' dir='ltr'>ὁπλίτας</span> <span class='ocrx_word' id='word_1_269' title='bbox 1727 2413 1839 2465; x_wconf 81' lang='grc' dir='ltr'>τῶν</span> 
     </span>
    </p>
   </div>
   <div class='ocr_carea' id='block_1_38' title="bbox 286 2503 1832 2574">
    <p class='ocr_par' dir='ltr' id='par_1_38' title="bbox 286 2503 1832 2574">
     <span class='ocr_line' id='line_1_38' title="bbox 286 2503 1832 2574; baseline 0.003 -20"><span class='ocrx_word' id='word_1_270' title='bbox 286 2506 524 2556; x_wconf 71' lang='grc' dir='ltr'>ἰανυῖων</span> <span class='ocrx_word' id='word_1_271' title='bbox 549 2503 870 2573; x_wconf 76' lang='grc' dir='ltr'>ἐτρέψαντο,</span> <span class='ocrx_word' id='word_1_272' title='bbox 913 2506 1009 2556; x_wconf 72' lang='grc' dir='ltr'>καὶ</span> <span class='ocrx_word' id='word_1_273' title='bbox 1042 2504 1409 2574; x_wconf 79' lang='grc' dir='ltr'>ἐπικείμενοι,</span> <span class='ocrx_word' id='word_1_274' title='bbox 1455 2505 1734 2572; x_wconf 81' lang='grc' dir='ltr'>ἐφόνευον.</span> <span class='ocrx_word' id='word_1_275' title='bbox 1773 2505 1832 2557; x_wconf 86' lang='grc'><strong>⁸0</strong></span> 
     </span>
    </p>
   </div>
   <div class='ocr_carea' id='block_1_39' title="bbox 274 2595 1836 2666">
    <p class='ocr_par' dir='ltr' id='par_1_39' title="bbox 274 2595 1836 2666">
     <span class='ocr_line' id='line_1_39' title="bbox 274 2595 1836 2666; baseline 0 -17"><span class='ocrx_word' id='word_1_276' title='bbox 274 2600 365 2665; x_wconf 81' lang='grc' dir='ltr'>μὲν</span> <span class='ocrx_word' id='word_1_277' title='bbox 389 2595 484 2650; x_wconf 74' lang='grc' dir='ltr'>οὖν</span> <span class='ocrx_word' id='word_1_278' title='bbox 526 2599 737 2666; x_wconf 84' lang='grc' dir='ltr'>Λόγγος</span> <span class='ocrx_word' id='word_1_279' title='bbox 769 2597 1070 2666; x_wconf 78' lang='grc' dir='ltr'>ἀπεχώρει,</span> <span class='ocrx_word' id='word_1_280' title='bbox 1107 2598 1324 2649; x_wconf 75' lang='grc' dir='ltr'>εἵποντο</span> <span class='ocrx_word' id='word_1_281' title='bbox 1347 2597 1497 2666; x_wconf 78' lang='grc' dir='ltr'>αὐτῷ</span> <span class='ocrx_word' id='word_1_282' title='bbox 1521 2599 1569 2650; x_wconf 77' lang='grc' dir='ltr'><strong>οἱ</strong></span> <span class='ocrx_word' id='word_1_283' title='bbox 1600 2597 1836 2660; x_wconf 82' lang='grc' dir='ltr'>ὁπλῖται,</span> 
     </span>
    </p>
   </div>
   <div class='ocr_carea' id='block_1_40' title="bbox 268 2691 1839 2762">
    <p class='ocr_par' dir='ltr' id='par_1_40' title="bbox 268 2691 1839 2762">
     <span class='ocr_line' id='line_1_40' title="bbox 268 2691 1839 2762; baseline -0.003 -16"><span class='ocrx_word' id='word_1_284' title='bbox 268 2695 535 2746; x_wconf 65' lang='grc' dir='ltr'>ἐπιόντων</span> <span class='ocrx_word' id='word_1_285' title='bbox 562 2693 717 2760; x_wconf 80' lang='grc' dir='ltr'>σφίσι</span> <span class='ocrx_word' id='word_1_286' title='bbox 747 2691 858 2744; x_wconf 82' lang='grc' dir='ltr'><strong>τῶν</strong></span> <span class='ocrx_word' id='word_1_287' title='bbox 886 2691 1180 2762; x_wconf 79' lang='grc' dir='ltr'>νεηλύϐων.</span> <span class='ocrx_word' id='word_1_288' title='bbox 1214 2693 1324 2744; x_wconf 77' lang='grc' dir='ltr'><strong>Καὶ</strong></span> <span class='ocrx_word' id='word_1_289' title='bbox 1367 2691 1396 2743; x_wconf 89' lang='grc' dir='ltr'><strong>ὁ</strong></span> <span class='ocrx_word' id='word_1_290' title='bbox 1423 2691 1675 2760; x_wconf 70' lang='grc' dir='ltr'>βασιλεὺς</span> <span class='ocrx_word' id='word_1_291' title='bbox 1717 2692 1839 2744; x_wconf 80' lang='grc' dir='ltr'>Ἑλ·-</span> 
     </span>
    </p>
   </div>
   <div class='ocr_carea' id='block_1_41' title="bbox 263 2783 1838 2856">
    <p class='ocr_par' dir='ltr' id='par_1_41' title="bbox 263 2783 1838 2856">
     <span class='ocr_line' id='line_1_41' title="bbox 263 2783 1838 2856; baseline 0 -20"><span class='ocrx_word' id='word_1_292' title='bbox 263 2787 468 2852; x_wconf 79' lang='grc' dir='ltr'>λήνων,</span> <span class='ocrx_word' id='word_1_293' title='bbox 506 2785 582 2848; x_wconf 83' lang='grc' dir='ltr'>ὡς</span> <span class='ocrx_word' id='word_1_294' title='bbox 612 2785 806 2856; x_wconf 67' lang='grc' dir='ltr'>ᾔσθετο</span> <span class='ocrx_word' id='word_1_295' title='bbox 838 2784 1162 2847; x_wconf 74' lang='grc' dir='ltr'>ἐκλιπόντας</span> <span class='ocrx_word' id='word_1_296' title='bbox 1184 2785 1282 2854; x_wconf 73' lang='grc' dir='ltr'>τὴν</span> <span class='ocrx_word' id='word_1_297' title='bbox 1311 2783 1497 2854; x_wconf 84' lang='grc' dir='ltr'>χώραν</span> <span class='ocrx_word' id='word_1_298' title='bbox 1527 2784 1724 2846; x_wconf 70' lang='grc' dir='ltr'>αὐτοὺς</span> <span class='ocrx_word' id='word_1_299' title='bbox 1746 2785 1838 2836; x_wconf 77' lang='grc' dir='ltr'>καὶ</span> 
     </span>
    </p>
   </div>
   <div class='ocr_carea' id='block_1_42' title="bbox 264 2876 1838 2947">
    <p class='ocr_par' dir='ltr' id='par_1_42' title="bbox 264 2876 1838 2947">
     <span class='ocr_line' id='line_1_42' title="bbox 264 2876 1838 2947; baseline -0.002 -19"><span class='ocrx_word' id='word_1_300' title='bbox 264 2879 603 2942; x_wconf 60' lang='grc' dir='ltr'>ἐκδιδόντες,</span> <span class='ocrx_word' id='word_1_301' title='bbox 657 2877 931 2946; x_wconf 77' lang='grc' dir='ltr'>ἀνέδραμε</span> <span class='ocrx_word' id='word_1_302' title='bbox 988 2877 1089 2946; x_wconf 80' lang='grc' dir='ltr'>μὲν</span> <span class='ocrx_word' id='word_1_303' title='bbox 1136 2876 1356 2941; x_wconf 83' lang='grc' dir='ltr'>αὐτίκα,</span> <span class='ocrx_word' id='word_1_304' title='bbox 1409 2877 1501 2931; x_wconf 76' lang='grc' dir='ltr'>καὶ</span> <span class='ocrx_word' id='word_1_305' title='bbox 1545 2877 1711 2947; x_wconf 75' lang='grc' dir='ltr'>ήρετο</span> <span class='ocrx_word' id='word_1_306' title='bbox 1744 2876 1838 2926; x_wconf 77' lang='grc' dir='ltr'><strong>τὸν</strong></span> 
     </span>
    </p>
   </div>
   <div class='ocr_carea' id='block_1_43' title="bbox 256 2967 1839 3040">
    <p class='ocr_par' dir='ltr' id='par_1_43' title="bbox 256 2967 1839 3040">
     <span class='ocr_line' id='line_1_43' title="bbox 256 2967 1839 3040; baseline -0.004 -16"><span class='ocrx_word' id='word_1_307' title='bbox 256 2974 479 3038; x_wconf 80' lang='grc' dir='ltr'>Λόγγον</span> <span class='ocrx_word' id='word_1_308' title='bbox 511 2973 686 3023; x_wconf 78' lang='grc' dir='ltr'>εἴποι</span> <span class='ocrx_word' id='word_1_309' title='bbox 736 2970 1056 3040; x_wconf 75' lang='grc' dir='ltr'>πορεύοιτος</span> <span class='ocrx_word' id='word_1_310' title='bbox 1104 2969 1198 3022; x_wconf 75' lang='grc' dir='ltr'>τοῦ</span> <span class='ocrx_word' id='word_1_311' title='bbox 1232 2969 1276 3021; x_wconf 85' lang='grc' dir='ltr'>δ’</span> <span class='ocrx_word' id='word_1_312' title='bbox 1330 2967 1396 3023; x_wconf 76' lang='grc' dir='ltr'><strong>αὖ</strong></span> <span class='ocrx_word' id='word_1_313' title='bbox 1446 2969 1710 3037; x_wconf 75' lang='grc' dir='ltr'>φαμένου,</span> <span class='ocrx_word' id='word_1_314' title='bbox 1759 2968 1839 3029; x_wconf 83' lang='grc' dir='ltr'>ὼς</span> 
     </span>
    </p>
   </div>
   <div class='ocr_carea' id='block_1_44' title="bbox 1940 1769 3511 1842">
    <p class='ocr_par' dir='ltr' id='par_1_44' title="bbox 1940 1769 3511 1842">
     <span class='ocr_line' id='line_1_44' title="bbox 1940 1769 3511 1842; baseline 0.003 -17"><span class='ocrx_word' id='word_1_315' title='bbox 1940 1773 2286 1837; x_wconf 83' lang='lat' dir='ltr'><strong>resistebant,</strong></span> <span class='ocrx_word' id='word_1_316' title='bbox 2317 1769 2638 1841; x_wconf 89' lang='lat' dir='ltr'><strong>Turcosqne</strong></span> <span class='ocrx_word' id='word_1_317' title='bbox 2671 1774 3094 1841; x_wconf 77' lang='lat' dir='ltr'><strong>magnanimiter</strong></span> <span class='ocrx_word' id='word_1_318' title='bbox 3147 1776 3511 1842; x_wconf 82' lang='lat' dir='ltr'><strong>expellebaut.</strong></span> 
     </span>
    </p>
   </div>
   <div class='ocr_carea' id='block_1_45' title="bbox 1945 1863 3514 1934">
    <p class='ocr_par' dir='ltr' id='par_1_45' title="bbox 1945 1863 3514 1934">
     <span class='ocr_line' id='line_1_45' title="bbox 1945 1863 3514 1934; baseline 0 -17"><span class='ocrx_word' id='word_1_319' title='bbox 1945 1863 2118 1918; x_wconf 86' lang='lat' dir='ltr'><strong>Etiam</strong></span> <span class='ocrx_word' id='word_1_320' title='bbox 2153 1865 2329 1933; x_wconf 80' lang='lat' dir='ltr'><strong>Capita</strong></span> <span class='ocrx_word' id='word_1_321' title='bbox 2351 1864 2739 1933; x_wconf 87' lang='lat' dir='ltr'><strong>quorumdam,</strong></span> <span class='ocrx_word' id='word_1_322' title='bbox 2770 1865 2861 1934; x_wconf 92' lang='lat' dir='ltr'><strong>qui</strong></span> <span class='ocrx_word' id='word_1_323' title='bbox 2899 1865 3064 1920; x_wconf 88' lang='lat' dir='ltr'><strong>scalis</strong></span> <span class='ocrx_word' id='word_1_324' title='bbox 3127 1866 3361 1920; x_wconf 87' lang='lat' dir='ltr'><strong>admotis</strong></span> <span class='ocrx_word' id='word_1_325' title='bbox 3395 1882 3514 1919; x_wconf 87' lang='lat' dir='ltr'><strong>niu-</strong></span> 
     </span>
    </p>
   </div>
   <div class='ocr_carea' id='block_1_46' title="bbox 1942 1957 3515 2026">
    <p class='ocr_par' dir='ltr' id='par_1_46' title="bbox 1942 1957 3515 2026">
     <span class='ocr_line' id='line_1_46' title="bbox 1942 1957 3515 2026; baseline 0.001 -16"><span class='ocrx_word' id='word_1_326' title='bbox 1942 1973 2059 2010; x_wconf 90' lang='lat' dir='ltr'><strong>rum</strong></span> <span class='ocrx_word' id='word_1_327' title='bbox 2089 1972 2348 2026; x_wconf 85' lang='lat' dir='ltr'><strong>superare</strong></span> <span class='ocrx_word' id='word_1_328' title='bbox 2378 1957 2743 2021; x_wconf 83' lang='lat' dir='ltr'><strong>conabantur,</strong></span> <span class='ocrx_word' id='word_1_329' title='bbox 2783 1967 3063 2025; x_wconf 85' lang='lat' dir='ltr'><strong>amputata</strong></span> <span class='ocrx_word' id='word_1_330' title='bbox 3113 1959 3184 2012; x_wconf 88' lang='lat' dir='ltr'><strong>de</strong></span> <span class='ocrx_word' id='word_1_331' title='bbox 3228 1975 3384 2013; x_wconf 89' lang='lat' dir='ltr'><strong>muro</strong></span> <span class='ocrx_word' id='word_1_332' title='bbox 3424 1961 3515 2012; x_wconf 74' lang='lat' dir='ltr'><strong>ile-</strong></span> 
     </span>
    </p>
   </div>
   <div class='ocr_carea' id='block_1_47' title="bbox 1941 2049 3518 2112">
    <p class='ocr_par' dir='ltr' id='par_1_47' title="bbox 1941 2049 3518 2112">
     <span class='ocr_line' id='line_1_47' title="bbox 1941 2049 3518 2112; baseline 0.002 -11"><span class='ocrx_word' id='word_1_333' title='bbox 1941 2049 2317 2112; x_wconf 77' lang='lat' dir='ltr'><strong>volvebantur,</strong></span> <span class='ocrx_word' id='word_1_334' title='bbox 2357 2064 2480 2103; x_wconf 90' lang='lat' dir='ltr'><strong>cum</strong></span> <span class='ocrx_word' id='word_1_335' title='bbox 2529 2049 2702 2104; x_wconf 70' lang='lat' dir='ltr'><strong>Graeci</strong></span> <span class='ocrx_word' id='word_1_336' title='bbox 2742 2064 2954 2104; x_wconf 85' lang='lat' dir='ltr'><strong>summa</strong></span> <span class='ocrx_word' id='word_1_337' title='bbox 2981 2050 3029 2102; x_wconf 78' lang='lat' dir='ltr'><strong>vi</strong></span> <span class='ocrx_word' id='word_1_338' title='bbox 3081 2051 3279 2104; x_wconf 74' lang='lat' dir='ltr'><strong>mteuia</strong></span> <span class='ocrx_word' id='word_1_339' title='bbox 3324 2050 3518 2104; x_wconf 83' lang='lat' dir='ltr'><strong>defen-</strong></span> 
     </span>
    </p>
   </div>
   <div class='ocr_carea' id='block_1_48' title="bbox 1939 2139 3516 2210">
    <p class='ocr_par' dir='ltr' id='par_1_48' title="bbox 1939 2139 3516 2210">
     <span class='ocr_line' id='line_1_48' title="bbox 1939 2139 3516 2210; baseline 0.003 -18"><span class='ocrx_word' id='word_1_340' title='bbox 1939 2147 2144 2193; x_wconf 87' lang='lat' dir='ltr'><strong>sarent.</strong></span> <span class='ocrx_word' id='word_1_341' title='bbox 2175 2139 2246 2193; x_wconf 86' lang='lat' dir='ltr'><strong>Ea</strong></span> <span class='ocrx_word' id='word_1_342' title='bbox 2271 2154 2422 2210; x_wconf 84' lang='lat' dir='ltr'><strong>parte</strong></span> <span class='ocrx_word' id='word_1_343' title='bbox 2443 2155 2547 2209; x_wconf 89' lang='lat' dir='ltr'><strong>qua</strong></span> <span class='ocrx_word' id='word_1_344' title='bbox 2604 2157 2697 2195; x_wconf 76' lang='lat' dir='ltr'><strong>rex</strong></span> <span class='ocrx_word' id='word_1_345' title='bbox 2721 2155 2843 2194; x_wconf 89' lang='lat' dir='ltr'><strong>cum</strong></span> <span class='ocrx_word' id='word_1_346' title='bbox 2882 2141 3291 2210; x_wconf 76' lang='lat' dir='ltr'><strong>peregrinorum</strong></span> <span class='ocrx_word' id='word_1_347' title='bbox 3347 2157 3516 2196; x_wconf 81' lang='lat' dir='ltr'><strong>manu</strong></span> 
     </span>
    </p>
   </div>
   <div class='ocr_carea' id='block_1_49' title="bbox 1941 2231 3510 2299">
    <p class='ocr_par' dir='ltr' id='par_1_49' title="bbox 1941 2231 3510 2299">
     <span class='ocr_line' id='line_1_49' title="bbox 1941 2231 3510 2299; baseline 0.003 -14"><span class='ocrx_word' id='word_1_348' title='bbox 1941 2232 2299 2299; x_wconf 85' lang='lat' dir='ltr'><strong>irruptionem</strong></span> <span class='ocrx_word' id='word_1_349' title='bbox 2357 2233 2508 2296; x_wconf 89' lang='lat' dir='ltr'><strong>fecit,</strong></span> <span class='ocrx_word' id='word_1_350' title='bbox 2563 2231 2869 2286; x_wconf 84' lang='lat' dir='ltr'><strong>Janueuses</strong></span> <span class='ocrx_word' id='word_1_351' title='bbox 2923 2233 3115 2287; x_wconf 83' lang='lat' dir='ltr'><strong>armati</strong></span> <span class='ocrx_word' id='word_1_352' title='bbox 3171 2233 3221 2285; x_wconf 78' lang='lat' dir='ltr'><strong>vi</strong></span> <span class='ocrx_word' id='word_1_353' title='bbox 3271 2235 3510 2289; x_wconf 85' lang='lat' dir='ltr'><strong>submoti</strong></span> 
     </span>
    </p>
   </div>
   <div class='ocr_carea' id='block_1_50' title="bbox 1941 2321 3510 2393">
    <p class='ocr_par' dir='ltr' id='par_1_50' title="bbox 1941 2321 3510 2393">
     <span class='ocr_line' id='line_1_50' title="bbox 1941 2321 3510 2393; baseline 0.001 -19"><span class='ocrx_word' id='word_1_354' title='bbox 1941 2331 2093 2377; x_wconf 86' lang='lat' dir='ltr'><strong>sunt.</strong></span> <span class='ocrx_word' id='word_1_355' title='bbox 2127 2321 2343 2393; x_wconf 73' lang='lat' dir='ltr'><strong>Longus</strong></span> <span class='ocrx_word' id='word_1_356' title='bbox 2380 2323 2574 2377; x_wconf 83' lang='lat' dir='ltr'><strong>horum</strong></span> <span class='ocrx_word' id='word_1_357' title='bbox 2606 2322 2716 2376; x_wconf 91' lang='lat' dir='ltr'><strong>dux</strong></span> <span class='ocrx_word' id='word_1_358' title='bbox 2759 2326 3081 2376; x_wconf 79' lang='lat' dir='ltr'><strong>vulneratus</strong></span> <span class='ocrx_word' id='word_1_359' title='bbox 3133 2333 3219 2377; x_wconf 88' lang='lat' dir='ltr'><strong>est</strong></span> <span class='ocrx_word' id='word_1_360' title='bbox 3263 2339 3510 2390; x_wconf 88' lang='lat' dir='ltr'><strong>manum,</strong></span> 
     </span>
    </p>
   </div>
   <div class='ocr_carea' id='block_1_51' title="bbox 1944 2413 3510 2484">
    <p class='ocr_par' dir='ltr' id='par_1_51' title="bbox 1944 2413 3510 2484">
     <span class='ocr_line' id='line_1_51' title="bbox 1944 2413 3510 2484; baseline 0 -16"><span class='ocrx_word' id='word_1_361' title='bbox 1944 2415 2081 2468; x_wconf 87' lang='lat' dir='ltr'><strong>ictus</strong></span> <span class='ocrx_word' id='word_1_362' title='bbox 2149 2413 2461 2468; x_wconf 67' lang='lat' dir='ltr'><strong>bombardaa</strong></span> <span class='ocrx_word' id='word_1_363' title='bbox 2545 2415 2786 2484; x_wconf 75' lang='lat' dir='ltr'><strong>globulo.</strong></span> <span class='ocrx_word' id='word_1_364' title='bbox 2855 2414 3067 2484; x_wconf 90' lang='lat' dir='ltr'><strong>Reliqui</strong></span> <span class='ocrx_word' id='word_1_365' title='bbox 3117 2416 3313 2469; x_wconf 87' lang='lat' dir='ltr'><strong>armati</strong></span> <span class='ocrx_word' id='word_1_366' title='bbox 3369 2417 3510 2468; x_wconf 87' lang='lat' dir='ltr'><strong>haud</strong></span> 
     </span>
    </p>
   </div>
   <div class='ocr_carea' id='block_1_52' title="bbox 1942 2507 3523 2577">
    <p class='ocr_par' dir='ltr' id='par_1_52' title="bbox 1942 2507 3523 2577">
     <span class='ocr_line' id='line_1_52' title="bbox 1942 2507 3523 2577; baseline 0 -17"><span class='ocrx_word' id='word_1_367' title='bbox 1942 2521 2190 2560; x_wconf 83' lang='lat' dir='ltr'><strong>mansere</strong></span> <span class='ocrx_word' id='word_1_368' title='bbox 2250 2521 2280 2560; x_wconf 80' lang='grc' dir='ltr'><strong>ιι</strong></span> <span class='ocrx_word' id='word_1_369' title='bbox 2342 2508 2655 2562; x_wconf 82' lang='lat' dir='ltr'><strong>vulneribus</strong></span> <span class='ocrx_word' id='word_1_370' title='bbox 2698 2508 2913 2562; x_wconf 82' lang='lat' dir='ltr'><strong>intacti.</strong></span> <span class='ocrx_word' id='word_1_371' title='bbox 2979 2507 3302 2563; x_wconf 85' lang='lat' dir='ltr'><strong>Deserentes</strong></span> <span class='ocrx_word' id='word_1_372' title='bbox 3347 2508 3523 2577; x_wconf 77' lang='lat' dir='ltr'><strong>igitur</strong></span> 
     </span>
    </p>
   </div>
   <div class='ocr_carea' id='block_1_53' title="bbox 1942 2599 3516 2669">
    <p class='ocr_par' dir='ltr' id='par_1_53' title="bbox 1942 2599 3516 2669">
     <span class='ocr_line' id='line_1_53' title="bbox 1942 2599 3516 2669; baseline 0.001 -17"><span class='ocrx_word' id='word_1_373' title='bbox 1942 2599 2123 2652; x_wconf 87' lang='lat' dir='ltr'><strong>locum</strong></span> <span class='ocrx_word' id='word_1_374' title='bbox 2173 2615 2336 2668; x_wconf 88' lang='lat' dir='ltr'><strong>quem</strong></span> <span class='ocrx_word' id='word_1_375' title='bbox 2401 2612 2824 2669; x_wconf 83' lang='lat' dir='ltr'><strong>occupaverant,</strong></span> <span class='ocrx_word' id='word_1_376' title='bbox 2877 2599 3180 2655; x_wconf 80' lang='lat' dir='ltr'><strong>Januenses</strong></span> <span class='ocrx_word' id='word_1_377' title='bbox 3219 2601 3273 2654; x_wconf 88' lang='lat' dir='ltr'><strong>in</strong></span> <span class='ocrx_word' id='word_1_378' title='bbox 3328 2603 3516 2669; x_wconf 74' lang='lat' dir='ltr'><strong>fugam-</strong></span> 
     </span>
    </p>
   </div>
   <div class='ocr_carea' id='block_1_54' title="bbox 1941 2693 3511 2762">
    <p class='ocr_par' dir='ltr' id='par_1_54' title="bbox 1941 2693 3511 2762">
     <span class='ocr_line' id='line_1_54' title="bbox 1941 2693 3511 2762; baseline 0 -18"><span class='ocrx_word' id='word_1_379' title='bbox 1941 2701 2244 2756; x_wconf 85' lang='lat' dir='ltr'><strong>vertuntur,</strong></span> <span class='ocrx_word' id='word_1_380' title='bbox 2275 2707 2414 2762; x_wconf 86' lang='lat' dir='ltr'><strong>quos</strong></span> <span class='ocrx_word' id='word_1_381' title='bbox 2444 2695 2714 2761; x_wconf 75' lang='lat' dir='ltr'><strong>fugientes</strong></span> <span class='ocrx_word' id='word_1_382' title='bbox 2773 2695 3058 2749; x_wconf 65' lang='lat' dir='ltr'><strong>credebant</strong></span> <span class='ocrx_word' id='word_1_383' title='bbox 3113 2694 3306 2748; x_wconf 76' lang='lat' dir='ltr'><strong>Tui-ci.</strong></span> <span class='ocrx_word' id='word_1_384' title='bbox 3363 2693 3511 2746; x_wconf 83' lang='lat' dir='ltr'><strong>Lon-</strong></span> 
     </span>
    </p>
   </div>
   <div class='ocr_carea' id='block_1_55' title="bbox 1941 2785 3516 2855">
    <p class='ocr_par' dir='ltr' id='par_1_55' title="bbox 1941 2785 3516 2855">
     <span class='ocr_line' id='line_1_55' title="bbox 1941 2785 3516 2855; baseline 0.003 -21"><span class='ocrx_word' id='word_1_385' title='bbox 1941 2785 2166 2853; x_wconf 66' lang='lat' dir='ltr'><strong>gusdux</strong></span> <span class='ocrx_word' id='word_1_386' title='bbox 2199 2785 2430 2838; x_wconf 76' lang='lat' dir='ltr'><strong>cedebat</strong></span> <span class='ocrx_word' id='word_1_387' title='bbox 2459 2803 2471 2838; x_wconf 89' lang='lat'><strong>:</strong></span> <span class='ocrx_word' id='word_1_388' title='bbox 2510 2801 2632 2838; x_wconf 91' lang='lat' dir='ltr'><strong>eum</strong></span> <span class='ocrx_word' id='word_1_389' title='bbox 2685 2787 3059 2855; x_wconf 86' lang='lat' dir='ltr'><strong>sequebantur</strong></span> <span class='ocrx_word' id='word_1_390' title='bbox 3090 2787 3309 2849; x_wconf 87' lang='lat' dir='ltr'><strong>armati,</strong></span> <span class='ocrx_word' id='word_1_391' title='bbox 3368 2802 3516 2854; x_wconf 78' lang='lat' dir='ltr'><strong>quos</strong></span> 
     </span>
    </p>
   </div>
   <div class='ocr_carea' id='block_1_56' title="bbox 1943 2873 3506 2944">
    <p class='ocr_par' dir='ltr' id='par_1_56' title="bbox 1943 2873 3506 2944">
     <span class='ocr_line' id='line_1_56' title="bbox 1943 2873 3506 2944; baseline 0.001 -18"><span class='ocrx_word' id='word_1_392' title='bbox 1943 2874 2125 2928; x_wconf 81' lang='lat' dir='ltr'><strong>hostili</strong></span> <span class='ocrx_word' id='word_1_393' title='bbox 2150 2873 2331 2926; x_wconf 85' lang='lat' dir='ltr'><strong>animo</strong></span> <span class='ocrx_word' id='word_1_394' title='bbox 2368 2875 2802 2944; x_wconf 81' lang='lat' dir='ltr'><strong>insequebantur</strong></span> <span class='ocrx_word' id='word_1_395' title='bbox 2828 2875 3018 2930; x_wconf 81' lang='lat' dir='ltr'><strong>Turci.</strong></span> <span class='ocrx_word' id='word_1_396' title='bbox 3047 2875 3154 2930; x_wconf 86' lang='lat' dir='ltr'><strong>Rex</strong></span> <span class='ocrx_word' id='word_1_397' title='bbox 3187 2876 3506 2931; x_wconf 55' lang='lat' dir='ltr'><strong>Graecorum</strong></span> 
     </span>
    </p>
   </div>
   <div class='ocr_carea' id='block_1_57' title="bbox 1943 2963 3519 3038">
    <p class='ocr_par' dir='ltr' id='par_1_57' title="bbox 1943 2963 3519 3038">
     <span class='ocr_line' id='line_1_57' title="bbox 1943 2963 3519 3038; baseline 0.003 -20"><span class='ocrx_word' id='word_1_398' title='bbox 1943 2973 2002 3018; x_wconf 93' lang='lat' dir='ltr'><strong>ut</strong></span> <span class='ocrx_word' id='word_1_399' title='bbox 2034 2965 2245 3033; x_wconf 87' lang='lat' dir='ltr'><strong>accepit</strong></span> <span class='ocrx_word' id='word_1_400' title='bbox 2275 2963 2584 3022; x_wconf 83' lang='lat' dir='ltr'><strong>Janueuses</strong></span> <span class='ocrx_word' id='word_1_401' title='bbox 2616 2968 2857 3023; x_wconf 85' lang='lat' dir='ltr'><strong>cessisse</strong></span> <span class='ocrx_word' id='word_1_402' title='bbox 2916 2969 3056 3030; x_wconf 87' lang='lat' dir='ltr'><strong>loco.</strong></span> <span class='ocrx_word' id='word_1_403' title='bbox 3096 2983 3258 3038; x_wconf 87' lang='lat' dir='ltr'><strong>quem</strong></span> <span class='ocrx_word' id='word_1_404' title='bbox 3319 2969 3519 3023; x_wconf 86' lang='lat' dir='ltr'><strong>deleu-</strong></span> 
     </span>
    </p>
   </div>
   <div class='ocr_carea' id='block_1_58' title="bbox 255 3056 1835 3132">
    <p class='ocr_par' dir='ltr' id='par_1_58' title="bbox 255 3058 1835 3132">
     <span class='ocr_line' id='line_1_58' title="bbox 255 3058 1835 3132; baseline -0.002 -19"><span class='ocrx_word' id='word_1_405' title='bbox 255 3067 440 3132; x_wconf 66' lang='grc' dir='ltr'>ταᾷτῃ</span> <span class='ocrx_word' id='word_1_406' title='bbox 474 3063 603 3123; x_wconf 76' lang='grc' dir='ltr'>Θεὸς</span> <span class='ocrx_word' id='word_1_407' title='bbox 648 3062 940 3131; x_wconf 76' lang='grc' dir='ltr'>ὑφηγεῖται</span> <span class='ocrx_word' id='word_1_408' title='bbox 991 3063 1106 3121; x_wconf 88' lang='grc' dir='ltr'>τοῖς</span> <span class='ocrx_word' id='word_1_409' title='bbox 1155 3059 1442 3130; x_wconf 82' lang='grc' dir='ltr'>Τούρκοις,</span> <span class='ocrx_word' id='word_1_410' title='bbox 1502 3058 1663 3120; x_wconf 77' lang='grc' dir='ltr'>αὐτὸς</span> <span class='ocrx_word' id='word_1_411' title='bbox 1711 3058 1755 3110; x_wconf 79' lang='grc' dir='ltr'>δ’</span> <span class='ocrx_word' id='word_1_412' title='bbox 1813 3060 1835 3110; x_wconf 87' lang='grc' dir='ltr'><strong>ὁ</strong></span> 
     </span>
    </p>
   </div>
   <div class='ocr_carea' id='block_1_59' title="bbox 1942 3056 3516 3132">
    <p class='ocr_par' dir='ltr' id='par_1_59' title="bbox 1944 3059 3516 3130">
     <span class='ocr_line' id='line_1_59' title="bbox 1944 3059 3516 3130; baseline 0.004 -20"><span class='ocrx_word' id='word_1_413' title='bbox 1944 3059 2181 3112; x_wconf 88' lang='lat' dir='ltr'><strong>dendum</strong></span> <span class='ocrx_word' id='word_1_414' title='bbox 2219 3067 2600 3129; x_wconf 82' lang='lat' dir='ltr'><strong>susceperant,</strong></span> <span class='ocrx_word' id='word_1_415' title='bbox 2661 3070 2717 3114; x_wconf 87' lang='lat' dir='ltr'><strong>et</strong></span> <span class='ocrx_word' id='word_1_416' title='bbox 2752 3060 2932 3130; x_wconf 75' lang='lat' dir='ltr'><strong>fugam</strong></span> <span class='ocrx_word' id='word_1_417' title='bbox 2991 3062 3152 3127; x_wconf 87' lang='lat' dir='ltr'><strong>inire,</strong></span> <span class='ocrx_word' id='word_1_418' title='bbox 3215 3075 3516 3115; x_wconf 83' lang='lat' dir='ltr'><strong>accurrens</strong></span> 
     </span>
    </p>
   </div>
   <div class='ocr_carea' id='block_1_60' title="bbox 258 3151 1838 3224">
    <p class='ocr_par' dir='ltr' id='par_1_60' title="bbox 258 3151 1838 3224">
     <span class='ocr_line' id='line_1_60' title="bbox 258 3151 1838 3224; baseline -0.002 -18"><span class='ocrx_word' id='word_1_419' title='bbox 258 3156 529 3224; x_wconf 71' lang='grc' dir='ltr'>βασιλεὺς</span> <span class='ocrx_word' id='word_1_420' title='bbox 585 3153 718 3223; x_wconf 73' lang='grc' dir='ltr'>πρὸς</span> <span class='ocrx_word' id='word_1_421' title='bbox 772 3151 1226 3222; x_wconf 71' lang='grc' dir='ltr'>Καντακουζηνὸν</span> <span class='ocrx_word' id='word_1_422' title='bbox 1273 3153 1365 3204; x_wconf 79' lang='grc' dir='ltr'><strong>καί</strong></span> <span class='ocrx_word' id='word_1_423' title='bbox 1412 3168 1565 3214; x_wconf 83' lang='grc' dir='ltr'>τινας</span> <span class='ocrx_word' id='word_1_424' title='bbox 1623 3152 1838 3219; x_wconf 77' lang='grc' dir='ltr'>ὀλίγους</span> 
     </span>
    </p>
   </div>
   <div class='ocr_carea' id='block_1_61' title="bbox 255 3243 1842 3316">
    <p class='ocr_par' dir='ltr' id='par_1_61' title="bbox 255 3243 1842 3316">
     <span class='ocr_line' id='line_1_61' title="bbox 255 3243 1842 3316; baseline -0.004 -17"><span class='ocrx_word' id='word_1_425' title='bbox 255 3249 412 3315; x_wconf 76' lang='grc' dir='ltr'>ἀμφ’</span> <span class='ocrx_word' id='word_1_426' title='bbox 444 3248 604 3298; x_wconf 73' lang='grc' dir='ltr'>αὑτὸν</span> <span class='ocrx_word' id='word_1_427' title='bbox 627 3246 786 3308; x_wconf 81' lang='grc' dir='ltr'>ὁντας</span> <span class='ocrx_word' id='word_1_428' title='bbox 816 3245 1163 3316; x_wconf 81' lang='grc' dir='ltr'>τραπόμενος</span> <span class='ocrx_word' id='word_1_429' title='bbox 1208 3243 1396 3310; x_wconf 73' lang='grc' dir='ltr'>ἔλεγεν</span> <span class='ocrx_word' id='word_1_430' title='bbox 1417 3258 1432 3273; x_wconf 91' lang='grc'><strong>·</strong></span> <span class='ocrx_word' id='word_1_431' title='bbox 1493 3244 1713 3310; x_wconf 84' lang='grc' dir='ltr'>Ἴωμεν,</span> <span class='ocrx_word' id='word_1_432' title='bbox 1748 3243 1842 3296; x_wconf 80' lang='grc' dir='ltr'><strong>ἇν-</strong></span> 
     </span>
    </p>
   </div>
   <div class='ocr_carea' id='block_1_62' title="bbox 253 3335 1841 3411">
    <p class='ocr_par' dir='ltr' id='par_1_62' title="bbox 253 3335 1841 3411">
     <span class='ocr_line' id='line_1_62' title="bbox 253 3335 1841 3411; baseline -0.006 -17"><span class='ocrx_word' id='word_1_433' title='bbox 253 3345 358 3411; x_wconf 84' lang='grc' dir='ltr'><strong>δρε</strong></span> <span class='ocrx_word' id='word_1_434' title='bbox 381 3359 418 3402; x_wconf 62' lang='grc' dir='ltr'>ὲ,</span> <span class='ocrx_word' id='word_1_435' title='bbox 458 3339 549 3390; x_wconf 72' lang='grc' dir='ltr'><strong>ἐπὶ</strong></span> <span class='ocrx_word' id='word_1_436' title='bbox 569 3337 695 3401; x_wconf 80' lang='grc' dir='ltr'>τοὺς</span> <span class='ocrx_word' id='word_1_437' title='bbox 723 3337 1034 3406; x_wconf 78' lang='grc' dir='ltr'>βαρϐάρους</span> <span class='ocrx_word' id='word_1_438' title='bbox 1063 3337 1281 3388; x_wconf 80' lang='grc' dir='ltr'>τούσδε.</span> <span class='ocrx_word' id='word_1_439' title='bbox 1316 3335 1492 3397; x_wconf 82' lang='grc' dir='ltr'>Αὐτός</span> <span class='ocrx_word' id='word_1_440' title='bbox 1523 3351 1582 3385; x_wconf 83' lang='grc' dir='ltr'><strong>τε</strong></span> <span class='ocrx_word' id='word_1_441' title='bbox 1612 3337 1638 3386; x_wconf 89' lang='grc' dir='ltr'><strong>ὁ</strong></span> <span class='ocrx_word' id='word_1_442' title='bbox 1692 3337 1841 3386; x_wconf 86' lang='grc' dir='ltr'>Καν-</span> 
     </span>
    </p>
   </div>
   <div class='ocr_carea' id='block_1_63' title="bbox 253 3421 1839 3500">
    <p class='ocr_par' dir='ltr' id='par_1_63' title="bbox 253 3421 1839 3500">
     <span class='ocr_line' id='line_1_63' title="bbox 253 3421 1839 3500; baseline -0.005 -14"><span class='ocrx_word' id='word_1_443' title='bbox 253 3433 606 3500; x_wconf 74' lang='grc' dir='ltr'>τακουζηνὸς</span> <span class='ocrx_word' id='word_1_444' title='bbox 629 3431 766 3499; x_wconf 86' lang='grc' dir='ltr'>ἀνὴρ</span> <span class='ocrx_word' id='word_1_445' title='bbox 797 3432 1089 3498; x_wconf 78' lang='grc' dir='ltr'>γενόμενος</span> <span class='ocrx_word' id='word_1_446' title='bbox 1122 3427 1325 3495; x_wconf 81' lang='grc' dir='ltr'>ἀγαθὸς</span> <span class='ocrx_word' id='word_1_447' title='bbox 1359 3421 1704 3495; x_wconf 56' lang='grc' dir='ltr'>ἐτελεύτησε,</span> <span class='ocrx_word' id='word_1_448' title='bbox 1731 3427 1839 3479; x_wconf 82' lang='grc' dir='ltr'><strong>Καὶ</strong></span> 
     </span>
    </p>
   </div>
   <div class='ocr_carea' id='block_1_64' title="bbox 257 3522 1840 3596">
    <p class='ocr_par' dir='ltr' id='par_1_64' title="bbox 257 3522 1840 3596">
     <span class='ocr_line' id='line_1_64' title="bbox 257 3522 1840 3596; baseline -0.003 -16"><span class='ocrx_word' id='word_1_449' title='bbox 257 3529 438 3589; x_wconf 67' lang='grc' dir='ltr'>αὐτὸς</span> <span class='ocrx_word' id='word_1_450' title='bbox 471 3529 752 3596; x_wconf 78' lang='grc' dir='ltr'>ἐτράπετο,</span> <span class='ocrx_word' id='word_1_451' title='bbox 785 3527 877 3578; x_wconf 76' lang='grc' dir='ltr'>καὶ</span> <span class='ocrx_word' id='word_1_452' title='bbox 911 3525 1180 3588; x_wconf 83' lang='grc' dir='ltr'>ἐπιόντες,</span> <span class='ocrx_word' id='word_1_453' title='bbox 1206 3526 1300 3577; x_wconf 79' lang='grc' dir='ltr'>καὶ</span> <span class='ocrx_word' id='word_1_454' title='bbox 1320 3522 1633 3585; x_wconf 75' lang='grc' dir='ltr'>διώκοντες,</span> <span class='ocrx_word' id='word_1_455' title='bbox 1671 3522 1840 3591; x_wconf 77' lang='grc' dir='ltr'>ἐτρω-</span> 
     </span>
    </p>
   </div>
   <div class='ocr_carea' id='block_1_65' title="bbox 255 3613 1838 3688">
    <p class='ocr_par' dir='ltr' id='par_1_65' title="bbox 255 3613 1838 3688">
     <span class='ocr_line' id='line_1_65' title="bbox 255 3613 1838 3688; baseline -0.004 -14"><span class='ocrx_word' id='word_1_456' title='bbox 255 3638 376 3674; x_wconf 83' lang='grc' dir='ltr'><strong>σαν</strong></span> <span class='ocrx_word' id='word_1_457' title='bbox 410 3619 629 3688; x_wconf 72' lang='grc' dir='ltr'>βασιλέα</span> <span class='ocrx_word' id='word_1_458' title='bbox 664 3620 1074 3672; x_wconf 83' lang='grc' dir='ltr'>Κωνσταντίνον</span> <span class='ocrx_word' id='word_1_459' title='bbox 1120 3619 1176 3678; x_wconf 92' lang='grc' dir='ltr'><strong>ἐς</strong></span> <span class='ocrx_word' id='word_1_460' title='bbox 1229 3617 1322 3668; x_wconf 72' lang='grc' dir='ltr'><strong>τὸν</strong></span> <span class='ocrx_word' id='word_1_461' title='bbox 1354 3613 1526 3686; x_wconf 77' lang='grc' dir='ltr'>ὦμον,</span> <span class='ocrx_word' id='word_1_462' title='bbox 1581 3618 1676 3670; x_wconf 85' lang='grc' dir='ltr'>καὶ</span> <span class='ocrx_word' id='word_1_463' title='bbox 1718 3619 1838 3668; x_wconf 80' lang='grc' dir='ltr'>ἐτε-</span> 
     </span>
    </p>
   </div>
   <div class='ocr_carea' id='block_1_66' title="bbox 253 3708 1837 3781">
    <p class='ocr_par' dir='ltr' id='par_1_66' title="bbox 253 3708 1837 3781">
     <span class='ocr_line' id='line_1_66' title="bbox 253 3708 1837 3781; baseline 0 -17"><span class='ocrx_word' id='word_1_464' title='bbox 253 3712 560 3776; x_wconf 74' lang='grc' dir='ltr'>λεύτησεν.</span> <span class='ocrx_word' id='word_1_465' title='bbox 595 3712 658 3764; x_wconf 78' lang='lat' dir='ltr'><strong>Ol</strong></span> <span class='ocrx_word' id='word_1_466' title='bbox 685 3711 741 3763; x_wconf 80' lang='grc' dir='ltr'>δὲ</span> <span class='ocrx_word' id='word_1_467' title='bbox 773 3710 922 3765; x_wconf 75' lang='grc' dir='ltr'>ἄλλοι</span> <span class='ocrx_word' id='word_1_468' title='bbox 955 3710 1252 3781; x_wconf 78' lang='grc' dir='ltr'><strong>⁹Ελλήνων,</strong></span> <span class='ocrx_word' id='word_1_469' title='bbox 1284 3711 1360 3775; x_wconf 83' lang='grc' dir='ltr'>ὡς</span> <span class='ocrx_word' id='word_1_470' title='bbox 1387 3708 1525 3764; x_wconf 73' lang='grc' dir='ltr'>εἶδον</span> <span class='ocrx_word' id='word_1_471' title='bbox 1567 3712 1693 3773; x_wconf 83' lang='grc' dir='ltr'>τοὺς</span> <span class='ocrx_word' id='word_1_472' title='bbox 1715 3713 1837 3780; x_wconf 82' lang='grc' dir='ltr'>νεή-</span> 
     </span>
    </p>
   </div>
   <div class='ocr_carea' id='block_1_67' title="bbox 253 3805 1838 3874">
    <p class='ocr_par' dir='ltr' id='par_1_67' title="bbox 253 3805 1838 3874">
     <span class='ocr_line' id='line_1_67' title="bbox 253 3805 1838 3874; baseline 0.001 -18"><span class='ocrx_word' id='word_1_473' title='bbox 253 3805 444 3866; x_wconf 75' lang='grc' dir='ltr'>λυδας</span> <span class='ocrx_word' id='word_1_474' title='bbox 497 3807 587 3858; x_wconf 73' lang='grc' dir='ltr'><strong>ἐπὶ</strong></span> <span class='ocrx_word' id='word_1_475' title='bbox 615 3806 671 3856; x_wconf 74' lang='grc' dir='ltr'>τὸ</span> <span class='ocrx_word' id='word_1_476' title='bbox 713 3807 853 3874; x_wconf 80' lang='grc' dir='ltr'>μέγα</span> <span class='ocrx_word' id='word_1_477' title='bbox 889 3805 1070 3874; x_wconf 79' lang='grc' dir='ltr'>τεῖχος</span> <span class='ocrx_word' id='word_1_478' title='bbox 1099 3805 1434 3874; x_wconf 75' lang='grc' dir='ltr'>δραμόντας,</span> <span class='ocrx_word' id='word_1_479' title='bbox 1488 3807 1582 3858; x_wconf 70' lang='grc' dir='ltr'>καὶ</span> <span class='ocrx_word' id='word_1_480' title='bbox 1631 3805 1838 3862; x_wconf 82' lang='grc' dir='ltr'>ἄνωθεν</span> 
     </span>
    </p>
   </div>
   <div class='ocr_carea' id='block_1_68' title="bbox 256 3897 1836 3968">
    <p class='ocr_par' dir='ltr' id='par_1_68' title="bbox 256 3897 1836 3968">
     <span class='ocr_line' id='line_1_68' title="bbox 256 3897 1836 3968; baseline 0.002 -21"><span class='ocrx_word' id='word_1_481' title='bbox 256 3897 567 3967; x_wconf 67' lang='grc' dir='ltr'>βάλλοντας</span> <span class='ocrx_word' id='word_1_482' title='bbox 591 3897 889 3966; x_wconf 75' lang='grc' dir='ltr'>τοξεύμασι</span> <span class='ocrx_word' id='word_1_483' title='bbox 913 3915 970 3949; x_wconf 84' lang='grc' dir='ltr'><strong>τε</strong></span> <span class='ocrx_word' id='word_1_484' title='bbox 1007 3898 1100 3950; x_wconf 76' lang='grc' dir='ltr'>καὶ</span> <span class='ocrx_word' id='word_1_485' title='bbox 1151 3898 1340 3961; x_wconf 85' lang='grc' dir='ltr'>λίθοις,</span> <span class='ocrx_word' id='word_1_486' title='bbox 1384 3900 1476 3950; x_wconf 70' lang='grc' dir='ltr'>καὶ</span> <span class='ocrx_word' id='word_1_487' title='bbox 1518 3899 1646 3961; x_wconf 82' lang='grc' dir='ltr'>τοὺς</span> <span class='ocrx_word' id='word_1_488' title='bbox 1687 3901 1836 3968; x_wconf 75' lang='grc' dir='ltr'>ἀμφὶ</span> 
     </span>
    </p>
   </div>
   <div class='ocr_carea' id='block_1_69' title="bbox 249 3990 1838 4059">
    <p class='ocr_par' dir='ltr' id='par_1_69' title="bbox 249 3990 1838 4059">
     <span class='ocr_line' id='line_1_69' title="bbox 249 3990 1838 4059; baseline 0.004 -18"><span class='ocrx_word' id='word_1_489' title='bbox 249 3990 588 4056; x_wconf 72' lang='grc' dir='ltr'>τὺνΛόγγον</span> <span class='ocrx_word' id='word_1_490' title='bbox 613 3990 934 4058; x_wconf 80' lang='grc' dir='ltr'>φεύγοντας,</span> <span class='ocrx_word' id='word_1_491' title='bbox 983 3991 1349 4058; x_wconf 76' lang='grc' dir='ltr'>ἐπικειμένων</span> <span class='ocrx_word' id='word_1_492' title='bbox 1401 3990 1510 4042; x_wconf 87' lang='grc' dir='ltr'>τῶν</span> <span class='ocrx_word' id='word_1_493' title='bbox 1568 3992 1838 4059; x_wconf 77' lang='grc' dir='ltr'>νιηλύδων</span> 
     </span>
    </p>
   </div>
   <div class='ocr_carea' id='block_1_70' title="bbox 256 4084 1838 4155">
    <p class='ocr_par' dir='ltr' id='par_1_70' title="bbox 256 4084 1838 4155">
     <span class='ocr_line' id='line_1_70' title="bbox 256 4084 1838 4155; baseline 0.002 -19"><span class='ocrx_word' id='word_1_494' title='bbox 256 4086 570 4152; x_wconf 69' lang='grc' dir='ltr'>ἐτράποντο</span> <span class='ocrx_word' id='word_1_495' title='bbox 600 4085 656 4146; x_wconf 82' lang='grc' dir='ltr'><strong>ἐς</strong></span> <span class='ocrx_word' id='word_1_496' title='bbox 713 4084 911 4154; x_wconf 77' lang='grc' dir='ltr'>φυγὴν,</span> <span class='ocrx_word' id='word_1_497' title='bbox 951 4084 1104 4146; x_wconf 78' lang='grc' dir='ltr'>ἐκτός</span> <span class='ocrx_word' id='word_1_498' title='bbox 1136 4085 1183 4116; x_wconf 84' lang='grc'><strong>⁹⁹</strong></span> <span class='ocrx_word' id='word_1_499' title='bbox 1216 4100 1298 4146; x_wconf 88' lang='grc' dir='ltr'><strong>τις</strong></span> <span class='ocrx_word' id='word_1_500' title='bbox 1329 4084 1560 4147; x_wconf 69' lang='grc' dir='ltr'>ἕκαστος</span> <span class='ocrx_word' id='word_1_501' title='bbox 1593 4103 1838 4155; x_wconf 86' lang='grc' dir='ltr'>προσκα-</span> 
     </span>
    </p>
   </div>
   <div class='ocr_carea' id='block_1_71' title="bbox 251 4174 1836 4246">
    <p class='ocr_par' dir='ltr' id='par_1_71' title="bbox 251 4174 1836 4246">
     <span class='ocr_line' id='line_1_71' title="bbox 251 4174 1836 4246; baseline -0.001 -17"><span class='ocrx_word' id='word_1_502' title='bbox 251 4177 561 4232; x_wconf 71' lang='grc' dir='ltr'>ταῦαλλειν</span> <span class='ocrx_word' id='word_1_503' title='bbox 598 4177 919 4246; x_wconf 83' lang='grc' dir='ltr'>βουλόμενος</span> <span class='ocrx_word' id='word_1_504' title='bbox 950 4175 1091 4228; x_wconf 84' lang='grc' dir='ltr'>ὥστε</span> <span class='ocrx_word' id='word_1_505' title='bbox 1127 4174 1419 4238; x_wconf 74' lang='grc' dir='ltr'>σώζεσθαι.</span> <span class='ocrx_word' id='word_1_506' title='bbox 1457 4177 1545 4239; x_wconf 84' lang='grc' dir='ltr'>Ὣς</span> <span class='ocrx_word' id='word_1_507' title='bbox 1579 4177 1635 4230; x_wconf 77' lang='grc' dir='ltr'>δὲ</span> <span class='ocrx_word' id='word_1_508' title='bbox 1665 4180 1717 4241; x_wconf 81' lang='grc' dir='ltr'><strong>ἐς</strong></span> <span class='ocrx_word' id='word_1_509' title='bbox 1737 4179 1836 4246; x_wconf 77' lang='grc' dir='ltr'>τὴν</span> 
     </span>
    </p>
   </div>
   <div class='ocr_carea' id='block_1_72' title="bbox 253 4267 1835 4339">
    <p class='ocr_par' dir='ltr' id='par_1_72' title="bbox 253 4267 1835 4339">
     <span class='ocr_line' id='line_1_72' title="bbox 253 4267 1835 4339; baseline 0.003 -19"><span class='ocrx_word' id='word_1_510' title='bbox 253 4271 448 4339; x_wconf 69' lang='grc' dir='ltr'>πύλην</span> <span class='ocrx_word' id='word_1_511' title='bbox 479 4270 848 4338; x_wconf 73' lang='grc' dir='ltr'>ἀφίκοντοσιὴν</span> <span class='ocrx_word' id='word_1_512' title='bbox 869 4268 965 4320; x_wconf 81' lang='grc' dir='ltr'>τοῦ</span> <span class='ocrx_word' id='word_1_513' title='bbox 1006 4267 1289 4336; x_wconf 80' lang='grc' dir='ltr'>Ῥωμανοῦ</span> <span class='ocrx_word' id='word_1_514' title='bbox 1334 4269 1699 4338; x_wconf 68' lang='grc' dir='ltr'>καλουμένην,</span> <span class='ocrx_word' id='word_1_515' title='bbox 1737 4289 1835 4326; x_wconf 66' lang='grc' dir='ltr'><strong>και</strong></span> 
     </span>
    </p>
   </div>
   <div class='ocr_carea' id='block_1_73' title="bbox 249 4359 1912 4453">
    <p class='ocr_par' dir='ltr' id='par_1_73' title="bbox 249 4359 1912 4453">
     <span class='ocr_line' id='line_1_73' title="bbox 249 4359 1912 4453; baseline 0.001 -40"><span class='ocrx_word' id='word_1_516' title='bbox 249 4361 624 4430; x_wconf 74' lang='grc' dir='ltr'>τασχεθέντες</span> <span class='ocrx_word' id='word_1_517' title='bbox 672 4361 763 4413; x_wconf 78' lang='grc' dir='ltr'><strong>ὑπ’</strong></span> <span class='ocrx_word' id='word_1_518' title='bbox 795 4360 1044 4430; x_wconf 68' lang='grc' dir='ltr'>ἀλλήλων</span> <span class='ocrx_word' id='word_1_519' title='bbox 1074 4359 1237 4412; x_wconf 82' lang='grc' dir='ltr'>αὑτοῦ</span> <span class='ocrx_word' id='word_1_520' title='bbox 1260 4359 1433 4432; x_wconf 79' lang='grc' dir='ltr'>ταύτῃ</span> <span class='ocrx_word' id='word_1_521' title='bbox 1477 4362 1706 4426; x_wconf 74' lang='grc' dir='ltr'>ἔκειντο,</span> <span class='ocrx_word' id='word_1_522' title='bbox 1737 4363 1832 4420; x_wconf 76' lang='grc' dir='ltr'>καὶ.</span> <span class='ocrx_word' id='word_1_523' title='bbox 1859 4392 1912 4453; x_wconf 77' lang='lat' dir='ltr'><strong>D</strong></span> 
     </span>
    </p>
   </div>
   <div class='ocr_carea' id='block_1_74' title="bbox 252 4451 1835 4518">
    <p class='ocr_par' dir='ltr' id='par_1_74' title="bbox 252 4451 1835 4518">
     <span class='ocr_line' id='line_1_74' title="bbox 252 4451 1835 4518; baseline -0.001 -10"><span class='ocrx_word' id='word_1_524' title='bbox 252 4454 514 4516; x_wconf 72' lang='grc' dir='ltr'>ἐπιόντες</span> <span class='ocrx_word' id='word_1_525' title='bbox 542 4451 716 4516; x_wconf 78' lang='grc' dir='ltr'>αὖθις,</span> <span class='ocrx_word' id='word_1_526' title='bbox 748 4453 976 4506; x_wconf 77' lang='grc' dir='ltr'>ἔπιπτον</span> <span class='ocrx_word' id='word_1_527' title='bbox 1009 4454 1064 4514; x_wconf 80' lang='grc' dir='ltr'><strong>ἐς</strong></span> <span class='ocrx_word' id='word_1_528' title='bbox 1090 4453 1286 4514; x_wconf 82' lang='grc' dir='ltr'>αὐτοὺς</span> <span class='ocrx_word' id='word_1_529' title='bbox 1315 4513 1318 4518; x_wconf 34' lang='grc' dir='ltr'>ι</span> <span class='ocrx_word' id='word_1_530' title='bbox 1344 4456 1438 4510; x_wconf 74' lang='grc' dir='ltr'><strong>καὶ</strong></span> <span class='ocrx_word' id='word_1_531' title='bbox 1468 4454 1640 4517; x_wconf 75' lang='grc' dir='ltr'>οὕτως</span> <span class='ocrx_word' id='word_1_532' title='bbox 1703 4456 1835 4512; x_wconf 67' lang='grc' dir='ltr'>ἐπα-ν</span> 
     </span>
    </p>
   </div>
   <div class='ocr_carea' id='block_1_75' title="bbox 250 4545 1833 4616">
    <p class='ocr_par' dir='ltr' id='par_1_75' title="bbox 250 4545 1833 4616">
     <span class='ocr_line' id='line_1_75' title="bbox 250 4545 1833 4616; baseline 0.001 -18"><span class='ocrx_word' id='word_1_533' title='bbox 250 4546 632 4609; x_wconf 75' lang='grc' dir='ltr'>ναϐαξνοντες,</span> <span class='ocrx_word' id='word_1_534' title='bbox 658 4545 860 4615; x_wconf 69' lang='grc' dir='ltr'>σπουδῇ</span> <span class='ocrx_word' id='word_1_535' title='bbox 886 4546 1276 4615; x_wconf 82' lang='grc' dir='ltr'>ἐπειγομένους</span> <span class='ocrx_word' id='word_1_536' title='bbox 1305 4545 1625 4612; x_wconf 75' lang='grc' dir='ltr'>διαϐαίνειν,</span> <span class='ocrx_word' id='word_1_537' title='bbox 1659 4547 1833 4616; x_wconf 79' lang='grc' dir='ltr'>σωρὸν</span> 
     </span>
    </p>
   </div>
   <div class='ocr_carea' id='block_1_76' title="bbox 255 4638 1832 4710">
    <p class='ocr_par' dir='ltr' id='par_1_76' title="bbox 255 4638 1832 4710">
     <span class='ocr_line' id='line_1_76' title="bbox 255 4638 1832 4710; baseline 0.003 -22"><span class='ocrx_word' id='word_1_538' title='bbox 255 4641 530 4708; x_wconf 80' lang='grc' dir='ltr'>μέγιστον</span> <span class='ocrx_word' id='word_1_539' title='bbox 565 4638 768 4698; x_wconf 79' lang='grc' dir='ltr'>ζῶντες</span> <span class='ocrx_word' id='word_1_540' title='bbox 800 4639 940 4690; x_wconf 66' lang='grc' dir='ltr'>κατὰ</span> <span class='ocrx_word' id='word_1_541' title='bbox 969 4638 1067 4708; x_wconf 82' lang='grc' dir='ltr'>τὴν</span> <span class='ocrx_word' id='word_1_542' title='bbox 1095 4639 1276 4707; x_wconf 79' lang='grc' dir='ltr'>πύλην</span> <span class='ocrx_word' id='word_1_543' title='bbox 1307 4641 1657 4710; x_wconf 85' lang='grc' dir='ltr'>ἐπεποίηντο,</span> <span class='ocrx_word' id='word_1_544' title='bbox 1691 4639 1832 4692; x_wconf 82' lang='grc' dir='ltr'>ὥστε</span> 
     </span>
    </p>
   </div>
   <div class='ocr_carea' id='block_1_77' title="bbox 256 4723 1832 4798">
    <p class='ocr_par' dir='ltr' id='par_1_77' title="bbox 256 4723 1832 4798">
     <span class='ocr_line' id='line_1_77' title="bbox 256 4723 1832 4798; baseline 0.002 -18"><span class='ocrx_word' id='word_1_545' title='bbox 256 4731 464 4798; x_wconf 67' lang='grc' dir='ltr'>μηδενὶ</span> <span class='ocrx_word' id='word_1_546' title='bbox 491 4730 694 4798; x_wconf 70' lang='grc' dir='ltr'>βάσιμα</span> <span class='ocrx_word' id='word_1_547' title='bbox 721 4728 860 4782; x_wconf 72' lang='grc' dir='ltr'>εἶναι</span> <span class='ocrx_word' id='word_1_548' title='bbox 887 4730 1161 4788; x_wconf 75' lang='grc' dir='ltr'>ἐντεῦθεν.</span> <span class='ocrx_word' id='word_1_549' title='bbox 1190 4729 1296 4782; x_wconf 74' lang='grc' dir='ltr'><strong>Καὶ</strong></span> <span class='ocrx_word' id='word_1_550' title='bbox 1319 4723 1467 4783; x_wconf 77' lang='grc' dir='ltr'>οὗτοι</span> <span class='ocrx_word' id='word_1_551' title='bbox 1504 4732 1603 4798; x_wconf 66' lang='grc' dir='ltr'>μιν</span> <span class='ocrx_word' id='word_1_552' title='bbox 1657 4733 1832 4794; x_wconf 72' lang='grc' dir='ltr'>οὕτως</span> 
     </span>
    </p>
   </div>
   <div class='ocr_carea' id='block_1_78' title="bbox 253 4821 1833 4892">
    <p class='ocr_par' dir='ltr' id='par_1_78' title="bbox 253 4821 1833 4892">
     <span class='ocr_line' id='line_1_78' title="bbox 253 4821 1833 4892; baseline -0.001 -16"><span class='ocrx_word' id='word_1_553' title='bbox 253 4827 344 4883; x_wconf 77' lang='grc' dir='ltr'>ὡς</span> <span class='ocrx_word' id='word_1_554' title='bbox 379 4823 615 4874; x_wconf 72' lang='grc' dir='ltr'>πλεῖστοι</span> <span class='ocrx_word' id='word_1_555' title='bbox 652 4824 710 4874; x_wconf 77' lang='grc' dir='ltr'><strong>ἐν</strong></span> <span class='ocrx_word' id='word_1_556' title='bbox 743 4822 917 4874; x_wconf 76' lang='grc' dir='ltr'>οὐδενὶ</span> <span class='ocrx_word' id='word_1_557' title='bbox 981 4821 1123 4892; x_wconf 84' lang='grc' dir='ltr'>λόγῳ</span> <span class='ocrx_word' id='word_1_558' title='bbox 1153 4821 1455 4885; x_wconf 81' lang='grc' dir='ltr'>ἀπώλοντο,</span> <span class='ocrx_word' id='word_1_559' title='bbox 1488 4823 1833 4890; x_wconf 77' lang='grc' dir='ltr'>ἐπειγόμενοι</span> 
     </span>
    </p>
   </div>
   <div class='ocr_carea' id='block_1_79' title="bbox 253 4915 1832 4988">
    <p class='ocr_par' dir='ltr' id='par_1_79' title="bbox 253 4915 1832 4988">
     <span class='ocr_line' id='line_1_79' title="bbox 253 4915 1832 4988; baseline 0.001 -19"><span class='ocrx_word' id='word_1_560' title='bbox 253 4921 472 4988; x_wconf 48' lang='lat' dir='ltr'><strong>eorum:</strong></span> <span class='ocrx_word' id='word_1_561' title='bbox 507 4920 561 4980; x_wconf 73' lang='grc' dir='ltr'><strong>ἐς</strong></span> <span class='ocrx_word' id='word_1_562' title='bbox 593 4917 877 4986; x_wconf 77' lang='grc' dir='ltr'>ἀλλήλους,</span> <span class='ocrx_word' id='word_1_563' title='bbox 911 4915 1138 4969; x_wconf 76' lang='grc' dir='ltr'>ἔπιπτον</span> <span class='ocrx_word' id='word_1_564' title='bbox 1175 4917 1230 4978; x_wconf 87' lang='grc' dir='ltr'><strong>ἐς</strong></span> <span class='ocrx_word' id='word_1_565' title='bbox 1274 4917 1451 4970; x_wconf 78' lang='grc' dir='ltr'>ἐκεῖνο</span> <span class='ocrx_word' id='word_1_566' title='bbox 1512 4919 1572 4970; x_wconf 83' lang='grc' dir='ltr'>τὸ</span> <span class='ocrx_word' id='word_1_567' title='bbox 1629 4917 1832 4986; x_wconf 78' lang='grc' dir='ltr'>θέαμα,</span> 
     </span>
    </p>
   </div>
   <div class='ocr_carea' id='block_1_80' title="bbox 253 5006 1834 5079">
    <p class='ocr_par' dir='ltr' id='par_1_80' title="bbox 253 5006 1834 5079">
     <span class='ocr_line' id='line_1_80' title="bbox 253 5006 1834 5079; baseline 0.001 -18"><span class='ocrx_word' id='word_1_568' title='bbox 253 5009 478 5068; x_wconf 71' lang='grc' dir='ltr'>καὶτὰς</span> <span class='ocrx_word' id='word_1_569' title='bbox 513 5007 682 5069; x_wconf 66' lang='grc' dir='ltr'>πύλας</span> <span class='ocrx_word' id='word_1_570' title='bbox 716 5007 1031 5066; x_wconf 73' lang='grc' dir='ltr'>κεκλεῖσθαι</span> <span class='ocrx_word' id='word_1_571' title='bbox 1081 5006 1302 5078; x_wconf 84' lang='grc' dir='ltr'>σώμασι</span> <span class='ocrx_word' id='word_1_572' title='bbox 1355 5010 1678 5079; x_wconf 79' lang='grc' dir='ltr'>περιιόντων</span> <span class='ocrx_word' id='word_1_573' title='bbox 1738 5010 1834 5064; x_wconf 72' lang='grc' dir='ltr'>ἐπὶ</span> 
     </span>
    </p>
   </div>
   <div class='ocr_carea' id='block_1_81' title="bbox 252 5100 1832 5170">
    <p class='ocr_par' dir='ltr' id='par_1_81' title="bbox 252 5100 1832 5170">
     <span class='ocr_line' id='line_1_81' title="bbox 252 5100 1832 5170; baseline 0.001 -17"><span class='ocrx_word' id='word_1_574' title='bbox 252 5103 375 5153; x_wconf 81' lang='grc' dir='ltr'>τῶν</span> <span class='ocrx_word' id='word_1_575' title='bbox 422 5101 688 5169; x_wconf 74' lang='grc' dir='ltr'>Ἑλλήνων</span> <span class='ocrx_word' id='word_1_576' title='bbox 712 5116 726 5130; x_wconf 91' lang='grc'><strong>·</strong></span> <span class='ocrx_word' id='word_1_577' title='bbox 752 5100 801 5152; x_wconf 74' lang='grc' dir='ltr'>οἱ</span> <span class='ocrx_word' id='word_1_578' title='bbox 831 5100 889 5152; x_wconf 77' lang='grc' dir='ltr'>δὲ</span> <span class='ocrx_word' id='word_1_579' title='bbox 926 5100 1182 5170; x_wconf 80' lang='grc' dir='ltr'>νεήλυδες</span> <span class='ocrx_word' id='word_1_580' title='bbox 1214 5100 1557 5170; x_wconf 77' lang='grc' dir='ltr'>ὑπερϐάντες</span> <span class='ocrx_word' id='word_1_581' title='bbox 1595 5102 1658 5154; x_wconf 83' lang='grc' dir='ltr'>τὸ</span> <span class='ocrx_word' id='word_1_582' title='bbox 1687 5103 1832 5170; x_wconf 80' lang='grc' dir='ltr'>μέγα</span> 
     </span>
    </p>
   </div>
   <div class='ocr_carea' id='block_1_82' title="bbox 250 5193 1832 5265">
    <p class='ocr_par' dir='ltr' id='par_1_82' title="bbox 250 5193 1832 5265">
     <span class='ocr_line' id='line_1_82' title="bbox 250 5193 1832 5265; baseline 0.001 -20"><span class='ocrx_word' id='word_1_583' title='bbox 250 5195 437 5259; x_wconf 75' lang='grc' dir='ltr'>τεῖχος</span> <span class='ocrx_word' id='word_1_584' title='bbox 466 5194 856 5261; x_wconf 68' lang='grc' dir='ltr'>(κατέῤῥιπτον</span> <span class='ocrx_word' id='word_1_585' title='bbox 887 5193 994 5261; x_wconf 78' lang='grc' dir='ltr'>γάρ</span> <span class='ocrx_word' id='word_1_586' title='bbox 1015 5209 1098 5245; x_wconf 88' lang='grc' dir='ltr'><strong>τοι</strong></span> <span class='ocrx_word' id='word_1_587' title='bbox 1137 5193 1229 5247; x_wconf 72' lang='grc' dir='ltr'>καὶ</span> <span class='ocrx_word' id='word_1_588' title='bbox 1263 5193 1431 5248; x_wconf 78' lang='grc' dir='ltr'>αὐτοῦ</span> <span class='ocrx_word' id='word_1_589' title='bbox 1487 5195 1630 5263; x_wconf 72' lang='grc' dir='ltr'>μέγα</span> <span class='ocrx_word' id='word_1_590' title='bbox 1664 5195 1832 5265; x_wconf 83' lang='grc' dir='ltr'>μέρος</span> 
     </span>
    </p>
   </div>
   <div class='ocr_carea' id='block_1_83' title="bbox 254 5286 1820 5360">
    <p class='ocr_par' dir='ltr' id='par_1_83' title="bbox 254 5286 1820 5360">
     <span class='ocr_line' id='line_1_83' title="bbox 254 5286 1820 5360; baseline 0.001 -21"><span class='ocrx_word' id='word_1_591' title='bbox 254 5290 366 5339; x_wconf 70' lang='grc' dir='ltr'><strong>ὑπὸ</strong></span> <span class='ocrx_word' id='word_1_592' title='bbox 399 5287 491 5338; x_wconf 82' lang='grc' dir='ltr'>τοῦ</span> <span class='ocrx_word' id='word_1_593' title='bbox 523 5286 839 5357; x_wconf 83' lang='grc' dir='ltr'>τηλεϐόλου)</span> <span class='ocrx_word' id='word_1_594' title='bbox 869 5287 1169 5357; x_wconf 64' lang='grc' dir='ltr'>εἰσεχέοντο</span> <span class='ocrx_word' id='word_1_595' title='bbox 1187 5287 1362 5359; x_wconf 78' lang='grc' dir='ltr'>ταύτῃ</span> <span class='ocrx_word' id='word_1_596' title='bbox 1403 5289 1458 5352; x_wconf 80' lang='grc' dir='ltr'><strong>ἐς</strong></span> <span class='ocrx_word' id='word_1_597' title='bbox 1513 5291 1611 5360; x_wconf 79' lang='grc' dir='ltr'>τὴν</span> <span class='ocrx_word' id='word_1_598' title='bbox 1647 5289 1820 5355; x_wconf 88' lang='grc' dir='ltr'>πόλιν,</span> 
     </span>
    </p>
   </div>
   <div class='ocr_carea' id='block_1_84' title="bbox 1945 3150 3510 3223">
    <p class='ocr_par' dir='ltr' id='par_1_84' title="bbox 1945 3150 3510 3223">
     <span class='ocr_line' id='line_1_84' title="bbox 1945 3150 3510 3223; baseline 0.001 -19"><span class='ocrx_word' id='word_1_599' title='bbox 1945 3150 2115 3206; x_wconf 89' lang='lat' dir='ltr'><strong>citato</strong></span> <span class='ocrx_word' id='word_1_600' title='bbox 2166 3154 2361 3221; x_wconf 80' lang='lat' dir='ltr'><strong>gradu,</strong></span> <span class='ocrx_word' id='word_1_601' title='bbox 2431 3153 2682 3222; x_wconf 83' lang='lat' dir='ltr'><strong>Longum</strong></span> <span class='ocrx_word' id='word_1_602' title='bbox 2765 3162 3179 3222; x_wconf 85' lang='lat' dir='ltr'><strong>percunctatur.</strong></span> <span class='ocrx_word' id='word_1_603' title='bbox 3273 3170 3510 3223; x_wconf 89' lang='lat' dir='ltr'><strong>quonam</strong></span> 
     </span>
    </p>
   </div>
   <div class='ocr_carea' id='block_1_85' title="bbox 1945 3243 3515 3314">
    <p class='ocr_par' dir='ltr' id='par_1_85' title="bbox 1945 3243 3515 3314">
     <span class='ocr_line' id='line_1_85' title="bbox 1945 3243 3515 3314; baseline 0.003 -19"><span class='ocrx_word' id='word_1_604' title='bbox 1945 3243 2163 3298; x_wconf 79' lang='lat' dir='ltr'><strong>abiret?</strong></span> <span class='ocrx_word' id='word_1_605' title='bbox 2188 3244 2285 3297; x_wconf 81' lang='lat' dir='ltr'><strong>Cui</strong></span> <span class='ocrx_word' id='word_1_606' title='bbox 2317 3244 2536 3314; x_wconf 77' lang='lat' dir='ltr'><strong>Longus</strong></span> <span class='ocrx_word' id='word_1_607' title='bbox 2569 3250 2876 3314; x_wconf 83' lang='lat' dir='ltr'><strong>respondit,</strong></span> <span class='ocrx_word' id='word_1_608' title='bbox 2907 3259 2968 3298; x_wconf 87' lang='lat' dir='ltr'><strong>ea</strong></span> <span class='ocrx_word' id='word_1_609' title='bbox 3001 3261 3106 3313; x_wconf 86' lang='lat' dir='ltr'><strong>qua</strong></span> <span class='ocrx_word' id='word_1_610' title='bbox 3133 3244 3325 3300; x_wconf 84' lang='lat' dir='ltr'><strong>Turcis</strong></span> <span class='ocrx_word' id='word_1_611' title='bbox 3371 3246 3515 3299; x_wconf 84' lang='lat' dir='ltr'><strong>Deus</strong></span> 
     </span>
    </p>
   </div>
   <div class='ocr_carea' id='block_1_86' title="bbox 1944 3335 3514 3424">
    <p class='ocr_par' dir='ltr' id='par_1_86' title="bbox 1944 3335 3514 3424">
     <span class='ocr_line' id='line_1_86' title="bbox 1944 3335 3514 3424; baseline 0.001 -35"><span class='ocrx_word' id='word_1_612' title='bbox 1944 3335 2058 3406; x_wconf 85' lang='lat' dir='ltr'><strong>ipse</strong></span> <span class='ocrx_word' id='word_1_613' title='bbox 2105 3337 2210 3389; x_wconf 89' lang='lat' dir='ltr'><strong>iter</strong></span> <span class='ocrx_word' id='word_1_614' title='bbox 2239 3339 2435 3406; x_wconf 85' lang='lat' dir='ltr'><strong>aperit.</strong></span> <span class='ocrx_word' id='word_1_615' title='bbox 2491 3336 2690 3390; x_wconf 86' lang='lat' dir='ltr'><strong>Verum</strong></span> <span class='ocrx_word' id='word_1_616' title='bbox 2753 3353 2843 3390; x_wconf 81' lang='lat' dir='ltr'><strong>rex</strong></span> <span class='ocrx_word' id='word_1_617' title='bbox 2899 3337 3214 3424; x_wconf 59' lang='lat' dir='ltr'><strong>Graecorum</strong></span> <span class='ocrx_word' id='word_1_618' title='bbox 3264 3339 3331 3390; x_wconf 88' lang='lat' dir='ltr'><strong>ad</strong></span> <span class='ocrx_word' id='word_1_619' title='bbox 3366 3338 3514 3391; x_wconf 83' lang='lat' dir='ltr'><strong>Cau-</strong></span> 
     </span>
    </p>
   </div>
   <div class='ocr_carea' id='block_1_87' title="bbox 1945 3429 3506 3498">
    <p class='ocr_par' dir='ltr' id='par_1_87' title="bbox 1945 3429 3506 3498">
     <span class='ocr_line' id='line_1_87' title="bbox 1945 3429 3506 3498; baseline 0 -16"><span class='ocrx_word' id='word_1_620' title='bbox 1945 3437 2268 3482; x_wconf 77' lang='lat' dir='ltr'><strong>taeuxenum</strong></span> <span class='ocrx_word' id='word_1_621' title='bbox 2328 3438 2382 3484; x_wconf 85' lang='lat' dir='ltr'><strong>et</strong></span> <span class='ocrx_word' id='word_1_622' title='bbox 2445 3429 2584 3483; x_wconf 89' lang='lat' dir='ltr'><strong>alios</strong></span> <span class='ocrx_word' id='word_1_623' title='bbox 2648 3444 2853 3498; x_wconf 85' lang='lat' dir='ltr'><strong>paucos</strong></span> <span class='ocrx_word' id='word_1_624' title='bbox 2907 3446 3235 3495; x_wconf 81' lang='lat' dir='ltr'><strong>conversus,</strong></span> <span class='ocrx_word' id='word_1_625' title='bbox 3297 3431 3436 3484; x_wconf 83' lang='lat' dir='ltr'><strong>dixit</strong></span> <span class='ocrx_word' id='word_1_626' title='bbox 3491 3446 3506 3482; x_wconf 91' lang='lat'><strong>:</strong></span> 
     </span>
    </p>
   </div>
   <div class='ocr_carea' id='block_1_88' title="bbox 1943 3520 3510 3588">
    <p class='ocr_par' dir='ltr' id='par_1_88' title="bbox 1943 3520 3510 3588">
     <span class='ocr_line' id='line_1_88' title="bbox 1943 3520 3510 3588; baseline 0.002 -15"><span class='ocrx_word' id='word_1_627' title='bbox 1943 3520 2166 3588; x_wconf 85' lang='lat' dir='ltr'><strong>Eamus,</strong></span> <span class='ocrx_word' id='word_1_628' title='bbox 2194 3537 2227 3575; x_wconf 90' lang='grc' dir='ltr'>ο</span> <span class='ocrx_word' id='word_1_629' title='bbox 2257 3522 2388 3586; x_wconf 80' lang='lat' dir='ltr'><strong>viri,</strong></span> <span class='ocrx_word' id='word_1_630' title='bbox 2423 3522 2551 3575; x_wconf 92' lang='lat' dir='ltr'><strong>forti</strong></span> <span class='ocrx_word' id='word_1_631' title='bbox 2584 3524 2767 3575; x_wconf 90' lang='lat' dir='ltr'><strong>animo</strong></span> <span class='ocrx_word' id='word_1_632' title='bbox 2801 3531 2993 3576; x_wconf 80' lang='lat' dir='ltr'><strong>contra</strong></span> <span class='ocrx_word' id='word_1_633' title='bbox 3044 3521 3316 3576; x_wconf 82' lang='lat' dir='ltr'><strong>Barbaros</strong></span> <span class='ocrx_word' id='word_1_634' title='bbox 3351 3523 3510 3576; x_wconf 87' lang='lat' dir='ltr'><strong>istos.</strong></span> 
     </span>
    </p>
   </div>
   <div class='ocr_carea' id='block_1_89' title="bbox 1941 3614 3512 3685">
    <p class='ocr_par' dir='ltr' id='par_1_89' title="bbox 1941 3614 3512 3685">
     <span class='ocr_line' id='line_1_89' title="bbox 1941 3614 3512 3685; baseline 0.001 -18"><span class='ocrx_word' id='word_1_635' title='bbox 1941 3614 2382 3678; x_wconf 81' lang='lat' dir='ltr'><strong>Cautacuzeuus.</strong></span> <span class='ocrx_word' id='word_1_636' title='bbox 2442 3629 2568 3668; x_wconf 91' lang='lat' dir='ltr'><strong>cum</strong></span> <span class='ocrx_word' id='word_1_637' title='bbox 2627 3614 2821 3668; x_wconf 80' lang='lat' dir='ltr'><strong>fuisset</strong></span> <span class='ocrx_word' id='word_1_638' title='bbox 2875 3615 2958 3668; x_wconf 87' lang='lat' dir='ltr'><strong>vir</strong></span> <span class='ocrx_word' id='word_1_639' title='bbox 3018 3617 3280 3685; x_wconf 90' lang='lat' dir='ltr'><strong>optimus,</strong></span> <span class='ocrx_word' id='word_1_640' title='bbox 3338 3617 3392 3668; x_wconf 89' lang='lat' dir='ltr'><strong>in</strong></span> <span class='ocrx_word' id='word_1_641' title='bbox 3441 3633 3512 3670; x_wconf 91' lang='lat' dir='ltr'><strong>co</strong></span> 
     </span>
    </p>
   </div>
   <div class='ocr_carea' id='block_1_90' title="bbox 1941 3708 3512 3778">
    <p class='ocr_par' dir='ltr' id='par_1_90' title="bbox 1941 3708 3512 3778">
     <span class='ocr_line' id='line_1_90' title="bbox 1941 3708 3512 3778; baseline 0.002 -19"><span class='ocrx_word' id='word_1_642' title='bbox 1941 3709 2128 3778; x_wconf 72' lang='lat' dir='ltr'><strong>praelia</strong></span> <span class='ocrx_word' id='word_1_643' title='bbox 2163 3715 2388 3762; x_wconf 89' lang='lat' dir='ltr'><strong>mortem</strong></span> <span class='ocrx_word' id='word_1_644' title='bbox 2419 3708 2668 3775; x_wconf 81' lang='lat' dir='ltr'><strong>oppetiit.</strong></span> <span class='ocrx_word' id='word_1_645' title='bbox 2731 3710 2797 3760; x_wconf 76' lang='lat' dir='ltr'><strong>At</strong></span> <span class='ocrx_word' id='word_1_646' title='bbox 2855 3725 2948 3762; x_wconf 85' lang='lat' dir='ltr'><strong>rex</strong></span> <span class='ocrx_word' id='word_1_647' title='bbox 2998 3710 3312 3764; x_wconf 70' lang='lat' dir='ltr'><strong>ercorum</strong></span> <span class='ocrx_word' id='word_1_648' title='bbox 3365 3711 3512 3764; x_wconf 87' lang='lat' dir='ltr'><strong>Con-</strong></span> 
     </span>
    </p>
   </div>
   <div class='ocr_carea' id='block_1_91' title="bbox 1941 3801 3506 3871">
    <p class='ocr_par' dir='ltr' id='par_1_91' title="bbox 1941 3801 3506 3871">
     <span class='ocr_line' id='line_1_91' title="bbox 1941 3801 3506 3871; baseline 0 -15"><span class='ocrx_word' id='word_1_649' title='bbox 1941 3803 2218 3857; x_wconf 87' lang='lat' dir='ltr'><strong>stantinus</strong></span> <span class='ocrx_word' id='word_1_650' title='bbox 2244 3803 2296 3855; x_wconf 93' lang='lat' dir='ltr'><strong>in</strong></span> <span class='ocrx_word' id='word_1_651' title='bbox 2319 3803 2501 3871; x_wconf 79' lang='lat' dir='ltr'><strong>fugam</strong></span> <span class='ocrx_word' id='word_1_652' title='bbox 2535 3804 2821 3871; x_wconf 87' lang='lat' dir='ltr'><strong>conjectus</strong></span> <span class='ocrx_word' id='word_1_653' title='bbox 2856 3815 2959 3864; x_wconf 80' lang='lat' dir='ltr'><strong>est,</strong></span> <span class='ocrx_word' id='word_1_654' title='bbox 3019 3801 3316 3870; x_wconf 82' lang='lat' dir='ltr'><strong>hostesque</strong></span> <span class='ocrx_word' id='word_1_655' title='bbox 3366 3819 3506 3859; x_wconf 82' lang='lat' dir='ltr'><strong>con-</strong></span> 
     </span>
    </p>
   </div>
   <div class='ocr_carea' id='block_1_92' title="bbox 1943 3896 3505 3964">
    <p class='ocr_par' dir='ltr' id='par_1_92' title="bbox 1943 3896 3505 3964">
     <span class='ocr_line' id='line_1_92' title="bbox 1943 3896 3505 3964; baseline 0.001 -16"><span class='ocrx_word' id='word_1_656' title='bbox 1943 3899 2100 3950; x_wconf 89' lang='lat' dir='ltr'><strong>tinuo</strong></span> <span class='ocrx_word' id='word_1_657' title='bbox 2173 3897 2529 3963; x_wconf 81' lang='lat' dir='ltr'><strong>insequentes</strong></span> <span class='ocrx_word' id='word_1_658' title='bbox 2583 3896 2703 3964; x_wconf 82' lang='lat' dir='ltr'><strong>ejus</strong></span> <span class='ocrx_word' id='word_1_659' title='bbox 2760 3898 3049 3949; x_wconf 91' lang='lat' dir='ltr'><strong>humerum</strong></span> <span class='ocrx_word' id='word_1_660' title='bbox 3105 3897 3505 3950; x_wconf 77' lang='lat' dir='ltr'><strong>vulnerarent:</strong></span> 
     </span>
    </p>
   </div>
   <div class='ocr_carea' id='block_1_93' title="bbox 1939 3987 3507 4057">
    <p class='ocr_par' dir='ltr' id='par_1_93' title="bbox 1939 3987 3507 4057">
     <span class='ocr_line' id='line_1_93' title="bbox 1939 3987 3507 4057; baseline 0 -17"><span class='ocrx_word' id='word_1_661' title='bbox 1939 3999 2104 4057; x_wconf 85' lang='lat' dir='ltr'><strong>atque</strong></span> <span class='ocrx_word' id='word_1_662' title='bbox 2136 3997 2382 4041; x_wconf 88' lang='lat' dir='ltr'><strong>mortuus</strong></span> <span class='ocrx_word' id='word_1_663' title='bbox 2415 3994 2522 4042; x_wconf 88' lang='lat' dir='ltr'><strong>est.</strong></span> <span class='ocrx_word' id='word_1_664' title='bbox 2587 3987 2799 4056; x_wconf 83' lang='lat' dir='ltr'><strong>Reliqui</strong></span> <span class='ocrx_word' id='word_1_665' title='bbox 2835 3988 3008 4041; x_wconf 68' lang='lat' dir='ltr'><strong>Graeci</strong></span> <span class='ocrx_word' id='word_1_666' title='bbox 3075 3987 3164 4040; x_wconf 85' lang='lat' dir='ltr'><strong>tibi</strong></span> <span class='ocrx_word' id='word_1_667' title='bbox 3209 3988 3507 4054; x_wconf 83' lang='lat' dir='ltr'><strong>conspicati</strong></span> 
     </span>
    </p>
   </div>
   <div class='ocr_carea' id='block_1_94' title="bbox 1939 4079 3506 4149">
    <p class='ocr_par' dir='ltr' id='par_1_94' title="bbox 1939 4079 3506 4149">
     <span class='ocr_line' id='line_1_94' title="bbox 1939 4079 3506 4149; baseline -0.002 -15"><span class='ocrx_word' id='word_1_668' title='bbox 1939 4089 2069 4135; x_wconf 85' lang='lat' dir='ltr'><strong>sunt</strong></span> <span class='ocrx_word' id='word_1_669' title='bbox 2127 4081 2439 4148; x_wconf 78' lang='lat' dir='ltr'><strong>peregrinos</strong></span> <span class='ocrx_word' id='word_1_670' title='bbox 2489 4079 2557 4132; x_wconf 85' lang='lat' dir='ltr'><strong>ad</strong></span> <span class='ocrx_word' id='word_1_671' title='bbox 2616 4096 2871 4149; x_wconf 75' lang='lat' dir='ltr'><strong>maguum</strong></span> <span class='ocrx_word' id='word_1_672' title='bbox 2931 4095 3145 4138; x_wconf 86' lang='lat' dir='ltr'><strong>murum</strong></span> <span class='ocrx_word' id='word_1_673' title='bbox 3216 4079 3506 4140; x_wconf 87' lang='lat' dir='ltr'><strong>cursitare,</strong></span> 
     </span>
    </p>
   </div>
   <div class='ocr_carea' id='block_1_95' title="bbox 1941 4173 3502 4242">
    <p class='ocr_par' dir='ltr' id='par_1_95' title="bbox 1941 4173 3502 4242">
     <span class='ocr_line' id='line_1_95' title="bbox 1941 4173 3502 4242; baseline -0.001 -15"><span class='ocrx_word' id='word_1_674' title='bbox 1941 4173 2166 4228; x_wconf 86' lang='lat' dir='ltr'><strong>missilia</strong></span> <span class='ocrx_word' id='word_1_675' title='bbox 2191 4189 2244 4228; x_wconf 85' lang='lat' dir='ltr'><strong>et</strong></span> <span class='ocrx_word' id='word_1_676' title='bbox 2275 4175 2500 4241; x_wconf 82' lang='lat' dir='ltr'><strong>sagittas</strong></span> <span class='ocrx_word' id='word_1_677' title='bbox 2522 4183 2575 4228; x_wconf 85' lang='lat' dir='ltr'><strong>et</strong></span> <span class='ocrx_word' id='word_1_678' title='bbox 2595 4174 2804 4242; x_wconf 86' lang='lat' dir='ltr'><strong>lapides</strong></span> <span class='ocrx_word' id='word_1_679' title='bbox 2828 4175 2895 4226; x_wconf 89' lang='lat' dir='ltr'><strong>de</strong></span> <span class='ocrx_word' id='word_1_680' title='bbox 2918 4175 3170 4242; x_wconf 85' lang='lat' dir='ltr'><strong>supernis</strong></span> <span class='ocrx_word' id='word_1_681' title='bbox 3203 4182 3463 4241; x_wconf 85' lang='lat' dir='ltr'><strong>torquere</strong></span> <span class='ocrx_word' id='word_1_682' title='bbox 3485 4211 3502 4235; x_wconf 85' lang='lat'><strong>,</strong></span> 
     </span>
    </p>
   </div>
   <div class='ocr_carea' id='block_1_96' title="bbox 1940 4264 3507 4336">
    <p class='ocr_par' dir='ltr' id='par_1_96' title="bbox 1940 4264 3507 4336">
     <span class='ocr_line' id='line_1_96' title="bbox 1940 4264 3507 4336; baseline 0.001 -18"><span class='ocrx_word' id='word_1_683' title='bbox 1940 4275 2200 4336; x_wconf 70' lang='lat' dir='ltr'><strong>pra&#39;terea</strong></span> <span class='ocrx_word' id='word_1_684' title='bbox 2243 4264 2489 4334; x_wconf 77' lang='lat' dir='ltr'><strong>Longum</strong></span> <span class='ocrx_word' id='word_1_685' title='bbox 2524 4281 2648 4320; x_wconf 89' lang='lat' dir='ltr'><strong>cum</strong></span> <span class='ocrx_word' id='word_1_686' title='bbox 2692 4266 2808 4320; x_wconf 84' lang='lat' dir='ltr'><strong>suis</strong></span> <span class='ocrx_word' id='word_1_687' title='bbox 2836 4265 3063 4319; x_wconf 83' lang='lat' dir='ltr'><strong>armatis</strong></span> <span class='ocrx_word' id='word_1_688' title='bbox 3099 4267 3152 4319; x_wconf 91' lang='lat' dir='ltr'><strong>in</strong></span> <span class='ocrx_word' id='word_1_689' title='bbox 3195 4266 3373 4336; x_wconf 74' lang='lat' dir='ltr'><strong>fugam</strong></span> <span class='ocrx_word' id='word_1_690' title='bbox 3426 4267 3507 4320; x_wconf 87' lang='lat' dir='ltr'><strong>el-</strong></span> 
     </span>
    </p>
   </div>
   <div class='ocr_carea' id='block_1_97' title="bbox 1939 4356 3507 4427">
    <p class='ocr_par' dir='ltr' id='par_1_97' title="bbox 1939 4356 3507 4427">
     <span class='ocr_line' id='line_1_97' title="bbox 1939 4356 3507 4427; baseline 0.001 -16"><span class='ocrx_word' id='word_1_691' title='bbox 1939 4357 2115 4422; x_wconf 86' lang='lat' dir='ltr'><strong>fundi,</strong></span> <span class='ocrx_word' id='word_1_692' title='bbox 2149 4367 2204 4411; x_wconf 88' lang='lat' dir='ltr'><strong>et</strong></span> <span class='ocrx_word' id='word_1_693' title='bbox 2231 4359 2443 4425; x_wconf 88' lang='lat' dir='ltr'><strong>insequi</strong></span> <span class='ocrx_word' id='word_1_694' title='bbox 2482 4356 2701 4416; x_wconf 82' lang='lat' dir='ltr'><strong>fortiter</strong></span> <span class='ocrx_word' id='word_1_695' title='bbox 2727 4359 3066 4426; x_wconf 77' lang='lat' dir='ltr'><strong>peregrinos,</strong></span> <span class='ocrx_word' id='word_1_696' title='bbox 3115 4372 3217 4411; x_wconf 87' lang='lat' dir='ltr'><strong>nec</strong></span> <span class='ocrx_word' id='word_1_697' title='bbox 3250 4359 3353 4427; x_wconf 90' lang='lat' dir='ltr'><strong>ipsi</strong></span> <span class='ocrx_word' id='word_1_698' title='bbox 3403 4357 3507 4412; x_wconf 85' lang='lat' dir='ltr'><strong>du-</strong></span> 
     </span>
    </p>
   </div>
   <div class='ocr_carea' id='block_1_98' title="bbox 1939 4451 3505 4519">
    <p class='ocr_par' dir='ltr' id='par_1_98' title="bbox 1939 4451 3505 4519">
     <span class='ocr_line' id='line_1_98' title="bbox 1939 4451 3505 4519; baseline 0.001 -15"><span class='ocrx_word' id='word_1_699' title='bbox 1939 4451 2181 4505; x_wconf 86' lang='lat' dir='ltr'><strong>bitarunt</strong></span> <span class='ocrx_word' id='word_1_700' title='bbox 2213 4451 2392 4519; x_wconf 77' lang='lat' dir='ltr'><strong>fugam</strong></span> <span class='ocrx_word' id='word_1_701' title='bbox 2416 4451 2682 4519; x_wconf 86' lang='lat' dir='ltr'><strong>arripere,</strong></span> <span class='ocrx_word' id='word_1_702' title='bbox 2709 4466 2831 4506; x_wconf 88' lang='lat' dir='ltr'><strong>cum</strong></span> <span class='ocrx_word' id='word_1_703' title='bbox 2867 4451 3065 4518; x_wconf 80' lang='lat' dir='ltr'><strong>singuli</strong></span> <span class='ocrx_word' id='word_1_704' title='bbox 3102 4460 3259 4504; x_wconf 82' lang='lat' dir='ltr'><strong>extra</strong></span> <span class='ocrx_word' id='word_1_705' title='bbox 3286 4467 3505 4505; x_wconf 90' lang='lat' dir='ltr'><strong>murum</strong></span> 
     </span>
    </p>
   </div>
   <div class='ocr_carea' id='block_1_99' title="bbox 1938 4543 3506 4612">
    <p class='ocr_par' dir='ltr' id='par_1_99' title="bbox 1938 4543 3506 4612">
     <span class='ocr_line' id='line_1_99' title="bbox 1938 4543 3506 4612; baseline 0.001 -16"><span class='ocrx_word' id='word_1_706' title='bbox 1938 4558 1998 4597; x_wconf 85' lang='lat' dir='ltr'><strong>se</strong></span> <span class='ocrx_word' id='word_1_707' title='bbox 2025 4544 2234 4611; x_wconf 86' lang='lat' dir='ltr'><strong>jactare</strong></span> <span class='ocrx_word' id='word_1_708' title='bbox 2264 4551 2550 4612; x_wconf 80' lang='lat' dir='ltr'><strong>cuperent,</strong></span> <span class='ocrx_word' id='word_1_709' title='bbox 2594 4552 2649 4596; x_wconf 89' lang='lat' dir='ltr'><strong>ut</strong></span> <span class='ocrx_word' id='word_1_710' title='bbox 2677 4544 2973 4596; x_wconf 86' lang='lat' dir='ltr'><strong>evaderent</strong></span> <span class='ocrx_word' id='word_1_711' title='bbox 3000 4543 3243 4597; x_wconf 86' lang='lat' dir='ltr'><strong>hostium</strong></span> <span class='ocrx_word' id='word_1_712' title='bbox 3291 4561 3506 4599; x_wconf 83' lang='lat' dir='ltr'><strong>manus.</strong></span> 
     </span>
    </p>
   </div>
   <div class='ocr_carea' id='block_1_100' title="bbox 1936 4629 3504 4700">
    <p class='ocr_par' dir='ltr' id='par_1_100' title="bbox 1936 4629 3504 4700">
     <span class='ocr_line' id='line_1_100' title="bbox 1936 4629 3504 4700; baseline 0.002 -16"><span class='ocrx_word' id='word_1_713' title='bbox 1936 4629 2070 4684; x_wconf 86' lang='lat' dir='ltr'><strong>Cum</strong></span> <span class='ocrx_word' id='word_1_714' title='bbox 2103 4631 2230 4700; x_wconf 76' lang='lat' dir='ltr'><strong>fuga</strong></span> <span class='ocrx_word' id='word_1_715' title='bbox 2271 4631 2434 4698; x_wconf 58' lang='grc' dir='ltr'><strong>κιο</strong></span> <span class='ocrx_word' id='word_1_716' title='bbox 2485 4631 2653 4685; x_wconf 89' lang='lat' dir='ltr'><strong>celeri</strong></span> <span class='ocrx_word' id='word_1_717' title='bbox 2704 4639 2891 4686; x_wconf 85' lang='lat' dir='ltr'><strong>essent</strong></span> <span class='ocrx_word' id='word_1_718' title='bbox 2943 4632 3108 4685; x_wconf 88' lang='lat' dir='ltr'><strong>delati</strong></span> <span class='ocrx_word' id='word_1_719' title='bbox 3165 4635 3233 4690; x_wconf 87' lang='lat' dir='ltr'><strong>ad</strong></span> <span class='ocrx_word' id='word_1_720' title='bbox 3276 4632 3504 4690; x_wconf 84' lang='lat' dir='ltr'><strong>Romani</strong></span> 
     </span>
    </p>
   </div>
   <div class='ocr_carea' id='block_1_101' title="bbox 1936 4724 3510 4798">
    <p class='ocr_par' dir='ltr' id='par_1_101' title="bbox 1936 4724 3510 4798">
     <span class='ocr_line' id='line_1_101' title="bbox 1936 4724 3510 4798; baseline 0.004 -21"><span class='ocrx_word' id='word_1_721' title='bbox 1936 4733 2304 4792; x_wconf 82' lang='lat' dir='ltr'><strong>nuncupatam</strong></span> <span class='ocrx_word' id='word_1_722' title='bbox 2354 4737 2586 4792; x_wconf 83' lang='lat' dir='ltr'><strong>portam,</strong></span> <span class='ocrx_word' id='word_1_723' title='bbox 2643 4724 2887 4792; x_wconf 87' lang='lat' dir='ltr'><strong>impediti</strong></span> <span class='ocrx_word' id='word_1_724' title='bbox 2938 4725 3198 4781; x_wconf 82' lang='lat' dir='ltr'><strong>aliluente</strong></span> <span class='ocrx_word' id='word_1_725' title='bbox 3266 4729 3510 4798; x_wconf 84' lang='lat' dir='ltr'><strong>undique</strong></span> 
     </span>
    </p>
   </div>
   <div class='ocr_carea' id='block_1_102' title="bbox 1937 4818 3509 4882">
    <p class='ocr_par' dir='ltr' id='par_1_102' title="bbox 1937 4818 3509 4882">
     <span class='ocr_line' id='line_1_102' title="bbox 1937 4818 3509 4882; baseline 0.004 -10"><span class='ocrx_word' id='word_1_726' title='bbox 1937 4820 2218 4872; x_wconf 84' lang='lat' dir='ltr'><strong>hominum</strong></span> <span class='ocrx_word' id='word_1_727' title='bbox 2255 4821 2430 4882; x_wconf 85' lang='lat' dir='ltr'><strong>turba,</strong></span> <span class='ocrx_word' id='word_1_728' title='bbox 2469 4820 2621 4871; x_wconf 91' lang='lat' dir='ltr'><strong>humi</strong></span> <span class='ocrx_word' id='word_1_729' title='bbox 2649 4818 2940 4874; x_wconf 82' lang='lat' dir='ltr'><strong>cadebant.</strong></span> <span class='ocrx_word' id='word_1_730' title='bbox 2973 4819 3183 4875; x_wconf 88' lang='lat' dir='ltr'><strong>Deinde</strong></span> <span class='ocrx_word' id='word_1_731' title='bbox 3205 4821 3297 4875; x_wconf 88' lang='lat' dir='ltr'><strong>alii</strong></span> <span class='ocrx_word' id='word_1_732' title='bbox 3351 4838 3509 4878; x_wconf 86' lang='lat' dir='ltr'><strong>acce-</strong></span> 
     </span>
    </p>
   </div>
   <div class='ocr_carea' id='block_1_103' title="bbox 1935 4911 3504 4981">
    <p class='ocr_par' dir='ltr' id='par_1_103' title="bbox 1935 4911 3504 4981">
     <span class='ocr_line' id='line_1_103' title="bbox 1935 4911 3504 4981; baseline 0.003 -16"><span class='ocrx_word' id='word_1_733' title='bbox 1935 4913 2129 4966; x_wconf 89' lang='lat' dir='ltr'><strong>dentes</strong></span> <span class='ocrx_word' id='word_1_734' title='bbox 2163 4927 2256 4981; x_wconf 84' lang='lat' dir='ltr'><strong>per</strong></span> <span class='ocrx_word' id='word_1_735' title='bbox 2287 4911 2541 4980; x_wconf 68' lang='lat' dir='ltr'><strong>iacentes</strong></span> <span class='ocrx_word' id='word_1_736' title='bbox 2570 4912 2916 4967; x_wconf 84' lang='lat' dir='ltr'><strong>incedebant.</strong></span> <span class='ocrx_word' id='word_1_737' title='bbox 2966 4913 3025 4969; x_wconf 86' lang='lat' dir='ltr'><strong>lu</strong></span> <span class='ocrx_word' id='word_1_738' title='bbox 3081 4915 3227 4971; x_wconf 86' lang='lat' dir='ltr'><strong>hunc</strong></span> <span class='ocrx_word' id='word_1_739' title='bbox 3283 4918 3504 4972; x_wconf 88' lang='lat' dir='ltr'><strong>modum</strong></span> 
     </span>
    </p>
   </div>
   <div class='ocr_carea' id='block_1_104' title="bbox 1934 5004 3508 5074">
    <p class='ocr_par' dir='ltr' id='par_1_104' title="bbox 1934 5004 3508 5074">
     <span class='ocr_line' id='line_1_104' title="bbox 1934 5004 3508 5074; baseline 0.001 -16"><span class='ocrx_word' id='word_1_740' title='bbox 1934 5006 2298 5062; x_wconf 88' lang='lat' dir='ltr'><strong>ascendentes</strong></span> <span class='ocrx_word' id='word_1_741' title='bbox 2354 5004 2409 5056; x_wconf 88' lang='lat' dir='ltr'><strong>in</strong></span> <span class='ocrx_word' id='word_1_742' title='bbox 2457 5018 2554 5056; x_wconf 81' lang='lat' dir='ltr'><strong>eos</strong></span> <span class='ocrx_word' id='word_1_743' title='bbox 2614 5005 2707 5074; x_wconf 91' lang='lat' dir='ltr'><strong>qui</strong></span> <span class='ocrx_word' id='word_1_744' title='bbox 2742 5005 3077 5072; x_wconf 87' lang='lat' dir='ltr'><strong>ceciderant,</strong></span> <span class='ocrx_word' id='word_1_745' title='bbox 3104 5009 3286 5062; x_wconf 91' lang='lat' dir='ltr'><strong>studio</strong></span> <span class='ocrx_word' id='word_1_746' title='bbox 3323 5019 3508 5062; x_wconf 80' lang='lat' dir='ltr'><strong>trans-</strong></span> 
     </span>
    </p>
   </div>
   <div class='ocr_carea' id='block_1_105' title="bbox 1931 5097 3508 5166">
    <p class='ocr_par' dir='ltr' id='par_1_105' title="bbox 1931 5097 3508 5166">
     <span class='ocr_line' id='line_1_105' title="bbox 1931 5097 3508 5166; baseline 0.003 -13"><span class='ocrx_word' id='word_1_747' title='bbox 1931 5099 2096 5153; x_wconf 87' lang='lat' dir='ltr'><strong>eundi</strong></span> <span class='ocrx_word' id='word_1_748' title='bbox 2149 5113 2402 5166; x_wconf 72' lang='lat' dir='ltr'><strong>magnum</strong></span> <span class='ocrx_word' id='word_1_749' title='bbox 2438 5097 2690 5152; x_wconf 83' lang='lat' dir='ltr'><strong>fecerunt</strong></span> <span class='ocrx_word' id='word_1_750' title='bbox 2722 5115 2981 5154; x_wconf 81' lang='lat' dir='ltr'><strong>acervum</strong></span> <span class='ocrx_word' id='word_1_751' title='bbox 3023 5102 3323 5166; x_wconf 83' lang='lat' dir='ltr'><strong>hominum,</strong></span> <span class='ocrx_word' id='word_1_752' title='bbox 3369 5107 3508 5160; x_wconf 84' lang='lat' dir='ltr'><strong>adeo</strong></span> 
     </span>
    </p>
   </div>
   <div class='ocr_carea' id='block_1_106' title="bbox 1931 5191 3502 5263">
    <p class='ocr_par' dir='ltr' id='par_1_106' title="bbox 1931 5191 3502 5263">
     <span class='ocr_line' id='line_1_106' title="bbox 1931 5191 3502 5263; baseline 0.001 -17"><span class='ocrx_word' id='word_1_753' title='bbox 1931 5202 1993 5246; x_wconf 90' lang='lat' dir='ltr'><strong>ut</strong></span> <span class='ocrx_word' id='word_1_754' title='bbox 2019 5192 2205 5246; x_wconf 86' lang='lat' dir='ltr'><strong>nullus</strong></span> <span class='ocrx_word' id='word_1_755' title='bbox 2237 5206 2300 5245; x_wconf 89' lang='lat' dir='ltr'><strong>ea</strong></span> <span class='ocrx_word' id='word_1_756' title='bbox 2331 5191 2471 5246; x_wconf 84' lang='lat' dir='ltr'><strong>elabi</strong></span> <span class='ocrx_word' id='word_1_757' title='bbox 2533 5199 2744 5260; x_wconf 88' lang='lat' dir='ltr'><strong>posset.</strong></span> <span class='ocrx_word' id='word_1_758' title='bbox 2791 5195 2862 5246; x_wconf 84' lang='lat' dir='ltr'><strong>At</strong></span> <span class='ocrx_word' id='word_1_759' title='bbox 2919 5195 3000 5247; x_wconf 86' lang='lat' dir='ltr'><strong>sic</strong></span> <span class='ocrx_word' id='word_1_760' title='bbox 3033 5195 3182 5248; x_wconf 88' lang='lat' dir='ltr'><strong>nullo</strong></span> <span class='ocrx_word' id='word_1_761' title='bbox 3249 5205 3502 5263; x_wconf 87' lang='lat' dir='ltr'><strong>respectu</strong></span> 
     </span>
    </p>
   </div>
   <div class='ocr_carea' id='block_1_107' title="bbox 1933 5283 3506 5356">
    <p class='ocr_par' dir='ltr' id='par_1_107' title="bbox 1933 5283 3506 5356">
     <span class='ocr_line' id='line_1_107' title="bbox 1933 5283 3506 5356; baseline 0.003 -19"><span class='ocrx_word' id='word_1_762' title='bbox 1933 5283 2141 5351; x_wconf 87' lang='lat' dir='ltr'><strong>habito,</strong></span> <span class='ocrx_word' id='word_1_763' title='bbox 2202 5285 2416 5356; x_wconf 86' lang='lat' dir='ltr'><strong>periere</strong></span> <span class='ocrx_word' id='word_1_764' title='bbox 2469 5283 2716 5353; x_wconf 85' lang='lat' dir='ltr'><strong>plurimi,</strong></span> <span class='ocrx_word' id='word_1_765' title='bbox 2777 5299 2904 5338; x_wconf 86' lang='lat' dir='ltr'><strong>cum</strong></span> <span class='ocrx_word' id='word_1_766' title='bbox 2956 5285 3099 5340; x_wconf 88' lang='lat' dir='ltr'><strong>alius</strong></span> <span class='ocrx_word' id='word_1_767' title='bbox 3154 5286 3321 5340; x_wconf 87' lang='lat' dir='ltr'><strong>alium</strong></span> <span class='ocrx_word' id='word_1_768' title='bbox 3376 5288 3506 5356; x_wconf 77' lang='lat' dir='ltr'><strong>fuga</strong></span> 
     </span>
    </p>
   </div>
   <div class='ocr_carea' id='block_1_108' title="bbox 1519 5405 2201 5483">
    <p class='ocr_par' dir='ltr' id='par_1_108' title="bbox 1519 5405 2201 5483">
     <span class='ocr_line' id='line_1_108' title="bbox 1519 5405 2201 5483; baseline 0 -15"><span class='ocrx_word' id='word_1_769' title='bbox 1519 5407 1762 5470; x_wconf 79' lang='lat' dir='ltr'><strong>Nolulee</strong></span> <span class='ocrx_word' id='word_1_770' title='bbox 1812 5405 2201 5483; x_wconf 79' lang='lat' dir='ltr'><strong>marginales.</strong></span> 
     </span>
    </p>
   </div>
   <div class='ocr_carea' id='block_1_109' title="bbox 305 5510 3499 5589">
    <p class='ocr_par' dir='ltr' id='par_1_109' title="bbox 305 5510 3499 5589">
     <span class='ocr_line' id='line_1_109' title="bbox 305 5510 3499 5589; baseline 0.004 -27"><span class='ocrx_word' id='word_1_771' title='bbox 305 5511 444 5589; x_wconf 78' lang='lat'><strong>_(59_)</strong></span> <span class='ocrx_word' id='word_1_772' title='bbox 471 5510 918 5589; x_wconf 70' lang='lat' dir='ltr'><strong>Quartolialend.</strong></span> <span class='ocrx_word' id='word_1_773' title='bbox 965 5511 1094 5589; x_wconf 71' lang='lat' dir='ltr'><strong>Julii</strong></span> <span class='ocrx_word' id='word_1_774' title='bbox 1126 5514 1282 5578; x_wconf 72' lang='lat' dir='ltr'><strong>MSS,</strong></span> <span class='ocrx_word' id='word_1_775' title='bbox 1318 5513 1405 5568; x_wconf 91' lang='lat' dir='ltr'><strong>die</strong></span> <span class='ocrx_word' id='word_1_776' title='bbox 1424 5513 1634 5589; x_wconf 76' lang='lat' dir='ltr'><strong>Martis,</strong></span> <span class='ocrx_word' id='word_1_777' title='bbox 1664 5512 2376 5589; x_wconf 58' lang='lat' dir='ltr'><strong>captaponstantinoiiolis,</strong></span> <span class='ocrx_word' id='word_1_778' title='bbox 2418 5518 2869 5589; x_wconf 76' lang='lat' dir='ltr'><strong>quinquagesimo</strong></span> <span class='ocrx_word' id='word_1_779' title='bbox 2901 5525 3094 5587; x_wconf 88' lang='lat' dir='ltr'><strong>quarto</strong></span> <span class='ocrx_word' id='word_1_780' title='bbox 3135 5515 3221 5573; x_wconf 89' lang='lat' dir='ltr'><strong>die</strong></span> <span class='ocrx_word' id='word_1_781' title='bbox 3257 5517 3499 5575; x_wconf 78' lang='lat' dir='ltr'><strong>obsidio-</strong></span> 
     </span>
    </p>
   </div>
   <div class='ocr_carea' id='block_1_110' title="bbox 258 5582 1931 5654">
    <p class='ocr_par' dir='ltr' id='par_1_110' title="bbox 258 5582 1931 5654">
     <span class='ocr_line' id='line_1_110' title="bbox 258 5582 1931 5654; baseline 0.004 -20"><span class='ocrx_word' id='word_1_782' title='bbox 258 5584 367 5634; x_wconf 83' lang='lat' dir='ltr'><strong>nis.</strong></span> <span class='ocrx_word' id='word_1_783' title='bbox 397 5586 566 5635; x_wconf 71' lang='lat' dir='ltr'><strong>Aliter</strong></span> <span class='ocrx_word' id='word_1_784' title='bbox 603 5582 804 5635; x_wconf 85' lang='lat' dir='ltr'><strong>Sabell.</strong></span> <span class='ocrx_word' id='word_1_785' title='bbox 845 5585 938 5638; x_wconf 74' lang='lat' dir='ltr'><strong>lib.</strong></span> <span class='ocrx_word' id='word_1_786' title='bbox 960 5602 1031 5646; x_wconf 77' lang='lat' dir='ltr'><strong>vn,</strong></span> <span class='ocrx_word' id='word_1_787' title='bbox 1060 5585 1196 5639; x_wconf 77' lang='lat' dir='ltr'><strong>Enn.</strong></span> <span class='ocrx_word' id='word_1_788' title='bbox 1223 5589 1324 5653; x_wconf 60' lang='lat'><strong>10.,</strong></span> <span class='ocrx_word' id='word_1_789' title='bbox 1349 5587 1443 5654; x_wconf 87' lang='lat' dir='ltr'><strong>qui</strong></span> <span class='ocrx_word' id='word_1_790' title='bbox 1468 5587 1664 5640; x_wconf 80' lang='lat' dir='ltr'><strong>laetum</strong></span> <span class='ocrx_word' id='word_1_791' title='bbox 1684 5582 1759 5640; x_wconf 69' lang='lat' dir='ltr'><strong>ait</strong></span> <span class='ocrx_word' id='word_1_792' title='bbox 1781 5584 1931 5641; x_wconf 71' lang='lat'><strong>“52.</strong></span> 
     </span>
    </p>
   </div>
   <div class='ocr_carea' id='block_1_111' title="bbox 334 5721 898 5790">
    <p class='ocr_par' dir='ltr' id='par_1_111' title="bbox 334 5721 898 5790">
     <span class='ocr_line' id='line_1_111' title="bbox 334 5721 898 5790; baseline 0.009 -19"><span class='ocrx_word' id='word_1_793' title='bbox 334 5721 376 5751; x_wconf 79' lang='grc'><strong><em>⁵³</em></strong></span> <span class='ocrx_word' id='word_1_794' title='bbox 405 5724 576 5790; x_wconf 79' lang='grc' dir='ltr'>ἐτιτρ.</span> <span class='ocrx_word' id='word_1_795' title='bbox 651 5723 694 5752; x_wconf 64' lang='grc' dir='ltr'><strong>θ’</strong></span> <span class='ocrx_word' id='word_1_796' title='bbox 717 5722 898 5786; x_wconf 61' lang='grc' dir='ltr'>αὐτὸς.</span> 
     </span>
    </p>
   </div>
  </div>
