4006 6204
494 336 600 398 383
635 380 657 403 ο

1596 342 1789 402 LAON
1799 344 1900 404 lCI
1939 342 2081 404 CHA
2096 344 2605 409 LCOCONDYLJE

3624 340 3725 403 384

495 450 786 515 adductos,
824 451 910 503 Ain
981 451 1294 507 Graecorum
1365 463 1663 520 conspectu
1733 462 2061 511 mactarunt.

2169 458 2398 527 τάχιστα
2430 459 2701 525 ἐγεγόνει,
2737 460 3119 528 ἀπαγαγόντες
3161 459 3385 521 τούτους
3411 457 3468 519 ἐς
3505 457 3602 519 τὰς
3626 458 3732 509 mi-

495 542 665 597 Erant
694 551 749 597 et
770 544 913 612 apud
942 544 1162 600 Graecos
1192 545 1416 613 quidam
1444 545 1633 604 Turci.
1661 546 1754 612 qui
1779 547 1832 601 in
1863 549 2054 603 vincu-

495 635 563 685 lis
591 635 1032 690 asservabantur.
1062 636 1237 691 Grmci
1272 638 1439 705 igitur
1464 638 1565 692 hos
1608 638 1661 692 in
1689 639 1882 707 pinnas
1914 641 2054 693 muri

498 727 794 792 rapientes,
828 742 859 780 e
891 727 1111 795 regione
1153 728 1433 783 hostilium
1486 738 1796 785 castrorum
1856 731 2059 788 intere—

499 824 736 874 merunt.
787 816 853 871 Et
911 818 962 872 iu
1022 820 1169 873 hunc
1217 820 1826 889 modnm,captivorum
1880 824 2058 879 caedes

454 960 459 963 .
499 921 846 977 compensata
881 921 988 966 est.
1021 910 1198 967 Naves
1229 914 1408 981 regite.
1440 928 1563 969 cum
1604 930 1764 968 nemo
1788 925 1935 969 esset
1963 915 2057 983 qui

494 1016 589 1056 eas
614 1003 951 1071 prohiberet,
983 1007 1315 1074 navigarunt
1372 1008 1436 1061 ad
1493 1011 1705 1065 urbem.
1760 1007 1881 1074 Quo
1931 1024 2056 1064 cum

497 1095 860 1161 appulissent,
898 1114 986 1151 rex
1023 1098 1168 1153 illico
1194 1110 1415 1167 pontem
1457 1101 1584 1154 fecit
1618 1116 1648 1154 e
1681 1103 1903 1168 regione
1928 1116 2062 1156 con-

496 1188 746 1252 tinentis,
774 1204 893 1258 quae
911 1190 1349 1246 Ceratnariorum
1370 1193 1688 1261 appellatur.
1715 1193 1762 1249 Is
1786 1194 1841 1248 in
1868 1195 2058 1248 urbem

497 1280 727 1347 ferebat,
756 1295 811 1337 et
840 1294 1154 1339 exstructus
1184 1295 1302 1340 erat
1344 1301 1411 1341 ex
1438 1286 1623 1346 doiiis.
1655 1301 1890 1355 quorum
1918 1301 2062 1340 sem-

502 1388 597 1444 per
626 1378 735 1430 duo
762 1378 1237 1447 coniungebantur
1253 1388 1305 1434 et
1330 1379 1545 1433 fortiter
1572 1381 2061 1435 conuectebantur.

501 1468 605 1523 Per
639 1486 760 1523 eum
794 1487 855 1524 ex
892 1471 1089 1539 Ζῆςοηί
1118 1472 1315 1527 castris
1348 1473 1411 1526 ad
1445 1473 1635 1530 urbem
1682 1474 1787 1527 iter
1830 1485 1966 1530 erat.
1998 1473 2062 1527 Et

469 1563 718 1643 'quident
750 1565 800 1615 in
832 1566 979 1619 hunc
1038 1567 1257 1617 modqu
1311 1568 1560 1635 contigit,
1595 1578 1654 1622 ut
1704 1569 1833 1622 urbs
1849 1570 1996 1623 omni
2030 1583 2058 1621 ιι

507 1666 660 1723 parte
686 1657 972 1712 obsidione
999 1667 1293 1714 artaretur.
1314 1660 1496 1729 Capias
1513 1676 1734 1730 quoque
1747 1663 2059 1717 Graecorum

506 1749 738 1803 subinde
769 1750 1101 1805 infirmiores
1127 1752 1518 1817 reddebantur,
1563 1755 1723 1822 cuius
1744 1770 1913 1809 causa
1941 1765 2060 1809 erat

506 1841 828 1908 amplitudo.
862 1844 1111 1899 Ambitus
1136 1846 1280 1898 enim
1309 1846 1472 1911 hujus
1512 1847 1675 1917 ξοδ
1697 1847 1850 1902 urliis
1893 1847 2060 1900 traxi-

504 1952 628 1989 mus
654 1945 737 1989 est
763 1952 948 1990 earum
972 1953 1089 2006 (iure
1121 1939 1261 2005 apud
1296 1954 1395 1993 nos
1437 1949 1568 1994 sunt
1590 1940 1829 1995 urbium.
1872 1941 2063 1994 Conti-

501 2038 596 2080 no-t
621 2028 766 2080 enim
793 2028 847 2080 in
892 2028 1125 2082 circuitu
1182 2038 1399 2083 centum
1452 2039 1506 2084 et
1554 2031 1804 2084 undecim
1862 2033 2055 2087 Stadia.

501 2116 635 2168 Cum
668 2126 850 2170 autem
886 2118 1087 2173 milites
1112 2120 1353 2188 undique
1380 2136 1476 2189 per
1519 2124 1710 2177 urbem
1763 2124 2075 2178 distribue-‘

504 2218 717 2271 rentur,
744 2207 947 2261 accidit
986 2221 1041 2262 ut
1077 2211 1258 2264 minus
1288 2214 1492 2266 munita
1529 2213 1689 2277 foret,
1719 2230 1842 2269 cum
1904 2232 2063 2269 exer-

505 2300 648 2355 citus
680 2300 732 2353 iu
764 2301 906 2354 hunc
939 2304 1157 2356 modum
1190 2305 1608 2361 distraheretur.
1651 2307 1768 2361 Jam
1825 2309 2063 2377 quadra-

505 2392 651 2460 ginta
686 2393 878 2448 diebus
912 2410 1102 2448 murus
1135 2396 1448 2452 bombartlis
1509 2398 1724 2453 fortiter
1772 2410 2065 2469 quassatus

505 2494 638 2538 erat.
680 2485 1003 2542 Ceciderant
1042 2497 1220 2543 turres
1246 2496 1503 2557 quatuor,
1531 2506 1742 2545 necnon
1774 2492 1881 2545 alia
1938 2508 2065 2560 pro-

505 2583 832 2649 pugnacula,
864 2583 1113 2651 murique
1144 2599 1270 2652 pars
1302 2599 1515 2653 magna.
1565 2584 1900 2642 Corruerant
1929 2604 2063 2651 ιιι-ηι-

502 2678 651 2724 terea
676 2684 857 2728 turres
882 2672 1107 2734 maioris
1145 2673 1284 2727 muri
1316 2673 1629 2730 hombardis
1679 2675 1825 2730 ictm.
1892 2676 2063 2731 Graeci

500 2761 715 2830 quidem
741 2763 915 2830 primo
938 2774 987 2817 et
1020 2764 1119 2833 ipsi
1152 2765 1478 2820 bombardas
1513 2782 1640 2821 suas
1673 2767 2061 2836 expediebant.

502 2870 703 2923 easque
732 2856 786 2908 in
819 2858 1022 2910 hostem
1056 2856 1384 2927 dirigebaut.
1446 2858 1759 2915 Graecorum
1815 2860 2069 2916 bombar-

2167 550 2265 613 λας
2291 550 2391 619 τῆς
2416 550 2628 612 πόλεως
2675 550 3012 621 διέφθειραν.
3067 551 3331 619 Ἕλληνες
3385 549 3463 610 δὲ,
3490 544 3632 618 ἦσαν
3661 545 3737 615 δὴ

2166 644 2298 713 παρ’
2320 643 2503 707 αὐτοῖς
2550 644 2809 713 Τούρκων
2871 645 3038 707 τινὲς,
3096 644 3146 697 οἳ
3200 644 3448 696 ἑάλωσαν
3489 642 3729 709 δέσμιοι,

2164 734 2544 799 ἀπαγαγόντες
2563 736 2655 787 καὶ
2671 729 2817 788 οὗτοι
2838 734 3085 795 τούτους,
3108 734 3165 796 ἐς
3182 733 3279 797 τὰς
3301 732 3548 797 ἐπάλξεις
3573 732 3731 783 ἐναν-

2165 825 2280 878 τίον
2308 828 2403 880 τοῦ
2431 827 2824 894 στρατοπέδου,
2851 828 3284 897 κατεχρήσαντο,
3331 827 3423 881 ῐσα
3456 823 3591 893 πρὸς
3636 825 3729 875 ἶσα

2167 919 2316 985 σφίσι
2349 918 2808 989 διαχειριζόμενοι
2841 919 3088 988 γίνεσθαι
3138 920 3268 988 περὶ
3297 919 3422 980 τοὺς
3450 914 3731 985 αἰχμαλὼ-

2163 1026 2308 1072 τους.
2338 1011 2418 1063 Τὰ
2446 1012 2631 1080 μέντοι
2671 1013 2830 1066 πλοῖα
2866 1010 2959 1065 τοῦ
2999 1010 3281 1081 βασιλέως,
3311 1009 3390 1072 ὡς
3419 1008 3594 1071 οὐδεὶς
3639 1008 3725 1060 ἔτι

2165 1102 2429 1155 διεκώλυε
2461 1102 2928 1172 καθειλκυσμένα,
2959 1102 3193 1155 ἀπέπλει
3218 1102 3274 1165 ἐς
3304 1101 3404 1169 τὴν
3418 1099 3592 1153 πόλιν.
3611 1097 3727 1151 Καὶ

2167 1194 2407 1247 ἐνταῦθα
2443 1196 2643 1249 αὐτίκα
2674 1194 2927 1265 βασιλεὺς
2957 1195 3204 1263 γέφυραν
3231 1195 3472 1247 ἐποιεῖτο
3495 1190 3602 1245 ἀπὸ
3627 1191 3729 1256 τῆς

2166 1287 2504 1354 καταντικρὺ
2540 1287 2771 1356 ἠπείρου
2804 1286 2915 1339 τῶν
2946 1285 3350 1356 Κεραμαρείων
3381 1284 3726 1351 καλουμένης

2165 1381 2350 1448 χώρας
2387 1380 2446 1442 ἐς
2468 1380 2570 1449 τὴν
2598 1380 2756 1433 πόλιν
2788 1380 3083 1449 φέρουσαν,
3115 1380 3261 1433 δυοῖν
3291 1378 3469 1431 πιθοιν
3493 1377 3735 1443 ξυλίνοιν

2169 1471 2638 1541 ξυνηρμοσμένοιν
2683 1470 2778 1524 καὶ
2844 1471 3249 1537 ξυνδεδεμένοιν
3287 1469 3535 1539 ἀλλήλοις
3571 1471 3731 1537 taxu-

2171 1566 2302 1633 ρῶς,
2326 1563 2467 1617 ὥστε
2500 1563 2798 1617 διαϐαίνειν
2823 1564 2892 1618 τὰ
2914 1555 3299 1634 στρατεύματα
3354 1561 3461 1614 ἀπὸ
3494 1561 3588 1615 τοῦ
3622 1563 3730 1614 Ζα-

2168 1658 2337 1724 γάνου
2374 1660 2742 1727 στρατοπέδου
2775 1658 2869 1711 ἐπὶ
2923 1658 3022 1727 τὴν
3049 1657 3221 1711 πόλιν.
3269 1657 3380 1709 Ka‘t
3410 1653 3729 1708 συνέϐαινεν

2169 1750 2312 1804 οὕτω
2359 1751 2647 1821 ἁπανταχῆ
2692 1748 3101 1820 πολιορκεῖσθαι
3130 1750 3231 1819 τὴν
3281 1748 3454 1813 πόλιν,
3513 1746 3607 1799 καὶ
3659 1744 3732 1797 τὰ

2160 1844 2257 1910 τῆς
2287 1844 2491 1906 πόλεως
2523 1844 2694 1915 ταύτῃ
2718 1845 3039 1912 πράγματα,
3061 1843 3155 1895 καὶ
3206 1841 3502 1912 Ἑλλήνων,
3526 1838 3728 1907 ἀσθενῆ

2162 1937 2476 2004 γίγνεσθαι,
2506 1938 2602 1991 ἆτε
2629 1938 2737 2007 γὰρ
2767 1937 2867 2007 τῆς
2892 1936 3102 1999 πόλεως
3130 1935 3226 1988 ἐπὶ
3245 1933 3381 1986 πολὺ
3412 1932 3731 2002 διηκούσης.

2174 2032 2236 2084 ’11
2262 2030 2368 2101 γὰρ
2394 2031 2649 2099 περίοδος
2678 2034 2779 2102 τῆς
2814 2033 3021 2096 πόλεως
3054 2031 3289 2101 μεγίστη
3330 2028 3468 2099 αὕτη
3501 2029 3610 2082 τῶν
3642 2026 3734 2095 ἐφ’

2162 2122 2341 2189 ἡμῶν,
2372 2125 2466 2176 καὶ
2484 2125 2575 2177 ἐπὶ
2600 2124 2798 2177 ἐκατδν
2826 2126 3018 2178 ἕνδεκά
3046 2143 3123 2195 πη
3156 2124 3403 2185 σταδίους
3432 2122 3728 2190 γενομένη.

2164 2215 2574 2285 διανεμομένων
2628 2215 2737 2268 τῶν
2770 2217 2981 2286 ἀνδρῶν
3036 2217 3137 2285 τῆς
3172 2216 3379 2275 πόλεως
3421 2212 3734 2282 ἀπαπαχῆν

2165 2307 2226 2358 οὐ
2274 2308 2416 2361 πάνυ
2440 2325 2523 2361 τοι
2554 2309 2730 2377 ὀχυρὰ
2755 2310 2994 2377 ἐγένετο.
3030 2309 3145 2362 Καὶ
3195 2310 3288 2361 ἐπὶ
3321 2308 3735 2376 τεσσαράκοντα

2164 2400 2381 2470 ἡμέρας
2409 2402 2525 2462 τοῖς
2558 2400 2870 2470 τηλεϐόλοις
2904 2401 3100 2454 ἔτυπτε
3131 2400 3191 2455 τὸ
3219 2402 3399 2470 τεῖχος
3467 2400 3731 2469 Ξσίυρῶς,

2165 2495 2260 2545 καὶ
2292 2493 2567 2546 κατέϐαλε
2620 2494 2765 2563 μέγα
2802 2494 2975 2564 μέρος
3034 2494 3282 2563 πύργους
3330 2495 3607 2561 τέσσαρας
3640 2495 3738 2546 καὶ

2167 2587 2493 2655 ἐπιπύργια,
2527 2587 2789 2649 ὡσαύτως
2835 2591 2927 2642 καὶ
2955 2588 3013 2648 ἐς
3041 2586 3102 2639 τὸ
3135 2588 3279 2656 μέγα
3305 2589 3484 2654 τεῖχος
3516 2586 3643 2648 τούς
3671 2604 3734 2639 τε

2167 2678 2416 2746 πύργους
2443 2680 2768 2733 κατέϐαλεν.
2805 2680 2869 2733 0E
2902 2680 2956 2733 δὲ
2989 2678 3251 2748 Ἕλληνες
3277 2679 3375 2750 τὴν
3403 2678 3577 2749 ἀρχὴν
3628 2680 3733 2747 μὲν

2169 2770 2266 2821 καὶ
2298 2762 2469 2832 οὗτοι,
2499 2787 2630 2829 τους
2653 2770 2807 2839 παρὰ
2831 2770 2982 2836 σφίσι
3007 2768 3332 2836 τηλεϐὁλους
3378 2770 3741 2840 ἱδρυσάμενοι

2170 2860 2311 2913 κατὰ
2357 2860 2419 2912 τὺ
2446 2862 2645 2929 τεῖχος.
2707 2861 2959 2930 ἠφίεσαν,
2993 2860 3089 2915 καὶ
3134 2857 3283 2913 οῦτοι
3310 2861 3456 2915 λίϐον
3502 2862 3734 2914 ἕλκοντα

502 2944 587 2999 dte
616 2946 936 3001 emittebant
957 2946 1196 3012 globum,
1227 2947 1389 3017 cujus
1415 2950 1625 3017 pondus
1657 2962 1773 3005 erat
1797 2953 2063 3007 talentum

2169 2951 2296 3020 τρια
2344 2952 2688 3025 ἡμιτάλαντα
2736 2953 3001 3022 σταθμὸν,
3061 2954 3158 3007 καὶ
3186 2953 3377 3006 ἔϐαλον
3410 2954 3469 3013 ἐς
3512 2954 3606 3005 τὸν
3633 2954 3740 3007 τοῦ

504 3052 628 3091 cum
671 3037 915 3092 dimidio.
949 3037 1151 3093 "arum
1179 3055 1342 3093 unam
1374 3042 1723 3111 apponebant
1751 3042 2063 3100 Mechmetis

2172 3045 2435 3115 βασιλέως
2464 3044 2781 3115 τηλεϐολον.
2821 3045 2965 3099 Ἀλλ’
2991 3047 3200 3100 ἐσείετο
3225 3046 3326 3118 μιν
3351 3048 3420 3100 τὰ
3441 3047 3620 3117 τείχη,
3639 3047 3735 3099 καὶ

503 3129 818 3183 ὶιοιιιὺετιιιο
840 3130 1113 3185 maximae.
1147 3130 1349 3185 Verum
1380 3133 1606 3201 quando
1639 3135 1861 3205 globum
1884 3138 2063 3206 eiacu-

2169 3138 2467 3192 ἐϐλάπτιτο
2494 3138 2699 3207 σφισιν,
2730 3140 2791 3192 οὐ
2821 3140 3005 3207 μέντοι
3031 3141 3194 3209 ῆνυον
3223 3141 3401 3194 οὐδέν.
3437 3141 3545 3195 Καὶ
3574 3142 3603 3193 δ
3634 3140 3741 3203 μὲν

503 3221 720 3277 labatur
754 3262 770 3283 ,
806 3231 992 3278 tantus
1012 3223 1282 3279 edebatur
1309 3240 1501 3291 sonus,
1530 3236 1589 3280 ut
1622 3228 1823 3282 mtenia
1883 3244 2063 3285 move-

2181 3232 2384 3300 μείζων
2406 3231 2699 3302 τηλέϐολος
2729 3233 3090 3303 διερρήγνυτο
3124 3233 3344 3296 αὐτίκα,
3369 3235 3459 3287 ὅτε
3513 3234 3739 3303 πρῶτον

504 3326 715 3379 rentur,
752 3316 1072 3385 Graecisque
1100 3317 1225 3385 plus
1271 3318 1586 3374 detrimenti
1636 3336 1801 3390 quam
1863 3321 2062 3378 Turcis

2169 3322 2379 3390 ἠφίετο.
2420 3322 2532 3376 Καὶ
2559 3323 2653 3376 τὸν
2677 3323 3072 3395 τηλεϐολιστὴν
3117 3326 3377 3386 ἐναντίως
3432 3320 3601 3394 εἶχον,
3657 3324 3733 3387 ὼς

505 3408 757 3463 inferret.
792 3407 1151 3476 .Quaprouter
1181 3423 1369 3478 parum
1400 3409 1723 3467 efﬁciebant.
1761 3410 2062 3468 Botubarda

2169 3413 2566 3483 διεφθαρμένον
2590 3415 2696 3468 ὑπὸ
2731 3415 3023 3483 βασιλέως,
3072 3417 3170 3469 καὶ
3227 3418 3445 3485 ἀπῆγον
3476 3415 3736 3469 θανάτου.

503 3500 671 3563 enim,
700 3514 859 3568 quant
892 3499 1183 3562 habebant,
1224 3501 1484 3567 maxima,
1546 3502 1636 3556 ubi
1698 3505 1930 3572 primum
1988 3504 2063 3557 in«

2170 3507 2243 3558 Οὐ
2274 3506 2454 3573 μέντοι
2483 3525 2547 3575 γε
2597 3511 2830 3576 φανερὸν
2881 3504 3028 3576 εἶχον
3058 3510 3285 3577 σημεῖον
3341 3508 3418 3568 ὡς
3448 3507 3723 3569 κολάζειν,

503 3603 669 3643 censa
687 3599 790 3651 est,
814 3589 1076 3645 dissiluit.
1108 3591 1245 3645 Ilinc
1266 3592 1392 3646 irati
1418 3604 1605 3647 contra
1626 3594 2063 3649 bombardarium

2171 3600 2266 3651 καὶ
2299 3598 2595 3655 ἀπέλυσαν.
2642 3600 2731 3661 Ἐς
2783 3599 2838 3652 δέ
2875 3599 2935 3652 τὸ
2984 3602 3165 3669 τεῖχος
3192 3600 3220 3653 ὃ
3251 3600 3586 3653 κατεϐάλετο
3627 3597 3736 3651 ὗπὸ

504 3684 941 3747 insurrexerunt,
963 3685 1118 3752 quasi
1151 3684 1476 3740 muneribus
1523 3686 1594 3740 ab
1620 3684 1921 3741 Mechmete
1944 3702 2063 3742 cor-

2169 3689 2280 3742 τῶν
2313 3689 2580 3758 βασιλέως
2620 3691 2948 3759 τηλεϐόλων,
3001 3693 3227 3761 κλίμασι
3278 3709 3388 3745 τισι
3429 3692 3523 3743 καὶ
3558 3691 3737 3751 πίθοις

509 3787 751 3843 ruptum,
780 3790 1014 3845 eumque
1043 3775 1240 3844 capitis
1260 3777 1641 3845 anquirebant.
1699 3777 1833 3831 Cum
1887 3787 2067 3831 autem

504 3869 711 3922 nullum
749 3868 884 3923 satis
906 3870 1257 3923 manifestum
1305 3869 1519 3937 signum
1553 3885 1661 3939 quo
1688 3871 1896 3925 crimen
1916 3886 2067 3925 com-

504 3963 829 4033 probaretur
860 3962 1184 4027 invenirent,
1231 3962 1464 4018 crimine
1512 3978 1636 4017 cum
1690 3964 2062 4028 absolverunt,

502 4063 667 4124 at1ue
728 4044 1058 4122 impunitum
1108 4052 1393 4110 dimisere.
1445 4052 1663 4117 ania,
1732 4070 1853 4123 quas
1901 4052 2063 4110 Turci

504 4145 817 4201 bombardis
847 4154 1177 4206 straverant,
1222 4154 1388 4200 noctu
1440 4146 1605 4201 scalis
1662 4146 1984 4213 quibusdam
2009 4155 2063 4202 et

503 4237 667 4293 doliis
692 4238 1059 4299 obstruentes,
1117 4236 1434 4292 reﬁciebant
1495 4251 1708 4291 summa
1759 4235 2059 4291 celeritate.

503 4332 713 4387 Interea
737 4345 858 4386 eum
888 4330 1002 4383 haec
1028 4329 1239 4391 fierent.
1277 4330 1562 4384 nuntiatur
1583 4327 1894 4393 Mecbmeti,
1923 4328 2062 4383 duas

503 4441 671 4480 nares
687 4423 970 4480 onerarias
984 4439 1053 4479 ex
1078 4422 1268 4493 AEng
1299 4423 1555 4495 navigare
1578 4422 1928 4493 Byzantium:
1956 4437 2062 4476 una

2173 3779 2403 3843 ξυλίνοις
2428 3782 2785 3850 φραξάμενοι,
2835 3784 3106 3852 ἠμύνοντο
3133 3783 3326 3845 νυκτὸς
3354 3783 3737 3843 ἐπιτελοῦντες

2172 3872 2346 3926 ταῦτα
2374 3873 2461 3927 διὰ
2490 3874 2729 3943 σπουδῆς
2761 3874 2936 3931 αὐτοί.
2983 3876 3071 3928 Ἐν
3104 3876 3159 3928 δὲ
3190 3875 3268 3945 τῷ
3303 3874 3507 3941 μεταξὺ
3534 3876 3734 3944 χρόνῳ.

2173 3965 2230 4016 ἐν
2263 3958 2307 4029 ᾧ
2338 3964 2512 4018 ταῦτα
2556 3966 2793 4033 ἐγένετο,
2846 3965 3141 4033 ἠγγέλλετο
3191 3968 3238 3998 ⁸³
3277 3968 3353 4033 τῷ
3385 3966 3616 4035 βασιλεῖ,
3661 3966 3740 4026 ὼς

2174 4055 2302 4125 νῆες
2347 4056 2704 4110 ἐπιπλέουσιν
2758 4058 2866 4111 ἀπὸ
2906 4059 2999 4112 τοῦ
3037 4060 3265 4125 Αἰγαίου
3295 4061 3387 4111 ἐπὶ
3439 4060 3498 4111 τὸ
3531 4059 3740 4122 Βυζάν-

2173 4167 2311 4210 τιον.
2342 4150 2434 4203 δύο
2491 4150 2761 4219 φορτίδες,
2800 4151 2900 4219 μία
2939 4153 3038 4220 μὲν
3091 4151 3295 4220 μείζων
3330 4152 3437 4205 τῶν
3467 4152 3743 4221 Ίανυεων,

2174 4243 2207 4312 ἡ
2236 4242 2293 4297 δέ
2322 4243 2485 4312 ἑτέρα
2509 4242 2606 4296 τοῦ
2641 4242 2915 4313 Ἑλλήνων
2944 4244 3228 4315 βασιλέως,
3266 4248 3415 4299 σῖτον
3446 4246 3741 4314 ἐπιφέρου-

2175 4353 2288 4391 σαι.
2317 4334 2485 4388 Τοῦτο
2519 4335 2619 4404 μὲν
2647 4334 2723 4398 ὡς
2755 4336 3006 4401 ἐπύθετο,
3073 4337 3301 4406 τάχιστα
3344 4338 3586 4405 ἐπλήρου
3637 4339 3740 4400 τάς

2172 4444 2232 4480 τε
2264 4428 2508 4498 τριήρεις
2544 4428 2638 4480 καὶ
2678 4428 2861 4491 πλοῖα,
2898 4428 2996 4482 καὶ
3039 4428 3288 4495 ἔπεμπεν
3339 4430 3433 4481 ἐπὶ
3477 4430 3577 4491 τὰς
3604 4430 3741 4492 ναῦς

500 4518 743 4586 quidem,
785 4525 840 4570 et
865 4530 985 4584 quae
1019 4514 1393 4585 magnitudine
1445 4514 1764 4584 praestabat,
1822 4513 2063 4570 Januen-

2169 4522 2268 4589 ἤδη
2299 4522 2468 4589 ἐγγὺς
2500 4519 2688 4585 οὖσας,
2710 4521 2804 4574 καὶ
2824 4523 3233 4592 ἐπιφερομένας
3268 4521 3540 4589 πνεύματι
3565 4520 3740 4588 ἱκανῷ

502 4610 642 4664 siutn
675 4617 832 4663 erat:
868 4610 1039 4663 altera
1064 4622 1192 4662 vero
1227 4616 1345 4662 erat
1369 4607 1511 4676 regis
1550 4607 1889 4670 Grmeorum,
1913 4622 2066 4661 com-

502 4706 738 4754 meatum
772 4707 1091 4769 apportans.
1128 4695 1253 4752 Haec
1288 4697 1381 4751 ubi
1413 4699 1626 4768 accepit
1656 4714 1774 4761 rex.
1806 4698 2070 4753 continuo

504 4791 757 4846 triremes
786 4799 840 4844 et
866 4792 1001 4846 alias
1035 4805 1202 4845 naves
1234 4790 1498 4846 militibus
1559 4791 1824 4859 compleri
1888 4790 2069 4860 jubet,

500 4897 638 4953 quas
669 4882 812 4936 misit
834 4890 1025 4938 contra
1055 4883 1289 4937 hostiles
1325 4897 1514 4948 naves,
1539 4886 1595 4937 in
1620 4883 1930 4952 propinquo
1965 4898 2062 4937 ex-

502 4976 761 5033 sisteutes
792 4992 809 5028 :
849 4973 979 5043 quia
1010 4974 1146 5030 satis
1169 4974 1414 5028 secundo
1443 4985 1605 5029 vento
1665 4974 1981 5029 ferebantur
2009 4975 2064 5030 in

504 5069 713 5123 urbem.
743 5068 921 5140 Regia:
953 5084 1123 5124 naves
1156 5076 1210 5123 et
1238 5068 1492 5129 triremes
1511 5076 1741 5139 pergunt
1771 5068 2069 5138 quojussm

501 5172 679 5217 erant.
711 5160 1004 5231 Primoque
1036 5162 1281 5217 Graecam
1323 5160 1648 5217 adoriuntur
1698 5176 1912 5225 navem,
1945 5175 2068 5229 qua:

505 5258 894 5325 propemodum
944 5267 1101 5325 capta
1127 5255 1343 5319 fuisset,
1375 5254 1430 5308 ui
1494 5253 1852 5309 Januensium
1914 5257 2070 5309 navis

506 5363 721 5402 reversa
755 5349 1023 5405 laboranti
1049 5350 1169 5404 navi
1197 5349 1447 5406 subsidio
1478 5350 1716 5405 venisset
1747 5367 1761 5403 :
1796 5365 1917 5403 nam
1954 5364 2069 5403 ma-

505 5441 654 5495 ximo
696 5441 897 5511 impetu
932 5442 1123 5495 ruebat
1157 5442 1207 5495 in
1261 5442 1437 5507 regias
1495 5441 1767 5496 triremes.
1830 5440 1943 5496 Rex
2001 5456 2070 5495 ex

509 5531 692 5591 littore
725 5533 1056 5588 inclamabat
1091 5548 1245 5595 suos,
1276 5547 1480 5602 eosque
1522 5532 1761 5597 iubendo
1787 5542 1837 5586 et
1868 5533 2072 5587 adhor-

2164 4613 2221 4674 ἐς
2252 4611 2353 4681 τὴν
2384 4611 2561 4665 πόλιν.
2618 4612 2699 4665 Τὰ
2733 4613 2830 4681 μὲν
2882 4610 2975 4666 οὖν
3012 4614 3173 4666 πλοῖα
3226 4614 3320 4667 καὶ
3369 4613 3426 4665 αἱ
3489 4613 3738 4683 τριήρεις

2166 4706 2430 4774 ἀνήγοντο
2456 4705 2513 4764 ἐς
2545 4705 2643 4766 τὰς
2678 4703 2830 4770 ναῦς,
2875 4708 2967 4758 καὶ
2997 4705 3328 4774 ἐμϐάλλουσι
3361 4705 3461 4773 μὲν
3510 4707 3576 4773 τῇ
3618 4705 3743 4758 Ἐλ-

2164 4796 2359 4866 ληνικῇ
2395 4794 2485 4859 νηϊ
2510 4796 2579 4846 τὰ
2611 4795 2826 4862 πρῶτα,
2863 4796 2955 4848 καὶ
2979 4798 3131 4864 παρὰ
3158 4794 3331 4865 βραχὺ
3381 4794 3543 4858 ἑάλω,
3578 4793 3627 4846 εἰ
3664 4794 3742 4865 μὴ

2168 4889 2201 4957 ὴ
2244 4888 2490 4941 Ίανυὶων
2520 4886 2655 4951 ναῦς
2709 4888 3110 4957 ἐπιστραφείθσα
3156 4887 3365 4957 ἤμυνεν
3422 4887 3588 4955 αὐτῇ.
3640 4887 3742 4938 Φέ-

2176 4995 2342 5048 ρουσα
2378 4979 2486 5048 γὰρ
2510 4979 2761 5032 ἐνέϐαλεν
2795 4982 2851 5040 ἐς
2885 4984 2981 5040 τὰς
3010 4980 3283 5048 τριήρεις.
3334 4978 3446 5031 Καὶ
3503 4979 3531 5030 ὁ
3588 4978 3741 5045 βασι-

2172 5073 2301 5135 λεὺς
2348 5074 2454 5125 ἀπὸ
2483 5072 2577 5125 τοῦ
2606 5071 2854 5139 αἰγιαλοῦ
2884 5072 3086 5125 ἐπεϐόα
3136 5073 3583 5139 διακελευόμενος
3629 5074 3744 5132 τοῖς

2174 5163 2391 5229 ἑαυτοῦ,
2428 5165 2693 5218 ἐσῖαίνων
2716 5167 2773 5226 ἐς
2802 5164 2903 5232 τὴν
2939 5163 3212 5219 Θάλασσαν
3236 5166 3333 5216 σὺν
3359 5163 3435 5231 τῷ
3480 5164 3653 5230 ἵππῳ.
3674 5163 3741 5217 Ai

2181 5255 2364 5325 μέντοι
2413 5254 2539 5320 νῆες
2566 5254 2708 5307 οὕτω
2760 5253 3151 5323 διαφυγοῦσαι,
3195 5251 3495 5304 κατέπλεον
3548 5253 3600 5312 ἐς
3647 5252 3741 5302 τὴν

2177 5346 2395 5416 λιμένα.
2432 5347 2699 5400 Ἐνταῦθα
2732 5348 3097 5416 τιτρώσκεται
3127 5347 3156 5398 ὁ
3184 5345 3280 5397 τοῦ
3316 5343 3580 5411 βασιλέως
3613 5340 3742 5393 ναῦ-

2180 5456 2342 5507 αρχος
2378 5439 2691 5506 Παντὸγλης
2721 5439 2812 5492 τὸν
2844 5437 3123 5506 ὀφθαλμὸν
3156 5436 3259 5488 ὑπὸ
3287 5437 3395 5487 τῶν
3437 5434 3741 5503 σφετέρων,

2182 5531 2257 5593 ὡς
2278 5531 2441 5595 αὐτὸς
2470 5531 2874 5602 διεμαρτύρατο
2912 5533 2969 5596 ἐς
2994 5530 3085 5583 τὸν
3117 5526 3365 5600 βασιλέα,
3418 5526 3509 5579 καὶ
3563 5526 3612 5577 εἰ
3662 5526 3742 5594 μὴ

1798 5674 2039 5737 Notulce
2081 5674 2471 5752 marginales.

590 5802 637 5835 ³³
654 5801 726 5855 al.
763 5800 988 5867 ἐγίνετο,
1012 5800 1354 5868 ἀγγέλλεται.
