4006 6204
219 263 336 323 προ
1224 261 1324 323 DE
1359 261 1611 324 REBUS
1633 261 1818 322 TUR(

1929 260 1999 321 IS
2031 261 2183 322 LIB.
2217 260 2386 322 νιιῐ.
3383 259 3492 322 390
3522 294 3529 300 -

213 383 491 447 σόμενος,
549 381 648 432 καὶ
707 379 1011 444 διαλλαξων
1065 380 1190 444 τοὺς
1249 381 1521 451 Ἕλληνας
1559 383 1637 452 τῷ
1684 383 1818 435 Ῥω-

1928 380 2135 435 auxilio
2166 389 2390 434 venerat
2421 393 2544 434 cum
2595 394 2730 434 nave
2757 379 2990 456 maxima
3023 389 3076 434 et
3111 380 3369 434 trecentis
3411 397 3496 432 ar-

216 475 416 540 μαίων
502 473 776 542 ἀρχιερεῖ.
837 472 1024 525 Ταῦτα
1090 474 1193 543 μὲν
1265 469 1360 527 οὖν
1439 475 1607 545 ὀλίγῳ
1677 475 1814 544 πρό-

1926 477 2108 540 inatis,
2139 490 2207 529 eo
2235 473 2339 528 loci
2372 489 2496 526 cum
2538 473 2654 528 suis
2679 473 2981 527 consistere
3003 472 3221 541 jubent,
3277 472 3367 526 ubi
3400 486 3495 524 rex

209 581 389 634 τερον
468 563 622 632 αὐτῷ
691 564 1028 633 ἐπεποίητο,
1105 565 1204 621 καὶ
1267 566 1318 618 oi
1389 567 1652 637 Ἕλληνες
1715 567 1817 636 ὁψέ

1926 577 1980 620 et
2017 566 2291 636 peregrini
2327 565 2683 634 irruptiouem
2716 565 2913 619 facturi
2941 575 3116 618 erant.
3148 564 3227 618 lbi
3257 571 3497 618 stantem

213 658 360 726 γοῦν
417 659 482 722 ἐς
534 657 828 725 διαλλαγὴν
881 658 1138 725 ἀφίκοντο
1158 659 1271 720 τοῖς
1314 657 1632 727 Ῥωμαίοις.

1925 675 2048 715 cum
2108 659 2226 713 suis
2297 659 2523 712 armatis
2579 657 2686 712 vim
2770 657 3022 712 hostilem
3082 655 3292 710 atnoliri
3355 654 3498 709 vole-

221 755 392 808 bant.
470 753 621 808 Haud
680 755 869 822 procul
944 758 1130 808 aberat
1189 770 1290 809 rex
1345 753 1654 810 Graecorum
1720 769 1844 810 cum
1927 756 2043 810 suis
2103 765 2166 808 ut
2253 771 2416 825 quam
2491 754 2789 810 fortissime
2872 756 3060 809 hostes
3133 755 3499 824 propulsaret.

224 850 414 902 Etiam
479 847 779 904 cardinalis
847 848 1111 910 Isidorus.
1173 849 1546 904 Sarmatarum
1608 853 1877 914 antistes,
1917 848 2076 918 cujus
2121 856 2248 904 ante
2312 849 2684 913 meminimus,
2747 847 2970 908 Grzrcis.
3035 863 3204 916 penes
3245 862 3383 916 quos
3433 863 3499 900 ea

222 953 571 1012 tempestate
594 951 732 1005 erat,
756 942 960 995 auxilio
979 941 1102 996 fuit.
1124 943 1328 996 Aderat
1349 945 1494 997 enim
1517 950 1576 996 ut
1595 943 1865 1012 synodum
1890 948 2335 1009 congregaret,et
2356 940 2600 994 lloinano
2614 938 2853 1009 pontiﬁci
2871 939 3088 994 Graecos
3105 939 3500 995 reconciliaret.

222 1039 357 1090 lite
415 1040 640 1106 quidem
689 1037 851 1107 paulo
900 1047 1028 1093 ante
1074 1039 1410 1093 confecerat.
1474 1040 1543 1093 At
1595 1038 1802 1094 Gmeis
1854 1039 1942 1093 illa
1995 1052 2117 1091 cum
2157 1035 2421 1092 Romanis
2475 1037 2856 1091 reconciliatio
2910 1041 3074 1091 nimis
3108 1052 3227 1092 sera
3265 1043 3499 1094 exstitit.

301 1136 580 1196 Βασιλεὺς
636 1133 714 1195 δὲ,
761 1134 836 1195 ὡς
885 1133 1061 1186 ἐδόκει
1111 1131 1228 1201 ὥρα
1277 1128 1419 1186 εἶναι
1453 1135 1817 1203 προσϐάλλειν

1997 1133 2104 1187 Rex
2131 1133 2487 1196 Mechmetes,
2507 1149 2626 1186 cum
2655 1141 2870 1202 tempus
2888 1131 2998 1196 jam
3027 1131 3337 1186 advenisset
3361 1137 3500 1199 (erat

221 1230 436 1286 ἕωθεν,
473 1229 671 1297 Ἀρεος
707 1226 752 1278 δ’
780 1221 850 1295 ἦν
879 1227 1088 1296 ἡμέρα,
1121 1228 1190 1278 τά
1223 1244 1280 1279 τε
1308 1227 1564 1296 κύμϐαλα
1587 1229 1819 1297 ἐσημαί-

223 1338 383 1381 νετο,
413 1321 510 1372 καὶ
544 1319 594 1370 oi
625 1317 864 1387 αὐληταὶ
905 1321 999 1369 καὶ
1033 1319 1080 1369 οι
1112 1318 1452 1384 σαλπιγκταὶ
1497 1319 1816 1388 ἐσήμαινον,

227 1411 412 1464 ἔωθεν
444 1409 768 1480 προσέϐαλε,
806 1409 901 1461 καὶ
963 1410 1254 1477 ἅπανταχῆ
1287 1409 1386 1477 τῆς
1419 1409 1635 1472 πόλεως
1665 1411 1818 1463 καθί-

233 1519 442 1555 σταντο
474 1505 532 1564 ἐς
590 1502 769 1570 μάχην
828 1500 877 1551 οἱ
921 1497 1212 1569 βάρϐαροι,
1269 1503 1363 1552 καὶ
1413 1500 1816 1568 προσϐαλόντες

233 1596 514 1663 ἐμάχοντο
560 1592 824 1662 ἰσχυρῶς.
882 1592 1042 1644 Κατὰ
1075 1593 1174 1660 μὲν
1204 1593 1266 1644 τὸ
1309 1593 1364 1654 ές
1395 1592 1590 1661 λιμένα
1634 1596 1815 1663 τεῖχος

1925 1239 2109 1282 autem
2140 1227 2325 1282 Martis
2346 1226 2460 1297 ('59)
2487 1226 2630 1295 dies)
2664 1235 2721 1279 ut
2742 1228 3195 1296 oppugnationem
3227 1227 3500 1281 universis

1924 1327 2098 1395 copiis
2168 1327 2580 1395 aggrederetur,
2626 1325 2898 1395 cymbala.
2959 1340 3164 1379 cornua
3227 1326 3498 1393 tubasque

1924 1433 2123 1474 canere
2147 1419 2322 1487 jubet,
2349 1422 2675 1488 signumque
2697 1418 3030 1487 occipienda:
3066 1419 3499 1488 oppugnationis

1923 1512 2104 1577 dedit;
2131 1523 2183 1566 et
2213 1513 2402 1567 urbem
2427 1527 2644 1567 summo
2670 1525 2831 1566 mane
2858 1513 3069 1567 fortiter
3084 1513 3495 1582 oppugnabant,

1924 1604 2308 1673 irruentesque
2336 1605 2389 1657 in
2415 1604 2603 1658 urbem
2636 1604 3024 1674 praeliabantnr
3055 1621 3248 1674 magna
3273 1607 3495 1659 virtute.

231 1689 524 1759 ἠμύνοντο
541 1689 590 1738 oi
615 1686 882 1754 Ἕλληνες
916 1687 1210 1754 κράτιστα,
1238 1684 1331 1736 καὶ
1355 1683 1658 1747 ἐξεώσαντο
1690 1689 1814 1747 τοὺς

1922 1690 1978 1746 1η
2003 1708 2069 1746 eo
2110 1709 2267 1747 muro
2291 1693 2385 1761 qui
2431 1703 2647 1760 portum
2680 1704 2911 1762 spectat,
2965 1693 3142 1749 Graeci
3197 1695 3498 1752 fortissime

239 1783 547 1851 Ὗούρκους,
573 1783 667 1833 καί
695 1797 785 1831 ποι
818 1783 959 1831 κατὰ
992 1779 1090 1840 τὰς
1147 1778 1426 1845 κλίμακις
1473 1777 1815 1840 ἀναϐάντων,

252 1874 496 1942 κεφαλὰς
525 1875 905 1939 ἀπηνέγκαντο
966 1869 1328 1939 κρατύνοντες
1379 1869 1441 1920 τὰ
1483 1869 1635 1938 τείχη
1658 1884 1672 1899 ο
1773 1865 1818 1919 δ’

259 1967 426 2026 αὐτὸς
453 1964 750 2030 προσέϐαλε
775 1963 1058 2032 βασιλεὺς,
1089 1963 1138 2014 οί
1185 1961 1439 2030 νεήλυδες
1468 1960 1820 2013 ἐπεισπεσόν-

261 2077 380 2123 τες,
436 2059 704 2121 ἐϐιάζοντο
755 2058 887 2118 τοὺς
941 2055 1168 2117 ὁπλίτας
1197 2057 1309 2107 τῶν
1337 2054 1604 2120 Ἰανυῖων,
1641 2056 1733 2107 καὶ
1790 2054 1820 2104 ὁ

256 2152 478 2218 Λόγγος
537 2151 688 2212 αὐτὸς
749 2150 1111 2218 τιτρώσκεται
1169 2148 1541 2219 τηλεϐολίσκῳ
1605 2148 1666 2209 ἐς
1723 2148 1821 2216 τὴν

247 2249 435 2317 χεῖρα,
467 2245 562 2297 καί
584 2261 725 2306 τινες
757 2244 912 2297 ἄλλοι
961 2244 1068 2296 τῶν
1099 2243 1334 2295 ὁπλιτῶν
1387 2244 1820 2313 ἐπετιτρώσκον-

240 2354 302 2388 το
321 2339 387 2398 ’³,
417 2337 516 2388 καὶ
539 2336 849 2398 ἐκλιπόντες
871 2334 972 2403 τὴν
991 2334 1176 2405 χώραν
1259 2334 1586 2403 ἑστήκεσαν,
1621 2335 1820 2388 αὐτίκα

251 2430 566 2497 βιαζόμενοι
629 2427 964 2489 εἰσέπιπτον,
1014 2427 1109 2478 καὶ
1156 2426 1281 2488 τούς
1325 2443 1386 2478 τε
1431 2426 1658 2488 ὁπλίτας
1709 2427 1822 2479 τῶν

271 2520 506 2570 ἰα-ιυῖων
531 2518 852 2587 ἐτρέψαντο,
895 2519 991 2571 καὶ
1024 2518 1391 2588 ἐπικείμενοι,
1437 2519 1716 2586 ἐφόνευον.
1755 2519 1814 2571 ’0

257 2615 346 2678 μὲν
370 2609 466 2664 οὖν
509 2613 720 2680 Λόγγος
751 2611 1052 2680 ἀπεχώρει,
1090 2612 1306 2663 εἵποντο
1329 2611 1479 2680 αὐτῷ
1504 2614 1551 2664 oi
1582 2611 1818 2675 ὁπλῖται,

248 2710 518 2760 ἐπιόντων
544 2707 700 2774 σφίσι
730 2705 840 2758 τῶν
867 2706 1163 2776 νεηλύὸων.
1196 2706 1306 2758 Καὶ
1349 2705 1378 2757 ὁ
1405 2705 1658 2774 βασιλεὺς
1699 2706 1821 2758 Ἐλ-

244 2801 449 2866 λήνων,
488 2799 563 2862 ὼς
593 2799 788 2870 ⁴ᾔσθετο
820 2798 1144 2861 ἐκλιπόντας
1167 2799 1264 2868 τὴν
1293 2797 1480 2868 χώραν
1509 2799 1706 2860 αὐτοὺς
1728 2800 1821 2850 καὶ

243 2894 585 2955 ἐκδιδόντας,
639 2892 913 2960 ἀνέδραμε
970 2891 1071 2960 μὲν
1118 2890 1338 2955 αὐτίκα,
1391 2892 1483 2944 καὶ
1528 2891 1693 2961 ἤρετο
1727 2890 1820 2941 τὸν

235 2988 460 3052 Λόγγον
493 2987 541 3036 εἴ
577 3001 667 3037 ποι
717 2983 1039 3054 πορεύοιτος
1086 2983 1180 3036 τοῦ
1215 2983 1259 3035 δ’
1312 2981 1378 3037 αὖ
1429 2983 1693 3051 φαμένου,
1742 2982 1822 3043 ὼς

1922 1787 2269 1851 resistebant,
2299 1784 2620 1855 Turcosqne
2653 1789 3077 1856 magiianimltcr
3129 1791 3494 1857 expellebant.

1927 1878 2100 1932 Etiam
2136 1879 2310 1947 Capita
2334 1879 2722 1948 quorumdam,
2752 1881 2844 1949 qui
2881 1879 3046 1934 scalis
3109 1881 3344 1934 admotis
3377 1897 3496 1934 tun—

1925 1987 2042 2025 rum
2072 1986 2331 2040 superare
2360 1972 2726 2035 conabantur,
2765 1981 3046 2040 amputata
3095 1973 3166 2026 de
3210 1989 3366 2027 muro
3406 1976 3498 2026 de-

1922 2063 2300 2126 volvebantur,
2340 2077 2462 2118 cum
2512 2062 2685 2118 Graeci
2724 2078 2936 2118 summa
2963 2065 3012 2116 vi
3063 2065 3260 2119 muenia
3307 2065 3500 2118 defen-

1921 2161 2127 2208 sarent.
2157 2153 2228 2208 Ea
2253 2169 2405 2224 parte
2425 2170 2529 2223 qua
2587 2171 2680 2209 rex
2703 2171 2825 2209 cum
2865 2156 3274 2224 peregrinorum
3329 2172 3498 2211 inauu

1923 2246 2282 2313 irruptionezn
2339 2247 2490 2310 fecit,
2545 2245 2851 2301 Januenses
2905 2249 3097 2301 nrmati
3154 2247 3203 2300 vi
3254 2250 3493 2304 submoti

1923 2345 2075 2391 sunt.
2109 2335 2326 2408 Longus
2363 2337 2556 2391 borum
2589 2336 2699 2390 dux
2741 2341 3064 2391 vulneratus
3116 2347 3201 2391 est
3246 2354 3493 2404 manum,

1925 2430 2064 2483 ietus
2132 2428 2444 2483 bornhardae
2528 2430 2769 2498 globulo.
2836 2429 3049 2498 Reliqui
3099 2431 3295 2483 armati
3351 2432 3502 2483 haud

1924 2535 2173 2575 mansere
2233 2536 2262 2574 a
2324 2522 2637 2576 vulneribus
2680 2523 2895 2576 intacti.
2961 2521 3284 2577 Deserentes
3329 2523 3504 2592 igitur

1924 2613 2106 2667 locum
2156 2629 2318 2683 quem
2383 2626 2807 2684 occupaverant,
2859 2614 3162 2670 Januenses
3201 2615 3256 2668 in
3311 2617 3500 2683 fugam-

1924 2716 2227 2771 vertuntur,
2257 2721 2396 2777 quos
2426 2709 2697 2776 fugientes
2756 2709 3040 2764 caedebant
3095 2708 3288 2763 Ταιεί.
3346 2707 3493 2761 Lon-

1923 2800 2148 2867 gusdux
2181 2800 2412 2852 cedebat
2441 2817 2454 2852 :
2493 2815 2615 2852 eum
2667 2801 3042 2870 sequebantur
3071 2801 3291 2863 armati,
3350 2816 3500 2868 quos

1925 2888 2108 2943 hostili
2133 2888 2314 2941 animo
2351 2889 2785 2958 insequebantur
2810 2890 3000 2944 Turci.
3029 2889 3136 2944 llex
3170 2890 3488 2945 Graecorum

1925 2987 1984 3032 ut
2015 2980 2227 3048 accepit
2258 2978 2567 3036 Januenses
2598 2982 2840 3037 cessisse
2899 2983 3039 3044 loco,
3078 2998 3240 3052 quem
3301 2983 3501 3037 delen-

234 3080 420 3146 ταέτῃ
455 3077 584 3138 Θεὸς
630 3077 922 3145 ὐερηγείται
973 3077 1089 3134 τοῖς
1138 3073 1424 3144 Τούρκοις,
1485 3073 1646 3135 αὐτὸς
1693 3072 1738 3125 δ’
1795 3074 1818 3125 ὁ

1926 3073 2164 3126 deudum
2202 3081 2582 3144 susceperant,
2644 3085 2700 3129 et
2734 3074 2915 3145 fugam
2973 3076 3134 3141 inire,
3197 3089 3498 3129 accurrens

235 3170 510 3239 βασιλεὺς
566 3167 700 3237 πρὸς
753 3165 1208 3236 Καντακουξηνὸν
1255 3167 1347 3218 καί
1394 3181 1548 3228 τινας
1605 3166 1821 3234 ὀλίγους

232 3262 393 3329 ἀμφ’
424 3263 586 3313 αὐτὸν
609 3260 768 3322 ὄντας
797 3259 1145 3329 τραπόμενος
1191 3257 1378 3324 ἔλεγεν
1399 3272 1414 3288 ο
1476 3258 1696 3325 Ἴωμεν,
1731 3258 1825 3310 ἄν.

228 3360 337 3426 δρε
359 3373 399 3417 ξ,
439 3353 530 3404 ἐπὶ
550 3351 676 3415 τοὺς
704 3351 1016 3421 βαρϐάρους
1045 3351 1264 3402 τούσδε.
1299 3349 1474 3411 Αὐτός
1505 3365 1564 3400 τε
1594 3351 1621 3400 ὁ
1674 3351 1823 3401 Καν-

229 3447 588 3514 τακουζηνὸς
611 3445 748 3514 ἀνὴρ
779 3447 1071 3512 γενόμενος
1104 3441 1308 3509 ἀγαθὸς
1343 3434 1688 3509 ἐτελεύτησιξ
1713 3441 1822 3493 Καὶ

231 3543 419 3603 αὐτὸς
452 3543 734 3610 ἐτράπετο,
767 3542 859 3592 καὶ
893 3539 1162 3602 ἐπιόντες,
1189 3541 1282 3591 καὶ
1303 3537 1615 3599 διώκοντες,
1654 3536 1823 3606 ἔτρω-

232 3653 355 3688 σαν
391 3634 611 3702 βασιλέα
645 3635 1056 3686 Κωνσταντίνον
1103 3633 1158 3693 ἐς
1211 3632 1305 3682 τὸν
1337 3627 1508 3700 ὦμον,
1563 3632 1658 3684 καὶ
1701 3633 1820 3683 ἐτεο

229 3727 541 3791 λεύτησεν.
577 3727 639 3778 Οί
667 3725 722 3777 δὲ
755 3725 904 3780 ἄλλοι
937 3724 1234 3795 ⁹Ελλήνων,
1267 3726 1342 3789 ὡς
1369 3722 1508 3778 εἶδον
1549 3726 1676 3787 τοὺς
1698 3727 1820 3795 νεή-

230 3820 424 3880 λυδας
479 3822 569 3873 ἐπὶ
597 3820 653 3871 τὸ
695 3821 835 3889 μέγα
871 3821 1053 3888 τεῖχος
1081 3820 1416 3888 δραμόντας,
1470 3821 1564 3872 καὶ
1613 3819 1820 3876 ἄνωθεν

234 3911 549 3982 βάλλοντας
572 3911 952 3980 τοξεύμασίτε
989 3913 1082 3964 καὶ
1133 3912 1322 3974 λίθοις,
1366 3915 1458 3964 καὶ
1501 3913 1628 3975 τοὺς
1669 3915 1818 3982 ἀμφὶ

229 4004 570 4070 τὸνΛόγγον
595 4005 916 4072 φεύγοντας,
965 4005 1331 4073 ἐπικειμένων
1383 4004 1492 4056 τῶν
1550 4005 1820 4074 νεηλύδων

235 4101 552 4167 ἐτράποντο
582 4100 638 4160 ἐς
695 4098 893 4168 φυγὴν,
933 4099 1086 4160 ἐκτός
1118 4099 1165 4130 ⁹⁹
1198 4115 1281 4160 τις
1311 4098 1542 4161 ἕκαστος
1575 4117 1820 4169 προσκα-

231 4191 543 4247 ταὸἁλλειν
580 4191 901 4260 βουλόμενος
932 4189 1073 4242 ὥστε
1109 4189 1401 4252 σώζεσθαι.
1440 4191 1528 4254 Ὠς
1561 4191 1617 4245 δὲ
1647 4194 1700 4255 ἐς
1719 4193 1818 4261 τὴν

234 4285 431 4353 πύλην
461 4285 716 4352 ἀφίκοντο
731 4285 830 4352 τὴν
851 4282 947 4334 τοῦ
988 4281 1272 4351 Ῥωμανοῦ
1315 4283 1682 4352 καλουμένην,
1719 4303 1817 4340 κα-

1927 3165 2098 3220 citato
2149 3168 2344 3235 gradu,
2413 3167 2665 3236 Longum
2748 3176 3162 3236 percunctatur,
3254 3183 3492 3237 quonam

1927 3258 2146 3313 abiret?
2170 3259 2268 3312 Cui
2300 3259 2519 3328 Longus
2551 3264 2858 3328 respondit,
2889 3274 2951 3313 ea
2983 3275 3088 3328 qua
3115 3258 3308 3314 Turcis
3352 3260 3498 3314 Deus

1927 3351 2041 3420 ipse
2087 3351 2192 3403 iter
2221 3353 2418 3420 aperit.
2473 3350 2672 3405 Verum
2735 3367 2826 3405 rex
2881 3351 3196 3438 Graaco’rum
3246 3353 3313 3404 ad
3349 3352 3496 3405 Can-

1927 3452 2250 3496 tacusenum
2311 3452 2364 3498 et
2427 3443 2566 3497 alios
2630 3459 2836 3512 paucos
2890 3459 3217 3509 conversus,
3280 3445 3419 3498 dixit
3473 3461 3489 3497 :

1925 3535 2149 3602 Eamus,
2176 3551 2210 3590 ο
2240 3536 2371 3600 viri,
2405 3537 2533 3590 forti
2567 3538 2750 3590 animo
2783 3545 2976 3590 contra
3026 3535 3298 3591 Barbaros
3333 3537 3492 3590 istos.

1923 3628 2364 3692 Cautacuzenus,
2425 3643 2550 3682 cum
2610 3628 2803 3682 fuisset
2857 3630 2940 3682 vir
3001 3632 3263 3700 optimus,
3321 3632 3374 3683 in
3423 3647 3494 3684 co

1924 3723 2110 3792 praslio
2146 3731 2371 3775 mortem
2401 3723 2650 3788 oppetiit.
2713 3725 2779 3775 At
2837 3739 2930 3776 rex
2980 3724 3293 3778 Grzrcorutn
3347 3725 3494 3779 Con-

1924 3817 2200 3871 stantinus
2227 3817 2279 3869 in
2301 3817 2483 3885 fugant
2517 3818 2804 3885 conjectus
2838 3831 2942 3878 est,
3001 3816 3298 3885 hostesque
3349 3833 3488 3874 con-

1925 3913 2082 3964 tinuo
2155 3911 2512 3977 insequentes
2566 3910 2686 3978 ejus
2743 3913 3031 3963 humerum
3088 3911 3487 3964 vulneraruut:

1922 4013 2086 4070 atque
2118 4011 2365 4055 mortuus
2397 4009 2504 4056 est.
2569 4001 2782 4071 Reliqui
2817 4003 2990 4055 Graeci
3057 4001 3147 4054 ubi
3190 4003 3489 4069 conspicati

1922 4103 2052 4150 sunt
2109 4095 2421 4162 peregrinos
2471 4093 2540 4146 ad
2599 4111 2854 4163 maguum
2913 4109 3127 4152 riturum
3199 4094 3488 4154 cursitare,

1923 4187 2149 4242 missllia
2173 4203 2227 4242 et
2257 4189 2483 4256 sagittas
2504 4198 2558 4242 et
2577 4189 2786 4256 lapides
2810 4189 2878 4240 de
2901 4188 3152 4255 supernis
3185 4196 3445 4255 torquere
3467 4225 3483 4249 ,

1922 4289 2183 4350 prmtcrea
2225 4278 2472 4348 Longum
2507 4294 2630 4333 cum
2674 4281 2790 4335 suis
2817 4279 3046 4332 armatis
3081 4281 3135 4333 in
3177 4279 3356 4350 fugam
3407 4281 3490 4334 el-

229 4376 606 4444 τασχεθέντες
654 4376 745 4427 ὑπ’
778 4375 1026 4444 ἀλλήλων
1056 4374 1219 4427 αὑτοῦ
1241 4373 1414 4446 ταύτῃ
1459 4377 1688 4440 ἔκειντο,
1719 4377 1814 4434 καὶ

1922 4371 2098 4436 fundi,
2131 4380 2187 4426 et
2213 4373 2425 4439 insequi
2464 4370 2683 4430 fortiter
2709 4373 3048 4440 peregrinos,
3097 4386 3200 4425 nec
3232 4373 3335 4441 ipsi
3385 4371 3489 4426 du-

233 4469 497 4530 ὲττεόντες
524 4466 698 4530 αὖθις,
730 4468 958 4520 ἔπιπτον
990 4469 1046 4529 ἐς
1072 4468 1268 4529 αὐτοὺς
1297 4471 1420 4532 ,καὶ
1450 4469 1622 4531 οὕτως
1685 4470 1818 4527 ἐπα-

232 4560 614 4623 ναϐαίνοντες,
641 4559 842 4629 σπουδῇ
869 4561 1258 4630 ἐπειγομένους
1286 4561 1607 4626 διαϐαίνειν,
1641 4562 1816 4631 σωρὸν

237 4655 512 4723 μέγιστον
547 4652 750 4713 ζῶντες
783 4653 922 4706 κατὰ
952 4652 1049 4723 τὴν
1077 4653 1258 4722 πύλην
1288 4655 1639 4724 ἐπεποίηντο,
1673 4653 1814 4707 ὥστε

238 4745 446 4812 μηδενὶ
473 4745 675 4812 βάσιμα
704 4743 842 4796 εἷναι
869 4745 1143 4803 ἐντεῦθεν.
1171 4744 1278 4797 Καὶ
1301 4738 1448 4797 οὗτοι
1485 4747 1585 4812 μὲν
1639 4748 1814 4808 οὕτως

236 4842 326 4897 ὡς
361 4838 598 4888 πλεῖστοι
634 4839 692 4888 ἐν
725 4837 899 4889 οὐδενὶ
963 4836 1105 4907 λόγῳ
1135 4836 1436 4899 ἀπώλοντο,
1470 4839 1815 4905 ἐπειγόμενοι

237 4935 454 5002 φυῆναι
488 4935 543 4994 ἐς
574 4931 859 5001 ἀλλήλους,
892 4930 1120 4983 ἔπιπτον
1157 4933 1212 4993 ἐς
1256 4933 1432 4984 ἐκεῖνο
1492 4934 1554 4984 τὸ
1611 4932 1814 5001 θέαμα,

237 5027 342 5075 καὶ
367 5023 461 5082 τὰς
495 5023 664 5084 πύλας
699 5021 1013 5081 κεκλεῖσθαι
1063 5021 1284 5092 σώμασι
1337 5025 1660 5094 περιιόντων
1720 5024 1816 5080 ἐπὶ

237 5116 358 5167 τῶν
405 5115 670 5183 Ἑλλήνων
694 5131 709 5146 ’
734 5115 783 5166 οι
813 5115 871 5167 δέ
908 5115 1164 5186 νεήλυδες
1195 5115 1539 5185 ὑπερϐάντες
1576 5117 1640 5168 τὸ
1668 5117 1814 5185 μέγα

235 5210 420 5274 τεῖχος
449 5209 838 5276 (κατέρριπτον
869 5209 976 5276 γάρ
997 5224 1081 5260 τοι
1119 5209 1212 5262 καὶ
1245 5208 1412 5263 αὐτοῦ
1469 5209 1612 5278 μέγα
1646 5210 1814 5279 μέρος

238 5304 348 5354 ὑπὸ
382 5301 474 5352 τοῦ
506 5301 821 5372 τηλεϐόλου)
852 5302 1151 5372 εἰσεχέοντο
1169 5301 1344 5374 ταύτῃ
1385 5304 1439 5366 ἐς
1494 5306 1594 5374 τὴν
1628 5303 1802 5369 πόλιν,

1923 4466 2164 4520 bitarunt
2195 4465 2374 4533 fugam
2398 4465 2665 4533 arripere,
2691 4480 2813 4520 cum
2849 4465 3047 4533 singuli
3084 4474 3241 4518 extra
3268 4481 3487 4520 murum

1921 4572 1980 4612 se
2007 4558 2216 4626 jactare
2246 4565 2532 4626 cuperent,
2577 4567 2631 4610 ut
2660 4558 2955 4610 evaderent
2982 4557 3225 4612 hostium
3273 4575 3490 4614 tnanus.

1918 4644 2053 4699 Cum
2087 4645 2212 4714 fuga
2253 4645 2416 4713 210
2467 4645 2635 4700 celeri
2686 4653 2874 4702 essent
2925 4647 3090 4700 delati
3147 4650 3216 4704 ad
3258 4647 3486 4704 Romani

1919 4748 2286 4807 nuncupatam
2337 4751 2568 4807 portant,
2626 4739 2869 4807 impediti
2920 4739 3180 4796 afﬂuente
3249 4743 3492 4813 undique

1920 4835 2200 4887 hominum
2238 4836 2412 4896 turba,
2451 4834 2603 4886 humi
2631 4833 2922 4890 cadebant.
2955 4833 3165 4890 Deinde
3188 4836 3280 4890 alii
3333 4853 3491 4892 acce-

1917 4928 2111 4980 dentes
2145 4941 2239 4995 per
2269 4926 2522 4994 jacentes
2552 4927 2898 4982 incedebant.
2948 4927 3007 4982 In
3064 4929 3210 4985 hunc
3265 4933 3486 4986 modum

1916 5020 2280 5076 ascendentes
2337 5018 2392 5070 in
2439 5032 2536 5070 eos
2595 5020 2690 5088 qui
2725 5020 3059 5086 ceciderant,
3086 5023 3268 5076 studio
3305 5033 3490 5076 trans-

1913 5113 2079 5167 eundi
2131 5127 2384 5181 magnum
2421 5111 2673 5166 fecerunt
2704 5129 2962 5168 acervum
3005 5116 3306 5180 hominum,
3351 5121 3490 5174 adeo

1913 5216 1975 5261 ut
2001 5207 2187 5260 nullus
2219 5221 2282 5260 ea
2313 5206 2454 5260 elabi
2516 5214 2726 5274 posset.
2773 5209 2844 5259 At
2901 5209 2983 5261 sic
3015 5210 3164 5262 nullo
3231 5220 3484 5277 respectu

1914 5298 2123 5365 habito,
2185 5299 2399 5370 periere
2451 5297 2699 5368 plurimi,
2759 5313 2885 5352 cum
2937 5299 3081 5354 alius
3136 5300 3303 5354 alium
3358 5301 3488 5370 fuga

1501 5421 1744 5484 Notulre
1794 5419 2184 5498 marginales.

312 5525 428 5603 ('59)
453 5524 900 5603 Quartob'alend.
947 5526 1076 5603 Julii
1107 5529 1264 5592 H55,
1301 5527 1387 5582 die
1407 5528 1616 5603 Martis,
1645 5526 2358 5603 captaGonstantinoliolis,
2400 5532 2850 5603 quinquagesimo
2883 5539 3076 5601 quarto
3117 5529 3203 5587 die
3239 5531 3481 5589 obsidio.

241 5599 350 5650 nis.
382 5600 548 5650 Aliter
586 5597 785 5649 Sabell.
827 5601 920 5653 lib.
941 5617 1013 5661 vr,
1041 5600 1178 5654 Enn.
1205 5603 1306 5666 20,.
1331 5601 1424 5668 qui
1451 5602 1646 5654 factum
1665 5611 1741 5653 ait
1763 5597 1913 5654 “52.

315 5737 360 5766 ⁵⁸
389 5737 560 5804 ἐτιτρ.
633 5737 677 5767 ⁹⁹
699 5736 880 5800 αὐτός.
