4006 6204
508 279 518 289 ’
534 259 636 326 391

1629 265 1824 325 LAON
1839 265 1941 327 [Cl
1986 264 2662 326 CIIALCOCONDYLzE
2742 265 2747 269 ’

3655 260 3761 326 392

520 375 822 446 praevenire
855 376 1158 439 festinaret,
1194 384 1248 430 et
1293 377 1345 430 iii
1395 379 1713 434 miserabile
1771 379 1873 433 lioc
1911 380 2080 434 venio

2202 380 2296 431 καὶ
2320 378 2625 450 διήρπαζον
2665 377 2762 447 τὴν
2796 376 2950 431 πόλιν
2996 377 3329 447 τραπίῐμενοι
3377 377 3502 429 ὅποι
3544 375 3762 448 ἑκάστῳ

518 470 648 523 bant
672 470 1069 539 spectaculum.
1105 469 1280 523 Porta:
1303 485 1527 539 quoque
1548 470 1952 525 claudebantur
1988 486 2090 539 op-

520 563 679 629 pletas
700 562 1032 630 corporibus
1056 562 1389 625 Grzecnruni,
1444 578 1570 615 eum
1604 579 1700 629 per
1730 578 1824 617 eas
1878 565 2086 617 exitum

517 660 827 723 quaererent
850 652 1134 707 vadentes.
1172 654 1456 722 Peregrini
1492 671 1649 709 muro
1696 671 1897 724 magno
1930 671 2090 725 supr--

516 759 636 800 rato
658 747 809 815 (nam
827 754 889 798 et
921 745 1086 813 hujus
1133 756 1339 813 partem
1376 746 1680 801 bombarda
1718 748 1956 801 maxima
2007 747 2090 800 di-

516 837 749 906 ruerat),
790 852 853 890 ea
886 838 1123 892 ruebant
1178 840 1231 891 in
1267 837 1481 902 urbem,
1534 854 1697 906 quam
1732 839 2087 909 diripiebant,

513 937 705 982 euntes
728 943 834 996 qua
861 928 1060 997 cuique
1083 930 1308 983 liberum
1332 939 1473 993 erat,
1499 936 1717 985 nemine
1744 933 2085 1000 prohibente.

515 1020 922 1084 Grieci'auteni,
962 1020 1050 1074 ubi
1107 1021 1339 1089 primum
1374 1023 1517 1076 fama
1575 1033 1789 1092 captant
1817 1038 1941 1079 csse
2000 1040 2091 1078 ur-

514 1115 637 1168 bem
670 1114 912 1173 volabat.
939 1112 1067 1184 fuga
1096 1114 1424 1171 ferebantur
1456 1118 1507 1170 in
1539 1127 1759 1186 portum
1804 1121 1873 1172 ad
1911 1119 2087 1175 Vene-

514 1207 1160 1263 toruuietJaniiensiuiii
1214 1225 1402 1265 naves.
1458 1209 1684 1266 Plurimi
1742 1229 1911 1267 naves
1963 1230 2088 1267 cum

512 1314 729 1351 summa
765 1299 1046 1354 celeritate
1098 1300 1325 1366 ingressi
1376 1300 1803 1365 intercidebant,
1859 1304 2091 1357 navibus

511 1394 623 1445 alto
714 1392 935 1445 mersis.
977 1390 1163 1461 anue
1220 1392 1539 1462 contingere
1586 1395 1911 1447 videbantur
1967 1411 2091 1465 qua:

510 1484 832 1550 contingere
860 1483 1041 1537 solent
1079 1484 1132 1536 in
1180 1484 1453 1551 ejusmodi
1492 1486 1689 1548 turbis,
1720 1502 1846 1540 cum
1898 1502 2089 1541 omnes

514 1576 662 1630 nullo
688 1591 883 1629 ornatu
915 1576 1177 1645 nulloque
1204 1576 1397 1632 ordine
1420 1592 1625 1647 susque
1669 1583 1845 1649 deque
1901 1596 2089 1634 curre-

515 1676 654 1732 rent,
695 1682 751 1720 ut
783 1672 1108 1738 semetipsos
1136 1680 1597 1727 servareiitiiitos
1645 1673 1717 1727 ab
1774 1673 2082 1728 imminenti

2196 472 2534 541 προχωροίη.
2570 473 2631 523 Ol
2662 471 2717 522 δὲ
2754 469 3015 540 ’Έλληνες
3042 468 3260 538 πρῶτον
3294 467 3417 537 μὲν,
3447 467 3521 530 ὡς
3544 468 3577 535 ἡ
3598 469 3761 538 φήμη

2196 564 2611 633 διέδραμεν,.ὠς
2637 564 2782 618 ἑάλω
2814 564 2847 633 ἡ
2889 561 3063 625 πόλις,
3089 562 3140 614 oi
3190 561 3290 631 μὲν
3324 562 3473 630 φυγῇ
3504 560 3766 630 ὥρμηντο

2194 655 2285 706 ἐπὶ
2316 654 2407 705 τὸν
2442 652 2637 722 λιμένα
2667 656 2723 715 ὲς
2761 653 2860 715 τὰς
2919 652 3051 715 ναῦς
3080 653 3188 705 τῶν
3222 652 3498 705 Ούενετῶν
3525 653 3621 704 καὶ
3644 653 3759 706 ἰα-

2194 748 2388 810 νυῖων,
2442 747 2539 800 καὶ
2585 747 2773 799 πολλοὶ
2826 747 2885 806 ἐς
2965 747 3036 800 τὰ
3096 745 3355 816 πλοιάρια
3412 745 3768 808 ἐσϐάλλοντες

2194 840 2403 911 σπουδῇ
2430 843 2525 893 καὶ
2573 842 2835 909 ἀκόσμως
2858 840 3158 907 ἀπώλοντο,
3195 838 3610 910 καταδυομένων
3655 838 3765 889 τῶν

2194 930 2516 1000 πλοιαρίων.
2551 932 2660 985 Καὶ
2690 932 2942 999 ἐγίγνετο
2967 927 3055 984 οἵα
3079 931 3143 1001 δὴ
3171 930 3461 1000 γίγνεσθαι
3491 928 3674 984 εἰώθει
3704 930 3766 981 ἐν

2195 1024 2309 1086 τοῖς
2343 1022 2610 1084 τοιούτοις
2662 1022 2940 1091 θορύϐοις,
2979 1023 3233 1086 ἀτάκτως
3269 1021 3596 1093 χωρούντων
3640 1020 3769 1075 ἑκά-

2196 1132 2339 1169 στων
2375 1117 2431 1178 ἐς
2461 1115 2520 1167 τὸ
2555 1114 2921 1179 διαςὼξεεθαι
2951 1118 3008 1169 ὲν
3033 1116 3209 1169 οὐδενὶ
3243 1116 3454 1184 κόσμῳ.
3490 1114 3597 1167 Καὶ
3614 1105 3765 1165 οὗτοι

2196 1207 2296 1274 μὲν
2318 1206 2567 1276 ἔφθησαν
2625 1208 3006 1277 ἀποφυγόντες
3056 1210 3182 1269 τοὺς
3235 1206 3553 1277 Τούρκους·
3603 1206 3653 1258 οί
3706 1205 3766 1256 δὲ

2193 1300 2437 1370 πυλωροὶ
2459 1301 2557 1370 τῆς
2590 1302 2821 1367 πόλεως,
2852 1301 3219 1373 ἀγνωμοσύνῃ
3245 1300 3599 1368 κακοδαίμονι
3630 1316 3767 1368 χρηο

2196 1392 2547 1459 σάμενοι,ὼς
2587 1392 2777 1464 ἐώρων
2829 1398 2958 1457 τοὺς
3003 1393 3274 1465 ’Έλληνας
3322 1393 3415 1445 ἐπὶ
3472 1395 3569 1455 τὰς
3631 1392 3765 1453 ναῦς

2193 1483 2598 1553 τραπομένους,
2631 1486 2775 1553 φυγῇ
2806 1482 3174 1554 ὡρμημένους
3233 1480 3505 1545 σώζεσθαι
3561 1484 3617 1544 ἐς
3660 1482 3761 1542 τὰς

2193 1573 2349 1637 ναῦς,
2384 1576 2644 1644 οἰόμενοι,
2685 1574 2760 1637 ὡς
2813 1576 2861 1627 εί
2917 1575 3290 1629 ὲπικλείσαιεν
3323 1576 3378 1637 ἐς
3433 1574 3530 1634 τὰς
3565 1571 3763 1642 θύρας.

2193 1665 2594 1735 ἀναγκασθοίεν
2629 1667 2678 1719 οί
2724 1666 2980 1737 ’Έλληνες
3043 1667 3462 1738 ἐπιστρέφοντες
3507 1663 3523 1693 ¹
3558 1661 3765 1731 ἀμύνε-

513 1764 778 1829 periculo.
816 1763 883 1816 Et
920 1736 995 1816 illi
1036 1763 1257 1831 quidem
1315 1764 1618 1819 Turcoruiu
1674 1781 1872 1823 manus
1912 1768 2080 1824 evita-

2192 1757 2337 1823 σθαι,
2369 1760 2461 1811 καὶ
2485 1760 2628 1812 κατὰ
2655 1776 2780 1812 τινα
2810 1736 3062 1829 χρησμὸν
3092 1736 3351 1829 ᾀδόμενον
3386 1758 3443 1807 ἐν
3473 1757 3538 1825 τῇ
3583 1752 3763 1819 πόλει,

514 1861 749 1907 iuni.At
790 1856 938 1908 urbis
986 1854 1265 1924 janitores
1298 1859 1608 1925 ignorantia
1644 1868 1698 1914 et
1720 1859 1945 1915 inscitia
2002 1862 2088 1914 in-

510 1946 666 2000 felice
702 1947 810 2011 usi,
846 1964 969 2002 cum
1003 1958 1295 2004 cernerent
1318 1949 1536 2004 Cra-cos
1560 1966 1858 2009 conversos
1891 1954 1944 2008 in
1999 1954 2080 2007 fu-

509 2055 655 2106 gam,
683 2040 750 2092 ad
783 2055 952 2095 naves
990 2056 1313 2110 properare,
1342 2052 1397 2095 et
1430 2043 1639 2113 impetu
1669 2044 1725 2100 in
1754 2060 1850 2101 eos
1872 2047 1966 2116 qui
1992 2062 2085 2100 sa-

508 2134 676 2190 lutem
725 2145 1204 2205 consequerentur
1260 2152 1459 2200 ruere,
1525 2139 1835 2208 putabant,
1904 2141 1950 2196 si
1990 2156 2087 2195 eos

509 2229 829 2281 clauderent
854 2228 999 2281 intra
1033 2227 1248 2291 urbem.
1286 2230 1402 2283 fore
1442 2240 1501 2284 iit
1550 2242 1883 2301 cogerentur
1908 2233 2087 2287 redire

508 2329 564 2372 et
580 2318 1221 2389 redintegrare-praelium
1236 2336 1365 2375 cum
1382 2321 1543 2376 hoste
1562 2338 1576 2376 :
1594 2323 1647 2376 id
1666 2323 1877 2379 consilii
1892 2339 2088 2395 sugge-

511 2413 667 2467 rebat
696 2415 984 2469 oraculum
1009 2411 1281 2482 quoddam
1316 2412 1371 2465 in
1399 2414 1535 2467 urbe
1565 2415 1941 2478 decaiitatuiii,
1970 2417 2087 2472 [ore

506 2506 768 2561 videlicet
786 2516 989 2560 utcuiii
1027 2506 1215 2562 hostes
1238 2508 1514 2562 venissent
1552 2523 1724 2576 usque
1759 2509 1825 2561 ad
1850 2509 2086 2564 civitatis

510 2599 691 2654 locum
708 2599 872 2654 Tauri
917 2598 1149 2663 dictum,
1191 2609 1246 2654 et
1281 2602 1586 2668 Oppidanos
1607 2613 2085 2670 persequerentur.

507 2694 807 2761 oppidanos
840 2704 953 2745 iuni
992 2706 1315 2756 conversos,
1350 2692 1681 2747 necessitate
1705 2696 1786 2745 sic
1834 2703 2083 2761 urgente,

508 2786 721 2839 hostem
766 2784 1116 2852 expulsurus,
1145 2784 1448 2852 urbemque
1485 2784 1699 2836 fortiter
1751 2793 2084 2838 retenturos.

509 2871 647 2929 lluic
665 2874 890 2929 oraculo
920 2876 1155 2930 arbitror
1192 2876 1351 2930 fidem
1374 2874 1854 2929 accommodantes
1886 2875 2090 2943 jaiiiio-

507 2983 618 3033 res,
637 2970 818 3022 claves
834 2967 902 3021 de
922 2982 1080 3021 muro
1097 2976 1253 3021 extra
1275 2968 1462 3021 urbem
1476 2967 1736 3035 jactasse.
1751 2968 1883 3021 Cum
1904 2977 2086 3021 autem

2187 1848 2261 1911 ὡς
2292 1849 2420 1912 τοὺς
2455 1849 2751 1919 πολεμίους
2785 1852 2913 1920 ἄχρι
2941 1850 3032 1902 τοῦ
3058 1849 3275 1920 Ταύρου
3304 1845 3485 1917 χώρου
3534 1845 3631 1913 τῆς
3663 1843 3765 1895 πό-

2189 1942 2325 2006 λεως
2387 1945 2789 2015 ἐπιγενομένων
2846 1947 2939 1998 καὶ
2976 1946 3365 2012 ἐπικειμένων,
3398 1941 3524 2003 τοὺς
3580 1939 3639 1991 ἐν
3690 1939 3760 2008 τῇ

2193 2036 2343 2089 πόλει
2394 2039 2809 2108 συστραφέντας
2853 2038 3093 2109 ἀνάγκη,
3139 2036 3539 2105 ἀμυνομένους,
3597 2030 3766 2084 ἐκϐα-

2188 2130 2301 2185 λεῖν
2332 2132 2459 2195 τοὺς
2490 2132 2810 2201 πολεμίους,
2834 2132 2934 2185 καὶ
2987 2129 3189 2193 αύτοὺς
3223 2129 3401 2198 ἴσχειν
3429 2125 3526 2198 τὴν
3580 2124 3763 2178 πέλιν.

2202 2225 2289 2277 Ἐν
2327 2224 2503 2295 ταύτῃ
2534 2219 2689 2295 οἶμαι
2718 2224 2995 2295 τιθέμενοι
3028 2228 3093 2295 τῇ
3124 2223 3273 2294 δόξῃ,
3323 2224 3422 2285 τὰς
3458 2221 3609 2281 κλεῖς
3646 2218 3763 2272 ἄνω

2187 2318 2296 2372 ἀπὸ
2338 2318 2433 2371 τοῦ
2468 2318 2682 2389 τείχους
2710 2316 2816 2383 ἔξω
2868 2316 3207 2388 ἀπέρριψαν.
3245 2315 3309 2370 Οί
3344 2316 3398 2367 δὲ
3449 2312 3640 2383 ἄνδρες
3699 2327 3764 2363 τε

2188 2411 2283 2464 καὶ
2307 2413 2590 2479 γυναῖκες,
2619 2408 2820 2479 πλῆθος
2846 2409 2981 2462 πολὺ
3009 2410 3314 2479 γενόμενοι,
3342 2404 3579 2458 ἐνταῦθα
3600 2404 3767 2471 επιρο

2189 2502 2419 2572 ῥεόντων
2446 2502 2554 2556 αἰεὶ
2579 2502 2809 2572 συχνῶν,
2861 2501 3163 2573 ἐτράποντο
3218 2501 3310 2552 ἐπὶ
3348 2496 3440 2551 τοῦ
3497 2495 3761 2566 μεγίστου

2188 2595 2293 2650 νεὼ
2321 2598 2421 2666 τῆς
2482 2594 2715 2659 πόλεως,
2753 2593 2854 2663 τῆς
2912 2594 3079 2662 ἁγίας
3129 2591 3328 2660 Σοφίας
3391 2588 3756 2659 καλουμένης,

2187 2691 2283 2743 καὶ⁸
2308 2688 2539 2743 ἐνταῦθα
2572 2689 2917 2756 συνελέγοντο
2953 2689 3043 2740 καὶ
3085 2685 3300 2757 ἀνδρες,
3334 2683 3430 2738 καὶ
3475 2685 3752 2751 γυναῖκες,

2190 2788 2285 2839 καὶ
2310 2783 2521 2847 παῖδες.
2555 2782 2632 2838 Ού
2654 2781 2832 2851 πολλῷ
2873 2782 3058 2852 μέντοι
3099 2779 3326 2850 ὕστερον
3362 2776 3603 2854 ἑάλωσαν
3645 2772 3756 2827 ὑπὸ

2188 2880 2295 2932 τῶν
2319 2878 2580 2948 Τούρκων
2636 2878 2906 2948 ἀμαχητὶ,
2956 2876 3051 2927 καὶ
3106 2873 3317 2944 ἀνδρῶν
3373 2872 3471 2923 οὐκ
3502 2869 3697 2936 ὀλίγων
3729 2867 3753 2898 ⁸

2191 2972 2343 3036 ἐντὸς
2367 2972 2461 3025 τοῦ
2480 2969 2584 3023 νεὼ
2626 2971 2997 3040 διεφθάρησαν
3028 2967 3134 3021 ύπδ
3171 2968 3456 3044 Τούρκων.
3491 2963 3677 3019 Ἀλλοι
3705 2961 3753 3014 δ’

507 3062 667 3116 turba
701 3076 895 3132 inagna
923 3062 1166 3114 virorum
1197 3071 1253 3115 et
1291 3060 1581 3115 mulierum
1616 3061 1721 3113 huc
1753 3061 2077 3123 conflueret,

2185 3064 2252 3119 αὖ
2317 3064 2428 3118 τῶν
2479 3061 2747 3134 Ἑλλήνων
2800 3064 2936 3136 ἄλλῃ
2991 3062 3091 3129 τῆς
3137 3059 3345 3123 πόλεως
3388 3058 3753 3130 τραπόμενοι,

506 3154 727 3207 tandem
758 3152 1159 3207 contendebant
1182 3151 1250 3206 ad
1290 3149 1589 3205 niaximum
1632 3151 1784 3205 urbis
1810 3150 2079 3219 templum

506 3248 725 3299 Sancta:
742 3242 968 3313 Sophia:
996 3243 1232 3298 dictum.
1291 3242 1411 3298 lluc
1455 3244 1933 3315 congregabantur
1976 3245 2079 3299 viri

503 3326 721 3406 pariter.
739 3345 799 3391 et
818 3336 1083 3391 mulieres
1107 3336 1398 3405 liberique.
1439 3334 1550 3392 Nec
1591 3338 1762 3392 multo
1785 3347 1908 3405 post
1934 3339 2079 3407 capti

501 3441 632 3493 sunt
664 3445 695 3483 a
736 3428 931 3484 Turcis
953 3432 1092 3484 citra
1123 3430 1400 3500 praelium,
1429 3431 1764 3500 plurimique
1787 3431 1887 3487 viri
1933 3430 2080 3486 intra

504 3522 767 3591 templum
800 3539 831 3576 a
889 3520 1089 3576 Turris
1144 3524 1399 3577 trucidati
1439 3535 1592 3579 sunt.
1640 3521 1852 3592 Reliqui
1903 3522 2079 3579 Graeci

508 3630 601 3685 per
635 3616 827 3670 urbem
856 3616 980 3685 fuga
1016 3615 1295 3684 dissipati,
1319 3632 1431 3684 quo
1450 3632 1510 3673 se
1538 3626 1835 3682 verterent,
1892 3625 1952 3671 ut
1998 3619 2082 3673 ef-

504 3708 757 3776 fugerent
811 3719 1052 3774 praesens
1109 3709 1433 3772 discrimen,
1520 3710 1864 3764 nesciebant.
1922 3710 2079 3764 llaud

512 3802 683 3857 multo
718 3808 846 3871 post
877 3800 1100 3870 quidam
1155 3816 1346 3856 eorum
1403 3818 1661 3871 pecorum
1696 3821 1847 3859 more
1909 3806 2080 3861 truci-

503 3896 639 3959 dati,
671 3895 893 3965 quidam
918 3902 1061 3966 capti
1084 3902 1235 3951 sunt.
1266 3896 1501 3950 Plurimi
1536 3896 1711 3953 Grmci
1749 3913 1873 3953 cuni
1901 3899 2081 3954 forent

503 3990 601 4040 viri
628 3989 779 4053 boui,
800 3990 1019 4044 fortiter
1043 3990 1260 4043 ciebant
1294 3990 1564 4058 prailiiiui,
1593 3989 1861 4059 eligentes
1899 3990 2080 4060 potius

501 4096 597 4151 pro
615 4082 792 4149 patria
824 4082 960 4138 uiori
989 4098 1153 4153 quain
1179 4081 1364 4137 videre
1395 4098 1595 4138 uxores
1612 4092 1667 4139 et
1698 4084 1901 4139 liberos
1945 4099 2080 4153 prae-

498 4178 623 4230 dam
664 4176 783 4230 fore
829 4175 1092 4231 hostium.
1156 4174 1491 4245 TlieOpbilus
1541 4186 1769 4230 exortus
1813 4174 2079 4234 Palaiolo-

498 4286 691 4339 gornni
721 4285 920 4341 genere
952 4271 1174 4325 fortiter
1210 4270 1485 4325 dimicans
1508 4270 1559 4325 in
1593 4271 1753 4339 211
1783 4286 1845 4325 ea
1897 4288 2075 4341 pugna

2185 3162 2244 3213 ιν
2269 3159 2475 3230 ἀπορίᾳ
2501 3174 2559 3210 τε
2582 3159 2815 3227 είχοντο,
2846 3158 2943 3210 καὶ
2966 3158 3026 3209 ού
3058 3153 3239 3224 πολλῴ
3293 3153 3523 3223 ὕστερον
3566 3152 3617 3204 οί
3649 3152 3749 3221 μὲν

2184 3253 2487 3315 ἀπώλοντο,
2550 3252 2598 3304 οί
2638 3251 2702 3304 δὲ
2750 3251 2843 3304 καὶ
2898 3249 3209 3319 ἡλίσκοντο.
3242 3246 3350 3300 Καὶ
3406 3246 3594 3299 πολλοὶ
3644 3246 3753 3298 τῶν

2193 3346 2464 3414 Ἑλλήνων
2492 3344 2688 3412 ἄνδρες
2718 3342 3003 3411 γενόμενοι
3034 3340 3255 3408 ἀγαθοὶ,
3291 3340 3629 3408 ἐμαχέσαντο
3658 3341 3753 3392 καὶ

2182 3441 2454 3495 ἀπέθανον
2481 3439 2617 3510 πρός
2637 3440 2737 3509 τῆς
2771 3438 3050 3506 πατρίδος,
3102 3435 3243 3490 ὥστε
3275 3436 3352 3508 μὴ
3399 3436 3606 3489 ἐπιδεῖν
3649 3438 3754 3500 τάς

2183 3536 2447 3602 γυναῖκας
2475 3532 2676 3596 αὐτῶν,
2709 3532 2963 3594 καὶτοὺς
3024 3531 3215 3593 παῖδας
3256 3529 3296 3592 ³,
3353 3532 3431 3593 είς
3478 3530 3753 3597 ἀνδραπο-

2182 3627 2375 3695 δισμὸν
2404 3626 2718 3694 γινομένας.
2757 3624 2824 3677 ’Ὀ
2854 3641 2913 3677 τε
2953 3626 3048 3678 καὶ
3075 3624 3335 3693 Θεόφιλος
3367 3622 3459 3676 τοῦ
3519 3624 3753 3676 Παλαιοο

2183 3719 2358 3786 λόγων
2383 3722 2575 3787 γένους
2603 3718 2780 3791 ταύτῃ
2837 3717 3213 3789 ἐτελεύτησεν,
3246 3718 3515 3789 ἀνδρικῶς
3548 3718 3754 3786 ἀγωνι-

2184 3812 2419 3882 οάμενος
2470 3812 2705 3866 θανάτου
2747 3813 2931 3877 ἕνεκα,
2984 3813 3076 3866 καὶ
3115 3813 3226 3865 τῶν
3285 3813 3667 3882 Παλαιολόγων
3698 3815 3753 3867 oi

2186 3907 2543 3975 μετοχιταίοι,
2575 3906 2603 3958 ὃ
2634 3923 2695 3959 τε
2732 3906 2915 3975 πατὴρ
2944 3909 3037 3959 καί
3067 3908 3117 3960 oi
3147 3908 3337 3972 παῖδες
3376 3908 3542 3963 αὑτοῦ
3581 3915 3754 3980 μαχό-

2184 4018 2358 4071 μενοι,
2381 4001 2684 4054 ἀπώλοντο.
2708 4000 2816 4053 Καὶ
2843 4000 3029 4069 συχνοὶ
3052 4001 3161 4054 τῶν
3183 4002 3329 4072 ἀμφὶ
3358 4001 3584 4072 βασιλέα
3625 4004 3749 4056 Ἐλ-

2179 4094 2359 4165 λήνων
2392 4093 2454 4147 εῦ
2486 4096 2775 4162 γεγονότες
2800 4093 3094 4158 ἀπέθανον,
3151 4093 3227 4164 μὴ
3261 4092 3580 4163 ἀνεχόμενοι
3628 4097 3751 4149 ἐπι-

2179 4186 2291 4240 δεῖν
2323 4186 2477 4255 σφίσι
2544 4188 2647 4255 τὴν
2678 4186 2915 4256 πατρίδα
2948 4187 3382 4258 δεδουλωμένην.
3434 4185 3540 4243 Ἦν
3571 4206 3628 4243 τε
3677 4196 3753 4243 τὰ

2178 4283 2277 4347 τῆς
2307 4281 2515 4343 πόλεως
2547 4279 2836 4349 ἀπανταχῆ
2867 4278 3014 4333 πλέω
3057 4280 3405 4335 ἀπολλύντων
3458 4282 3551 4335 καὶ
3580 4284 3752 4335 ἀπολ-

495 4358 780 4419 ιιωύυυίι.
814 4362 1251 4435 Palieologoruni
1305 4365 1442 4419 socii
1487 4373 1641 4432 pater
1692 4375 1747 4419 et
1796 4365 1887 4418 lilii
1928 4365 2072 4434 ejus,

2185 4371 2447 4442 λυμὲνων,
2501 4372 2597 4423 καὶ
2635 4372 2940 4425 διωκόντων
2971 4389 3030 4425 τε
3081 4373 3178 4426 καὶ
3243 4376 3575 4443 φευγόντων.
3639 4377 3753 4430 Καὶ

497 4472 694 4511 manus
714 4466 1067 4512 consereiites
1099 4471 1294 4524 magno
1322 4456 1526 4517 animo,
1565 4456 1690 4508 caesi
1735 4456 1945 4508 suntin
2001 4471 2067 4510 eo

497 4551 705 4620 prailio.
755 4549 1081 4617 Complures
1135 4546 1309 4601 Graeci
1381 4547 1501 4609 alii,
1551 4547 1647 4616 qui
1693 4547 1865 4601 latera
1922 4550 2067 4616 regis

494 4642 794 4709 stipabant,
824 4642 993 4694 occisi
1028 4649 1177 4705 sunt,
1205 4653 1551 4709 nequaquam
1586 4642 1931 4694 suStiuentes
1988 4641 2067 4694 vi-

494 4737 627 4790 dere
671 4733 903 4803 patriam
958 4735 1013 4787 in
1062 4733 1382 4786 servitutem
1447 4732 1690 4786 hostium
1743 4734 2061 4787 redactam:

497 4841 594 4896 per
629 4828 943 4880 universam
965 4828 1155 4880 urbem
1188 4825 1345 4895 plena
1377 4828 1561 4879 omnia
1597 4836 1755 4881 erant
1805 4825 2067 4881 caedenti-

494 4922 597 4976 bus
627 4930 678 4975 et
709 4921 889 4984 cassis,
910 4920 1246 4988 fugientibus
1295 4927 1351 4973 et
1410 4920 1897 4988 persequentibus.
1954 4918 2069 4975 No-

496 5025 629 5069 tarie
653 5016 795 5085 regis
817 5015 1073 5082 praelecto
1112 5024 1167 5068 et
1191 5014 1431 5069 Urcbani
1453 5013 1816 5070 Musulniunis
1852 5016 2065 5085 nepoti,

496 5119 554 5163 ut
591 5109 695 5179 ipsi
749 5107 923 5161 Graeci
969 5108 1309 5171 indicarunt,
1359 5108 1477 5164 haec
1539 5109 1880 5162 acciderunt.
1925 5108 2066 5162 tium

494 5203 830 5257 audivissent
855 5212 1071 5272 captain
1119 5216 1242 5257 esse
1295 5205 1488 5256 urbem
1516 5238 1532 5263 ,
1584 5211 1947 5256 accurrerunt
1991 5202 2062 5255 ud

495 5301 689 5352 turrim
718 5296 1009 5367 quamdam
1031 5296 1210 5362 urbis,
1231 5298 1391 5365 quasi
1425 5297 1514 5349 bic
1556 5294 1932 5354 deliberaturi.
1984 5310 2055 5346 iiii

493 5409 684 5447 omnes
718 5393 844 5461 fuga
884 5389 991 5446 sibi
1023 5394 1313 5445 consulere
1350 5390 1638 5443 deberent.
1678 5388 1813 5441 tium
1841 5386 1894 5439 in
1921 5389 2059 5440 lianc

2178 4465 2325 4533 ἀμφὶ
2356 4463 2446 4516 τόν
2463 4462 2719 4543 Νοταρᾶν
2744 4464 2839 4515 τοῦ
2870 4463 3135 4533 βασιλέως
3159 4465 3461 4537 ἁρμοστὴν,
3496 4469 3587 4519 καὶ
3626 4468 3751 4535 ὐρ-

2176 4560 2351 4629 χάνην
2381 4559 2473 4611 τὸν
2500 4557 2950 4627 Μουσουλμάνεω
2978 4558 3204 4623 υἱιδοῦν,
3237 4560 3312 4622 ὼς
3350 4563 3507 4613 αὐτοὶ
3557 4562 3748 4628 ελεγον

2177 4654 2463 4723 Ἕλληνες,
2486 4653 2691 4707 τοιόνδε
2712 4656 2949 4723 ἐγένετο.
3006 4652 3093 4717 Ὠς
3128 4654 3239 4724 γὰρ
3286 4655 3622 4707 ὲπυθάνοντο
3653 4657 3750 4707 ἑα-

2175 4747 2404 4801 λωκέναι
2436 4747 2535 4819 τὴν
2557 4746 2736 4807 πόλιν.
2774 4747 3086 4815 ὲπέδρασαν
3116 4748 3214 4801 ἐπὶ
3243 4746 3455 4817 πύργον
3488 4750 3613 4802 τινὰ
3641 4750 3746 4819 τῆς

2176 4841 2405 4905 πόλεως,
2441 4841 2518 4907 ὡς
2542 4840 2774 4895 ἐνταῦθα
2808 4840 3246 4911 βουλευσόμενοι,
3278 4842 3360 4896 ὃτι
3402 4840 3552 4893 ἅπαν
3602 4844 3746 4910 σφᾶς

2170 4935 2278 4991 δέοι
2305 4936 2632 5007 τραπέσθαι.
2691 4934 2799 4987 Καὶ
2848 4934 3081 4987 ἐνταῦθα
3121 4935 3419 5003 γενόμενοι,
3474 4934 3746 5005 ὐρχάνης

2173 5030 2274 5098 μὲν
2297 5027 2463 5098 ῥάκια
2508 5026 2924 5095 ἀμφιεσάμενος
2974 5027 3291 5097 Ναζηραίον
3327 5029 3489 5093 τινὸς,
3551 5032 3745 5085 ἑΕαλεν

2168 5123 2360 5176 ἑαυτὸν
2386 5122 2529 5173 κατὰ
2548 5119 2642 5173 τοῦ
2674 5119 2917 5189 πύργου,
2952 5122 3044 5173 καὶ
3075 5122 3350 5175 ἀπέθανεν
3371 5140 3386 5155 ·
3418 5126 3468 5175 oi
3515 5122 3573 5176 δὲ
3598 5124 3745 5193 ἀμφὶ

2166 5214 2259 5266 τὸν
2294 5212 2545 5280 Νοταρᾶν
2577 5210 3035 5281 πολιορκηθέντες
3063 5213 3310 5266 ἑάλωσαν
3340 5216 3468 5284 περὶ
3496 5213 3743 5282 πληθού-

2169 5317 2269 5353 οαν
2294 5301 2526 5368 ἀγορλν,
2550 5297 2711 5360 αὑτός
2731 5315 2793 5351 τε
2840 5299 2958 5369 ἅμα
2988 5302 3084 5354 καὶ
3112 5302 3164 5354 oi
3202 5303 3392 5365 παῖδες
3426 5301 3616 5358 αὐτοῦ.
3673 5304 3741 5356 Οί

2160 5380 2272 5465 ’μὲν
2302 5392 2394 5446 οὖν
2428 5392 2704 5462 νεήλυδες,
2739 5392 2940 5447 αὐτίκα
2974 5398 3034 5449 τὸ
3068 5397 3433 5467 στρατόπεδον
3455 5398 3549 5450 τοῦ
3578 5400 3742 5467 βασι-

495 5490 686 5540 turrim
760 5487 1147 5549 advenissent,
1221 5481 1502 5537 Orcliaiics
1580 5485 1796 5535 obsitus
1867 5494 2061 5549 pannis

2185 5490 2303 5547 ιέως
2339 5484 2646 5555 ἐνέπλησαν
2674 5486 2769 5539 καὶ
2816 5488 3098 5557 γυναικῶν
3128 5508 3187 5542 τε
3219 5490 3357 5560 ἅμα,
3401 5492 3496 5544 καὶ
3530 5490 3741 5543 παίδων

1763 5628 2007 5690 ΝοὶυΙὲΒ
2042 5628 2436 5705 marginales.

460 5808 467 5819 ,
568 5762 581 5789 ¹
611 5764 1062 5832 ἑπιστραφέντες.
1103 5764 1242 5816 nui
1275 5765 1400 5816 inc.

1483 5767 1499 5793 ²
1528 5763 1719 5831 ὀλίγοι.

1804 5762 1822 5791 ³
1856 5763 1919 5814 τὰ
1946 5762 2127 5816 τέκνα.
2161 5762 2218 5814 Ii.
2252 5774 2304 5815 ut
2340 5765 2392 5814 in
2427 5781 2475 5817 ε.
