4006 6204
185 256 292 321 385

1187 258 1286 319 DE
1324 254 1573 316 REBUS
1615 255 1983 318 TURCICIS
2029 254 2178 316 LIB.
2209 253 2385 314 Vili.

3340 253 3444 320 386

188 370 437 441 ἐτρώθη,
490 365 633 425 εἶλεν
672 370 740 425 ἂν
766 373 863 432 τὰς
917 369 1048 434 ναῦς
1078 370 1568 441 διισχυριζόμενος.
1600 368 1761 422 Οὕτω

1896 369 2036 423 ando
2066 385 2176 438 quo
2201 369 2376 439 magis
2407 368 2757 434 accenderet,
2778 368 3051 424 interdum
3095 382 3238 438 equo
3270 367 3448 438 ingre-

191 464 379 531 μέντοι
476 464 776 535 διέφυγεν,
838 464 984 518 ὥστε
1054 464 1221 517 κακόν
1288 481 1341 515 τι
1422 465 1498 532 μὴ
1574 464 1767 515 παθεῖν

190 555 292 607 ὕπο
353 557 658 625 βασιλέως.
732 558 842 611 Καὶ
916 556 1010 617 οὒς
1062 557 1120 609 ἐν
1195 555 1401 627 ὑποψίᾳ
1452 555 1578 626 ἔσχε
1639 554 1767 607 συλ-

192 640 374 698 λαϐὼν
429 647 457 697 ὁ
509 644 784 715 βασιλεὺς,
850 645 1137 715 καθεῖρξεν
1202 645 1276 707 ὡς
1323 644 1633 699 ἁπολέσων.

1875 462 2128 517 diebatur
2168 476 2341 517 mare.
2376 459 2578 517 Verum
2608 462 2928 518 Graecorum
2961 476 3130 515 naves
3171 460 3451 515 inviolata:

1874 564 2117 625 optatum
2134 554 2411 623 contigere
2437 564 2678 624 portum.
2703 558 2772 609 At
2793 555 2844 609 in
2863 570 2926 609 eo
2944 556 3244 611 certamine
3266 553 3456 607 vulne-

1888 656 2043 699 ratur
2068 647 2264 700 oculus
2291 646 2423 714 regii
2451 646 2736 713 navarclii,
2766 646 2854 703 cui
2889 661 3092 700 nomen
3114 659 3229 701 erat
3255 645 3457 699 Panto-

195 736 332 802 gles,
396 750 426 788 a
459 739 598 800 suis,
654 746 713 790 ut
772 740 885 810 ipse
935 748 1164 793 testatus
1193 745 1278 792 est
1304 751 1487 791 coram
1533 746 1779 807 regezet
1801 736 2090 793 manifesto
2121 738 2497 804 asseverabat,
2532 738 2588 791 ni
2625 738 2848 793 vulnere
2900 738 3453 806 fuissetimpeditus-

201 850 258 890 se
293 833 459 888 facile
497 851 665 889 naves
719 835 775 890 in
833 837 1102 891 ditionem
1140 836 1380 905 potuisse
1440 835 1712 903 accipere.
1748 833 1885 889 Cum
1916 833 1996 888 sic
2012 832 2217 887 factum
2250 844 2560 898 excusaret,
2580 834 2908 904 supplicium
2934 834 3078 903 quod
3102 834 3457 890 minitabatur

204 943 319 992 rex,
343 932 547 982 evasit.
570 928 675 982 Eos
700 940 901 995 autem,
924 944 1061 998 quos
1078 940 1363 1000 suspectos
1391 926 1887 998 habebatrex,capi
1910 936 1965 981 et
1990 927 2042 979 in
2068 926 2281 982 vincula
2308 928 2437 981 duci
2470 927 2649 996 jubet,
2701 926 2856 996 quasi
2876 927 3221 995 expetiturus
3240 943 3455 996 pronas.

282 1022 371 1083 Ὠς
408 1020 513 1090 μὲν
548 1020 640 1073 οὖν
666 1021 873 1082 ἱκανῶς
904 1021 1005 1091 ἤδη
1043 1022 1193 1093 αὐτῷ
1228 1021 1289 1074 τὸ
1319 1024 1497 1092 τεῖχος
1555 1020 1780 1072 κατεδέ-

205 1111 393 1181 δλητο,
429 1110 576 1164 ὥστε
628 1113 989 1173 εἰσπεσόντας
1033 1114 1160 1174 τοὺς
1196 1111 1463 1180 νεήλυδας
1510 1111 1781 1163 εἰσελθεῖν

200 1206 255 1266 ἐς
291 1204 394 1273 τὴν
427 1204 609 1267 πόλιν,
635 1204 924 1256 ἐκέλευσεν
956 1204 1059 1256 ἀνὰ
1082 1204 1143 1256 τι
1191 1204 1552 1273 στρατόπεδον
1601 1204 1781 1257 ἁπαν-

202 1294 341 1363 ταχῆ
408 1298 563 1365 πυρὰ
625 1295 801 1348 καίειν
869 1298 936 1348 τὰ
1006 1296 1407 1366 νενομισμένα,
1470 1295 1566 1348 καὶ
1616 1294 1785 1348 τᾶλλα

206 1385 551 1454 ποιούμενος,
603 1386 680 1451 ὡς
734 1390 799 1458 τῇ
877 1388 1109 1460 ἐπιούσῃ
1162 1390 1263 1459 τῆς
1326 1389 1616 1458 ὑστεραίας
1679 1390 1781 1459 τὴν

208 1479 521 1549 προσϐολὴν
552 1480 940 1549 ποιησόμενος.
970 1482 1063 1533 καὶ
1090 1481 1190 1549 τήν
1228 1498 1287 1532 τε
1322 1478 1655 1551 διαρπαγὴν,
1686 1480 1783 1532 καὶ

207 1570 727 1640 ἑξανδραποδισμὸν,
797 1572 1166 1642 ἀνεκήρυττεν
1202 1574 1261 1636 ἐς
1310 1572 1379 1626 τὰ
1415 1572 1777 1642 στρατόπεδα.

214 1660 446 1727 Λέγεται
478 1659 581 1728 μὲν
611 1656 706 1712 οὖν
744 1661 839 1713 καὶΙ
874 1661 991 1713 τόδε
1014 1676 1029 1692 ο
1069 1661 1145 1726 ώς
1170 1662 1232 1714 τὸ
1260 1664 1437 1733 τεῖχος
1468 1663 1781 1718 ἐπεπτώκει

216 1750 320 1800 ὑπὸ
350 1749 459 1801 τῶν
490 1748 823 1819 τηλεὸόλων,
853 1750 880 1803 ὁ
908 1750 1217 1822 Σκενδέρεω
1251 1751 1343 1804 τοῦ
1386 1752 1641 1822 Σινώπης
1679 1753 1781 1824 ἄρ-

1953 1017 2141 1073 Murus
2172 1018 2429 1088 cumjam
2482 1019 2620 1074 satis
2670 1029 2816 1073 esset
2856 1018 3141 1087 disiectus,
3215 1024 3458 1089 peregri-

1880 1110 2047 1178 nique
2106 1112 2267 1180 201
2321 1111 2483 1166 lacile
2535 1118 2884 1178 penetrarent
2912 1110 2973 1165 in
3041 1114 3251 1177 urbem,
3289 1114 3460 1181 jussit

1885 1200 2041 1269 ignes
2069 1202 2263 1257 solitos
2293 1200 2533 1269 undique
2566 1214 2660 1268 per
2687 1208 2869 1255 castra
2892 1200 3038 1257 ﬁeri.
3081 1202 3290 1257 Castora
3313 1219 3459 1272 quo-

1885 1305 1992 1360 que
2015 1290 2090 1344 ita
2119 1290 2449 1352 instruebat.
2483 1290 2644 1361 quasi
2670 1290 2765 1359 qui
2801 1291 2960 1346 tertio
2990 1293 3062 1347 ab
3078 1307 3145 1346 eo
3173 1292 3264 1346 die
3297 1296 3345 1346 vi
3383 1299 3459 1347 ir-

1888 1395 2155 1453 rupturos
2189 1394 2335 1438 esset
2357 1384 2410 1439 in
2443 1382 2654 1439 urbem.
2682 1382 2849 1441 Misso
2893 1384 3076 1454 itaque
3103 1401 3355 1453 praecone
3405 1386 3459 1441 iit

1885 1478 2085 1531 castris
2115 1479 2437 1545 pronuntiat
2471 1493 2531 1532 se
2560 1478 2713 1533 urbis
2782 1478 3021 1548 praedam
3074 1488 3130 1533 et
3183 1480 3460 1548 mancipia

1886 1566 2150 1620 militibus
2168 1580 2581 1622 concessurum.
2623 1568 2834 1623 interea
2876 1584 3000 1623 cum
3034 1570 3147 1624 [uec
3182 1572 3461 1640 paraban-

1887 1666 1998 1725 tur,
2032 1670 2086 1714 et
2118 1674 2308 1713 murus
2356 1660 2781 1717 bombardarum
2838 1663 3044 1729 impetu
3101 1664 3216 1731 jam
3245 1662 3463 1718 dirutus

1886 1761 2059 1817 esset,
2091 1753 2410 1818 Scenderis,
2447 1755 2539 1822 qui
2577 1755 2835 1823 Sinopi-m
2866 1758 3111 1825 regebat,
3164 1757 3327 1819 lilius,
3362 1771 3464 1810 no-

218 1858 401 1909 χοντος
436 1842 583 1903 παῖς,
620 1842 920 1913 Ἰσμαήλης
949 1841 1212 1914 τοῦνομα,
1240 1846 1549 1916 προσέφερε
1582 1847 1775 1913 λόγους

1896 1844 2031 1900 mine
2070 1844 2285 1909 lsmaei,
2310 1845 2376 1899 ad
2404 1844 2798 1909 Grrecosabiit,
2822 1856 2875 1900 et
2923 1863 3050 1901 cum
3100 1848 3181 1903 eis
3231 1848 3286 1902 in
3320 1850 3463 1902 hunc

223 1931 339 1991 τοῖς
372 1930 589 2000 Ἕλλησι
619 1935 748 2002 περὶ
772 1933 1035 1997 σπονδῶν,
1102 1933 1279 2002 λέγων
1321 1935 1498 1989 τοιάδε
1519 1953 1532 1965 ·
1563 1936 1779 2007 Ἄνδρες

232 2020 510 2091 Ἕλληνες,
561 2025 645 2077 ἐπὶ
692 2025 859 2097 ξυροῦ
928 2027 1111 2099 ἀκμῆς
1146 2027 1293 2097 ὑμῖν,
1361 2028 1434 2091 ώς
1490 2031 1673 2101 ὁρᾶτε,
1716 2031 1783 2083 τὰ

232 2115 536 2185 πράγματα
553 2116 768 2187 ἕστηκε.
809 2117 875 2171 Τί
907 2118 968 2171 οὐ
996 2120 1243 2188 πρέσϐυν
1280 2121 1529 2190 πέμπετε
1567 2120 1643 2185 ὡς
1692 2122 1786 2190 βα-

229 2209 383 2260 σιλέα
416 2209 539 2279 περὶ
569 2210 789 2281 εἰρήνης
818 2228 831 2275 ;
870 2210 971 2263 Ἦν
1002 2211 1111 2282 γὰρ
1138 2213 1267 2283 ἐμοὶ
1294 2214 1519 2285 ἐθέλησε
1568 2216 1789 2285 ἐπιτρέ-

223 2299 343 2366 ψαι,
383 2298 751 2370 διαπράξομαι
802 2302 932 2372 ὑμῖν
964 2303 1199 2367 σπονδὰς
1229 2304 1482 2371 γενέσθαι
1508 2303 1658 2375 παρὰ
1688 2304 1786 2374 βα-

225 2389 436 2452 σιλέως.
472 2391 585 2443 Καὶ
615 2390 717 2461 τὴν
754 2395 913 2462 χάριν
949 2387 1044 2446 οὖν
1071 2392 1129 2446 εὖ
1157 2389 1255 2446 οἶδ’
1291 2395 1370 2448 ὅτι
1406 2394 1788 2465 καταθήσεσθε

228 2480 293 2551 τῷ
312 2481 747 2552 διαπραξαμένῳ
795 2482 943 2553 ὑμῖν.
1010 2485 1114 2537 Ἢν
1147 2483 1204 2537 δὲ
1242 2482 1319 2555 μὴ
1358 2485 1516 2539 τοῦτο
1566 2487 1789 2557 γένηται

239 2574 365 2642 ὑμῖν,
392 2578 428 2646 η
459 2575 621 2636 πόλις
654 2573 1164 2645 ὲξανδραποδεῖται,
1205 2576 1297 2630 καὶ
1323 2577 1473 2647 ἡμᾶς
1523 2578 1792 2631 πασσυδεὶ

235 2667 478 2735 βασιλεὺς
512 2667 817 2738 διαφθερεῖ,
853 2668 946 2723 καὶ
971 2671 1234 2737 γυναῖκας
1284 2670 1381 2721 καὶ
1409 2670 1603 2733 παῖδας
1639 2670 1793 2740 ὑμῶν

230 2758 817 2829 ἐξανδραποδιούμεθα,
872 2761 970 2814 καὶ
1005 2762 1263 2832 συμφορᾷ
1310 2762 1795 2832 κατασχεθήσεσθε

226 2853 533 2920 ἀνηκέστῳ.
566 2850 731 2904 Ἀλλὰ
758 2853 1009 2921 πέμπετε
1042 2853 1116 2913 ὡς
1144 2854 1373 2922 τάχιστα
1390 2853 1562 2923 ἄνδρα
1585 2851 1795 2918 πιστὸν,

224 2941 289 3003 ὡς
323 2940 393 2994 ἂν
444 2942 539 2993 ἐπὶ
567 2944 663 3003 τὰς
697 2941 976 3010 βασιλέως
1015 2942 1189 3015 θύρας
1241 2943 1494 3013 ἀγαγὼν,
1544 2942 1654 3012 ἐγὼ
1683 2945 1799 2998 δια-

226 3031 511 3101 πράξομαι
576 3032 703 3102 ὑμῖν
756 3033 855 3103 τὴν
911 3034 1160 3105 εἰρήνην.
1232 3034 1421 3090 Ταῦτα
1470 3034 1627 3106 ἔλεγε
1686 3037 1798 3099 τοῖς

229 3125 461 3194 Ἕλλησι
502 3124 938 3195 βουλευομένοις.
990 3126 1201 3181 Ἐδόκει
1262 3127 1320 3180 δὲ
1366 3129 1624 3198 πεμπτέα
1655 3126 1795 3181 εἶναι

224 3220 480 3288 ἄγγελον,
518 3221 664 3279 ὅστις
693 3222 759 3273 ἂν
814 3220 1052 3290 πύθηται
1102 3224 1200 3292 τῇς
1260 3222 1522 3292 βασιλέως
1572 3223 1797 3292 γνώμης

225 3315 352 3381 περὶ
389 3314 531 3379 32,75;
560 3305 625 3382 ἦς
654 3313 794 3377 ἐστι,
838 3312 933 3364 καὶ
960 3313 1100 3365 οὕτω
1121 3314 1515 3383 βουλεύσονται
1548 3315 1675 3384 περὶ
1702 3316 1797 3368 τοῦ

232 3406 581 3466 συνοίσοντος
618 3405 825 3470 σφίσιν,
878 3406 961 3459 ὃτι
1010 3406 1097 3475 εἴη
1150 3406 1374 3476 ἄμεινον
1411 3411 1796 3476 πειρωμένοις.

233 3500 530 3566 Ἐπεμπον
574 3497 629 3549 δὲ
664 3498 833 3567 ἄνδρα
864 3499 963 3552 οὐκ
986 3500 1277 3569 ἐπίσημον,
1316 3500 1389 3561 ώς
1429 3502 1800 3572 ἀποπειρασὸ-

230 3608 397 3659 μενον
434 3593 530 3661 τῆς
561 3591 821 3661 βασιλέως
852 3591 1097 3662 γνώμης.
1146 3592 1303 3645 Ἐπεὶ
1360 3594 1418 3646 δὲ
1458 3595 1684 3663 ἀφίκετο
1744 3596 1801 3659 ἐς

224 3690 324 3749 τὰς
378 3686 554 3755 (τέρας
616 3683 791 3748 οὗτος,
850 3687 1156 3756 ἡγουμένου
1194 3686 1521 3756 Ἰσμαήλεω,
1583 3687 1801 3741 ἐκέλευε

227 3778 485 3849 βασιλεὺς
517 3780 650 3831 δέκα
681 3778 852 3831 τελεῖν
896 3780 1045 3849 αὐτῷ
1074 3781 1348 3852 μυριάδας
1385 3782 1480 3834 τοῦ
1528 3782 1799 3837 ἐνιαυτοῦ.

225 3873 284 3925 Εἰ
326 3872 383 3923 δὲ
414 3874 493 3940 μη
515 3871 675 3924 τοῦτο
720 3867 915 3923 οἷοίτε
970 3865 1070 3927 ὦσι
1123 3874 1403 3926 ποιεῖσθαι
1432 3873 1500 3940 ⁸⁵,
1560 3876 1803 3943 οἴχεσθαι

223 3964 600 4026 ἀπολιπόντας
634 3965 733 4034 τὴν
761 3966 939 4039 πόλιν,
972 3966 1423 4036 ἀποφερομένους
1446 3968 1515 4019 τὰ
1564 3966 1804 4037 σφέτερα

222 4058 433 4122 αὐτῶν,
476 4058 705 4121 ἕκαστος
732 4059 857 4111 ὅποι
908 4059 974 4111 ἂν
1020 4058 1264 4129 βούλοιτο
1302 4059 1583 4113 ἀπελθεῖν.
1615 4059 1803 4133 Tatii-cat

222 4152 303 4213 ώς
350 4151 622 4221 ἀνηνέχθη
655 4153 709 4214 ἐς
749 4153 877 4217 τοὺς
928 4151 1222 4222 Ἕλληνας,
1277 4152 1626 4203 ὲὸουλεύοντο
1680 4151 1801 4220 μὲν,

227 4246 332 4297 καὶ
361 4246 535 4296 ἐδόκει
564 4244 893 4313 ἀμύνεσθαι,
920 4244 1436 4307 ἀνακινδυνεύοντας
1490 4244 1714 4313 μᾶλλον,
1771 4244 1804 4315 ἢ

225 4337 375 4389 οὕτω
406 4337 654 4406 ἀμαχητὶ
685 4336 1003 4400 ἐκλιπόντας
1034 4337 1131 4406 τὴν
1159 4338 1337 4402 πόλιν,
1386 4338 1635 4407 οἴχεσθαι
1673 4338 1809 4389 ἀπο-

231 4434 521 4491 πλέοντας.
574 4430 727 4498 Ἐμοὶ
758 4429 858 4499 μὲν
880 4428 970 4481 οὖν
1009 4430 1156 4481 δοκεῖ
1188 4428 1414 4499 βασιλέα
1462 4429 1638 4483 ταῦτα
1667 4447 1802 4499 προ-

225 4529 427 4587 τεῖναι,
462 4521 918 4591 ἀποπειρώμενον
951 4520 1051 4591 τῆς
1084 4520 1355 4593 Ἑλλήνων
1408 4522 1660 4592 γνώμης.
1694 4524 1803 4575 Καὶ

223 4621 296 4670 τὰ
348 4616 641 4682 ὀρύγματα
698 4612 900 4683 μᾶλλον
962 4614 1146 4667 αὐτῶν
1197 4616 1453 4689 ἄπρακτα
1510 4614 1802 4684 γενόμενα,

224 4708 406 4776 ἒπῆρε
431 4705 842 4772 διαπειρᾶσθαι,
869 4704 897 4757 ὃ
926 4720 980 4756 τι
1018 4702 1338 4773 γινώσκοιεν
1371 4706 1501 4773 περὶ
1560 4707 1708 4772 σφών
1755 4706 1804 4756 οἱ

226 4802 516 4870 Ἕλληνες,
550 4801 655 4851 εἴτε
678 4800 851 4870 ἐχυρὰ
899 4799 984 4867 εἴη
1029 4797 1210 4861 αὐτοῖς
1257 4799 1325 4850 τὰ
1377 4798 1708 4868 πράγματα.
1739 4797 1804 4851 Οἱ

230 4893 335 4961 μὲν
386 4888 483 4942 οὖν
520 4890 779 4957 Ἕλληνες
838 4889 893 4951 ἐς
928 4887 1183 4940 τοσοῦτον
1225 4887 1572 4957 ἐξεφέροντο,
1597 4890 1653 4951 ἐς
1682 4888 1807 4940 ὅσον

234 4999 329 5051 μοι
357 4982 675 5051 δεδήλωται.

1888 1937 2109 1991 modum
2135 1937 2663 2003 orationemliabuit
2688 1940 3015 2007 (conabatur
3057 1941 3202 1994 cutim
3239 1940 3462 1995 ϐιαιως

1887 2031 1952 2083 ad
1987 2030 2190 2084 foedera
2227 2031 2524 2086 sancienda
2573 2046 2697 2085 eum
2758 2048 2888 2100 rege
2924 2034 3248 2102 perpellere)
3287 2050 3304 2087 :
3355 2031 3462 2089 Res

1885 2131 2105 2183 vestrae,
2134 2120 2235 2202 viri
2255 2120 2454 2185 Graeci,
2485 2121 2540 2174 in
2569 2136 2787 2175 summo
2819 2122 3143 2178 discrimine
3168 2140 3316 2178 nunc
3344 2140 3466 2177 vcr-

1888 2222 2107 2268 santur.
2137 2212 2321 2277 Quare
2350 2228 2455 2266 non
2500 2212 2710 2267 tnittitis
2740 2213 2975 2284 legatum
3009 2216 3076 2271 ad
3104 2231 3283 2283 regem
3321 2218 3465 2285 peti-

1892 2312 2006 2358 tum
2038 2320 2225 2375 pacem
2257 2306 2279 2359 ?
2310 2304 2366 2359 Si
2398 2306 2529 2359 mihi
2568 2307 2733 2362 vultis
2764 2307 3045 2375 negotium
3111 2309 3258 2363 istud
3308 2324 3467 2363 com.

1892 2398 2129 2460 mittere,
2158 2398 2316 2453 facile
2343 2415 2412 2453 eo
2440 2398 2718 2453 inclinabo
2750 2399 2894 2469 regis
2915 2402 3159 2455 animum
3193 2410 3254 2456 ut
3283 2402 3469 2457 vobis-

1890 2506 2013 2548 cum
2070 2490 2250 2545 t'tndus
2283 2490 2461 2545 feriat.
2514 2490 2653 2547 Nam
2702 2507 2812 2547 non
2869 2492 3086 2557 dubito,
3146 2494 3283 2563 quin
3340 2510 3467 2565 gra-

1892 2584 2024 2638 tiam
2057 2585 2355 2639 maximam
2385 2583 2508 2639 sitis
2549 2585 2774 2639 relaturi
2825 2585 2875 2639 ei
2917 2585 3008 2654 qui
3043 2586 3173 2640 illud
3205 2587 3467 2642 eﬂecerit.

1895 2677 1961 2733 Et
2019 2678 2072 2731 ni
2151 2676 2558 2745 quamprimum
2626 2674 2807 2731 lmdus
2883 2677 3278 2742 intervenerit,
3339 2681 3472 2735 urbs

1894 2777 2079 2825 vestra
2113 2768 2417 2823 [mdissime
2447 2768 2761 2839 diripietur,
2795 2778 2849 2824 et
2881 2785 2979 2825 vos
3019 2770 3090 2824 ad
3126 2773 3467 2827 internecio-

1898 2878 2022 2918 nem
2098 2875 2291 2916 omnes
2370 2861 2739 2917 miserabilem
2791 2865 2843 2916 in
2902 2866 3123 2918 modum
3194 2866 3471 2934 periliitis.

1901 2954 2112 3010 Uxores
2140 2963 2195 3008 et
2235 2954 2393 3010 liberi
2424 2956 2590 3011 vestri
2625 2957 2681 3011 in
2719 2956 3141 3027 mancipiorum
3184 2975 3471 3014 numerum

1900 3046 2231 3109 referentur,
2274 3056 2331 3101 et
2358 3046 2411 3099 in
2445 3047 2812 3103 calamitatem
2860 3051 3225 3104 devolvemiui
3282 3052 3474 3106 intole-

1902 3138 2154 3191 randam.
2197 3136 2394 3192 Mittite
2425 3138 2610 3207 igitur,
2640 3155 2790 3193 mora
2830 3143 3011 3194 omnis
3034 3142 3196 3203 absit,
3235 3142 3472 3211 legatum

1902 3234 1967 3286 ad
2000 3248 2206 3302 regem,
2239 3240 2296 3303 et
2329 3246 2518 3299 pacem
2564 3230 2718 3285 vobis
2738 3233 3051 3286 conﬁciam.
3074 3232 3210 3287 llaec
3258 3234 3476 3291 locutus

1899 3333 1985 3378 est
2017 3323 2211 3376 isutnci
2242 3321 2469 3377 Graecis.
2508 3322 2713 3375 Deinde
2744 3324 2976 3377 consilia
3008 3325 3062 3377 in
3120 3341 3285 3380 unum
3347 3342 3470 3381 con-

1903 3416 2237 3479 ferentibus,
2274 3414 2451 3467 visum
2505 3423 2584 3471 est
2623 3424 2685 3467 ut
2744 3413 2958 3482 legatus
3012 3416 3188 3471 abiret
3242 3417 3310 3473 ad
3360 3417 3477 3473 Me-

1900 3506 2208 3571 clnuetein,
2280 3513 2594 3567 tentaturus
2657 3505 2986 3558 sententiam
3048 3508 3231 3574 regis.
3310 3523 3474 3576 quam

1902 3615 2064 3665 super
2095 3598 2300 3654 Graecis
2331 3597 2448 3667 jam
2474 3608 2657 3652 mente
2678 3599 3044 3666 concepisset.
3080 3598 3130 3652 is
3163 3610 3346 3655 autem
3380 3603 3475 3671 qui

1900 3694 1969 3749 ad
2011 3708 2190 3763 regem
2233 3692 2441 3761 legatus
2503 3690 2581 3745 ire
2627 3690 2819 3758 jussus
2849 3702 2991 3755 erat,
3025 3693 3169 3747 haud
3218 3702 3337 3747 erat
3394 3696 3479 3749 vir

1903 3788 2195 3843 admodum
2228 3785 2458 3843 illustris
2506 3793 2561 3840 et
2618 3784 2773 3839 claro
2801 3800 3002 3853 genere
3069 3795 3247 3840 natus.
3280 3788 3476 3854 Quem,

1903 3895 2028 3935 cum
2060 3878 2301 3934 venisset
2326 3879 2393 3933 ad
2418 3876 2619 3945 januas
2657 3876 2823 3945 regis,
2856 3892 3027 3944 opera
3061 3875 3330 3941 lsmaelts,
3383 3894 3478 3933 res

1901 3972 2063 4041 jussit
2094 3971 2416 4026 renuntiare
2447 3968 2678 4032 Graecis,
2733 3977 2791 4022 ut
2828 3968 3020 4024 tributi
3075 3970 3296 4023 nomine
3334 3985 3478 4039 quo-

1904 4063 2087 4115 tannis
2116 4061 2303 4115 decem
2346 4060 2619 4129 myriades
2672 4074 2965 4114 aureorum
3009 4070 3323 4115 numerent.
3378 4061 3475 4116 Sin

1907 4160 2090 4205 autem
2113 4150 2358 4205 conditio
2394 4149 2511 4202 litec
2546 4149 2677 4216 ipsis
2736 4148 3093 4218 impossibilia
3121 4156 3237 4205 visa
3288 4150 3476 4220 fuerit,

1907 4248 2104 4297 abeant
2136 4244 2515 4310 relinquentes
2544 4241 2732 4295 urbem
2768 4241 2976 4310 singuli
3007 4257 3132 4296 cum
3154 4245 3331 4299 bonis
3363 4262 3480 4300 suis

1911 4350 2247 4406 quocunque
2327 4335 2620 4389 voluerint.
2704 4333 2990 4388 Sententia
3059 4332 3380 4391 Mecbtnetis
3418 4346 3482 4391 ut

1912 4432 2191 4498 proposita
2216 4436 2300 4483 est
2327 4425 2556 4491 Graecis,
2582 4424 2650 4479 ad
2681 4425 3141 4481 consultationem
3174 4440 3480 4485 vertuntur.

1834 4499 1883 4557 D
1910 4520 2152 4576 Tandem
2190 4519 2373 4574 multis
2411 4520 2556 4571 ultro
2604 4516 2851 4585 citroque
2872 4516 3059 4576 dictis.
3094 4532 3158 4573 ea
3209 4522 3481 4576 sententia

1910 4614 2062 4676 vicit,
2091 4612 2251 4680 cujus
2285 4621 2442 4666 tenor
2470 4618 2589 4666 erat
2616 4626 2633 4665 :
2686 4612 2858 4679 magis
2889 4611 3305 4681 repugnandum
3358 4629 3483 4667 essu

1912 4703 2080 4767 hosti,
2133 4700 2384 4772 quamvis
2456 4700 2649 4769 ingens
2699 4699 2995 4755 discrimen
3030 4717 3093 4757 se
3141 4704 3479 4766 ostenderet,

1911 4810 2074 4865 quam
2104 4793 2373 4861 ignaviam
2402 4790 2677 4847 imbellem
2715 4799 2868 4858 sequi
2924 4803 2976 4845 et
3006 4793 3156 4847 nullo
3181 4794 3482 4850 commisso

1914 4886 2104 4956 pra-lio
2166 4882 2515 4952 abnavignrc,
2584 4881 2903 4936 deserentes
2948 4884 3162 4938 urbem.
3211 4885 3324 4955 Ego
3370 4888 3485 4941 exi-

1920 4980 2083 5034 Stinio
2141 4976 2377 5044 legatum
2444 4972 2759 5027 Grece-orum
2824 4989 2949 5028 cum
3012 4975 3324 5043 liujustnotli
3394 4992 3482 5029 re-

229 5095 437 5150 Sponso
478 5080 545 5133 ab
577 5078 878 5133 Mecbmete
916 5080 981 5133 ad
1034 5078 1251 5134 Graecos
1303 5076 1615 5141 dimissum,
1650 5085 1707 5129 ut
1741 5090 1931 5130 eorum
1972 5073 2187 5127 animos
2239 5078 2495 5124 tentaret.
2544 5068 2676 5123 Nam
2744 5084 2871 5123 cum
2906 5068 3085 5125 fossas
3128 5084 3316 5124 eorum
3361 5084 3482 5121 cer-

236 5187 391 5231 neret
422 5193 598 5248 usque
630 5179 743 5231 lieri
770 5177 837 5231 ad
890 5176 1301 5249 repugnandum
1364 5175 1657 5240 inhabiles,
1709 5174 2012 5228 conabatur
2064 5170 2376 5239 explorare,
2415 5181 2662 5235 quaenam
2723 5165 3034 5221 Gramon
3093 5166 3147 5218 in
3224 5168 3481 5233 praesenti

238 5274 557 5328 discrimine
576 5282 719 5328 esset
750 5278 1063 5329 sententia:
1102 5281 1360 5342 prteterea
1414 5285 1544 5325 num
1599 5284 1688 5323 res
1741 5283 1931 5322 eorum
1960 5264 2140 5320 adhuc
2181 5261 2385 5330 aliquid
2434 5260 2648 5317 roboris
2688 5260 2805 5316 sive
2860 5258 3134 5314 lirmitatis
3194 5258 3476 5314 haberent.

235 5371 301 5421 At
328 5366 497 5423 ϐττιιοί
528 5370 582 5422 in
612 5368 756 5424 hunc
790 5367 1009 5421 modum
1030 5381 1189 5437 quem
1232 5366 1490 5432 diximus,
1529 5380 1589 5418 se
1634 5364 1919 5434 gerebant.

307 5460 567 5521 Βασιλεὺς
592 5460 672 5521 δὲ,
704 5461 775 5523 ὡς
804 5459 951 5528 αὐτῷ
983 5459 1049 5512 τὰ
1099 5460 1155 5523 ἐς
1198 5457 1296 5529 τὴν
1319 5457 1631 5530 προσϐολὴν
1658 5472 1797 5526 παρ-

1985 5451 2119 5518 Rex,
2174 5467 2299 5506 cum
2343 5452 2525 5508 omnia
2572 5448 2638 5503 ad
2697 5444 3152 5517 Oppugnationem
3211 5446 3346 5501 satis
3397 5446 3480 5501 in-

1520 5591 1764 5655 Notulte
1802 5588 2209 5667 marginales.

309 5732 353 5762 ’δ
393 5729 453 5783 lu
487 5743 606 5792 ora,
640 5726 888 5791 ποιῆσαι.
1149 5774 1233 5799 ,η
1317 5772 1430 5797 ην
