4006 6204
217 264 318 325 3⁸⁸9
1206 263 1307 325 DE
1341 262 1593 326 REBUS
1616 261 1981 324 TURCICIS
2013 263 2166 324 LIB.
2199 262 2369 324 VIH.
3365 262 3474 325 390
3505 297 3510 302 -

211 385 470 448 σόμενος,
533 382 630 434 καὶ
689 380 993 445 διαλλάξων
1047 381 1173 446 τοὺς
1232 383 1504 453 Ἕλληνας
1541 385 1620 455 τῷ
1667 385 1800 437 Ῥω-

1910 382 2117 437 auxilio
2149 391 2372 436 venerat
2403 395 2526 436 cum
2577 396 2712 436 nave
2739 382 2972 458 maxima
3005 391 3058 436 et
3092 383 3352 436 trecentis
3394 399 3478 435 ar-

213 477 392 541 μαίων
481 473 758 543 ἀρχιερεῖ.
819 473 1006 526 Ταῦτα
1072 476 1175 545 μὲν
1247 470 1342 528 οὖν
1421 477 1590 546 ὀλίγῳ
1659 477 1796 546 πρό-

1908 479 2090 542 matis,
2121 492 2190 531 eo
2217 475 2321 530 loci
2355 491 2479 528 cum
2520 476 2637 530 suis
2661 475 2962 530 consistere
2985 474 3203 544 jubeut,
3261 475 3349 528 ubi
3383 489 3476 528 rex

207 582 365 635 τερον
443 565 604 633 αὐτῷ
674 565 1010 635 ἐπεποίητο,
1087 567 1185 622 καὶ
1249 568 1300 619 oi
1372 568 1635 639 Ἕλληνες
1698 569 1799 638 ὀψὲ

1909 579 1962 622 et
1999 568 2273 638 peregrini
2309 567 2665 636 irruptionem
2698 567 2895 622 facturi
2923 578 3098 621 erant.
3129 566 3209 621 lbi
3239 574 3480 621 stantem

210 659 339 727 γοῦν
393 659 457 722 ἐς
515 657 810 727 διαλλαγὴν
862 659 1121 727 ἀφίκοντο
1140 661 1253 722 τοῖς
1296 659 1614 729 Ῥωμαίοις.

1908 677 2030 717 cum
2090 661 2208 716 suis
2279 661 2505 715 armatis
2561 660 2668 714 vim
2752 659 3004 714 hostilem
3063 658 3275 713 amoliri
3337 657 3480 712 vole-

217 756 368 808 bant.
442 753 603 808 Haud
663 756 851 824 procul
926 760 1112 810 aberat
1173 771 1271 811 rex
1327 754 1636 812 Graecorum
1701 771 1826 812 eum
1909 758 2024 812 suis
2085 767 2148 810 ut
2235 773 2398 828 quam
2473 757 2771 813 fortissime
2854 758 3042 812 hostes
3116 758 3480 826 propulsaret.

220 850 388 903 Etiam
453 848 762 905 eardinalis
829 849 1093 911 Isidorus.
1155 850 1528 906 Sarmatarum
1590 855 1858 916 antistes,
1899 851 2058 920 cujus
2103 859 2229 906 ante
2294 852 2666 915 meminimus,
2729 850 2952 911 Grarcis.
3017 866 3186 918 penes
3227 865 3365 919 quos
3415 865 3481 902 ea

218 953 552 1012 tempestate
576 952 715 1008 erat,
739 943 942 997 auxilio
961 943 1084 998 fuit.
1106 945 1310 998 Aderat
1332 946 1476 998 enim
1499 951 1558 998 ut
1577 945 1847 1014 synodum
1873 951 2317 1011 congregaret.et
2337 942 2582 997 Itoniauo
2597 941 2834 1011 pontifici
2853 941 3071 997 Graecos
3087 943 3482 998 reconciliaret.

217 1040 336 1091 llazc
391 1041 622 1107 quidem
671 1039 834 1108 paulo
882 1049 1010 1094 ante
1056 1040 1392 1095 confecerat.
1456 1042 1525 1095 At
1577 1040 1784 1095 Graecis
1836 1041 1924 1094 illa
1977 1055 2099 1093 cum
2139 1037 2403 1094 Romanis
2457 1039 2838 1093 reconciliatio
2891 1043 3055 1094 nimis
3089 1055 3209 1095 sera
3246 1046 3481 1096 exstitit.

285 1136 562 1198 Βασιλεὺς
619 1135 696 1196 δὲ.
744 1135 819 1196 ὡς
868 1135 1043 1188 ἐδόκει
1092 1133 1209 1202 ὥρα
1259 1130 1400 1188 εἶναι
1434 1137 1798 1205 προσϐάλλειν

216 1231 410 1289 ἕωθεν,
450 1230 653 1298 Ἀρεος
689 1227 734 1279 δ’
763 1222 833 1297 ἦν
861 1228 1070 1298 ἡμέρα,
1103 1229 1172 1280 τά
1204 1245 1262 1280 τε
1289 1229 1545 1298 κύμϐαλα
1569 1231 1801 1298 ἐσημαί-

217 1339 362 1381 νετο,
390 1321 492 1373 καὶ
525 1321 576 1371 οί
608 1318 846 1388 αὐληταὶ
887 1322 981 1371 καὶ
1014 1320 1062 1370 ol
1093 1320 1433 1386 σαλπιγκταὶ
1478 1321 1797 1390 ἐσήμαινον,

221 1413 390 1465 ἕωθεν
421 1410 749 1481 προσέϐαλε,
789 1410 883 1462 καὶ
945 1411 1236 1478 ἅπανταχῆ
1269 1411 1368 1479 τῆς
1401 1411 1617 1475 πόλεως
1646 1413 1799 1465 καθί-

225 1520 422 1555 σταντο
456 1505 514 1564 ἐς
571 1503 751 1571 μάχην
810 1501 859 1553 οι
903 1499 1193 1570 βάρϐαροι,
1250 1504 1345 1554 και
1394 1502 1797 1570 προσϐαλόντες

226 1596 496 1664 ἐμάχοντο
542 1593 806 1663 ἰσχυρῶς.
865 1593 1023 1645 Κατὰ
1056 1595 1156 1662 μὲν
1187 1594 1248 1646 τὸ
1291 1595 1346 1656 ἐς
1377 1594 1572 1662 λιμένα
1615 1599 1798 1665 τεῖχος

1979 1135 2086 1190 Rex
2112 1135 2468 1199 Meclimotes,
2489 1151 2608 1188 cum
2637 1143 2852 1204 tempus
2870 1133 2979 1199 jam
3009 1134 3318 1188 advenisset
3343 1139 3482 1201 (erat

1907 1241 2091 1284 autem
2122 1230 2306 1284 Martis
2328 1229 2441 1299 ('59)
2469 1229 2612 1297 dies)
2646 1237 2702 1281 ut
2724 1231 3177 1298 oppugnationem
3209 1230 3482 1284 universis

1906 1329 2080 1397 copiis
2149 1329 2561 1398 aggrederetur,
2608 1327 2879 1397 cymbala.
2941 1342 3147 1381 cornua
3209 1329 3478 1396 tubasque

1905 1435 2105 1476 canere
2128 1421 2304 1489 jubet,
2331 1424 2657 1491 signumque
2678 1421 3012 1489 occipiendze
3047 1422 3480 1491 oppugnationis

1905 1514 2086 1580 dedit;
2113 1525 2164 1568 et
2195 1516 2384 1569 urbem
2409 1530 2625 1570 summo
2651 1529 2813 1569 mane
2839 1515 3050 1569 foniter
3066 1516 3477 1585 oppugnabant,

1906 1607 2290 1676 irruentesque
2317 1608 2370 1659 in
2395 1606 2585 1660 urbem
2617 1607 3006 1676 praliabantur
3036 1623 3230 1676 magna
3255 1609 3476 1662 virtute.

222 1690 506 1758 ἠμύνοντο
522 1691 572 1739 oi
597 1687 864 1756 Ἕλληνες
897 1688 1191 1755 κράτιστα,
1219 1686 1313 1738 καὶ
1337 1685 1640 1748 ὲξεώσαντο
1671 1690 1796 1749 τοὺς

1904 1692 1960 1748 1η
1984 1710 2050 1748 eo
2091 1711 2248 1750 muro
2272 1696 2366 1763 qui
2413 1706 2628 1762 portum
2661 1706 2892 1765 spectat,
2947 1696 3122 1752 Graeci
3180 1698 3479 1754 fortissime

231 1783 529 1851 Ὗοὺρκους,
554 1784 648 1834 καί
677 1797 767 1832 ποι
800 1785 942 1832 κατὰ
974 1781 1072 1841 τὰς
1129 1779 1407 1846 κλίμακις
1455 1779 1796 1842 ἀναϐάντων,

241 1875 479 1942 κεφαλὰς
507 1875 887 1941 ἀπηνέγκαντο
948 1870 1309 1941 κρατύνοντες
1360 1870 1422 1922 τὰ
1464 1871 1616 1940 τείχη
1639 1887 1654 1901 ο
1754 1867 1800 1920 δ’

248 1967 413 2026 αὐτὸς
437 1965 731 2032 προσέϐαλε
757 1963 1040 2033 βασιλεὺς,
1071 1964 1120 2016 ol
1167 1962 1420 2031 νεήλυδες
1449 1962 1802 2014 ἐπεισπεσόν-

249 2077 368 2124 τες,
422 2059 686 2122 ἐϐιάζοντο
737 2059 868 2120 τοὺς
923 2056 1150 2118 ὁπλίτας
1178 2059 1290 2108 τῶν
1319 2056 1585 2121 Ἰανυίων,
1623 2058 1715 2108 καὶ
1771 2056 1801 2106 6

245 2152 460 2219 Λόγγος
518 2152 668 2213 αὐτὸς
731 2151 1092 2218 τιτρώσκεται
1151 2149 1522 2221 τηλεϐολίσκῳ
1586 2150 1646 2211 ἐς
1704 2149 1802 2218 τὴν

237 2250 418 2317 χεῖρα,
449 2246 544 2298 καί
566 2262 705 2307 τινες
739 2245 893 2298 ἄλλοι
942 2245 1050 2298 τῶν
1080 2244 1315 2296 ὁπλιτῶν
1368 2246 1801 2315 ιπετιτρώσκον-

232 2355 288 2388 το
307 2340 372 2398 ⁹⁹,
401 2338 497 2389 καὶ
521 2337 831 2399 ἐκλιπόντες
853 2335 953 2404 τὴν
973 2335 1158 2406 χώραν
1241 2335 1568 2404 ἑστήκεσαν,
1602 2337 1801 2390 αὐτίκα

241 2431 548 2497 βιαζόμενοι
611 2428 946 2490 εἰσέπιπτον,
995 2429 1090 2480 καὶ
1137 2427 1262 2490 τούς
1307 2445 1367 2479 τε
1412 2427 1639 2490 ὁπλίτας
1691 2429 1803 2481 τῶν

257 2520 488 2571 Ἰανυῖων
513 2519 834 2588 ἐτρέψαντο,
876 2521 972 2571 καὶ
1005 2519 1372 2589 ἐπικείμενοι,
1419 2521 1698 2587 ἐφόνευον.
1736 2521 1795 2573 '0

246 2615 328 2679 μὲν
349 2610 446 2665 οὖν
489 2613 700 2682 Λόγγος
733 2612 1033 2681 ἀπεχώρει,
1071 2613 1288 2664 εἵποντο
1311 2613 1460 2681 αὑτῷ
1485 2615 1532 2665 ol
1563 2613 1800 2676 ὁπλῖται,

240 2710 498 2762 ἐπιόντων
525 2708 680 2774 σφίσι
711 2705 822 2758 τῶν
849 2707 1144 2777 νεηλύδων.
1178 2708 1288 2759 Kal
1331 2707 1358 2758 ὁ
1387 2706 1639 2775 βασιλεὺς
1681 2707 1802 2759 Ἐλ-

236 2801 426 2866 ὶήνων,
468 2801 545 2862 ὼς
575 2800 769 2870 ᾔσθετο
801 2799 1126 2862 ἐκλιπόντας
1147 2800 1245 2869 τὴν
1275 2798 1460 2869 χώραν
1490 2800 1687 2862 αὐτοὺς
1709 2801 1802 2852 καὶ

237 2895 566 2956 ἑκὸιὸὁντας,
620 2893 894 2961 ἀνέδραμε
951 2893 1052 2960 μὲν
1099 2891 1319 2956 αὐτίκα,
1373 2893 1464 2946 καὶ
1509 2893 1674 2962 ἤρετο
1707 2891 1801 2942 τὸν

229 2989 438 3054 Λόγγον
472 2988 649 3038 εἴποι
699 2985 1020 3054 πορεύοιτος
1067 2984 1161 3037 τοῦ
1195 2984 1240 3036 δ’
1293 2983 1359 3038 αὖ
1410 2985 1674 3052 φαμένου.
1723 2984 1802 3045 ὡς

1904 1789 2250 1853 resistebant,
2281 1786 2602 1858 Turcosqne
2635 1791 3058 1858 magnanimiter
3111 1794 3475 1860 expellebattt.

1908 1880 2082 1934 Etiam
2117 1882 2292 1949 capita
2315 1881 2703 1950 quorumdam,
2733 1883 2825 1952 qui
2863 1882 3027 1937 scalis
3090 1883 3326 1938 admotis
3359 1899 3478 1936 niu-

1906 1989 2023 2026 rum
2053 1989 2312 2042 superare
2342 1975 2707 2038 conabantur,
2746 1984 3026 2042 amputata
3077 1976 3147 2029 de
3192 1991 3348 2030 muro
3387 1979 3480 2030 ile-

1904 2066 2281 2128 volvebantur,
2321 2080 2444 2120 cum
2493 2065 2666 2120 Graeci
2705 2081 2917 2120 summa
2945 2067 2993 2118 vi
3044 2068 3241 2121 moenia
3288 2067 3482 2122 defen—

1903 2164 2108 2209 sarent.
2138 2155 2210 2209 Ea
2234 2171 2387 2226 parte
2406 2172 2510 2225 qua
2568 2173 2661 2211 res
2684 2173 2806 2210 cum
2845 2159 3254 2227 peregrinorum
3311 2175 3480 2214 manu

1904 2248 2262 2314 irruptionein
2320 2249 2471 2312 fecit,
2527 2247 2832 2303 Januenses
2886 2251 3078 2303 armati
3135 2250 3184 2302 vi
3235 2253 3474 2306 subnioti

1905 2348 2056 2393 sunt.
2091 2337 2306 2409 Longus
2343 2339 2536 2393 Iterum
2570 2338 2680 2393 dux
2723 2343 3044 2394 vulneratus
3096 2350 3183 2394 est
3227 2357 3474 2406 manum,

1907 2432 2045 2485 ictus
2113 2430 2424 2485 bonibardre
2508 2432 2750 2500 globulo.
2818 2431 3030 2500 Reliqui
3081 2433 3276 2485 armati
3333 2434 3473 2486 baud

1906 2537 2154 2576 mansere
2213 2538 2243 2576 ιι
2305 2524 2618 2578 vulneribus
2661 2525 2876 2579 intacti.
2942 2524 3265 2580 Deserentes
3310 2525 3486 2594 igitur

1905 2615 2086 2669 locum
2137 2631 2299 2684 quem
2364 2629 2788 2686 occupaverant,
2840 2616 3143 2672 Januenses
3183 2617 3236 2671 in
3292 2619 3480 2686 fugam.

1904 2717 2208 2772 vertuntur,
2239 2723 2378 2778 quos
2407 2712 2678 2778 fugientes
2736 2712 3021 2766 credebant
3076 2710 3268 2765 Turci.
3325 2709 3473 2764 Lon-

1905 2814 2005 2869 gus
2021 2801 2128 2853 dux
2162 2802 2434 2854 cedebat:
2473 2818 2596 2854 eum
2648 2803 3022 2872 sequebantur
3053 2804 3272 2865 armati.
3330 2819 3480 2871 quos

1907 2890 2088 2944 hostili
2113 2889 2294 2942 animo
2331 2891 2765 2960 insequebantur
2791 2892 2982 2946 Turci.
3010 2892 3117 2947 llex
3150 2893 3470 2947 Graecorum

1905 2989 1966 3034 ut
1997 2981 2208 3049 accepit
2239 2979 2548 3038 Januenses
2579 2985 2820 3039 cessisse
2879 2985 3020 3046 loco,
3059 3000 3220 3054 quem
3283 2986 3482 3040 deten-

229 3082 396 3148 ταίτῃ
433 3077 566 3138 Θεὸς
610 3077 903 3146 ὑφηγεῖται
954 3078 1070 3136 τοῖς
1119 3073 1405 3145 Τούρκοις,
1465 3074 1626 3137 αὐτὸς
1674 3073 1718 3126 δ’
1776 3076 1800 3126 ὁ

1907 3075 2144 3128 dendum
2183 3083 2563 3146 susceperant,
2625 3086 2680 3131 et
2715 3076 2896 3146 fugam
2953 3079 3114 3144 inire,
3177 3092 3478 3132 accurrens

231 3171 489 3238 βασιλεὺς
547 3167 681 3238 πρὸς
735 3167 1190 3237 Καντακουζηνὺν
1235 3168 1328 3220 καί
1375 3183 1528 3229 τινας
1586 3167 1801 3235 ὀλίγους

229 3264 365 3330 ἀμφ’
399 3264 566 3315 αὐτόν
590 3261 749 3322 ὄντας
779 3259 1126 3330 τραπόμενος
1171 3258 1395 3326 ἔλεγεν·
1457 3259 1676 3326 Ἴωμεν,
1711 3259 1806 3312 ἄν.

225 3359 313 3425 δρε
335 3375 370 3418 ·,
413 3355 509 3405 ἐπὶ
530 3351 657 3415 τοὺς
685 3352 997 3421 βαρϐάρους
1026 3352 1244 3403 τούσδε.
1279 3351 1454 3412 Αὐτός
1485 3366 1545 3401 τε
1575 3353 1602 3401 ὁ
1655 3352 1804 3402 Καν-

227 3448 568 3516 τακουζηνὸς
592 3445 730 3514 ἀνὴρ
761 3447 1052 3513 γενόμενος
1085 3443 1288 3510 ἀγαθὸς
1323 3437 1668 3510 ιτελεύτησεζ
1693 3443 1802 3495 Kal

229 3545 392 3605 αὐτὸς
427 3544 716 3612 ἐτράπετο,
749 3543 839 3593 καὶ
874 3540 1142 3602 ἐπιόντες,
1169 3541 1262 3591 xal
1283 3537 1595 3600 διώκοντες,
1635 3537 1803 3606 ἔτρω-

229 3653 330 3688 σαν
362 3634 592 3704 βασιλέα
627 3635 1037 3686 Κωνσταντίνον
1083 3634 1139 3694 ἐς
1191 3633 1285 3683 τὸν
1317 3628 1489 3701 ὦμον,
1544 3633 1639 3684 καὶ
1681 3634 1801 3684 ὲτεο

226 3728 520 3792 λεὺτησεν.
557 3727 620 3778 Ol
648 3725 704 3778 δὲ
735 3725 885 3780 ἄλλοι
918 3725 1215 3796 Ἑλλήνων,
1247 3726 1322 3790 ὼς
1349 3723 1488 3779 εἶϐον
1529 3727 1656 3788 τοὺς
1678 3729 1800 3796 νεή-

226 3821 398 3882 λυδας
453 3822 550 3873 ἐπὶ
577 3820 634 3871 τὸ
675 3822 816 3889 μέγα
852 3821 1033 3889 τεῖχος
1062 3821 1396 3889 δραμόντας,
1450 3822 1544 3873 καὶ
1593 3820 1800 3877 ἄνωθεν

227 3913 530 3981 βάλλοντας
553 3912 933 3981 τοξεύμασίτε
970 3913 1062 3964 καὶ
1115 3913 1303 3975 λίθοις,
1347 3916 1439 3966 καὶ
1481 3914 1608 3976 τοὺς
1649 3915 1799 3983 ἀμφὶ

223 4006 318 4056 τὸν
339 4005 897 4072 Λόγγονφεύγοντας,
946 4006 1312 4074 ἐπικειμένων
1364 4004 1472 4057 τῶν
1530 4007 1800 4075 νιηλύδων

227 4102 532 4168 ἐτράποντο
563 4100 619 4160 ἐς
675 4099 874 4168 φυγὴν,
914 4099 1067 4161 ἐκτός
1098 4100 1146 4131 ⁹²
1178 4115 1261 4161 τις
1291 4099 1522 4162 ἕκαστος
1556 4118 1800 4170 προσκα-

223 4193 523 4247 ταϐἁι).λειν
560 4192 881 4260 βουλόμενος
913 4189 1054 4242 ὥστε
1090 4189 1381 4254 σώζεσθαι.
1420 4192 1508 4255 Ὠς
1541 4193 1597 4246 δὲ
1627 4195 1680 4256 ἐς
1699 4194 1799 4262 τὴν

225 4285 406 4354 πύλην
437 4285 697 4352 ἀφίκοντο
712 4285 810 4352 ’τὴν
832 4282 928 4335 τοῦ
969 4283 1252 4351 Ῥωμανοῦ
1296 4285 1662 4354 καλουμένην,
1699 4304 1797 4342 κα-

1907 3166 2078 3222 citato
2129 3170 2324 3237 gradu,
2394 3169 2645 3238 Longum
2729 3179 3142 3238 percunctatur,
3235 3186 3472 3240 quonam

1908 3259 2126 3314 abiret?
2151 3261 2248 3314 Cui
2280 3261 2499 3330 Longus
2531 3265 2839 3330 respondit,
2870 3276 2931 3315 ea
2964 3277 3069 3330 qua
3096 3260 3287 3317 Turcis
3332 3263 3477 3316 licus

1906 3351 2022 3422 ipse
2068 3353 2173 3405 iter
2201 3355 2398 3421 aperit.
2454 3352 2652 3407 Verum
2716 3369 2806 3406 rex
2862 3353 3177 3440 Graaco’rum
3227 3356 3293 3407 ad
3328 3355 3476 3408 Can-

1908 3453 2230 3498 tacuxenum
2291 3454 2344 3500 et
2407 3445 2546 3499 alios
2610 3461 2816 3514 paucos
2871 3462 3198 3512 conversus,
3259 3448 3398 3501 dixit
3453 3463 3469 3500 :

1906 3535 2129 3604 Eamus,
2157 3553 2190 3591 ο
2220 3538 2351 3602 viri,
2385 3538 2514 3592 forti
2547 3540 2730 3592 animo
2763 3548 2956 3592 contra
3007 3538 3278 3593 Barbaros
3313 3539 3472 3593 istos.

1903 3629 2345 3694 Gantacuzenus,
2405 3645 2530 3684 cum
2590 3631 2784 3685 fuisset
2837 3632 2920 3684 vir
2981 3634 3242 3702 optimus,
3301 3635 3354 3686 in
3403 3651 3474 3686 eo

1905 3725 2090 3793 praslio
2126 3733 2351 3778 mortem
2381 3725 2630 3791 oppetiit.
2693 3727 2760 3778 At
2818 3741 2910 3778 rex
2961 3727 3274 3781 Graecorum
3327 3727 3474 3782 Gon-

1904 3818 2181 3872 stantinus
2207 3819 2259 3871 in
2281 3819 2463 3887 fugam
2497 3821 2784 3888 conjecuts
2818 3833 2922 3881 est,
2982 3819 3278 3887 hostesque
3329 3836 3468 3876 con-

1905 3914 2062 3966 tinuo
2135 3913 2491 3979 insequentes
2546 3913 2665 3981 ejus
2723 3915 3012 3966 humerum
3068 3913 3467 3966 volnerarunt:

1902 4014 2067 4073 atque
2098 4013 2345 4058 mortuus
2377 4011 2484 4058 est.
2549 4003 2761 4073 Reliqui
2797 4005 2971 4058 Graeci
3037 4003 3127 4057 tibi
3170 4005 3469 4072 conspicati

1902 4106 2032 4151 sunt
2089 4097 2402 4164 peregrinos
2452 4095 2520 4148 ad
2579 4113 2834 4165 magnum
2893 4111 3107 4156 murum
3179 4097 3468 4158 cursitare,

1903 4189 2129 4244 missilia
2153 4205 2207 4244 et
2237 4191 2463 4258 sagittas
2484 4199 2538 4244 et
2557 4190 2766 4258 lapides
2790 4191 2858 4242 de
2881 4191 3133 4258 supernis
3165 4199 3425 4258 torquere
3447 4228 3464 4252 ,

1903 4291 2163 4351 praterea
2205 4280 2452 4350 Longum
2486 4296 2610 4335 cum
2654 4283 2770 4337 suis
2798 4282 3026 4335 armatis
3061 4284 3115 4336 in
3157 4283 3335 4353 fugam
3387 4283 3470 4338 el-

221 4377 587 4444 τασχεθέντες
634 4376 725 4428 ὑπ’
758 4375 1006 4444 ἀλλήλων
1037 4375 1200 4428 αὑτοῦ
1222 4375 1395 4447 ταύτῃ
1439 4377 1668 4442 ἔκειντο,
1700 4379 1794 4436 καὶ

1904 4373 2077 4438 fundi,
2112 4382 2167 4428 et
2193 4375 2406 4441 insequi
2444 4372 2663 4432 fortiter
2689 4376 3028 4442 peregrinos,
3077 4389 3179 4428 nec
3212 4376 3315 4444 ipsi
3365 4375 3469 4429 du-

224 4469 474 4530 ὲπιόντες
503 4467 678 4530 αὖθις,
711 4468 938 4522 ἔπιπτον
971 4469 1026 4529 ις
1053 4469 1248 4530 αὐτοὺς
1277 4529 1280 4532 _
1307 4471 1400 4525 καὶ
1430 4469 1602 4532 οὕτως
1665 4471 1797 4527 ἐπα-

223 4561 595 4623 ναϐαίνοντες,
621 4559 822 4630 σπουδῇ
849 4561 1238 4630 ἐπειγομένους
1267 4561 1587 4627 διαϐαίνειν,
1621 4563 1795 4632 σωρὸν

227 4655 492 4721 μέγιστον
527 4653 730 4714 ζῶντες
763 4653 902 4706 κατὰ
932 4653 1029 4723 τὴν
1057 4653 1238 4722 πύλην
1269 4656 1619 4725 ἐπεποίηντο,
1654 4655 1794 4708 ὥστε

228 4746 424 4811 μηδενὶ
451 4744 656 4812 βάσιμα
684 4743 823 4796 εῐναι
849 4745 1124 4803 ἐντεῦθεν.
1152 4744 1258 4797 Kal
1282 4739 1429 4798 οὗτοι
1466 4748 1565 4813 μὲν
1619 4748 1794 4809 οὕτως

227 4841 303 4898 ὡς
338 4838 579 4888 πλεῖστοι
614 4839 672 4888 ιν
705 4837 879 4889 οὐδενὶ
943 4836 1086 4907 λόγῳ
1115 4837 1417 4900 ἀπώλοντο,
1450 4839 1795 4906 ἐπειγόμενοι

227 4935 433 5001 φθῆναι
467 4935 522 4994 ἐς
554 4931 840 5001 ἀλλήλους,
872 4931 1101 4984 ἔπιπτον
1137 4933 1192 4994 ἐς
1236 4933 1413 4985 ὲκεῐνο
1473 4935 1534 4985 τὸ
1591 4933 1794 5002 θέαμα,

227 5023 439 5083 καὶτὰς
474 5023 644 5084 πύλας
679 5022 993 5082 κεκλείσθαι
1044 5021 1264 5093 σώμασι
1317 5025 1640 5094 περιιόντων
1700 5025 1795 5080 ἐπὶ

226 5117 336 5167 τῶν
383 5116 650 5184 Ἑλλήνων
675 5131 689 5145 ·
715 5116 763 5166 οι
793 5115 851 5167 δὲ
888 5115 1144 5186 νεήλυδες
1176 5116 1519 5185 ὑπερϐάντες
1556 5117 1620 5169 τὸ
1648 5118 1794 5187 μέγα

225 5210 397 5275 τεῖχος
427 5209 818 5276 (κατέρῤιπτον
848 5209 956 5276 γάρ
977 5224 1061 5260 τοι
1099 5209 1192 5262 καὶ
1225 5208 1392 5263 αὐτοῦ
1449 5210 1592 5279 μέγα
1626 5211 1794 5280 μέρος

228 5303 327 5353 ὑπὸ
360 5302 453 5353 τοῦ
484 5301 800 5372 τηλεϐόλου)
831 5302 1131 5373 εἰσεχέοντο
1149 5302 1324 5374 ταύτῃ
1365 5304 1419 5367 ις
1474 5307 1573 5375 τὴν
1608 5304 1782 5370 πόλιν,

1902 4467 2144 4520 bitarunt
2175 4467 2354 4535 fugam
2378 4467 2645 4535 arripere,
2671 4482 2793 4522 cum
2829 4468 3028 4535 singuli
3064 4477 3221 4520 extra
3248 4484 3467 4522 mlll'llllt

1901 4573 1960 4614 se
1987 4561 2196 4628 jactare
2226 4567 2512 4627 cuperent,
2557 4569 2611 4612 ut
2640 4560 2935 4612 evaderent
2962 4560 3206 4614 hostium
3253 4578 3468 4616 manus.

1898 4645 2033 4700 Cum
2065 4647 2192 4716 fuga
2233 4647 2396 4714 210
2447 4647 2615 4702 celeri
2666 4655 2853 4704 essent
2905 4649 3070 4702 delati
3127 4652 3196 4706 ad
3237 4649 3466 4707 Romani

1899 4749 2265 4808 nuncupatam
2317 4753 2548 4809 portam,
2606 4741 2850 4809 impediti
2900 4742 3160 4798 afﬂuente
3229 4746 3472 4816 undique

1899 4836 2180 4888 hominum
2217 4837 2392 4898 turba,
2431 4836 2583 4887 bumi
2611 4835 2902 4892 cadebant.
2935 4837 3145 4892 Deinde
3167 4839 3262 4892 alii
3313 4856 3472 4894 acce-

1896 4929 2090 4982 dentes
2125 4943 2219 4997 per
2250 4927 2503 4996 jacentes
2532 4928 2878 4984 incedebant.
2928 4930 2987 4986 In
3043 4932 3190 4988 hunc
3245 4935 3466 4989 modum

1896 5022 2260 5078 ascendentes
2317 5019 2371 5072 iu
2419 5034 2516 5073 eos
2575 5022 2669 5090 qui
2704 5022 3039 5089 ceciderant,
3065 5026 3248 5079 studio
3286 5036 3470 5079 trans-

1893 5114 2058 5169 eundi
2111 5129 2364 5183 magnutn
2400 5113 2652 5168 fecerunt
2684 5131 2942 5171 acervum
2984 5119 3286 5182 hominum,
3331 5123 3470 5176 adeo

1893 5217 1955 5262 ut
1981 5208 2167 5262 nullus
2199 5223 2261 5262 ea
2293 5207 2433 5262 elabi
2495 5216 2706 5276 posset.
2752 5211 2824 5262 At
2881 5211 2962 5264 sic
2995 5212 3144 5264 nullo
3210 5223 3464 5280 respectu

1894 5299 2103 5367 babito,
2164 5301 2378 5372 periere
2431 5299 2678 5370 plurimi,
2739 5315 2865 5355 cum
2917 5301 3060 5356 alius
3116 5302 3283 5357 alium
3339 5304 3468 5373 fuga

1481 5421 1724 5485 Notata:
1773 5421 2163 5498 marginales.

269 5525 404 5605 βῆ)
431 5525 879 5605 Quarto-Kalend.
926 5527 1055 5605 Julii
1087 5530 1244 5605 I455,
1280 5528 1366 5583 die
1386 5529 1596 5605 Martis,
1625 5527 2337 5605 capt_a_Gonstantinoiiolis,
2379 5535 2830 5605 quinquagesimo
2862 5542 3056 5603 quarto
3097 5533 3183 5589 die
3219 5534 3461 5592 obsidio-

231 5598 330 5649 nis.
360 5600 528 5650 Aliter
565 5597 765 5650 Sabelt.
807 5601 899 5654 ιιι».
921 5618 992 5662 v1,
1021 5601 1157 5654 Enn.
1184 5603 1286 5668 20,.
1310 5602 1404 5668 qui
1430 5597 1720 5655 lactuniait
1742 5599 1893 5656 ηδε.

298 5736 340 5765 ⁵⁸
367 5739 539 5804 ἐτιτρ.
613 5738 656 5767 θ’
679 5737 859 5801 αὑτός.
