4006 6204
508 251 517 262 ‘
534 233 636 299 391

1630 240 1941 301 LAONICI
1986 238 2663 300 CIIALCOCONDYLzE
2742 239 2746 243 ⁴

3653 235 3759 300 392

519 348 821 419 praevenire
854 348 1158 412 festinaret,
1193 357 1247 403 et
1293 351 1345 403 iti
1396 353 1714 408 miserabile
1771 353 1873 407 hoc
1911 355 2083 408 venie-

2202 354 2296 406 καὶ
2320 353 2624 424 διήρπαζον
2664 351 2762 421 τὴν
2796 351 2950 405 πόλιν
2996 352 3329 421 τραπίῖμενοι
3376 352 3501 404 ὅποι
3544 349 3760 422 ἑκάστῳ

518 443 647 496 bant
671 442 1068 512 spectaculum.
1104 443 1280 497 Porta:
1304 459 1526 513 quoque
1549 444 1952 499 claudebantur
1989 460 2091 512 0p-

520 537 677 603 plela:
699 534 1031 603 corporibus
1054 535 1389 600 Orcum-um,
1444 552 1569 589 cum
1603 553 1700 603 per
1730 552 1824 591 eas
1878 539 2086 591 exitum

516 634 826 696 quaererent
850 626 1134 681 vadentes.
1171 628 1455 696 Peregrini
1490 645 1648 683 muro
1695 645 1897 698 magno
1930 645 2090 699 supr--

514 732 635 773 rato
656 719 807 789 (nam
826 727 889 772 et
921 718 1086 787 hujus
1132 730 1338 787 partem
1375 720 1680 775 bombarda
1716 722 1956 775 maxima
2007 721 2090 774 di-

515 811 749 879 ruerat),
789 825 852 864 ea
886 812 1123 865 ruebant
1150 846 1151 851 η
1177 813 1230 865 in
1266 810 1480 876 urbem,
1533 828 1697 880 quam
1732 813 2087 882 diripiebant,

512 910 704 955 euntes
728 916 833 970 qua
860 902 1060 970 cuique
1082 903 1307 957 liberum
1332 912 1473 967 erat,
1499 918 1716 959 nemine
1743 907 2085 974 prohibente.

513 992 921 1057 Gracci'autem,
961 994 1049 1048 ubi
1106 994 1338 1062 primum
1374 996 1517 1049 fama
1574 1007 1789 1066 captain
1818 1012 1941 1053 esse
2000 1014 2091 1052 ur-

514 1088 636 1141 bem
668 1088 910 1146 volabat.
938 1086 1066 1157 fuga
1096 1088 1423 1145 ferebantur
1456 1092 1506 1144 in
1538 1101 1758 1160 portum
1804 1096 1872 1147 ait
1910 1093 2087 1149 Vene-

514 1193 694 1235 torum
720 1192 772 1237 et
797 1180 1159 1237 Januensiuiti
1214 1199 1401 1239 naves.
1457 1183 1683 1240 Plurimi
1742 1203 1909 1241 naves
1962 1204 2088 1242 cum

512 1288 728 1325 summa
764 1272 1044 1328 celeritate
1096 1274 1324 1340 ingressi
1376 1274 1802 1340 intercidebaut,
1858 1278 2090 1331 navibus

510 1367 622 1418 alto
712 1365 934 1419 mersis.
976 1363 1162 1434 anue
1218 1366 1539 1436 contingere
1586 1369 1910 1422 videbantur
1966 1385 2089 1439 qua:

509 1457 831 1523 contingere
860 1456 1041 1511 solent
1078 1458 1131 1510 iii
1180 1458 1453 1525 ejusmodi
1491 1460 1689 1522 turbis,
1720 1476 1845 1514 cuni
1897 1477 2088 1516 omnes

513 1549 661 1603 nullo
686 1565 881 1602 ornatu
914 1550 1177 1619 nulloque
1203 1550 1397 1606 ordine
1420 1566 1624 1622 susque
1669 1558 1844 1623 deque
1900 1570 2087 1609 curre—

514 1650 653 1705 rent,
693 1656 749 1694 ut
781 1646 1107 1712 semctipsos
1136 1655 1597 1701 servarentttttos
1645 1646 1717 1701 ab
1773 1648 2082 1703 imminenti

2196 446 2534 516 προχωροίη.
2570 447 2631 498 Ol
2662 446 2717 497 δὲ
2754 444 3016 514 Ἕλληνες
3041 443 3259 513 πρῶτον
3292 442 3417 512 μὲν,
3446 442 3521 505 ὡς
3542 443 3576 511 ἡ
3596 444 3760 512 φήμη

2195 538 2517 608 διέδραμεν..
2536 539 2611 601 ὡς
2637 539 2783 593 ἑάλω
2814 539 2847 607 ἡ
2888 536 3063 600 πόλις,
3089 537 3139 589 oi
3190 536 3290 605 μὲν
3324 537 3472 605 φυγῇ
3503 535 3764 605 ὥρμηντο

2194 629 2285 680 ἐπὶ
2316 628 2407 679 τὸν
2442 626 2637 697 λιμένα
2667 630 2723 690 ις
2761 628 2859 690 τὰς
2918 626 3050 690 ναῦς
3079 628 3188 680 τῶν
3221 627 3498 679 Ούενετῶν
3524 628 3620 679 καὶ
3643 628 3757 680 ἰα-

2192 722 2388 785 ιιυῖων,
2442 722 2538 775 καὶ
2585 721 2773 777 πολλοὶ
2826 723 2885 780 ἐς
2964 722 3035 775 τὰ
3095 720 3355 791 πλοιάρια
3412 719 3767 783 ἐσϐάλλοντες

2194 814 2402 885 σπουδῇ
2429 817 2524 868 καὶ
2573 816 2834 883 ἀκόσμως
2858 815 3158 882 ἀπώλοντο,
3195 813 3609 884 καταδυομένων
3654 812 3764 864 τῶν

2194 904 2516 974 πλοιαρίων.
2550 907 2660 959 Ka‘t
2690 907 2942 973 ἐγίγνετο
2967 902 3055 958 οἷα
3078 905 3142 975 δὴ
3170 904 3460 974 γίγνεσθαι
3490 903 3673 959 εἰώθει
3703 905 3764 956 ἐν

2194 999 2308 1061 τοῖς
2342 996 2610 1059 τοιούτοις
2662 997 2939 1066 θορύϐοις,
2978 998 3232 1061 ἀτάκτως
3268 995 3595 1068 χωρούντων
3639 996 3767 1048 ἑκά-

2196 1106 2338 1142 στων
2374 1091 2431 1153 ἐς
2461 1089 2520 1142 τὸ
2555 1089 2920 1155 διαςώζεᾳθαι
2950 1092 3007 1144 ἐν
3032 1091 3208 1144 οὐδενὶ
3242 1090 3453 1159 κόσμῳ.
3489 1088 3596 1142 Καὶ
3613 1080 3764 1139 οὗτοι

2195 1181 2296 1248 μὲν
2318 1181 2566 1250 ἔφθησαν
2624 1183 3005 1251 ἀποφυγόντες
3054 1185 3181 1243 τοὺς
3234 1181 3552 1251 Τούρκους⁶
3602 1180 3652 1233 οἱ
3706 1178 3765 1230 δὲ

2193 1275 2436 1345 πυλωροὶ
2458 1276 2556 1344 τῆς
2590 1276 2820 1341 πόλεως,
2851 1276 3218 1347 ἀγνωμοσύνη
3244 1275 3598 1343 κακοδαίμονι
3629 1290 3766 1343 χρη·
3874 1304 3877 1307 -

2195 1366 2546 1434 σάμενοι,ὼς
2585 1366 2776 1439 ἑώρων
2828 1372 2957 1431 τοὺς
3002 1367 3273 1439 Ἕλληνας
3321 1368 3415 1420 ἐπὶ
3470 1369 3567 1429 τὰς
3630 1366 3765 1426 ναῦς

2191 1457 2597 1527 τραπομένους,
2630 1460 2774 1528 φυγῇ
2805 1456 3173 1528 ὡρμημένους
3232 1455 3504 1519 σώζεσθαι
3560 1459 3616 1518 ἐς
3660 1456 3760 1517 τὰς

2191 1547 2348 1611 ναῦς,
2383 1550 2643 1617 οίόμενοι,
2684 1549 2758 1611 ὠς
2812 1550 2860 1602 εί
2916 1550 3290 1604 ὲπικλείσαιεν
3322 1551 3376 1611 ἐς
3432 1548 3528 1609 τὰς
3564 1546 3763 1616 θύρας·

2192 1639 2593 1709 ἀναγκασθοῐεν
2628 1642 2677 1693 οί
2722 1640 2979 1712 ’Έλληνες
3042 1642 3461 1712 ἐπιστρέφοντες
3506 1638 3521 1667 ¹
3557 1635 3766 1705 ἀμύνε-

512 1738 776 1802 periculo.
815 1737 882 1789 Et
918 1736 971 1789 hi
1035 1738 1256 1805 quidem
1314 1738 1618 1793 Ttircornm
1674 1754 1871 1797 manus
1911 1742 2083 1798 evita-

2190 1732 2335 1797 σθαι,
2368 1735 2627 1786 καὶκατὰ
2653 1751 2780 1787 τινα
2809 1711 3061 1803 χρησμὸν
3092 1711 3350 1803 ᾀδόμενον
3384 1732 3441 1783 ὲν
3471 1732 3536 1800 τῇ
3582 1727 3764 1794 πόλει,

512 1835 746 1881 ιιιιιι.Λι
789 1830 937 1882 urbis
986 1828 1264 1898 janitores
1298 1833 1607 1900 ignorantia
1643 1841 1697 1887 et
1720 1832 1944 1888 inscitia
2001 1836 2087 1889 in-

508 1920 665 1974 felice
701 1920 808 1985 usi,
845 1938 968 1976 cuin
1002 1932 1294 1978 cernerent
1318 1923 1535 1979 Graecos
1559 1940 1857 1983 conversos
1890 1928 1943 1982 in
1999 1928 2079 1982 fu-

507 2028 653 2079 gain,
682 2014 749 2066 ad
781 2028 951 2069 naves
989 2030 1312 2084 properare,
1341 2026 1396 2070 et
1429 2017 1638 2087 impetu
1668 2018 1724 2074 in
1753 2033 1849 2075 eos
1871 2022 1964 2090 qui
1990 2036 2085 2074 sa-

507 2108 674 2162 lutem
724 2119 1203 2178 consequerentur
1260 2126 1458 2175 ruere,
1524 2113 1833 2183 putabant,
1903 2116 1948 2170 si
1988 2130 2086 2169 eos

508 2202 828 2254 clauderent
854 2202 997 2255 intra
1032 2201 1248 2265 urbem,
1285 2204 1400 2257 fore
1442 2214 1499 2258 at
1548 2216 1881 2275 cogerentur
1907 2207 2086 2261 redire

507 2302 563 2345 et
580 2292 956 2361 redintegrare
972 2294 1220 2363 prtulium
1236 2310 1361 2349 cuni
1382 2295 1541 2350 hoste
1561 2312 1575 2349 :
1592 2297 1645 2349 id
1665 2297 1876 2353 consilii
1890 2314 2087 2369 sugge-

510 2388 666 2440 rebat
695 2388 982 2441 oraculum
1008 2385 1280 2455 quoddam
1318 2387 1370 2439 iit
1398 2388 1533 2441 urbe
1564 2389 1939 2452 decantatum,
1969 2392 2086 2446 fore

505 2480 767 2534 videlicet
786 2490 846 2534 ut
866 2494 987 2533 cum
1026 2480 1213 2535 hostes
1237 2483 1512 2535 venissent
1551 2496 1722 2549 usque
1757 2483 1823 2535 ad
1848 2483 2085 2538 civitatis

509 2572 690 2628 locum
707 2572 871 2629 Tauri
916 2572 1147 2637 dictum,
1190 2582 1245 2627 et
1281 2576 1584 2642 oppidanos
1605 2588 2084 2645 persequerentur.

506 2668 805 2735 oppidanos
839 2678 952 2719 ium
991 2680 1313 2730 conversos,
1348 2666 1679 2720 necessitate
1704 2670 1785 2719 sic
1833 2677 2082 2735 urgente,

507 2758 721 2813 hostem
765 2758 1114 2826 expulsurus,
1142 2758 1446 2826 urbemque
1483 2758 1697 2811 fortiter
1749 2767 2082 2812 retenturos.

508 2845 646 2903 lluic
664 2848 889 2903 oraculo
918 2850 1154 2904 arbitror
1191 2849 1350 2903 iidem
1371 2848 1853 2903 accommodantes
1884 2849 2088 2917 janito-

506 2957 617 3006 res,
636 2944 817 2996 claves
832 2941 901 2994 de
920 2955 1079 2995 tituro
1096 2949 1252 2994 extra
1273 2942 1461 2996 urbem
1474 2941 1734 3010 iactasse.
1748 2942 1881 2995 Cum
1902 2952 2084 2995 autem

2186 1823 2259 1886 ὡς
2290 1824 2418 1886 τοὺς
2454 1823 2750 1894 πολεμίους
2784 1826 2912 1894 ἄχρι
2940 1824 3031 1877 τοῦ
3057 1823 3274 1895 Ταύρου
3303 1820 3484 1892 χώρου
3533 1819 3630 1887 τῆς
3662 1818 3766 1869 πό-

2187 1916 2323 1980 λεως
2385 1920 2788 1989 ἐπιγενομένων
2844 1920 2938 1972 καὶ
2975 1920 3364 1987 ἐπικειμένων,
3397 1916 3523 1977 τοὺς
3580 1914 3637 1965 ὲν
3689 1914 3760 1982 τῇ

2191 2010 2341 2065 πόλει
2393 2013 2808 2082 συστραφέντας
2852 2013 3091 2084 ἀνάγκη,
3138 2011 3538 2080 ἀμυνομένους,
3596 2005 3767 2058 ἑκϐα-

2187 2104 2299 2159 λείν
2330 2107 2457 2169 τοὺς
2488 2106 2809 2175 πολεμίους,
2836 2107 2932 2160 καὶ
2985 2103 3187 2167 αὐτοὺς
3221 2104 3400 2173 ῑσχειν
3427 2100 3525 2172 τὴν
3579 2098 3763 2152 milia.

2200 2199 2287 2251 Ἐν
2325 2198 2501 2270 ταύτῃ
2532 2194 2684 2270 οἶμαι
2716 2199 2994 2269 τιθέμενοι
3026 2202 3091 2270 τῇ
3122 2197 3271 2269 δόξῃ,
3322 2199 3420 2259 τὰς
3456 2196 3607 2256 κλεῖς
3645 2193 3764 2246 ἀνω

2186 2292 2294 2346 ἀπὸ
2336 2292 2431 2345 τοῦ
2466 2292 2681 2363 τείχους
2709 2291 2814 2357 ἔξω
2867 2290 3205 2362 ἀπέρριψαν.
3244 2290 3307 2344 Οί
3343 2290 3397 2341 δὲ
3448 2286 3639 2357 ἄνδρες
3698 2303 3765 2338 τε

2187 2385 2281 2438 καὶ
2306 2387 2588 2453 γυναῖκες,
2617 2383 2819 2453 πλῆθος
2844 2384 2979 2437 πολὺ
3007 2384 3312 2453 γενόμενοι,
3340 2380 3577 2433 ἐνταῦθα
3599 2380 3768 2446 ἑπιρ-

2187 2477 2418 2546 ρεόντων
2444 2476 2553 2529 αἰεὶ
2578 2476 2808 2546 συχνῶν,
2860 2475 3161 2547 ἐτράποντο
3217 2475 3309 2526 ἐπὶ
3346 2471 3439 2526 τοῦ
3496 2470 3761 2540 μεγίστου

2186 2569 2291 2623 νεὼ
2319 2572 2419 2640 τῆς
2481 2568 2714 2633 πόλεως,
2750 2568 2853 2638 τῆς
2910 2568 3077 2636 ἁγίας
3127 2566 3327 2635 Σοφίας
3390 2562 3759 2634 καλουμένης,

2185 2665 2280 2717 καὶ
2306 2662 2538 2717 ἐνταῦθα
2570 2663 2915 2730 συνελέγοντο
2951 2663 3042 2714 καὶ
3084 2660 3299 2732 ἄνδρες,
3332 2658 3429 2713 καὶ
3474 2660 3754 2726 γυναῖκες,

2188 2762 2282 2814 καὶ
2307 2758 2519 2821 παῖδας.
2553 2756 2631 2812 Ού
2652 2755 2830 2825 πολλῷ
2871 2756 3055 2826 μέντοι
3098 2753 3325 2824 ὕστερον
3360 2751 3602 2827 ἑάλωσαν
3644 2746 3760 2801 ὑπὸ

2186 2855 2293 2907 τῶν
2316 2852 2578 2922 Τούρκων
2634 2852 2904 2922 ἀμαχητὶ,
2954 2850 3049 2901 καὶ
3104 2847 3315 2919 ἀνδρῶν
3371 2846 3470 2898 οὐκ
3500 2844 3695 2910 ὀλίγων
3730 2842 3756 2873 ⁸

2189 2946 2339 3011 me;
2364 2946 2459 2999 τοῦ
2478 2944 2582 2997 νεὼ
2624 2944 2996 3014 διεφθάρησαν
3026 2942 3133 2995 ὑπὸ
3169 2941 3454 3018 Τούρκων.
3488 2937 3675 2993 Ἄλλοι
3702 2936 3756 2989 δ’

506 3035 666 3090 turba
700 3050 893 3105 magna
922 3036 1165 3088 virorum
1194 3044 1253 3088 et
1291 3034 1579 3089 mulierum
1613 3035 1719 3088 huc
1751 3035 2075 3097 conﬂueret,

2188 3038 2249 3093 αὖ
2314 3039 2425 3092 τῶν
2476 3036 2745 3109 Ἑλλήνων
2798 3038 2934 3111 ἄλλῃ
2990 3036 3090 3103 τῆς
3135 3034 3343 3097 πόλεως
3386 3032 3758 3104 τραπόμενοι,

504 3127 726 3181 tandem
757 3126 1157 3180 contendebant
1180 3124 1249 3179 ad
1289 3123 1587 3179 maximum
1630 3125 1782 3178 urbis
1808 3125 2077 3193 templum

505 3221 724 3271 Sanctae
742 3215 967 3286 Sophia:
995 3217 1230 3271 dictum.
1288 3215 1410 3272 liuc
1454 3218 1931 3288 congregabantur
1976 3219 2077 3273 viri

502 3300 719 3379 pariter
738 3319 798 3364 et
821 3310 1081 3365 mulieres
1105 3310 1397 3379 liberique.
1438 3308 1548 3365 Nec
1589 3312 1761 3366 multo
1783 3322 1906 3380 post
1932 3313 2077 3382 capti

499 3413 631 3465 sunt
663 3417 694 3457 a
735 3402 931 3457 Turcis
952 3405 1091 3457 citra
1122 3406 1398 3474 praelium,
1426 3405 1763 3474 plurimique
1785 3406 1885 3461 viri
1931 3404 2077 3461 intra

502 3495 766 3564 templum
799 3512 830 3549 ιι
889 3494 1088 3550 Turris
1142 3498 1395 3552 trucidati
1437 3509 1590 3552 sunt.
1638 3496 1850 3566 Reliqui
1900 3497 2077 3553 Graeci

506 3604 600 3659 per
634 3589 827 3643 urbem
856 3590 980 3658 fuga
1016 3589 1292 3658 dissipati,
1316 3607 1427 3659 quo
1447 3607 1508 3648 se
1536 3601 1833 3656 verterent,
1890 3600 1950 3645 ut
1996 3592 2079 3647 ef-

502 3682 756 3750 lugerent
810 3693 1052 3748 praesens
1108 3684 1430 3747 discrimen,
1517 3685 1862 3738 nesciebant.
1920 3684 2077 3738 ilaud

510 3776 681 3832 multo
717 3783 845 3845 post
876 3773 1099 3844 quidam
1153 3791 1345 3831 eorum
1401 3794 1658 3846 pecorum
1694 3795 1845 3834 more
1907 3781 2077 3835 truci-

501 3870 637 3934 dati,
670 3870 891 3940 quidain
916 3875 1061 3940 capti
1083 3876 1233 3925 sunt.
1265 3870 1498 3925 Plurimi
1532 3871 1708 3927 Graeci
1746 3887 1871 3927 cum
1900 3873 2078 3929 forent

502 3965 599 4015 viri
627 3964 777 4028 boui,
798 3965 1019 4019 fortiter
1042 3964 1259 4017 ciebant
1294 3964 1559 4031 praelium,
1589 3963 1859 4033 eligentes
1896 3964 2077 4034 potius

499 4071 596 4125 pro
613 4057 790 4125 patria
822 4056 957 4113 mori
986 4072 1151 4127 quam
1177 4055 1363 4112 videre
1395 4072 1591 4112 uxores
1607 4066 1663 4113 et
1695 4059 1898 4113 liberos
1942 4073 2077 4127 prae-

2182 3136 2241 3187 ἀν
2266 3133 2472 3204 ἀπορίᾳ
2498 3148 2556 3185 τε
2580 3134 2813 3201 εἴχοντο,
2844 3132 2941 3184 καὶ
2964 3132 3025 3183 ού
3056 3128 3237 3199 πολλῴ
3292 3127 3520 3197 ὕστερον
3565 3126 3616 3178 οι
3648 3127 3753 3196 μὲν

2181 3226 2485 3290 ἀπώλοντο,
2547 3226 2596 3279 oi.
2643 3226 2700 3278 δὲ
2747 3226 2841 3278 καὶ
2896 3224 3207 3294 ἡλίσκοντο.
3239 3221 3348 3274 Καὶ
3404 3221 3592 3274 πολλοὶ
3643 3221 3757 3273 τῶν

2190 3320 2461 3389 Ἑλλήνων
2490 3318 2687 3387 ἄνδρες
2716 3316 3001 3386 γενόμενοι
3033 3314 3253 3382 ἁγαθοὶ,
3289 3314 3628 3383 ἐμαχέσαντο
3656 3316 3755 3366 καὶ

2180 3415 2452 3468 ἀπέθανον
2478 3414 2615 3484 πρὸς
2635 3414 2735 3483 τῆς
2769 3412 3049 3480 πατρίδος,
3100 3410 3241 3465 ὥστε
3273 3411 3350 3482 μὴ
3397 3410 3604 3464 ἐπιδεῖν
3647 3411 3757 3475 τὰς

2181 3511 2445 3577 γυναῖκας
2473 3507 2673 3571 αὐτῶν.
2707 3507 2961 3569 καὶτοὺς
3022 3505 3213 3567 παῖδας
3253 3504 3294 3566 ³,
3351 3506 3429 3567 είς
3476 3504 3756 3572 ἀνδραπο-

2179 3602 2372 3669 διτμδν
2402 3601 2716 3669 γινομένας.
2755 3599 2822 3651 Ὃ
2852 3615 2911 3651 τε
2950 3600 3046 3653 καὶ
3072 3599 3333 3667 Θεόφιλος
3364 3597 3457 3651 τοῦ
3516 3598 3755 3650 “alato-

2181 3694 2356 3761 λόγων
2380 3696 2573 3761 γένους
2601 3692 2777 3765 ταύτῃ
2835 3692 3211 3763 ἐτελεύτησεν,
3243 3692 3513 3763 ἀνδρικῶς
3545 3693 3757 3761 ἀγωνι-

2181 3786 2416 3856 σάμενος
2468 3786 2702 3841 θανάτου
2745 3787 2928 3851 ἕνεκα,
2981 3788 3074 3840 καὶ
3113 3788 3223 3840 τῶν
3283 3787 3664 3857 Παλαιολόγων
3696 3791 3754 3841 oi

2184 3881 2540 3949 μιτοχιταίοι,
2572 3881 2601 3933 ὃ
2632 3898 2692 3933 τε
2730 3881 2913 3950 πατὴρ
2941 3883 3034 3934 καὶ
3065 3883 3114 3935 oi
3144 3883 3335 3946 παῖδες
3374 3883 3539 3937 αὐτοῦ
3577 3890 3754 3955 μαχό-

2182 3992 2355 4045 μενοι,
2378 3975 2682 4029 ἀπώλοντο.
2706 3975 2814 4027 Καὶ
2841 3975 3027 4043 συχνοὶ
3050 3975 3158 4028 τῶν
3181 3976 3326 4046 ἀμφὶ
3355 3975 3580 4047 βασιλέα
3622 3978 3749 4030 Ἐλ-

2177 4068 2356 4139 λήνων
2389 4067 2452 4121 εὖ
2484 4070 2772 4137 γεγονότες
2798 4067 3091 4132 ἀπέθανον,
3148 4069 3224 4138 μὴ
3259 4067 3575 4138 ἀνεχόμενοι
3625 4072 3751 4123 ἑπι-

496 4154 621 4205 dam
661 4151 780 4205 fore
826 4150 1091 4206 hostium.
1154 4148 1489 4219 Theophilus
1539 4160 1766 4204 exortus
1810 4147 2076 4208 Palasolo-

2188 4161 2289 4214 δεῖν
2320 4160 2474 4229 σφίσι
2541 4162 2644 4230 τὴν
2675 4160 2912 4230 πατρίδα
2946 4161 3380 4232 δεδουλωμένην.
3431 4160 3538 4217 Ἦν
3567 4180 3625 4217 τε
3673 4172 3753 4217 τα

496 4260 688 4314 gerum
719 4259 917 4315 genere
950 4246 1171 4299 fortiter
1208 4244 1483 4299 dimicans
1506 4243 1557 4298 iii
1589 4244 1749 4313 211
1780 4259 1842 4298 ea
1895 4262 2073 4315 pugna

2188 4257 2274 4321 τῆς
2304 4255 2513 4317 πόλεως
2544 4253 2833 4323 ἁπανταχῇ
2864 4253 3011 4307 πλέω
3054 4254 3402 4310 ἀπολλύντων
3455 4257 3548 4310 καὶ
3576 4258 3752 4310 ἀπολ-

492 4332 778 4393 ιιειίυιιιιιι.
811 4336 1249 4410 Palaeologorum
1303 4339 1441 4393 socii
1485 4346 1637 4406 pater
1687 4349 1744 4392 et
1793 4338 1885 4391 lilii
1926 4339 2069 4407 ejus,

2188 4347 2444 4415 iupévmv,
2499 4347 2594 4397 καὶ
2633 4346 2938 4399 διωκόντων
2968 4363 3027 4400 τε
3079 4347 3175 4400 καὶ
3240 4350 3571 4417 φευγόντων.
3636 4351 3753 4405 Καὶ

495 4445 691 4484 manus
711 4440 1063 4485 consereutes
1096 4445 1293 4498 magno
1320 4430 1524 4490 animo,
1562 4430 1686 4482 carsi
1731 4438 1861 4482 sunt
1887 4430 1943 4481 in
1998 4444 2065 4483 eo

2188 4439 2321 4507 ὶμφὶ
2352 4437 2444 4490 τὸν
2461 4437 2716 4519 Νοταρᾶν
2741 4438 2837 4489 τοῦ
2868 4437 3132 4507 βασιλέως
3157 4439 3457 4510 ἁρμοστὴν,
3492 4443 3583 4493 καὶ
3623 4442 3751 4509 ὐρ-

495 4524 702 4593 ρτωιίο.
753 4524 1078 4591 Οοιιιρίιιωιι
1132 4521 1307 4576 Cranii
1379 4521 1499 4583 alii.
1548 4521 1643 4590 (ιυί
1689 4521 1862 4575 iam”
1919 4535 2064 4591 TCBIS
2174 4534 2348 4603 χάνην
2378 4533 2471 4585 τὸν
2497 4532 2947 4601 Μουσουλμάνεω
2976 4532 3201 4597 υἱιδοῦν,
3234 4534 3309 4597 ὼς
3347 4536 3503 4588 αὐτοὶ
3554 4536 3749 4603 ἔλεγον

492 4615 792 4682 stipabant,
821 4616 990 4667 occisi
1024 4623 1174 4678 sunt,
1202 4627 1548 4683 nequaquam
1583 4616 1929 4668 suatiuentes
1986 4616 2065 4668 vi-

2188 4628 2460 4697 Έλληνες,
2484 4628 2688 4681 τοιόνδε
2709 4630 2946 4697 ἐγένετο.
3004 4627 3091 4692 Ὡς
3126 4628 3235 4698 γὰρ
3283 4628 3619 4681 ἐπυθάνοντο
3650 4632 3749 4681 ἐα-

492 4710 624 4762 dere
669 4706 900 4776 patriam
955 4708 1010 4759 in
1059 4706 1380 4760 servitutem
1445 4706 1686 4760 hostium
1740 4708 2058 4760 redactam:

2188 4721 2401 4774 ιωκέναι
2433 4721 2532 4793 τὴν
2554 4721 2733 4781 πόλιν.
2771 4722 3083 4790 ὲπέδρασαν
3114 4723 3210 4775 ἐπὶ
3240 4721 3453 4791 πύργον
3485 4724 3611 4777 τινὰ.
3637 4725 3745 4793 τῆς

495 4814 592 4869 per
627 4801 939 4853 universam
962 4801 1152 4853 urbem
1186 4798 1343 4869 plena
1375 4801 1558 4853 omnia
1584 4810 1751 4854 erant
1802 4799 2064 4855 catdenti-

2188 4814 2402 4879 πόλεως,
2438 4815 2515 4881 ὼς
2539 4814 2771 4869 ἐνταῦθα
2805 4815 3243 4885 βουλευσόμενοι,
3274 4816 3357 4870 ὅτι
3399 4814 3549 4868 ἅπαν
3599 4819 3744 4884 σφᾶς

492 4895 595 4949 bus
624 4902 676 4948 et
706 4894 886 4957 caesis,
905 4893 1243 4961 fugientibus
1292 4900 1349 4946 et
1407 4894 1894 4961 persequentibus.
1952 4892 2065 4948 No-

2188 4909 2275 4963 ῑέοι
2301 4909 2629 4979 τραπέσθαι.
2688 4909 2796 4961 Καὶ
2845 4908 3079 4961 ἐνταῦθα
3118 4909 3416 4978 γενόμενοι,
3472 4909 3744 4980 ὐρχάνης

493 4998 625 5043 tam
650 4988 793 5058 regis
814 4988 1071 5054 praefecto
1109 4997 1165 5042 et
1189 4987 1428 5042 Orcbani
1450 4986 1812 5043 Musulmanis
1848 4989 2061 5057 nepoti,

2188 5002 2271 5053 ιὲν
2294 5000 2460 5071 ῥάκια
2506 5000 2922 5069 ἀμφιεσάμενος
2971 5001 3288 5072 Ναζηραίον
3324 5004 3486 5068 τινὸς,
3548 5006 3743 5059 ἐεαλεν

493 5092 552 5135 ιιι
588 5082 692 5151 ipsi
746 5079 921 5134 Graeci
968 5080 1307 5145 iudicarunt,
1357 5081 1475 5136 haec
1536 5082 1876 5135 acciderunt.
1921 5080 2062 5135 llum

2188 5100 2357 5149 αυτὸν
2384 5095 2526 5146 κατὰ.
2545 5093 2639 5147 τοῦ
2672 5093 2915 5163 πύργου,
2949 5097 3042 5147 καὶ
3073 5096 3347 5149 ἀπέθανεν
3367 5115 3384 5129 ι
3415 5102 3464 5150 οἱ
3512 5098 3570 5151 δι
3595 5099 3743 5168 ἀμφὶ

491 5176 827 5230 audivissent
852 5185 1069 5245 captain
1117 5189 1239 5230 esse
1292 5178 1484 5229 urbem
1512 5212 1529 5235 .
1580 5184 1943 5229 accurret-unt
1987 5176 2058 5229 ad

2188 5188 2255 5239 ίὸν
2291 5186 2542 5254 Νοταρᾶν
2575 5183 3032 5255 πολιορκηθέντες
3060 5187 3308 5241 ἑάλωσαν
3337 5192 3465 5259 περὶ
3493 5188 3740 5257 πληθου-

492 5274 685 5325 ωτι-ιιιι
714 5269 1007 5339 quamdam
1029 5269 1207 5335 urbis,
1229 5271 1389 5338 quasi
1422 5270 1511 5323 hic
1552 5268 1928 5328 deliberaturi,
1981 5283 2051 5321 an

2188 5292 2266 5327 ίαν
2291 5275 2524 5342 ἀγορλν,
2548 5272 2707 5335 αὑτός
2729 5288 2790 5325 τε
2838 5273 2956 5343 ἃμα
2986 5276 3081 5328 καὶ
3110 5276 3161 5329 οἱ
3200 5278 3388 5340 παῖδας
3424 5276 3612 5333 αὐτοῦ.
3670 5280 3737 5331 Ol

490 5382 681 5420 omnes
715 5366 841 5434 fuga
881 5362 989 5419 sibi
1020 5367 1311 5418 consulere
1347 5363 1634 5417 deberent.
1674 5362 1810 5414 Cum
1838 5360 1890 5413 iit
1918 5364 2056 5415 hanc

2188 5369 2269 5421 ιὲν
2299 5366 2392 5420 05v
2426 5366 2701 5436 νεήλυδες,
2737 5366 2938 5421 αὐτίκα
2972 5373 3031 5424 τὸ
3066 5372 3429 5441 στρατόπεδον
3452 5373 3546 5425 τοῦ
3575 5374 3739 5442 βασι-

493 5462 684 5512 turrim
757 5460 1144 5522 advenissent,
1218 5454 1499 5510 Orchaiics
1577 5458 1792 5508 obsitus
1864 5458 2057 5522 pannis

2188 5463 2301 5522 ,έως
2337 5458 2643 5530 ἐνέπλησαν
2671 5461 2767 5513 zeal.
2813 5463 3096 5531 γυναικῶν
3125 5482 3185 5517 τε
3216 5464 3353 5535 ἅμα,
3397 5467 3492 5519 καὶ
3526 5465 3737 5518 παίδων

1760 5602 2004 5663 ΝυὶιιΙεΒ
2038 5602 2434 5679 marginales.

456 5780 461 5791 ,
566 5734 580 5763 ⁸
610 5737 1059 5804 ἐπιστραφέντες.
1100 5737 1159 5789 R.
1189 5748 1239 5789 ut
1272 5738 1320 5789 iii
1351 5753 1395 5788 ε.
1479 5740 1495 5765 ’
1524 5736 1716 5804 ολίγοι.
1802 5736 1819 5765 ³
1854 5737 1916 5788 τὰ
1943 5737 2083 5789 τέκνέ

2188 5738 2215 5787 l.
2248 5748 2300 5789 ιιι
2338 5740 2389 5789 iit
2424 5755 2472 5791 ε.

1479 5740 1495 5765 ’
1524 5736 1716 5804 ὀλίγοι.
