4006 6204
286 362 393 424 401

1329 374 1425 432 DE
1469 373 1715 435 REBUS
1757 375 2120 438 TURCICIS
2154 383 2296 445 LIBL
2345 385 2508 447 VIII.

3415 387 3516 445 ὅθ]

279 476 442 539 ἀξιον
485 475 914 546 ἐπιμνησθῆναι.
947 480 1178 549 Μέτειμι
1210 483 1287 545 δὲ,
1327 483 1412 550 ἐφ’
1445 482 1504 534 οῦ
1553 485 1646 554 ﬂia.
1693 485 1857 546 λέξων

1963 489 2224 546 adhibitis
2244 494 2629 551 etGrazeorum
2669 499 3010 562 clarissimis,
3042 515 3135 554 rex
3194 501 3519 558 Mechnn-tes

282 565 493 633 ἐφεξῆς
544 567 728 634 λόγου·
771 569 846 630 ὡς
887 571 936 622 oi
979 571 1086 623 ἀπὸ
1137 573 1541 643 Πελοποννήσου
1590 577 1858 644 ἡγεμόνες

285 656 557 726 ὥρμηντο
589 659 688 727 μὲν
727 660 954 728 φεύγειν
1003 663 1096 714 ἐπὶ
1154 665 1405 728 Ἰταλίας,
1452 667 1547 720 καὶ
1591 667 1858 734 Ἑλλήνων

283 751 404 802 ὅσοι
459 750 698 821 ἐνῴκουν
747 753 846 822 τὴν
891 755 1053 821 νῆσον
1095 759 1142 809 οἱ
1200 758 1636 828 ἐπιφανέστερον
1684 761 1757 823 ὡς
1802 761 1858 813 δὲ

286 843 448 906 σφοῖσι
488 842 721 904 σπονδὰς
762 844 790 894 ὁ
825 845 1078 913 βασιλεὺς
1121 849 1433 918 ἐποιήσατο,
1480 851 1579 902 οῦκ
1628 851 1706 902 ἐτι
1753 850 1858 903 διε-

283 936 513 988 νοοῦντο
547 938 789 1002 ἀπιέναι,
823 937 936 990 ἀλλ’
972 940 1319 1008 ἐμμένοντες,
1369 946 1692 1009 περιέπεσον
1721 947 1857 1012 ξυμ-

285 1031 438 1098 ςορᾷ
467 1031 527 1083 ού
554 1033 761 1099 σμικρᾷ
820 1049 947 1095 τινι,
1001 1033 1122 1086 οὐδὲ
1189 1033 1538 1106 ἐπιτυχούσῃ.
1595 1037 1686 1099 Ὠς
1750 1039 1856 1106 γὰρ

289 1121 486 1189 ἐώρων
517 1121 716 1183 αὐτοὺς
737 1123 785 1174 οξ
816 1123 1062 1176 ’Λλϐανοὶ
1086 1128 1667 1196 παρασκευαζομένους
1695 1129 1858 1184 ἀπαί-

293 1230 436 1281 ρειν,
462 1214 562 1266 οὐκ
589 1214 668 1266 ἐτι
698 1215 888 1283 ἤθελον
917 1217 1223 1278 πείθεσθαι,
1247 1219 1384 1271 ἀλλὰ
1409 1220 1724 1274 συνίσταντο
1757 1221 1855 1290 μὲν

291 1306 434 1372 πρὸς
464 1306 748 1371 ἀλλήλους,
781 1308 871 1358 καὶ
899 1309 1250 1374 συνώμνυντο
1271 1311 1341 1372 ³⁷,
1366 1312 1439 1374 ὼς
1472 1313 1854 1382 ἐπιθησόμενοι

289 1402 355 1466 τῇ
407 1400 821 1467 Πελοποννήσῳ.
863 1401 1172 1469 Ἔπραττον
1217 1403 1274 1455 δέ
1325 1405 1518 1469 ταῦτα,
1572 1406 1854 1472 ἐνάγοντος

292 1494 505 1559 Πέτρου
533 1493 625 1544 τοῦ
669 1493 882 1556 Χωλοῦ,
914 1496 1108 1564 ἀνδρὸς
1137 1498 1226 1549 τὸν
1259 1499 1460 1566 τρόπον
1490 1499 1589 1552 οὐκ
1623 1500 1850 1566 ἀγαθοῦ,

289 1584 467 1649 δεξιοῦ
508 1587 562 1638 δέ
604 1586 798 1649 ἄλλως.
837 1587 925 1639 καὶ
969 1587 1382 1658 καθηγουμένου
1421 1595 1528 1654 τοῖς
1576 1591 1853 1656 ’Λλδανοτς

290 1678 392 1743 τὴν
433 1679 699 1746 ἐσήγησιν
743 1679 948 1746 ταύτης
995 1681 1096 1750 τῆς
1148 1683 1523 1744 ἀποστάσεως.
1568 1685 1762 1753 Ἐνῆγε
1795 1687 1851 1740 δὲ

295 1771 660 1838 ἐπικεὶμῖνος,
711 1770 850 1824 ὥστε
903 1771 1232 1839 ἀφίστασθαι
1281 1777 1388 1829 ἀπὸ
1429 1777 1714 1846 Ἑλλήνων,
1760 1780 1850 1833 καὶ

303 1864 480 1926 σφίσιν
530 1863 771 1932 ἡγεμόνα
803 1863 1042 1929 ἑλέσθαι,
1079 1864 1138 1917 ὃν
1167 1865 1234 1919 ἃν
1271 1867 1423 1919 αὐτοὶ
1462 1868 1713 1924 ἕλωνται.
1744 1873 1853 1923 Καὶ

306 1956 553 2024 ὥρμηντο
587 1958 683 2024 μὲν
708 1957 784 2018 ὡς
811 1958 1180 2028 ξυμϐήσοντες
1211 1962 1324 2023 τοῖς
1352 1963 1601 2029 ἡγεμόσι,
1631 1964 1767 2030 μετά
1796 1964 1851 2017 δέ

309 2047 718 2112 διεκωλύθησαν.
757 2048 850 2100 καὶ
899 2049 1262 2103 ἐπεκαλοῦντο
1299 2051 1398 2118 μὲν
1446 2055 1540 2105 καὶ
1581 2051 1852 2119 Ἑλλήνων

306 2140 484 2193 ἄλλων
512 2141 564 2201 ἐς
584 2140 674 2206 τὴν
701 2140 968 2209 ἐσήγησιν
993 2140 1219 2210 ταύτην,
1251 2141 1550 2207 ἐπιστάτην
1574 2141 1853 2208 ἀξιοῦντες

301 2230 574 2296 γενέσθαι·
615 2229 979 2291 τελευτῶντες
1022 2229 1078 2281 δὲ
1107 2231 1405 2299 ἐστήσαντο
1450 2233 1852 2300 Ἐμμανουῆλον

289 2324 400 2376 τῶν
430 2322 958 2389 Καντακουζηναίων
987 2326 1178 2391 γένους
1205 2324 1448 2394 ἡγεμόνα
1475 2342 1532 2377 τε
1563 2325 1735 2393 σφίσι,
1761 2328 1854 2378 καὶ

287 2417 354 2468 τὰ
405 2415 514 2467 τῶν
558 2415 828 2485 Ἑλλήνιον
871 2410 1008 2486 ἦγον
1054 2416 1150 2468 καὶ
1199 2415 1411 2485 ἔφερον·
1458 2417 1554 2470 καὶ
1587 2418 1853 2486 ὑποζύγια

297 2509 389 2575 μὲν
423 2508 524 2560 καὶ
555 2508 670 2571 ζῶα
698 2510 797 2561 ὅσα
828 2503 974 2576 εἶχον
1001 2508 1051 2560 οἱ
1074 2506 1360 2576 Ἕλληνες,
1394 2507 1670 2577 ἐληῖζοντο
1691 2527 1854 2580 στρα-

293 2601 598 2665 τευόμενοι.
623 2599 740 2650 Εἰσὶ
764 2599 824 2651 τὸ
850 2599 1006 2666 γένος
1031 2597 1190 2651 τοῦτο
1221 2597 1450 2668 νομάδες
1480 2599 1736 2663 ἅπαντες,
1761 2601 1855 2653 καὶ

287 2694 508 2762 οὐδαμῆ
564 2693 717 2760 σφίσι
768 2692 988 2762 χρονίαν
1039 2692 1140 2763 τὴν
1191 2691 1470 2760 διατριϐὴν
1522 2691 1852 2758 ποιούμενοι.

287 2786 479 2855 Ταύτῃ
511 2785 574 2854 δὴ
608 2783 944 2853 ὁρμώμενοι,
981 2784 1090 2835 τῶν
1118 2782 1324 2836 πόλεών
1351 2799 1408 2834 τε
1432 2782 1616 2843 ἐστέας
1639 2783 1856 2852 ύπηγάο

289 2894 476 2942 γοντο,
512 2878 603 2928 καὶ
642 2875 1048 2937 ἐπελαύνοντες,
1085 2874 1180 2935 τὰς
1213 2874 1313 2944 μὲν
1357 2873 1728 2943 ἐπολιόρκουν,
1759 2873 1856 2935 τὰς

286 2971 346 3022 δέ
383 2971 478 3022 καὶ
511 2967 602 3037 ὲδῄ
635 2984 717 3022 υν.
751 2968 853 3020 Καὶ
878 2969 1004 3030 τούς
1034 2985 1092 3019 τε
1121 2967 1390 3036 ’Έλληνας
1422 2968 1478 3018 ἐν
1511 2967 1856 3036 ἀνδραπόδων

291 3064 444 3129 λόγῳ
481 3061 814 3130 ποιούμενοι,
847 3061 1118 3130 ἔπρασσον
1152 3065 1202 3124 ἐς
1232 3062 1328 3123 τὰς
1376 3060 1543 3129 θύρας
1576 3060 1669 3112 τοῦ
1702 3059 1854 3130 βασι-

1960 597 2082 636 cum
2123 584 2190 638 iis
2220 585 2420 641 fmdera
2455 591 2656 644 sanxit.
2692 592 2808 657 Quo
2841 593 3004 654 facto.
3045 604 3281 662 eceptam
3337 593 3516 663 fugam

1958 675 2218 732 omisere.
2255 676 2530 735 Manentes
2584 681 2786 750 itaque,
2821 683 2873 735 in
2935 684 3193 749 grandem
3248 685 3516 754 provoluti

1959 775 2085 818 sunt
2121 769 2510 825 calamitatem.
2531 769 2664 823 Nam
2701 771 2894 824 Albani
2924 787 3053 825 eum
3083 785 3376 829 cernerent
3421 790 3518 828 eos

1960 867 2176 925 paratos
2199 859 2263 912 ad
2295 858 2496 927 fugam.
2532 877 2695 917 naves
2722 863 2818 917 abs
2857 875 2997 916 terra
3027 866 3208 919 moliri
3241 875 3293 920 et
3341 867 3515 921 solve-

1959 961 2036 1010 re,
2073 947 2220 1001 dicto
2241 950 2478 1017 amplius
2511 952 2796 1006 audientes
2821 968 2942 1007 esse
2971 955 3318 1019 recusabant,
3347 966 3402 1010 et
3435 957 3518 1010 in-

1959 1047 2043 1092 ter
2097 1053 2219 1093 sese
2295 1041 2636 1111 conspirant,
2687 1043 2843 1110 quasi
2906 1045 3339 1113 Peloponnesum
3405 1064 3516 1100 sum

1957 1130 2182 1185 ditionis
2212 1131 2432 1187 facturi.
2467 1133 2598 1199 Ejus
2623 1135 2836 1190 consilii
2895 1145 3088 1191 auctor
3117 1147 3169 1192 et
3226 1138 3516 1207 instigmor

1955 1233 2073 1278 erat
2100 1224 2291 1280 Petrus
2315 1225 2579 1290 Claudus,
2606 1230 2689 1281 vir
2730 1230 3033 1298 improbus.
3065 1240 3118 1284 et
3158 1247 3348 1299 parum
3384 1233 3514 1285 dex-

1957 1316 2056 1370 tris
2084 1317 2330 1371 moribus
2373 1318 2653 1386 przeditus.
2718 1317 2765 1373 Is
2828 1336 2932 1374 non
2990 1322 3390 1375 intermittebat
3451 1323 3516 1375 ad

1955 1407 2315 1462 defectionem
2344 1410 2622 1478 impellere
2661 1410 2917 1466 Albanos.
2953 1411 3196 1466 Instabat
3225 1428 3418 1481 usque,
3460 1423 3516 1463 ut

1953 1500 2212 1554 aGrzeeis
2271 1501 2664 1565 desciscerent,
2718 1504 2937 1574 sibique
2979 1522 3141 1573 quem
3199 1507 3516 1576 elegissent,

1956 1593 2255 1661 principem
2312 1604 2586 1650 crearent.
2643 1595 2826 1651 Primo
2878 1599 3098 1666 quidem
3152 1599 3346 1652 Albani
3405 1615 3515 1653 rem

1955 1683 2272 1750 audiebant,
2296 1687 2451 1755 quasi
2479 1687 2569 1756 qui
2602 1689 2804 1742 vellent
2845 1691 2962 1743 suis
2997 1689 3337 1759 principibus
3415 1690 3515 1741 ob-

1955 1784 2258 1844 temperare
2293 1794 2308 1830 :
2345 1787 2533 1846 postea
2564 1795 2692 1833 vero
2733 1781 2949 1835 animos
3021 1791 3332 1844 mutarunt,
3389 1799 3513 1836 cum

1953 1869 2114 1923 etiam
2147 1869 2238 1922 alii
2267 1869 2488 1939 quidam
2512 1871 2683 1925 (irasci
2717 1872 2782 1925 ad
2805 1873 3052 1926 eamdem
3085 1889 3196 1926 rem
3227 1890 3518 1943 capessen-

1955 1960 2076 2015 dam
2113 1962 2350 2016 Albanos
2381 1962 2698 2023 incitarent,
2739 1962 3045 2030 ducemque
3082 1964 3258 2016 creari
3292 1965 3514 2018 vellent.

1953 2052 2196 2108 Tandem
2225 2053 2636 2107 Emmanuelem
2679 2063 2864 2107 natum
2898 2070 2958 2107 ex
2991 2069 3188 2123 genere
3246 2053 3515 2108 Cantacn-

1954 2161 2236 2208 zenorum,
2269 2145 2461 2201 ducem
2498 2145 2869 2206 constituunt,
2932 2160 3131 2214 resque
3198 2145 3514 2200 Grzecorum

1956 2248 2124 2306 agunt
2157 2237 2446 2307 feruntque
2482 2254 2496 2291 :
2530 2247 2582 2290 et
2612 2237 2812 2291 bellum
2871 2239 3232 2307 accipientes,
3263 2239 3512 2305 iumenta

1957 2344 2264 2398 pecoraque
2303 2345 2426 2398 qua:
2473 2329 2646 2383 Grmci
2710 2329 3008 2394 habebant,
3082 2329 3321 2401 diripere
3375 2331 3516 2384 haud

1957 2420 2310 2474 abstiterunt.
2344 2418 2538 2472 Albani
2571 2429 2750 2473 autem
2777 2433 2968 2474 omnes
3005 2429 3253 2486 pastores
3283 2430 3434 2482 sunt,
3466 2435 3517 2474 et

1958 2511 2147 2566 nullibi
2179 2513 2345 2567 certis
2367 2511 2590 2566 sedibus
2634 2523 2935 2566 morantur.
2979 2512 3114 2566 Ilinc
3149 2513 3332 2580 itaque
3391 2530 3517 2581 pro-

1957 2607 2105 2670 fecti,
2141 2606 2302 2676 216
2335 2607 2549 2659 urbium
2577 2606 2770 2660 domos
2818 2609 3158 2676 occupabant
3188 2626 3202 2670 ;
3244 2619 3298 2661 et
3328 2623 3520 2662 accur—

1961 2707 2162 2761 rentes,
2217 2700 2478 2766 quasdam
2567 2700 2922 2763 obsidebant,
3005 2700 3269 2768 quasdam
3351 2717 3518 2770 expu-

1956 2800 2182 2857 gnantes
2243 2792 2594 2859 diripiebant.
2651 2792 2788 2845 Cum
2855 2793 3074 2848 Graecos
3116 2793 3516 2862 mancipiorum

1960 2884 2078 2936 lucu
2172 2884 2460 2944 ducerent,
2545 2895 2598 2938 et
2679 2884 2994 2953 planissime
3074 2893 3514 2942 contemnerent.

1957 2976 2294 3042 scripserunt
2357 2978 2420 3029 al
2472 2979 2672 3043 jnmtas
2728 2978 2895 3045 regis.
2991 2979 3376 3046 promittentes
3427 2994 3519 3030 ur—

1959 3065 2053 3117 bes
2083 3073 2136 3119 et
2174 3065 2453 3120 exercitus
2501 3066 2995 3136 l’eloponnesiaeos
3057 3069 3109 3123 in
3159 3068 3303 3140 regis
3366 3077 3518 3135 pote-

289 3154 455 3214 λέως,
514 3153 884 3221 ἐπιτραπῆναι
931 3153 1082 3220 σφίσι
1131 3154 1228 3222 τὴν
1276 3152 1702 3223 Πελοπόννησον.
1749 3152 1855 3204 Καὶ

1960 3166 2102 3211 state
2161 3158 2315 3222 fore,
2377 3158 2421 3212 si
2475 3159 2612 3225 ipsis
2684 3161 3117 3229 Peloponnesum
3177 3160 3514 3214 tradidisset.

286 3245 697 3314 ἐπηγγέλλοντο
737 3244 832 3296 καὶ
881 3245 1110 3313 στρατὸν
1141 3245 1234 3298 καὶ
1279 3245 1461 3308 πόλεις
1503 3244 1670 3298 αὑτοῦ
1703 3245 1761 3296 ἐν
1791 3245 1856 3313 τῇ

288 3340 712 3409 Πελοποννήσῳ,
750 3341 842 3392 καὶ
885 3340 1052 3410 φόρον
1091 3339 1370 3392 ἐπέτεινον
1417 3338 1584 3392 πολὺν
1629 3339 1860 3404 ἀπάγειν

288 3433 370 3500 τῷ
406 3434 633 3502 βασιλεῖ.
667 3434 768 3486 Καὶ
795 3433 1174 3497 ξυνεϐάλλοντο
1201 3432 1263 3501 δὴ
1294 3432 1475 3493 αὐτοῖς
1516 3432 1608 3484 καὶ
1655 3432 1858 3498 Κεντη-

295 3529 434 3594 ρίων
463 3528 761 3595 Ζαχαρίας,
792 3527 820 3578 ὁ
849 3529 946 3595 τῆς
999 3525 1256 3592 γυναικὸς
1303 3523 1531 3592 ἀδελφὸς
1561 3520 1656 3575 τοῦ
1703 3521 1857 3592 βασι-

292 3623 435 3682 λέως
487 3619 741 3686 ἀδελφοῦ,
790 3619 886 3671 καὶ
928 3617 1227 3686 Λουκάνης.
1280 3615 1386 3679 Οὓς
1437 3614 1729 3685 καθείρξας
1780 3617 1858 3677 εἰς

293 3711 460 3763 πόλιν
506 3709 852 3778 καλουμένην
890 3708 1228 3777 Χλουμετεην
1248 3709 1292 3738 ⁸⁸
1326 3709 1382 3759 ἐν
1421 3709 1486 3777 τῇ
1543 3706 1855 3776 ἀκροπόλει,

296 3807 382 3863 εἰς
413 3801 666 3870 φυλακὴν
702 3802 957 3862 ἐποιεῖτο,
989 3801 1082 3852 καὶ
1115 3802 1170 3851 ἐν
1196 3799 1385 3859 πέδαις
1415 3800 1724 3869 συνετήρει.
1757 3800 1859 3851 Τὸν

298 3903 414 3966 γὰρ
456 3899 551 3966 τῆς
597 3897 805 3957 πόλεως
847 3896 1082 3964 ἄρχοντα
1135 3896 1421 3955 πείσαντες
1467 3895 1859 3961 συναφεστάναι

296 4011 361 4044 τε
398 3992 570 4057 σφίσι,
593 3990 687 4042 καὶ
711 3989 1012 4055 ἀγαγέσθαι
1043 3986 1133 4038 τοῦ
1165 3988 1536 4056 Κεντηρίωνος
1559 3977 1856 4057 θυγατέρα,

300 4086 518 4151 ἀπέστη
555 4099 634 4144 τε,
677 4083 772 4134 καὶ
796 4080 917 4142 τούς
955 4097 1012 4132 τε
1044 4081 1240 4146 ἄνδρας
1271 4079 1581 4149 ἠλευθέρου,
1613 4082 1703 4130 καὶ
1733 4081 1858 4131 ἐπο-

299 4180 504 4245 λέμουν
540 4179 652 4238 τοῖς
679 4174 928 4242 Ἕλλησι.
953 4174 1058 4226 Καὶ
1083 4173 1275 4242 ηὔξετο
1305 4173 1403 4242 μὲν
1431 4174 1544 4233 τοῖς
1585 4172 1859 4235 Ἀλϐανοῖς

300 4273 372 4323 τὰ
418 4271 744 4337 πράγματα,
784 4267 876 4319 καὶ
931 4269 988 4328 ἐς
1036 4264 1175 4330 μέγα
1217 4264 1434 4331 ἐχώρει.
1468 4263 1572 4316 Τὸν
1620 4265 1717 4330 μὲν
1766 4259 1860 4316 οῦν

303 4362 657 4430 Κεντηρίωνα
694 4358 892 4424 Θωμᾶς
925 4357 952 4408 ὁ
977 4354 1240 4423 βασιλέως
1272 4354 1517 4423 ἀδελφὸς,
1547 4348 1647 4406 ὧδε
1684 4355 1861 4407 αἰτια-

307 4454 566 4522 σάμενος.
616 4449 926 4511 συνέλαϐεν,
971 4450 1058 4500 ὅτε
1101 4447 1444 4517 Ἀμουράτης
1488 4447 1516 4496 ό
1558 4447 1858 4514 ἣῖεχμέτεω

304 4546 396 4596 τὸν
436 4542 648 4612 Ἰσθμὸν
683 4539 946 4603 καθελὼν,
989 4538 1220 4608 ἤλαυνεν
1267 4537 1413 4598 ἐντὸς
1453 4536 1857 4602 Πελοποννήσου

307 4637 438 4689 εὐθὺ
482 4636 722 4703 ’Ᾱχαῖας
756 4633 1034 4702 Ὠρμηντο
1064 4632 1119 4683 δέ
1153 4629 1311 4691 αὐτός
1341 4645 1398 4681 τε
1431 4627 1545 4695 ἅμα
1582 4627 1674 4680 καὶ
1709 4627 1864 4680 Mat-’1-

309 4729 482 4796 χαλης
515 4729 540 4777 ὁ
563 4725 870 4794 Λεοντάρης
893 4725 935 4755 ¹⁹
966 4725 1147 4791 ἄρχων
1179 4719 1527 4788 ἀφίστασθαι.
1566 4720 1673 4770 Καὶ
1703 4720 1730 4770 ὁ
1765 4717 1865 4787 μὲν

309 4821 608 4891 Μπόχαλης
642 4818 850 4886 ἀπέστη
883 4834 939 4868 τε
966 4819 1029 4868 ἐκ
1065 4815 1158 4866 τοῦ
1190 4810 1450 4881 φανεροῦ,
1473 4810 1567 4864 καὶ
1588 4810 1864 4877 ἐπολέμει,

312 4914 406 4964 καὶ
454 4908 749 4978 συμὸαλὼν
803 4905 1092 4977 στρατηγῷ
1154 4903 1351 4956 Ῥαοὺλ
1409 4901 1504 4954 τοῦ
1572 4900 1862 4969 ἡγεμόνος,

313 5008 475 5066 ἐὰλω,
498 5005 592 5056 καὶ
620 5001 851 5070 ἐξεκόπη
877 4999 955 5051 τὼ
983 4996 1249 5067 ὀφθαλμὼ
1282 4995 1374 5047 τοῦ
1413 4993 1699 5064 ἡγεμόνος.
1726 4992 1861 5045 Τού-

311 5116 434 5158 τους
473 5097 571 5166 μέν
595 5094 736 5147 οῦτω
766 5093 1172 5160 αἰτιασάμενος,
1193 5088 1562 5142 ἀπελαύνοντα
1582 5088 1626 5118 ³ο
1666 5087 1862 5154 Ἀμου-

319 5194 512 5256 ράτεω,
546 5186 865 5253 Λουκαύνην
888 5183 932 5215 ³⁸
962 5183 1017 5235 δέ
1051 5185 1145 5236 καὶ
1190 5179 1579 5249 νεωτερίζοντά
1626 5196 1684 5231 τε
1738 5177 1864 5238 περὶ

313 5283 381 5334 τὰ
413 5281 580 5335 αὺτοῦ
599 5281 644 5312 ³²
681 5280 1000 5348 πράγματα.
1040 5277 1134 5329 καὶ
1179 5274 1568 5341 ξυνιστάμενον
1605 5273 1716 5332 τοῖς
1757 5270 1864 5320 τῶν

329 5375 597 5444 Ἑλλήνων
629 5372 967 5441 καινοτομεῖν
994 5367 1356 5439 βουλομένοις,
1391 5364 1650 5418 συνέλαὸἐ
1680 5380 1738 5415 τε
1772 5364 1866 5414 καὶ

1960 3249 2367 3304 Pollicebantur
2396 3267 2456 3304 se
2491 3252 2787 3321 quotannis
2819 3253 3082 3306 tributum
3117 3257 3515 3321 magnum-regi

1959 3356 2245 3410 pensuros.
2275 3342 2516 3397 Albanos
2540 3342 3171 3408 adjutahantCeuterion
3204 3344 3514 3399 Zacharias.

1958 3433 2125 3488 frater
2150 3434 2392 3488 mulieris
2415 3435 2535 3503 ejus
2559 3450 2717 3498 quam
2761 3434 2990 3489 duxerat
3024 3435 3168 3505 regis
3227 3436 3416 3499 frater,
3464 3445 3516 3490 et

1961 3525 2225 3580 ananes.
2270 3526 2380 3581 llos
2419 3527 2686 3582 adductos
2721 3527 2770 3580 in
2801 3530 2990 3582 urbem
3017 3528 3408 3596 Chlumetiam,
3461 3531 3514 3582 in

1958 3633 2257 3683 carcerem,
2288 3619 2379 3688 qui
2417 3621 2468 3673 in
2498 3636 2624 3674 arce
2676 3630 2814 3684 erat,
2846 3610 3057 3675 vinctos
3089 3622 3349 3689 coniecit.
3422 3623 3517 3676 Al-

1959 3712 2081 3765 bani
2116 3711 2356 3767 civitatis
2415 3712 2727 3782 praefectum
2791 3715 3076 3784 promissis
3134 3716 3515 3780 accendentes,

1961 3815 2349 3871 perSnasernnt
2379 3813 2434 3857 nt
2468 3805 2520 3859 in
2557 3806 2798 3874 ipsorum
2828 3815 3011 3874 partes
3068 3808 3267 3866 abiret.
3300 3817 3356 3861 et
3419 3809 3515 3860 de-

1961 3896 2164 3957 ficerem
2230 3896 2684 3966 Centerionisqnc
2739 3901 2900 3952 filiani
2967 3902 3211 3963 duceret,
3262 3902 3516 3969 virosque

1958 3997 2149 4058 captos
2202 3989 2434 4043 vinculis
2494 3991 2802 4056 eximeret;
2862 4002 2915 4046 et
2972 3994 3250 4062 propalam
3310 3994 3513 4048 bellum

1958 4097 2082 4134 cum
2119 4080 2324 4134 Gneeis
2342 4082 2617 4150 gerebant.
2646 4082 3033 4137 (lenterionem
3097 4085 3318 4152 quidem
3372 4087 3515 4154 regis

1961 4169 2129 4224 frater
2152 4171 2388 4225 Thomas
2423 4171 2544 4225 ideo
2585 4173 2637 4225 in
2680 4173 2893 4226 vincula
2927 4174 3051 4228 duci
3073 4174 3345 4242 iusserat.
3371 4178 3514 4246 quod

1960 4279 2083 4318 cum
2152 4265 2438 4319 Amurates
2495 4265 2810 4320 Meehmetis
2858 4267 3121 4322 Isthmum
3184 4269 3564 4335 destrueret,.

1965 4357 2074 4420 ipse
2107 4364 2255 4408 recta
2281 4371 2345 4409 ex
2368 4355 2748 4424 Peloponneso
2769 4356 2819 4410 in
2849 4357 3106 4412 Achaiam
3135 4373 3194 4413 se
3219 4363 3510 4429 recepisse:

1967 4447 2044 4501 Ad
2074 4446 2428 4503 defectionem
2494 4449 2792 4502 inclinabat
2825 4449 2956 4518 ipse,
2990 4465 3200 4505 necnon
3255 4451 3521 4504 Bocbah-s

1967 4539 2263 4594 Leontares
2319 4541 2590 4608 princeps.
2629 4541 2692 4592 Et
2746 4541 2966 4609 quidem
3019 4542 3284 4596 Boebalcs
3335 4551 3522 4610 apert.-

1966 4632 2187 4693 defecit,
2222 4641 2273 4684 et
2293 4631 2567 4700 propalam
2601 4632 2798 4686 bellum
2831 4635 3089 4699 gerebat:
3118 4642 3173 4686 et
3228 4649 3522 4689 conserens

1969 4740 2161 4778 manus
2192 4738 2315 4778 cum
2341 4723 2510 4778 Raule
2547 4724 2817 4792 principis
2838 4725 2996 4786 duce,
3028 4736 3219 4792 captus
3241 4734 3322 4780 est
3348 4743 3362 4791 ;
3395 4743 3524 4796 cap-

1966 4824 2128 4883 toque
2164 4815 2303 4868 oeuli
2335 4815 2475 4868 eruti
2508 4823 2657 4867 sunt.
2689 4813 2798 4868 llos
2830 4815 3047 4883 quidem
3091 4814 3143 4868 in
3209 4815 3353 4869 hunc
3407 4834 3521 4868 Ino-

1969 4906 2094 4957 dum
2127 4921 2417 4968 aeettsans,
2443 4905 2496 4959 in
2527 4919 2802 4958 carcerem
2839 4905 3073 4972 coniecit
3099 4925 3112 4971 ;
3138 4906 3517 4962 Ceuterioncm

1968 4996 2244 5060 videlicet,
2279 4997 2422 5066 quod
2452 4996 2791 5052 deseruisset
2829 4998 3290 5066 Peloponnemut,
3353 5001 3520 5051 Amu-

1970 5099 2084 5144 ratc
2148 5089 2407 5143 Isthmum
2444 5090 2724 5151 diruente,
2779 5088 3051 5143 Lucanem
3116 5099 3320 5148 autem.
3372 5089 3519 5157 quod

1970 5195 2058 5234 res
2088 5194 2258 5232 novas
2279 5179 2586 5244 moliretur,
2612 5190 2666 5233 et
2685 5179 3144 5247 conspirationem
3169 5180 3366 5232 faceret
3398 5195 3520 5233 eum

1973 5272 2056 5324 his
2081 5268 2284 5324 Gnecis
2309 5271 2397 5338 qui
2432 5270 2787 5340 Peloponnesi
2821 5281 3042 5336 statum,
3099 5285 3366 5323 novarum
3435 5285 3513 5324 re.

1973 5378 2090 5414 rum
2124 5362 2327 5431 cupidi,
2370 5365 2780 5418 eontnrbarent.
2847 5363 3233 5418 Concitaverat
3285 5365 3367 5417 vir
3422 5363 3522 5418 iste

1589 5501 1835 5563 Nolulze
1869 5502 2258 5578 marginales.

513 5608 525 5635 Ι

383 5673 428 5702 ’⁷
457 5669 831 5736 συνὼρμηντο.
867 5664 929 5718 Β.
961 5672 1018 5716 ut
1055 5661 1115 5736 in
1137 5675 1183 5736 c.

1285 5659 1330 5690 ²⁸
1365 5655 1424 5709 lu
1457 5671 1560 5704 mm
1645 5651 2039 5717 Χλουμουτίην.

2147 5650 2192 5680 ¹⁹
2220 5649 2281 5701 In
2341 5668 2455 5712 ora,
2510 5650 2781 5716 Λεοντὰρη
2849 5650 2880 5714 ἡ
2928 5649 3057 5699 ποτέ
3120 5651 3518 5716 Μεγαλὸπολις.

318 5742 359 5772 ³⁸
390 5717 1012 5794 Loki.$".i.iiiiigia';tum,
1040 5731 1115 5786 vel
1143 5728 1340 5782 similia
1393 5729 1540 5794 verba
1579 5722 1855 5794 desiderari

1989 5735 2006 5770 :
2035 5719 2382 5794 βεντηρῐιιινα
2435 5721 2533 5786 μὲν
2560 5717 2950 5794 καταλείποντα
2981 5718 3078 5784 τὴν
3115 5719 3520 5791 Πελοπόννησον

316 5791 715 5870 ιπῧάύ-έωτσς.
743 5804 910 5858 Locus
940 5791 1100 5859 etiam
1134 5798 1349 5854 mutilus
1388 5798 1440 5850 in
1473 5793 1633 5863 Regio
1667 5791 1729 5845 ϐ.

1807 5789 1847 5822 ³¹
1875 5787 2177 5855 Λονκὰνην.

2253 5789 2297 5818 ³²
2328 5787 2392 5842 In
2419 5806 2543 5855 uno,
2577 5787 2786 5843 ἑαυτοῦ.
2817 5789 2900 5840 ΑΙ.
2931 5797 2982 5840 ιιι
3009 5804 3056 5840 c.
