4006 6204
493 299 595 364 ιρι

1594 294 1685 354 LA
1699 292 1912 352 ONICI
1971 290 2630 353 CHALCOCONDYL/E

3610 294 3716 355 403

494 414 560 468 ad
590 427 678 468 res
711 420 949 477 vestras,
994 411 1111 467 ﬁeri
1143 412 1334 475 velim;
1370 410 1473 465 hoe
1506 418 1687 463 autem
1713 423 1859 463 nunc
1919 406 2057 474 adji-

2160 408 2265 460 νῶν
2296 406 2552 475 τυγχάνω
2604 406 2730 476 περὶ
2762 406 2829 458 τὰ
2870 406 3111 476 ὑμέτερα
3141 409 3459 478 πράγματα’
3493 410 3587 462 καὶ
3624 408 3719 458 νῦν

493 520 619 560 cere
648 504 880 573 placuit:
914 504 959 559 si
998 502 1298 557 concordes
1332 501 1569 565 fueritis,
1617 516 1704 556 res
1741 509 1936 554 vestrae
2000 501 2053 552 in

495 598 790 664 tranquillo
807 605 859 652 et
893 595 1050 651 feche
1073 596 1415 662 requiescenti
1436 603 1614 650 statu:
1638 602 1690 646 at
1708 593 1751 647 si
1778 591 2058 647 discordes

497 688 727 749 fueritis,
766 696 820 740 ct
880 685 1254 741 dissensiones
1274 686 1576 749 moveritis,
1605 684 1937 739 contrarium
1966 698 2058 737 co-

496 796 614 835 runt
640 796 757 846 quae
779 780 831 833 in
854 779 1090 834 medium
1117 779 1281 849 219
1298 780 1525 840 adduxi.
1543 777 1845 834 evenietJn
1866 776 2056 846 primis

494 888 715 943 operam
737 873 883 936 date,
922 889 988 928 ne
1009 873 1213 929 subditi
1235 883 1420 929 vestro
1444 873 1671 942 imperio
1689 872 1939 927 convitiis
1957 886 2056 926 vos

494 964 870 1033 proscindunt,
898 964 1027 1019 dum
1050 956 1156 1018 alta
1181 965 1421 1019 l'ruimini
1448 980 1617 1033 pace:
1645 981 1829 1019 verum
1848 966 2055 1032 impen-

494 1056 606 1108 sius
619 1055 945 1109 contumelia
957 1072 1071 1108 rum
1086 1064 1139 1108 et
1161 1056 1270 1119 iniu
1282 1058 1419 1109 riarn
1431 1074 1477 1108 ιιι
1500 1066 1750 1110 auctores
1775 1056 1966 1125 punire
1983 1072 2057 1129 _ue

493 1150 865 1203 cessari-ritis.
917 1147 1035 1201 Mali
1065 1149 1208 1201 enim
1245 1151 1593 1218 principium,
1622 1151 1879 1218 quamris
1934 1165 2056 1218 pes-

492 1240 690 1294 simum
725 1241 816 1300 sit.
851 1251 1090 1295 attamen
1135 1244 1400 1297 continuo
1428 1242 1493 1297 ad
1534 1258 1762 1311 magnas
1802 1242 2052 1311 procedit

490 1334 854 1387 contumelias
887 1350 1041 1403 τίμιαι
1071 1335 1159 1389 tibi
1209 1344 1382 1388 aucta:
1416 1334 1642 1401 fuerint,
1673 1336 1886 1404 seipsas
1912 1336 2051 1389 hami

490 1426 726 1493 amplius
754 1425 1033 1480 sustinere
1072 1438 1319 1495 possunt.
1354 1428 1537 1497 Itaque
1563 1445 1628 1483 ne
1694 1428 1819 1498 quis
1846 1428 1898 1482 id
1957 1429 2052 1482 bo-

493 1532 619 1569 num
656 1520 957 1574 censuerit.
989 1518 1143 1574 Solet
1174 1521 1317 1574 enim
1356 1520 1407 1574 id
1466 1520 1625 1589 cujus
1693 1520 1814 1589 quis
1870 1536 2056 1574 amore

496 1610 734 1678 rapitur,
779 1627 953 1681 usque
1010 1627 1281 1675 crescere,
1316 1621 1369 1666 ct
1426 1614 1763 1668 incrementa
1812 1627 2054 1675 sumere.

491 1701 754 1769 quidquid
783 1712 958 1759 tamen
994 1704 1235 1775 ingruat.
1269 1704 1394 1760 Haec
1423 1706 1664 1770 loculus,
1696 1705 2050 1775 Peloponnesi

491 1792 724 1851 ducibus
755 1797 1038 1853 dexteram
1070 1800 1338 1870 porrigit;
1371 1815 1481 1869 quo
1517 1798 1682 1863 iacto,
1735 1799 1888 1853 abiit.
1940 1798 2057 1853 Cm-

492 1894 667 1941 terum
688 1888 845 1959 longe
886 1890 989 1943 alia
1016 1907 1180 1961 quam
1220 1892 1307 1946 hic
1341 1900 1690 1961 praeceperat,
1716 1893 1891 1946 secuti
1926 1901 2057 1947 sunt

491 1979 689 2033 studia.
713 1979 848 2035 Nam
873 1981 1001 2035 dum
1039 1994 1271 2051 uterque
1314 1984 1379 2037 ad
1413 2001 1541 2040 suos
1560 1984 1821 2041 eolendos
1851 1994 1906 2039 et
1967 1985 2059 2039 bc-

491 2071 702 2126 neticiis
732 2073 1123 2129 devinciendos
1149 2086 1298 2131 esset
1330 2077 1574 2147 pronior,
1618 2093 1795 2149 usque
1837 2077 2054 2132 discor-

491 2165 610 2219 dias
641 2165 783 2219 inter
803 2182 925 2221 sese
946 2166 1218 2235 foverunt,
1243 2170 1371 2224 dum
1404 2180 1629 2238 uterque
1660 2187 1792 2227 suos
1822 2171 2056 2240 majores

493 2255 827 2327 indulgentia
868 2258 1070 2314 habere
1091 2250 1380 2325 niteretur,
1436 2278 1546 2327 quo
1571 2280 1667 2319 eos
1727 2263 1829 2319 sibi
1883 2264 2056 2332 magis

494 2350 630 2405 [idos
660 2360 895 2418 pararet.
936 2352 1127 2420 Itaque
1186 2353 1283 2406 toti
1330 2355 1397 2407 ad
1447 2354 1870 2420 gratiﬁcandum
1930 2369 2059 2423 pro-

494 2445 798 2515 pendebant
828 2445 1015 2499 duces.
1050 2444 1281 2510 Quidam
1315 2446 1457 2516 apud
1515 2448 1617 2502 hos
1649 2450 1748 2503 riri
1812 2449 2055 2519 primarii

492 2538 734 2607 reliquos
764 2536 829 2591 ad
875 2536 1198 2593 seditione‘n
1261 2546 1317 2593 et
1364 2539 1797 2606 coniurationem
1838 2542 2059 2611 instiga-

493 2633 663 2695 bant;
699 2629 841 2697 qnod
867 2630 1084 2698 quidem
1117 2630 1242 2687 ideo
1268 2631 1454 2695 ﬁebat,
1482 2641 1541 2686 ut
1599 2632 1876 2689 discordia
1926 2651 2058 2690 exo-

494 2721 717 2785 rirrtur,
744 2729 797 2776 et
825 2723 1038 2777 illorutu
1061 2723 1413 2778 concordiam
1440 2724 1773 2780 inhiberent.
1834 2727 2055 2781 Interim

494 2813 666 2868 duces
699 2815 806 2879 his,
836 2816 995 2883 quasi
1025 2819 1169 2870 malo
1200 2818 1447 2872 daemone
1493 2818 1734 2882 incitati,
1777 2835 1865 2874 res
1928 2835 2058 2875 suas

498 2906 679 2960 miseri
738 2911 1168 2977 corrumpeudas
1229 2910 1573 2966 commisere.
1620 2911 1870 2968 Lueanes
1913 2914 2059 2969 Pelo-

495 3000 860 3065 ponnesiacus
892 3001 1175 3057 adducens
1217 3004 1483 3073 quosdam
1523 3002 1841 3075 Byzantios,
1898 3008 2060 3062 Alba—

2158 500 2216 553 δὲ
2258 501 2472 554 τοσόνδε
2520 501 2586 554 ἂν
2642 501 2872 567 λέγοιτο,
2915 501 2991 563 ὡς
3040 502 3327 567 ὁμονοοῦσι
3380 502 3479 572 μὲν
3528 503 3718 570 πρῶτα

2159 594 2287 664 ύμῖν
2319 593 2473 647 ἔσται
2524 592 2732 663 ἄφθονα
2767 592 3001 660 τάγαοὰο
3035 593 3355 662 διενεχθεῖσι
3387 593 3442 645 δὲ
3475 596 3567 646 καὶ
3598 594 3724 662 δίχα

2156 686 2475 755 γενομένοις
2507 686 2769 741 τάναντία
2798 684 3026 739 τούτων·
3051 685 3246 738 ἔπειτα
3277 686 3330 740 δὲ
3364 688 3457 739 καὶ
3492 685 3568 756 μὴ
3598 688 3724 739 ἑπι-

2155 778 2416 846 τρέπουσι
2443 776 2569 831 καθ’
2589 778 2823 849 ἡσυχίαν
2849 779 3157 850 ἐξυϐρίζειν
3187 780 3312 842 τοὺς
3351 779 3627 847 ὑπηκόους
3661 779 3721 839 ἐς

2156 872 2323 940 ὑμᾶς,
2357 872 2496 926 ἀλλὰ
2542 872 2929 945 ἀφειδέστερον
2977 873 3229 936 κολάζειν
3267 873 3538 943 μηδέποτε
3586 874 3722 939 ἡσυο

2154 966 2278 1037 χίαν
2313 966 2490 1034 ἄγειν.
2527 966 2615 1026 Ὠς
2649 966 2819 1019 κακοῦ
2864 967 3024 1037 μὲνὴ
3064 966 3227 1037 ἀρχὴ,
3261 968 3355 1019 καὶ
3405 968 3473 1035 ἢν
3518 967 3719 1034 φαυλο-

2153 1059 2293 1129 τάτη
2349 1056 2483 1112 οὖσα
2533 1060 2781 1131 τυγχάνῃ
2841 1060 3140 1126 προσοῦσα,
3198 1059 3287 1112 ἐπὶ
3349 1060 3491 1128 μέγα
3552 1062 3722 1129 χωρεῖ

2155 1152 2351 1206 αὐτίκα
2388 1151 2622 1221 ὕϐρεως,
2660 1154 2753 1205 καὶ
2776 1151 3192 1205 πολλαπλασίων
3223 1151 3543 1220 γιγνομένη,
3579 1151 3717 1217 αὐτὴ

2156 1242 2353 1311 ἑαυτῆς
2402 1241 2503 1295 οὐκ
2555 1243 2637 1293 ἔτι
2698 1240 3010 1312 κατασχετὴ
3068 1241 3333 1309 γίγνεται.
3373 1241 3458 1304 Ὠς
3517 1242 3572 1295 δὲ
3642 1242 3718 1310 μὴ

2154 1336 2354 1404 ἀγαθὼ
2384 1336 2513 1404 φίλα
2544 1336 2679 1407 γάρ,
2702 1337 2787 1404 ἐφ’
2812 1336 2839 1390 ὃ
2877 1354 2927 1389 τι
2956 1336 3021 1389 ἂν
3057 1335 3314 1403 τρέποιτο
3343 1353 3425 1399 τις
3463 1335 3719 1405 κινούμε-

2154 1448 2266 1493 νος,
2288 1429 2447 1482 τοῦτο
2477 1428 2552 1493 ὡς
2579 1431 2648 1483 τὰ
2673 1428 2845 1483 πολλὰ
2875 1428 3059 1494 αὔξειν
3093 1431 3187 1482 καὶ
3225 1428 3368 1498 μέγα
3403 1429 3719 1482 ἀποδείκνυ-

2156 1523 2305 1589 σθαι,
2328 1524 2383 1578 τί
2413 1524 2479 1578 ἂν
2512 1523 2831 1590 ἑπιτηδεῦον
2862 1521 3130 1596 τυγχάνῃ.
3162 1521 3346 1577 Ταῦτα
3399 1520 3592 1585 εἰπὼν,
3625 1522 3721 1572 καὶ

2153 1616 2552 1684 δεξιωσάμενος
2577 1617 2704 1681 τοὺς
2730 1616 3009 1686 ἡγεμόνας
3038 1616 3339 1687 ἀπήλαυνε.
3372 1614 3484 1667 Καὶ
3511 1613 3722 1675 τούτοις

2160 1707 2257 1777 μὲν
2278 1705 2353 1771 ὡς
2381 1705 2688 1762 τούναντίον
2708 1707 2946 1776 κατέστη
2973 1706 3211 1761 ἅπανταο
3241 1707 3319 1769 εἰς
3351 1706 3458 1773 γὰρ
3480 1704 3541 1757 τὸ
3564 1704 3724 1774 Θερα-

2158 1798 2350 1853 πεύειν
2401 1800 2774 1869 τετραμμένοι
2834 1800 3108 1867 ἑκάτεροι,
3148 1800 3286 1869 πρὸς
3338 1798 3601 1866 ἀλλήλους
3661 1813 3722 1848 τε

2158 1893 2350 1962 γνώμη
2390 1894 2455 1946 τὰ
2499 1893 2737 1961 σφέτερα
2784 1891 2969 1946 αὐτῶν
3021 1892 3405 1961 διενεχθέντες.
3446 1889 3723 1958 ἐρίζοντες

2157 1985 2408 2055 ἀλλήλοις
2439 1986 2759 2057 ἐτύγχανον,
2797 1985 3058 2054 ὁπότερος
3090 1985 3154 2037 ἂν
3189 1984 3422 2053 μάλιστα
3452 1980 3512 2035 εὖ
3556 1981 3725 2033 ποιῶν

2159 2082 2423 2146 φαίνοιτο,
2447 2078 2521 2141 ὥς
2550 2098 2607 2132 τε
2638 2081 2823 2135 δοκεῖν
2847 2080 3043 2143 αὐτοὺς
3072 2080 3412 2150 χαρίζεσθαι.
3447 2078 3557 2132 Καί
3579 2095 3725 2137 τινες

2157 2176 2267 2229 τῶν
2308 2172 2440 2239 παρ’
2474 2172 2660 2234 αὐτοῖς
2686 2172 2756 2225 τὰ
2802 2172 2996 2242 πρῶτα
3046 2171 3379 2241 φερομένων,
3422 2170 3728 2235 ἐναγόντων

2156 2283 2216 2318 τε
2248 2264 2341 2318 καὶ
2367 2264 2459 2317 ἐπὶ
2498 2262 2839 2332 ξυνωμοσίαν
2867 2260 3329 2332 προκαλουμένων
3355 2260 3481 2322 τοὺς
3508 2260 3724 2323 ἄλλους,

2157 2357 2298 2411 ὥστε
2325 2356 2649 2427 ὀμοφρονεῖν
2672 2354 2813 2408 οὕτω
2844 2353 3077 2407 κωλύειν
3114 2352 3434 2406 διενοοῦντο.
3465 2353 3628 2405 Δύτοί
3666 2369 3724 2404 τα

2159 2450 2312 2520 σφίσι
2364 2446 2906 2515 κακοδαιμονοῦντες,
2961 2445 3265 2514 ἐπέτρεπον
3314 2445 3380 2498 τὰ
3419 2444 3723 2512 πράγματι

2161 2543 2347 2613 σφίσιν
2391 2540 2575 2603 αὐτοῖς
2609 2539 2957 2609 φθείρεσθαι.
2991 2539 3277 2605 Λουκάνης
3301 2555 3355 2590 τε
3393 2538 3421 2589 ὁ
3454 2537 3723 2589 Πελοπον-

2157 2636 2363 2705 νήσιος,
2394 2633 2491 2687 καί
2521 2650 2674 2695 τινας
2699 2631 2807 2685 τῶν
2846 2629 3141 2696 Βυζαντίου
3181 2628 3539 2697 ἐπαγόμενος,
3576 2628 3722 2679 suvi-

2159 2745 2259 2783 στα
2293 2746 2352 2782 τε
2381 2725 2509 2789 τοὺς
2558 2724 3024 2795 Πελοποννησίους
3051 2740 3111 2777 τε
3152 2724 3271 2793 ἅμα
3295 2723 3390 2776 καὶ
3434 2720 3722 2777 Ἀλϐανοὺς

2158 2823 2240 2890 ἐφ’
2271 2815 2314 2888 ᾦ
2344 2821 2496 2889 σφίσι
2526 2836 2585 2872 τε
2626 2818 2811 2881 αὐτοῖς
2858 2811 2931 2871 ὧν
2964 2816 3109 2886 ἔχειν
3145 2816 3505 2883 ἐπιτηδείους,
3537 2813 3719 2869 καλῶς

2158 2913 2559 2978 πολιτεύεσθαι,
2596 2912 2691 2965 καὶ
2723 2910 2982 2979 ὥρμηντο
3017 2909 3118 2976 μὲν
3151 2910 3242 2961 ἐπὶ
3286 2906 3534 2977 Ἀσάνην,
3572 2906 3721 2974 μέγα

2158 3006 2457 3075 δυνάμενον
2486 3022 2546 3058 τε
2600 3006 2658 3056 ὲν
2705 3002 3123 3071 Πελοποννήσῳ,
3170 3000 3263 3052 καὶ
3310 2998 3592 3069 Κόρινθον,
3630 2999 3724 3049 καὶ

496 3100 670 3145 noset
722 3092 1154 3162 Peloponnesios
1185 3095 1252 3149 ad
1304 3097 1768 3166 conspirationem
1816 3099 2052 3169 impulit.

2162 3101 2356 3170 μοῖραν
2396 3097 2497 3151 οὐκ
2545 3095 2836 3165 ἐλαχίστην
2883 3094 2983 3163 τῆς
3034 3092 3445 3163 Πελοποννήσου
3499 3092 3724 3159 ὲπιτροο

495 3192 556 3239 ιιι
590 3198 686 3253 pro
710 3198 811 3239 suo
838 3184 1089 3251 arbitrio,
1124 3187 1470 3251 nondueum,
1532 3190 1872 3260 respublicas
1932 3208 2058 3246 suas

495 3276 965 3331 administrarent.
988 3276 1098 3333 llac
1138 3280 1520 3350 conjuratiune
1550 3281 1698 3349 freti,
1764 3285 2059 3354 pergebant

494 3371 558 3424 ad
594 3372 853 3435 Asanem,
886 3372 1045 3439 cujus
1088 3374 1391 3429 auctoritas
1411 3375 1465 3429 in
1499 3375 1883 3446 PeIOponneso
1941 3388 2060 3432 erat

495 3453 757 3528 maxima.
799 3473 858 3519 ut
894 3465 989 3535 qui
1023 3465 1374 3530 Corinthum,
1407 3482 1621 3523 necnon
1658 3468 1930 3522 modicam
1964 3468 2060 3523 Pe-

495 3555 774 3624 loponnesi
810 3567 1018 3626 partem
1050 3558 1293 3627 regebat.
1328 3558 1425 3614 llic
1455 3575 1550 3615 eos
1579 3575 1919 3631 nequaquam
1958 3562 2057 3613 ad-

496 3647 764 3711 mittebat,
789 3663 965 3719 neque
993 3651 1291 3720 quidquam
1333 3650 1401 3705 iis
1426 3652 1786 3706 concedebat.
1849 3654 2056 3707 Exinde

496 3753 620 3793 cum
645 3739 835 3795 Albani
858 3750 912 3794 et
942 3740 1389 3812 Peloponnesiaci
1426 3744 1716 3809 tributum,
1775 3746 1918 3815 quod
1956 3746 2059 3799 im-

499 3840 745 3901 peratqu
760 3841 900 3897 erat,
937 3848 1331 3897 pernumerare
1354 3836 1681 3900 abnuerent,
1726 3852 1825 3891 nec
1847 3837 2059 3892 Asanes

497 3923 549 3978 id
584 3924 650 3978 ad
689 3940 869 3994 regem
904 3925 1145 3996 perferre
1194 3929 1390 3996 potuit.
1415 3927 1702 3982 Tributum
1756 3941 1932 3983 autem
1958 3946 2057 3985 an-

497 4033 665 4071 uuutn
697 4017 1006 4088 pendebant
1029 4019 1318 4075 duodecim
1349 4020 1518 4075 millia
1560 4036 1849 4076 aureorum
1894 4033 2058 4078 state-

496 4126 639 4164 rum.
674 4110 1016 4182 Quapropter
1042 4113 1098 4167 in
1134 4114 1279 4168 hunc
1310 4116 1530 4168 modmn
1586 4116 1792 4170 mutuis
1849 4116 2060 4170 discor-

496 4202 605 4259 diis
621 4203 793 4259 attriti
824 4203 1020 4271 Graeci,
1042 4206 1301 4275 paulatim
1326 4207 1594 4276 peribant.
1621 4205 1755 4261 Nam
1782 4208 2057 4277 prapalam

489 4297 772 4368 iactabant
808 4298 1008 4352 Albani
1042 4306 1097 4352 et
1121 4296 1500 4368 PeIOponnesii
1536 4314 1595 4353 se
1626 4300 1893 4353 tributum
1952 4316 2059 4353 non

2161 3190 2414 3243 πεύοντα.
2446 3189 2554 3241 Καὶ
2585 3188 2647 3240 ού
2678 3186 2938 3255 προσίετο
2989 3185 3089 3253 μὲν
3134 3184 3310 3247 οὗτος,
3346 3184 3465 3237 οὐδὲ
3518 3201 3726 3250 συγχω-

2162 3280 2289 3351 ρῶν.
2328 3279 2497 3331 Ἐνοα
2531 3276 2615 3347 δὴ,
2640 3275 2763 3330 οὔτε
2795 3275 2854 3328 ὃν
2885 3274 3144 3340 ἐτάξαντο
3181 3275 3346 3343 φόρον
3383 3272 3727 3338 ξυμφερομὲο

2156 3388 2287 3437 νων,
2322 3369 2447 3422 οὔτε
2475 3368 2587 3421 τῶν
2616 3365 3084 3435 Πελοποννησίων,
3118 3363 3243 3418 οὔτε
3274 3368 3383 3415 τῶν
3429 3360 3727 3418 Ἀλϐανῶν,

2158 3464 2258 3518 οὐκ
2316 3458 2463 3533 εἶχεν
2516 3459 2752 3528 ἁπάγειν
2796 3458 2873 3528 τῷ
2921 3458 3154 3529 βασιλεῖ.
3205 3453 3312 3509 Ἦν
3360 3455 3416 3508 δὲ
3470 3455 3653 3515 αὐτοῖς
3700 3455 3729 3504 ὁ

2161 3556 2412 3618 ἐπέτειος
2436 3553 2600 3623 φόρος
2641 3556 2824 3623 μύριοι
2854 3552 2951 3605 καὶ
2982 3551 3232 3621 δισχίλιοι
3264 3548 3492 3619 χρυσίου
3529 3547 3731 3613 στατῆ-

2164 3668 2278 3722 ρες.
2308 3651 2370 3703 Οἱ
2403 3651 2501 3721 μὲν
2538 3649 2800 3720 Ἕλληνες
2830 3646 2971 3701 οὕτω
2998 3648 3055 3700 ὲν
3085 3646 3258 3699 οὐδενὶ
3283 3646 3426 3714 λόγῳ
3451 3642 3553 3695 ὑπὸ
3580 3641 3731 3708 σφῶν

2162 3742 2342 3797 αὐτῶν
2373 3740 2801 3809 ὲπιτριύὸμενοι,
2836 3740 2977 3792 κατὰ
3030 3738 3205 3807 βραχὺ
3249 3732 3589 3788 ἀπώλλυντο.
3624 3733 3729 3784 Τόν

2162 3853 2222 3887 τε
2255 3835 2364 3905 γὰρ
2396 3833 2563 3903 φόρον
2591 3833 2743 3887 αὐτοί
2779 3848 2839 3885 τε
2871 3831 2920 3883 οἱ
2964 3828 3208 3884 Ἀλϐανοὶ
3251 3829 3342 3882 καὶ
3381 3827 3431 3878 οἱ
3465 3824 3731 3880 Πελοπον.

2163 3928 2340 3997 νήσιοι
2386 3926 2489 3980 οὐκ
2537 3925 2747 3995 ἔφασαν
2801 3923 3130 3983 ἀποδιδόναι,
3179 3921 3245 3975 ἂν
3279 3923 3354 3993 μή
3403 3938 3489 3983 τις
3543 3922 3731 3982 αὐτοῖς

2166 4017 2567 4086 ἐπιδιελόμενος
2592 4017 2693 4087 τὴν
2729 4017 2912 4087 χάριν,
2947 4016 3037 4068 ἐπὶ
3064 4017 3175 4077 τοῖς
3206 4013 3340 4076 ἴσοις
3369 4031 3430 4067 τε
3464 4015 3557 4065 καὶ
3584 4012 3731 4081 ὁμοί-

2165 4130 2246 4176 οις
2277 4111 2539 4182 ξυμϐαίη.
2577 4111 2717 4165 Ἀλλ’
2747 4112 2916 4180 ἐχρῆν
2946 4110 3046 4177 μὲν
3076 4107 3246 4162 ταῦτα
3274 4106 3445 4179 τύχην
3468 4106 3567 4160 οὐκ
3595 4108 3732 4172 ἀγα-

2169 4206 2266 4278 θὴν
2298 4205 2596 4276 φερόμενοι,
2632 4202 2791 4257 ταῦτ’
2819 4202 2927 4272 ἄρα
2959 4203 3110 4272 ἰσχὺν
3138 4201 3291 4269 σοίσι
3319 4200 3417 4271 τὴν
3449 4200 3727 4268 τελευτὴν,

2170 4302 2266 4354 καὶ
2296 4300 2438 4354 οὕτω
2466 4297 2840 4369 ἀποϐήσεσθαι
2875 4298 2929 4360 ἐς
2959 4297 3018 4349 τὸ
3053 4295 3220 4367 μηδὲν
3261 4290 3403 4349 εἶναι
3442 4294 3728 4363 γενόμενα.

492 4389 990 4451 exsoluturosmisi
1026 4387 1171 4443 inter
1199 4391 1348 4457 ipsos
1368 4392 1516 4460 regio
1544 4390 1799 4444 universa
1869 4392 2153 4461 mpraliter
2179 4392 2352 4446 divisa
2385 4390 2604 4445 luisset.
2630 4387 2928 4458 Oportebat
2953 4405 3087 4442 sane
3156 4389 3291 4455 haec,
3362 4403 3483 4441 cum
3543 4402 3734 4456 parum

494 4488 725 4559 propitia
777 4488 927 4541 Iieret
979 4484 1219 4552 fortuna,
1278 4487 1410 4557 ipsis
1458 4486 1684 4541 exitium
1739 4487 1954 4549 aliene,
2007 4498 2060 4542 et
2104 4488 2418 4558 planissime
2446 4486 2511 4540 ad
2542 4486 2768 4541 nihilum
2807 4485 3069 4554 redigere.

570 4583 680 4637 Rex
716 4581 938 4652 quidem
973 4581 1303 4636 Mechmetes
1333 4583 1631 4636 secundam
1666 4594 1829 4666 capto
1859 4584 2057 4655 Byzan-

2240 4584 2503 4647 Βασιλεὺς
2519 4585 2563 4616 ⁸⁸
2595 4582 2694 4652 μὲν
2713 4585 2741 4636 ὁ
2757 4583 3053 4651 Μεχμέτης
3074 4582 3173 4652 τὴν
3200 4581 3458 4652 δευτέραν
3489 4580 3569 4633 ἔτι
3597 4584 3737 4651 μετᾶ

500 4673 579 4725 tio
607 4673 1011 4739 expeditionem
1059 4681 1247 4725 contra
1281 4670 1553 4727 Triballos
1587 4682 1642 4727 et
1678 4674 2056 4746 Novopyrgum

501 4766 694 4821 urbem
725 4766 981 4834 sumpsit.
1017 4764 1141 4820 Ilaec
1175 4767 1318 4820 intra
1345 4767 1490 4836 regis
1532 4769 1809 4838 regionem
1843 4770 1947 4823 sita
1979 4780 2067 4825 est

503 4873 672 4928 prope
702 4856 902 4912 ﬂumen
946 4857 1224 4913 Morabam
1255 4858 1392 4929 (46),
1432 4860 1521 4929 qui
1558 4860 1734 4915 ﬂuens
1774 4877 1803 4915 a
1826 4860 2064 4918 Pristino

502 4952 645 5021 regis
660 4950 908 5019 regione,
933 4960 989 5005 et
1019 4952 1127 5006 huc
1157 4952 1384 5007 veniens
1408 4953 1462 5007 in
1492 4953 1687 5008 Istrum
1716 4956 2062 5012 exhauritur.

502 5046 1007 5116 Exercitusxegius
1047 5045 1343 5102 universus
1374 5048 1729 5116 grassabatur
1790 5066 1884 5119 per
1935 5049 2064 5104 Tri-

502 5137 768 5192 ballorum
802 5138 1079 5207 regionem
1131 5139 1444 5193 universam
1481 5157 1495 5195 :
1533 5137 1816 5209 equitatus
1848 5157 2068 5210 quoque

501 5231 556 5283 in
602 5230 743 5285 hanc
794 5234 1056 5298 emissus,
1098 5233 1313 5301 praadas
1364 5246 1543 5287 rerum
1599 5233 1762 5303 220
1812 5237 2058 5288 οιιιιιίιιιιι

500 5324 796 5380 confertim
830 5327 1050 5396 agebat.
1090 5324 1207 5395 Ipse
1234 5334 1414 5381 autem
1451 5324 1884 5381 circumsederat
1915 5336 2065 5394 parte

2164 4678 2265 4746 τὴν
2298 4677 2593 4741 Βυζαντίου
2625 4677 2840 4745 αἵρεσιν
2870 4674 3228 4745 ἐστρατεύετο
3257 4675 3349 4726 ἐπὶ
3376 4675 3736 4744 Τριϐαλλοὺς.

2169 4770 2264 4822 καὶ
2321 4767 2675 4837 Νοδόπυργον
2712 4766 2868 4818 πόλιν
2920 4766 3072 4828 ἐντὸς
3108 4765 3202 4818 τοῦ
3235 4764 3503 4835 βασιλέως
3531 4764 3740 4834 χώρας,

2170 4862 2322 4932 πτιρὰ
2354 4862 2598 4929 ποταμὸν
2628 4858 2891 4930 Μοράῶιν
2910 4859 3264 4929 καλούμενον,
3292 4858 3367 4921 ὡς
3414 4860 3510 4912 καὶ
3541 4859 3710 4928 πρότε
3730 4889 3741 4895 -

2173 4957 2268 5024 ρόν
2306 4971 2396 5023 μοι
2430 4954 2746 5024 δεδήλωται,
2802 4952 2941 5024 ρἐν
2986 4953 3097 5006 ἀπὸ
3149 4954 3251 5021 τῆς
3305 4953 3593 5020 Πριστίυου
3644 4954 3742 5019 τῆς

2176 5046 2438 5118 βασιλέως
2465 5045 2667 5116 χώρας,
2699 5046 2793 5098 καὶ
2812 5045 3009 5098 ἔκδιδοί
3038 5046 3092 5106 ὲς
3115 5045 3207 5096 τὸν
3232 5044 3746 5113 Ἰστρον.Ἒνταῦοα

2175 5138 2567 5208 γενόμενος,τὰ
2595 5136 2980 5208 στρατεύματα
3009 5137 3107 5205 μὲν
3135 5137 3282 5206 αὑτῴ
3308 5137 3597 5205 ξύμπαντα
3624 5138 3748 5191 ἐπέ.

2174 5232 2381 5301 δραμον
2421 5229 2520 5297 τὴν
2574 5227 2892 5299 Τριϐαλλῶν
2942 5228 3148 5299 χώραν,
3182 5229 3276 5280 καὶ
3324 5227 3746 5294 ἀφιππάσαντες

2171 5325 2270 5394 τὴν
2304 5320 2489 5393 χώραν
2518 5320 2840 5392 ληϊσάμενοι
2860 5335 2874 5353 ο
2911 5320 3073 5382 αὐτὸς
3107 5319 3169 5372 δὲ
3190 5318 3497 5389 ἐπολιόρκει
3528 5318 3628 5388 τὴν
3654 5320 3751 5371 πό-

1776 5486 2024 5549 Nolulm
2064 5485 2466 5567 marginales.

576 5614 691 5676 (66)
724 5614 1029 5671 Μυιανιιιιι.

572 5746 618 5780 ⁸⁸
648 5749 722 5802 δὲ.
746 5744 809 5799 R.
838 5758 892 5800 ut
927 5749 976 5801 in
1010 5765 1053 5801 c.
