4006 6204
503 277 613 336 45

1624 272 1932 332 LAONICI
1971 271 2640 334 CHAIEOFD‘JDYLE

3638 260 3746 325 «iiii

504 393 610 444 leto
636 390 925 445 dederunt.
963 387 1178 450 C:rte:i,
1201 387 1300 453 qui
1349 387 1413 439 ad
1458 402 1673 440 murum
1702 385 2089 456 properabant,

2206 390 2252 450 ἐς
2285 389 2345 440 τὸ
2373 374 2568 458 ,τεῖχος
2626 388 2906 457 ὥρμηντο,
2963 385 3055 438 καὶ
3108 383 3296 452 ἐώρων
3347 379 3582 432 ἐνταῦθα
3623 383 3749 444 τοὺς

502 499 626 536 curn
655 485 903 535 viderent
923 481 1207 534 l’annnnes
1241 495 1337 548 per
1368 495 1582 531 murum
1613 479 1865 533 insolitis
1890 479 2082 533 Statio-

507 575 669 628 nibus
697 581 937 625 armatos
962 571 1288 639 dispositos,
1318 571 1369 624 vi
1394 586 1488 625 eus
1519 571 2004 640 aggrediebautur,
2028 581 2081 623 et

507 675 699 724 contra
731 667 879 734 ipsos
897 677 1058 716 cursu
1082 662 1172 716 lati
1201 662 1518 717 ferebantur
1537 664 1589 717 in
1607 663 1831 719 fossam.
1860 662 1915 717 In
1935 663 2080 717 hunc

506 760 726 816 modum
760 771 826 810 eo
867 765 1114 825 tempore
1151 754 1440 810 Pannunes
1468 756 1684 824 eiecere
1740 756 2077 825 peregrinos,

506 866 560 906 et
583 850 850 904 Barbaros
875 850 1188 903 vincebant.
1223 847 1420 902 Postea
1454 848 1767 916 conjunctis
1790 849 1964 917 c0piis
1981 849 2081 904 Ca-

507 946 786 1014 pistrauus
809 953 862 998 et
887 941 1179 996 Pannones
1203 942 1411 1011 egressi
1439 949 1570 996 sunt
1589 952 1647 995 ut
1672 943 1914 1010 praelium
1937 957 2036 996 con
2059 973 2084 982 -

509 1037 791 1089 mitterent
830 1050 955 1090 cum
984 1035 1064 1088 eis
1081 1035 1171 1103 qui
1218 1035 1396 1100 regias
1420 1033 1756 1089 bombardas
1790 1034 2078 1088 curabant.

507 1127 646 1181 Inito
680 1129 864 1197 itaque
896 1129 1102 1197 przelio,
1135 1127 1557 1180 bmnbardarios
1615 1129 1669 1179 in
1731 1126 1911 1196 fugam
1951 1143 2080 1180 con-

507 1221 709 1288 jecm-e,
778 1229 833 1274 et
912 1219 1243 1272 homhardas
1289 1219 1598 1273 obtinuere.
1656 1217 1769 1274 Rex
1853 1232 2083 1271 cernens

513 1329 640 1365 suas
660 1311 988 1366 bombardas
1007 1326 1033 1362 a
1057 1311 1406 1365 Pannonihus
1428 1319 1637 1379 captas,
1656 1311 1882 1363 multum
1901 1311 2082 1363 animo

513 1403 951 1459 discruciabatur
1009 1422 1025 1461 ε
1073 1401 1303 1471 proinde
1354 1413 1410 1457 et
1468 1404 1582 1473 ipse
1634 1402 1706 1455 ibi
1752 1403 2081 1464 coxisisteus,

515 1496 732 1552 fortiter
764 1497 1004 1565 praelium
1029 1511 1316 1565 capessere
1342 1497 1483 1550 haud
1523 1497 1782 1565 neglexit.
1808 1496 1944 1549 Cum
1993 1511 2085 1548 au-

522 1600 630 1644 tem
666 1589 956 1644 Pannnnes
1005 1605 1111 1644 non
1168 1599 1352 1659 posset
1412 1605 1440 1643 a
1501 1589 1817 1644 bombardis
1865 1589 2085 1644 subum-

2185 487 2418 547 Παίονας
2447 485 2621 547 ἐςτὰς
2644 482 2923 546 ἐπάλξεις,
2950 476 3233 541 ἐϐιάζοντό
3255 493 3315 528 τε
3341 474 3468 536 τοὺς
3496 473 3754 537 Παίονας,

2183 581 2277 632 καὶ
2308 579 2690 649 ὑπερϐέοντες,
2723 577 2918 647 ἤγοντο
2968 575 3023 636 ἐς
3065 571 3163 642 τὴν
3210 571 3437 638 τάφρον.
3469 567 3625 620 Οὕτω
3654 569 3756 635 μὲν

2182 672 2273 725 οὖν
2307 671 2429 724 τότε
2476 673 2523 724 oi
2574 669 2803 730 Παίονες
2833 666 3136 731 ἕξεὼσαντο
3181 662 3309 724 τοὺς
3341 659 3629 728 νεήλυδας,
3659 659 3751 712 καὶ

2185 761 2606 832 ὑπερεϐαίνοντο
2635 761 2765 822 τοὺς
2794 757 3125 828 βαρϐάρουςο
3165 753 3299 822 μετὰ
3332 752 3389 804 δὲ
3423 751 3601 818 ἔξοδον
3641 769 3752 804 κοι-

2184 855 2279 924 νὴν
2312 856 2359 887 ⁵⁸
2391 855 2753 923 ποιησάμενοι
2811 853 2860 905 oi
2915 850 3042 920 περὶ
3099 848 3503 916 Καπιστρᾶνον,
3558 846 3653 896 καὶ
3701 847 3751 897 οι

2185 951 2332 1004 ἄλλοι
2369 951 2616 1014 Παίονες,
2674 946 2810 1016 προς
2861 946 2986 1006 τοὺς
3019 944 3076 995 ὲν
3126 943 3241 1004 τοῖς
3292 938 3603 1008 τηλεϐὀλοις
3657 937 3750 990 τοῦ

2187 1042 2470 1113 βασιλέως,
2502 1039 2875 1110 μαχεσάμενοι
2913 1033 3211 1106 ἐτρέψαντο
3253 1031 3474 1095 αὐτοὺς,
3503 1033 3596 1082 καὶ
3629 1032 3754 1082 ἐπε-

2183 1139 2418 1203 κράτουν
2452 1133 2556 1186 τῶν
2604 1132 2924 1200 τηλεϐόλων.
2965 1126 3232 1186 Βασιλεῦς
3261 1126 3319 1177 δὲ
3347 1123 3422 1186 ὡς
3469 1122 3616 1190 ἑώρα
3649 1123 3754 1174 ὑπὸ

2182 1229 2291 1281 τῶν
2343 1227 2592 1280 Παιόνων
2643 1222 2934 1294 ἐχομένους
2987 1220 3114 1282 τοὺς
3168 1217 3526 1288 τηλεϐόλους,
3579 1215 3752 1266 δεινὴν

2185 1320 2578 1389 ποιησάμενος,
2623 1313 2914 1368 συνέϐαλλε
2953 1313 3053 1381 μὲν
3081 1309 3254 1381 ταύτῃ
3303 1311 3398 1362 καὶ
3446 1307 3683 1376 ἐμάχετο
3706 1305 3752 1335 ⁵⁷

2188 1411 2444 1482 ἰσχυρῶς.
2476 1412 2584 1464 Καὶ
2621 1409 2732 1463 οὐδ’
2767 1408 2842 1470 ὣς
2887 1405 3125 1476 ἠδυνὴοη
3158 1401 3465 1467 ἐξώσασοαι
3496 1399 3604 1451 ἀπὺ
3642 1397 3754 1449 τῶν

2183 1505 2491 1576 τηλεϐόλων
2518 1504 2644 1566 τοὺς
2678 1501 2932 1562 Παίονας,
2993 1496 3108 1551 ἀλλ’
3137 1495 3508 1564 ἀπετράπετο.
3559 1492 3623 1546 ΟΞ
3661 1492 3761 1560 μὲν

2186 1599 2248 1666 δὴ
2280 1597 2506 1659 Παίονες
2566 1592 2796 1647 ἐνταῦθα
2826 1592 2926 1663 ἤδη
2963 1587 3343 1657 ἐπηυλίζοντο,
3390 1585 3484 1638 καὶ
3517 1583 3642 1646 τούς
3698 1599 3761 1635 τε

515 1700 662 1752 vere,
696 1686 912 1738 tandem
937 1691 990 1738 et
1041 1684 1155 1752 ipse
1204 1683 1382 1753 fugam
1437 1683 1648 1752 arripit.
1706 1683 1991 1737 Pannones
2014 1697 2078 1734 eo

2206 1687 2511 1758 τηλεϐὁλους
2543 1683 2897 1754 τρεψάνενοι,
2932 1683 2990 1745 ἐς
3025 1681 3117 1733 τὸν
3152 1677 3419 1748 βασιλέως
3459 1675 3766 1745 στρατόπε-

516 1773 617 1828 loci
689 1776 949 1829 continuo
1021 1775 1256 1844 recepturi
1311 1775 1617 1839 canebant,
1672 1783 1727 1830 et
1783 1775 2081 1843 dirigentes

517 1865 847 1920 homhardas
876 1865 930 1919 in
961 1873 1147 1919 castra
1194 1866 1360 1932 regis,
1399 1881 1459 1919 ea
1516 1868 1754 1936 graviter
1819 1866 2081 1920 afflixere.

517 1959 653 2011 Cum
682 1959 793 2027 jam
823 1959 1079 2014 meridies
1103 1958 1340 2020 adesset,
1368 1967 1420 2014 et
1443 1957 1586 2027 fuga,
1630 1959 1946 2028 reliquaque
1970 1976 2088 2027 uiue

517 2065 832 2115 evenerant,
866 2054 1113 2106 nuntiata
1155 2053 1710 2108 essentPannonibus
1735 2055 1824 2123 qui
1852 2070 1882 2107 e
1915 2053 2090 2122 regiu—

526 2161 593 2198 ne
635 2146 1018 2210 morabantur,
1047 2147 1395 2202 advehuntur
1421 2162 1528 2200 nun
1565 2147 1744 2214 pauci,
1779 2162 1878 2201 nec
1905 2154 2085 2200 tamen

525 2233 576 2286 in
605 2235 816 2300 urbem,
853 2251 1036 2290 verum
1066 2237 1118 2290 in
1151 2245 1335 2291 castra
1396 2237 1499 2291 iter
1527 2245 1803 2290 maturant
1835 2253 1848 2288 :
1893 2237 1948 2290 hi
1995 2237 2088 2305 qui

525 2327 579 2381 in
637 2328 769 2381 urbe
818 2328 992 2383 relicti
1041 2338 1218 2396 erant,
1251 2330 1304 2384 in
1360 2337 1543 2384 castra
1603 2329 1976 2401 egrediuntur,
2038 2341 2090 2383 et

528 2420 766 2489 undique
793 2421 937 2487 regia
973 2430 1152 2474 castra
1175 2436 1388 2476 suuuua
1429 2422 1479 2475 vi
1516 2430 1859 2491 oppugnant.
1887 2423 2094 2474 Tento-

528 2511 608 2566 ria
635 2512 686 2565 in
717 2512 860 2581 regis
892 2513 1085 2566 castris
1117 2511 1457 2578 disiecerunt
1507 2511 1760 2580 plurima.
1819 2511 2090 2581 Azapides

533 2605 691 2670 (quos
716 2601 1061 2684 litlssaroncs
1090 2604 1264 2657 nostri
1322 2604 1562 2666 vocant)
1619 2605 1966 2674 diripuerunt
2018 2608 2096 2659 fu-

534 2709 675 2748 rum.
722 2693 834 2748 Rex
872 2696 1160 2759 clamabat,
1181 2708 1240 2751 ut
1267 2696 1452 2750 oculos
1467 2713 1655 2753 eorum
1677 2707 1948 2753 eruerent.
1978 2699 2094 2767 Ipse

455 2828 462 2836 .
534 2801 750 2855 quoque
791 2788 1029 2856 praelium
1057 2805 1179 2870 eum
1215 2791 1332 2845 suis
1379 2793 1677 2859 occipiens,
1724 2792 2011 2848 Panuoncs
2043 2796 2093 2846 iu

536 2880 717 2950 fugam
748 2884 1013 2937 vertebat.
1048 2884 1132 2938 Eo
1165 2884 1264 2937 loci
1298 2887 1525 2962 peremit
1557 2886 1732 2939 virum
1754 2885 2094 2941 Pannonium

538 2983 654 3033 rex,
691 2984 878 3022 verum
909 2971 1226 3025 vulneratur
1274 2971 1490 3025 femur:
1527 2988 1623 3027 nec
1669 2983 1850 3028 tamen
1908 2976 2096 3028 vulne-

2186 1782 2276 1834 δον
2317 1778 2648 1848 ἑπαφίεσαν.
2683 1777 2838 1829 Ἐπεὶ
2863 1775 2918 1827 δὲ
2946 1771 3263 1842 μεσημϐρία
3298 1765 3366 1840 ἧν
3393 1770 3492 1834 τῆς
3522 1769 3762 1838 ἡμέραςν

2190 1874 2286 1928 καὶ
2338 1873 2464 1932 τοὺς
2501 1870 2860 1939 γιγνομένους
2896 1869 3152 1940 τρόπους,
3204 1865 3298 1918 καὶ
3345 1863 3414 1916 τὰ
3463 1862 3763 1930 γιγνόμενα

2189 1964 2563 2032 ἐπηγγέλλετο
2594 1963 2777 2018 αὐτοῖς
2806 1963 2917 2023 τοῖς
2970 1960 3308 2026 καταντικρὺ
3347 1957 3587 2015 Παίοσιν,
3646 1957 3764 2007 ἐκο-

2193 2058 2411 2128 μίζοντο
2442 2057 2544 2126 ἤδη
2572 2053 2812 2128 ἐνταῦθα
2851 2053 3046 2106 ναῦται
3097 2052 3195 2104 οὐκ
3247 2051 3420 2115 ὀλίγοι
3469 2047 3651 2101 αὐτῶν
3686 2049 3762 2107 εἰς

2191 2150 2291 2220 τὴν
2325 2152 2479 2204 πόλιν
2517 2149 2615 2220 μὲν
2645 2150 2746 2203 οὐκ
2778 2149 2880 2211 ἔτι,
2914 2147 3031 2200 ἀλλ’
3055 2148 3113 2208 ἐς
3137 2145 3199 2198 τὸ
3233 2144 3620 2211 στρατόπεδον.
3657 2142 3762 2192 Καὶ

2191 2240 2488 2311 ἐπεξῆλθον
2523 2240 2709 2311 μέντοι
2747 2241 2840 2292 καὶ
2881 2241 2926 2291 οἱ
2971 2237 3064 2290 τοῦ
3098 2237 3329 2297 ἄστεως.
3362 2235 3456 2286 καὶ
3490 2233 3764 2300 ἑκατέρω-

2193 2335 2284 2388 Θεν
2315 2334 2602 2405 βάλλοντες
2637 2331 2776 2403 μετὰ
2805 2330 3092 2399 ἐπάρσεως
3143 2328 3199 2391 ἐς
3253 2327 3312 2380 τὸ
3355 2324 3450 2378 τοῦ
3502 2324 3761 2395 βασιλέως

2195 2428 2584 2499 στρατόπεδον,
2641 2427 2737 2480 καὶ
2788 2424 3076 2494 ἐμάχοντο,
3112 2421 3206 2475 καὶ
3261 2420 3465 2488 σκηνάς
3508 2420 3653 2471 ἔστιν
3696 2416 3762 2478 ἃς

2194 2521 2526 2575 κατέϐαλλον
2555 2518 2649 2572 τοῦ
2680 2517 3048 2584 στρατοπέδου
3094 2513 3314 2583 συχνὰς.
3348 2515 3441 2564 καὶ
3467 2509 3762 2578 διήρπαζον

2194 2612 2561 2678 οῑἋζάπιδες
2619 2611 2719 2678 τὴν
2780 2608 3004 2678 ἀγοράν.
3055 2607 3165 2658 Καὶ
3218 2603 3472 2674 βασιλεὺς
3517 2604 3626 2678 μέν
3679 2619 3763 2678 τοι

2197 2705 2345 2766 ἐϐόα,
2387 2705 2462 2766 ὡς
2512 2700 2854 2768 ὑπεξέλοιντο
2901 2701 3000 2762 τὰς
3031 2700 3200 2769 κόρας
3251 2699 3447 2769 αὐτῶνὲ
3480 2697 3638 2759 αὐτὸς
3667 2698 3765 2750 καὶ

2198 2801 2306 2852 σὺν
2327 2800 2438 2860 τοῖς
2481 2797 2609 2865 περὶ
2661 2795 2822 2849 αὐτον
2876 2792 3134 2847 συνέϐαλε
3185 2794 3304 2858 μὲν,
3354 2790 3446 2843 καὶ
3497 2786 3765 2857 ἐτρέψατο

2196 2892 2323 2952 τοὺς
2361 2888 2612 2951 Παίονας.
2661 2890 2770 2942 Καὶ
2804 2887 2965 2948 αὑτός
3014 2903 3073 2939 τε
3101 2886 3271 2954 ἄνδρα
3321 2881 3527 2935 Παίονα
3552 2881 3760 2932 ἀνελὼν

2199 2983 2564 3054 τιτρώσκεται
2589 2982 2646 3042 ἐς
2681 2982 2771 3032 τὸν
2803 2979 3001 3050 μηρίιν,
3033 2979 3091 3032 οὐ
3127 2979 3224 3047 μέν
3258 2993 3341 3028 τοι
3375 2992 3437 3042 γε
3474 2973 3762 3041 ἐτράπετοο

539 3069 691 3114 ratus
721 3059 885 3132 224
913 3062 966 3115 in
1001 3060 1176 3132 fugam
1235 3063 1553 3122 effunditur.
1602 3064 1804 3121 Deinde
1854 3083 1976 3123 cum
2032 3070 2096 3122 ad

2206 3051 2344 3141 μετὰ
2385 3071 2443 3126 δὲ
2492 3070 2567 3134 ὡς
2619 3071 2674 3134 ἐς
2724 3070 2850 3133 τοὺς
2889 3067 3215 3138 τηλεϐόλους
3259 3063 3491 3128 ἐπεξιὼν
3533 3063 3764 3131 γένοιτο,

539 3152 866 3206 bombardas
940 3154 1281 3222 recipiendas
1366 3157 1738 3225 egrederetur,
1816 3157 2103 3214 Pannones

542 3241 790 3295 (ουτοι-εἰ
816 3241 1068 3297 Barbaris
1110 3245 1314 3298 acriter
1375 3246 1668 3312 instabant,
1705 3259 1757 3303 et
1811 3264 1909 3304 eos
1943 3251 2104 3306 simul

542 3347 665 3384 cum
703 3348 830 3402 rege
856 3349 1028 3403 usque
1089 3335 1153 3390 ad
1184 3345 1367 3390 castra
1421 3350 1844 3408 persequuntur.
1877 3341 1940 3394 Et
1983 3358 2103 3396 cum

545 3425 705 3479 tertio
725 3426 828 3482 hoc
852 3438 996 3483 esset
1033 3428 1258 3495 factum,
1285 3446 1374 3485 rex
1396 3433 1636 3502 graviter
1661 3435 1844 3488 animo
1868 3435 2104 3504 dolebat,

547 3534 656 3572 non
692 3518 887 3574 adesse
930 3522 1274 3593 peregrinos,
1321 3530 1376 3578 et
1434 3527 1715 3595 suppetias
1777 3526 1919 3582 ferre
1958 3531 2010 3583 in
2044 3545 2109 3584 eo

550 3611 735 3676 prmlio
766 3629 782 3666 :
809 3627 993 3667 verum
1022 3630 1143 3669 esse
1176 3615 1446 3683 profectos
1488 3619 1554 3671 ad
1600 3618 1978 3691 colligendum
2012 3637 2110 3690 pa-

554 3704 763 3770 bulum,
782 3714 834 3759 et
862 3707 1194 3762 necessaria.
1227 3705 1442 3764 Yocans
1471 3719 1654 3766 autem
1675 3711 1726 3764 in
1748 3712 1852 3765 isto
1878 3713 2112 3768 tumultu

551 3797 855 3856 Chasanem
888 3801 1296 3871 peregrinorum
1337 3802 1556 3867 durem,
1590 3803 1896 3870 huiusmodi
1913 3807 2115 3860 oratio-

558 3908 680 3948 nem
717 3893 903 3948 habuit
935 3909 950 3946 :
989 3895 1029 3947 Ο
1052 3894 1282 3964 pessime
1313 3895 1738 3966 hominum,quo
1771 3896 1932 3952 nobis
1962 3913 2119 3967 perc-

557 3984 699 4054 grini
741 3986 941 4039 abeunt
973 3985 996 4038 ?
1025 3985 1142 4051 Quo
1176 3986 1335 4041 modo
1391 3995 1440 4042 te
1480 3987 1618 4043 duce
1699 3987 1933 4057 ingressi
1989 3999 2119 4045 sunt

558 4078 853 4146 praelium?
885 4078 1078 4134 Nescis
1111 4096 1176 4134 ex
1206 4080 1396 4134 humili
1425 4081 1641 4135 fortuna
1664 4098 1825 4152 quam
1860 4082 1925 4138 ad
1971 4099 2120 4154 mag-

562 4185 685 4223 nam
703 4169 1018 4241 dignitatem
1041 4182 1091 4226 te
1111 4173 1477 4242 provexerim,
1504 4185 1564 4229 ut
1593 4176 1667 4228 sis
1689 4175 1938 4231 videlicet
1968 4177 2075 4230 dux
2101 4179 2123 4230 τ’

561 4261 670 4316 Sed
697 4263 853 4324 scito,
888 4263 991 4318 nisi
1047 4265 1293 4334 prazlium
1351 4282 1434 4319 me
1493 4267 1885 4336 ab3umpserit,
1929 4284 2121 4338 prenss

2209 3162 2369 3229 αὖθις
2401 3168 2452 3220 οἱ
2482 3165 2710 3226 Παίονες
2738 3164 3160 3234 συστραφέντες,
3194 3159 3472 3213 ἐπέκειντο
3499 3158 3609 3217 τοῖς
3636 3155 3768 3224 βαρο

2207 3257 2417 3328 ϐάροις,
2449 3259 2544 3312 καὶ
2569 3256 2870 3327 ἐτράποντο
2896 3255 3022 3316 τοὺς
3067 3252 3209 3321 ἀμφὶ
3235 3249 3497 3323 βασιλέως
3525 3249 3652 3316 ἄχρι
3673 3245 3766 3299 τοῦ

2209 3349 2598 3421 στρατοπέδου.
2635 3349 2746 3404 Καὶ
2785 3349 2976 3402 τούτου
3004 3347 3063 3409 ἐς
3093 3347 3213 3415 τρὶς
3245 3343 3564 3413 γενομένου,
3597 3341 3768 3394 δίε-ἡν

2211 3444 2446 3496 ἐποιεῖτο
2485 3444 2512 3496 ὁ
2548 3441 2827 3512 βασιλεὺς.
2873 3439 2995 3493 οὒτε
3037 3437 3305 3508 νεηλύδων
3354 3436 3639 3506 παρόντων
3669 3434 3768 3486 αὖ-

2209 3537 2320 3600 τοῖς
2343 3535 2388 3568 ⁸⁸
2417 3535 2475 3598 ὲς
2509 3535 2608 3606 τὴν
2641 3533 2839 3604 μάχην,
2873 3532 2966 3585 καὶ
2994 3531 3101 3586 τῶν
3127 3531 3305 3585 ἄλλων
3334 3530 3427 3583 τοῦ
3474 3527 3773 3599 στρατοπέ-

2212 3630 2325 3691 δου,
2359 3629 2452 3682 ἐπὶ
2489 3628 2588 3690 τὰς
2623 3626 2816 3696 νομας,
2852 3625 2944 3678 καὶ
2974 3624 3041 3677 τὰ
3084 3622 3363 3692 ἐπιτήδεια
3407 3619 3772 3690 ἀφικομένων.

2217 3720 2470 3780 Καλέσας
2493 3719 2548 3772 δὲ
2599 3720 2657 3770 ἐν
2711 3716 2789 3786 τῷ
2820 3713 3036 3784 Θορὺϐῳ
3077 3713 3255 3785 τούτῳ
3284 3715 3375 3766 τὸν
3403 3711 3638 3782 ἄρχοντα
3669 3712 3778 3766 τῶν

2217 3811 2510 3882 νεηλῦδων,
2533 3811 2790 3873 Χασάνην
2820 3806 3057 3876 τοῦνομα
3074 3807 3286 3878 ἔχοντα,
3311 3805 3464 3872 ἔλεγε
3489 3803 3687 3857 τοιάδε
3709 3799 3782 3854 Ὢ

2217 3907 2444 3959 κάκιστε
2465 3901 2560 3956 ἀνθ
2568 3902 2788 3971 ρώπων,
2809 3900 2912 3953 ποῦ
2929 3899 2994 3969 δὴ
3016 3900 3150 3969 ἡμῖν
3163 3899 3400 3967 οἴχονται
3420 3897 3468 3950 οἱ
3498 3895 3745 3963 νεήλυδες
3763 3911 3777 3956 ;

2222 3995 2344 4058 Πῶς
2372 3995 2428 4047 δέ
2460 4009 2543 4047 σοι
2564 3990 2932 4060 παρεγένοντο
2953 3989 3006 4045 ἐς
3029 3990 3127 4060 τὴν
3153 3989 3332 4058 μάχην
3359 4006 3372 4051 ;
3401 3987 3470 4040 "ll
3492 3987 3590 4038 οὐκ
3624 3980 3783 4035 οἶσθα

2221 4083 2332 4142 οἷον
2367 4087 2518 4152 ὅντα,
2559 4080 2675 4137 οἷον
2705 4085 2942 4154 ἄρχοντα
2967 4081 3310 4152 ἐποιησάμην
3335 4098 3349 4144 ;
3375 4077 3519 4132 Ἀλλ’
3550 4077 3677 4136 ἴσθι,
3707 4076 3786 4137 ὡς

2223 4179 2272 4230 εἰ
2303 4177 2378 4247 μὴ
2411 4175 2763 4243 ἀποθάνοιμι,
2797 4173 3080 4242 εἰσόμενος
3111 4171 3208 4242 τὴν
3238 4171 3392 4240 δίκην
3430 4169 3691 4238 ἐπιθήσω,
3717 4168 3790 4236 ἦν

2223 4272 2289 4324 ἂν
2331 4271 2490 4337 φαῖεν
2526 4269 2767 4330 ἅπαντες
2809 4261 3157 4335 δικαιοτάτην
3201 4263 3479 4332 γενέσθαι.
3531 4260 3790 4328 Χασάνης

564 4354 698 4410 mihi
731 4355 907 4422 dabis,
951 4372 1088 4426 quas
1114 4373 1304 4411 omnes
1345 4358 1684 4427 justissimas
1713 4375 1832 4415 esse
1882 4376 2102 4429 prunuu

2225 4364 2280 4416 δὲ
2309 4361 2592 4418 ὑπολαϐὼν
2621 4359 2821 4425 ἔλεξεν·
2847 4355 2916 4411 Ὢ
2951 4357 3193 4425 βασιλεῦ,
3248 4357 3502 4425 νεήλυδες
3537 4354 3643 4406 είσὶ
3689 4352 3789 4420 μὲν

562 4449 772 4503 tiarint.
805 4449 1084 4505 Chasanes
1111 4451 1471 4522 respondens.
1512 4452 1686 4520 inquit
1718 4469 1733 4505 :
1775 4451 1820 4506 Ο
1881 4469 1998 4510 rex,
2031 4467 2120 4520 pe-

565 4541 902 4606 regrinorum
931 4543 1147 4610 plurimi
1201 4543 1376 4598 saucii
1411 4551 1560 4596 sunt.
1591 4542 1808 4611 Reliqui
1840 4545 1930 4612 qui
1983 4543 2123 4596 inte-

565 4634 646 4700 gri
677 4643 826 4696 sunt,
857 4633 1008 4688 dicto
1046 4635 1241 4688 nolunt
1269 4649 1391 4688 esse
1419 4633 1729 4689 audientes.
1776 4635 1886 4701 Ego
1915 4649 2123 4697 autem.

568 4733 626 4778 ut
655 4740 819 4794 opera
856 4741 976 4781 mea
1017 4726 1190 4783 utaris
1222 4727 1367 4812 fideli
1398 4733 1452 4781 et
1491 4725 1646 4791 forti,
1676 4729 1931 4796 quamvis
1991 4729 2124 4782 mihi

570 4819 890 4887 indigneris,
915 4821 966 4873 in
999 4820 1209 4876 medios
1242 4835 1326 4875 me
1357 4819 1636 4875 conferam
1672 4820 1986 4885 Pannones,
2027 4821 2129 4874 ibi-

569 4927 675 4980 que
719 4912 929 4968 fortiter
963 4913 1257 4979 dimicaus,
1308 4929 1405 4984 pro
1437 4915 1601 4969 rebus
1637 4914 1744 4968 tuis
1774 4917 2126 4968 occumbam.

571 5002 669 5057 llis
690 5004 875 5067 dictis,
920 5005 973 5058 in
1005 5005 1214 5060 medios
1250 5014 1310 5060 se
1339 5003 1553 5059 confert
1581 5003 1790 5064 hostes,
1813 5005 1936 5058 etin
1975 5021 2136 5057 enus-

575 5105 732 5165 pcctu
755 5097 897 5166 regis
917 5115 944 5150 a
974 5097 1330 5152 Pannonibus
1351 5097 1676 5150 trucidatur.
1700 5093 1824 5148 Fuit
1847 5104 2027 5149 autem
2055 5098 2136 5148 vir

574 5189 844 5258 optimus.
878 5187 1052 5243 Etiam
1077 5190 1321 5244 ministri
1347 5187 1565 5258 quidam
1601 5187 1719 5258 ejus
1744 5187 1938 5242 ibidem
1974 5187 2139 5241 inter-

578 5281 704 5334 fecti
731 5288 878 5334 sunt.
911 5281 1048 5336 Cum
1082 5281 1372 5336 Pannones
1401 5282 1454 5334 in
1477 5281 1673 5334 castris
1716 5280 1930 5334 fortiter
1962 5279 2132 5332 iuba!-

583 5381 766 5426 rerent
802 5367 1017 5439 Turcis,
1047 5389 1251 5443 eosque
1293 5372 1472 5440 fugam
1490 5388 1691 5441 capere
1723 5375 2136 5440 eompellerent,

581 5479 648 5518 cx
684 5463 978 5534 imprm'iso
1030 5465 1321 5526 adveniunt
1347 5470 1458 5520 sex'
1489 5465 1654 5518 millia
1706 5467 1945 5534 equitum
1979 5469 2140 5535 regis,

2229 4455 2559 4524 τετρωμένοι
2590 4454 2638 4505 οἱ
2685 4452 2869 4505 πολλοὶ
2907 4451 3107 4511 αὐτῶν,
3140 4450 3188 4502 οἱ
3238 4448 3294 4502 δὲ
3333 4449 3484 4500 ἄλλοι
3528 4446 3626 4498 οὐκ
3675 4446 3791 4496 ἐϐέο

2228 4549 2410 4600 λουσιν
2439 4543 2763 4599 ὑπακούειν.
2795 4541 2940 4610 Ἐγὼ
2969 4541 3024 4594 δὲ
3059 4540 3259 4610 τούμὸν
3288 4537 3662 4608 παρεχόμενος
3689 4554 3796 4594 σοι,

2230 4637 2350 4693 ἀνθ’
2377 4629 2456 4691 ὧν
2504 4634 2643 4706 ἄχθῃ
2683 4651 2795 4700 μοι.
2826 4633 2947 4702 ὄψει
3004 4648 3069 4702 με
3102 4632 3161 4683 ἐν
3196 4632 3344 4699 μέσῳ
3394 4629 3501 4680 τῶν
3551 4627 3799 4679 Παιόνων

2236 4731 2545 4801 μαχόμενον
2569 4729 2968 4796 τελευτήσαντα
2996 4725 3135 4794 ὑπὲρ
3160 4724 3270 4776 τῶν
3301 4720 3408 4775 σῶν
3433 4721 3794 4793 πραγμάτων.

2234 4823 2397 4877 Ταῦτ’
2427 4821 2618 4886 εἰπὼν,
2656 4820 2751 4872 καὶ
2783 4817 3037 4887 ἐμϐαλὼν
3072 4819 3128 4880 ἐς
3164 4816 3361 4886 μέσους
3384 4813 3509 4881 τοὺς
3540 4814 3795 4876 Παξοναξ,

2234 4919 2375 4986 ἀνὴρ
2406 4933 2466 4968 τε
2517 4911 2721 4982 ἀγαθὸς
2768 4911 3059 4980 γενόμενος
3105 4906 3346 4961 ἐναντίον
3373 4904 3468 4958 τοῦ
3513 4903 3798 4975 βασιλέως,

2235 5007 2338 5058 ὑπὸ
2370 5004 2613 5057 Παιόνων
2653 5001 2912 5056 ἀπέθανε.
2972 4999 3079 5054 Καί
3109 5015 3256 5061 τινες
3302 4996 3412 5049 τῶν
3450 4994 3657 5066 θεραπό
3672 5010 3800 5044 mw

2239 5096 2403 5153 αὐτοῦ
2433 5094 2792 5164 ἐτελεύτησαν
2825 5092 3079 5145 ἐνταῦθα.
3125 5090 3212 5153 Ὧς
3247 5091 3304 5143 ὲν
3344 5088 3421 5158 τῷ
3458 5085 3806 5156 στρατοπέδῳ

2237 5189 2570 5261 τρεψάμενοι
2599 5189 2725 5248 τοὺς
2776 5185 3078 5252 Τούρκους,
3129 5185 3414 5236 ἐπέκειντο
3455 5181 3506 5234 oi
3554 5180 3806 5239 Παίονετ,

2242 5282 2404 5333 πλέον
2433 5280 2647 5348 ἔχοντες
2678 5282 2736 5330 ἐν
2762 5281 2827 5347 τῇ
2861 5278 3030 5349 μάχῃ,
3059 5276 3450 5346 παραγίνονται
3477 5272 3809 5343 ἱπποδρᾶμοι

2248 5371 2341 5426 τοῦ
2371 5371 2652 5441 βασιλέως,
2689 5373 2768 5431 εἰς
2800 5369 3226 5439 ἑξακισχιλίους,
3259 5367 3352 5430 οὓς
3395 5367 3656 5435 πρότερον
3683 5366 3810 5416 ἐπε-

2252 5465 2458 5534 πόμφει
2499 5463 2591 5516 ἐπὶ
2627 5463 2873 5532 φυλακὴν
2923 5461 3022 5530 τῆς
3076 5460 3398 5531 παριστρὶου
3429 5460 3475 5491 ⁵9
3505 5455 3674 5510 αὐτοῦ
3708 5455 3810 5526 χὼ-

1893 5599 2136 5660 Notulte
2172 5596 2562 5677 marginales.

661 5724 708 5757 "'
741 5726 800 5779 In
836 5744 956 5792 uno,
998 5729 1168 5798 κοινῇ,
1255 5728 1294 5758 ³¹
1328 5725 1387 5780 In
1423 5743 1543 5791 uno,
1572 5726 1893 5797 Ξμαχίςττο.

1973 5725 2016 5756 ⁸³
2045 5725 2210 5794 αὕτιζθ.
2248 5720 2334 5778 Sic
2365 5723 2524 5778 etiam
2564 5721 2628 5776 R.

2707 5723 2749 5754 5'
2785 5723 3135 5791 παριστρξας.
3172 5720 3235 5775 ιι.
3271 5726 3325 5774 ιιι
3357 5721 3424 5774 in-
3451 5735 3496 5774 τ.
