4006 6204
508 275 611 336 423

1618 285 1931 347 LAONlCl
1974 287 2118 347 ClIA
2134 290 2414 350 LCOCON
2428 291 2639 349 Dii/ii

3624 286 3724 350 43's

508 393 575 445 At
606 390 726 444 hinc
748 390 969 460 quidem
1001 409 1029 446 a
1065 392 1417 450 Pannonibus
1440 402 1637 450 contra
1685 395 1985 452 Germanos
2020 408 2064 450 ‹-ι

2178 404 2273 452 καὶ
2301 401 2343 431 ⁸⁸
2368 401 2530 454 αὑτὸν
2567 401 2789 469 βασιλέα
2817 400 3132 470 ’Δλϐερτον.
3167 400 3349 453 Ταῦτα
3390 398 3487 469 μὲν
3524 402 3579 451 ἐν
3614 405 3729 454 ἐτε-

510 482 793 535 Albertum
825 482 1208 550 imperatorem
1241 483 1383 538 facta
1412 500 1534 539 esse
1576 488 1868 541 traduntur
1900 505 1913 541 :
1949 504 2069 557 qua:

512 572 758 641 profecto
809 574 999 642 paucis
1039 575 1201 629 annis
1253 576 1720 631 intercedentibus
1768 578 2064 647 contigere.

514 665 737 733 Propter
768 664 926 717 istam
951 665 1282 720 discordiam
1318 667 1503 722 ferunt
1536 668 1839 723 Romanum
1885 671 2067 740 potiti-

515 759 665 808 licem
692 755 851 808 Pium
870 754 912 806 ll
939 754 1166 811 Mantua:
1186 757 1387 826 egisse,
1414 768 1698 814 vocantem
1720 759 1996 814 lberoruiu
2017 771 2070 816 et

512 847 792 899 Gallorum
826 862 1003 915 reges,
1042 855 1094 901 et
1143 848 1313 904 duces
1358 851 1817 919 magistratusque
1840 867 1936 920 per
1966 852 2071 905 Ita-

513 942 663 1002 liam,
702 948 964 1007 prmiorea
992 942 1160 996 duces
1188 941 1582 996 Germanorum
1633 952 1686 996 et
1725 943 2067 997 Pannonum.

511 1033 770 1097 Egressus
806 1031 972 1086 Roma
1004 1033 1297 1096 Mantuam,
1332 1051 1441 1104 quo
1462 1036 1752 1090 concilium
1778 1034 2067 1102 indixerat,

506 1121 560 1173 id
586 1122 779 1176 ibidem
808 1124 1246 1179 concelebrabat.
1271 1124 1385 1180 lluc
1405 1125 2073 1181 conveniebantOcciden-

512 1221 700 1273 talium
737 1238 924 1291 regum
950 1231 1007 1275 et
1029 1222 1337 1291 principum
1365 1221 1549 1292 legati,
1579 1231 1634 1275 et
1659 1220 2071 1275 consultabatur

509 1313 785 1377 quomodo
818 1313 1119 1366 Turcoruui
1154 1329 1247 1367 rex
1279 1311 1610 1367 Mechmetes
1638 1312 2073 1366 foretdebellan-

510 1406 632 1459 dus.
662 1390 1149 1473 Siugulosiegatos
1177 1421 1358 1475 regum
1390 1414 1444 1459 et
1471 1405 1803 1475 principum,
1832 1421 2067 1475 quorum

511 1498 834 1550 auctoritate
866 1498 1017 1551 missi
1072 1508 1243 1562 erant,
1283 1498 1608 1553 sententiam
1638 1499 2069 1567 expromereju-

516 1590 690 1643 bebat.
720 1590 949 1655 Quidam
976 1589 1286 1658 pecuniam,
1308 1590 1530 1659 quidam
1557 1590 1754 1645 milites
1782 1606 1843 1646 se
1864 1590 1918 1645 in
1946 1605 2067 1645 eam

508 1682 913 1748 expeditionem
932 1683 1095 1750 228
1114 1683 1410 1737 collaturus
1432 1683 1843 1751 pollicebantur.
1877 1682 2070 1738 Decre-

2171 510 2223 545 σι
2256 493 2398 547 πάνυ
2432 493 2634 561 ὀλίγοις
2665 494 2903 561 ἐγένετο.
2933 493 3031 546 Διὰ
3058 492 3122 561 δὴ
3155 494 3361 562 ταύτην
3406 493 3507 562 τὴν
3546 494 3730 564 διαφα-

2170 585 2291 654 ρὰν,
2322 586 2573 653 γενέσθαι
2626 587 2725 656 τὴν
2782 587 2840 638 ἐν
2906 587 3134 657 Μαντύῃ
3172 584 3267 639 τοῦ
3315 586 3605 653 Ῥωμαίων
3629 590 3733 657 ἁρο

2169 678 2395 747 χιερέως
2439 678 2651 731 δίαιταν
2710 680 2777 731 ⁶⁹.
2832 679 3357 749 Προσκαλεσάμενον
3407 681 3453 711 ’⁸
3493 679 3620 743 τούς
3668 697 3731 732 τε

2181 748 2424 840 Ἰϐήρων,
2454 770 2548 824 καὶ
2580 770 2800 823 Κελτῶν
2829 770 3118 840 βασιλέων,
3159 748 3255 824 καὶ
3282 771 3567 840 ἡγεμόνοιν
3588 812 3604 833 ,
3638 771 3733 823 καὶ

2168 863 2469 932 Γερμανῶν
2489 901 2505 927 ,
2538 864 2637 916 καὶ
2678 864 2941 929 Παιόνων,
2996 864 3092 917 καὶ
3123 863 3232 916 τῶν
3279 865 3420 917 κατὰ
3462 864 3559 932 τὴν
3591 864 3732 915 Ἰτα-

2168 955 2285 1006 λίαν
2316 955 2651 1025 ήγεμονειῶν
2690 957 2786 1009 καὶ
2818 955 3121 1017 πολιτειῶν,
3151 956 3250 1008 καὶ
3289 954 3592 1021 ἐπεξελθὼν
3625 955 3733 1009 ἁπδ

2168 1047 2267 1113 τῆς
2301 1047 2521 1117 Ῥώμης
2548 1049 2601 1110 ἐς
2623 1048 2903 1117 Μαντύην,
2931 1049 3029 1118 τὴν
3058 1049 3276 1101 σύνοδον
3307 1050 3568 1112 ἐποιεῖτο,
3596 1049 3629 1117 ἡ
3662 1049 3731 1119 δὴ

2172 1140 2517 1207 συνελέγοντο
2575 1140 2816 1204 ἅπαντες
2866 1142 2915 1194 οἱ
2970 1142 3078 1195 τῶν
3132 1143 3410 1211 ἐσπερίων
3467 1142 3733 1210 βασιλέων

2170 1216 2229 1283 τὲ
2256 1234 2348 1284 καὶ
2382 1234 2671 1301 ἡγεμόνων
2696 1234 2981 1303 πρέσϐεις,
3014 1236 3279 1306 προέθετο
3308 1236 3435 1306 περὶ
3459 1236 3557 1305 τῆς
3586 1237 3734 1304 Μεχ-

2174 1324 2352 1391 μέτεω
2378 1325 2640 1395 βασιλέως
2673 1326 2929 1395 Τούρκων
2959 1329 3354 1396 καθαιρέσεωέ,
3385 1329 3477 1380 καὶ
3509 1328 3730 1380 ἐκέλευε

2169 1417 2395 1487 γνώμην
2436 1418 2839 1487 ἀποφαίνεσθαι
2893 1419 2994 1472 ἕνα
3023 1420 3255 1473 ἕκαστον
3287 1420 3393 1472 τῶν
3442 1422 3730 1490 παρόντων

2171 1512 2479 1580 πρέσϐεων,
2514 1513 2619 1563 ύπῦ
2645 1514 2755 1564 τῶν
2783 1512 3062 1580 σφετέρων
3095 1511 3363 1582 βασιλέων
3392 1531 3448 1566 τε
3482 1516 3573 1565 καὶ
3602 1517 3731 1581 ἠγε-

2173 1604 2371 1670 μόνων.
2411 1604 2521 1657 Καὶ
2556 1603 2855 1673 ὑπέσχοντο
2907 1604 2971 1674 δὴ
3030 1605 3265 1658 ἐνταῦθα
3305 1606 3356 1657 oi
3412 1607 3510 1674 μὲν
3548 1605 3732 1657 αὐτῶν

2172 1696 2454 1765 χρήματα,
2510 1695 2560 1746 οἱ
2607 1695 2661 1748 δὲ
2716 1697 2811 1747 καὶ
2866 1696 3068 1767 ἄνδρας
3124 1697 3501 1766 συμϐαλέσθαι
3550 1699 3606 1761 ἐς
3635 1700 3730 1749 τὶν

513 1784 626 1824 tum
664 1786 767 1836 est,
819 1786 877 1827 ut
907 1775 1116 1828 decima
1172 1774 1483 1829 redditurum
1523 1776 1797 1840 omnium,
1830 1784 1882 1829 et
1907 1776 2064 1845 quin-

2174 1761 2409 1857 πόλεμον
2448 1788 2619 1841 τόνδε.
2668 1788 2839 1841 Ἔνθα
2888 1761 3081 1859 δὴντὴν
3127 1761 3361 1858 δείιάτην
3408 1790 3520 1842 τῶν
3564 1808 3734 1858 προσ-

511 1865 826 1932 quz-‘gesitna
864 1881 989 1934 pars
1017 1881 1205 1920 eorum
1230 1882 1350 1934 qua:
1383 1867 1448 1920 ad
1477 1867 1681 1921 clerum
1714 1867 1977 1931 redirent,
2015 1869 2068 1921 in

516 1960 673 2009 istam
729 1956 1132 2024 expeditionem
1196 1957 1697 2009 contribuerentur.
1750 1956 2068 2010 Ordinatum

512 2058 615 2108 est,
646 2058 706 2101 ut
731 2051 957 2116 pecunia
991 2064 1109 2113 quae
1167 2049 1291 2103 hinc
1325 2049 1695 2119 colligeretur,
1749 2050 2073 2103 recondere-

510 2152 618 2204 tur,
658 2155 868 2192 necnon
903 2140 1001 2192 \‘iri
1037 2140 1159 2192 huic
1215 2142 1431 2210 negotio
1487 2139 1745 2193 destinati
1777 2148 1924 2193 sunt.
1970 2139 2070 2192 Se-

511 2230 747 2280 t'tllltllllli
780 2229 893 2281 ha-c
911 2230 1230 2281 conclusum
1263 2240 1364 2291 est,
1398 2239 1452 2282 ut
1485 2229 1739 2283 Germani
1772 2244 1895 2283 cum
1928 2231 2072 2282 Pau-

514 2317 751 2371 nunibiis
806 2318 858 2370 in
897 2320 1122 2386 gratiam
1159 2319 1415 2372 redirent.
1452 2318 1715 2373 Miscruut
1749 2318 1813 2372 ad
1841 2334 2070 2373 concor-

510 2409 654 2460 diam
695 2409 852 2461 istam
887 2406 1372 2461 constabilicudam
1409 2407 1789 2465 Bessariouem
1816 2411 2068 2465 cardina-

512 2503 611 2551 lem
679 2499 1132 2568 ,Trapczuntiuni,
1170 2501 1260 2568 qui
1316 2502 1568 2571 princeps
1614 2504 1733 2570 ejus
1782 2503 2067 2574 legationis

508 2593 665 2647 facile
697 2608 888 2647 omnes
906 2593 1227 2647 excellebat.
1256 2592 1408 2647 Missi
1439 2605 1567 2648 sunt
1596 2596 1850 2666 utrinque
1879 2598 2066 2669 legati,

506 2698 739 2751 quorum
773 2697 938 2753 Opera
968 2683 1260 2738 concordia
1298 2685 1439 2738 inter
1467 2684 1618 2755 ipsos
1645 2698 2069 2757 componeretur

505 2784 560 2826 et
599 2774 867 2828 discordia
906 2776 1219 2843 pelleretur.
1270 2773 1458 2845 Legati
1488 2780 1704 2847 quidem
1733 2780 1821 2833 alii
1853 2780 1960 2834 alio
1992 2781 2067 2835 ire

504 2867 638 2934 jussi
672 2881 821 2931 sunt,
880 2878 939 2921 ut
970 2869 1209 2938 reliquos
1241 2870 1668 2924 cohortarentur
1690 2871 1755 2925 ad
1778 2887 2069 2942 capessen-

507 2959 633 3011 dum
666 2961 861 3011 bellum
916 2974 1107 3013 contra
1139 2958 1372 3021 Turcos.
1406 2959 1529 3016 llaec
1567 2962 1784 3031 quidem
1840 2965 1943 3017 sub
1971 2966 2065 3019 Pio

508 3049 767 3105 Pontilicc
799 3050 1165 3120 contigerunt,
1215 3065 1337 3105 cum
1367 3051 1673 3106 eniteretur
1720 3068 2062 3123 nequaquam

503 3140 943 3195 antecessoribus
1003 3141 1117 3193 suis
1155 3155 1276 3195 esse
1334 3140 1580 3195 inferior.
1646 3140 1857 3195 Etenim
1912 3157 2065 3212 capia

504 3232 1006 3302 Constantinopoli,
1062 3232 1358 3286 concilium
1393 3232 1631 3301 agitabat
1662 3232 1921 3287 Nicotaus
1955 3232 1988 3284 ν
2014 3248 2066 3287 et

509 3332 660 3396 longa
690 3328 933 3381 oratione
967 3325 1150 3379 habita
1204 3322 1586 3380 Occidentales
1616 3325 1895 3394 principes
1941 3326 2068 3378 hor-

508 3420 743 3480 tabatur.
769 3429 824 3471 ut
860 3417 1065 3471 bellum
1095 3417 1330 3470 Larbaru
1357 3417 1640 3471 iulerrcnt.
1686 3415 1884 3469 Verum
1920 3416 2064 3471 haud

506 3511 677 3562 multo
704 3507 983 3577 pOSlL-biil
1008 3515 1263 3571 mortem,
1304 3523 1428 3561 cum
1477 3521 1540 3561 ea
1580 3506 1888 3563 adhortatio
1918 3508 2062 3563 haud

504 3602 633 3654 dum
684 3599 751 3653 ad
805 3616 918 3654 rem
950 3608 1093 3654 esset
1151 3600 1378 3653 collata.
1421 3599 1693 3655 Eusebius
1731 3613 1912 3655 autem
1949 3603 2064 3657 sive

506 3692 657 3756 l‘ius,
694 3692 782 3745 ubi
837 3695 1210 3761 pontiﬁcatum
1243 3691 1508 3761 suscepit,
1551 3693 1906 3763 semetipsum
1935 3709 2063 3763 gra-

505 3787 728 3839 vissimo
767 3785 1128 3854 jurejurando
1159 3784 1409 3854 illigavit,
1445 3794 1497 3838 et
1530 3785 1731 3838 lilteris
1788 3785 2064 3855 signiﬁca-

503 3880 595 3942 \‘il,
622 3885 680 3929 ut
704 3877 895 3931 classis
924 3875 1146 3946 Neapoli
1177 3890 1461 3946 pararetur
1486 3878 1551 3931 ad
1580 3875 1872 3931 Turcicam
1901 3892 2064 3947 expe-

501 3972 759 4024 ditionem
797 3987 811 4024 :
848 3984 975 4023 nam
996 3970 1310 4038 Alpliousus
1333 3978 1553 4024 creatus
1590 3979 1709 4023 erat
1737 3970 1842 4023 dux
1868 3981 2059 4025 contra

502 4065 796 4118 Barbaros.
840 4061 1078 4118 Litteras
1136 4062 1235 4116 has
1274 4062 1365 4115 ubi
1423 4063 1636 4132 accepit
1687 4061 2062 4134 Parthenopes

502 4173 617 4217 rex,
656 4162 905 4210 triremes
933 4157 1121 4211 decem
1148 4156 1202 4209 in
1248 4155 1614 4209 Barbarornm
1651 4155 1925 4227 regionem
1963 4156 2060 4210 ini-

497 4264 588 4312 su,
654 4250 864 4303 initium
926 4251 1133 4303 faciens
1210 4249 1426 4302 Turcici
1482 4248 1628 4302 belli.
1688 4248 1779 4303 ιιω
1836 4249 2058 4319 quidem

499 4342 648 4401 solm,
692 4341 1012 4408 necplures,
1040 4341 1297 4409 appulere
1350 4340 1624 4394 lihudum.
1662 4337 1816 4393 Unde
1849 4342 2061 4394 solven-

2172 1879 2306 1931 όδων
2335 1879 2578 1933 ἐδέδοκτο
2604 1880 2670 1944 τί,
2712 1881 2809 1933 καὶ
2845 1881 2920 1948 μὴ
2947 1879 3227 1943 ἐξελέσθαι
3261 1881 3479 1934 πάντων
3511 1883 3620 1934 τῶν
3650 1885 3732 1947 εἰς

2171 1973 2272 2041 τὴν
2304 1972 2577 2040 ἱερατείαν
2608 1973 2923 2028 τελούντων.
2959 1974 3071 2027 Καὶ
3110 1974 3247 2027 am
3275 1974 3320 2027 δ’
3355 1975 3419 2027 ἂν
3449 1973 3559 2025 τῶν
3592 1992 3732 2045 χρη-

2175 2063 2360 2131 μάτων
2419 2064 2803 2134 συναθροισθῇ,
2867 2066 2924 2127 ἐς
2967 2065 3059 2117 τὶν
3103 2066 3340 2133 πόλεμον
3373 2064 3560 2118 τοῦτον
3600 2070 3734 2119 ἀπ’.-

2172 2155 2482 2219 τάττεσθαι,
2522 2157 2617 2210 καὶ
2644 2157 2785 2210 οὓτω
2825 2158 3026 2225 ἄνδρας
3058 2164 3113 2220 ἐς
3148 2158 3216 2210 τὰ
3244 2158 3469 2212 τοιαῦτα
3503 2159 3735 2223 ἐτάξαν-

2170 2264 2251 2301 το.
2288 2249 2443 2301 Μετᾶ
2507 2248 2562 2301 δὲ
2625 2249 2797 2301 ἐδόκει
2850 2250 2979 2312 τοὺς
3012 2251 3326 2319 Γερμανοὺς
3377 2254 3491 2313 τοῖς
3536 2251 3732 2304 Παίοσι

2171 2340 2471 2406 διαλλάξαι.
2541 2343 2647 2394 Καὶ
2702 2342 3109 2409 ἐπιπέμποντες
3173 2343 3340 2413 ἄνδρα
3397 2344 3505 2396 τῶν
3577 2346 3732 2413 παρὰ

2174 2430 2356 2499 σφίσιν
2384 2430 2700 2500 ἐλλογίμων,
2754 2431 2822 2483 τὰ
2876 2432 3073 2502 πρῶτα
3122 2433 3463 2503 φερόμενον,
3515 2434 3727 2504 Βησσα-

2175 2521 2363 2589 ρίωνα,
2396 2522 2758 2590 καρδινάλιον,
2796 2522 2885 2574 τὸν
2922 2524 3028 2575 ἀπὸ
3080 2524 3518 2593 Τραπεζοῦντος,
3560 2528 3729 2598 ἐπρε·

2173 2613 2427 2667 σϐεύοντο
2458 2614 2588 2685 παρ’
2621 2615 2986 2686 ἀμφοτέρους,
3018 2616 3160 2670 ὥστε
3198 2619 3477 2683 διαλλάξαι
3506 2620 3729 2683 τούτους

2170 2706 2441 2776 ἀλλήλοις,
2466 2709 2560 2761 καὶ
2593 2709 2688 2772 τὰς
2721 2710 2984 2780 διαφοράς
3030 2711 3345 2767 καταλύειν.
3383 2714 3491 2767 Καὶ
3530 2714 3728 2773 dum;

2170 2798 2303 2870 ἄλλῃ
2345 2798 2649 2870 διέπεμπον
2689 2801 2781 2852 ἐπὶ
2827 2804 2941 2864 τοῖς
2985 2802 3220 2871 παροῦσι
3252 2803 3564 2872 πράγμασι,
3616 2820 3722 2854 πα·

2174 2893 2535 2961 ρακαλοῦντες
2566 2894 2939 2961 συμϐαλέσθαι
2990 2895 3045 2957 ἐς
3089 2895 3179 2946 τὸν
3233 2895 3325 2947 ἐπὶ
3354 2896 3481 2959 τοὺς
3525 2895 3728 2965 βαρϐά-

2173 3001 2296 3055 ρους
2336 2984 2595 3052 πόλεμον.
2628 2985 2814 3039 Ταῦτα
2854 2989 3039 3053 μέντοι
3067 2986 3144 3054 τῷ
3178 2986 3292 3055 Πίῳ
3320 2988 3571 3058 ἀρχιερεῖ
3600 2991 3729 3040 ἐπε-

2093 3102 2136 3157 c
2170 3076 2774 3146 ποῑητο,,άμιλλωμένῳ
2807 3081 2862 3137 ἐς
2910 3078 3035 3141 τοὺς
3066 3080 3362 3148 προτέρους
3406 3079 3572 3133 αὐτοῦ
3622 3081 3725 3149 ἀρα

2172 3170 2397 3237 χιερεῐς.
2439 3169 2549 3222 Καὶ
2576 3170 2683 3238 γάρ
2728 3186 2807 3221 τοι
2837 3170 2933 3221 καὶ
2964 3171 2992 3222 6
3035 3170 3331 3235 Νικόλεως,
3359 3171 3597 3240 ἁλούσης
3628 3174 3728 3240 τῆς

2172 3257 2463 3322 Βυζαντίου
2489 3260 2716 3323 πόλεως,
2752 3259 2972 3313 σύνοδον
3004 3263 3264 3325 ἐποιεῖτο,
3290 3263 3726 3333 προτρεπόμενο;

2167 3352 2291 3413 τοὺς
2336 3351 2473 3421 πρὸς
2508 3350 2748 3418 ἑσπέραν
2799 3353 3078 3422 ἡγεμόνας
3131 3356 3225 3408 ἐπὶ
3272 3356 3360 3408 τὸν
3412 3341 3726 3425 βάρϐαρόν,

2169 3441 2262 3494 καὶ
2290 3442 2447 3509 λόγον
2476 3442 2672 3511 συχνὸν
2727 3445 3050 3514 ποιούμενος
3083 3447 3405 3514 παρεκάλει.
3439 3448 3512 3500 Ού
3546 3448 3726 3515 πολλῷ

2166 3530 2224 3581 δὲ
2277 3530 2503 3600 ὕστερον
2536 3532 2905 3601 ἐτελεύτησεν,
2951 3533 3114 3603 ἀτελῆ
3151 3535 3466 3588 καταλιπὼν
3510 3535 3726 3603 ταύτην

2166 3623 2315 3692 αὑτῴ
2366 3624 2462 3692 τὴν
2522 3624 2816 3689 ἀπόδειξιν.
2859 3617 2981 3679 ’Τοῦ
3031 3626 3088 3679 δὲ
3139 3627 3396 3681 Εύσεϐἱου
3426 3630 3729 3700 ἀρχιερέως

2170 3715 2310 3786 μετὰ
2336 3714 2583 3768 Νικόλεω
2614 3715 2711 3785 τὴν
2768 3718 3069 3786 ἡγεμονίαν
3104 3718 3530 3788 παραλαϐόντος,
3566 3722 3732 3791 ὅρκον

2165 3807 2501 3877 ποιήσασθαι
2533 3808 2578 3838 ⁷³
2609 3810 2992 3879 ἰσχυρότατον,
3045 3812 3136 3863 καὶ
3178 3813 3236 3863 ἐν
3271 3813 3456 3881 γραφῇ
3487 3814 3728 3882 παραδι-

2162 3898 2345 3962 δόντα,
2377 3900 2671 3968 ἁρτύεσθαι
2708 3901 2806 3969 μὲν
2829 3902 3080 3953 ναυτικὸν
3112 3903 3220 3955 διπὸ
3253 3902 3597 3966 Νεαπόλεως.
3624 3904 3730 3957 Τὸν

2163 3992 2274 4061 γάρ
2309 4009 2391 4045 τοι
2427 3992 2716 4061 ’Λλφόνσον
2775 3995 3077 4062 στρατηγὸν
3118 3994 3340 4047 ἑλέσθαι
3388 3998 3446 4058 ἐς
3497 3998 3589 4049 τὸν
3634 3999 3730 4049 ἐπὶ

2162 4087 2289 4147 τοὺς
2345 4084 2651 4154 βαρϐάρους
2710 4084 2967 4154 πόλεμον.
3011 4087 3118 4139 Καὶ
3156 4087 3358 4157 ταύτην
3403 4088 3726 4157 ἀνελομένου

2162 4178 2269 4229 τῶν
2333 4179 2687 4247 Παρθενόπης
2755 4178 3057 4249 βασιλέως,
3139 4179 3422 4249 ἐκπέμψαι
3483 4185 3728 4279 τριήρεις

2160 4271 2291 4324 δέκα
2328 4271 2422 4325 ἐπὶ
2469 4271 2568 4342 τὴν
2627 4272 2736 4325 τῶν
2790 4272 3082 4342 βαρϐάρων
3131 4272 3338 4344 χώραν,
3376 4271 3727 4342 ὦστέἁρχὴν

2163 4362 2487 4434 ποιούμενος
2525 4364 2625 4434 τῆς
2659 4363 2861 4429 ἐξόδου.
2887 4365 3101 4428 Ταύτας
3133 4367 3319 4434 μέντοι
3342 4367 3441 4429 τὰς
3466 4365 3599 4427 ναῦς
3631 4368 3730 4417 καὶ

500 4443 603 4492 tes,
632 4432 944 4485 ferebantur
984 4442 1174 4485 contra
1213 4432 1493 4501 regionem
1548 4433 1691 4501 regis
1721 4432 1859 4488 Asiae
1897 4435 2051 4486 mari-

2167 4432 2825 4526 ούδένήῦστεροννπλείους
2859 4457 3053 4527 ξυνέϐη
3093 4432 3387 4526 ἀφικέσθαι
3433 4460 3489 4519 ἐς
3525 4457 3724 4519 Ῥόδον,

501 4537 594 4576 tiui
618 4542 708 4577 ιιι.
735 4527 1147 4593 Aliquantulum
1190 4525 1373 4576 damni
1407 4524 1663 4578 invexere
1720 4525 1943 4579 Barbari
1978 4543 2060 4580 re—

499 4619 672 4685 gioni;
708 4634 830 4670 nam
863 4616 1185 4670 accedentes
1214 4614 1869 4683 subjcceruntLemnum,
1895 4634 2055 4687 quam

498 4726 560 4762 ea
604 4717 918 4776 tempestate
953 4723 1042 4759 rex
1076 4707 1312 4760 tenebat.
1346 4705 1538 4760 Postea
1567 4707 1619 4760 in
1650 4706 1916 4762 ditionem
1968 4726 2059 4762 ac-

500 4812 757 4868 ceperunt
792 4800 1051 4865 Imbrum,
1075 4809 1131 4852 et
1157 4797 1397 4868 reliquas
1418 4797 1593 4868 [Egrei
1624 4801 1794 4855 maris
1826 4802 2055 4857 insulas.

498 4891 725 4963 Scyrum
761 4891 986 4945 enimet
1035 4890 1349 4960 Scopelum,
1383 4906 1592 4944 necrun
1636 4893 1875 4960 reliquas
1908 4895 2058 4948 insu-

500 4984 601 5045 las,
657 4982 912 5052 Byzantio
936 4992 1096 5051 capto
1134 4980 1199 5035 ad
1230 4980 1462 5035 Venetos
1493 4982 1781 5036 transiisse
1818 4992 2056 5049 constat,

499 5076 592 5145 qui
627 5092 722 5129 eas
760 5084 1005 5128 tenuere.
1040 5073 1176 5128 Cum
1210 5086 1391 5127 autem
1426 5089 1521 5142 per
1550 5074 1818 5142 integrum
1852 5093 2054 5130 annum

502 5168 753 5221 triremes
784 5167 888 5223 illa:
919 5168 1043 5220 hinc
1067 5166 1191 5220 inde
1218 5170 1590 5229 olierrassent,
1615 5168 1749 5220 nihil
1778 5184 1908 5225 sane
1940 5186 2057 5224 me-

499 5261 759 5314 morabile
824 5260 1086 5313 fecerunt.
1149 5260 1415 5313 Praeterea
1449 5274 1571 5312 cuin
1632 5260 1886 5316 triremes
1938 5266 2057 5317 alia)

498 5352 656 5404 nulla:
686 5353 753 5404 ab
786 5351 931 5405 Italia
982 5355 1458 5415 submitterentur,
1489 5364 1535 5404 et
1593 5354 1721 5421 ipsa:
1766 5354 1821 5407 in
1850 5355 2056 5412 Italiam

2168 4546 2259 4596 καὶ
2322 4542 2499 4615 ταύτῃ
2555 4547 2956 4615 ὁρμισαμένας,
3008 4547 3260 4600 ἐντεῦθεν
3300 4547 3596 4617 ὡρμῆσθαι
3640 4552 3731 4599 ἐπι

2167 4632 2270 4704 τὴν
2297 4633 2561 4703 βασιλέως
2590 4635 2793 4705 χώραν,
2837 4639 2933 4689 καὶ
2962 4636 3063 4707 τῆς
3096 4638 3284 4700 Ἀσίας
3313 4639 3600 4708 παράλιον·
3637 4640 3733 4691 καὶ

2163 4726 2357 4795 δρᾶσαι
2395 4726 2492 4794 μὲν
2522 4727 2568 4758 ⁷³
2602 4728 2755 4794 ὀλίγα
2808 4728 2944 4780 ἄττα
3000 4730 3100 4797 τῆς
3170 4729 3433 4799 βασιλέως
3492 4729 3678 4803 χώρας
3711 4771 3727 4795 ,

2168 4818 2527 4881 ἐπιπλέοντας
2571 4819 2628 4871 δὲ
2672 4819 3155 4890 καταστρέψασθαι
3189 4821 3289 4889 τὴν
3318 4821 3556 4890 Λῆμνον,
3581 4822 3731 4889 έχον-

2166 4924 2255 4970 τος
2288 4910 2495 4978 ταύτην
2552 4909 2646 4962 τοῦ
2683 4911 2973 4979 βασιλέως.
3007 4913 3163 4967 Μετὰ
3190 4913 3246 4964 δὲ
3272 4912 3445 4965 ταῦτα
3475 4913 3727 4981 Ἴμϐρον,

2167 4999 2391 5063 καὶτὰς
2436 4998 2629 5063 λοιπὰς
2684 5004 2793 5054 τῶν
2844 5003 3015 5074 ταύτῃ
3071 5006 3249 5073 νήσων
3294 5005 3351 5054 ἐν
3392 5001 3467 5071 τῷ
3493 5004 3723 5071 Αἰγαίῳ.

2167 5087 2277 5159 Τὴν
2308 5089 2415 5158 γάρ
2446 5107 2526 5143 τοι
2560 5091 2770 5163 Σκῦρον
2815 5093 2909 5145 καὶ
2946 5093 3216 5146 Σκόπελον
3238 5132 3254 5155 ,
3288 5094 3386 5147 καὶ
3412 5097 3507 5156 τὰς
3533 5094 3724 5156 ἄλλας,

2167 5182 2243 5245 ὠς
2291 5183 2434 5235 ἑάλω
2473 5184 2771 5247 Βυζάντιον
2820 5185 2926 5237 ὑπὸ
2970 5186 3234 5255 βασιλέως
3258 5224 3273 5248 ,
3309 5185 3399 5238 ἐπὶ
3430 5186 3725 5243 Οὑενετοὺς

2167 5274 2485 5343 ἐτράποντο,
2523 5277 2617 5328 καὶ
2658 5275 2817 5347 ἔσχον
2848 5279 3071 5340 ταύτας.
3133 5277 3407 5331 Ἐνιαυτὸν
3455 5278 3511 5329 δὲ
3563 5295 3722 5345 περι-

2171 5366 2425 5431 πλέοντες
2472 5368 2533 5422 ea
2584 5371 2806 5438 Αἰγαῖον
2846 5366 3005 5423 αὗται
3060 5371 3113 5424 αἱ
3151 5372 3419 5442 τριήρεις,
3460 5368 3613 5422 οὐδέν
3639 5386 3721 5420 τοι

1781 5491 2025 5555 Notula)
2058 5502 2455 5579 marginales.

568 5641 611 5711 ’ξ
650 5640 839 5711 αὐτὴν.
874 5638 934 5693 R.
960 5652 1012 5690 ut
1049 5640 1100 5711 in
1137 5654 1186 5711 cr.

498 5712 543 5744 "
576 5708 641 5765 In
671 5708 791 5765 uno}
829 5712 986 5780 ὀχυρ.
1065 5710 1108 5738 ⁷³
1147 5710 1207 5760 In
1236 5724 1358 5774 uno,
1404 5710 1628 5781 δῃώσας.

1308 5638 1350 5668 ⁸³
1383 5637 1540 5726 μέτα,
1579 5639 1631 5691 in
1669 5656 1769 5699 uno
1805 5656 1860 5700 ut
1907 5664 1953 5703 c.
2001 5648 2064 5703 In
2096 5651 2169 5706 al.
2216 5655 2289 5724 μὴ
2334 5672 2527 5726 προσκ.

2636 5657 2679 5687 ⁷⁰
2714 5657 2825 5710 τῶν
2852 5675 2906 5711 τε
2933 5656 2994 5711 Ii.
3030 5668 3082 5710 ut
3109 5675 3154 5711 ε.
3265 5657 3310 5687 τ’
3347 5655 3410 5709 Ii.
3447 5658 3603 5727 κοινῇ
3636 5654 3718 5719 ἐξ·
