4006 6204
290 292 394 357 533

1327 292 1426 355 DE
1468 292 1722 353 REBUS
1765 287 2136 350 TURCICIS
2170 288 2319 351 LIB.
2358 289 2530 352 VIII.

3428 301 3530 362 ωδ

288 409 439 471 ἄξιον
477 408 637 474 λόγου
697 405 1097 459 ὕπεδείκνυντο.
1155 405 1264 458 Καὶ
1313 406 1386 467 ὡς
1433 405 1586 458 οὐδὲν
1622 403 1700 455 ἔτι
1734 401 1860 454 ἐπέ-

1967 398 2178 453 redicre
2210 418 2221 452 :
2260 410 2307 454 et
2336 402 2557 455 navales
2608 401 2828 462 milites.
2859 403 2950 472 qui
2985 403 3038 456 in
3091 403 3197 457 illis
3230 417 3404 468 erant.
3433 424 3531 476 per

288 501 411 552 πλτι
468 499 582 552 ἀπὸ
619 495 856 560 Ἰταλίας
887 535 903 558 ,
961 491 1118 558 αὖθις
1162 495 1426 548 ἐπέπλεον
1477 498 1570 548 ἐπὶ
1603 495 1860 556 Ἰταλιας,

288 589 682 650 σκεδασθέντες
719 588 892 658 ταύτῃ
923 588 1027 640 ἀνὰ
1065 592 1163 650 τὰς
1195 587 1398 650 πόλεις.
1449 589 1558 639 Ka‘t
1613 585 1862 654 Εὐσεδέῳ

291 680 392 750 μὲν
427 681 476 712 ⁷⁵
540 679 619 748 τῷ
672 680 923 748 ἀρχιερεῖ
984 681 1043 740 ἐς
1116 679 1233 730 τόδε
1283 676 1536 729 ἐτελεύτα
1597 678 1628 745 ἠ
1685 693 1863 746 παρα-

291 775 486 840 σκευή·
523 773 662 838 μετὰ
706 770 762 821 δέ
798 770 922 832 ﬂio;
951 771 980 822 ό
1017 771 1332 839 ἀρχιερεὺς,
1370 769 1444 830 ὡς
1475 771 1566 821 ἐπὶ
1603 776 1700 837 την
1734 767 1863 836 ἠγεο

293 864 492 931 μονξαν
522 861 775 928 ἀφίκετο.
830 863 930 929 τὴν
960 863 1017 912 ἐν
1050 860 1277 932 Matium
1302 860 1512 912 δίαιταν
1545 861 1860 926 ἐποιήσατο,

291 957 390 1008 ᾶτε
418 955 482 1024 δὴ
512 953 848 1006 κατάστασίν
879 969 936 1004 τε
982 953 1074 1004 καὶ
1111 951 1367 1019 σύλλογον
1402 953 1528 1021 περὶ
1559 951 1667 1002 τῶν
1693 949 1862 1018 καθη-

291 1049 504 1099 κόντων
536 1043 687 1112 αὐτῷ
722 1045 1068 1114 πραγμάτων
1119 1046 1174 1106 ἐς
1208 1043 1299 1095 τὸν
1329 1043 1419 1094 ἐπὶ
1461 1042 1682 1108 βασιλέα
1713 1043 1862 1110 Μεχ-

295 1139 472 1208 μέτην
503 1139 762 1206 πόλεμον.
803 1135 1089 1204 Βησαρίων
1123 1137 1222 1202 μὲν
1245 1135 1310 1204 δὴ
1339 1135 1431 1186 ἐπὶ
1464 1135 1697 1195 Παίονας
1730 1135 1861 1199 ἀφι-

295 1223 530 1299 κόμενος
565 1231 660 1280 καὶ
703 1229 760 1290 ἐς
800 1228 1116 1295 Γερμανοὺς
1146 1268 1160 1290 ,
1208 1227 1277 1278 τά.
1318 1242 1377 1276 τε
1425 1225 1559 1278 ἄλλα
1591 1224 1860 1293 διελέχθη,

295 1323 392 1374 καὶ
423 1321 523 1390 τὴν
569 1321 706 1388 πρὸς
740 1320 1003 1386 ἀλλήλους
1036 1317 1302 1386 διαφορὰν
1333 1316 1630 1369 καταλύειν
1661 1315 1862 1383 πειρώ-

298 1431 484 1482 μενος,
527 1411 641 1480 οὐχ’
672 1406 784 1473 οἷός
823 1411 1156 1477 τενὲγένετο,
1203 1412 1259 1470 ἐς
1303 1411 1472 1462 ταυτδ
1508 1410 1674 1478 ἄμφω
1708 1409 1864 1471 ξυνα-

293 1505 508 1572 γαγὼν,
549 1503 854 1566 διαλλάξαι.
891 1501 1054 1552 Ἀλλὰ
1091 1501 1380 1569 ἄπρακτος
1423 1501 1520 1568 μὲν
1561 1499 1860 1567 ἀπεχώρει·

295 1597 476 1648 ἐδόκει
531 1595 575 1646 δ’
607 1595 793 1656 αὐτοῖς
845 1593 952 1646 ἀπὸ
1021 1591 1262 1652 Ἰταλιας
1309 1590 1660 1659 ὡρμημένοις
1714 1589 1861 1641 τόνδε

297 1691 442 1753 σφᾶς
470 1687 704 1754 ἅρασθαι
733 1686 826 1738 τὸν
847 1685 1089 1753 πόλεμον
1127 1683 1232 1736 ἀπὸ
1265 1684 1358 1750 τῆς
1389 1683 1642 1751 ἠπείρου.
1673 1681 1860 1732 Ταῦτα

299 1782 400 1846 μὲν
435 1782 491 1842 ἐς
521 1779 774 1832 τοσοῦτον
823 1779 1050 1845 ἐγένετο
1080 1777 1220 1829 κατὰ
1251 1776 1348 1845 τὴν
1377 1779 1435 1828 ἐν
1464 1774 1694 1843 Μαντύῃ
1725 1773 1864 1825 δίαι-

1964 490 2129 547 Italiae
2159 494 2320 546 urbes
2367 493 2600 562 dispersi
2631 503 2775 548 sunt.
2815 495 2972 549 I-Iunc
3004 497 3164 550 [intem
3203 500 3394 552 habuit
3429 502 3534 554 Eu-

1963 583 2098 636 sebii
2124 584 2238 636 sive
2262 582 2340 636 Pii
2367 592 2662 651 apparatus
2688 583 2936 639 bellicus.
2969 585 3176 640 Deinde
3207 589 3371 641 etiam
3397 589 3529 643 I‘ius

1965 673 2334 741 pontifex.uhi
2369 676 2602 743 primum
2643 675 3020 742 pontiﬁcatum
3046 693 3161 736 sus.
3197 682 3532 746 cepiteonci-

1964 765 2095 818 Iiutn
2128 764 2360 820 Mantua:
2388 767 2690 820 celebravit
2723 785 2737 822 :
2770 767 2824 820 in
2857 785 2964 837 quo
2988 769 3120 822 nihil
3146 769 3291 823 aliud
3323 782 3528 832 actum.

1964 868 2126 923 quam
2161 857 2437 923 quomodo
2491 856 2814 912 Mechnwtes
2863 859 3167 914 Turcoru'n
3231 861 3532 931 imperator

1963 955 2110 1000 esset
2159 946 2483 1000 domandus.
2536 947 2820 1002 Bessarion
2852 965 2976 1004 cum
3025 952 3092 1005 ad
3150 951 3442 1006 Panuones
3475 962 3532 1006 et

1965 1033 2265 1088 Germanos
2321 1037 2583 1102 venisset,
2647 1041 2896 1093 mandata
2942 1056 3061 1109 qua:
3119 1055 3425 1111 acceperat,
3461 1044 3528 1096 iis

1964 1129 2257 1181 enarravit.
2287 1128 2419 1182 Cum
2453 1131 2762 1186 institueret
2792 1134 3144 1198 discordiam,
3173 1153 3276 1205 qtta
3304 1138 3446 1191 inter
3468 1153 3530 1192 se

1966 1218 2306 1281 laborabant,
2336 1218 2658 1288 dissolvere,
2694 1225 2858 1294 229
2879 1235 2932 1278 et
2966 1228 3310 1281 concordiam
3342 1229 3494 1282 indui
3516 1258 3529 1268 -

1964 1325 2108 1374 cere,
2139 1309 2280 1367 nihil
2311 1310 2522 1366 edicere.
2547 1314 2745 1382 quivit,
2779 1319 3031 1385 quamvis
3066 1319 3120 1372 in
3157 1335 3322 1371 unum
3349 1321 3528 1374 locum

1964 1423 2059 1462 eos
2089 1409 2473 1462 contraxisset.
2503 1407 2699 1460 Verum
2730 1423 2787 1461 re
2817 1409 3014 1462 infecta
3036 1411 3532 1464 discedebat.Tan-

1965 1498 2086 1552 dem
2116 1497 2294 1552 visum
2334 1509 2438 1560 est,
2465 1507 2521 1550 ut
2547 1513 2608 1551 ex
2642 1499 2789 1552 Italia
2816 1499 3047 1569 profecti
3108 1499 3348 1555 Tui-cunt
3385 1511 3530 1555 terra

1964 1592 2408 1658 aggrederentur.
2450 1590 2574 1644 Ilaec
2609 1593 2828 1659 quidem
2895 1593 3160 1648 hactenus
3213 1594 3448 1648 Mantuae
3477 1596 3530 1647 in

1965 1679 2196 1732 concilio
2227 1689 2376 1748 gesta
2407 1689 2554 1733 sunt.
2587 1679 2739 1734 Nuuc
2777 1692 2990 1750 tempus
3021 1693 3179 1738 estut
3213 1685 3430 1738 redeant
3465 1689 3529 1738 ad

1969 1771 2120 1825 illum
2179 1787 2488 1826 sermonem
2557 1773 2698 1826 unde
2725 1775 2790 1826 ad
2832 1776 2980 1830 hunc
3012 1776 3290 1846 digressus
3315 1794 3457 1834 sum.

296 1891 414 1924 ταν,
457 1869 582 1940 Εἷμι
610 1870 667 1922 δὲ
699 1869 784 1921 ἐπ’
821 1872 994 1920 ἐκεῖνο
1021 1869 1114 1920 τοῦ
1145 1870 1326 1934 λόγου,
1359 1867 1481 1919 ὅθεν
1524 1867 1619 1918 ἐπὶ
1659 1862 1920 1916 τοσοῦτον
1951 1862 2292 1932 ἐτραπόμην,
2329 1865 2383 1924 ἐς
2408 1863 2665 1916 τοσοῦτον
2703 1864 2915 1928 διεξιὼν
2947 1865 3036 1918 τὸν
3066 1867 3243 1933 λόγον.

369 1965 474 2014 Τοῦ
507 1964 614 2032 γαρ
639 1981 722 2014 τοι
769 1963 1148 2031 ἐπιγινομένου
1184 1963 1373 2031 θέρους
1403 1962 1615 2030 ἀπέχρη
1655 1961 1753 2029 μὲν
1783 1959 1860 2026 τῷ

299 2054 510 2122 βασιλεί
575 2055 834 2124 Μεχμέτῃ
894 2052 1080 2114 κακῶς
1137 2053 1407 2121 πράξαντι
1477 2053 1534 2112 ἐς
1595 2051 1697 2120 τὴν
1767 2049 1862 2100 ἐπὶ

301 2150 538 2209 Παίονας
583 2148 793 2200 ἐλευσιν
845 2147 1079 2214 ἡσυχίαν
1127 2130 1317 2212 ἄγεὶνο
1370 2144 1754 2213 στρατεύματα
1805 2144 1863 2195 δέ

295 2245 548 2309 ἔπεμπεν
593 2240 726 2308 ἄλλῃ
777 2256 836 2290 τε
883 2241 978 2293 καὶ
1025 2239 1118 2290 ἐπὶ
1160 2238 1458 2307 Σκενδέρην
1511 2240 1604 2289 τὸν
1643 2236 1864 2290 Ἰϐἀνεω

295 2335 485 2387 παῖδα.
522 2331 636 2400 Ἐφ’
688 2333 747 2384 δν
801 2330 863 2400 δὴ
908 2333 1004 2383 καὶ
1060 2332 1088 2383 ὁ
1143 2331 1323 2401 πατὴρ
1374 2332 1863 2400 στρατευσάμενος,

298 2427 783 2495 καταστρέψασθαι
812 2427 907 2494 οὐχ
945 2421 1054 2488 οἷός
1084 2442 1141 2476 τε
1169 2415 1400 2492 ἐγένετο.
1429 2425 1640 2495 Ἰησοῦν
1671 2425 1726 2476 δὲ
1773 2425 1864 2476 τὶν

298 2519 577 2586 Βρενέζεω
627 2519 791 2570 παῖδα
831 2518 1082 2581 ἀπέδειξε
1136 2517 1180 2547 ⁷⁸
1227 2517 1552 2586 στρατηγὸν,
1590 2514 1867 2584 παραδοὺς

296 2611 358 2662 τό
389 2628 448 2661 τε
487 2610 590 2660 ὑπὸ
616 2609 838 2678 Φερῤὦν
870 2611 1201 2678 στράτευμα,
1235 2611 1328 2659 καὶ
1379 2608 1439 2660 τὸ
1484 2610 1634 2676 παρὰ
1665 2607 1860 2671 Ἀξιὸν,

297 2702 394 2751 καὶ
437 2701 500 2751 τὸ
555 2701 660 2751 ἀπὸ
689 2700 1007 2758 Θετταλίας.
1053 2700 1386 2767 ’ῐιγουμένου
1431 2698 1487 2750 δὲ
1543 2699 1717 2768 Ἰησοῦ
1771 2699 1863 2751 τοῦ

296 2791 595 2861 Βρενέζεω,
617 2790 868 2843 ἐσέϐαλλε
898 2791 1031 2859 πρὸς
1069 2791 1160 2841 τὸν
1185 2791 1371 2842 Ἰόνιον
1398 2791 1495 2858 τῆς
1524 2788 1862 2851 Μακεδονίας

297 2886 500 2952 χῶρον,
546 2885 639 2934 καὶ
687 2883 841 2954 ἐδῄου
887 2885 954 2936 τὰ
1002 2881 1169 2935 πολλὰ
1218 2883 1404 2952 αὐτῆς.
1459 2883 1759 2951 Σκενδέρης
1810 2881 1867 2934 δέ

2040 1958 2114 2010 Ea
2155 1967 2345 2011 testate
2379 1973 2501 2027 qum
2568 1958 2988 2027 insequebatur,
3041 1963 3298 2030 praeclare
3346 1981 3533 2020 serum

1969 2059 2150 2101 actum
2177 2049 2400 2117 putabat
2456 2050 2807 2117 Mechmetes,
2864 2056 2956 2120 qui
3007 2055 3354 2124 inauspicato
3420 2077 3532 2114 rem

1971 2151 2215 2209 gesserat
2273 2157 2397 2195 cum
2461 2144 2831 2209 Paunonibus,
2887 2149 3031 2215 quod
3082 2149 3319 2217 quietem
3375 2169 3537 2221 agere

1961 2245 2167 2302 posset.
2202 2233 2347 2288 Misit
2377 2235 2541 2299 igitur
2572 2251 2778 2304 partem
2833 2239 3109 2294 exercitus
3140 2251 3332 2296 contra
3364 2242 3536 2296 Scen-

1963 2325 2146 2379 derem
2185 2325 2365 2380 Ibanis
2399 2326 2594 2394 lilium,
2623 2345 2785 2397 quem
2825 2340 2998 2397 pater,
3034 2335 3286 2401 quamvis
3337 2337 3539 2404 saipius

1963 2431 2090 2468 eum
2144 2417 2422 2473 debellare
2481 2423 2810 2490 occepisset,
2851 2423 3066 2478 vincere
3129 2428 3387 2494 nequivit.
3444 2429 3536 2482 .lo-

1965 2522 2100 2560 sueu
2135 2507 2246 2577 (58)
2281 2510 2450 2564 filium
2513 2511 2768 2569 Brenczis
2806 2516 3098 2569 constituit
3135 2519 3198 2570 ad
3235 2519 3285 2571 id
3329 2520 3529 2574 bellum

1964 2599 2180 2663 ducem,
2215 2601 2302 2654 cui
2337 2603 2560 2656 tradidit
2593 2606 2916 2671 exercitum,
2947 2609 3039 2676 qui
3081 2607 3343 2666 Pherrhis
3393 2624 3534 2678 erat,

1966 2699 2018 2741 et
2075 2706 2195 2742 eum
2247 2693 2338 2760 qui
2406 2704 2526 2748 erat
2579 2697 2722 2764 apud
2776 2695 2973 2750 Axium
3033 2699 3255 2764 ﬂumen,
3319 2718 3533 2758 necnon

1969 2781 2262 2836 Thessaliae
2318 2787 2639 2841 exercitum.
2706 2787 2850 2841 Duce
2901 2802 3080 2845 autem
3137 2792 3304 2847 Josue
3355 2796 3540 2851 incur-

1968 2875 2176 2927 sionem
2243 2876 2476 2931 fat-iebat
2534 2895 2723 2934 versus
2785 2879 2992 2935 leniunt
3061 2882 3410 2951 Macedonian
3483 2898 3538 2938 et

295 2977 452 3036 οὗτος
481 2976 1048 3044 διαπρεσϐευσάμενος
1103 2976 1237 3045 πρὸς
1283 2977 1374 3028 τδν
1420 2973 1640 3044 Ῥώμης
1674 2993 1731 3027 τε
1766 2976 1857 3045 ἀρ-

1969 2967 2227 3038 pleraqne
2261 2971 2416 3023 istius
2471 2972 2839 3041 depopulatus
2876 2984 2976 3029 est.
3037 2976 3339 3031 Scendcres
3393 2980 3538 3048 lega-

300 3069 514 3136 χιερέα,
546 3070 640 3120 καὶ
682 3068 815 3137 πρὸς
865 3067 1086 3135 βασιλέα
1130 3068 1422 3132 Ἀλφόνσον
1470 3069 1560 3120 τὸν
1597 3069 1865 3136 Παρθενό-

302 3174 434 3224 πης,
465 3157 780 3226 ἐπιτηδείως
832 3174 891 3210 τε
921 3157 1045 3227 ἔσχε
1094 3160 1190 3212 καὶ
1246 3158 1490 3226 συνήθως
1527 3160 1603 3227 τῷ
1653 3160 1866 3228 βασιλεῖ

298 3249 497 3317 τούτῳ,
520 3249 586 3298 δι’
626 3249 660 3300 ὃ.
693 3249 755 3316 δὴ
788 3250 880 3300 καὶ
909 3251 1000 3301 τειν
1045 3249 1183 3320 πρὸς
1220 3248 1445 3317 βασιλέα
1483 3253 1718 3316 πόλεμον
1766 3253 1864 3320 τήν

296 3357 357 3389 τε
399 3339 617 3406 Κρούην
669 3339 953 3405 παρέδωκε
1003 3339 1176 3408 τούτῳ
1208 3338 1285 3408 τῷ
1318 3339 1546 3407 βασιλεῖ,
1583 3345 1676 3392 καὶ⁵
1709 3342 1862 3410 ἠξίου

296 3431 449 3499 αὑτῷ
497 3433 732 3498 ὑπήκοον
772 3426 930 3483 εἶναι.
960 3432 1128 3482 Ἔνθα
1172 3431 1234 3499 δὴ
1285 3432 1374 3482 καὶ
1413 3433 1642 3499 στρατὸν
1698 3433 1862 3494 πεζὸν

299 3523 485 3573 ἰκανὸν
513 3521 952 3588 διαπορθμεύσας
987 3525 1012 3573 ὁ
1042 3523 1391 3592 Παρθενόπης
1422 3518 1575 3584 οὗτος
1611 3523 1861 3591 βασιλεὺς

297 3614 410 3665 ἀπὸ
456 3613 738 3679 Ἰαπυγίας
795 3616 852 3674 ἐς
908 3615 1276 3684 Ἐπίδαμνον,
1329 3618 1424 3670 καὶ
1469 3617 1704 3686 ἄρχοντα
1755 3618 1864 3668 τῶν

297 3703 434 3770 παρῖ
486 3703 663 3770 ἐαυτῷ
718 3704 1016 3772 ἐλλογίμων
1073 3706 1169 3758 1ένα
1231 3708 1559 3778 στρατηγὸν,
1613 3709 1708 3759 ἐπὶ
1764 3708 1863 3778 τὴν

297 3799 565 3866 βασιλέως
618 3798 888 3867 ἐληΐζοντο
935 3801 1138 3868 χώραν.
1193 3803 1346 3854 Μετὰ
1394 3803 1450 3856 δὲ
1498 3805 1863 3867 καταστάντες

298 3890 655 3958 ἐπολιόρκουν
695 3891 948 3959 πολίχνην
996 3891 1234 3962 Σφετόην
1265 3893 1632 3964 καλουμένην,
1657 3895 1862 3957 ἐξελεῖν

297 3981 637 4049 βουλόμενοι.
687 3983 946 4034 Ἐνταῦθα
996 3983 1296 4048 πυθόμενος
1328 3988 1480 4054 παρὰ
1522 3986 1630 4036 τῶν
1673 3985 1862 4051 σφετέ-

298 4090 409 4140 ρων
454 4071 657 4137 Ἰησοῦς
703 4074 730 4124 ὁ
767 4073 1074 4141 Βρενέζεω,
1111 4078 1203 4127 καὶ
1258 4077 1588 4144 παραλαϐὼν
1633 4079 1761 4137 τοὺς
1806 4079 1861 4138 ἐς

297 4161 390 4210 τὸν
434 4160 613 4222 Ἀξιὸν
663 4161 1050 4229 ἱπποδρόμους,
1098 4163 1190 4216 καὶ
1242 4165 1562 4232 Παραϐοΐων
1603 4166 1860 4234 στρατὸν,

295 4251 394 4300 καὶ
437 4247 536 4317 τὴν
569 4252 832 4317 ταχίστην
864 4251 1221 4319 ἐπειγόμενος
1266 4254 1436 4322 ἄλλην
1485 4253 1518 4323 ἦ
1551 4255 1706 4306 αὐτοὶ
1733 4256 1861 4321 ἐφύ-

1973 3065 2175 3117 tionent
2211 3065 2357 3118 miSit
2385 3065 2447 3117 ad
2488 3065 2792 3120 Romanum
2815 3071 3150 3137 pontiﬁcem,
3177 3082 3230 3125 et
3258 3073 3321 3124 ad
3355 3088 3534 3138 regem

1967 3154 2341 3226 Parthenopes
2369 3159 2752 3227 Alphonsum,
2810 3178 2934 3214 nam
3000 3163 3114 3230 tegi
3179 3164 3302 3218 huic
3350 3165 3537 3217 admo-

1967 3247 2097 3300 dum
2123 3251 2321 3303 charus
2344 3260 2395 3302 et
2424 3249 2712 3304 familiaris
2764 3261 2904 3324 erat,
2929 3253 3054 3316 quia
3093 3265 3312 3322 propter
3336 3253 3534 3306 bellum

1969 3338 2272 3393 Turcorunt
2314 3340 2612 3394 imminens
2672 3342 2760 3396 isti
2799 3343 2906 3410 regi
2940 3341 3156 3409 Ct'ojam
3212 3343 3537 3409 assignarat.

1965 3446 2193 3499 eamque
2221 3431 2346 3484 huic
2383 3430 2652 3484 subditam
2688 3446 2809 3486 esse
2845 3432 3078 3485 volebat.
3118 3432 3539 3502 Transporlavit

1965 3523 2130 3590 igitur
2160 3524 2231 3577 ibi
2268 3539 2360 3578 rex
2393 3524 2764 3592 Parthenopes
2820 3525 3131 3592 Alphonsus
3193 3529 3259 3579 ah
3309 3525 3533 3596 Iapygia

1969 3615 2272 3682 pedestrem
2333 3615 2635 3668 exercitum
2696 3630 2950 3683 maguum
3013 3617 3064 3668 in
3129 3617 3536 3685 Epidamnum,

1968 3710 2055 3761 cui
2088 3707 2330 3776 praefecit
2357 3709 2552 3762 ducem
2586 3709 2652 3762 de
2705 3709 2823 3762 suis
2852 3709 3027 3762 virum
3079 3709 3437 3779 prudentem:
3484 3721 3539 3764 et

1968 3797 2109 3863 regis
2142 3797 2418 3864 regionem
2455 3797 2802 3852 cvastabant.
2840 3795 3035 3852 Postea
3092 3799 3404 3867 conjunctis
3449 3814 3540 3852 co-

1966 3891 2070 3957 piis
2098 3889 2424 3944 ohsidebant
2453 3888 2642 3942 urbem
2671 3889 2967 3958 Sphetoam
3010 3889 3127 3959 (59)
3177 3890 3534 3952 nominatam,

1967 3981 2215 4034 volentes
2243 3995 2360 4034 eam
2393 3997 2725 4050 expugnare.
2757 3978 2922 4034 Josue
2949 3979 3198 4033 Breuezis
3233 3979 3377 4032 ﬁlius
3407 3995 3529 4032 cum

1966 4073 2329 4127 intellexisset
2352 4073 2404 4125 in
2436 4089 2604 4141 quam
2646 4078 3029 4126 necessitatem
3057 4073 3335 4124 venissent
3364 4069 3538 4138 Sphe-

1967 4175 2184 4218 toenses
2226 4165 2366 4230 (60),
2399 4165 2676 4232 accipiens
2706 4165 2920 4232 equites
2955 4163 3044 4230 qui
3081 4173 3236 4215 erant
3273 4162 3324 4214 in
3374 4161 3534 4222 Axio.

1967 4267 2019 4309 et
2041 4257 2428 4310 Peresbiorutu
2463 4257 2791 4315 exercitum.
2822 4255 2988 4307 citato
3054 4254 3267 4321 agmine
3319 4253 3538 4322 proﬁci-

296 4340 490 4392 λαττον
520 4343 569 4392 οἱ
614 4341 826 4403 Ἰταλοὶ,
857 4343 950 4392 καὶ
990 4344 1334 4395 ἐπεισπεσὼν
1381 4344 1552 4413 ἄφνω,
1587 4345 1861 4415 διέφθειρε

1969 4347 2272 4409 scens,alia
2314 4348 2417 4409 via,
2441 4361 2548 4399 non
2571 4361 2630 4398 ea
2660 4347 2713 4398 in
2739 4358 2845 4413 qua
2870 4343 2982 4396 Itali
3002 4343 3259 4396 excubias
3284 4343 3534 4410 agebant,

298 4431 619 4497 σύμπαντας
648 4435 773 4493 τοὺς
815 4433 1070 4494 Ἰταλούς.
1108 4435 1410 4504 Σκενδέρης
1465 4437 1679 4504 μέντοι,
1704 4437 1862 4504 ἔτυχε

300 4526 404 4592 γὰρ
451 4526 604 4578 ἀπὼν
633 4526 773 4587 τότε,
804 4527 1072 4579 οὐδοτιοῦν
1127 4527 1316 4580 παθὼν
1365 4531 1554 4582 δεινόν.
1594 4531 1865 4598 ’Ὕστερον

300 4620 486 4684 μέντοι
534 4619 594 4668 οὗ
643 4618 821 4688 πολλῷ
871 4620 1174 4688 Σκενδέρης
1233 4620 1424 4682 διαϐὰς
1486 4622 1542 4682 ἐς
1610 4622 1860 4683 Ἰταλίαν,

296 4707 524 4771 ἀφίκετο
584 4709 642 4768 ἐς
701 4709 790 4758 τὸν
835 4708 1189 4776 Παρθενόπης
1240 4707 1490 4775 βασιλέα.
1543 4710 1652 4760 Καὶ
1701 4710 1863 4760 αὑτὸν

296 4797 713 4865 ὑποδεξάμενος,
772 4803 838 4849 τὲ
895 4816 951 4850 τε
1009 4799 1144 4851 ἄλλα
1206 4801 1453 4869 ἐτίμησε,
1506 4800 1598 4852 καὶ
1659 4801 1715 4862 ἐς
1771 4799 1862 4851 τὸν

308 4885 525 4952 Ῥώμης
593 4888 854 4956 ἀρχιερέα
932 4889 1226 4957 ἀπέπεμψε
1295 4889 1858 4958 φιλοφρονησάμενος.

298 4977 452 5030 Μετὰ
487 4978 545 5028 δὲ
575 4977 744 5028 ταῦτα
775 4979 1030 5046 χρήματα
1066 4981 1226 5032 ἱκανὰ
1274 4982 1644 5049 παρεχόμενος
1685 4979 1854 5047 αὐτῷ,

299 5071 631 5136 ἀπέπεμπεν
679 5069 770 5120 ἐπὶ
833 5071 929 5137 τὴν
983 5072 1159 5140 ἀρχὴν
1213 5071 1398 5123 αὐτοῦ.
1441 5064 1609 5134 Οὗτος
1678 5073 1859 5139 μέντοι

300 5161 570 5224 ἐπανιὼν,
624 5161 715 5212 ἐπὶ
763 5162 862 5229 τῆς
909 5163 1086 5231 χώρας
1124 5165 1289 5216 αὐτοῦ
1331 5167 1594 5233 ἐπέμενεν
1636 5167 1858 5216 ἐπιόντα

297 5250 387 5300 τὸν
418 5250 678 5317 βασιλέως
713 5252 964 5321 στρατὸν,
1003 5253 1096 5306 καὶ
1129 5256 1365 5323 ἐρυμνὴν
1394 5255 1557 5308 οὖσαν
1603 5255 1701 5324 τὴν
1745 5255 1850 5324 χώο

1963 4438 2144 4491 subito
2171 4438 2485 4497 adveniens.
2551 4437 2715 4490 Italos
2735 4449 2927 4489 omnes
2981 4435 3047 4488 ad
3102 4435 3528 4487 internecionem

1961 4530 2184 4583 occidit.
2226 4529 2526 4582 Scenderes
2589 4542 2738 4586 vero.
2795 4537 2852 4578 ut
2903 4525 2995 4593 qui
3056 4524 3346 4589 abfuisset,
3397 4524 3529 4576 mali

1963 4619 2098 4670 nihil
2133 4631 2326 4686 passus
2379 4627 2482 4672 est.
2511 4615 2619 4670 Nec
2661 4615 2830 4669 multo
2879 4627 3002 4684 post
3053 4613 3358 4668 Sccnderes
3423 4614 3532 4666 iste

1962 4691 2112 4763 veiiit
2139 4711 2190 4764 in
2218 4711 2423 4763 Italiam
2461 4709 2527 4761 ad
2554 4709 2924 4777 Parthenopes
2951 4722 3130 4777 regem
3168 4707 3529 4776 Alphonsnm.

1967 4801 2070 4867 Qui
2100 4805 2318 4870 execpit
2349 4819 2471 4856 eunt
2513 4803 2814 4856 honoriﬁce
2837 4810 2890 4854 et
2950 4801 3183 4870 benigne
3238 4799 3527 4860 tractavit;

1967 4907 2200 4960 eumque
2233 4893 2300 4944 ad
2342 4893 2646 4945 Romanum
2697 4893 3008 4962 pontiﬁcem
3050 4893 3216 4956 misit,
3269 4901 3326 4944 ιιι
3354 4899 3407 4943 et
3461 4891 3528 4940 ah

1969 4985 2088 5052 ipse
2118 4983 2318 5051 aliquid
2379 4980 2604 5038 honoris
2662 4993 3124 5053 consequeretur.
3179 4983 3366 5035 Postea
3404 4996 3526 5030 cum

1965 5073 2014 5126 ei
2065 5087 2199 5142 opes
2251 5070 2491 5126 dedisset
2544 5075 2831 5136 maximas,
2877 5087 2999 5125 eum
3048 5070 3111 5123 ad
3165 5069 3525 5136 principatum

1966 5180 2124 5217 suum
2163 5164 2514 5220 remisiLIIic
2543 5167 2708 5234 igitur
2740 5179 2992 5219 reversus
3036 5163 3100 5214 ad
3160 5161 3525 5228 principatum

1958 5257 2520 5324 suum,exsticctabat
2561 5259 2703 5326 regis
2751 5257 3050 5310 exercitum
3113 5251 3383 5306 hostiliter
3438 5248 3532 5300 ad-

1565 5370 1810 5432 Notulm
1848 5371 2254 5446 marginales.

371 5469 480 5535 (58)
510 5468 691 5521 Sinam
726 5470 815 5521 alii
847 5481 1059 5536 vocant,
1099 5472 1190 5526 alii
1235 5472 1484 5531 Ᾰέηείιηι.

369 5538 480 5605 (59)
514 5537 934 5607 Sphet’gradum.

367 5661 413 5691 "
447 5659 514 5714 In
549 5676 675 5725 uno,
701 5664 904 5730 μέντοι.
984 5664 1027 5695 ⁷³
1051 5663 1115 5717 lu
1147 5669 1224 5721 al.
1258 5670 1352 5720 ὑπ.

591 5757 856 5836 ΡΑτιιοι..
892 5760 1006 5821 Gtt.
1038 5759 1233 5824 CLIX.

1997 5548 2008 5558 ο
2043 5477 2152 5547 (60)
2182 5478 2664 5547 Sphetgradenses.

3137 5752 3206 5812 14
