4006 6204
452 267 555 332 42'!

1564 255 1655 312 LA
1669 249 1880 311 ONICI
1936 246 2378 310 CIIALCOCON
2390 247 2600 306 DYL/E

3575 244 3693 352 425‘

455 391 694 439 euntem.
727 377 924 434 Verum
979 387 1041 429 se
1085 371 1140 426 in
1186 371 1307 425 loco
1357 369 1574 423 tenebat
1627 365 2017 422 munitissimo.

2127 379 2225 430 ραν
2262 364 2511 431 κατεῖχεν
2541 360 2680 428 έχων
2713 377 2770 414 τε
2809 361 3036 429 στρατὸν
3067 363 3190 431 μεθ’
3225 363 3420 417 ἑαυτοῦ
3459 365 3550 416 τὸν
3577 367 3688 418 ἀπὸ

456 471 676 532 Habens
735 475 915 522 autem
979 475 1164 517 secum
1214 457 1552 522 exercitum,
1595 470 1756 525 quem
1803 455 1871 509 de
1918 467 2016 508 sua

457 564 677 633 regione
708 556 1133 625 conscripserat,
1191 551 1294 606 iter
1349 565 1446 619 per
1495 558 1707 603 tuentes
1762 545 2016 600 faciebat.

455 653 668 710 Uxores
711 659 765 706 et
795 651 995 702 liberos
1031 646 1083 698 in
1115 645 1233 698 loca
1283 641 1650 696 munitissima
1717 640 2014 709 deponens,

461 750 578 813 ipse
613 744 736 796 hinc
759 741 885 793 inde
910 751 1033 792 cum
1067 736 1309 804 exercitu
1349 731 1674 802 vagabatur,
1722 739 1779 781 ut
1834 728 2020 782 delen-

455 839 611 890 deret
645 833 952 901 regionem:
989 841 1316 896 semperque
1344 838 1585 893 praesens
1617 831 1736 876 erat
1788 819 2020 874 ubicun-

456 942 564 997 que
595 925 713 993 ejus
743 931 910 990 opera
966 916 1407 972 desiderabatur.
1462 907 1537 963 Et‘
1576 909 1798 977 quidem
1854 906 2021 973 capia:

457 995 737 1087 pedestres
779 1020 832 1064 et
858 1021 1142 1076 equestres
1198 1006 1253 1058 in
1304 1000 1597 1057 Scenderis
1638 998 1800 1067 23o
1844 995 2021 1065 regio—

457 1123 575 1162 nem
625 1102 996 1160 incursionem
1055 1097 1351 1157 faciebant,
1411 1092 1622 1162 praedas
1669 1103 1923 1158 pecorum
1969 1096 2022 1140 et

456 1201 682 1253 aliarum
715 1211 893 1250 rerum
950 1205 1110 1260 agere
1147 1188 1287 1242 haud
1320 1185 1629 1240 cessabant.
1684 1173 1749 1234 Et
1807 1181 1894 1234 diu
1965 1179 2018 1233 in

454 1305 518 1344 ea
587 1297 897 1349 morantes,
958 1280 1142 1334 omnia
1207 1275 1672 1346 corrumpebant,
1732 1287 1854 1325 cum
1913 1285 2018 1324 nou

456 1388 847 1438 cunctarentur
887 1375 1121 1429 aedilicia
1153 1381 1206 1426 et
1244 1370 1394 1424 villas
1424 1367 1738 1424 incendere.
1777 1363 2019 1418 Tandem

456 1488 580 1529 cum
610 1471 745 1527 satis
776 1476 1024 1522 evastata
1052 1474 1197 1519 esset
1223 1461 1393 1531 regio,
1431 1460 1728 1514 exercitum
1770 1456 2017 1519 abduxit,

457 1578 578 1616 cum
610 1559 743 1615 nihil
801 1571 933 1610 sane
970 1553 1321 1608 inemorabile
1374 1550 1730 1619 designasset.
1790 1546 2023 1600 Scande-

459 1669 545 1708 res
573 1652 787 1719 quidem
813 1661 990 1701 arcem
1016 1646 1170 1713 juxta
1201 1643 1590 1712 Epidamnum,
1643 1655 1763 1707 quae
1811 1645 2030 1706 Sper-tab

458 1744 690 1804 Ionium,
723 1737 1104 1796 eraedilicavit.
1131 1737 1223 1790 Est
1251 1741 1432 1787 autem
1474 1747 1537 1785 eo
1574 1733 1673 1784 loci
1713 1729 2017 1783 Chersone-

457 1853 550 1890 sus
582 1842 636 1889 et
687 1833 926 1887 Isthmus
987 1827 1187 1886 brevis,
1241 1824 1610 1892 cmnplectens
1649 1821 1748 1873 tria
1809 1821 2018 1872 stadia:

457 1927 604 1979 hunc
639 1934 793 1974 muro
825 1933 948 1972 cum
981 1916 1334 1982 undiqnaqtte
1356 1920 1501 1966 esset
1552 1909 1854 1978 amplexus,
1911 1925 2019 1963 nou

457 2027 657 2085 paucos
709 2012 951 2065 Albanos
1015 2008 1066 2060 in
1114 2021 1232 2059 eam
1286 2005 1562 2071 regionem
1615 2001 1908 2060 transtulit,
1964 2009 2020 2053 ut

458 2107 528 2162 ibi
555 2104 881 2159 habitarent.
918 2099 1184 2154 Praeterea
1220 2096 1408 2150 urbem
1440 2093 1732 2147 admodum
1779 2108 2021 2147 commu-

456 2197 614 2259 nivit,
650 2194 770 2246 utsi
794 2190 921 2260 quid
956 2188 1078 2242 novi
1130 2187 1408 2255 ingrueret
1465 2183 1532 2237 ab
1560 2183 1702 2252 regis
1765 2183 2016 2238 exerciti-

456 2289 582 2350 bus,
614 2285 684 2339 ibi
742 2285 928 2353 petitis
969 2294 1132 2349 quam
1189 2278 1318 2332 alibi
1376 2277 1737 2331 obsideretur.
1788 2276 1919 2331 Nam
1970 2277 2017 2329 si

459 2392 564 2433 non
609 2386 787 2446 posset
842 2373 1116 2435 resistere,
1177 2377 1270 2423 aut
1315 2384 1410 2436 par
1457 2382 1576 2424 esse
1620 2367 1796 2446 copiis
1854 2371 2016 2437 regis,

457 2473 770 2539 superesset
804 2462 1135 2519 tutissimum
1170 2459 1449 2530 eﬂ‘ugium,
1504 2441 1769 2512 videlicet
1807 2467 1862 2512 ut
1893 2459 2019 2514 inde

459 2577 516 2614 se
535 2558 835 2628 proriperet
888 2557 942 2610 iu
991 2569 1164 2617 mare,
1206 2562 1260 2607 et
1305 2567 1413 2622 quo
1439 2551 1600 2606 vellet
1645 2549 2013 2619 adnavigaret.

2120 457 2217 525 τῆς
2243 457 2450 526 χώρας,
2474 455 2612 525 διῄει
2637 455 2726 508 διὰ
2751 455 2858 508 τῶν
2888 456 3063 524 όρέων
3090 456 3319 526 περιιὼν
3346 457 3422 527 τῷ
3445 459 3683 528 στρατῷ.

2122 548 2229 600 Καὶ
2282 548 2380 607 τὰς
2413 563 2472 597 τε
2525 548 2788 613 γυναῖκας
2847 547 2942 599 καὶ
2999 548 3198 611 παῖδας
3253 550 3309 610 ἐς
3357 550 3425 602 τὰ
3475 551 3691 620 ἐρυμνά

2121 638 2595 707 εἰσενεγκάμενος,
2630 638 2794 700 αὐτὸς
2841 639 3078 710 περιῄει,
3111 637 3251 707 ἔχων
3298 640 3426 712 περὶ
3453 645 3550 707 τὴν
3579 660 3687 707 φυ·

2120 727 2292 798 λακὴν
2323 731 2418 797 τῆς
2469 729 2669 798 χώρας,
2701 731 2822 782 ὅποι
2861 729 2968 782 δέοι
3018 731 3482 800 παραγενόμενος.
3526 734 3633 786 Καὶ
3661 737 3689 787 ὁ

2124 823 2224 890 μὲν
2281 825 2507 890 στρατὸς
2561 823 2652 876 καὶ
2706 827 2754 876 οἱ
2816 826 3144 893 ἱπποδρόμοι
3207 827 3519 894 ἐπέδραμον
3585 825 3688 894 τὴν

2121 911 2326 980 χώραν,
2360 915 2452 966 καὶ
2491 914 2758 981 ὑποζύγια
2810 916 3164 986 ληϊσάμενος,
3194 921 3284 972 καὶ
3333 919 3526 989 χρόνον
3568 920 3690 970 τινὰ

2123 1006 2312 1073 συχνὴν
2337 1005 2640 1074 διατρίψας,
2659 1008 2813 1079 ἐπῄει
2842 1011 3021 1064 πᾶσαν
3049 1011 3147 1074 τὴν
3177 1010 3360 1081 χώραν
3389 1012 3689 1080 ἐμπιπρῶν

2122 1099 2212 1149 καὶ
2261 1096 2608 1166 διαφθείρων.
2654 1099 2743 1162 Ὦς
2774 1100 2831 1153 δὲ
2881 1103 3081 1164 ίκανῶς
3125 1097 3268 1173 εἶχεν
3315 1103 3464 1173 αύτῷ
3499 1106 3558 1165 ἐς
3589 1104 3688 1172 τὴν

2121 1187 2218 1254 τῆς
2251 1187 2430 1256 χώρας
2474 1189 2792 1258 διαφθορᾶν,
2829 1195 2856 1245 ὁ
2906 1194 3135 1261 στρατὸς
3166 1195 3499 1262 ἀπήλαυνεν,
3532 1196 3688 1248 οὐδέν

2121 1295 2203 1331 τοι
2267 1279 2429 1332 πλέον
2478 1278 2938 1350 διαπραξάμενος.
2987 1285 3046 1336 Ὀ
3095 1288 3194 1354 μὲν
3243 1283 3336 1340 οὖν
3383 1288 3688 1355 Σκενδέρης

2121 1370 2275 1433 οὗτος
2338 1371 2514 1442 ἄκραν
2553 1372 2653 1443 τὴν
2703 1377 2760 1435 ἐς
2804 1375 2895 1428 τὸν
2944 1375 3124 1430 Ἰόνιον
3177 1379 3304 1448 περὶ
3356 1379 3688 1448 Ἐπίδαμνον

2120 1461 2405 1533 ᾠκοδόμει.
2444 1465 2790 1534 Χερρόνησος
2829 1467 2875 1520 δ’
2919 1471 3054 1534 ἐστὶ,
3085 1471 3180 1522 καὶ
3237 1472 3428 1538 ἰσθμὸς
3479 1471 3687 1542 βραχὺς

2122 1555 2264 1624 ἀμφὶ
2305 1556 2430 1624 τρία
2479 1557 2705 1610 στάδια·
2758 1558 2948 1612 τοῦτον
3007 1563 3264 1632 τειχίσας,
3317 1562 3578 1633 ἐσῴκιζεν
3629 1568 3688 1626 ἐς

2120 1645 2217 1714 τὴν
2247 1644 2430 1714 χώραν
2462 1647 2666 1716 ταύτην
2718 1650 2817 1701 οὐκ
2864 1649 3080 1717 ὀλίγους
3120 1655 3227 1705 τῶν
3270 1652 3559 1717 Ἀλϐανῶν,
3592 1656 3690 1706 καὶ

2119 1737 2382 1804 ἐκράτυνε
2416 1737 2513 1807 τὴν
2537 1739 2690 1790 πόλιν
2718 1739 2794 1802 ὡς
2824 1742 2887 1792 ἄν
2923 1759 2972 1794 τι
3000 1743 3262 1812 νεώτερον
3287 1744 3686 1814 καταλαμϐάνῃ

2117 1828 2278 1881 αὑτὸν
2301 1827 2408 1881 ἀπὸ
2436 1828 2542 1880 τῶν
2573 1829 2837 1897 βασιλέως
2868 1833 3115 1902 στρατῶν
3141 1833 3214 1895 ὡς
3245 1833 3437 1898 ἐπιὼν,
3469 1835 3686 1902 πολιορ-

2102 1920 2268 1979 ,κοῖτο
2320 1921 2376 1970 ἐν
2425 1919 2599 1990 ταύτῃ
2647 1923 2714 1990 τῇ
2771 1923 2957 1992 χώρᾳο
2995 1925 3214 1976 ἐπειδὰν
3246 1924 3299 1978 δὲ
3333 1926 3406 1994 μὴ
3437 1925 3686 1994 ἀντέχειν

2118 2004 2228 2070 οἷός
2284 2011 2330 2062 τ’
2385 2006 2442 2081 ᾗ,
2475 2011 2846 2082 ἐμϐησόμενος
2897 2015 2944 2046 ⁷⁸
2987 2017 3044 2079 ἐς
3097 2016 3193 2088 τὴν
3253 2017 3554 2081 θάλασσαν,
3587 2019 3687 2070 καὶ

2118 2099 2630 2171 ἀποπλευσούμενος
2713 2104 2776 2175 δὴ
2806 2108 3138 2178 προχωροίη.
3174 2109 3232 2162 Ὀ
3267 2109 3366 2177 μὲν
3392 2107 3487 2162 οὖν
3523 2126 3689 2179 στρα-

2119 2191 2207 2252 τδς
2242 2192 2573 2264 ἀφικόμενος
2621 2199 2678 2258 ἐς
2703 2196 2796 2249 τὸν
2841 2197 3017 2269 χῶρον
3059 2197 3269 2261 τοῦτον,
3301 2202 3397 2253 καὶ
3428 2203 3686 2269 πειρασό-

2123 2299 2304 2350 μενος,
2357 2285 2434 2348 ὼς
2481 2285 2635 2340 οὐδὲν
2688 2288 2841 2356 σφίσι
2901 2289 3206 2360 προεχώρει
3251 2292 3283 2361 ἡ
3338 2291 3436 2358 τῆς
3480 2292 3689 2354 πόλεως

2117 2375 2353 2443 αἵρεσις,
2382 2376 2699 2446 ἀπήλαυνεν
2747 2381 2836 2431 ἐπ’
2866 2381 3040 2435 οίκου.
3078 2381 3187 2434 Καὶ
3239 2382 3317 2450 τῷ
3353 2383 3462 2434 ἔτει
3507 2383 3685 2451 τούτῳ

2125 2464 2278 2516 οὐδέν
2348 2481 2431 2518 τοι
2485 2466 2646 2520 πλέον
2703 2468 2919 2534 ἐγένετο
2980 2468 3207 2538 βασιλέα
3275 2471 3572 2541 Μεχμέτην
3630 2474 3691 2533 ἐς

2125 2553 2478 2622 ἐκστρατείαν
2509 2555 2692 2626 φέρον.
3577 2555 3590 2567 ⁹

461 2656 743 2710 Exercitus
785 2652 947 2720 igitur
981 2652 1121 2718 regis
1161 2664 1284 2703 cum
1345 2648 1670 2702 accessisset
1729 2645 1796 2700 ad
1850 2647 2008 2700 istam
2052 2650 2358 2716 regionem,
2440 2667 2543 2706 nec
2611 2653 2799 2708 urbem
2854 2669 3017 2724 quam
3072 2659 3444 2728 oppugnabat,
3495 2674 3689 2728 capere

457 2759 665 2820 posset,
694 2749 911 2804 domum
941 2759 1192 2800 reversus
1217 2752 1319 2798 est.

531 2844 638 2898 Isto
679 2855 820 2894 anno
855 2853 964 2908 quo
993 2838 1045 2890 in
1117 2834 1370 2889 militiam
1402 2832 1679 2902 profectus
1716 2839 1833 2886 erat
1892 2846 2020 2886 con-

455 2948 540 2992 tra
568 2932 896 2990 Scenderem
931 2927 1275 2993 Meclnnetes,
1309 2925 1443 2980 nihil
1497 2924 1646 2977 aliud
1679 2935 1856 2979 actmn
1917 2934 2017 2978 est.

2198 2833 2304 2886 Τοῦ
2337 2834 2381 2885 δ’
2411 2835 2803 2902 ἐπιγενομένου
2848 2834 3036 2904 θέρους
3088 2835 3396 2906 ἐπεπόμφει
3450 2838 3549 2906 μὲν
3593 2840 3690 2893 καὶ

2129 2923 2237 2976 τῶν
2267 2924 2444 2991 θυρῶν
2475 2923 2640 2976 αὑτοῦ
2684 2926 2884 2993 ἄνδρας
2920 2925 3234 2988 ἐπιλέκτους
3267 2928 3358 2979 ἐπὶ
3395 2927 3522 2990 τοὺς
3554 2929 3689 2980 ύποο

458 3028 761 3095 Appetente
795 3029 978 3073 autem
1010 3027 1216 3080 mSIate,
1249 3014 1392 3068 viros
1425 3015 1490 3068 de
1513 3013 1698 3081 januis
1746 3013 1860 3067 suis
1908 3014 2020 3082 pri-

2127 3015 2300 3077 τελεῖς
2345 3015 2510 3068 αὐτοῦ
2546 3015 2817 3084 ἡγεμόνας
2865 3032 2923 3067 τε
2953 3018 3047 3069 καὶ
3097 3016 3358 3085 βασιλεῖς,
3392 3022 3688 3075 ἐπικαλού-

459 3117 662 3174 marios
694 3113 841 3168 misit
868 3111 932 3165 ad
963 3108 1237 3181 principes
1266 3117 1321 3160 et
1345 3121 1498 3174 reges
1527 3104 1869 3164 tributarius,
1890 3117 2025 3172 quos

459 3207 718 3264 evocabat
780 3203 847 3258 ad
903 3203 1195 3263 liberorum
1249 3212 1474 3253 suorum
1525 3196 2023 3258 circumcisionem,

462 3313 620 3367 quam
652 3293 1029 3364 purgationem
1063 3296 1282 3344 vocant.
1320 3285 1622 3342 Accersivit
1652 3295 1705 3341 et
1729 3286 1875 3351 regni
1939 3285 2024 3342 sui

464 3390 756 3460 principes,
793 3385 1008 3441 urbium
1067 3383 1374 3452 praefectos,
1411 3387 1657 3449 satrapas
1725 3379 2021 3448 ducesque,

462 3491 516 3537 et
547 3481 745 3534 milites
775 3481 1038 3546 quotquot
1074 3472 1327 3526 mercede
1365 3469 1621 3524 conducti
1657 3483 1822 3538 penes
1881 3470 2025 3523 hunc

463 3583 642 3636 regem
674 3562 943 3632 stipendia
976 3560 1267 3638 faciebant.
1320 3557 1455 3612 Cum
1515 3555 1580 3609 ad
1645 3571 1768 3610 eum
1834 3570 2027 3610 conve—

464 3660 672 3713 nissent
699 3653 974 3708 exercitus
1018 3649 1450 3716 Adrianopolim,
1509 3643 2020 3714 circumcisiouem,

463 3763 625 3819 quam
663 3745 764 3816 ipsi
799 3743 1174 3813 purgationem
1215 3751 1428 3808 putant,
1463 3739 1757 3794 liberorum
1794 3752 2022 3792 suorum

463 3841 778 3912 peragebat.
819 3837 1040 3890 Munera
1067 3833 1314 3903 capiebat
1374 3829 1659 3902 magniﬁca
1726 3830 1792 3883 ab
1853 3828 2024 3898 magi-

464 3935 734 3992 stratibus
764 3939 819 3986 et
840 3928 1093 3998 satrapis.
1124 3923 1543 3980 Conventusille
1580 3913 2026 3989 frequentabatur

465 4036 618 4082 extra
653 4025 837 4078 urbem
871 4022 922 4076 in
960 4034 1152 4087 campo
1179 4015 1333 4087 juxta
1371 4014 1638 4069 insulam:
1697 4027 1891 4066 omnes
1924 4011 2024 4066 sub

462 4113 870 4185 divo-agebant,
907 4119 1102 4178 praeter
1138 4123 1314 4177 regem
1351 4114 1405 4161 et
1465 4105 1754 4176 principes.
1817 4101 2027 4172 Nuptiae

466 4207 680 4276 hae(sic
708 4212 850 4260 enim
904 4201 1179 4271 appellant
1251 4212 1466 4267 quoque
1527 4195 2022 4260 circumcisionem)

463 4304 762 4358 creduntur
811 4297 942 4366 ipsis
999 4295 1216 4365 Optimae
1268 4306 1456 4346 eorum
1517 4277 1908 4355 omniumque:
1959 4285 2024 4339 ad

2131 3123 2290 3176 μενος
2335 3108 2392 3168 ἐς
2427 3106 2525 3174 τὴν
2568 3108 2672 3158 τῶν
2725 3106 2929 3160 παίδων
2971 3109 3137 3161 αὑτοῦ
3187 3109 3489 3178 κάθαρσιν·
3528 3131 3688 3181 μετε-

2129 3199 2378 3266 πέμπετο
2406 3197 2459 3251 δὲ
2493 3199 2586 3250 καὶ
2613 3199 2736 3261 τοὺς
2761 3200 2858 3268 τῆς
2887 3201 3062 3270 ἀρχῆς
3089 3200 3254 3254 αὐτοῦ
3283 3204 3550 3272 ἄρχοντας
3576 3205 3687 3257 τῶν

2129 3289 2333 3342 πόλεων
2363 3291 2456 3342 καὶ
2488 3291 2784 3358 ὑπάρχους,
2820 3295 2912 3344 καὶ
2954 3293 3076 3356 τούς
3107 3311 3160 3347 τε
3195 3303 3555 3364 στρατηγοὺς,
3590 3301 3686 3350 καὶ

2128 3379 2480 3447 στρατιώτας,
2520 3383 2635 3434 ὅσοι
2669 3383 2760 3434 ἐπὶ
2808 3382 2986 3451 μισθῷ
3023 3385 3412 3452 στρατεύονται
3445 3386 3561 3456 ἅμα
3610 3387 3688 3454 τῷ

2128 3468 2354 3538 βασιλεῖ.
2420 3465 2518 3532 Ὠς
2547 3471 2603 3524 δὲ
2653 3471 2831 3540 παρῆν
2883 3473 3033 3540 αύτῴ
3083 3475 3149 3524 τὰ
3196 3474 3584 3544 στρατεύματα
3631 3477 3690 3537 ἐς

2139 3559 2594 3627 Ἀδριανούπολιν,
2620 3561 2720 3630 τήν
2745 3578 2806 3614 τε
2841 3561 3167 3632 περιτομὴν,
3199 3566 3265 3632 ἣν
3286 3564 3348 3631 δη
3397 3565 3682 3631 νομίζουσι

2126 3650 2415 3719 κάθαρσιν.
2463 3652 2700 3704 ἐποιεῖτο
2751 3652 2860 3705 τῶν
2904 3653 3110 3706 παίδων
3166 3655 3355 3719 αὐτοῦ,
3401 3658 3495 3710 καὶ
3535 3657 3687 3727 δῶρα

2128 3743 2356 3813 προσῄει
2385 3741 2532 3810 αὐτῷ
2563 3743 2773 3810 μεγάλα
2806 3743 2910 3794 ύπὸ
2931 3760 2988 3795 τε
3015 3743 3126 3796 τῶν
3153 3746 3427 3814 ἀρχόντων
3457 3749 3551 3800 καὶ
3575 3747 3688 3799 τῶν

2127 3833 2431 3902 ἡγεμόνων.
2475 3832 2534 3885 '0
2567 3833 2750 3903 μέντοι
2797 3833 3054 3902 σύλλογος
3090 3837 3333 3903 ἐγεγόνει
3387 3839 3542 3901 ἐκτὸς
3588 3840 3688 3908 τῆς

2129 3923 2331 3986 πόλεως
2375 3925 2432 3975 ἐν
2464 3925 2541 3993 τῷ
2589 3926 2750 3992 πεδίῳ
2791 3926 2930 3978 κατὰ
2979 3925 3076 3996 τὴν
3133 3928 3317 3989 νῆσον.
3364 3929 3688 4001 ’Υπαίθριον

2125 4013 2180 4065 δὲ
2207 4014 2475 4066 διετέλουν
2508 4017 2645 4084 πλὴν
2677 4015 2942 4084 βασιλέως
2973 4034 3029 4068 τε
3056 4020 3149 4070 καὶ
3185 4021 3489 4088 ἡγεμόνων.
3533 4023 3594 4075 Ὀ
3628 4024 3687 4076 δὲ

2127 4104 2302 4172 γάμος
2355 4099 2505 4168 οὗτος
2547 4106 2828 4175 νομίζεται
2884 4106 2982 4174 μὲν
3015 4109 3306 4176 κράτιστος
3333 4112 3443 4163 τῶν
3491 4116 3545 4174 ἐς
3595 4116 3688 4166 τὶν

2129 4191 2238 4261 βίον
2269 4193 2414 4260 σφίσι
2450 4196 2836 4263 περιοικόντων
2867 4197 2932 4249 ⁷⁷.
2970 4198 3079 4248 Καὶ
3110 4199 3330 4252 παιδιὰν
3365 4200 3688 4255 καθιστᾶσιν

2128 4285 2183 4333 ἐν
2212 4283 2383 4351 τούτῳ
2416 4285 2557 4336 κατά
2587 4285 2817 4354 δύναμιν
2851 4287 3101 4350 ἕκαστος.
3141 4289 3481 4345 Καθίσταντο
3511 4294 3567 4345 δὲ
3596 4298 3690 4346 καὶ

459 4398 626 4450 vitam
669 4392 956 4460 pertinent.
998 4385 1238 4451 Quilibet
1299 4380 1581 4436 contendit
1614 4380 1666 4431 in
1703 4378 1769 4430 iis
1823 4377 2021 4444 nuptiis

2127 4376 2182 4436 ἐς
2221 4377 2318 4443 τὴν
2342 4376 2448 4428 τῶν
2476 4375 2736 4442 βασιλέως
2773 4378 2972 4430 παίδων
3017 4382 3317 4450 περιτομὴν
3369 4386 3461 4436 καὶ
3508 4387 3690 4453 γάμον

463 4482 683 4552 aliquod
745 4491 1052 4548 proponere
1112 4473 1404 4527 ludicrum.
1441 4469 1549 4520 Nec
1586 4481 1756 4532 pauca
1818 4465 2022 4518 ludicra

463 4591 516 4626 ιιι
556 4568 976 4627 circumcisione
1006 4565 1277 4631 regiorum
1315 4559 1610 4614 liberorum
1664 4556 2021 4616 exhibentur:

465 4664 562 4716 viri
602 4659 792 4722 erecti,
858 4657 1174 4710 insistentes
1231 4651 1407 4720 equis,
1443 4648 1587 4701 nulla
1645 4656 1868 4700 externa
1923 4659 2024 4712 ope

463 4772 522 4811 se
557 4759 826 4811 tenentes,
892 4753 1113 4800 manent
1174 4742 1406 4805 immoti,
1473 4740 1630 4809 equis
1689 4739 1741 4790 in
1802 4752 2023 4791 cursum

463 4844 671 4898 otiosis.
711 4839 913 4894 Omitto
959 4848 1382 4890 commemorare
1449 4827 1836 4883 iutiatnbulos;
1899 4840 2022 4879 nam

463 4942 514 4989 in
552 4936 648 4990 ista
676 4944 792 4987 arte
844 4928 1005 4984 Turci
1038 4927 1279 4996 reliquos
1339 4922 1596 4976 mortales
1653 4920 1808 4988 longe
1862 4932 2026 4987 supe-

461 5035 604 5078 rant.
673 5022 947 5077 Saltantes
993 5017 1192 5072 ctenim
1247 5013 1502 5068 incedunt
1564 5025 1656 5079 per
1685 5008 1844 5063 funes
1902 5023 2023 5062 sus-

464 5128 684 5184 pensos.
715 5119 770 5167 et
798 5124 894 5179 per
947 5123 1040 5164 eos
1101 5121 1320 5160 currere
1368 5111 1594 5174 possunt
1627 5116 1788 5169 quam
1823 5098 2024 5154 citissi-

461 5222 570 5263 me.
635 5203 926 5258 lnnumera
982 5197 1233 5269 quwdam
1287 5197 1391 5250 alia
1451 5193 1814 5248 admiratione
1863 5191 2025 5260 digna

464 5294 691 5358 faciunt,
723 5300 918 5347 euntes
942 5303 1106 5356 super
1169 5286 1252 5340 his
1303 5299 1398 5354 per
1425 5281 1633 5351 gladios
1668 5281 1912 5343 strictos,
1971 5287 2024 5332 et

461 5386 780 5440 redeuntes.
813 5379 938 5437 Hac
972 5378 1097 5450 quis
1133 5374 1378 5446 quotidie
1411 5379 1602 5426 cernat
1628 5371 1679 5422 in
1719 5367 1836 5423 foro
1877 5368 2021 5437 quod

458 5477 733 5533 Tactalem
769 5477 1068 5538 nominaut,
1099 5471 1188 5526 ubi
1218 5478 1270 5524 et
1305 5465 1608 5524 fuuambuli
1664 5465 1871 5520 ludicra
1927 5477 2024 5518 sua

2128 4465 2298 4529 τόνδε,
2349 4465 2598 4518 παιδιάν·
2652 4466 2788 4519 ἄλλα
2841 4485 2900 4520 τε
2948 4470 3046 4521 οὐκ
3108 4472 3284 4539 ὀλίγα,
3323 4475 3418 4526 καὶ
3475 4475 3539 4545 δὴ
3590 4478 3691 4530 καὶ

2128 4555 2313 4624 ἄνδρες
2347 4556 2496 4626 ὀρθοὶ
2538 4557 2630 4610 ἐπὶ
2675 4558 2856 4610 ἵππων
2908 4563 3010 4614 ἀνὰ
3044 4565 3244 4630 κράτος
3283 4566 3600 4630 ἐλαύνοντες
3631 4575 3690 4633 ἐς

2128 4648 2218 4697 τὸν
2247 4647 2444 4716 δρόμον
2499 4651 2621 4710 τοὺς
2672 4650 2902 4716 ἵππους,
2936 4655 3029 4704 καὶ
3059 4653 3306 4723 οὐδαμιῖις
3349 4658 3691 4726 ἐπισχόντες,

2130 4732 2346 4786 ἐπειδὰν
2377 4733 2585 4786 θέωσιν.
2632 4736 2836 4789 Ἐκεῖνο
2867 4741 2967 4804 μέν
3016 4758 3098 4792 τοι
3145 4745 3375 4812 παρήσω
3403 4747 3509 4799 τῶν
3543 4765 3693 4817 σχοι-

2129 4823 2391 4889 νοϐατῶν,
2417 4825 2488 4887 ὡς
2524 4826 2660 4894 ὑπὲρ
2690 4831 2757 4882 τὰ
2790 4829 2920 4882 ἄλλα
2957 4833 3082 4902 γένη
3119 4834 3352 4905 Τοῦρκοι
3380 4837 3542 4889 δεινοί
3577 4832 3690 4893 ε’ίσι

2122 4914 2217 4984 τὴν
2251 4916 2444 4984 τέχνην
2475 4919 2695 4989 ταύτην,
2729 4919 2868 4972 ὥστε
2901 4924 2994 4974 καὶ
3022 4926 3425 4994 πεπεδημένους
3463 4931 3695 4998 πορεύε-

2127 5005 2252 5058 σθαι
2281 5009 2372 5092 ἐπι
2399 5007 2506 5058 τῶν
2537 5009 2806 5077 σχοινίων,
2840 5013 2930 5062 καὶ
2959 5013 3084 5077 τοὺς
3113 5013 3446 5084 ὀφθαλμοὺς,
3465 5020 3689 5074 ὑποθεῖν

2130 5096 2221 5148 ἐπὶ
2259 5096 2463 5149 τούτων
2503 5099 2575 5160 ὡς
2628 5101 2693 5151 ἂν
2749 5101 3013 5154 δύνωνται
3064 5107 3412 5174 ἰσχυρότατα,
3446 5112 3539 5163 καὶ
3592 5115 3690 5165 ἐπὶ

2127 5186 2330 5239 τούτων
2388 5188 2556 5258 μυρία
2619 5191 3020 5260 ἐργαζομένους
3067 5193 3346 5265 θαύματος
3400 5201 3549 5264 ἄξια.
3593 5204 3688 5256 ἐπὶ

2131 5278 2299 5345 ξιφῶν
2354 5279 2588 5343 διιόντας
2645 5301 2703 5333 τε
2762 5286 2856 5335 καὶ
2912 5285 3440 5358 ὑποστρεφομένους.
3496 5294 3688 5348 Ταῦτα

2131 5370 2315 5435 μέντοι
2362 5371 2483 5421 καθ’
2519 5373 2758 5443 ἑκάστην
2806 5376 2859 5438 ἐς
2891 5374 2989 5443 τὴν
3035 5373 3294 5446 Τακταλῆ
3328 5381 3536 5451 ἀγορὰν
3582 5401 3688 5438 κα-

2129 5463 2397 5534 λουμένην
2427 5466 2523 5520 ἵδοι
2552 5469 2616 5521 ἄν
2643 5486 2725 5532 τις
2749 5471 3070 5541 γιγνόμενα,
3099 5474 3194 5526 καὶ.
3233 5477 3359 5537 τοὺς
3400 5477 3685 5546 σχοινοσά-

1736 5559 1984 5619 Νοῐιιὶω
2015 5559 2412 5636 marginales.

533 5681 579 5712 "
615 5677 1105 5748 ἐσὸησόμενος.5ἱε
1127 5677 1285 5732 etiam
1312 5674 1374 5726 ιῖ.
1451 5673 1492 5703 ⁷⁷
1531 5667 1934 5741 προσηκόνῖωνο
1974 5663 2021 5720 ll

2124 5707 2128 5718 .
2156 5683 2377 5737 περιηκ.
2411 5670 2462 5722 in
2494 5669 2568 5722 al.
2594 5678 2648 5721 ut
2680 5686 2725 5720 ε.
