4006 6204
266 331 381 394 {33
1305 347 1401 407 DE
1437 348 1694 409 REBUS‘
1719 346 2078 407 TURCICIS
2116 349 2258 412 LIB.
2294 353 2457 411 VIII.
3419 350 3522 408 131

268 452 532 501 τέτηκται
588 452 643 511 ἐς
690 452 789 513 τὰς
847 456 1144 524 προσόδους
1189 460 1298 511 τῶν
1340 479 1401 513 τε
1434 464 1713 533 ἀρχόντων
1744 462 1842 515 καὶ

1956 462 2110 527 ginta
2142 467 2417 536 myriades
2473 482 2789 522 aureorum.
2848 467 2966 521 lluc
3029 469 3235 520 accc-dii
3295 470 3521 528 reditus.

268 540 366 589 τοῦ
398 537 689 607 βασιλέως.
723 544 801 595 ll:
815 544 883 613 ρὰ
919 547 975 599 δέ
1010 550 1102 601 τὸν
1130 551 1298 620 φόρον
1336 554 1535 621 δασμοί
1568 556 1707 607 είσιν
1738 554 1841 607 ἀνὰ

1945 570 2105 620 quem
2146 555 2395 623 inquilini
2429 558 2675 620 solvunt,
2703 557 2795 627 qui
2838 556 3126 611 admodum
3158 574 3386 625 "iugulis
3422 567 3524 620 cst,

271 630 375 696 τὴν
428 631 702 701 Εὐρώπην
749 652 807 687 τε
865 638 957 691 καὶ
1026 642 1212 694 Ἀσίαν
1273 644 1713 715 ἀποτεταγμένοι
1767 647 1843 717 τῷ

1949 654 2004 699 et
2036 645 2227 715 viginti
2258 648 2502 717 quinque
2534 649 2811 718 myriades
2860 648 3265 716 complectitur.
3310 648 3394 701 Ab
3442 663 3528 698 ar-

278 723 495 790 βασιλεϊ
537 724 636 777 οῦκ
665 726 837 793 ὀλίγοι
873 730 982 782 ἀπό
1024 749 1083 784 τε
1134 733 1239 785 τῶν
1274 736 1503 798 ἱππέων.
1539 738 1633 791 καὶ
1666 738 1845 806 καμή-

1952 739 2151 790 menlis
2199 752 2489 806 equarum,
2533 738 2892 800 camelorum,
2956 745 3010 789 et
3060 736 3350 799 mulorum,
3410 752 3529 804 qua:

276 813 411 879 λων,
466 817 563 868 κα)⁸
623 817 892 886 ἡμιόνων,
955 824 1049 875 καὶ
1114 824 1272 893 βοῶν.
1330 828 1438 879 Καὶ
1495 827 1642 881 ἔστιν
1708 827 1848 897 αῦτη

1951 830 2093 897 regis
2117 838 2269 894 sunt,
2316 839 2369 883 et
2422 832 2663 898 undique
2726 844 2823 897 per
2878 828 3157 895 regionem
3205 837 3525 897 pascuntur,

279 908 549 974 πρόσοδος
578 910 721 977 ἀμφὶ
770 912 870 975 τάς
908 915 1203 983 τριάκοντα
1240 919 1527 987 μυριάδας.
1569 921 1691 973 Ἐπὶ
1724 923 1850 972 τού-

1953 920 2161 973 reditus
2189 920 2420 980 accedit,
2449 918 2608 988 cujus
2652 933 2863 971 summa
2913 925 2995 971 est
3019 917 3241 971 circiter
3294 916 3532 985 quinque

279 1014 396 1059 τοις
441 999 497 1050 δὲ
548 1002 579 1069 ἡ
632 1001 740 1052 τῶν
786 1003 1009 1058 ἐνοίκων
1040 1008 1299 1075 πρόσοδος
1330 1010 1539 1079 μεγάλη
1590 1011 1851 1079 τυγχάνει

1957 1012 2252 1084 myriades.
2274 1015 2313 1065 Α
2337 1015 2565 1083 reliquis
2592 1021 2772 1067 autem
2796 1013 3064 1066 reditibus
3088 1013 3287 1080 accipit
3308 1013 3530 1064 circiter

279 1086 420 1142 οὖσα
452 1091 526 1156 τῷ
554 1091 764 1159 βασιλεῖ
793 1094 851 1145 ἐν
880 1097 1038 1149 πέντε
1071 1099 1163 1151 καλ⁸
1196 1099 1366 1151 εἴκοσι
1398 1102 1681 1170 μυριάσιν.
1717 1102 1852 1155 Ἀπὸ

1956 1106 2145 1171 viginti
2186 1104 2477 1174 myriades.
2517 1104 2657 1170 Quin
2691 1105 2852 1157 etiam
2887 1118 3157 1156 maximus
3190 1103 3410 1156 reditus
3447 1117 3534 1153 ve-

282 1180 340 1231 δέ
377 1181 485 1230 τῶν
518 1180 611 1231 τοῦ
662 1181 927 1249 βασιλέως
960 1185 1179 1253 φορσῶν
1212 1202 1272 1238 τε
1304 1188 1398 1239 καὶ
1442 1189 1730 1257 καμήλων,
1762 1189 1856 1242 καὶ

1959 1197 2035 1249 nit
2072 1195 2138 1249 ab
2193 1196 2472 1264 emporiis.
2517 1196 2766 1264 trajectu,
2833 1194 3091 1258 metallis,
3156 1208 3342 1261 oryza,
3401 1208 3529 1253 rere,

286 1271 550 1339 ἡμιόνων,
585 1273 874 1343 ἀπανταχῆ
923 1277 1020 1344 τῆς
1055 1277 1240 1345 χώρας
1290 1280 1703 1347 ἐπινεμομένων
1754 1281 1854 1332 αὑο

1962 1286 2226 1345 alnmine.
2247 1295 2301 1340 et
2326 1287 2513 1354 quinta
2538 1295 2689 1352 parte
2715 1286 3135 1353 mancipiorum.
3159 1284 3272 1337 Non
3300 1283 3528 1335 dubium

284 1366 423 1425 τοῖ’,
457 1365 598 1415 εἰσὶν
638 1366 782 1434 ἀμφὶ
828 1368 924 1427 τὰς
970 1369 1130 1420 πέντε
1163 1369 1452 1439 μυριάδας.
1498 1371 1629 1422 Ἀπό
1659 1389 1718 1423 τε
1760 1372 1857 1439 τῆς

1961 1386 2045 1431 est
2076 1377 2207 1443 quin
2239 1378 2285 1430 is
2313 1377 2581 1430 maximus
2613 1377 2702 1435 sit.
2736 1378 2780 1429 si
2814 1378 2937 1443 quis
2966 1392 3088 1428 eum
3154 1376 3219 1427 ad
3283 1375 3530 1427 calculos

283 1454 402 1507 τῶν
448 1455 622 1509 ἄλλων
667 1457 967 1527 προσόδων,
1004 1460 1217 1527 προσίοι
1272 1460 1336 1513 ἂν
1382 1461 1530 1531 αὑτῷ
1582 1464 1637 1524 ἐς
1686 1465 1857 1516 είκοσι

1966 1475 2205 1522 revocet.
2240 1466 2551 1535 ijeetnm
2584 1476 2637 1520 et
2670 1466 2905 1520 Pharum
2938 1466 3160 1520 circiter
3196 1465 3382 1532 viginti
3414 1479 3530 1531 my-

287 1549 583 1615 μυριάδας.
607 1551 713 1602 Καὶ
737 1550 845 1603 ἀπὸ
868 1551 974 1602 τῶν
1002 1552 1307 1620 ἐμπορίων,
1336 1554 1429 1606 καὶ
1454 1554 1548 1606 τοῦ
1587 1556 1855 1623 πορθμοῦ,

1963 1555 2145 1609 riades
2176 1555 2528 1622 suppeditare
2587 1556 2847 1624 comperi.
2917 1554 3138 1609 Reditus
3189 1544 3532 1607 metallorum

284 1638 387 1688 καὶ
444 1638 741 1704 μετάλλων,
789 1640 884 1693 καὶ
930 1640 1157 1709 ὀρύζης,
1193 1644 1286 1695 καὶ
1340 1643 1565 1711 χαλκοῦ,
1594 1646 1686 1696 καὶ⁹
1734 1663 1858 1697 στυ-

1964 1646 2053 1714 qui
2090 1662 2187 1701 nec
2211 1647 2322 1714 ipse
2359 1647 2603 1700 modicus
2628 1654 2730 1709 est,
2761 1646 2975 1713 attingit
3007 1646 3189 1698 decem
3242 1641 3533 1713 myriades.

286 1729 565 1797 πτηριῶν,
596 1730 691 1781 καὶ
736 1732 1133 1799 πενταμοιρίας
1182 1732 1290 1783 τῶν
1342 1734 1713 1801 ἀνδραπόδων,
1768 1753 1862 1804 με·

1968 1735 2047 1789 Ab
2076 1750 2236 1805 oryza
2270 1742 2321 1786 et
2348 1735 2572 1803 reliquis
2627 1734 2997 1802 vectigalibus,
3024 1750 3142 1802 quae
3191 1734 3371 1802 ianuae
3402 1730 3542 1784 mili-

288 1821 458 1889 γεστη
484 1820 549 1872 ἄν
596 1819 969 1887 λογιζομένοις
1013 1822 1324 1889 εὑρίσκοιτο
1349 1825 1380 1893 ὴ
1409 1826 1690 1893 πρόσοδος.
1725 1827 1860 1879 Ἀπὸ

1967 1837 2047 1880 tes
2084 1826 2329 1898 exigunt.
2359 1837 2410 1879 et
2440 1826 2491 1879 in
2526 1825 2723 1878 Chasia
2751 1832 3063 1886 secernunt,
3113 1825 3318 1877 reditus
3382 1824 3536 1878 colli-

293 1914 480 1981 μέντοι
537 1913 633 1964 τοῦ
687 1912 935 1983 πορθμοῦ
988 1916 1082 1967 καὶ
1139 1914 1246 1965 ἀπὸ
1301 1915 1480 1984 Φάρου
1514 1918 1643 1980 ut;
1690 1918 1863 1970 εἴκοσι

1968 1917 2135 1986 gitur,
2158 1916 2203 1969 si
2239 1915 2361 1983 quis
2394 1914 2662 1968 rationem
2709 1915 2880 1977 ineat,
2907 1915 2997 1984 qui
3033 1923 3177 1966 tenet
3202 1913 3392 1982 viginti
3426 1930 3540 1983 my-

295 2005 567 2071 μυριάδας
620 2005 858 2072 εὑρίσκω
908 2006 1444 2075 ἀναπυνθανόμενος.
1495 2009 1616 2061 Τῶν
1663 2010 1720 2061 δέ
1770 2027 1864 2079 με-

1968 2006 2147 2060 riades
2184 2023 2198 2059 ε
2232 2006 2462 2075 plurima
2498 2005 2638 2059 enim
2668 2005 2865 2059 Chasia
2896 2013 2949 2058 ct
2974 2004 3176 2071 Optima
3237 2018 3333 2071 per
3364 2001 3540 2055 Euro-

292 2095 503 2146 ταλὶων
550 2096 649 2147 οὐκ
704 2096 855 2165 ὀλίγη
919 2097 1068 2166 αὑτῷ
1122 2099 1423 2165 ἐπιγίνεται
1484 2102 1774 2170 πρόσοδος,
1810 2103 1867 2164 ἐς

1970 2112 2090 2163 pam
2112 2108 2164 2151 et
2186 2098 2369 2150 Asiam
2400 2095 2691 2149 habentur.
2721 2094 2836 2148 lluc
2865 2093 3358 2148 acecdittributum
3392 2094 3542 2161 prin-

294 2188 431 2239 δόκα
465 2186 754 2255 μυριάδας.
795 2186 928 2239 Ἀπὸ
961 2187 1016 2240 δὲ
1048 2184 1254 2259 ὀρύζης
1284 2192 1379 2244 καὶ
1414 2191 1523 2244 τῶν
1554 2192 1730 2246 ἄλλων
1760 2196 1870 2246 τῶν

1972 2190 2153 2257 cipum
2174 2198 2226 2243 et
2247 2203 2456 2258 regum,
2493 2187 2639 2256 quod
2669 2188 2909 2255 pendunt
2933 2194 3041 2239 tam
3074 2186 3345 2252 indigenae
3372 2199 3537 2251 quam

294 2281 355 2339 ἐς
396 2278 491 2338 τάς
524 2278 693 2347 θύρας
740 2278 1094 2347 τεταγμένων
1136 2281 1417 2348 προσόδιον
1449 2282 1543 2334 τοῦ
1575 2282 1867 2350 βασιλέως,

1971 2282 2325 2351 αιεῑιιίεεηαις
2358 2280 2407 2334 id
2431 2281 2592 2334 habet
2614 2282 2831 2333 circiter
2854 2277 3354 2348 decemzmyriades.
3382 2276 3545 2330 Sum-

294 2372 363 2431 ἃς
393 2370 459 2437 δὴ
513 2358 693 2421 Χάσια
746 2369 1025 2423 ποιοῦνται
1084 2371 1133 2422 οἱ
1182 2370 1290 2422 τῶν
1340 2371 1544 2441 Θυρῶν,
1582 2376 1638 2435 ἐς
1698 2375 1869 2425 εἴκοσι

1974 2389 2057 2424 ma
2095 2374 2275 2439 itaque
2319 2370 2701 2424 universorum
2734 2369 3029 2431 redituum,
3056 2383 3198 2438 quos
3224 2370 3387 2421 modo
3424 2382 3539 2419 me-

302 2460 574 2529 μυριάδας
622 2460 989 2529 λογιζόμενος,
1026 2461 1126 2513 οὐκ
1184 2462 1610 2531 ἀποτυγχάνοιμ⁹
1660 2463 1726 2515 ἂν
1777 2462 1870 2514 τοῦ

1976 2465 2326 2527 moravimus,
2358 2472 2413 2517 et
2438 2462 2504 2516 ad
2536 2476 2714 2531 regem
2747 2468 2799 2515 et
2826 2459 3094 2525 adjanute
3152 2458 3351 2510 milites
3403 2455 3545 2509 refe-

299 2553 539 2614 εἰκότος.
572 2552 751 2605 Χάσια
811 2553 917 2621 γὰρ
982 2553 1085 2604 ἀνὰ
1132 2554 1231 2622 τὴν
1282 2553 1473 2607 Ἀσίαν
1510 2572 1567 2607 τε
1623 2557 1713 2607 καὶ
1768 2556 1871 2607 Εὑ-

1977 2566 2194 2619 rnntur,
2224 2566 2276 2609 et
2300 2554 2364 2609 ad
2396 2554 2512 2623 ejus
2536 2553 2805 2608 Chasnaiu
2844 2552 2956 2621 (64)
2992 2550 3071 2604 sic
3135 2550 3364 2613 dictam,
3396 2562 3544 2601 com-

304 2646 501 2711 ρώπην
552 2642 703 2710 αὺτῷ
762 2643 837 2705 ὡς
894 2644 1127 2697 πλεῖστά
1163 2661 1221 2696 τε
1255 2648 1348 2698 καὶ
1398 2646 1619 2714 ἄριστα.
1652 2646 1874 2707 Τούτοις

1978 2650 2229 2717 plectitur
2244 2648 2467 2701 circiter
2490 2645 2928 2715 quadringentas
2956 2641 3226 2711 myriades
3257 2654 3544 2692 aureorum

299 2736 346 2785 δ’
382 2736 605 2786 ἔπεστιν
657 2734 808 2805 αὑτῷ
853 2738 882 2788 ὀ
930 2736 1040 2789 τῶν
1068 2737 1359 2807 ἡγεμόνων
1388 2752 1447 2788 τε
1487 2738 1581 2790 καὶ
1612 2736 1875 2805 βασιλέων

1979 2750 2263 2794 staterum.
2296 2737 2391 2791 Est
2419 2745 2615 2805 praeter
2660 2744 2945 2789 enarratos
3000 2731 3207 2785 reditus
3257 2737 3312 2783 et
3379 2729 3542 2793 alius,

302 2829 492 2893 φόρος,
524 2826 636 2879 τῶν
696 2843 756 2878 τε
807 2824 1098 2896 ὁμοφύλων
1152 2831 1244 2882 καὶ
1314 2827 1630 2897 ἀλλοφύλων
1695 2828 1877 2903 σφίσιν

1980 2844 2139 2897 quem
2173 2828 2352 2882 ferunt
2384 2836 2629 2894 tempore
2684 2824 2871 2875 veris:
2911 2824 3128 2890 quando
3174 2821 3226 2872 in
3297 2818 3545 2871 militiam

302 2920 694 2987 ἐπιγενόμενος
732 2920 788 2982 ἐς
821 2920 953 2972 δέκα
983 2921 1274 2988 μυριάδας.
1308 2920 1463 2974 Οὕτω
1497 2921 1551 2973 δὲ
1580 2920 1774 2987 γένοιτ’
1812 2920 1877 2972 ἂν

1981 2921 2349 2994 proficiscitur
2378 2933 2493 2978 rex,
2528 2917 2808 2984 prmsides,
2842 2914 3032 2976 duces,
3068 2911 3329 2981 pra-fecti,
3353 2909 3551 2963 solem-

303 3014 338 3077 ἡ
380 3012 637 3078 πρόσοδος
688 3012 764 3079 τῷ
798 3012 1026 3081 βασιλεῖ,
1056 3014 1154 3080 ὅση
1207 3014 1575 3082 παραγῖνεται
1622 3012 1770 3081 αὑτῷ
1823 3012 1876 3073 ἐς

1984 3016 2072 3070 nia
2098 3028 2319 3067 munera
2359 3024 2455 3079 pro
2489 3009 2826 3078 singularum
2868 3004 3189 3058 facultatum
3227 3004 3386 3055 modo
3418 2998 3549 3053 alle-

303 3106 408 3162 τὰς
467 3102 655 3170 Θύρας,
704 3105 798 3155 καὶ
850 3106 906 3165 ἐς
968 3104 1059 3157 τὸν
1120 3105 1343 3157 Χασνὰν
1396 3104 1736 3173 καλούμενον
1790 3103 1881 3155 τοῦ

1990 3114 2175 3161 rentes
2202 3121 2214 3169 ;
2241 3104 2286 3156 is
2317 3102 2524 3155 reditus
2553 3098 2883 3167 expeditioni
2920 3096 3171 3148 inservit.
3201 3094 3309 3149 Nec
3361 3103 3550 3149 tamen

307 3196 599 3263 βασιλέως,
642 3198 784 3262 ἀμφὶ
819 3198 916 3258 τὰς
964 3197 1323 3265 τετρακοσίας
1358 3196 1626 3266 μυριάδας
1660 3195 1880 3265 χρυσίου

1992 3197 2079 3251 hic
2113 3194 2316 3249 reditus
2340 3195 2393 3245 in
2419 3200 2627 3245 certum
2663 3204 2947 3241 numerum
2977 3187 3243 3256 redigitur
3283 3204 3295 3238 :
3361 3202 3551 3238 verum

307 3290 621 3355 στατήρων.
656 3289 808 3339 Ἔστι
859 3288 914 3339 δέ
968 3291 1122 3358 παρά
1179 3287 1382 3350 ταύτας
1436 3287 1698 3358 πρόσοδος
1748 3287 1883 3357 ἄλλη

1994 3286 2039 3340 si
2070 3286 2193 3354 quis
2228 3300 2340 3338 rem
2367 3282 2560 3337 sedulo
2583 3281 2840 3341 excutiat,
2877 3277 3113 3330 inveniet
3137 3280 3298 3331 istum
3327 3278 3552 3330 reditum

310 3377 583 3446 βασιλέως
629 3377 737 3429 ἀπὺ
783 3378 890 3430 τῶν
943 3376 1245 3446 ἀρχόντων,
1272 3378 1430 3446 ἔαρος
1483 3376 1883 3445 ἐπιγινομένου,

1994 3377 2274 3430 continere
2309 3372 2530 3427 circiter
2558 3358 2746 3439 viginti
2786 3366 3083 3436 myi‘iadcs.
3120 3365 3207 3418 Hae
3227 3365 3447 3433 quidem
3477 3379 3558 3415 re-

311 3468 539 3519 ἐπειδὰν
591 3468 857 3537 ἐξελαύνῃ
908 3468 1162 3537 βασιλεὺς
1207 3468 1621 3537 στρατηλατῶν,
1669 3468 1773 3521 ὑπό
1828 3484 1885 3519 τε

1995 3468 2078 3538 gis
2102 3465 2345 3535 pecunia:
2374 3468 2790 3531 comportantur
2828 3458 2891 3509 ad
2925 3456 3221 3518 Chasnam,
3256 3469 3324 3509 ex
3357 3455 3559 3522 quibus

313 3559 428 3611 τῶν
476 3560 733 3626 ὑπάρχων
786 3576 845 3611 τε
901 3561 996 3611 καὶ
1052 3558 1400 3629 στρατηγῶν,
1435 3559 1530 3611 καὶ
1580 3560 1886 3628 ἡγεμόνων,

1996 3561 2191 3617 deinde
2225 3554 2555 3627 stipendium
2609 3552 2882 3619 accipiunt
2936 3546 3210 3617 peregrini
3264 3554 3316 3597 et
3378 3545 3559 3612 januze

315 3652 414 3704 καὶ
450 3652 728 3719 ἀρχόντων
757 3650 906 3721 δῶρα
947 3651 1306 3719 νομιζόμενα,
1337 3652 1478 3704 κατὰ
1521 3651 1623 3720 τὴν
1653 3651 1886 3704 ἑκάστου

1998 3653 2222 3715 milites,
2253 3647 2555 3718 Caripides,
2581 3644 2953 3705 Silictarides,
2974 3638 3406 3709 Allophatzides,
3430 3636 3563 3705 Spa-

317 3744 586 3813 πρόσοδον
614 3743 691 3811 τῷ
723 3744 937 3813 βασιλεῖ
961 3744 1015 3805 ἐς
1044 3746 1142 3811 τὴν
1172 3744 1443 3808 ἐξέλασιν.
1481 3744 1591 3796 Καὶ
1622 3744 1737 3797 ἐστι
1766 3745 1890 3812 μέν·

2000 3743 2209 3807 chidcs,
2242 3750 2295 3795 et
2328 3739 2527 3808 reliqui
2566 3736 2656 3805 qui
2693 3735 2757 3787 ad
2792 3734 2991 3802 januas
3028 3730 3324 3799 pertinent,
3378 3739 3430 3781 et
3467 3729 3564 3779 tri-

316 3853 403 3887 τοι
437 3834 662 3903 τοιαύτη
719 3834 980 3903 πρόσοδος
1029 3835 1089 3885 οὐ
1140 3834 1474 3903 τεταγμένη,
1511 3834 1648 3888 ἀλλὰ
1700 3852 1892 3905 στοχα-

1999 3844 2201 3889 mestre
2232 3830 2563 3901 slipendium
2606 3827 2903 3895 accipiunt.
2936 3823 3275 3891 Snperestet
3308 3820 3450 3871 alius
3479 3833 3565 3870 re-

318 3928 569 3994 ζομένοις
607 3928 664 3988 ἐς
705 3927 877 3979 εἴκοσι
933 3926 1202 3995 μυριάδας
1240 3926 1434 3993 γένοιτ’
1479 3925 1545 3978 ἂν
1588 3928 1734 3994 αὐτῷ
1763 3928 1895 3995 χρή-

2001 3926 2167 3987 ditus,
2208 3937 2364 3991 quem
2421 3919 2753 3973 uberrimum
2812 3916 3033 3983 capiunt
3099 3927 3193 3981 per
3243 3912 3562 3999 universum

323 4037 497 4088 ματα.
534 4020 717 4070 Ταῦτα
777 4020 961 4088 μέντοι
1014 4021 1069 4081 ἐς
1120 4021 1212 4072 τὸν
1242 4021 1462 4073 Χασνάν
1500 4020 1581 4072 ,τὰ
1633 4018 1893 4089 βασιλέως

2003 4030 2227 4085 regnum
2263 4011 2556 4082 principes,
2591 4017 2643 4062 et
2682 4007 2872 4067 duces,
2898 4015 2951 4059 et
2975 4005 3026 4058 hi
3056 4005 3144 4073 qui
3180 3999 3443 4054 Timarati
3467 4014 3564 4051 vo.-

322 4112 583 4179 χρήματα
633 4111 1020 4177 παραγίνεται,
1053 4110 1148 4177 ἀφ’
1194 4106 1269 4163 ὧν
1318 4109 1607 4179 μισθοῦται
1662 4113 1786 4173 τούς
1834 4128 1894 4163 τε

2003 4115 2217 4163 cantur.
2254 4102 2413 4173 234
2454 4103 2502 4156 ls
2536 4101 2674 4153 redit
2711 4114 2773 4151 ex
2804 4098 3024 4165 regione
3050 4097 3214 4165 regis,
3249 4108 3346 4147 nec
3402 4092 3563 4144 facile

321 4202 609 4268 νεήλυδας,
649 4204 740 4252 καὶ
769 4200 895 4259 τοὺς
924 4200 1031 4252 τῶν
1062 4201 1246 4267 θυρῶν
1278 4202 1613 4270 Καρίπιδας,
1642 4202 1895 4256 Σιλικτάο

2005 4212 2032 4250 a
2067 4194 2259 4261 quovis
2292 4195 2395 4260 (sic
2417 4190 2559 4242 enim
2592 4187 2799 4254 accepi)
2824 4201 2985 4251 quam
3048 4199 3074 4236 a
3128 4184 3291 4248 regiis
3370 4181 3570 4235 scribis

328 4295 505 4362 ριδας,
533 4291 954 4361 ’Λλλοςρατζίδας
982 4312 1038 4346 τε
1066 4298 1159 4346 καὶ
1182 4294 1459 4361 Σπαχίδας
1495 4295 1892 4361 καλουμένους,

2007 4288 2306 4354 computari
2332 4290 2525 4352 potest.
2555 4280 2775 4331 Summa
2802 4289 2981 4329 autem
3021 4277 3288 4327 redituum
3326 4288 3462 4340 quos
3487 4274 3570 4323 vi-

327 4383 425 4437 καί
463 4385 515 4445 ἐς
544 4384 666 4444 τοὺς
699 4384 941 4444 λοιποὺς,
980 4384 1094 4434 ὅσοι
1123 4382 1231 4434 τῶν
1268 4382 1449 4451 ῡυρῶν
1482 4383 1653 4447 ὅντες,
1690 4400 1894 4451 τριμη-

2006 4380 2048 4431 ri
2088 4375 2389 4445 accipiunt,
2430 4370 2630 4439 quibus
2670 4381 2877 4419 merces
2916 4364 3166 4417 ordinata
3198 4372 3281 4417 est
3324 4364 3392 4415 ab
3434 4361 3571 4426 regis

328 4479 479 4528 ναίον
525 4474 863 4543 λαμϐάνουσι
899 4474 988 4525 τὸν
1029 4475 1238 4542 μισθόν.
1281 4449 1443 4526 ’Ᾰνευ
1486 4474 1541 4526 δὲ
1570 4449 1897 4543 ταύτηςτοῦ

2010 4469 2251 4539 regione,
2282 4463 2519 4517 excurrit
2560 4476 2728 4527 usque
2756 4458 2819 4509 ad
2870 4456 3234 4520 nuningenlas
3301 4453 3574 4522 myriades

333 4563 595 4633 βασιλέως
631 4565 896 4634 προσόδου
949 4567 996 4617 oi
1044 4566 1145 4617 ἀνὰ
1196 4564 1295 4631 τὴν
1337 4565 1510 4633 ἀρχὴν
1557 4564 1791 4633 ὕπαρχοί
1840 4580 1899 4615 τε

2008 4564 2151 4617 auri.
2188 4559 2286 4612 llic
2314 4556 2522 4609 reditus
2553 4553 2595 4607 si
2624 4550 2852 4603 addatur
2881 4547 2955 4600 illi
2986 4548 3077 4615 qui
3139 4546 3202 4598 ad
3225 4545 3403 4614 januze
3436 4544 3576 4596 mili-

332 4657 427 4709 καὶ
458 4656 712 4725 ἄρχοντες
747 4658 838 4709 καὶ
879 4658 1197 4726 στρατηγοὶ,
1236 4658 1331 4709 καλ⁸
1372 4656 1673 4725 Τιμαράτοι
1706 4656 1901 4707 καλού-

2008 4668 2090 4711 tes
2120 4652 2386 4717 defertur,
2416 4646 2788 4699 universorum
2850 4640 3119 4693 redituum
3145 4640 3236 4706 qui
3302 4637 3366 4690 ad
3398 4636 3577 4705 januze

336 4766 512 4816 μενοι,
553 4751 815 4818 μεγίστην
847 4750 1188 4817 ἀποιρέρουσι
1234 4747 1333 4817 τὴν
1368 4748 1629 4815 πρόσοδον
1664 4748 1771 4799 ἀπὸ
1804 4747 1900 4815 τῆς

2015 4748 2217 4802 milites
2246 4750 2298 4795 et
2328 4740 2391 4792 ad
2430 4736 2704 4806 principes
2743 4731 2988 4786 redeunt.
3051 4744 3261 4783 summa
3312 4729 3583 4781 excrescit

340 4841 602 4908 βασιλέως
642 4839 848 4911 χώρας.
878 4842 986 4892 Καὶ
1034 4840 1345 4904 λογίζεσθαι
1383 4842 1482 4909 μὲν
1520 4840 1579 4891 οὐ
1632 4840 1769 4893 πάνυ
1808 4842 1901 4910 ῥᾴ-

2011 4852 2182 4907 usque
2209 4834 2278 4886 ad
2308 4829 2577 4899 myriades
2610 4825 2755 4877 mille
2806 4831 2857 4875 et
2885 4821 3325 4890 quadringentas
3388 4832 3580 4871 aureo-

338 4931 452 4984 διον
511 4932 651 5001 πλὴν
684 4934 792 4984 τῶν
824 4931 914 4984 τοῦ
948 4932 1207 5002 βασιλέως
1243 4932 1701 5002 γραμματιστῶν.
1735 4924 1809 5003 ⁷ῌ
1848 4933 1911 5003 δὴ

2015 4905 2131 4982 rum
2166 4933 2428 4978 stateram
2468 4918 2818 4971 Venetorum.
2855 4912 3066 4964 Tantus
3127 4908 3345 4978 quidem
3374 4905 3581 4960 reditus

338 5022 639 5089 ἐπυθόμην,
674 5022 881 5089 γένοιτο
910 5024 951 5074 δ’
991 5022 1057 5074 ἂν
1089 5023 1350 5090 σύμπασα
1403 5023 1541 5094 αὕτη
1573 5025 1606 5093 ἡ
1638 5002 1907 5092 πρόσοδος

1573 5025 1606 5093 ἡ
1638 5002 1907 5092 πρόσοδος
2011 5019 2076 5071 ad
2110 5030 2287 5085 regem
2319 5020 2371 5066 et
2406 5008 2653 5064 subditos
2675 5006 2793 5074 ejus
2830 5002 3152 5057 refunditur.

336 5111 449 5162 τῶν
473 5113 699 5181 ἀνδρῶν,
727 5115 1068 5183 ὃσοιιμισοόν
1118 5114 1484 5183 λαμϐάνουσιν
1556 5115 1664 5167 ἀπὸ
1691 5115 1790 5183 τῆς
1822 5113 1915 5167 τοῦ
1945 5111 2208 5182 βασιλέως
2242 5104 2447 5173 χώρας,
2498 5102 2553 5162 ἐς
2609 5094 2928 5156 mar-0352;
3006 5091 3271 5162 μυριάδας
3336 5088 3582 5157 χρυσίου-

350 5207 647 5275 Ἑνουμένη
686 5208 741 5259 δέ
766 5187 903 5276 αῦτή
936 5210 968 5276 ἡ
998 5209 1258 5277 πρόσοδος
1292 5212 1356 5277 τῇ
1400 5212 1656 5277 προτέρα,
1684 5210 1802 5276 ἣτις
1832 5209 1887 5271 ἐς
1912 5210 2008 5269 τὰς
2049 5202 2307 5275 βασιλέως
2355 5196 2710 5267 παραγίνεται
2763 5190 2953 5259 θέρῖςν
2995 5186 3192 5253 “ι’ένοιτ’
3222 5186 3285 5236 ἂν
3324 5183 3587 5277 σβμπασα

341 5299 372 5363 ἡ
403 5297 496 5364 τῆς
537 5298 801 5365 βασιλέως
868 5276 1047 5367 χώρας
1099 5276 1376 5367 πρόσοδος,
1440 5276 1536 5369 όση
1605 5276 1661 5361 ἐς
1746 5300 1869 5360 τοὺς
1911 5299 2172 5366 ἄρχοντας
2202 5288 2366 5367 αὑτοῦ
2415 5288 2747 5354 ἀφικνεῖται,
2780 5283 2872 5333 καὶ
2922 5282 3019 5349 ὅση
3062 5281 3115 5339 ἐς
3154 5278 3254 5338 τὰς
3309 5276 3498 5346 θύρας,
3532 5278 3586 5343 ἒς

342 5392 523 5461 χιλίας
567 5410 624 5445 τε
674 5392 765 5443 καὶ
833 5393 1189 5459 τετρακοσίας
1233 5392 1496 5458 μυριάδας
1549 5390 1770 5458 χρυσίου
1825 5391 2097 5458 στατῆρας
2163 5386 2268 5437 τῶν
2300 5379 2603 5435 Οὑενεῖῶν.
2639 5377 2783 5445 Mirr,
2820 5376 2914 5443 μὲν
2950 5371 3231 5443 πρόσοδος,
3262 5372 3361 5425 ὅσα
3414 5388 3473 5438 γε
3532 5374 3588 5427 ἐς

345 5485 494 5555 ἡμᾶς
535 5482 755 5544 εἰδέναι,
826 5483 1189 5549 παραγίνεται
1244 5481 1320 5549 τῷ
1380 5481 1610 5549 βασιλεῖ,
1669 5484 1763 5535 καὶ
1809 5486 1920 5545 τοῖς
1960 5483 2223 5551 ὑπηκόοις
2249 5477 2436 5533 αὑτοῦ.

1624 5576 1869 5636 Notulm
1904 5574 2303 5653 marginales.

430 5699 535 5763 (611
570 5697 798 5756 Chnsua,
826 5697 937 5750 sive
956 5697 1167 5761 Chasia,
1198 5711 1321 5751 nam
1354 5701 1405 5751 in
1441 5700 1627 5754 ϐιαιεο
1662 5703 1851 5755 variat.

435 5816 477 5845 ⁸⁵
524 5813 700 5867 δαδου.
736 5810 799 5864 1η
826 5822 1040 5881 utroque
1077 5812 1207 5867 Cod.
