4006 6204
309 294 418 358 ὶ37

1382 293 1478 354 DE
1516 293 1770 354 REBUS
1807 291 2165 354 TURCICIS
2204 295 2354 356 LIB.
2391 294 2495 354 1X.

3435 288 3537 350 438

311 415 402 465 καὶ
435 412 805 481 Εὐρώπης,τὺ
831 415 939 466 ἀπὸ
971 413 1263 477 Θετταλίας
1304 431 1359 467 τε
1387 415 1481 466 καὶ
1517 414 1883 476 Μακεδονίας,

2013 419 2043 465 :t
2101 410 2169 464 ab
2230 410 2419 464 hostili
2498 407 2827 463 incursione
2887 406 3225 462 defenderet.
3285 403 3382 457 llic
3437 406 3557 472 qui-

310 506 407 556 xai.
436 504 576 572 ἔχων
606 509 699 556 καὶ
729 505 824 566 τὰς
856 503 1046 574 θύρας,
1080 505 1434 576 ἐστρατεύετο
1475 507 1568 558 ἐπὶ
1610 504 1887 558 Πελοπόν-

311 612 501 664 νησον.
553 593 640 656 Ὠς
696 595 753 648 δὲ
810 596 1078 660 εἰσέϐαλε,
1147 601 1240 652 καὶ
1306 599 1454 660 ὲντὺς
1516 598 1608 650 τοῦ
1673 597 1888 663 Ἰσθμοῦ

316 687 559 754 ἐγένετο,
591 687 914 740 ἀπελαύνων
941 690 1160 750 αὐτίκα,
1196 691 1294 756 τὴν
1340 690 1604 759 Κόρινθον
1638 689 1886 756 ἐπολιόρ-

314 795 427 829 κει.
461 777 698 846 Περιιὼν
728 779 785 831 δὲ
816 781 1132 846 ἐπεσκόπει,
1160 782 1234 843 ὡς
1287 781 1353 834 ἂν
1399 782 1459 833 τὸ
1506 782 1684 850 τεῖχος
1729 778 1891 831 καθε-

311 866 425 919 λὼν
453 868 787 936 τηλεϐόλοις,
819 872 1130 923 ἑσπεσείται
1179 874 1237 934 ἐς
1286 873 1383 938 τὴν
1437 872 1591 923 πόλιν
1650 872 1767 939 ἅμα
1811 869 1890 938 τῷ

316 961 558 1028 στρατῷ.
592 963 702 1014 Καὶ
729 962 1053 1031 τηλεϐόλους
1082 964 1182 1028 μὲν
1213 964 1377 1016 αὐτοῦ
1413 963 1684 1015 ποιεῖσθαι
1722 961 1887 1015 κατέ-

317 1054 467 1114 λιπε,
507 1054 604 1105 καὶ
645 1056 735 1106 τὸν
773 1056 946 1124 Ἐῷον
1009 1056 1242 1125 στρατὸν
1294 1058 1737 1125 περικαθήμενον
1794 1056 1892 1126 τὴν

318 1149 478 1200 πόλιν
507 1150 820 1218 πολιορκεῖν
842 1166 855 1179 ·
892 1153 1067 1204 ἐδόκει
1095 1153 1204 1220 γὰρ
1238 1152 1388 1222 αύτῷ
1418 1153 1542 1213 τοὺς
1569 1150 1894 1220 τηλεϐόλους

317 1240 470 1310 αὐτῷ
500 1242 733 1295 ἐνταῦθα
780 1245 1075 1308 ποιεῖσθαι,
1101 1246 1192 1296 καὶ
1234 1243 1332 1314 τὴν
1361 1243 1520 1296 πόλιν
1569 1246 1687 1311 ἅμα
1729 1244 1896 1294 ἐκπο-

315 1333 780 1401 λιορκηθήσεσθαι
821 1336 1001 1404 λιμῷο
1053 1339 1216 1400 αὐτος
1271 1337 1328 1389 δὲ
1377 1336 1529 1396 ἐντὸς
1577 1339 1673 1403 τῆς
1725 1336 1893 1387 Πελο-

317 1426 589 1492 ποννήσου
628 1427 939 1494 γενόμενος,
976 1427 1062 1479 διὰ
1107 1427 1392 1488 Φλιοῦντος
1450 1428 1768 1496 ἐπορεύετο.
1807 1427 1897 1487 Ἐς

312 1515 375 1566 δὲ
433 1516 532 1584 τὴν
594 1518 856 1583 Κόρινθον
910 1521 958 1571 οἱ
993 1519 1258 1588 ’Έλληνες
1313 1518 1437 1572 οὔτε
1501 1519 1898 1588 ὲσεκομίσαντο

313 1607 411 1657 τὸν
442 1610 606 1670 σῖτον,
633 1609 716 1660 ὃτι
756 1609 829 1677 μὴ
877 1610 1077 1678 ὀλίγον,
1115 1612 1398 1680 Λουκάνης
1454 1613 1559 1680 γὰρ
1617 1607 1684 1682 ἦν
1731 1611 1900 1680 ἁρμο-

1993 501 2142 564 dem,
2208 499 2672 570 quemadmodum
2730 498 2992 558 iudicavi,
3037 499 3138 550 hoc
3195 495 3394 564 negotii
3454 496 3556 550 sibi

1993 591 2316 661 desumpsit.
2389 591 2528 653 Rex,
2581 601 2804 658 accepto
2827 589 3033 643 Asiano
3071 597 3123 641 et
3141 586 3378 641 Orientis
3406 599 3560 638 exer-

1995 687 2128 744 citu,
2203 697 2416 736 necnon
2499 682 2784 750 Eumpzeo,
2839 694 2996 747 quem
3046 678 3116 732 ab
3171 677 3458 732 Thessalia
3506 686 3561 731 et

1995 775 2307 830 Macedonia
2367 773 2794 841 conscripserat.
2832 781 2923 840 ‘ct
2975 769 3265 846 ianuarum
3339 769 3558 831 robore,

1995 877 2182 920 contra
2218 866 2662 933 Peloponnesum
2717 861 2994 929 profectus
3027 871 3132 914 est.
3188 860 3257 915 Ut
3284 860 3336 912 in
3402 858 3550 910 Pelo-

1999 961 2298 1028 ponnesum
2357 965 2411 1010 et
2452 956 2596 1008 intra
2652 954 2922 1007 lsthmum
2969 952 3241 1022 pervenit,
3293 950 3561 1004 continuo

1997 1049 2280 1102 obsidione
2382 1046 2744 1099 circumdedit
2821 1044 3162 1097 Corinthum.
3224 1022 3607 1095 Circumiens'

1999 1150 2180 1194 autem
2240 1140 2540 1210 spectabat,
2604 1152 2708 1202 qua
2759 1144 2915 1206 parte
2973 1149 3190 1188 murum
3249 1131 3565 1187 bombardis

2001 1239 2284 1298 proruerat
2317 1247 2329 1282 :
2367 1237 2424 1282 ut
2460 1245 2524 1282 eo
2585 1225 2841 1294 disiecto,
2876 1224 3037 1279 simul
3071 1232 3203 1292 geum
3240 1224 3353 1277 Suis
3385 1224 3438 1275 in
3471 1237 3567 1273 ur-

2001 1323 2126 1376 bem
2163 1323 2493 1389 irrumperet
2537 1336 2634 1389 per
2704 1320 2820 1373 loca
2853 1317 3028 1370 ruinis
3066 1315 3326 1386 patentia.
3364 1314 3426 1367 Et
3447 1316 3570 1384 qui-

2001 1416 2122 1468 dem
2157 1431 2222 1468 eo
2273 1413 2379 1467 loci
2419 1411 2749 1466 bombardas
2813 1408 3043 1462 fundere
3105 1407 3310 1462 omisit.
3371 1406 3568 1460 Verum

2002 1509 2189 1576 jussit,
2249 1518 2308 1559 ut
2360 1507 2640 1561 exercitus
2674 1502 2970 1558 Orientalis
3034 1501 3245 1554 omnia
3286 1507 3440 1568 parte
3483 1512 3573 1549 ur-

2005 1601 2124 1654 bem
2185 1598 2634 1661 circumsederet,
2701 1611 2931 1664 eamque
2966 1594 3185 1648 tandem
3217 1591 3359 1645 fame
3395 1605 3574 1658 expu-

316 1697 455 1766 στῆς
492 1700 521 1750 ὁ
572 1699 1020 1769 Λακεδαιμόνιος,
1061 1701 1298 1764 ἀπόντος
1329 1703 1424 1754 τοῦ
1473 1703 1736 1766 Ἀσάνεω,
1773 1701 1898 1754 οὔτε

2013 1698 2220 1758 guaret.
2273 1687 2408 1742 Nam
2445 1689 2576 1742 urbe
2629 1701 2689 1740 ea
2733 1695 3000 1753 occupata
3053 1685 3310 1752 sperabat
3354 1696 3412 1734 se
3461 1694 3576 1732 tua-

2043 1784 2052 1792 .
2275 1781 2285 1792 .
2781 1777 2832 1792 ..
2892 1791 2897 1792 ,
3118 1790 3159 1792 η
3247 1771 3542 1792 .,___.._‘_,_

320 1785 380 1839 ἐς
411 1784 514 1852 τὴν
564 1786 814 1856 φυλακὴν
847 1789 944 1856 τῆς
980 1789 1187 1851 πόλεως
1215 1790 1452 1843 διέθεντο
1507 1792 1726 1857 ἱκανῶς,
1758 1791 1897 1844 ὥστε

317 1873 572 1942 ἀντέχειν
605 1878 697 1928 ἐπὶ
730 1879 922 1946 χρόνον
963 1879 1042 1949 τῷ
1093 1881 1360 1948 βασιλέως
1400 1883 1635 1952 στρατῷ.
1669 1882 1902 1952 Ἀσάνης

322 1966 426 2034 μὲν
447 1962 542 2019 οὖν
567 1969 631 2020 ού
660 1970 842 2039 πολλῷ
868 1971 1122 2042 ὕστερον,
1149 1972 1224 2034 ὡς
1257 1974 1589 2027 ἐπυνθάνετο
1619 1974 1717 2044 τὴν
1746 1975 1900 2028 πόλιν

320 2061 735 2128 πολιορκεῖσθαι
767 2066 872 2118 ὑπ’)
924 2068 1020 2120 τοῦ
1061 2068 1317 2122 Ἀσιανοῦ
1349 2071 1738 2138 στρατοπέδου,
1762 2069 1902 2139 ἔχων

319 2154 454 2219 περὶ
494 2155 655 2206 αὑτὸν
690 2157 894 2225 ἄνδρας
947 2160 1188 2226 ἱκανοὺς,
1237 2159 1564 2229 ὁρμώμενος
1614 2163 1721 2214 ἀπὸ
1751 2161 1903 2213 Ναυ-

319 2244 488 2295 πλίου
528 2247 575 2277 ⁸⁷
607 2248 707 2316 τῆς
753 2249 1032 2305 Οὐενετῶν
1089 2252 1320 2315 πόλεως,
1356 2254 1447 2306 καὶ
1493 2254 1579 2306 διὰ
1622 2253 1903 2324 Θαλάσσης

320 2335 421 2385 ἐπὶ
451 2335 541 2386 τον
568 2339 866 2408 Κεγχρεῶν
897 2341 1092 2410 λιμένα
1121 2343 1460 2411 ἀφικόμενος
1480 2345 1697 2408 νυκτὸς,
1724 2344 1903 2400 λαθὼν

318 2427 422 2478 τον
476 2430 711 2497 στρατὸν
757 2431 851 2484 τοῦ
889 2432 1180 2500 βασιλέως,
1215 2435 1441 2504 ἐσῆλθεν
1491 2436 1546 2498 ἐς
1592 2437 1691 2506 τὴν
1751 2435 1906 2488 πόλιν

323 2519 498 2582 αὑτός
527 2537 584 2573 τε
611 2523 703 2575 καὶ
734 2524 782 2575 οἱ
814 2524 950 2592 ἀμφ’
980 2525 1162 2590 αὑτὸν,
1197 2527 1291 2579 καί
1342 2545 1463 2580 τινα
1498 2526 1710 2596 βραχὺν
1761 2528 1904 2579 σῖτον

325 2611 768 2678 εἰσεκομίσαντο.
818 2612 1087 2678 Βασιλεὺς
1136 2617 1233 2684 μὲν
1266 2613 1357 2670 οὖν
1391 2619 1447 2680 ὲς
1474 2617 1740 2671 Φλιοῦντα
1779 2618 1906 2684 ἀφι-

323 2700 584 2768 κόμενος,
601 2703 816 2771 Ταρσόν
843 2723 901 2757 τε
934 2707 1032 2774 τὴν
1061 2707 1323 2776 πολίχνην
1353 2708 1686 2777 ἐπολιόρκει.
1717 2707 1904 2776 Λοξίης

324 2792 391 2844 δὲ
439 2797 468 2847 ὁ
511 2795 610 2863 τῆς
657 2797 944 2858 Φλιοῦντος
981 2799 1094 2850 τῶν
1128 2798 1400 2851 Ἀλϐανῶν
1445 2798 1750 2867 προεστὼς,
1782 2798 1907 2859 τούς

323 2901 393 2936 τε
447 2885 540 2937 ὑπ’
574 2886 721 2956 αὐτῷ
771 2887 950 2952 ὄντας,
982 2892 1077 2942 καὶ
1112 2892 1238 2954 τοὺς
1268 2892 1365 2958 τῆς
1393 2891 1678 2952 Φλιοῦντος
1706 2889 1908 2958 ἄνδρας

325 2979 786 3048 εἰσενεγκάμενος
827 2981 883 3044 ἔς
927 2999 982 3033 τι
1035 2985 1270 3053 ἐρυμνὸν
1305 2985 1361 3045 ἐς
1408 2986 1476 3036 τὰ
1532 2983 1769 3052 μάλιστα
1796 3000 1905 3051 χω-

2004 1784 2209 1835 simum
2275 1781 2592 1834 bellicarum
2652 1777 3035 1830 machinarum
3108 1790 3206 1828 seu
3247 1771 3576 1828 bombarda-

2004 1887 2122 1926 rum
2181 1880 2500 1940 apparatum
2567 1866 3002 1936 acquisiturum.
3070 1864 3370 1933 lpsc‘cum
3428 1862 3573 1915 intra

2001 1965 2440 2033 Peloponnesum
2499 1966 2851 2020 accessrssct,
2921 1965 3071 2011 recta
3103 1969 3198 2025 per
3253 1953 3574 2006 Pbliuntem

2005 2058 2108 2111 iter
2162 2055 2422 2110 faciebat.
2475 2050 2654 2107 Graeci
2715 2058 2898 2103 autem
2947 2061 3016 2102 ne
3052 2046 3134 2100 vel
3167 2044 3436 2099 tantillum
3464 2041 3579 2096 fru-

2003 2148 2172 2203 menti
2223 2147 2545 2201 Corinthum
2611 2147 3024 2212 congesserant.
3072 2136 3211 2192 Nam
3290 2135 3574 2196 Lucanes,

2004 2238 2290 2308 praefectus
2354 2236 2680 2306 Spartanus,
2723 2235 2991 2288 -absente
3069 2232 3250 2284 Asane
3318 2242 3439 2282 eam
3498 2241 3579 2279 re-

2004 2333 2184 2401 gebat.
2252 2329 2512 2384 l’ra2terea
2576 2342 2677 2381 nec
2731 2326 2921 2378 urbem
2979 2324 3113 2377 satis
3175 2318 3454 2391 praasidiis
3513 2327 3566 2372 et

2004 2420 2436 2492 propugnaculis
2502 2419 2838 2481 munierant,
2876 2426 2934 2469 ut
2986 2417 3069 2469 vel
3130 2413 3283 2468 brevi
3338 2420 3583 2478 tempore

2007 2515 2264 2568 resistere
2310 2520 2533 2581 possent
2563 2512 2714 2580 regio
2760 2509 3056 2589 exercitui.
3129 2508 3341 2559 Asanes
3363 2501 3580 2570 quidem

2010 2609 2155 2664 haud
2193 2610 2367 2663 multo
2423 2618 2691 2676 postcum
2730 2605 3035 2674 accepisset
3088 2603 3274 2656 urbem
3300 2596 3585 2654 obsidione

2008 2701 2180 2769 premi
2221 2701 2293 2754 ab
2347 2701 2556 2754 Asiane
2613 2700 2887 2760 exercitu,
2943 2697 3154 2751 ducens
3214 2706 3400 2747 secum
3438 2690 3585 2742 viros

2009 2793 2295 2862 plurimos,
2367 2791 2646 2859 profectus
2730 2789 2961 2857 Nanplio
3019 2785 3355 2840 Venetorum
3417 2779 3582 2844 urbe,

2008 2895 2061 2941 et
2091 2884 2227 2939 mari
2261 2884 2316 2938 in
2345 2884 2785 2938 Cenchreensem
2837 2889 3054 2949 portum
3092 2877 3382 2939 advectus,
3414 2882 3583 2928 noctu

2013 2980 2299 3046 ingressus
2367 2985 2453 3031 est
2504 2976 2717 3038 urbem,
2758 2983 3048 3043 apportato
3084 2979 3393 3025 commeatu
3456 2983 3589 3020 sane

333 3069 497 3139 ρίον,
543 3073 989 3140 παρεσκευάζετο
1040 3075 1114 3137 ὡς
1172 3076 1572 3144 ἀμυνούμενος.
1635 3075 1738 3126 Τὸν
1800 3073 1908 3141 γάρ

2013 3069 2230 3135 Exiguo,
2267 3067 2440 3120 inscio
2490 3066 2737 3120 exercitu
2773 3065 2943 3134 regis.
3001 3064 3112 3117 ltex
3173 3076 3297 3115 cum
3344 3057 3589 3112 venisset

327 3178 421 3213 τοι
451 3163 664 3232 Ταρσὸν
701 3167 729 3217 ό
765 3164 1022 3235 βασιλεὺς
1069 3168 1455 3236 παρεστήσατο
1497 3165 1784 3235 ὁμολογία,
1818 3168 1909 3217 καὶ

329 3249 536 3310 παῖδας
567 3250 749 3303 λαϐὼν
782 3254 856 3315 ὡς
902 3255 1270 3322 τριακοσίους,
1301 3258 1393 3306 καὶ
1418 3254 1656 3324 ἄρχοντα
1684 3255 1910 3322 ἐπιστή-

331 3357 440 3403 σας
463 3345 578 3403 τοῖς
606 3345 663 3394 ὲν
693 3346 759 3415 τῇ
793 3344 947 3397 πόλει
977 3345 1174 3416 προῄει
1207 3346 1294 3399 διὰ
1323 3347 1426 3412 τῆς
1456 3346 1776 3416 μεσογαίου.
1808 3348 1912 3398 Πο-

336 3431 634 3500 ρευόμενος
665 3433 741 3496 δὲ,
771 3434 1034 3504 τρέπεται
1063 3436 1156 3488 ἐπὶ
1185 3439 1282 3505 τὴν
1324 3436 1506 3502 πόλιν,
1539 3436 1572 3507 ἢ
1605 3440 1781 3489 κεῖται
1813 3437 1914 3489 ἐπὶ

335 3521 504 3591 ὄρους
534 3523 738 3593 ὑψηλοῦ
768 3541 827 3577 τε
857 3528 952 3579 καὶ
997 3527 1260 3597 ἐρυμνοῦ,
1297 3530 1352 3591 ἐς
1379 3528 1448 3598 ἢν
1492 3529 1679 3582 πολλοί
1713 3548 1773 3582 τε
1803 3530 1916 3583 τῶν

353 3617 626 3684 Ἑλλήνων
677 3618 796 3686 ἅμα
845 3620 939 3672 καὶ
997 3619 1274 3673 Ἀλϐανῶν
1326 3618 1752 3689 συλλεγόμενοι,
1810 3639 1917 3674 πα-

345 3710 744 3778 ρεσκευάζοντο
795 3710 869 3773 ὡς
929 3711 1439 3782 πολιορκησόμενοι.
1489 3714 1596 3764 Καὶ
1629 3713 1781 3766 ὕδατι
1819 3716 1918 3782 μὲν

347 3803 450 3855 οὐκ
507 3803 706 3870 εχρῆτο
751 3803 977 3872 ἀφθόνῳ
1036 3805 1068 3872 ἡ
1123 3803 1298 3869 πόλις,
1331 3803 1412 3854 ὅτι
1479 3805 1554 3873 μὴ
1605 3806 1762 3867 tam;
1817 3807 1916 3876 τῆς

347 3896 582 3959 πόλεως,
614 3897 707 3963 ἀφ’
763 3888 823 3948 οὗ
873 3896 1195 3964 ὑδρεύεσθαι
1249 3895 1437 3966 ᾤοντο,
1489 3898 1580 3949 καὶ⁹
1621 3899 1696 3967 μὴ
1759 3901 1919 3967 ἀφαι-

351 3989 680 4058 ρεθήσεσθαι
717 3988 822 4040 ὑπὸ
850 3989 956 4041 τῶν
991 3988 1293 4056 πολεμίων,
1339 3988 1790 4057 συμϐαλλομένου
1828 3990 1918 4043 τοῦ

347 4083 556 4149 χωρίου
603 4083 660 4142 ἐς
711 4081 770 4132 τὸ
812 4080 1126 4150 ἀμύνασθαι
1165 4081 1493 4150 ἰσχυρότατα
1544 4081 1816 4135 ἐντεῦθεν.
1859 4081 1920 4134 '0

354 4175 455 4241 μὲν
494 4168 586 4224 οὖν
637 4171 891 4240 βασιλεὺς
933 4170 1215 4234 ἀπελάσας
1250 4175 1348 4224 σὺν
1390 4174 1502 4233 τοῖς
1551 4172 1794 4241 νεήλυσι,
1826 4172 1920 4225 τού

350 4281 411 4316 τε
450 4263 637 4324 ὓδατος
667 4263 1035 4331 ἐπεκράτησε,
1069 4267 1164 4315 καὶ
1211 4264 1590 4333 ἐξεπολιόρκει
1621 4263 1720 4332 τὴν
1748 4264 1920 4318 πόλιν.

2015 3159 2376 3229 Phliuntem,
2416 3156 2649 3211 Tarsum
2705 3157 2894 3210 urbem
2959 3154 3334 3225 Oppugnahat.
3395 3149 3590 3204 ltoxies

2015 3251 2127 3324 (66)
2177 3260 2382 3316 autem,
2425 3252 2518 3321 qui
2568 3251 2728 3321 jussu
2763 3251 3102 3304 Albanorum
3163 3245 3438 3299 PhlIu-ntis
3471 3250 3591 3296 erat

2013 3343 2330 3415 praefectus,
2416 3357 2671 3410 eosquos
2746 3340 2982 3408 imperio
3062 3338 3302 3406 regebat,
3374 3348 3584 3387 necnon

2013 3436 2288 3491 Pbliuntis
2313 3434 2484 3496 cives,
2529 3434 2585 3487 in
2619 3433 2796 3486 locum
2833 3430 3122 3498 quemdam
3157 3425 3590 3482 munitissimum

2015 3526 2314 3609 contraxit,
2362 3534 2418 3582 et
2445 3527 2714 3580 statuebat
2766 3523 2876 3591 regi
2915 3521 3199 3576 resistere.
3232 3517 3464 3572 Tarsum
3495 3529 3592 3569 rex

2019 3625 2074 3679 in
2107 3621 2378 3678 ditionem
2455 3629 2747 3688 acceperat
2783 3634 2798 3672 :
2831 3627 2885 3671 et
2941 3631 3168 3671 sumens
3214 3614 3340 3669 inde
3393 3627 3594 3684 pueros

2016 3716 2238 3771 circiter
2274 3722 2579 3773 trecentos.
2631 3720 2685 3766 et
2732 3711 2949 3766 civibus
2991 3708 3323 3774 praefectum
3382 3704 3596 3760 constiv

2019 3817 2200 3871 tuens,
2257 3815 2399 3860 recta
2463 3819 2559 3874 per
2617 3802 3073 3856 mediterraneam
3114 3797 3388 3868 regionem
3446 3796 3598 3848 ince-

2020 3899 2200 3953 debat.
2275 3895 2535 3950 lucedens
2590 3893 2750 3963 237
2785 3903 2965 3945 autem
3011 3907 3131 3944 cum
3194 3887 3432 3956 agmine,
3470 3885 3595 3939 belli

2021 3991 2218 4045 molem
2251 3992 2446 4042 avertit
2488 3990 2541 4039 iu
2583 3987 2801 4047 urbem,
2835 3999 2955 4053 quae
3002 3983 3105 4036 sita
3172 3989 3257 4033 est
3309 3980 3361 4031 in
3415 3985 3600 4030 monte

2021 4081 2242 4136 excelso
2270 4089 2322 4133 et
2352 4073 2588 4140 munito,
2626 4077 2680 4128 in
2731 4090 2894 4143 quam
2934 4073 3104 4128 Graeci
3160 4069 3370 4140 pariter
3413 4081 3464 4123 et
3503 4058 3599 4122 A'l-

2022 4173 2149 4234 bani
2207 4171 2424 4240 plurimi
2486 4175 2854 4221 convenerant
2905 4164 3289 4226 ;obsidionem
3331 4161 3474 4230 regis
3528 4160 3600 4212 ibi

2027 4262 2338 4319 toleraturi.
2376 4260 2613 4314 Maxima
2646 4258 2800 4311 urbis
2822 4257 2984 4325 hujus
3016 4261 3136 4308 erat
3159 4269 3314 4323 aqua!
3353 4251 3602 4320 penuria.

353 4357 584 4421 Λέγεται
619 4356 674 4408 δὲ
721 4354 953 4406 ἐνταῦθα
984 4355 1112 4419 τοὺς
1150 4356 1208 4406 ἐν
1231 4358 1295 4425 τῇ
1331 4356 1480 4407 πόλει
1521 4357 1829 4418 κτείνοντας
1857 4359 1909 4408 τὲ

2032 4354 2166 4406 Nam
2218 4360 2376 4407 extra
2439 4353 2628 4403 urbem
2671 4349 2793 4400 fons
2845 4353 2985 4406 erat,
3035 4358 3144 4411 quo
3187 4348 3445 4410 aquatum
3525 4337 3604 4390 ire

357 4448 624 4514 ὑποζύγια
653 4447 730 4516 τῷ
759 4447 951 4515 αἵματι
987 4431 1178 4517 φύρεῖν
1211 4464 1269 4498 τε
1312 4449 1378 4498 τὰ
1404 4447 1625 4511 ἄλφιτα,
1652 4448 1745 4500 καὶ
1779 4447 1929 4514 ἕψειν

355 4539 450 4592 τον
507 4539 690 4608 ἄρτον.
756 4539 844 4600 Ὠς
900 4537 957 4590 δὲ
1017 4538 1161 4606 δίψει
1221 4537 1577 4607 συσχεθέντες
1628 4539 1685 4588 ἐν
1741 4538 1932 4605 ἀπόρῳ

357 4633 658 4700 ἑγῖγνοντο,
685 4633 982 4700 ἐτράποντο
1007 4632 1107 4698 μὲν
1134 4632 1226 4682 ἐπὶ
1256 4629 1568 4696 ὁμολογίαν.
1588 4629 1857 4681 Ἐνταῦθα
1882 4630 1930 4660 ⁸³

356 4712 766 4792 ὀλιγωρούντων
795 4721 903 4773 τῶν
937 4724 992 4772 ἐν
1032 4725 1095 4790 τῇ
1165 4721 1315 4774 πόλει
1359 4724 1486 4788 περὶ
1524 4721 1633 4772 τῶν
1673 4722 1933 4786 φυλακῶν

317 4875 326 4883 ,
359 4812 463 4880 τῆς
495 4811 703 4874 πόλεως
732 4811 820 4863 διὰ
869 4811 993 4873 τοὺς
1031 4811 1318 4880 πρέσϐεις,
1347 4810 1661 4869 κελεύοντες
1707 4811 1754 4861 οἱ
1806 4813 1927 4876 νεή-

359 4904 514 4967 λυδες
544 4906 849 4966 εἰσέπεσον,
888 4904 981 4955 καὶ
1035 4905 1340 4972 εἰσεχέοντο
1381 4904 1438 4963 ἐς
1472 4901 1572 4972 τὴν
1633 4901 1804 4961 πόλιν,
1837 4902 1932 4953 καὶ

361 4997 652 5064 κατέσχον,
685 4999 780 5049 καὶ
814 4995 909 5065 τήν
940 5013 1000 5047 τε
1031 4996 1184 5069 πόλιν
1224 4996 1363 5048 κατὰ
1389 4995 1587 5061 κράτος
1625 4995 1928 5059 ἐξελόντες,

359 5088 908 5157 ἐξηνδραποδίσαντο.
942 5088 1096 5140 Μετὰ
1149 5087 1206 5139 δὲ
1267 5086 1440 5138 ταῦτα
1484 5089 1807 5154 ἀφικόμενοι
1842 5086 1932 5137 ὲπὶ

373 5176 638 5246 ’Δκριϐὴν
664 5177 838 5242 πόλιν,
874 5177 966 5229 καὶ
996 5175 1204 5246 ταύτην
1247 5177 1292 5208 ⁸³
1340 5177 1690 5230 ὑποστάντων
1735 5175 1844 5228 τῶν
1872 5175 1930 5226 ὲν

360 5271 432 5338 τῇ
463 5270 635 5334 πόλει,
676 5270 768 5321 καὶ
807 5269 904 5321 οὐκ
945 5269 1295 5333 ἐκλιπόντων,
1345 5268 1664 5329 ἐπελθόντες
1710 5269 1756 5320 οἱ
1803 5266 1933 5335 νεή·

2034 4447 2305 4502 solebant.
2361 4443 2440 4497 Ne
2471 4439 2707 4511 aquandi
2753 4436 3074 4492 facultatem
3107 4435 3374 4488 adimeret
3407 4429 3603 4495 hostis,

2033 4555 2156 4593 cum
2191 4538 2370 4592 locum
2401 4533 2696 4588 admodum
2744 4527 3215 4582 communierant.
3275 4522 3388 4577 Rex
3441 4533 3603 4574 acce-

2033 4633 2168 4684 dens
2227 4628 2293 4682 ad
2338 4629 2481 4680 hanc
2529 4624 2722 4679 urbem
2779 4636 2904 4674 cum
2958 4617 3271 4690 peregrinis
3309 4612 3604 4674 militibus,

2034 4737 2172 4790 aqua
2233 4720 2460 4789 potitur,
2490 4724 2543 4771 et
2576 4715 2762 4768 urbem
2807 4712 3096 4765 obsidione
3155 4707 3351 4774 cingit.
3399 4701 3608 4758 Ferunt

2035 4810 2362 4879 oppidanos,
2423 4823 2548 4860 cum
2609 4820 2752 4873 aqua
2792 4803 3077 4864 deficeret,
3120 4796 3464 4853 interfecisse
3521 4792 3609 4862 ju-

2039 4889 2242 4964 menta',
2295 4898 2751 4966 ctjumcntornm
2810 4893 3085 4965 sanguine
3134 4891 3422 4958 subegisse
3469 4883 3604 4936 fari-

2040 5006 2185 5055 nam,
2220 5001 2271 5044 et
2307 4989 2432 5042 hinc
2487 4987 2707 5042 coxisse
2747 5001 2938 5055 panes.
2974 4985 3109 5037 Cum
3144 4991 3328 5035 autem
3357 4974 3599 5033 saevissi-

2041 5099 2124 5136 ma
2190 5087 2570 5150 premerentur
2643 5078 2759 5140 siti,
2828 5077 2980 5129 dubii
3040 5074 3170 5141 quid
3229 5074 3474 5139 agerent,
3538 5066 3604 5118 ad

2039 5173 2318 5228 deditione
2344 5191 2372 5222 ιι
2418 5179 2709 5240 eruperunt
2767 5169 2934 5222 animi
2983 5167 3275 5220 inclinare.
3332 5151 3608 5215 Miseritnt

2041 5266 2225 5334 itaque
2275 5265 2488 5334 legatos
2520 5263 2584 5316 ad
2641 5276 2853 5331 regem,
2912 5259 3004 5330 qui
3039 5253 3420 5310 orareututin
3456 5250 3609 5306 dedi-

1635 5381 1883 5443 Notulm
1927 5377 2332 5456 marginales.

443 5488 549 5558 (66)
584 5489 798 5553 Tocbii,
827 5491 937 5546 sive
967 5490 1211 5561 Thopim,
1246 5501 1301 5545 ut
1333 5490 1624 5545 Barletius.

449 5650 489 5681 ⁸⁷
513 5650 586 5722 In,
646 5671 768 5722 uno,
833 5656 1157 5712 Νανπλοῖον.

367 5724 525 5778 etiam
559 5721 623 5776 [ἰ.

1274 5657 1316 5688 ⁸⁸
1355 5655 1416 5708 1η
1489 5671 1588 5707 uno
1655 5653 1894 5718 additur,

2013 5641 2307 5718 ,πρέσϐεις
2377 5641 2623 5708 ἔπεμπον
2695 5639 2784 5690 ἐπὶ
2841 5633 3117 5705 ὁμολογῑᾳ.

3231 5630 3271 5659 ⁸³
3311 5630 3495 5700 fxim.
3523 5627 3611 5682 Si:
