4006 6204
412 217 517 284 439

1539 222 1853 282 ιΑοΝιοι·
1886 193 2536 283 cuALcocouurm

3533 212 3638 275 4ίο

415 329 621 384 tionem
680 328 1086 397 acciperentur.
1143 328 1264 392 llic,
1321 342 1443 381 cum
1481 320 1850 397 negligentius
1880 345 1976 397 op—

2110 334 2254 396 υδες,
2293 330 2570 399 ἐπέϐησάν
2601 347 2656 381 τε
2687 329 2779 382 τοῦ
2814 329 3026 398 τείχους
3077 329 3170 380 καὶ
3197 324 3358 382 εἷλον.
3397 327 3638 386 Ἐλόντες

409 419 594 488 pidani
657 429 881 490 propter
935 420 1130 474 missos
1185 419 1393 487 legatos
1451 421 1722 476 stationes
1788 421 1976 475 solitas

413 510 655 574 obirent,
683 509 953 579 peregrini
986 509 1342 563 advenientes
1377 511 1657 564 irruerunt
1690 513 1742 564 in
1765 511 1976 574 urbem,

414 612 642 666 eamque
674 599 976 659 obtinuere,
996 604 1050 649 et
1079 597 1452 666 diripuerunt.
1484 597 1681 652 Postea
1730 600 1967 652 venien-

415 695 497 742 tes
553 688 616 741 ad
678 688 866 742 urbem
910 687 1194 752 Acribam,
1235 702 1360 742 cum
1415 688 1675 758 oppidani
1711 704 1830 744 eam
1868 689 1978 742 for-

417 779 542 830 titer
573 784 900 840 tutarentur,
948 792 1046 831 nec
1067 792 1186 830 eam
1231 777 1490 833 deserere
1534 779 1761 843 vellent,
1816 795 1975 849 pere-

416 867 554 934 grini
592 866 1036 919 conscenderunt
1069 883 1309 933 murum,
1341 884 1578 938 eumque
1603 880 1974 937 occuparunt:

417 973 538 1021 qua:
573 957 803 1011 militum
844 959 1037 1026 periise
1089 959 1277 1013 cessit.
1343 959 1480 1012 llinc
1516 962 1724 1015 ducens
1767 963 1980 1016 exerci-

419 1057 554 1108 tum,
618 1045 767 1099 venit
799 1045 1063 1114 Rupelam
1101 1046 1356 1102 Phliasise
1386 1049 1596 1102 urbem.
1631 1049 1688 1102 In
1733 1043 1978 1102 bac‘ser-

415 1136 686 1190 vabantur
727 1139 946 1202 Albani,
1009 1148 1063 1194 et
1118 1138 1292 1195 Graeci
1353 1141 1444 1209 qui
1493 1153 1561 1193 eo
1621 1143 1981 1208 confugerant

417 1245 542 1282 cum
586 1231 865 1283 uxoribus.
924 1231 1075 1286 llauc
1129 1248 1224 1286 rex
1281 1233 1445 1287 biduo
1507 1234 1885 1304 oppugnavit:
1927 1244 1982 1288 et

417 1335 624 1375 cumea
659 1322 821 1390 potiri
866 1339 970 1375 non
1011 1335 1210 1392 posset,
1267 1326 1519 1392 quamvis
1573 1325 1732 1393 pauci
1772 1324 1838 1377 de
1880 1341 1981 1378 suo

415 1413 660 1464 exercitu
719 1415 1076 1478 cecidissent,
1122 1424 1374 1468 czeterum
1437 1415 1654 1485 plurimi
1707 1415 1978 1469 vulnerati

417 1489 624 1564 essent,
680 1503 909 1557 abduxit
945 1505 1246 1557 exercitum
1294 1505 1457 1573 quasi
1519 1505 1788 1559 abiturus.
1844 1503 1979 1558 Cum

413 1593 526 1660 jam
563 1596 846 1648 accinctus
902 1609 1047 1652 esset
1081 1597 1146 1648 ad
1193 1597 1316 1659 iter,
1357 1597 1760 1665 superveniunt
1817 1596 1978 1665 legati

2077 425 2133 478 δέ
2193 421 2654 492 ἠνδραποδίσαντο
2729 419 2823 473 καὶ
2879 418 3106 483 ταύτην.
3158 419 3310 472 Μετὰ
3361 416 3418 469 δὲ
3471 415 3643 468 ταῦτα

2078 515 2318 566 ἐλαύνων
2353 553 2369 576 ,
2423 512 2652 580 ἀφίκετο
2718 512 2776 574 ἐς
2867 511 3168 579 Ῥουπὲλην
3231 510 3327 577 τῆς
3386 509 3644 570 Φλιασίας

2081 606 2362 674 πολίχνην,
2413 605 2469 663 ἐς
2520 605 2587 672 ἢν
2634 602 2882 655 Ἀλϐανοί
2934 619 2992 652 τε
3034 603 3128 653 καὶ
3176 600 3433 665 Ἕλληνες
3476 617 3644 653 κατα-

2081 699 2367 763 φυγόντες,
2403 694 2726 757 διεσώζοντο
2755 695 2908 747 αὐτοί
2955 711 3012 746 τε
3067 695 3182 762 ἃμα
3218 694 3314 750 καὶ
3346 694 3403 744 σί
3460 693 3646 758 γυναῖ-

2079 802 2194 846 κες.
2224 786 2571 855 Προσέόαλλε
2603 786 2701 851 μὲν
2739 783 2972 836 ἐνταῦθα
2997 785 3086 836 καὶ
3117 787 3181 853 τῇ
3226 783 3524 852 προτεραίᾳ
3552 786 3647 836 καὶ

2085 879 2150 946 τῇ
2201 878 2486 948 ὑστεραίᾳ,
2523 877 2715 940 καὶὼς
2765 878 2863 930 οὐκ
2885 875 3125 945 ῑὴδύνατο
3169 877 3329 935 ἑλεῖν,
3374 877 3648 928 πεσόντων

2081 967 2314 1018 ἐνταῦθα
2344 969 2441 1021 οὐκ
2470 968 2665 1033 ὀλίγων
2693 967 2799 1017 τῶν
2842 965 3122 1033 βασιλέως.
3159 966 3254 1018 καὶ
3297 966 3507 1033 συχνῶν
3539 966 3646 1015 τίτιν

2081 1060 2174 1111 τοῦ
2221 1059 2579 1128 στρατοπέδου
2625 1057 3009 1124 τετρωμένων,
3047 1058 3306 1123 ἀπήγαγε
3355 1058 3448 1108 τὸν
3489 1072 3650 1123 στρα-

2081 1145 2171 1196 τὸν
2221 1143 2296 1206 ὡς
2328 1143 2525 1200 ἀπιών.
2575 1145 2724 1196 Ἐπεὶ
2783 1144 2838 1195 δὲ
2895 1145 3263 1208 συσκευάζετο
3313 1145 3387 1207 ὡς
3438 1146 3637 1206 ἀπιὼν,

2082 1235 2315 1289 ἐνταῦθα
2372 1236 2711 1304 προσέφερον
2756 1235 2945 1302 λόγους
2993 1235 3069 1301 τῷ
3102 1235 3334 1304 βασιλεῖ,
3368 1235 3644 1302 ξυμϐῆναί

2081 1341 2139 1377 τε
2176 1324 2475 1387 ἐθέλοντες,
2510 1327 2607 1376 καὶ
2639 1325 2992 1394 παραδιδόναι
3027 1325 3124 1395 τὴν
3167 1326 3344 1380 πόλιν.
3395 1328 3457 1379 Ὀ
3486 1326 3538 1379 δὲ
3572 1326 3650 1377 ὼε

2083 1414 2358 1482 παρέλαϐε
2411 1414 2508 1483 τὴν
2566 1413 2863 1482 πολίχνην,
2910 1413 3031 1466 οὕτε
3095 1415 3648 1484 ἁνδραποδισάμενοξ.

2083 1506 2205 1560 οὔτε
2236 1508 2364 1561 ἄλλο
2396 1506 2582 1568 άεικές
2616 1506 3017 1574 ἐργασάμενος,
3062 1506 3156 1558 σὺν
3191 1505 3411 1573 γυναιξί
3436 1523 3494 1558 τε
3531 1505 3651 1573 ἅμα

2084 1596 2178 1647 καὶ
2205 1596 2394 1647 παισὶν
2434 1595 2488 1657 ἐς
2518 1594 2810 1657 Βυζάντιον
2838 1593 3159 1664 κατέπεμψε
3190 1596 3644 1666 κατοικήσοντας.

419 1692 660 1746 petentes
711 1703 918 1753 parem,
968 1688 1215 1743 dicentes
1281 1703 1338 1742 se
1398 1699 1620 1757 paratos
1690 1704 1811 1743 esse
1869 1687 1974 1757 ipsi

2097 1687 2197 1738 Γῶν
2227 1704 2284 1739 τε
2326 1685 2596 1739 ’Δλϐανῶν
2623 1686 2731 1737 τῶν
2759 1687 2814 1737 ἐν
2837 1685 2913 1755 τῷ
2944 1684 3141 1755 Ταρσῷ
3174 1687 3647 1755 παραδεδωκότων

420 1776 636 1829 tradere
682 1778 891 1832 urbem.
924 1780 1036 1832 ilex
1080 1779 1269 1832 urbem
1305 1780 1356 1832 in
1384 1780 1744 1845 deditionem,
1792 1795 1981 1848 quem-

419 1865 710 1919 admodum
780 1870 1092 1937 petebatur,
1121 1871 1399 1936 suscepit:
1433 1887 1531 1924 nec
1583 1888 1704 1926 eam
1750 1873 1981 1942 diripuit

417 1955 503 2008 vel
534 1957 830 2025 quidquam
870 1959 1050 2010 damni
1087 1959 1134 2011 ei
1181 1958 1404 2014 inﬂixit.
1423 1959 1688 2013 Caeterum
1729 1976 1823 2014 eos
1857 1977 1981 2016 eum

420 2047 680 2102 uxoribus
712 2056 766 2100 et
798 2047 984 2100 liberis
1033 2049 1380 2118 Byzantium,
1428 2057 1488 2104 ut
1521 2049 1591 2104 ibi
1648 2049 1982 2112 habitarent,

419 2136 751 2190 transmisit.
811 2127 1007 2191 Albani
1067 2155 1198 2192 vero
1265 2141 1362 2208 qui
1431 2140 1761 2209 semetipsos
1826 2139 1982 2195 Tarsi

418 2231 764 2293 dediderant.
796 2243 850 2286 et
884 2235 1068 2287 denuo
1102 2234 1450 2300 aufugerant,
1487 2237 1571 2289 usi
1597 2243 1726 2289 sunt
1769 2235 1983 2290 fortuna

423 2336 531 2374 non
565 2323 857 2376 admodum
889 2331 1152 2378 secunda.
1175 2324 1305 2376 Nam
1341 2341 1434 2378 rex
1477 2341 1573 2379 eos
1606 2326 1771 2394 cepit,
1794 2342 1987 2381 manus

423 2412 699 2478 pedesque
735 2427 924 2464 eorum
966 2412 1265 2467 crudeliter
1309 2413 1486 2482 fregit.
1554 2411 1691 2466 Huic
1729 2413 1985 2481 turpissi—

421 2517 524 2554 ma:
548 2514 598 2556 ct
633 2502 1031 2558 crudelissima!
1066 2505 1230 2558 morti
1255 2504 1501 2558 Albanos
1532 2504 1754 2558 circiter
1795 2505 1988 2572 viginti

419 2595 775 2663 adjudicavit.
839 2599 978 2652 Hinc
1045 2596 1356 2666 profectus,
1397 2613 1492 2664 per
1550 2594 1846 2650 Mantinea
1903 2610 1990 2648 re-

425 2687 642 2750 gionem
683 2689 832 2741 venit
860 2690 924 2742 ad
964 2690 1157 2742 urbem
1195 2688 1541 2742 Pazonicam.
1580 2687 1643 2741 In
1666 2687 1807 2741 banc
1837 2686 1990 2739 misit

423 2776 863 2832 Cantacuzenum
896 2796 1090 2848 :quem
1146 2783 1420 2850 quondam
1472 2779 1671 2834 ducem
1736 2786 1992 2832 creantes

423 2869 645 2932 Albani,
675 2869 815 2923 bello
872 2870 1266 2926 lacessiverunt
1310 2871 1548 2926 Greecos.
1587 2870 1639 2924 Is
1689 2887 1751 2925 ea
1789 2883 1995 2939 tempe-

2086 1780 2247 1845 σφᾶς,
2282 1779 2377 1831 καὶ
2406 1776 2638 1830 ἐνταῦθα
2669 1778 2715 1810 ⁹⁰
2745 1777 2998 1846 δεύτερον
3026 1772 3177 1839 αὖθις
3224 1779 3647 1846 ἀποφυγόντων,

2086 1869 2346 1942 ξυντυχίᾳ
2390 1871 2497 1922 τινὶ
2549 1869 2909 1940 χρησαμένων
2951 1870 3051 1922 οὐκ
3082 1868 3282 1938 ἀγαθῇ,
3316 1867 3498 1920 λαϐὼν
3531 1869 3657 1920 τού-

2085 1981 2234 2024 τους,
2265 1961 2388 2024 τούς
2433 1978 2490 2012 τε
2525 1960 2691 2023 πόδας
2735 1963 2828 2014 καὶ
2881 1960 3073 2029 χεῖρας
3107 1960 3326 2014 ἐκλασε.
3363 1959 3473 2010 Καὶ
3515 1959 3658 2012 οὕτω

2085 2053 2261 2107 ἀνεῖλε
2291 2053 2534 2120 κακίστῳ
2566 2051 2769 2122 ὀλέθρῳ
2793 2052 3068 2124 παραῗοὺς
3098 2054 3240 2122 ἀμφὶ
3265 2053 3392 2115 τοὺς
3425 2050 3654 2106 εἴκοσιν.

2099 2145 2385 2199 Ἐντεῦθεν
2422 2145 2662 2198 ἐλαύνων
2711 2145 2797 2198 διὰ
2831 2144 3164 2206 Μαντινείας
3194 2143 3400 2214 χώρας,
3427 2143 3658 2210 ἀφίκετο

2088 2241 2180 2292 ἐπὶ
2232 2237 2544 2305 Παζενίκην
2593 2237 2768 2300 πόλιν,
2802 2238 2896 2288 καὶ
2937 2235 3154 2305 ἔπεμπε
3182 2233 3658 2301 Καντακουζηνδν,

2087 2329 2146 2381 ὃν
2179 2329 2308 2382 ποτέ
2337 2328 2385 2380 οἱ
2416 2327 2667 2379 Ἀλϐανοὶ
2693 2327 2938 2396 ἡγεμόνα
2970 2326 3239 2394 ἑλόμενοι,
3268 2323 3659 2391 ἐστρατεύοντο

2090 2420 2184 2471 ἐπὶ
2218 2417 2342 2478 τοὺς
2376 2415 2663 2484 Ἕλληνας.
2702 2415 2891 2484 Παρῆν
2933 2417 3039 2484 γὰρ
3065 2416 3188 2467 τότε
3218 2417 3276 2466 ἐν
3319 2415 3395 2484 τῷ
3432 2429 3662 2483 στρατο-

2092 2508 2258 2576 πέδῳ,
2286 2508 2676 2576 μετάπεμπτος
2705 2505 2808 2556 ύπδ
2839 2503 3125 2574 βασιλέως,
3141 2502 3282 2555 ὥστε
3306 2499 3666 2553 ἐπιλαϐέσθαι

2093 2599 2242 2667 αὐτῷ
2295 2601 2348 2660 ἐς
2418 2599 2544 2659 τοὺς
2605 2597 2663 2647 ἐν
2739 2597 2807 2666 τῇ
2863 2595 3253 2663 Πελοποννήσῳ
3320 2590 3658 2645 Ἀ).εανού;’

2097 2693 2347 2762 μετιόντα
2389 2709 2447 2742 τε
2477 2691 2570 2742 καὶ
2604 2689 2798 2756 λόγους
2857 2687 3243 2756 ἐπιπέμποντα
3298 2686 3427 2754 περὶ
3469 2685 3668 2754 προδο-

2096 2785 2235 2846 σίας.
2272 2783 2361 2845 Ὠς
2398 2783 2451 2834 δὲ
2499 2781 2734 2835 ἐνταῦθα
2787 2780 3025 2848 πέμπων
3077 2778 3296 2830 ἐκέλευε
3329 2775 3663 2845 προσφέρειν

2094 2878 2208 2938 τοῖς
2252 2877 2309 2927 ἐν
2360 2876 2425 2944 τῇ
2462 2875 2638 2936 πόλει,
2671 2872 2811 2926 ὥστε
2853 2871 3245 2941 προσχωρῆσαι
3268 2886 3281 2899 ⁸
3318 2872 3576 2938 παρῆσαν
3607 2868 3664 2920 δὲ

426 2970 566 3016 state
598 2962 784 3016 aderat
808 2964 862 3016 in
889 2963 1110 3026 castris,
1164 2965 1473 3019 accersitus
1520 2963 1587 3016 ab
1621 2980 1764 3032 rege.
1793 2974 1850 3016 nt
1873 2962 1993 3031 ejus

2098 2968 2216 3036 ἅμα
2262 2965 2414 3036 αὐτῷ
2445 2968 2537 3020 καὶ
2591 2965 2718 3033 νῆες
2746 2965 2790 2995 ⁸⁸
2817 2963 2910 3016 τοῦ
2965 2962 3249 3033 βασιλέως,
3285 2962 3666 3030 αἰτιασάμενηι

426 3068 591 3123 opera
628 3063 878 3109 uteretur
917 3055 1181 3110 adversus
1225 3055 1468 3109 Albanos
1503 3056 1595 3125 qui
1625 3056 1676 3109 in
1726 3054 1996 3123 Pelopon-

430 3159 558 3200 neso
596 3153 775 3200 erant.
798 3145 1028 3200 Volebat
1053 3146 1196 3202 enim
1227 3155 1288 3199 ut
1321 3161 1417 3200 eos
1450 3147 1647 3206 adiret,
1682 3155 1735 3200 et
1766 3145 1830 3199 ad
1866 3160 1995 3214 pro-

433 3237 694 3293 ditionem
742 3238 1010 3307 quosdam
1060 3237 1424 3292 clandestinis
1463 3237 1814 3292 sermonibus
1868 3253 1997 3307 per-

431 3339 694 3385 moveret.
725 3329 824 3385 llic
853 3346 978 3386 eum
1014 3331 1221 3386 missus
1265 3330 1407 3384 foret
1441 3329 1505 3382 ad
1548 3344 1642 3383 eos
1668 3329 1758 3398 qui
1805 3330 1995 3381 urbem

434 3422 594 3477 istaut
632 3422 909 3484 tenebant,
945 3422 1131 3490 iussus
1167 3429 1253 3475 est
1279 3421 1461 3474 dicere
1485 3428 1543 3472 ut
1579 3435 1638 3474 se
1694 3419 2000 3488 urbemque

433 3515 543 3581 regi
593 3514 877 3570 dederent.
910 3515 1064 3584 Apud
1117 3515 1264 3567 hunc
1293 3514 1522 3565 aderant
1548 3512 1710 3566 etiam
1770 3509 1997 3580 quidam

435 3605 599 3675 238
630 3607 786 3674 regii,
819 3606 910 3674 qui
947 3605 1382 3659 criminabantur
1423 3621 1545 3658 eum
1596 3605 1734 3671 apud
1793 3616 1998 3670 regem,

433 3697 588 3764 quasi
653 3699 725 3750 illi
771 3696 1005 3754 consilio
1056 3708 1108 3748 et
1167 3704 1304 3751 nutu
1355 3694 1724 3748 Cantacuzeni
1807 3691 1998 3745 urbem

437 3806 545 3841 non
608 3788 987 3841 tradidissent.
1056 3786 1194 3840 Hinc
1250 3787 1327 3838 ira
1371 3786 1615 3855 percitus
1689 3798 1808 3848 rex,
1875 3797 1999 3836 eum

441 3881 706 3935 continuo
741 3896 804 3932 ex
841 3880 1041 3933 castris
1068 3884 1332 3932 excedere
1382 3877 1588 3946 jussit:
1631 3884 1685 3930 et
1714 3875 1832 3943 ipse
1863 3889 2002 3929 con-

439 3984 522 4045 tra
578 3974 768 4028 urbem
797 3970 1056 4043 perrexit.
1117 3969 1251 4023 Cum
1310 3979 1491 4045 autem
1548 3969 1750 4023 frustra
1809 3983 2002 4038 aggre-

437 4042 876 4120 tl‘ereturvallum
911 4063 1087 4133 (naut,
1131 4042 1766 4131 relinquentes‘urbem,
1800 4061 1999 4114 vallum

438 4169 779 4227 occuparant
847 4157 1303 4218 munitissimum,
1362 4155 1592 4224 urbique
1671 4155 2001 4223 proximum,

438 4259 492 4303 ct
535 4264 600 4303 eo
623 4264 680 4302 se
708 4249 964 4302 tenebant
995 4248 1131 4300 satis
1170 4246 1317 4312 tuti),
1372 4246 1778 4316 impedimentis
1833 4245 2006 4299 omni-

2101 3058 2250 3126 παρὰ
2281 3057 2491 3127 βασιλεῖ
2518 3074 2531 3087 ·
2567 3055 2639 3119 ὡς
2679 3056 2737 3108 δέ
2767 3058 2972 3109 ἐκεῖνον
3002 3055 3155 3122 σφίσι
3189 3053 3419 3123 νεύματι
3458 3051 3670 3122 χρησάο

2104 3167 2281 3218 μενον,
2318 3151 2380 3202 οὐ
2428 3149 2709 3219 παρέδωκε
2747 3149 2908 3210 σφᾶς.
2971 3143 3332 3214 ’Λχθεσθῆναί
3375 3161 3434 3197 τε
3470 3142 3669 3207 συνέϐη

2101 3245 2190 3298 τὸν
2231 3243 2477 3313 βασιλέα,
2505 3243 2599 3295 καὶ
2655 3240 2863 3310 προῖὼν
2897 3240 3121 3294 ἀπιέναι
3177 3240 3261 3291 ὅτι
3317 3238 3574 3306 τάχιστα,
3609 3238 3672 3288 ἐκ

2100 3334 2193 3389 σοῦ
2222 3331 2587 3401 στρατοπέδου
2626 3329 2904 3400 ἐξήλασεν.
2950 3329 3035 3394 Ὠς
3064 3328 3119 3382 δέ
3145 3327 3383 3381 ἀδύνατα
3421 3326 3666 3395 προσϐα-

2100 3428 2213 3481 λεῖν
2256 3426 2332 3496 τῷ
2365 3427 2603 3497 ἐρύματι
2643 3423 3053 3494 (ἐκλελοιπότες
3093 3422 3202 3491 γὰρ
3233 3423 3280 3474 οἱ
3311 3423 3369 3474 ἐν
3402 3424 3466 3492 τῇ
3517 3419 3673 3473 πόλει

2103 3521 2282 3591 ἔρυμα
2309 3517 2472 3572 αὑτοῦ
2509 3518 2702 3586 ταύτῃ,
2735 3519 2816 3584 ὅτι
2851 3514 3134 3582 ἐγγυτάτω
3175 3513 3253 3580 ὃν,
3282 3512 3578 3566 κατέλαῦόν
3612 3527 3672 3563 τε

2104 3613 2198 3665 καὶ
2252 3607 2618 3678 διεσώζοντο),
2651 3608 3129 3676 συσκευασάμενος
3184 3605 3350 3676 ἀπῄει
3396 3605 3668 3658 ἐντεῦθεν.

2104 3704 2215 3757 Καὶ
2246 3706 2311 3772 τῇ
2347 3701 2610 3770 ὑστεραίᾳ
2662 3698 2908 3752 ἐτέλεσεν
2940 3700 2996 3759 ἐς
3039 3697 3127 3750 τὸν
3152 3697 3432 3767 Τεγεάτην
3470 3696 3670 3765 χῶρον,

2105 3795 2201 3850 καὶ
2252 3792 2602 3862 ἐπηυλίσατο.
2679 3789 2948 3843 Ἐνταῦθα
2994 3788 3312 3842 ἐϐουλεύετο
3363 3787 3450 3840 ἐπ’
3497 3789 3674 3856 ἀμφόο

2104 3903 2262 3956 τερα,
2312 3884 2422 3936 εἴτε
2472 3885 2528 3944 ἐς
2576 3881 2833 3950 Σπάρτην
2881 3880 3112 3941 ἐλαύνοι,
3167 3880 3260 3932 καὶ
3327 3879 3670 3948 Ἐπίδαυρον.

2109 3977 2292 4038 Δεινδς
2324 3975 2434 4042 γάρ
2467 3973 2629 4026 αὑτὸν
2657 3971 2806 4042 ἐσῄει
2849 3971 3033 4032 πόθος,
3069 3969 3194 4022 ίδεῖν
3225 3986 3283 4022 τε
3321 3969 3670 4035 Ἐπίδαυρον,

2108 4069 2202 4122 καὶ
2228 4064 2689 4136 παραστήσασθαι
2717 4064 2868 4115 πόλιν
2897 4061 3136 4130 ἐρυμνὴν
3161 4060 3353 4112 πασῶν
3376 4061 3440 4131 δὴ
3466 4060 3676 4113 πόλεων

2107 4156 2183 4213 ὧν
2218 4159 2377 4228 ἡμεῖς
2416 4131 2594 4224 ἴσμεν.
2634 4155 2724 4214 Ἐς
2769 4152 2972 4221 ταύτην
3017 4153 3356 4220 καταφυγὼν
3410 4152 3437 4204 ὁ
3465 4153 3675 4222 ἕτερος

2107 4247 2215 4301 τῶν
2265 4244 2576 4312 ἡγεμόνιον,
2622 4241 2716 4293 τοῦ
2760 4241 2947 4309 ἐτέρου
2990 4241 3044 4302 ἐς
3072 4239 3168 4308 τὴν
3202 4239 3537 4292 Μαντίνειαν
3576 4242 3676 4310 τῆς

441 4347 543 4402 bus
603 4343 849 4396 collectis
891 4339 1337 4395 discedebat:et
1394 4341 1635 4395 secundo
1691 4341 1758 4392 ab
1797 4355 1862 4393 eo
1917 4339 1996 4393 die

2113 4337 2437 4404 Λακωνικῆς
2475 4335 2611 4406 πρὸς
2663 4337 2727 4402 τῇ
2775 4333 3012 4402 θαλάττῃ
3053 4330 3229 4384 οὖσαν·
3272 4326 3678 4397 καταφυγόντος

443 4442 750 4510 Tcgeatam.
787 4437 1061 4505 regionem
1115 4434 1392 4504 ingressus
1419 4442 1524 4496 cst,
1561 4431 1872 4498 ibidemque
1891 4445 2010 4495 cas.

443 4545 525 4586 tra
578 4529 840 4584 firmavit.
885 4525 1122 4580 Maxima
1170 4525 1448 4594 proposita
1508 4531 1626 4575 erat
1685 4520 2010 4576 consultatio

444 4623 704 4677 duetandi
756 4622 806 4673 in
849 4619 1168 4683 Laconiam,
1195 4626 1250 4671 et
1293 4617 1345 4670 in
1396 4616 1726 4683 Epidaurum
1765 4631 1779 4667 :
1817 4629 2009 4684 magna

446 4719 593 4771 enim
616 4714 817 4782 cupido
839 4727 961 4765 eum
993 4711 1296 4764 incesserat
1323 4707 1571 4762 vidend.e
1608 4706 2009 4776 Epidauri(67),

449 4817 502 4863 ct
546 4805 824 4877 capienda:
859 4802 1032 4866 urbis,
1084 4817 1244 4870 quam
1285 4802 1492 4855 scimus
1541 4813 1668 4883 esse
1714 4798 2018 4850 munitissi-

452 4914 596 4952 mam
665 4896 911 4949 omuium
953 4907 1096 4961 quas
1149 4893 1398 4945 novimus
1476 4889 1714 4947 urbium.
1761 4887 1817 4940 In
1879 4890 2018 4941 banc

456 4989 780 5056 confugerat
813 4986 950 5040 alter
985 5001 1014 5039 e
1058 4984 1309 5044 ducibus,
1360 4991 1411 5036 et
1442 4982 1578 5035 alter
1603 4996 1660 5034 se
1693 4995 1816 5034 eum
1849 4994 2021 5034 uxore.

454 5089 738 5149 receperat
771 5079 824 5131 iu
859 5077 1188 5131 Mantineam
1225 5073 1497 5136 Laconim,
1521 5073 1652 5126 mari
1709 5071 2014 5126 finitimam.

456 5143 576 5225 1ιοὶ
593 5184 715 5224 cum
761 5168 1090 5236 intelligeret
1123 5180 1241 5218 cam
1271 5164 1548 5232 regionem
1585 5176 1708 5216 esse
1741 5177 2019 5232 asperam,

460 5272 514 5318 et
566 5263 802 5318 transitu
848 5259 1144 5319 dilllcilcm,
1205 5255 1476 5311 abstinuit
1525 5254 1690 5310 latius
1740 5253 2019 5324 progredi.

2114 4434 2210 4486 σὺν
2243 4433 2309 4502 τῇ
2343 4429 2587 4498 γυναικὶ,
2619 4427 2714 4479 καὶ
2743 4426 3144 4494 πυνθανόμενος
3197 4425 3296 4493 τὴν
3323 4424 3506 4494 χώραν
3542 4441 3676 4494 τρα-

2111 4525 2265 4597 χεῖάν
2338 4539 2397 4574 τε
2463 4515 2664 4585 οὖσαν,
2713 4523 2807 4571 καὶ
2901 4516 3144 4587 χαλεπὴν
3219 4515 3681 4580 διαπορεύεσθαι,

2115 4617 2310 4686 ἐπέσχε
2376 4614 2476 4684 μὲν
2534 4612 2738 4681 ταύτην
2821 4608 3179 4678 πορεύεσθαι·
3239 4607 3572 4676 συστραφεὶς
3625 4607 3682 4658 δέ

2119 4709 2386 4776 ἐτράπετο
2416 4706 2506 4758 ἐπὶ
2545 4703 2799 4771 Μουχλὴν
2851 4701 2949 4769 τῆς
2992 4699 3232 4767 Ἰἐγαίης
3276 4698 3455 4751 πόλιν.
3489 4699 3685 4765 "post-

2120 4801 2307 4868 στήκει
2348 4799 2404 4851 δὲ
2446 4797 2617 4865 αὐτῆς
2663 4794 2898 4863 Ἀσάνης
2951 4794 2978 4846 ό
3024 4793 3356 4862 Δημήτριος.
3418 4788 3683 4841 Ἐνταῦοα

2120 4888 2682 4961 στρατοπεδευόμενος
2709 4886 2765 4935 ἐν
2789 4883 2949 4954 χώρῳ
2971 4883 3190 4953 χαλεπῷ
3216 4900 3271 4934 τε
3295 4883 3389 4932 καὶ
3413 4880 3687 4949 δυσόάτῳ,

2121 4983 2303 5051 ἀνέχει
2367 4982 2475 5049 γὰρ
2542 4980 2574 5048 ή
2636 4976 2788 5038 πόλις
2852 4976 2942 5027 ἐπὶ
2998 4973 3195 5043 ὀχυροῦ
3245 4989 3306 5024 τε
3381 4971 3540 5039 ὅρους
3594 4972 3690 5022 καὶ

2125 5070 2362 5143 ἐρυμνοῦ
2410 5063 2696 5139 ᾠκημένη,
2733 5064 3182 5136 παρεσκευάζετο
3225 5064 3476 5133 μηχανάς
3505 5078 3564 5112 τε
3594 5058 3690 5113 καὶ

2127 5163 2423 5231 κλίμακας,
2452 5159 2525 5222 ὡς
2561 5161 2627 5228 τῇ
2671 5159 2821 5210 πόλει
2870 5155 3329 5225 προσοισόμενοςο
3361 5153 3456 5206 καὶ
3489 5151 3690 5203 αὐτίκα

2131 5253 2228 5321 μὲν
2273 5253 2365 5304 τοῦ
2421 5251 2609 5313 ὕδατος
2657 5250 3056 5320 ἐπεκράτησεν,
3086 5247 3114 5300 ὃ
3151 5246 3307 5309 ἐκτὸς
3354 5242 3422 5317 ἦν
3457 5244 3555 5314 τῆς
3591 5241 3690 5295 πό-

1723 5392 1972 5452 Notulaa
2019 5389 2425 5466 marginales.

531 5519 645 5588 (67)
683 5516 1012 5586 Epidaurus,
1043 5533 1186 5570 nunc
1215 5515 1538 5585 Bagusium,
1568 5514 1683 5568 sive
1717 5515 1878 5567 etiam
1905 5512 2182 5569 Malvasia.

524 5635 576 5673 “
611 5633 678 5688 In
711 5651 838 5702 uno,
866 5635 1133 5687 ἐνταυθοῖ.
1195 5636 1236 5667 ⁸⁸
1269 5635 1361 5687 καί
1385 5649 1546 5695 τινες.
1578 5631 1640 5684 Ii.
1678 5641 1731 5683 ut
1761 5635 1809 5683 in
1847 5650 1892 5688 τ.
