4006 6204
229 267 329 332 441

1300 287 1401 346 DE
1442 287 1688 346 REBUS
1725 287 2080 348 TURCICIS
2120 289 2261 351 LIB.
2307 292 2410 352 IX.

3377 299 3479 360 ιιι

230 398 374 442 Αεως
428 387 519 436 ἐπὶ
569 391 774 458 χωρῖου
815 394 1054 465 ἐρυμνοῦ
1084 400 1245 453 πάνυ.
1281 402 1388 452 Καὶ
1419 402 1493 461 ὡς
1525 402 1626 452 οὐκ
1667 399 1814 470 εἶχεν

1938 401 2122 456 Verum
2177 421 2450 464 reversus.
2491 407 2789 459 exercitum
2840 407 3085 461 movebat
3137 420 3324 462 contra
3370 412 3482 464 Mu-

231 473 286 525 οῖ
329 477 434 543 τῆς
480 480 686 546 πόλεως
717 484 1103 552 ὑδρεύσασθαι,
1138 490 1393 560 χαλεπῶς
1451 494 1552 563 ἤδη
1614 493 1809 563 ἔφερθν

232 565 336 633 τὴν
388 570 730 641 πολιορκίαν,
765 578 840 646 μὴ
891 580 1002 633 ἀπὺ
1053 582 1324 650 φρεάτων,
1363 585 1456 636 καὶ
1505 585 1615 637 τῶν
1644 587 1702 636 ὲν
1746 589 1810 654 τῇ

236 659 399 711 πόλει
437 663 537 748 ουκ
578 665 882 733 ἐξεγένετο,
929 670 1006 739 τῷ
1049 674 1235 738 σφίσιν
1287 674 1530 744 ἀφθόνῳ’
1555 676 1628 742 τῷ
1663 675 1816 727 ὕδατι

236 751 506 820 χρῆσθαι.
576 756 663 809 διά
717 759 778 810 τὸ
823 762 1036 826 ’πλῆΡΟς
1093 768 1200 816 τῶν
1249 783 1306 817 τε
1357 765 1656 835 ἀνθρώπιον
1704 766 1820 835 ἅμα

236 844 337 895 καὶ
385 845 717 913 ὑποζυγίων.
764 853 916 904 Ἐπεὶ
967 855 1024 906 δὲ
1075 856 1336 908 ἐπέλιπεν
1383 858 1580 920 αὐτοὺς
1614 857 1714 924 ἤδη
1758 857 1820 908 τδ

238 935 415 1005 ὕδωρ,
442 940 536 991 καὶ
583 943 748 1010 πρινὴ
798 945 1159 1013 προσϐάλλειν
1189 948 1266 1016 τῷ
1305 949 1501 1016 τείχει,
1534 938 1816 1017 ἐπεκηρυ-

238 1029 442 1082 κεύετο
475 1035 503 1084 ὁ
546 1035 644 1102 τῆς
679 1037 887 1098 πόλεως
932 1039 1137 1107 ἄρχων,
1167 1040 1260 1093 καὶ
1292 1040 1628 1105 ξυνέϐαινεν,
1659 1042 1744 1106 ἐφ’
1776 1033 1819 1106 ᾧ

237 1124 600 1190 παραδιδόναι
627 1127 724 1195 τὴν
752 1130 907 1180 πόλιν
939 1130 1035 1181 καὶ
1063 1131 1258 1192 αὖτοὺς
1291 1130 1485 1182 παθεῖν
1517 1145 1530 1160 '
1562 1129 1818 1197 βασιλεὺς

247 1215 350 1278 μὲν
401 1216 712 1287 ἐδωρήσατο
741 1221 1091 1290 Λεοδωρέκην
1131 1222 1219 1274 τὸν
1263 1222 1426 1274 παῖδα
1480 1223 1664 1282 αὑτοῦ,
1723 1226 1817 1275 καὶ

241 1308 452 1370 ἐξελὼν
491 1312 656 1364 αὑτὸν
687 1313 794 1365 ἀπὸ
835 1315 934 1380 τῆς
967 1315 1196 1376 πόλεως.
1231 1317 1463 1385 ἤλαυνεν
1495 1316 1587 1366 ἐπὶ
1621 1316 1815 1386 Κόριν-

239 1400 360 1462 θον,
392 1403 488 1454 καὶ
517 1405 607 1456 ἐπὶ
636 1404 695 1457 τὸ
731 1405 977 1459 ’Λσιανδν
1009 1409 1392 1475 στρατόπεδον.
1425 1409 1562 1480 ’Ἤδη
1602 1408 1713 1477 γὰρ
1746 1409 1816 1460 τὰ

241 1493 304 1554 ἐς
332 1494 467 1556 τοὺς
496 1496 820 1564 τηλεϐόλους
868 1499 1020 1568 αὐτῷ
1049 1501 1488 1569 παρεσκεύαστο,
1514 1501 1608 1553 καὶ
1633 1499 1816 1563 λίθους

239 1600 299 1635 τε
325 1586 438 1637 ἀπὸ
469 1587 570 1654 τῆς
599 1589 832 1651 παλαιᾶς
862 1591 1071 1654 πόλεως
1103 1592 1202 1660 τῆς
1230 1593 1498 1660 Κορίνθου
1523 1592 1818 1663 εὑράμενοι

239 1676 290 1726 οἱ
324 1677 425 1728 τοῦ
453 1678 736 1744 βασιλέως,
769 1681 1126 1748 ἐνετάμνοντο
1159 1684 1396 1746 ἱκανούς.

1918 492 2095 546 chlam
2123 492 2310 559 Tegeae
2341 496 2554 546 urbem.
2601 493 2736 546 Huic
2775 503 3008 562 [πίνει-ιιι,
3043 498 3250 552 Asancs
3287 497 3480 550 Deme-

1925 585 2088 639 trius.
2154 584 2345 638 Castra
2414 586 2578 652 igitur
2609 585 2697 638 hic
2740 587 2919 652 posuit
2953 586 3005 637 in
3052 587 3170 641 loco
3193 603 3391 656 aspero
3429 598 3482 642 et

1927 675 2096 729 invio.
2155 674 2301 729 Urbs
2341 687 2521 730 autem
2563 678 2856 746 prominet,
2911 679 3011 730 sita
3073 681 3124 732 iu
3185 681 3486 733 montctlr-

1927 782 2016 818 mo
2045 777 2100 818 et
2168 769 2399 820 munito.
2461 767 2569 820 Nec
2630 784 2802 829 mora,
2867 770 3158 838 expediunt
3214 772 3387 824 scalas
3431 779 3485 824 et

1927 857 2208 911 machinas
2259 847 2503 921 bellicas,
2561 859 2860 925 urbemque
2922 870 3284 927 oppugnant:
3319 860 3482 912 etiam

1929 964 2149 1018 aquam,
2204 965 2324 1018 quae
2368 958 2486 1002 erat
2533 958 2702 1002 extra-
2753 949 2938 1001 ttrhem
2987 951 3187 1002 inloco
3254 949 3484 1012 munito,

1929 1039 2206 1102 obtinuit,
2257 1051 2315 1093 ut
2390 1040 2644 1108 oppidani
2705 1055 2812 1092 non
2867 1051 3093 1108 possent
3147 1041 3378 1109 amplius
3421 1055 3488 1093 eo

1922 1137 2178 1198 aquatum
2229 1129 2510 1183 accedere.
2561 1128 2696 1182 Cum
2727 1130 2870 1181 enim
2906 1131 3050 1182 urbis
3103 1131 3343 1184 obsessa:
3399 1129 3484 1182 in—

1922 1223 2055 1276 cola:
2113 1221 2349 1286 aquandi
2381 1212 2592 1288 copiam
2637 1235 2743 1273 non
2787 1220 3069 1280 haberent,
3109 1221 3366 1290 puteique
3425 1235 3490 1272 ac

1926 1312 2102 1366 fontes
2144 1311 2273 1365 sicci
2307 1319 2511 1367 essent.
2553 1319 2798 1364 extrema
2825 1311 2891 1364 ab
2922 1311 3303 1364 obsidentibus
3343 1313 3487 1363 mala

1922 1405 2347 1474 experiebantur
2369 1405 2436 1456 ob
2462 1403 2744 1456 hominum
2778 1414 2941 1470 atque
2961 1403 3332 1472 iumentorum
3355 1404 3492 1456 mul—

1923 1497 2228 1550 titudiuem.
2250 1494 2384 1550 Cum
2409 1495 2576 1563 igitur
2610 1510 2747 1564 aqua
2778 1495 2979 1559 desset,
3008 1496 3303 1563 prml'rctus
3340 1497 3493 1549 urbis

1928 1587 2261 1642 redditiouis
2303 1586 2652 1640 conditiones
2687 1601 2782 1653 per
2820 1602 3122 1654 praeconem
3185 1586 3496 1655 promulga-

1929 1681 2026 1733 vit.
2078 1679 2142 1732 Et
2174 1695 2264 1734 rex
2327 1681 2546 1747 quidem
2608 1681 2946 1736 Leodoricen
3005 1683 3174 1735 lilium
3232 1698 3389 1735 suum
3429 1696 3495 1734 ex

243 1771 386 1824 urbe
442 1774 701 1829 eductum
767 1776 1087 1831 Corinthum
1158 1779 1303 1834 misit
1372 1791 1430 1835 ιιι
1497 1782 1553 1836 in
1613 1780 1812 1834 Asiana
1895 1787 2073 1833 castra
2119 1791 2179 1829 se
2245 1775 2536 1832 conferret.
2591 1775 2710 1828 Jam
2753 1780 2896 1831 enim
2959 1777 3060 1830 tela
3127 1778 3180 1830 in
3247 1783 3497 1845 prompttt

242 1880 408 1921 erant
442 1877 496 1921 et
527 1871 660 1938 regii
699 1872 896 1925 milites
926 1873 1162 1938 lapidum
1198 1890 1336 1943 quos
1371 1877 1426 1931 in
1467 1877 1634 1933 veteri
1675 1875 1942 1932 Corintho
1962 1880 2299 1942 repererant,
2339 1871 2488 1938 jaetu
2515 1885 2764 1940 magnam
2783 1879 3018 1939 stragem
3043 1869 3352 1923 ediderunt.

327 1961 420 2017 Ὠς
452 1961 511 2011 δὲ
542 1961 814 2023 ἐπελάσας
839 1966 1346 2032 ἐστρατοπεδεύετο,
1369 1970 1676 2040 προσέφερε
1715 1969 1815 2034 μὲν

1992 1964 2128 2032 Cqm
2163 1970 2342 2015 autem
2379 1961 2693 2014 advenisset
2723 1977 2813 2014 rex
2848 1963 2910 2013 ad
2958 1961 3174 2023 urbem,
3205 1969 3259 2013 et
3289 1968 3498 2013 eastra-

245 2051 452 2104 αὓτικα
499 2053 694 2119 λόγους
730 2055 808 2119 τῷ
857 2057 1056 2130 Ἀσάνῃ
1085 2062 1111 2111 ὁ
1143 2059 1422 2128 βασιλεὺς,
1454 2060 1549 2112 καὶ
1597 2059 1820 2126 πέμψας

261 2145 480 2214 Ἰησοῦν
507 2148 598 2198 τὸν
626 2147 718 2199 τοῦ
760 2149 1036 2214 Βρενέζεω
1072 2152 1260 2215 παῖδα,
1284 2153 1571 2218 ἐλλόγιμον
1605 2152 1732 2203 ὄντα
1765 2152 1822 2202 ὲν

246 2239 326 2306 τῷ
361 2240 734 2309 στρατοπέδῳ,
760 2242 857 2293 καὶ
900 2241 1145 2310 ἑρμηνέά
1181 2261 1235 2296 τε
1269 2244 1386 2313 ἅμα
1415 2243 1584 2311 αὐτῷ,
1605 2243 1821 2295 ἐκέλευε

247 2337 601 2406 παραδοῦναι
662 2340 760 2406 τὴν
813 2338 993 2415 πόλιν.
1052 2337 1264 2406 Ἰησοῦς
1320 2338 1418 2406 μὲν
1468 2337 1821 2405 ἀφικόμενος,

251 2429 412 2494 ἔλεγε
445 2431 621 2482 τοιάδε
649 2445 661 2458 ·
691 2432 886 2500 Ἀσὰνη
922 2431 1018 2483 καὶ
1045 2431 1094 2482 οἱ
1129 2430 1394 2499 παρόντες
1418 2429 1702 2497 Ἕλληνες,
1725 2428 1822 2496 βα-

256 2521 440 2578 σιλεὺς
490 2522 615 2572 τάδε
665 2521 901 2588 πέμπων
945 2523 1092 2590 ἡμᾶς
1123 2521 1168 2551 ⁹¹
1198 2521 1368 2590 λέγει,
1397 2521 1472 2582 ὡς
1507 2521 1569 2572 σὺ
1607 2521 1662 2580 ἐς
1699 2519 1824 2580 τοὺς

254 2611 530 2679 Ἕλληνα.
569 2613 723 2679 ἥκεις
756 2613 812 2672 ὲς
844 2613 910 2664 τὰ
962 2611 1154 2680 πρῶτα
1193 2611 1484 2673 συνέσεως,
1511 2610 1605 2663 καὶ
1641 2609 1828 2676 Ἐλλή-

252 2720 365 2754 νων
404 2703 638 2768 μάλιστα
684 2701 738 2754 δὲ
783 2699 1046 2769 ἔμπειρος
1084 2695 1136 2752 εἴ
1169 2701 1279 2753 τῶν
1316 2699 1580 2766 βασιλέως
1623 2699 1822 2766 Ουρῶν.

252 2790 428 2847 Οἶσθα
459 2793 516 2844 δὲ
549 2793 643 2844 καὶ
693 2793 755 2844 σὺ
800 2792 1001 2862 μᾶλλον
1031 2793 1138 2844 τῶν
1181 2792 1382 2854 ἄλλων,
1422 2786 1532 2852 οἷος
1566 2789 1639 2843 ὢν
1673 2792 1701 2842 ὁ
1731 2790 1828 2860 βα-

255 2885 441 2944 σιλεὺς
482 2876 660 2946 οὗτος,
691 2884 784 2934 καὶ
819 2883 910 2934 τοῦ
965 2878 1367 2951 Ὀτουμανίδὼν
1401 2884 1614 2950 γένους,
1660 2884 1752 2936 καὶ

252 2979 323 3031 ἂν
357 2981 649 3047 ἁφέκηται,
685 2980 784 3030 οὐκ
833 2977 1225 3040 ἀπανίσταται,
1253 2978 1383 3044 πρὶν
1413 2979 1479 3034 ἂν
1511 2977 1830 3048 ὲκπορθήσῃ

253 3072 358 3134 τὴν
392 3071 566 3122 πόλιν.
596 3071 834 3140 Bap-ﬁxe:
864 3070 956 3122 οὖν
999 3088 1082 3123 σοι
1116 3072 1172 3120 ὲν
1220 3069 1297 3137 τῷ
1331 3068 1519 3136 τοιῷδε
1567 3068 1830 3122 κάλλιστα

254 3163 695 3234 καταλυσαμὲνῳ
754 3163 888 3232 πρὸς
926 3161 1154 3228 βασιλέα
1209 3163 1308 3231 τήν
1359 3177 1417 3212 τε
1462 3161 1617 3214 πόλιν
1672 3161 1829 3229 τήνδε

1925 2064 2161 2107 metatus
2199 2061 2367 2112 esset,
2427 2051 2711 2104 confestim
2767 2051 3084 2118 legationem
3131 2049 3197 2102 ad
3257 2050 3491 2102 Asancm

1926 2145 2100 2198 misit.
2128 2144 2262 2196 Nam
2298 2142 2658 2210 ircjussitad
2712 2139 3183 2194 AsanentJosuam
3245 2139 3499 2194 Breuczis

1928 2236 2123 2300 ﬁlium,
2159 2237 2334 2289 virum
2369 2233 2715 2304 prudentem,
2743 2248 2806 2287 ex
2831 2234 2979 2285 omni
3013 2246 3234 2286 suorum
3270 2245 3500 2285 numero

1925 2345 2047 2382 cum
2081 2331 2376 2394 interprete
2427 2345 2440 2379 :
2492 2326 2652 2393 eique
2704 2326 2958 2393 praecepit
3018 2334 3075 2376 ut
3135 2333 3320 2392 ageret
3367 2337 3491 2376 cum

1926 2423 2121 2483 Asane,
2149 2420 2238 2488 qui
2281 2420 2473 2473 urbem
2509 2419 2772 2472 traderet.
2809 2416 2975 2472 Josue
3007 2415 3175 2485 igitur
3206 2415 3296 2468 ubi
3351 2415 3500 2468 venit

1926 2511 1991 2562 ad
2024 2511 2282 2572 Asauem,
2317 2489 2690 2577 hujuscemodi
2729 2507 3033 2560 orationem
3084 2518 3315 2558 exorsus
3373 2512 3454 2556 est
3485 2518 3500 2563 ;

1925 2603 2155 2666 Asanes,
2183 2611 2235 2654 et
2259 2601 2432 2656 Grazci
2457 2616 2669 2666 omnes,
2697 2609 2966 2669 quotquot
2989 2608 3184 2668 praesto
3213 2598 3370 2662 estis,
3401 2611 3495 2649 rex

1931 2694 2100 2746 misso
2136 2693 2310 2761 legato
2364 2695 2476 2747 haec
2501 2692 2655 2747 vobis
2715 2694 2959 2760 expromi
3005 2690 3156 2760 jubet
3187 2708 3200 2744 :
3237 2690 3341 2754 Tu,
3409 2686 3503 2756 qui

1931 2787 2390 2854 prudentissimus
2422 2800 2480 2838 es
2503 2782 2820 2838 Grtecorum
2873 2783 3032 2836 etiam
3061 2782 3112 2834 in
3160 2781 3227 2833 iis
3258 2793 3379 2847 quae
3432 2777 3499 2830 ad

1930 2879 2147 2932 Graecos
2181 2879 2466 2946 pertinent,
2497 2884 2754 2944 expertus
2799 2873 2989 2941 ianua:
3049 2871 3419 2934 milites,scis.
3452 2877 3509 2922 et

1933 2973 2104 3042 magis
2159 2987 2321 3040 quam
2374 2971 2588 3038 reliqui,
2652 2971 2832 3039 qualis
2893 2977 3240 3038 quantusque
3293 2966 3364 3019 sit
3411 2978 3505 3016 rex

1933 3065 2023 3120 ille
2077 3065 2549 3120 Otomanidarum.
2605 3065 2942 3130 Quocunque
2971 3068 3344 3128 tempestatem
3383 3055 3505 3110 belli

1933 3157 2179 3221 verterit,
2204 3157 2347 3210 haud
2371 3155 2522 3224 prius
2551 3155 2752 3208 bellum
2795 3155 2968 3221 ponit,
3003 3159 3164 3220 quam
3216 3151 3376 3202 urbes
3411 3164 3507 3200 ex-

254 3255 638 3321 παραδιδόναι,
670 3255 764 3306 καὶ
802 3253 986 3322 χώραν
1018 3254 1085 3322 ἥν
1118 3251 1184 3304 ἂν
1215 3252 1372 3320 ὑμεῖς
1407 3251 1614 3302 ἕλοισθε
1645 3251 1830 3303 λαϐεῖν

1938 3249 2208 3319 pugnarit,
2227 3257 2281 3300 et
2299 3247 2522 3300 victoria
2547 3246 2747 3314 potitus
2776 3245 2960 3297 fuerit.
2980 3241 3295 3307 Cuiusmodi
3321 3249 3502 3292 autem

253 3348 416 3415 παρὰ
462 3344 744 3413 βασιλέως,
783 3343 1215 3412 ἁλλαξαμένους.
1249 3344 1357 3394 Καὶ
1389 3343 1455 3412 ἢν
1485 3343 1641 3394 τοῦτο
1669 3343 1828 3409 ποιή·

258 3435 726 3506 σῃς,ὲπιτήδειόν
775 3451 832 3487 τε
885 3436 948 3501 δὴ
997 3437 1176 3500 νομιεῖ
1229 3434 1502 3504 βασιλεὺς.
1553 3435 1649 3487 καὶ
1683 3433 1832 3497 ξένον

263 3530 513 3582 ποιεῖται
542 3528 629 3592 δὴ.
652 3525 790 3580 ὥστε
819 3525 1046 3595 ὕστερον
1090 3526 1425 3578 καταθέσθαι
1463 3526 1622 3592 χάριν
1659 3523 1830 3589 αὐτῷ,

258 3621 352 3672 eoi
386 3637 443 3670 τε
477 3620 570 3670 καὶ
610 3621 724 3678 τοῖς
774 3619 987 3672 παισίν.
1023 3619 1124 3669 Ἦν
1156 3618 1212 3669 δὲ
1246 3618 1319 3687 μὴ
1361 3618 1640 3686 παραδῷς,
1675 3612 1834 3668 οἶσθα

261 3709 373 3776 μὲν
407 3709 590 3770 αὖτὶς,
629 3708 691 3775 νὴ
724 3708 825 3775 τὴν
861 3707 1127 3776 βασιλέως
1163 3708 1362 3777 ψυχὴν,
1389 3708 1460 3769 ὡς
1503 3711 1600 3776 τήν
1641 3726 1699 3760 τε
1744 3708 1838 3760 πό-

258 3802 353 3853 λιν
404 3801 928 3871 ἐξανδραποδιεῖται,
975 3802 1069 3852 καὶ
1117 3801 1182 3870 δὴ
1217 3800 1342 3861 τοὺς
1381 3800 1543 3865 πέριξ
1591 3803 1838 3870 κακίστῳ

263 3892 585 3958 παραδώσει
637 3893 867 3963 ὀλέθρῳ.
895 3892 1082 3945 Ταῦτα
1141 3893 1240 3961 μὲν
1311 3892 1520 3958 Ἰησοῦς
1567 3893 1720 3954 ἔλεγε
1769 3891 1837 3945 δι’

265 3986 552 4053 ἑρμηνέως
573 4001 587 4015 °
637 3986 866 4052 Ἀσάνης
896 3984 952 4036 δὲ
993 3984 1281 4036 ὑπολαϐὼν
1313 3985 1413 4052 ἔφη
1437 4001 1450 4014 ο
1485 3978 1552 4035 Ὢ
1583 3985 1683 4035 παῖ
1711 3983 1842 4052 Βρε-

265 4076 464 4139 ντζεω,
493 4077 835 4143 ἀπάγγειλον
866 4078 929 4143 δὴ
959 4075 1036 4144 τῷ
1068 4076 1300 4144 βασιλεῖ,
1325 4075 1398 4138 ὡς
1432 4077 1531 4142 τήν
1577 4093 1634 4126 τε
1664 4075 1841 4144 ψυχὴν

267 4165 441 4219 αὐτοῦ
489 4167 650 4234 ἴσμεν
700 4184 804 4219 που
835 4168 1222 4236 γενναιοτάτην
1255 4163 1423 4219 οὖσαν
1468 4168 1685 4218 πάντων
1736 4167 1844 4216 τῶν

270 4257 440 4323 πρῦτε
452 4273 541 4323 ρον
568 4257 879 4324 γενομένων
905 4257 1015 4309 ἀπὸ
1040 4257 1150 4308 τῶν
1185 4256 1531 4324 ὐτουμάνων
1556 4255 1844 4324 βασιλέων,

270 4347 370 4399 καὶ
405 4347 502 4414 τήν
542 4364 602 4398 τε
653 4347 884 4415 δύναμιν
943 4345 1213 4415 μεγίστην
1257 4362 1317 4397 τε
1350 4344 1516 4398 οὖσαν
1546 4345 1651 4397 τῶν
1689 4346 1745 4395 ὲν
1781 4346 1846 4414 τῇ

270 4439 574 4507 οἰκουμένῃ
601 4453 614 4466 ⁸
643 4437 810 4491 παντί
843 4455 949 4489 που
985 4437 1091 4489 τῶν
1124 4436 1184 4489 εὖ
1230 4435 1451 4489 εἰδότων
1480 4437 1548 4488 τὰ
1587 4435 1848 4500 βασιλέως

275 4532 583 4599 πράγματα
620 4531 924 4599 κατάδηλον
949 4548 963 4562 ·
993 4534 1090 4584 καὶ
1133 4532 1304 4585 ταῦτα
1337 4532 1432 4601 μὲν
1467 4527 1853 4598 ξυνομολογοῦ-

1933 3341 2297 3395 conditionem
2337 3339 2491 3392 vobis
2523 3344 2806 3406 proponat,
2837 3334 3039 3388 audite.
3071 3333 3125 3385 Si
3154 3347 3336 3398 pacem
3369 3331 3512 3384 [eccs

1937 3433 2054 3486 ritis
2084 3447 2206 3484 cum
2239 3444 2382 3498 rege,
2420 3429 2706 3495 eidemque
2756 3427 2942 3478 urbem
2987 3435 3220 3477 vestram
3248 3422 3509 3489 permise-

1937 3524 2075 3584 ritis,
2102 3521 2374 3589 regionem
2396 3519 2971 3586 aliam.quamCuuque
2997 3513 3296 3583 elegeritis,
3329 3527 3358 3564 a
3385 3527 3511 3582 rege

1937 3612 2237 3676 accipietis.
2262 3608 2318 3664 Si
2345 3610 2394 3663 in
2425 3609 2525 3662 hoc
2553 3623 2756 3662 morem
2803 3607 3038 3674 gesseris
3073 3605 3183 3675 regi
3233 3604 3409 3658 amico
3455 3613 3512 3656 et

1939 3705 2174 3772 hospite.
2213 3713 2261 3756 te
2281 3701 2344 3755 ad
2364 3687 2587 3755 modum
2609 3699 2948 3752 familiariter
2967 3707 3143 3751 utetur
3181 3697 3515 3763 gratiamque

1941 3793 2103 3863 239
2134 3792 2226 3845 tibi
2281 3801 2333 3844 et
2390 3790 2544 3844 vobis
2576 3790 2834 3843 omnibus
2887 3787 3088 3842 referet
3145 3785 3515 3840 cumulatissi-

1943 3900 2104 3938 mam.
2148 3883 2203 3936 Si
2237 3893 2413 3934 autem
2449 3897 2639 3951 parere
2671 3881 2778 3948 regi
2817 3878 3091 3933 recusaris
3120 3918 3133 3939 ,
3167 3893 3263 3929 nec
3326 3877 3514 3928 urbem

1945 3972 2261 4033 tradideris,
2332 3972 2493 4035 scito,
2560 3970 2795 4023 animam
2853 3971 2994 4037 regis
3047 3968 3140 4021 tibi
3203 3967 3352 4030 juro,
3388 3980 3510 4016 eam

1947 4063 2093 4118 brevi
2127 4072 2180 4114 et
2227 4062 2404 4129 capiet
2457 4069 2512 4112 et
2572 4057 2716 4112 laede
2751 4058 2970 4125 diripiet
3005 4073 3018 4108 :
3055 4071 3149 4109 eos
3182 4054 3273 4122 qui
3309 4055 3393 4105 hic
3420 4067 3511 4105 as-

1947 4155 2173 4216 sistunt,
2205 4149 2604 4204 crudelissima!
2636 4149 2796 4200 morti
2830 4147 3105 4213 subjiciet.
3140 4145 3262 4198 llsrc
3295 4143 3514 4212 quidem

1950 4247 2162 4299 loeutus
2224 4252 2306 4297 est
2383 4256 2477 4310 per
2534 4243 2910 4308 interpretem.
2956 4241 3165 4292 Asancs
3203 4246 3381 4288 autem
3439 4249 3524 4287 re-

1952 4335 2250 4403 Spoudcns,
2288 4333 2340 4384 in
2376 4332 2520 4384 hunc
2542 4330 2763 4384 modum
2800 4328 2960 4383 verba
3004 4328 3130 4383 fecit
3161 4346 3174 4381 :
3206 4327 3249 4380 Ο
3289 4326 3360 4379 lili
3391 4325 3524 4380 Bre-

1958 4428 2131 4488 uezis,
2182 4424 2432 4478 renuntia
2488 4422 2624 4491 regi,
2659 4421 2801 4475 haud
2847 4420 3007 4474 nobis
3037 4419 3318 4473 occultum
3377 4431 3524 4482 esse,

1954 4520 2196 4572 animum
2251 4516 2370 4581 ejus
2416 4514 2784 4583 generositate
2815 4513 3085 4568 excellere
3120 4525 3312 4564 omnes
3344 4523 3522 4577 rcges,

281 4623 382 4690 μέν
412 4598 468 4676 τε
499 4624 658 4676 αὐτοὶ
690 4623 771 4691 τῷ
807 4598 1042 4691 βασιλεῖ,
1073 4623 1148 4686 ὠς
1185 4598 1417 4692 μέγιστὰ
1451 4639 1512 4674 τε
1543 4617 1706 4674 εἶναι.
1743 4621 1832 4673 Κα”

1956 4619 2082 4678 quot
2111 4617 2219 4675 ,uut
2245 4609 2312 4660 ab
2379 4604 2723 4662 Olomanidis
2762 4603 3027 4672 originem
3065 4612 3304 4655 traxere.
3330 4598 3530 4652 Poten-

277 4715 485 4780 ταύτην
520 4715 619 4780 μὲν
646 4713 739 4766 οὖν
787 4715 886 4783 τὴν
910 4715 1064 4765 πόλιν
1091 4716 1249 4784 ὁρᾶτε
1280 4715 1452 4783 δήπου
1481 4713 1554 4774 ὡς
1588 4714 1644 4764 ὲν
1669 4711 1852 4781 ὀχυρῷ

280 4823 387 4857 που
414 4807 646 4856 οἰκεῖται
685 4805 874 4856 πασῶν
924 4804 988 4874 δὴ
1043 4806 1281 4874 μάλιστα
1317 4805 1550 4869 πόλεων,
1587 4798 1662 4857 ὧν
1694 4807 1851 4873 ἡμεῖς

277 4899 457 4962 ῖςμεν.
500 4897 607 4948 Καὶ
643 4896 798 4947 αὐτοὶ
840 4897 889 4947 οἱ
935 4898 1040 4948 ἁπδ
1087 4897 1179 4947 τοῦ
1223 4896 1552 4966 Ὀτουμάιιου
1587 4896 1853 4965 βασιλεῖς,

277 4986 374 5038 καὶ
409 4986 568 5047 αὐτὸς
595 4987 652 5038 δὲ
690 4986 944 5054 βασιλεὺς
967 5026 982 5049 ,
1011 4985 1068 5050 ἐξ
1097 4986 1218 5039 ὅτου
1252 5003 1314 5052 γε
1359 4987 1414 5047 ἐς
1444 4986 1541 5053 τὴν
1577 4985 1856 5053 βασιλείαν

280 5078 546 5145 κατέστη,
572 5077 783 5128 τοιάνδε
836 5077 990 5128 πόλιν
1017 5076 1142 5128 οὔτε
1170 5077 1478 5144 πολιορκεῖν
1516 5075 1686 5141 ἐξεῖλε
1715 5076 1856 5128 κατὰ

285 5169 506 5235 κράτος,
541 5168 654 5219 ἀλλ’
678 5166 802 5218 οὔτε
832 5167 1112 5234 ἐξεγένετο
1149 5167 1240 5219 ἐπὶ
1275 5167 1486 5220 τοιάνδε
1513 5167 1669 5218 πόλιν
1699 5165 1857 5218 ἐλαύ-

286 5275 418 5312 νειν.
451 5258 647 5327 Ὀρᾶτε
669 5258 799 5326 γὰρ,
829 5259 902 5318 di;
930 5259 1118 5328 κύκλῳ
1148 5263 1180 5328 ἡ
1210 5259 1363 5322 πόλις
1390 5259 1602 5328 ἐρυμνὴ
1637 5277 1694 5312 τε
1727 5257 1858 5310 οὖσα

287 5350 344 5410 ἐς
373 5348 444 5399 τὰ
479 5349 736 5416 μάλιστα,
781 5348 953 5419 ταύτῃ
1009 5351 1169 5417 μόνον
1223 5353 1460 5403 ποιεῖται
1499 5351 1597 5418 τὴν
1652 5350 1860 5402 εἴσοδον

287 5440 710 5508 τετειχισμένην
756 5439 904 5508 τρισί
951 5457 1011 5493 τε
1048 5441 1165 5510 ἅμα
1196 5441 1432 5512 τείχεσιν
1469 5443 1858 5513 ὀχυρωτάτοις,

1959 4705 2086 4756 tiam
2124 4698 2244 4768 ejus
2277 4713 2398 4753 esse
2435 4698 2488 4750 in
2520 4696 2655 4749 orbe
2686 4695 3004 4756 maximam,
3060 4705 3261 4745 norunt
3315 4704 3530 4749 omnes,

1956 4799 2225 4866 quotquot
2269 4803 2451 4842 rerum
2500 4787 2620 4855 ejus
2656 4785 2816 4855 periti
2881 4794 3008 4839 sunt
3041 4801 3055 4840 :
3094 4786 3258 4837 etiam
3320 4797 3422 4835 nos
3479 4788 3535 4834 ct

1959 4884 2311 4956 agnoscimus
2345 4891 2396 4931 et
2420 4881 2749 4934 conﬁtemur
2776 4877 3072 4946 potentiam
3112 4874 3232 4942 ejus
3259 4888 3383 4927 csse
3422 4887 3538 4924 ma-

1961 4980 2181 5034 ximam.
2223 4977 2421 5030 Verum
2457 4974 2738 5028 enimvero
2787 4967 3011 5023 cernitis
3062 4967 3212 5020 urbis
3244 4963 3406 5029 hujus
3455 4963 3533 5015 si—

1965 5079 2098 5132 tttm,
2123 5083 2285 5137 quam
2340 5075 2555 5127 natura,
2589 5071 2642 5114 ct
2681 5068 2796 5113 arte
2827 5059 2897 5113 sit
2939 5059 3203 5117 munitus,
3230 5063 3287 5108 ut
3319 5068 3424 5107 nc.t
3454 5052 3534 5105 fa-

1966 5160 2070 5213 cile
2110 5159 2357 5212 invenire
2404 5157 2476 5208 sit
2531 5153 2723 5206 urbem
2790 5163 2945 5217 aeque
3003 5146 3292 5198 munitam.
3352 5140 3537 5206 Reges

1965 5249 2328 5311 Otoutauidre,
2365 5261 2464 5300 nec
2495 5245 2658 5298 etiam
2702 5242 2819 5311 ipse
2853 5254 2968 5300 rex,
2992 5252 3054 5289 ex
3089 5249 3197 5304 quo
3227 5233 3278 5284 in
3310 5246 3534 5298 regnum

1971 5347 2073 5399 hoc
2111 5337 2402 5413 processit,
2446 5340 2610 5393 talem
2655 5335 2846 5389 urbem
2895 5345 3074 5398 neque
3124 5332 3533 5396 oppugnarunt,

1968 5452 2142 5505 neque
2167 5441 2455 5504 ceperunt,
2492 5445 2594 5486 nec
2622 5427 2765 5483 bello
2789 5424 3125 5494 petiverunt.
3150 5417 3362 5473 Videtis
3385 5416 3531 5471 enim

1560 5578 1810 5639 Notulre
1845 5575 2241 5651 marginales.

365 5707 417 5740 "
450 5703 652 5773 λέγειν.
687 5703 748 5758 Β.
779 5714 834 5757 ιιι
872 5703 924 5754 in
953 5717 1002 5756 ί.
