4006 6204
557 276 663 340 443

1718 287 2024 350 LAONICI
2066 289 2726 352 CHALCOCONDYLIE

3698 288 3811 355 444

560 390 748 444 urbem
789 391 1029 466 undique
1073 408 1234 462 quam
1287 395 1521 451 maxime
1571 399 1857 454 munitam.
1904 400 2111 455 Aditum

2230 405 2325 456 καὶ
2381 405 2530 473 τρισὶ
2587 403 2807 466 πύλαις.
2844 403 2946 456 Ἢν
2979 402 3078 472 μὲν
3111 396 3206 455 οὖν
3240 404 3339 473 τὴν
3395 402 3528 473 μίαν
3578 403 3803 472 ἐξέλητε

559 479 650 534 hic
699 493 864 534 unum
913 482 1096 536 habe:
1138 494 1394 538 caeterum
1431 487 1673 543 cinctum
1725 493 1898 544 muris
1948 495 2123 548 tribus

558 569 911 636 firmissimis,
949 574 1234 643 tribusque
1287 580 1483 646 portis.
1515 579 1570 633 Si
1620 580 1787 651 igitur
1831 600 1993 638 unam
2045 587 2126 641 di-

559 663 783 717 rueritis
840 665 1174 729 bombardis,
1224 668 1454 723 alteram
1501 675 1778 739 quomodo
1836 679 2124 745 superabi-

557 757 630 810 tis
659 758 681 809 ?
712 767 765 810 et
796 759 840 811 si
868 743 1097 813 alteram
1131 765 1561 832 occupaveritis,
1594 768 1934 836 relinquetur
1965 774 2122 825 tertia

374 835 379 845 ”
475 871 477 873 ι
557 847 773 901 caeteris
824 849 994 903 ntulto
1029 851 1278 908 validior.
1314 854 1658 925 Quapropter
1715 862 1826 914 haec
1872 862 2121 931 cogitan-

555 946 660 1000 tes,
696 947 752 991 et
778 939 1015 995 scientes
1066 959 1165 998 nos
1198 944 1277 998 sic
1315 944 1638 1011 instructos,
1673 947 1885 1005 fortiter
1919 953 2118 1008 bellum

553 1026 698 1094 quod
749 1029 816 1081 ab
850 1045 974 1109 rege
1021 1029 1252 1086 infertur
1296 1032 1716 1102 sustinebimus,
1748 1044 1963 1098 etiamsi
2009 1063 2125 1098 mo-

557 1117 816 1171 riendum
859 1122 951 1177 sit.
1003 1120 1266 1181 Nuntiate
1298 1129 1479 1198 itaque
1525 1134 1637 1200 regi
1673 1144 1876 1197 vestro,
1923 1136 2120 1193 frustra

551 1208 620 1262 ad
673 1211 862 1267 urbem
916 1214 1060 1271 hanc
1113 1218 1510 1276 defendendam
1571 1229 2032 1290 acccsdssemus,
2075 1233 2122 1286 si

553 1302 796 1367 pericula
828 1308 1066 1368 reveriti.
1093 1311 1281 1365 urbem
1323 1315 1536 1370 tradere
1569 1318 1954 1378 voluissemus.
1989 1326 2124 1380 Asa-

552 1407 653 1446 nes
687 1396 800 1452 haec
851 1399 1069 1457 locutus
1119 1413 1224 1459 est.
1268 1404 1438 1463 Josue
1489 1425 1744 1467 reversus
1780 1415 1844 1467 ad
1914 1431 2118 1485 regem,

553 1489 684 1556 quid
720 1494 969 1559 responsi
999 1499 1294 1564 acceperit,
1339 1504 1581 1570 exponit.
1621 1505 1730 1560 Rex
1767 1507 1934 1576 igitur
1969 1511 2122 1564 bom-

553 1579 749 1634 bardas
797 1585 1062 1638 c'outinuo
1103 1590 1275 1656 portis
1320 1599 1575 1662 opposuit
1626 1615 1639 1649 :
1682 1610 1736 1652 et
1784 1615 1889 1670 qua
1937 1603 2120 1660 aditus

552 1669 709 1725 urbis
734 1683 852 1727 erat
909 1680 1338 1746 augustissimus
1387 1685 1594 1756 ingredi
1649 1695 1894 1759 parabat.
1947 1696 2001 1750 lu
2054 1714 2119 1752 eo

555 1757 706 1812 urbis
735 1760 884 1816 aditu
926 1767 1064 1818 muri
1107 1780 1235 1822 sunt
1262 1781 1394 1835 tres,
1422 1789 1526 1827 non
1587 1757 1746 1845 longo
1782 1796 1809 1833 a
1864 1797 1923 1836 se
1973 1785 2113 1839 invio

553 1862 666 1902 cem
709 1851 999 1910 intervallo
1053 1857 1257 1914 dissiti.
1295 1862 1508 1918 Murum
1567 1869 1828 1936 primum,
1870 1876 1963 1942 qui
2000 1888 2120 1933 erat.

551 1937 827 2007 inlirmus,
872 1960 974 1999 nec
1013 1947 1306 2004 admodum
1365 1959 1764 2024 communitus,
1827 1967 2118 2034 occupavit

547 2029 786 2099 Asanes,
837 2038 992 2104 quasi
1037 2040 1237 2096 bellum
1274 2060 1426 2100 mora
1449 2059 1823 2118 extracturus,
1863 2064 1917 2108 et
1967 2058 2118 2111 bom-

547 2119 845 2178 bardarum
903 2130 1044 2186 ictus
1091 2134 1370 2192 elusurus.
1405 2139 1557 2196 Haud
1614 2145 1758 2198 enim
1807 2148 2112 2217 ignorabat,

546 2226 742 2271 muros
787 2232 895 2272 non
947 2237 1108 2290 posse
1162 2231 1440 2288 sustinere
1473 2235 1898 2294 bombardarum
1947 2243 2116 2313 impe-

549 2317 661 2360 tum
717 2326 731 2362 :
791 2321 843 2365 et
896 2317 1104 2370 sciebat
1159 2335 1253 2375 eos
1313 2329 1533 2381 tandem
1608 2332 1975 2401 collapsuros.
2048 2339 2115 2390 At

546 2393 599 2447 id
641 2396 873 2454 faciebat
909 2403 1010 2458 hac
1054 2421 1173 2474 spe,
1217 2416 1375 2480 quasi
1419 2416 1499 2472 sic
1531 2431 1713 2487 posset
1753 2393 2114 2494 oppugnatio-

545 2500 668 2539 nem
705 2491 772 2544 ad
805 2501 1022 2565 tempus
1063 2501 1283 2572 aliquod
1338 2509 1597 2566 tolerare.
1653 2491 1976 2573 Bombardze
2022 2522 2110 2576 ubi

545 2576 710 2634 ferire
739 2597 1050 2654 coeperunt,
1085 2593 1224 2647 intra
1260 2611 1465 2665 paucos
1498 2602 1613 2657 dics
1650 2610 1891 2662 exterior
1920 2626 2110 2666 umrus

545 2683 805 2735 prorutus
857 2688 961 2737 est.
999 2682 1170 2740 Graeci
1222 2690 1428 2746 interea
1481 2697 1851 2765 egredientes,
1903 2717 2112 2772 pugna-

544 2769 676 2822 bant
727 2787 849 2826 cum
904 2774 1120 2843 Turcis,
1183 2791 1235 2836 et
1267 2785 1479 2854 aliquot
1516 2791 1678 2844 etiam
1722 2795 2108 2852 confecerunt.

543 2860 932 2934 Rcliuquentes
986 2870 1151 2948 igitur
1203 2889 1422 2929 murum
1473 2881 1733 2948 primum,
1797 2866 1983 2942 abiere
2039 2891 2106 2944 ad

540 2958 864 3024 secundum,
904 2962 995 3030 qui
1030 2962 1224 3019 ﬁrmus
1255 2979 1392 3030 erat.
1430 2980 1484 3025 ct
1519 2975 1668 3027 saxis
1701 2979 1910 3046 magnis
1960 2995 2109 3034 com-

2227 494 2565 563 τηλεδόλοις,
2599 495 2702 563 τήν
2743 513 2804 547 τε
2839 495 3035 564 ἑτέραν
3073 493 3192 557 πῶς
3226 495 3294 548 ἂν
3325 494 3761 564 ὑπερϐάλλοισθι
3789 511 3810 556 ς

2225 587 2291 653 ἦν
2331 588 2387 640 δὲ
2419 589 2513 640 καὶ
2542 587 2748 658 ταύτην
2787 587 3226 658 ὑπερδάλλησθε,
3255 587 3615 642 ὑπολείπεται
3642 584 3809 649 αὖθις

2225 680 2258 747 ή
2296 678 2622 748 ἰσχυροτέρα
2654 679 2880 732 τούτων.
2940 679 3029 742 Ὠς
3059 673 3154 731 οὗν
3186 677 3362 748 ταύτῃ
3396 678 3806 740 διανοουμένων

2227 769 2321 821 καὶ
2377 769 2975 837 παρασκευαζομένων,
3025 772 3074 823 εί
3118 769 3230 822 δέοι
3280 769 3624 832 ἀπολεῖσθαι,
3652 769 3801 821 ὥστε

2227 861 2555 928 ἀμύνεσθαι,
2581 861 2725 915 οὕτω
2751 862 3126 929 ἀπαγγείλατε
3152 861 3231 930 τῷ
3260 862 3492 931 βασιλεῖ,
3514 861 3590 922 ὡς
3615 861 3800 929 μάτην

2226 953 2292 1018 ἂν
2323 951 2518 1020 εἴημεν
2557 949 2658 1006 ὧδε
2693 951 2939 1014 ἐλθόντες
2967 953 3022 1015 ἐς
3065 953 3314 1024 φυλακὴν
3339 955 3440 1021 τῆς
3475 954 3706 1016 πόλεως,
3746 953 3799 1005 εί

2229 1043 2518 1110 μηδοτιοῦν
2561 1043 2800 1112 χαλεπὸν
2847 1043 3121 1103 ἐπιδόντες
3155 1045 3255 1114 τὴν
3295 1045 3450 1098 πόλιν
3487 1044 3798 1113 παραδοίη-

2229 1150 2349 1200 μεν.
2375 1133 2562 1188 Ταῦτα
2603 1136 2850 1197 εἰπόντος
2891 1134 2988 1186 τοῦ
3035 1135 3298 1199 Ἀσάνεω,
3333 1135 3408 1198 ὡς
3440 1134 3798 1203 ὑποστρέψας

2237 1227 2443 1297 Ἰησοῦς
2472 1207 2776 1298 ἁπῆγγειλε
2806 1230 2885 1300 τῷ
2931 1229 3168 1298 βασιλεῖ,
3201 1230 3402 1284 αὐτίκα
3456 1229 3798 1282 κατεϐίϐασε

2223 1321 2349 1382 τοὺς
2377 1320 2697 1388 τηλεεόῖιους
2732 1323 2787 1380 ἐς
2822 1322 2921 1384 τὰς
2955 1323 3130 1384 πύλας
3178 1325 3277 1391 τῆς
3312 1321 3543 1386 πόλεως,
3663 1321 3729 1388 δὴ
3761 1322 3800 1390 ἡ

2224 1411 2281 1472 ἐς
2307 1410 2406 1481 τὴν
2443 1412 2599 1464 πόλιν
2633 1413 2836 1475 εἴσοδος
2875 1415 3185 1482 στενωτάτη
3217 1414 3501 1485 γινομένη,
3523 1416 3660 1483 πρὶς
3693 1413 3803 1465 αὗ-

2223 1505 2336 1572 τήν’
2360 1521 2413 1557 τε
2451 1509 2686 1560 ποιείται
2735 1507 2832 1578 τὴν
2863 1508 3088 1573 εῐσοδον,
3136 1507 3231 1561 καὶ
3277 1508 3432 1576 τείχη
3468 1507 3593 1575 τρία
3627 1503 3800 1572 ἀλλή-

2223 1593 2328 1646 λων
2357 1597 2419 1648 οὐ
2451 1599 2586 1650 πολὺ
2613 1599 2936 1669 διεστηκότα
2962 1602 3018 1660 ὲς
3047 1598 3146 1668 τὴν
3175 1597 3384 1651 εἴσοδον
3408 1596 3583 1668 ταύτῃ
3619 1595 3795 1663 παρέ-

2223 1702 2399 1755 χεται.
2453 1688 2560 1740 Καὶ
2604 1691 2666 1741 τὸ
2716 1690 2816 1758 μὲν
2867 1689 3178 1742 τελευταῖον
3207 1691 3409 1757 τεῖχος,
3444 1687 3670 1748 ἀσθενὲς
3701 1685 3793 1746 ὃν,

2221 1777 2316 1830 καὶ
2339 1778 2401 1831 οὐ
2458 1780 2600 1833 πάνυ
2656 1783 2871 1853 ὲχυρδν,
2903 1781 3170 1852 κατέσχεν
3212 1781 3467 1851 Ἀσίνης,
3493 1780 3635 1833 ὣστε
3661 1780 3789 1846 τρί-

2220 1869 2335 1922 ϐειν
2365 1888 2422 1924 τε
2471 1872 2563 1924 τὸν
2604 1873 2706 1942 τῆς
2747 1873 3069 1942 πολιορκίας
3102 1875 3319 1943 χρόνον,
3347 1873 3442 1925 καὶ
3468 1873 3594 1934 τοὺς
3622 1870 3794 1935 τηλε-

2220 1962 2410 2026 ϐόλους
2434 1981 2448 1996 ·
2481 1964 2596 2034 ᾔδει
2653 1967 2838 2034 μέντοι
2893 1967 2969 2030 ὡς
3021 1965 3203 2020 τέλεον
3237 1963 3475 2018 ἐνταῦθα
3519 1964 3622 2032 οὐχ
3653 1963 3793 2014 ὐπο-

2221 2056 2375 2121 μενεῑ
2409 2057 2475 2107 τὰ
2503 2057 2654 2124 τείχη
2692 2055 2800 2111 ὑπὸ
2853 2056 2963 2110 τῶν
2991 2055 3322 2127 τηλεϐόλων,
3351 2055 3491 2110 ἀλλὰ
3535 2055 3790 2106 πεσεῖται

2217 2145 2419 2197 αὐτίκα
2479 2146 2646 2214 μάλα.
2699 2149 2907 2201 Ἐποίει
2954 2148 3009 2202 δὲ
3043 2148 3117 2211 ὡς
3156 2147 3366 2218 τρίϐειν
3397 2149 3487 2200 τὸν
3522 2145 3785 2213 πόλεμον.

2228 2237 2382 2290 Ἐπεὶ
2439 2238 2495 2291 δὲ
2556 2239 2808 2302 παίοντες
2863 2242 2913 2295 oi
2949 2240 3271 2311 ,τηλέὁολοι,
3312 2237 3644 2293 κατέϐαλλον
3687 2235 3789 2288 ἐπὶ

2215 2328 2428 2396 ἡμέρας
2483 2331 2634 2390 τινὰς
2683 2331 2742 2384 τὸ
2794 2332 2952 2395 ἐκτὸς
3002 2335 3198 2405 τεῖχος,
3245 2333 3304 2384 ὲν
3337 2325 3439 2392 ἀἷς
3469 2327 3705 2392 ἐξιόντες
3735 2325 3788 2378 οί

2219 2417 2480 2486 ’Έλληνες
2531 2421 2798 2489 ἐμάχοντο
2841 2423 2952 2482 τοῖς
2987 2423 3270 2489 Ίόύρκοις,
3301 2420 3394 2474 καί
3425 2437 3580 2481 τινας
3612 2416 3786 2470 αὑτοῦ

2214 2509 2384 2580 ταύτῃ
2437 2510 2773 2581 διέφθειραν,
2803 2513 3189 2577 ἀπολιπόντες,
3221 2514 3284 2567 τὸ
3317 2511 3570 2581 δεύτερον
3601 2510 3784 2578 τεῖχος

2215 2603 2558 2673 κατέχοντες,
2585 2605 2783 2673 ἐχυρόν
2821 2622 2880 2656 τε
2909 2604 2968 2657 ὃν
2995 2605 3168 2667 λίθοις
3198 2605 3475 2674 μεγάλοις,
3505 2603 3780 2672 ἐκράτουν

2213 2699 2274 2750 τὸ
2301 2700 2480 2766 τεῖχος
2516 2699 2606 2750 ἐπὶ
2639 2701 2853 2767 ἡμέρας
2881 2700 3072 2760 ἱκανὰς
3097 2699 3455 2768 ἀμυνόμενοι.
3487 2697 3552 2752 Ol
3587 2695 3777 2764 μέντοι

2213 2789 2495 2859 τηλὲϐολοι
2550 2793 2642 2843 καὶ
2679 2790 2840 2842 τοῦτο
2870 2792 2931 2842 τὸ
2983 2796 3161 2861 τεῖχος
3197 2792 3291 2844 ἐπὶ
3337 2793 3548 2860 ἡμέρας
3589 2789 3784 2850 ἱκανὰς

2213 2884 2425 2948 ἔπαιον,
2468 2887 2561 2937 καὶ
2592 2883 2925 2938 κατέϐαλλον
2969 2885 3129 2954 μέρος
3156 2885 3255 2937 οὐκ
3287 2884 3489 2950 ὀλίγον.
3517 2881 3683 2936 Ἔνθα
3716 2881 3783 2951 δὴ

2211 2980 2503 3050 ἀποτυχὼν
2534 2978 2628 3032 τοῦ
2660 2980 2878 3049 τείχους
2913 2979 2940 3030 ὁ
2967 2979 3114 3039 λίθος
3165 2979 3466 3048 φερῦμενος
3497 2976 3696 3028 ἔπεσεν
3723 2976 3784 3034 ις

545 3050 812 3107 munitus.
844 3051 1001 3110 Hunc
1038 3057 1129 3112 ubi
1161 3059 1433 3125 insedere,
1458 3065 1884 3137 regisimpetum
1916 3071 2106 3128 diebus

2214 3075 2270 3125 τὸ
2313 3074 2694 3140 άρτοκοπεῖον,
2747 3075 2839 3126 καὶ
2895 3075 3208 3144 συνέτριψε.
3258 3071 3599 3126 Μεταπεσὼν
3646 3071 3703 3124 δὲ
3753 3074 3782 3126 ὁ

541 3146 747 3215 aliquot
776 3149 992 3205 fortiter
1023 3155 1438 3224 propulsamnt.
1478 3159 1692 3216 Murum
1723 3163 1883 3218 istum
1916 3169 2113 3222 arieta-

540 3240 676 3290 bant
707 3238 1024 3296 bombardte
1051 3244 1212 3315 regis:
1241 3248 1439 3304 diebus
1466 3250 1736 3320 plurimis,
1785 3265 2111 3329 partemque

535 3328 660 3397 ejus
697 3332 986 3388 diruerunt
1033 3351 1141 3391 non
1193 3339 1493 3396 modicam.
1536 3343 1749 3400 Interea
1791 3362 1913 3401 cum
1959 3328 2112 3404 bom-

538 3422 726 3478 bardis
782 3439 974 3480 murus
1032 3443 1431 3498 quassaretur,
1494 3436 1690 3505 globus
1743 3454 1885 3496 unus
1947 3441 2111 3513 2&0

538 3513 833 3579 aberravit,
858 3526 913 3572 et
937 3519 991 3573 in
1018 3522 1308 3589 pistrinum
1337 3526 1547 3582 delatus
1567 3539 1648 3584 est
1676 3547 1690 3584 :
1717 3535 1860 3600 quod
1885 3545 1936 3588 et
1961 3551 2108 3590 como

540 3605 737 3657 minuit
796 3607 1036 3674 penitus.
1088 3610 1226 3666 Hinc
1266 3613 1320 3667 in
1371 3616 1540 3670 altum
1589 3618 1858 3687 sublatus,
1909 3627 2109 3682 cecidit

538 3691 683 3748 forte
714 3694 768 3748 iu
812 3696 1086 3753 hominem
1117 3705 1427 3771 quemdam,
1469 3707 1629 3776 cujus
1654 3725 1850 3770 carnes
1883 3724 1936 3770 et
1981 3733 2105 3774 ossa

536 3786 594 3840 in
649 3789 794 3843 mille
835 3792 1138 3858 particulas
1178 3795 1581 3856 minutissimas
1632 3807 1914 3875 contrivit,
1971 3812 2108 3867 adeo

537 3891 598 3936 ut
629 3883 730 3937 alis
768 3885 1000 3940 aviculae
1045 3901 1481 3958 compararetur.
1521 3893 1731 3954 Tantus
1776 3903 1986 3960 scilicet
2025 3917 2109 3962 est

532 3974 679 4042 globi
709 3978 965 4046 impetus,
998 3979 1092 4034 ubi
1134 3983 1302 4037 semel
1345 3986 1580 4044 emissus
1624 3978 1807 4058 fuerit,
1841 4005 1896 4049 et
1944 4002 2107 4053 mira-

533 4069 663 4122 bilia
698 4070 867 4123 multa
903 4076 1120 4141 operari
1149 4080 1459 4132 consuevit.
1505 4079 1639 4138 Nam
1677 4099 1799 4140 cum
1831 4105 1942 4145 non
1979 4095 2107 4148 atti-

533 4162 706 4230 gisset
739 4178 978 4228 murum,
1007 4167 1057 4220 in
1088 4167 1255 4222 altum
1297 4179 1542 4238 evectus,
1584 4176 1883 4251 urbemque
1930 4193 2108 4242 trans-

535 4251 753 4319 volans,
786 4255 988 4310 cecidit
1030 4257 1084 4310 in
1108 4261 1303 4316 navale
1333 4262 1766 4336 Corinthiorum,
1795 4289 1919 4329 cum
1953 4293 2106 4345 pere-

2210 3163 2355 3227 λίθος
2389 3166 2659 3228 ἐντεῦθεν,
2702 3167 2799 3220 καὶ
2830 3166 3134 3237 εὑράμενος
3167 3166 3458 3236 ἄνθρωπόν
3490 3183 3616 3218 τινα
3643 3165 3783 3217 άπε-

2211 3260 2465 3327 νέγκατο,
2501 3261 2842 3329 μετεωρίσας
2873 3260 2973 3330 τὴν
3025 3262 3205 3331 σάρκα
3249 3277 3308 3312 τε
3363 3260 3457 3312 καὶ
3492 3261 3560 3314 τά
3600 3259 3737 3311 ὀστᾶ
3761 3276 3777 3290 ·

2212 3353 2499 3422 συνέτριψέ
2533 3371 2591 3405 τε
2623 3355 2702 3417 είς
2734 3353 2989 3424 ἐλάχιστα
3023 3355 3162 3424 μέρη
3199 3353 3388 3424 μυρία,
3418 3355 3513 3405 καὶ
3539 3349 3628 3406 οἷα
3649 3366 3779 3403 πτε-

2211 3445 2327 3515 ροῖς
2385 3444 2599 3512 ὄρνιθος
2652 3445 2893 3508 εἰκάσαι,
2931 3445 3041 3497 οὐδ’
3093 3445 3264 3515 αὐτὴν
3329 3443 3629 3513 ἐπιγνῶναι
3679 3442 3784 3513 τὴν

2212 3536 2393 3605 σάρκα
2445 3538 2758 3607 παρείχετο.
2817 3536 3055 3605 Τοιαύτη
3105 3539 3276 3608 γὲρή
3311 3539 3451 3607 φορὰ
3483 3535 3580 3590 τοῦ
3629 3535 3782 3589 λίθον

2209 3631 2302 3681 καὶ
2333 3631 2589 3698 δαιμονία
2629 3647 2716 3693 τις
2747 3625 2902 3694 οὖσα,
2937 3629 3122 3699 θαῦμα
3159 3631 3455 3701 παρέχεται
3483 3646 3498 3660 ·
3532 3629 3656 3682 ἐπεὶ
3684 3629 3784 3681 καὶ

2209 3721 2497 3790 ἀποτυχὼν
2518 3721 2611 3774 τοῦ
2633 3722 2866 3793 τείχους,
2890 3725 2983 3775 καὶ
3002 3721 3414 3794 μετεωρισθεὶς,
3440 3721 3535 3774 καὶ
3561 3717 3781 3782 διεξιὼν

2209 3813 2309 3883 τὴν
2341 3813 2512 3876 πόλιν,
2550 3815 2607 3877 ἐς
2644 3815 2704 3867 τὸ
2755 3815 2994 3868 ἐπίνειον
3047 3815 3147 3884 τῆς
3199 3813 3466 3884 Κορίνθου
3515 3811 3779 3881 ἐνεχθεὶς,

2209 3896 2396 3970 ἔπεσε,
2435 3907 2684 3969 σταδίους
2719 3906 2955 3974 μάλιστά
3009 3924 3112 3958 που
3165 3907 3222 3969 ἐς
3274 3905 3779 3976 τεσσαρεσκαίδεκα

2210 3998 2729 4069 παραμειψάμενος.
2784 3991 2943 4050 Εἷλκε
2976 3998 3032 4049 δὲ
3079 4000 3107 4050 ὁ
3161 3997 3308 4059 λίθος
3339 3998 3480 4050 ἑπτὰ
3514 3996 3778 4050 τάλαντα.

2210 4093 2369 4148 Οὕτω
2393 4091 2494 4160 μὲν
2522 4089 2614 4144 οὖν
2638 4090 2735 4160 τὴν
2761 4090 2915 4142 πόλιν
2938 4090 3171 4142 ἔτυπτεν
3198 4089 3291 4141 ἐπὶ
3316 4091 3511 4159 συχνὰς
3539 4091 3778 4160 ἡμέρας.

2208 4186 2320 4239 Καὶ
2351 4186 2401 4237 οἱ
2456 4185 2513 4235 ὲν
2563 4185 2627 4253 τῇ
2667 4184 2819 4235 πόλει
2872 4182 3244 4244 ἐπιλείποντος
3289 4181 3384 4234 τοῦ
3416 4181 3585 4244 σίτου,
3619 4181 3780 4250 χαλε-

2211 4276 2325 4338 πῶς
2355 4273 2571 4343 ἔφερον,
2617 4275 2710 4328 καὶ
2743 4274 2936 4340 λόγους
2971 4272 3211 4325 ἐδίδοσαν
3244 4273 3508 4342 ἀλλήλους
3542 4273 3610 4338 ⁵³,
3647 4275 3778 4341 άφι-

530 4343 705 4413 gisset
728 4360 949 4400 cursum
979 4351 1396 4418 quatuordccim
1429 4360 1759 4416 stadiorum.
1784 4343 2104 4437 Globiﬁpon-

2214 4365 2428 4433 κόμενοι
2464 4366 2518 4427 ὲς
2543 4365 2633 4417 τὸν
2671 4365 2767 4433 τῆς
2811 4364 3022 4426 πόλεως
3074 4361 3359 4433 ἀρχιερέα.
3394 4363 3625 4432 Ἀσάνης
3673 4365 3778 4431 μὲν

532 4432 638 4487 dus
666 4443 784 4488 erat
826 4446 1033 4504 septem
1065 4442 1393 4497 talentorum
1427 4447 1562 4516 (68).
1602 4449 1661 4503 1η
1702 4453 1847 4508 hunc
1879 4432 2100 4513 modum

533 4523 762 4578 feriebat
826 4530 1012 4581 urbem
1070 4531 1262 4586 diebus
1318 4535 1592 4600 plurimis.
1647 4538 1910 4608 Oppidani
1969 4546 2100 4601 deli.

2209 4454 2303 4510 οὖν
2333 4459 2552 4526 κατεῖχε
2583 4458 2644 4508 τὸ
2677 4455 2902 4525 πλῆθος,
2935 4453 3077 4507 ὥστε
3110 4454 3422 4525 ἀνέχεσθαι.
3455 4454 3778 4522 ’Λρχιερεὺς
3809 4499 3816 4504 .

2204 4547 2261 4601 δὲ
2297 4547 2397 4616 τῆς
2435 4545 2662 4610 πόλεως,
2701 4545 2869 4615 ἄνδρα
2903 4546 3012 4599 τῶν
3065 4545 3162 4609 τῆς
3199 4545 3405 4606 πόλεως
3441 4543 3777 4602 ἀποστείλας

530 4615 802 4670 cientibus
832 4619 1105 4673 alimentis
1146 4621 1589 4692 indignabantur,
1629 4637 1685 4682 et
1719 4630 1859 4685 inter
1889 4649 1949 4688 se
1981 4637 2111 4691 col-'-

2214 4639 2277 4702 ὥς
2313 4615 2560 4708 βασιλέα,
2598 4638 2865 4708 ἐσήμαινε
2901 4655 2957 4689 τε
3008 4637 3159 4706 αὐτῷ
3189 4637 3289 4705 τὴν
3315 4634 3545 4700 ἔνδειαν,
3571 4637 3664 4686 καὶ
3694 4634 3773 4695 ὡς

526 4704 711 4774 loquia
753 4708 1029 4771 serebant,
1087 4721 1284 4767 euntes
1325 4715 1390 4768 ad
1428 4715 1576 4774 urbis
1626 4722 1966 4792 episcopum.
2017 4729 2095 4782 A-

527 4810 694 4852 sanes
719 4799 937 4865 quidem
978 4800 1190 4869 plebem
1240 4807 1525 4873 sustinuit,
1564 4821 1626 4864 ut
1658 4817 1949 4882 pra-sentin
1987 4817 2098 4874 for-

528 4888 656 4942 liter
689 4889 1005 4961 tolerarent.
1035 4893 1337 4965 Episcopus
1378 4911 1558 4956 autem
1606 4907 1758 4961 urbis
1803 4909 1976 4964 civem
2024 4913 2090 4967 ad

528 4995 707 5049 regem
743 4984 915 5047 misit,
947 4987 1040 5055 qui
1094 4990 1478 5046 alimentorum
1535 4996 1774 5066 inepiam
1806 5017 1927 5068 quae
1969 5019 2092 5073 gra-

523 5074 749 5128 vissima
808 5087 946 5146 erat,
999 5080 1290 5147 indicaret,
1340 5099 1574 5153 eumque
1628 5090 1962 5160 hortaretur,
2022 5113 2090 5152 ne

519 5177 756 5234 cceptam
786 5172 1247 5239 oppugnationem
1286 5177 1590 5244 omitteret,
1632 5195 1821 5238 verum
1870 5185 2090 5243 fortiter

519 5268 786 5328 pergeret.
818 5260 944 5318 llaec
973 5265 1064 5318 ubi
1105 5269 1372 5338 comperit
1413 5286 1528 5336 rex,
1564 5257 1710 5330 misit
1763 5277 1829 5331 ad
1864 5281 2088 5349 oppida-

2205 4733 2349 4786 σιτία
2375 4734 2514 4786 πάνυ
2535 4732 2690 4798 ὀλίγα
2723 4729 3094 4796 ἀπολείποιτο,
3125 4727 3264 4780 ὥστε
3288 4726 3553 4796 ἀντέχειν.
3584 4725 3775 4779 Ταῦτα

2203 4824 2507 4893 πυθόμενος
2537 4825 2566 4874 ὁ
2599 4822 2873 4892 βασιλεὺς,
2904 4821 3099 4887 λόγους
3131 4817 3286 4882 αὖθις
3316 4818 3650 4887 προσέφερε,
3683 4817 3776 4870 λέ-

2198 4935 2312 4985 γων
2339 4917 2523 4970 τοιάδε
2546 4916 2724 4985 ’Ἑμοὶ
2753 4914 2902 4984 παρὰ
2933 4915 3041 4968 τῶν
3071 4916 3125 4966 ὲν
3152 4917 3217 4986 τῇ
3251 4914 3402 4966 πόλει
3433 4912 3772 4965 εὐνοούντων

2199 5011 2626 5078 ἀπαγγέλλεται,
2654 5011 2850 5078 ὀλίγων
2903 5009 3044 5063 πάνυ
3103 5007 3325 5078 ἡμερῶν
3373 5005 3770 5059 ὑπολείπεσθαι

2198 5104 2327 5171 ὑμῖν
2356 5103 2424 5156 τὰ
2454 5101 2629 5154 σιτίαο
2664 5101 2718 5152 τί
2762 5097 2856 5153 οὖν
2885 5099 3341 5167 κακοδαιμονᾶτε,
3365 5097 3462 5151 καὶ
3489 5099 3551 5150 οὗ
3579 5113 3766 5167 παρα-

2195 5192 2364 5245 δίδοτε
2393 5192 2492 5261 τὴν
2523 5191 2712 5255 πόλιν;
2749 5188 3037 5253 Ἐνταῦθα,
3065 5188 3141 5252 ὡς
3173 5189 3580 5253 πυνθανομένου
3602 5185 3768 5240 ’Λσά-

2197 5300 2324 5345 νεω,
2369 5283 2555 5351 ἔλεγον
2587 5284 2638 5338 ei
2671 5282 2764 5335 τοῦ
2800 5282 3069 5354 βασιλέως
3120 5283 3187 5334 τὰ
3238 5281 3574 5350 καθήκοντα,
3605 5279 3765 5331 ἐδου-

1782 5392 2029 5455 Notulte
2073 5395 2474 5474 marginales.

587 5493 698 5564 (68)
729 5496 1011 5554 Talentum
1038 5504 1178 5571 apud
1207 5505 1426 5564 Suidam
1457 5510 1590 5564 1259
1629 5512 1884 5568 librarum
1943 5519 2172 5585 pondus.

591 5658 638 5688 ’³
669 5659 935 5725 ἀλλήλοις.
963 5660 1050 5716 Sic
1072 5665 1228 5716 etiam
1263 5665 1328 5719 Il.
