4006 6204
216 280 322 339 445

1247 289 1338 347 DE
1378 289 1628 349 REBUS
1668 287 2024 350 TURCICIS
2066 293 2210 353 LIB.
2251 295 2349 351 lX.

3341 288 3446 350 446

218 401 444 450 λεύοντο
498 404 669 468 κοινῇ,
712 403 821 455 εἴτε
879 406 1245 472 παραδώσειεν
1283 407 1384 474 τὴν
1436 408 1612 470 πόλιν,
1668 406 1777 457 εἴτε

1910 422 1983 461 nos
2013 410 2105 476 qui
2140 410 2220 464 sic
2274 412 2628 476 loquerentur
2664 423 2678 461 :
2728 406 3048 461 Nuntiatum
3095 412 3179 459 est
3212 403 3343 457 mihi
3384 403 3451 455 ab

217 488 547 558 ἀνεχόμενοι
581 491 893 560 ἀμύνοιντο.
926 493 1016 556 Ὠς
1038 495 1092 546 δὲ
1126 497 1621 565 ἀπεστραμμένους
1643 495 1789 565 ἑώρα

218 582 345 644 τοὺς
376 584 433 633 έν
465 585 533 651 τῇ
568 582 738 645 πόλει,
757 586 851 637 καὶ
871 585 1121 653 χαλεπῶς
1152 586 1789 656 φέροντας,“ὑπόσπονδοί

220 690 285 724 τε
331 673 561 741 ἐξῆλθον
608 676 768 738 αὐτός
806 695 865 729 τε
895 678 1150 743 ’Ᾱσάνης,
1178 679 1272 731 καὶ
1302 683 1330 732 ὁ
1370 679 1791 748 Λακεδαιμόνιος

225 766 539 835 Λουκάνης.
585 768 962 835 Ἀφικομένων
994 770 1049 821 δὲ
1098 771 1157 831 ές
1199 772 1392 836 λόγους
1438 770 1514 838 τῷ
1561 769 1788 837 βασιλεῖ,

228 857 471 919 σπονδάς
500 875 558 910 τε
614 859 699 926 ἐφ’
732 853 776 924 ᾧ
807 863 1165 929 αἰτουμένων,
1190 864 1384 929 ἔλεγεν
1414 864 1596 925 αὐτοῖς
1624 862 1750 916 τάδε
1773 880 1788 895 υ

226 948 640 1013 Ἀπαγγείλατε
699 953 775 1019 τῷ
829 953 1081 1021 ἡμετέρῳ
1137 955 1380 1021 ήγεμόνι,
1429 954 1502 1013 ὡς
1562 953 1792 1015 σπονδᾶς

226 1040 507 1091 ποιεῖσθαι
545 1042 761 1107 ἕτοιμός
812 1046 949 1108 εἰμι,
983 1044 1069 1109 ἐφ’
1205 1045 1303 1112 τὴν
1358 1045 1540 1113 χώραν
1583 1046 1714 1111 ὅσην
1764 1046 1793 1095 ὁ

230 1131 469 1196 στρατὸς
494 1132 780 1201 παρεξῄει,
802 1134 939 1202 ὲμήν
964 1151 1023 1185 τε
1060 1132 1217 1198 εἶναι,
1243 1136 1336 1186 καὶ
1368 1136 1533 1202 φόρον
1561 1136 1793 1201 ἀπάγειν

224 1222 319 1272 δ.ὰ
352 1222 450 1290 τὴν
479 1220 673 1290 λοιπὴν
704 1224 909 1291 χώραν,
948 1227 1338 1282 πεντακοσίους
1377 1228 1651 1295 στατῆρας
1675 1243 1689 1257 ·
1718 1225 1794 1293 τῷ

224 1312 285 1363 δὲ
312 1314 566 1381 ἡγεμόνι,
598 1314 684 1378 ἐφ’
711 1307 756 1380 ᾧ
806 1315 866 1366 τό
913 1332 973 1366 τε
1026 1315 1261 1381 Αἷγειον,
1287 1318 1380 1369 καὶ
1416 1316 1657 1383 Πάτρας,
1701 1317 1795 1368 καὶ

224 1406 327 1470 τὴν
382 1406 664 1472 περίοικον
705 1408 1056 1476 παραδιδόναι
1088 1409 1222 1476 ἡμῖν
1248 1424 1260 1437 ⁸
1295 1411 1344 1459 εἰ
1376 1409 1431 1460 δὲ
1469 1409 1564 1476 μὴ,
1599 1408 1796 1460 αὐτίκα

226 1499 350 1563 ἃμα
378 1499 604 1551 ἐπιόντα
639 1515 706 1567 με
742 1502 1141 1565 γινωσκόντων.
1177 1501 1363 1553 Ταῦτα
1387 1501 1461 1561 ὼς
1495 1501 1798 1553 ἐνετέλλετο

227 1589 443 1654 αὐτοῖς,
488 1592 586 1642 καὶ
636 1592 697 1651 ές
746 1590 879 1652 τοὺς
926 1592 1202 1659 ἡγεμόνας
1243 1590 1520 1657 ἀφίκοντο,
1557 1591 1684 1658 περὶ
1737 1590 1797 1641 τδ

224 1680 513 1746 Ταΰγετον
537 1682 636 1749 τῆς
672 1682 1003 1749 Λακωνικῆς
1036 1682 1429 1750 διατρίϐοντες,
1454 1681 1797 1748 ἀπήγγελλόν

224 1789 289 1825 τε
328 1773 403 1825 τὰ
436 1774 589 1842 παρά
620 1764 906 1841 βασιλέως,
942 1777 1035 1826 καὶ
1070 1775 1270 1827 αὐτίκα
1323 1773 1519 1837 ἐδόκει,
1546 1772 1686 1825 ὥστε
1727 1772 1800 1841 μὴ

230 1866 525 1932 στέρεσθαι
569 1867 669 1936 ἠδη
724 1868 1014 1935 ξυμπάσης
1056 1868 1155 1931 τῆς
1192 1868 1400 1936 χώρας,
1453 1867 1713 1936 πρέσϐεις
1742 1884 1801 1918 τε

229 1959 503 2023 πέμπειν,
537 1961 630 2011 καὶ
675 1958 947 2027 ὲμπεδοῦν
997 1960 1150 2026 σφίσι
1197 1959 1293 2020 τὰς
1325 1957 1576 2021 σπονδὰς,
1604 1956 1689 2023 ἐφ’
1721 1953 1803 2019 οἷς

228 2050 581 2117 προετείνετο
614 2048 887 2118 βασιλεύς.
942 2048 1267 2117 Πέμψαντες
1297 2050 1352 2101 δὲ
1386 2049 1671 2117 πρέσϐεις,
1702 2049 1802 2110 τὰς

225 2158 287 2194 τε
313 2143 549 2205 σπονδὰς
581 2143 930 2209 ἐποιήσαντο.
956 2141 1051 2194 καὶ
1089 2139 1186 2208 τὴν
1223 2140 1407 2211 χώραν
1438 2142 1689 2194 ἀπέδωκε
1723 2142 1801 2208 τῷ

228 2234 504 2300 βασιλέως
536 2234 770 2303 ὑπάρχῳ
786 2233 1135 2303 Ὀμάρῃ,τῆς
1153 2233 1449 2295 Θετταλίας
1474 2233 1714 2301 ὕπαρχος
1737 2234 1803 2266 ⁹³’

221 2321 317 2393 ἦν,
351 2327 415 2378 τό
438 2342 501 2377 τε
538 2326 775 2391 Δῐγειον,
796 2324 1167 2393 Καλαὸρίτης,
1199 2324 1441 2393 Πάτρας,
1469 2327 1563 2378 καὶ
1582 2326 1679 2393 τὴν
1714 2342 1805 2375 πε-

227 2417 446 2481 ρίοικον
479 2416 650 2486 ταύτῃ
685 2417 784 2484 τῆς
828 2416 1050 2484 ’Δχαϊας
1082 2414 1286 2486 χώρας.
1323 2416 1408 2479 Ὠς
1438 2416 1495 2468 δὲ
1531 2417 1802 2483 παρέλαϐε

225 2508 331 2569 τὰς
378 2507 586 2567 πόλεις,
616 2507 711 2558 καὶ
745 2505 1005 2574 νεήλυδας
1055 2506 1287 2575 καθίστη
1323 2509 1377 2559 ἐν
1416 2510 1534 2567 ταῖς
1592 2509 1802 2571 πόλεσι,

224 2599 296 2650 τὰ
334 2599 441 2666 μὲν
477 2596 868 2664 στρατεύματα
919 2597 1070 2662 αὑτῷ
1102 2597 1290 2665 διῆκεν
1344 2597 1429 2648 ἐπ’
1469 2598 1620 2650 οἴκου
1652 2599 1804 2666 νομί-

227 2687 436 2753 ζεσθαι
458 2704 472 2718 ·
508 2686 671 2773 αὐτος
694 2686 751 2737 δὲ
788 2687 1131 2755 τραπόμενος
1172 2688 1265 2739 ἐπὶ
1290 2688 1388 2755 τῆς
1415 2687 1684 2754 Ἀττικῆς,
1711 2691 1804 2742 καὶ

226 2775 332 2828 ἐπὶ
386 2774 486 2843 τῆς
523 2774 762 2843 Ἀθηνῶν
796 2775 1023 2837 πόλεως,
1058 2777 1277 2845 περιῄει
1334 2776 1554 2828 σκοπῶν
1603 2779 1692 2829 τόν
1744 2795 1803 2830 τε

229 2866 499 2935 Πειραιᾶ,
533 2866 791 2927 καὶτοὺς
842 2866 1092 2934 λιμένας,
1151 2865 1447 2930 ὲπεδέξατό
1494 2883 1553 2918 τε
1610 2867 1657 2899 9⁸
1707 2869 1804 2936 τὴν

225 2957 498 3024 Ὀμάρεω
535 2956 929 3025 ἀνδραγαθίαν.
978 2953 1111 3024 Τήν⁸
1147 2973 1205 3008 τε
1258 2956 1411 3010 πόλιν
1448 2957 1676 3026 ταύτην,
1710 2961 1805 3012 καὶ

1893 500 2087 555 amicis
2115 509 2167 554 et
2190 500 2491 560 benevolis,
2518 515 2653 568 quos
2683 499 2734 551 in
2762 500 2895 553 urbe
2930 498 3126 559 habeo,
3154 508 3449 566 paucorum

1891 590 2103 644 dierum
2135 591 2425 645 admodum
2463 591 2622 646 vobis
2666 604 2956 660 superesse
3006 590 3284 643 alimenta.
3311 584 3450 651 Quid

1892 680 2058 749 igitur
2095 681 2275 735 insani
2318 692 2371 735 et
2414 682 2599 736 miseri
2638 683 2825 735 urbem
2865 696 2972 734 non
3019 679 3230 733 traditis
3261 679 3285 731 ἳ
3315 676 3450 731 Cum

1895 773 2071 825 nuntii
2126 773 2272 835 regis
2324 788 2445 841 qua!
2499 776 2749 826 mandata
2802 780 2987 826 essent
3038 785 3222 825 coram
3276 768 3456 822 Asanc

1903 872 2264 932 exponerent,
2306 864 2520 930 publice
2574 862 2953 917 deliberabant
3000 862 3335 916 dederentne
3365 874 3457 911 ur-

1895 953 2036 1015 bem,
2087 968 2154 1005 an
2204 964 2444 1007 extrema
2485 954 2669 1021 potius
2714 953 3085 1022 perpetientes
3131 952 3457 1005 resisterent

1896 1044 2032 1111 regi.
2088 1044 2223 1097 Cum
2280 1054 2459 1097 autem
2519 1052 2810 1098 cernerent
2865 1043 3168 1112 Oppidanos
3222 1041 3457 1111 graviter

1892 1140 2217 1200 prmsentem
2273 1134 2663 1185 necessitatem
2725 1133 2886 1194 ferre,
2937 1138 2991 1182 et
3033 1131 3157 1183 mali
3217 1142 3459 1197 qumrerc

1896 1220 2297 1281 liberationem,
2338 1220 2439 1273 lide
2475 1220 2690 1288 publica
2719 1219 3063 1287 interposita,
3092 1218 3294 1283 egressi
3330 1225 3459 1268 sunt

1896 1312 1959 1364 ad
1988 1325 2168 1379 regem
2197 1311 2404 1363 Asancs
2440 1317 2492 1361 et
2528 1309 2835 1377 Spartanus
2860 1308 3132 1363 Lucanes.
3170 1306 3461 1360 Venientes

1897 1412 2075 1455 autem
2123 1416 2286 1469 super
2318 1400 2518 1455 foedere
2556 1400 2843 1469 pangendo
2873 1401 2926 1452 in
2965 1400 3302 1466 colloquium
3336 1414 3460 1450 cum

1898 1507 2044 1561 rege,
2073 1491 2153 1546 sic
2178 1492 2452 1544 allocutus
2497 1498 2576 1543 est
2614 1506 2628 1544 :
2657 1487 2853 1543 Vestro
2884 1488 3116 1557 principi
3157 1488 3339 1550 dit-ite,
3381 1499 3465 1538 me

1901 1592 2151 1653 paratum
2197 1595 2321 1636 esse
2373 1581 2548 1634 finitus
2584 1588 2921 1648 percutere;
2949 1588 3001 1633 et
3051 1592 3236 1646 pacem
3284 1577 3464 1629 dare:

1901 1673 1997 1728 sed
2040 1674 2141 1726 hac
2190 1672 2529 1735 conditione,
2582 1680 2637 1723 ut
2680 1684 2741 1723 ca
2788 1670 2937 1737 regio
2984 1682 3145 1737 quam
3195 1667 3464 1720 exercitus

1904 1778 2058 1817 meus
2099 1760 2426 1831 peragravit,
2463 1776 2579 1813 mea
2612 1759 2702 1813 sit.
2743 1759 2822 1811 Ah
2849 1758 3060 1826 reliqua
3104 1757 3321 1826 regione
3363 1754 3466 1806 tri-

1904 1855 2018 1909 buti
2041 1852 2261 1907 nomine
2284 1862 2409 1919 peto
2440 1850 2767 1920 quingentos
2800 1858 3052 1903 stateres.
3096 1846 3226 1899 Duci
3259 1855 3463 1903 autem,

1902 1945 1996 2015 qui
2037 1943 2213 1997 adhuc
2245 1951 2395 1996 tenet
2424 1941 2675 2010 .‘Egcum,
2727 1939 2916 1994 Patras
2957 1949 3010 1992 et
3049 1937 3327 1990 ﬁnitimam
3379 1949 3464 1988 re-

1905 2038 2142 2106 gionem,
2184 2034 2370 2095 dicite.
2427 2042 2486 2086 ut
2537 2048 2599 2086 ea
2645 2033 2805 2086 nobis
2856 2032 3031 2083 tradat
3075 2047 3087 2081 :
3124 2030 3208 2083 sin
3257 2027 3463 2090 minus,

1904 2127 2190 2184 confeStim
2218 2126 2495 2188 accedam,
2542 2133 2598 2177 et
2640 2124 2805 2175 armis
2840 2121 3151 2188 subjiciam.
3203 2118 3331 2172 Haec
3376 2115 3469 2169 ubi

1902 2222 2307 2290 cognovissent,
2363 2227 2421 2271 ut
2478 2224 2810 2286 praeceptum
2867 2211 3469 2279 erat,‘proticiscuntur

1905 2314 1971 2366 ad
2020 2313 2317 2381 principes,
2368 2310 2459 2378 qui
2504 2323 2568 2362 ea
2621 2315 2941 2375 tempestate
2985 2305 3129 2357 circa
3165 2302 3463 2370 Taygetum

1904 2406 2155 2459 Laconim
2204 2418 2261 2457 sc
2314 2404 2592 2462 tenebant,
2656 2400 2834 2465 iisque
2883 2411 3005 2464 qum
3048 2395 3169 2448 data
3217 2400 3374 2445 erant
3404 2390 3471 2443 ab

1907 2514 2028 2566 rege
2083 2494 2336 2548 mandata
2388 2492 2684 2561 explicant.
2743 2488 2953 2554 Quibus
3013 2485 3241 2547 auditis,
3295 2484 3469 2535 visum

1903 2597 1989 2642 est
2025 2602 2095 2641 ne
2132 2596 2187 2641 et
2212 2586 2463 2639 universa
2497 2583 2861 2651 spoliarentur
2900 2579 3143 2646 regione,
3170 2577 3378 2641 legatos
3406 2574 3473 2625 ad

1905 2695 2083 2747 regem
2131 2678 2367 2738 mittere,
2398 2685 2452 2729 et
2503 2674 2681 2727 fmdus
2737 2669 3111 2738 conglutinare
3150 2666 3233 2720 bis
3286 2665 3475 2718 condi—

1902 2771 2149 2827 tionibus
2205 2783 2342 2835 quas
2393 2782 2481 2819 rex
2526 2762 2941 2833 praeseripsiset.
2976 2756 3475 2819 Mittentesitaque,

1904 2858 2361 2929 quemadmodum
2434 2856 2715 2909 decretura
2777 2852 3167 2917 erat,legatos,
3197 2860 3299 2915 pax
3326 2859 3477 2897 com—

1904 2953 2083 3021 posita
2112 2958 2215 3003 est.
2246 2948 2436 3015 Regio,
2470 2963 2633 3015 quam
2677 2946 3048 3013 pustulaverat
3084 2957 3202 3004 rex,
3227 2940 3474 2993 restituta

227 3050 566 3119 ἀκρόπολιν,
605 3036 965 3114 πυνθάνομαι,
1000 3049 1210 3116 βασιλεί
1250 3048 1481 3116 μάλιστα
1509 3050 1574 3103 ὲκ
1603 3051 1709 3103 τῶν
1748 3053 1803 3103 έν

1910 3056 1991 3099 est
2052 3048 2200 3111 regio
2252 3041 2529 3110 prmfecto.
2579 3041 2801 3093 Omares
2842 3036 3139 3090 Thessalia:
3188 3031 3479 3103 prmt‘ettus

226 3141 303 3206 τῇ
342 3135 501 3205 χώρᾳ
535 3135 701 3189 αὐτοῦ
733 3137 941 3189 πόλεων
972 3138 1029 3190 ἐν
1061 3137 1251 3207 γνώμῃ
1284 3138 1558 3206 γενέσθαι,
1584 3144 1678 3193 καὶ
1708 3143 1807 3210 τήν

223 3245 293 3281 τε
334 3228 579 3279 παλαιὰν
613 3227 711 3293 τῆς
745 3226 948 3288 πόλεως
998 3227 1495 3295 μεγαλοπρέπειαν,
1523 3232 1617 3282 καί
1644 3249 1808 3287 κατα·

228 3319 452 3387 σκευὴν
479 3319 784 3385 ἀγασθῆναι
818 3319 1113 3371 ἐπειπόντα
1141 3336 1151 3346 ·
1198 3320 1347 3388 [Idan
1380 3320 1444 3390 δὴ
1475 3321 1636 3389 χάρις
1661 3318 1808 3389 ὀφει-

118 3464 127 3470 _
226 3412 398 3463 λεται
423 3412 482 3460 ὲν
510 3409 586 3477 τῷ
614 3411 866 3478 ἡμετέρῳ
892 3408 1044 3477 νόμῳ
1073 3407 1287 3478 Ὀμάρῃ
1308 3410 1387 3477 τῷ
1411 3410 1770 3480 Τουραχάνεω
1794 3414 1805 3465 l

228 3502 361 3568 Τὴν
386 3502 491 3568 γὰρ
524 3501 679 3553 πόλιν
709 3500 913 3571 ταύτην
964 3500 1060 3553 καὶ
1093 3502 1387 3571 ἀκρόπολιν
1421 3506 1809 3572 παρεστήσατο

228 3594 494 3664 Ὂμάρής
522 3590 677 3657 οὗτος
708 3595 894 3664 τρόπῳ
920 3593 1136 3662 τοιῷδεο

1913 3135 2163 3197 Aigeum,
2209 3133 2535 3197 Calabrites,
2558 3132 2747 3185 Patras
2783 3140 2837 3184 et
2878 3128 3162 3182 ﬁnitimam
3198 3123 3475 3193 regionem

1910 3227 2065 3298 241
2109 3228 2325 3279 Achaiae
2376 3224 2602 3293 recepit.
2657 3221 2767 3276 Rex
2828 3221 2919 3273 ubi
2983 3218 3148 3293 urbes
3213 3212 3473 3280 suscepit,

1916 3318 2187 3386 praesidiis
2213 3316 2626 3383 peregrinorum
2664 3327 2756 3365 eas
2792 3309 3050 3371 ﬁrmavit,
3081 3314 3136 3359 et.
3161 3301 3477 3375 peregrinos

1917 3412 1983 3465 iis
2013 3408 2275 3477 praefecit.
2305 3407 2362 3460 In
2386 3409 2529 3461 hunc
2573 3404 2790 3458 modum
2818 3401 3071 3456 confecto
3107 3397 3249 3451 bello
3290 3392 3476 3461 copias

1915 3515 2106 3554 omnes
2149 3502 2340 3552 domos
2376 3497 2602 3551 dimisit.
2642 3494 2769 3564 'lpse
2804 3501 2984 3547 autem
3036 3501 3336 3544 conversus
3394 3492 3479 3537 est

1914 3606 2102 3648 contra
2158 3592 2387 3647 Atticam
2439 3599 2491 3644 et
2528 3589 2719 3644 urbem
2766 3584 3030 3639 Athenas.
3080 3577 3481 3637 Obambulabat

232 3689 629 3757 contemplans
684 3686 985 3756 Pyraéeum,
1051 3694 1103 3739 et
1139 3695 1395 3757 portuum
1449 3685 2380 3742 commoditatem.Omarisvirtute
2446 3683 2721 3736 civitatem
2784 3680 2940 3731 istam
3008 3691 3114 3729 una
3181 3688 3303 3724 cum
3356 3683 3478 3720 arce

233 3787 293 3838 in
332 3782 594 3838 ditionem
627 3784 855 3852 accepit.
901 3780 1026 3836 Fuit
1051 3791 1229 3836 autem
1264 3781 1379 3836 haec
1414 3784 1545 3838 urbs
1572 3799 1788 3852 semper
1827 3784 1959 3849 regi,
1986 3792 2043 3833 ut
2074 3781 2254 3839 audio,
2302 3777 2585 3839 benevola,
2618 3785 2672 3828 et
2733 3770 3157 3825 muniﬁcentiam
3193 3764 3313 3831 eius
3364 3772 3509 3821 τιιιῑῑι

230 3894 412 3947 quam
449 3888 502 3932 et
530 3887 848 3945 apparatum
883 3876 1095 3929 urbium
1126 3890 1342 3943 semper
1373 3876 1664 3944 plurimum
1704 3875 1987 3943 amplexus
2018 3882 2123 3927 est.
2165 3872 2309 3924 Dixit
2353 3873 2519 3939 igitur
2556 3868 2812 3933 :Quanta
2858 3863 3029 3933 gratia
3101 3861 3326 3913 debetur
3362 3857 3487 3924 lege

232 3983 435 4027 nostra
495 3970 676 4024 Omari
718 3968 1058 4022 Turacbanis
1099 3968 1256 4022 tiliol
1328 3965 1447 4030 Quo
1507 3975 1667 4036 pacto
1724 3965 1950 4021 O.nares
2000 3964 2187 4016 urbem
2254 3962 2409 4014 istam
2458 3974 2562 4012 una
2615 3973 2739 4011 cum
2810 3970 2934 4008 arce
3002 3950 3303 4019 occuparit,
3365 3946 3490 4012 jam

230 4068 462 4119 dicetur
488 4082 501 4118 :

329 4156 416 4216 Ὦς
444 4154 549 4223 γὰρ
590 4152 785 4222 Νέριος
824 4152 1164 4223 ἐτελεύτησε,
1202 4152 1432 4220 κατέσχε
1464 4152 1563 4220 τὴν
1610 4168 1811 4219 τυραν-

227 4250 365 4301 νίδα
397 4250 429 4315 ή
460 4248 596 4316 γυνὴ
630 4244 819 4310 αὐτοῦ,
858 4245 1025 4297 παῖδα
1074 4245 1272 4313 ἔχουσα
1304 4244 1522 4311 νήπιον,
1554 4240 1651 4293 καὶ⁸
1695 4241 1813 4292 δια-

233 4342 661 4408 πρεσδευομένη
708 4346 766 4402 ὲς
817 4339 1064 4408 βασιλέα,
1099 4338 1348 4408 χρήμασί
1402 4353 1457 4389 τε
1510 4335 1810 4405 ἐθεράπευε

231 4436 342 4493 τὰς
384 4433 648 4499 βασιλέως
703 4430 893 4499 Θύρας,
936 4432 1031 4482 καὶ
1084 4430 1221 4499 αὐτὴ
1268 4427 1503 4496 διέτριϐε
1560 4426 1687 4494 περὶ
1714 4424 1812 4491 τὴν

234 4525 443 4592 ἀρχήν.
478 4523 668 4590 Χρόνῳ
689 4524 744 4575 δὲ
777 4523 838 4575 οὑ
883 4521 1063 4589 πολλῷ
1112 4521 1364 4589 ὕστερον,
1407 4516 1619 4571 νεανίου
1668 4517 1815 4578 τινὸς

237 4615 357 4665 τῶν
389 4614 685 4675 Οὐενετῶν,
725 4614 996 4683 ἐμπορίας
1027 4613 1188 4665 ἕνεκα
1232 4610 1493 4679 Ἀθήναζε
1543 4608 1814 4677 ἀφικομέ-

244 4722 365 4763 νου,
392 4704 494 4771 τῆς
523 4704 831 4770 συγκλήτου
861 4703 917 4756 δὲ
976 4703 1191 4770 ἀνδρὸς,
1236 4700 1496 4770 ἡρᾶσθαι.
1542 4698 1647 4752 Καὶ
1691 4700 1815 4768 ἐρα-

246 4797 301 4846 σ’
324 4797 462 4857 εἶσα,
492 4796 548 4855 ές
575 4795 767 4859 λόγους
797 4810 850 4844 τε
885 4793 1109 4860 ἀφίεται
1136 4791 1213 4860 τῷ
1246 4790 1453 4860 νεανίᾳ,
1483 4788 1556 4852 ὡς
1588 4790 1646 4840 έν
1689 4806 1818 4840 παι-

244 4887 485 4947 ama-c1
529 4885 700 4938 πολλὰ
736 4884 1132 4952 συνδιατρίϐων
1183 4882 1261 4951 τῷ
1291 4880 1503 4948 νεανίᾳ,
1552 4879 1627 4941 ὡς
1671 4877 1820 4943 αὐτῷ

246 4982 331 5039 εἰς
361 4980 599 5044 γυναῖκα
634 4978 909 5048 χωρῆσαι,
956 4977 1073 5045 ἃμα
1122 4979 1189 5044 τῇ
1234 4978 1376 5044 ἀρχῇ
1411 4971 1699 5040 ἐπιτρέψαι
1725 4972 1821 5038 τῆς

246 5071 462 5134 πόλεως
491 5071 711 5137 ἕτοιμος
748 5072 860 5139 εἴη.
896 5069 1081 5123 Ταῦτα
1112 5069 1167 5122 δὲ
1210 5063 1346 5120 εἶναι
1377 5065 1545 5133 αὐτῷ,
1594 5064 1662 5130 ἢν
1690 5065 1824 5114 ἀπο·

250 5163 611 5230 πεμψάμενος
639 5166 737 5231 τὴν
759 5165 994 5222 γυναῖκα
1022 5161 1212 5227 αὑτοῦ,
1242 5162 1427 5230 τρόπῳ
1455 5159 1551 5228 οἴῳ
1575 5156 1821 5224 δύνηται.

250 5255 528 5325 ἐπανέλθῃ
562 5255 849 5321 Ἀθήναζε.
877 5250 987 5306 Ἦν
1008 5256 1064 5307 δὲ
1092 5257 1119 5305 ὁ
1147 5252 1364 5313 νεανίας
1396 5250 1647 5319 Πριάμου
1672 5248 1821 5310 παῖς,

248 5345 347 5397 τ.ὖ
405 5346 679 5401 Ναίὲπλιον
734 5345 1206 5416 ἐπιτετραμμένοι)
1284 5345 1434 5412 παρᾶ
1489 5338 1810 5394 Οὐενετῶν.

267 5436 474 5489 Ἀπιὼν
508 5439 562 5490 δὲ
605 5441 631 5491 ὁ
682 5440 919 5502 νεανίας,
970 5441 1063 5489 καὶ
1111 5434 1474 5503 κατασχεθεὶς
1520 5432 1598 5501 τῷ
1628 5430 1813 5496 ἔρωτι,

1992 4144 2205 4197 Mortuo
2265 4140 2446 4200 Nerio,
2503 4152 2636 4188 uxor
2678 4134 2797 4199 ejus
2844 4132 3178 4184 Athenarum
3236 4125 3494 4195 tyranni-—

1919 4239 2042 4292 dem
2075 4234 2331 4295 obtinuit,
2369 4232 2575 4283 habens
2602 4244 2666 4281 ex
2700 4226 2897 4279 marito
2928 4221 3095 4276 tilium
3130 4218 3487 4287 superstitem.

1921 4329 2099 4382 adhuc
2132 4324 2442 4395 puerulum.
2476 4319 2692 4372 Mittens
2728 4317 2896 4382 igitur
2941 4314 3145 4381 legatos
3194 4311 3255 4362 ad
3286 4309 3494 4375 ianua-

1918 4434 2039 4471 rum
2095 4414 2315 4477 milites,
2366 4424 2504 4478 quos
2549 4404 2932 4475 largitionibus
2986 4400 3090 4455 sibi
3139 4397 3478 4470 concitarat,

1919 4505 2078 4559 facile
2126 4501 2493 4572 principatum
2522 4494 2748 4549 retinuit.
2778 4493 3133 4544 Athenarum.
3163 4485 3270 4539 Nec
3303 4496 3495 4535 tamen,

1919 4598 2095 4651 multo
2137 4601 2255 4662 post
2286 4604 2468 4643 amore
2519 4585 2723 4640 exarsit
2769 4584 2823 4636 in
2874 4581 3272 4634 adolescentem
3317 4574 3490 4629 Vene—

1916 4700 2031 4743 tum
2074 4682 2341 4740 senatoris
2376 4678 2567 4739 lilium,
2618 4676 2713 4744 qui
2746 4673 3007 4727 mercium
3040 4669 3208 4738 gratia
3242 4667 3498 4720 Athenas.

1920 4778 2227 4848 appulerat.
2261 4772 2455 4826 Amore
2484 4772 2666 4837 itaque
2687 4780 2877 4820 amens
2910 4764 2964 4816 in
2994 4760 3328 4830 colloquium
3362 4770 3487 4809 cum

1927 4847 2279 4923 adolescente
2308 4863 2476 4917 venit.
2497 4861 2629 4915 Cum
2661 4857 2983 4926 plerumque
3021 4861 3202 4907 autem
3238 4847 3487 4919 plurimis

1924 4958 2205 5015 blanditiis
2257 4956 2496 5007 animum
2550 4949 2918 5003 adolescentis
2951 4944 3249 5014 pelliceret,
3280 4953 3332 4992 et
3375 4952 3487 4989 ma-

1925 5069 2029 5123 gna
2060 5067 2184 5104 cum
2216 5048 2494 5116 voluptate
2524 5060 2644 5097 eunt
2682 5043 2777 5095 illo
2811 5047 3251 5119 conversaretur,
3287 5027 3491 5099 promi-

1926 5120 1997 5202 sit
2028 5162 2086 5200 se
2115 5143 2250 5195 velle
2282 5139 2384 5208 ipsi
2416 5138 2625 5190 nubere
2660 5144 2713 5188 et
2752 5132 3087 5184 Athenarum
3123 5120 3489 5192 principatum

1927 5236 2087 5292 simul
2120 5233 2356 5287 tradere.
2388 5229 2512 5281 llaec
2543 5235 2720 5280 autem
2760 5233 2869 5276 tum
2907 5221 3041 5281 tore,
3072 5216 3117 5268 si
3148 5213 3300 5281 prius
3333 5224 3487 5264 suam

1929 5343 2153 5381 uxorem
2212 5334 2535 5392 quocunque
2584 5314 2745 5369 modo
2780 5310 3118 5379 repudiasset
3152 5321 3165 5355 :
3199 5310 3253 5356 et
3287 5316 3349 5353 ea
3401 5313 3488 5352 re-

1925 5418 2165 5488 pudiata,
2218 5390 2409 5467 deinde
2460 5409 2661 5463 rediret
2702 5404 2965 5457 Athenas.
3020 5395 3349 5451 Adolescens
3402 5390 3497 5443 ille

1542 5568 1789 5628 Notulae
1819 5555 2222 5635 marginales.

328 5705 394 5734 ’³⁸
419 5700 484 5755 In
518 5718 640 5766 uno,
675 5704 1085 5770 δαμέντα-ἕρματι
1119 5701 1367 5769 ὑπάρχῳ.

1450 5694 1493 5723 ⁸³
1528 5692 1617 5743 καὶ
1648 5683 1941 5749 negem
1970 5698 2049 5732 τε.
