4006 6204
487 225 596 290 447
1641 224 1949 285 LAONICI
1998 224 2084 285 CH

2183 224 2435 284 .COCON
2446 223 2655 286 DYL/E
2717 267 2728 275 υ
3617 204 3734 269 448

489 343 634 394 Illius
688 347 808 393 erat
865 335 1060 392 Priami
1095 337 1234 407 (69),
1287 338 1436 392 cuia
1488 337 1709 392 Venetis
1764 338 2084 407 Nanplium,

2183 342 2247 395 :a‘t
2277 339 2501 401 ἐλπίσας
2537 339 2634 406 τὴν
2669 337 2768 404 τῆς
2799 335 3006 396 πόλεως
3053 330 3228 402 ἀρχὴν
3265 329 3574 397 κατασχεῖν,
3603 327 3732 379 δια-

492 433 626 486 urbs
671 434 954 485 ronunissa
1002 440 1121 482 erat.
1195 429 1526 484 Adolescens
1585 429 1752 498 igitur
1803 445 2056 483 reversus

2183 432 2390 500 φθείρας
2423 431 2479 483 δὲ
2513 430 2602 486 καί
2639 429 2736 497 τὴν
2764 429 2994 493 γυναῖκα
3026 424 3210 488 αὐτοῦ,
3235 421 3425 489 γένους
3443 415 3608 473 οὖσαν
3636 419 3739 471 καὶ

494 521 768 582 Venetias,
820 533 870 575 et
907 536 1092 574 amore
1126 521 1342 582 ardens,
1400 535 1737 588 speransque
1782 535 1842 576 se
1898 521 2062 574 Athe-

2183 523 2331 591 ιύτὴν
2364 519 2754 588 συγκλητικοῦ·
2781 516 3100 587 διαφθείρας
3121 516 3176 568 δὴ
3208 513 3433 581 ταύτην,
3477 509 3553 573 ὡς
3582 510 3744 576 εἴρη-

494 630 685 668 narum
743 613 1107 682 principatum
1169 623 1588 681 occupaturum,
1645 628 1866 667 uxorem
1905 628 2058 667 suam

494 704 734 763 necavit,
761 719 881 770 qute
913 711 969 757 ct
1003 707 1116 771 ipsa
1150 705 1424 758 senatoris
1454 713 1508 758 et
1539 705 1752 773 patricii
1782 711 1902 756 erat
1932 703 2060 771 tilia.

416 827 425 847 -.
501 795 628 852 llac.
683 794 1145 863 quemadmodum
1190 795 1334 857 dixi,
1394 810 1424 849 e
1476 810 1703 848 numero
1754 794 2062 847 mortalium

408 896 440 910 τ
501 884 736 946 sublata,
788 885 1031 938 Athenas
1080 884 1259 946 rediit,
1303 884 1560 954 Neriique
1609 901 1832 938 uxorem
1889 885 2060 938 duxit.

499 972 633 1026 Cum
662 985 840 1029 autem
869 977 1137 1030 evasissi-t
1180 976 1244 1028 ad
1272 977 1430 1030 urbis
1456 979 1721 1043 regimen.
1751 976 1958 1030 delatus
1984 986 2066 1029 est

501 1063 568 1115 ab
599 1061 1026 1118 Atheniensibus
1059 1065 1200 1132 apud
1248 1064 1444 1132 januas
1475 1067 1640 1133 regis.
1671 1065 1910 1118 Tandem
1946 1079 2066 1116 cum

504 1155 706 1208 invidia
743 1156 1161 1210 Atheniensium
1209 1168 1570 1224 premeretur,
1624 1165 1685 1210 ut
1718 1171 1834 1209 eam
1887 1156 2069 1223 aliquo

503 1246 663 1298 modo
716 1246 927 1311 leniret,
966 1246 1178 1300 dicebat
1208 1262 1268 1300 se
1307 1248 1459 1316 pueri
1494 1256 1728 1302 tutorem
1764 1261 1908 1301 esse.
1957 1245 2068 1300 Nec

504 1338 674 1390 multo
708 1346 830 1406 post
859 1353 1148 1393 assumens
1179 1354 1431 1406 puerum,
1467 1354 1570 1392 una
1607 1343 1742 1390 cum
1769 1351 1836 1391 eo
1865 1337 1930 1389 ad
1988 1352 2074 1390 re-

505 1443 624 1496 gem
666 1430 835 1482 venit.
869 1428 1004 1481 Nam
1043 1428 1288 1483 Francus
1319 1427 1463 1482 Nerii
1499 1429 1758 1498 patruelis
1786 1428 1920 1498 (70),
1945 1443 2074 1481 con-

511 1520 768 1572 sobrinus
813 1535 942 1572 vero
991 1520 1172 1588 pueri.
1211 1521 1529 1573 morabatur
1573 1521 1627 1574 in
1679 1519 1863 1588 junuis
1907 1525 2073 1586 regis,

516 1625 744 1677 sperans
788 1620 997 1678 tempus
1031 1612 1145 1663 fore
1188 1626 1295 1678 quo
1325 1612 1439 1679 ipse
1474 1611 1886 1664 Atheniensium
1921 1611 2075 1678 prin-

511 1697 692 1765 cipatu
743 1699 1036 1766 potiretur.
1068 1696 1178 1750 Rex
1235 1706 1412 1751 autem
1455 1699 1538 1750 ubi
1579 1698 1845 1766 comperit
1891 1713 2078 1752 amen-

514 1789 642 1841 tiam
682 1790 952 1850 mulieris,
1011 1789 1222 1843 Franco
1256 1790 1474 1843 Antonii
1526 1789 1634 1841 tilio
1683 1790 1874 1844 urbem
1923 1805 2078 1843 com-

514 1881 682 1945 misit,
711 1881 872 1950 eique
899 1897 1090 1950 parere
1123 1890 1175 1936 et
1205 1882 1434 1950 benigne
1461 1897 1586 1935 eum
1623 1881 2078 1950 susciperejussit

513 1964 898 2030 Atheuienses.
930 1974 994 2028 Hi
1034 1976 1256 2042 quidem
1287 1976 1539 2047 benignis
1571 1977 1790 2042 animis,
1821 1979 2081 2042 quetnad-

514 2068 734 2121 modum
775 2068 1100 2135 imperatum
1130 2077 1269 2130 erat,
1314 2068 1490 2120 virum
1523 2083 1810 2137 excepere.
1846 2069 1946 2135 Qui
1989 2070 2079 2124 ubi

515 2161 669 2214 urbis
710 2162 1089 2230 prmfecttaratti
1130 2173 1322 2218 nactus
1354 2171 1458 2228 est,
1495 2165 1772 2218 mulierem
1806 2163 1953 2218 illam
1989 2181 2080 2218 ce-

515 2250 615 2315 pit.
665 2263 716 2302 et
757 2249 992 2317 Megaris
1025 2251 1078 2303 in
1117 2266 1391 2323 carcerem
1427 2251 1672 2305 condidit
1709 2253 1734 2303 :'
1768 2267 1867 2306 nec
1913 2253 2082 2306 multo

518 2340 678 2410 242
703 2349 827 2409 post
880 2341 1126 2393 eamdem
1193 2341 1491 2407 interfecit,
1556 2351 1774 2411 propter
1825 2344 2082 2398 scelestas

516 2433 638 2486 illas
669 2433 912 2502 nuptias,
952 2447 1090 2500 quas
1135 2447 1255 2486 cum
1291 2432 1497 2501 juvene
1551 2431 1758 2486 Veneto
1803 2442 2084 2488 contraxe-

516 2528 622 2574 rat.
678 2518 962 2585 Quomodo
998 2533 1180 2574 autem
1242 2522 1401 2575 istam
1458 2521 1741 2576 mulierem
1792 2523 2082 2586 necaverit,

519 2626 626 2662 non
654 2619 889 2664 conStat.
919 2610 1264 2680 Quapropter
1296 2626 1417 2663 cum
1443 2619 1630 2681 postea
1653 2612 1870 2680 juvenis
1914 2613 2088 2667 Fran-

519 2717 641 2754 cum
690 2702 827 2769 ejus'
858 2701 1071 2768 iniuriae
1114 2701 1168 2755 in
1215 2703 1396 2773 ianuis
1433 2704 1573 2770 regis
1607 2715 1910 2767 accusaret,
1960 2720 2084 2771 rex,

521 2793 599 2846 rei
652 2792 976 2859 indignitate
1041 2803 1370 2870 commotus,
1423 2792 1568 2846 misit
1608 2792 1856 2848 Otnarem
1909 2795 2084 2848 Tura-

520 2885 710 2940 chanis
735 2887 1039 2939 tilinnmum
1064 2883 1356 2938 Thessaliae
1382 2886 1645 2946 exercitu,
1668 2901 1827 2954 quem
1853 2887 2082 2954 jussit...

2160 634 2277 678 ται,
2319 613 2589 681 ἐπανῆκεν
2631 611 2918 680 Ἀθήναζε,
2974 610 3066 660 καὶ
3113 607 3208 672 τὴν
3265 604 3465 674 Νερίου
3497 604 3740 669 γυναῖκα

2163 710 2390 777 ἢγαγεν.
2450 704 2807 772 ’Δφικόμενος
2841 703 2896 756 δὲ
2932 705 2988 764 ὲς
3020 700 3120 768 τὴν
3164 699 3261 767 τῆς
3293 698 3503 756 πόλεως
3533 693 3734 762 ἀρχὴν,

2164 798 2420 865 διεϐλήθη
2455 796 2559 848 ὑπὸ
2621 795 2922 864 Ἀθηναίων
2971 795 3026 845 ὲν
3057 792 3176 852 ταῖς
3220 789 3411 858 θύραις
3455 785 3547 839 τοῦ
3584 786 3733 853 βασι-

2165 889 2324 948 λέως.
2359 889 2626 956 ’Ὕστερον
2658 888 2864 956 μέντοι,
2902 886 2978 947 ὡς
3023 883 3248 953 ἤχθοντο
3286 881 3432 948 αὖτῷ
3477 881 3526 931 οἱ
3569 877 3735 944 Ἀθη-

2167 983 2327 1040 ναῖοι,
2361 977 2743 1047 ἐπιτροπεύειν
2792 993 2849 1028 τε
2883 975 2977 1026 τοῦ
3027 973 3213 1032 παιδὸς
3257 972 3482 1037 ἔφασκε.
3533 971 3641 1022 Καὶ
3671 968 3733 1022 οὐ

2169 1069 2349 1138 πολλῷ
2380 1070 2610 1137 ὕστερον
2661 1067 2846 1120 λαϐὼν
2892 1066 2981 1118 τὸν
3014 1065 3178 1116 παῖδα
3204 1064 3432 1131 ἀφίκετο
3461 1063 3608 1129 παρὰ
3635 1059 3734 1126 βα-

2174 1162 2347 1214 σιλέα.
2391 1161 2452 1214 Ὀ
2485 1163 2591 1230 γάρ
2621 1178 2704 1212 τοι
2728 1160 2978 1229 Φράγκος
3011 1158 3212 1226 Νερίου
3241 1153 3578 1221 ἀδελφιδοῦς,
3608 1154 3734 1203 ἁνε-

2171 1251 2293 1321 ψιὸς
2323 1253 2376 1305 δὲ
2410 1253 2504 1305 τοῦ
2532 1252 2742 1314 παιδὸς,
2775 1248 3068 1318 διατρίϐων
3101 1248 3156 1298 ιν
3197 1246 3316 1305 ταῖς
3351 1244 3611 1315 βασιλέως
3639 1243 3737 1293 θύ-

2176 1362 2316 1413 ραις,
2369 1344 2602 1411 ἐπέμενε
2649 1341 2840 1406 καιρὸν
2873 1339 3020 1407 αὑτῷ
3063 1339 3214 1403 παρὰ
3260 1335 3524 1404 βασιλέως
3553 1334 3744 1401 (inpie;-

2177 1435 2301 1487 σθαι
2356 1435 2412 1495 ἐς
2469 1433 2568 1502 τὴν
2603 1432 2710 1485 τῶν
2753 1432 3000 1501 Ἀθηνῶν
3034 1430 3210 1484 πόλιν.
3265 1426 3527 1486 Βασιλεὺς
3575 1426 3631 1477 δὲ
3665 1425 3744 1484 ὡς

2178 1525 2508 1577 ἐπυνθάνετο
2534 1525 2601 1577 τὰ
2632 1523 2777 1591 ἀμφὶ
2819 1523 2910 1575 τὸν
2940 1523 3120 1591 ἔρωτα
3155 1520 3254 1587 τῆς
3301 1516 3580 1585 γυναικὸς,
3613 1514 3744 1566 ἐπέ·
3837 1524 3839 1526 ’

2179 1617 2342 1685 τρεψε
2371 1616 2632 1684 Φράγκῳ,
2669 1614 2746 1682 τῷ
2782 1613 3068 1668 Ἀντωνίου
3105 1611 3279 1678 παιδὶ,
3310 1609 3408 1679 τὴν
3438 1608 3613 1666 πόλιν,
3647 1606 3746 1659 καὶ

2181 1708 2418 1774 πέμπων
2477 1707 2699 1759 ἐκέλευε
2745 1707 2997 1775 δέχεσθαι
3029 1689 3192 1758 αὐτὸν
3227 1703 3354 1765 τοὺς
3401 1699 3742 1768 Ἀθηναίους.

2181 1800 2242 1851 Οί
2271 1798 2328 1850 δὲ
2385 1798 2591 1863 ἕτοιμοι
2626 1799 2777 1860 ὄντες
2812 1797 3083 1860 ἐδέξαντο.
3127 1795 3186 1846 '0
3238 1793 3283 1846 δ’
3336 1792 3409 1854 ὡς
3455 1790 3746 1858 τυραννίδα

2181 1887 2406 1953 ἀφίκετο
2436 1887 2534 1951 τῆς
2570 1888 2797 1948 πόλεως,
2827 1885 2924 1954 τὴν
2951 1885 3047 1954 μέν
3068 1901 3148 1935 τοι
3177 1883 3412 1949 γυναῖκα
3443 1876 3748 1939 συλλαϐὼν,

2182 1977 2466 2046 καθεῖρξεν
2501 1978 2557 2029 ὲν
2587 1975 2886 2044 Μεγάροις,
2933 1976 3027 2026 καὶ
3053 1973 3114 2025 οὐ
3168 1970 3347 2039 πολλῷ
3380 1969 3626 2038 ὕστερον,
3657 1967 3750 2020 διὰ

2182 2071 2274 2123 τὸν
2303 2071 2479 2136 γάμον
2511 2067 2606 2120 τοῦ
2634 2065 2868 2130 νεανίου,
2913 2063 3244 2132 διέφθειρεν,
3274 2061 3378 2128 ὅτῳ
3412 2060 3511 2130 μὲν
3535 2058 3748 2129 τρόπῳ,

2183 2159 2355 2220 οὐδεὶς
2388 2157 2604 2228 ᾔσθετο.
2632 2156 2712 2209 Δι’
2742 2155 2777 2210 ἃ
2808 2155 2872 2224 δὴ
2917 2152 3277 2222 ἐγκαλοῦντος
3307 2153 3365 2203 ὲν
3393 2151 3515 2213 ταῖς
3534 2149 3630 2202 τοῦ
3655 2149 3754 2218 βαο

2186 2249 2378 2310 σιλὲως
2433 2247 2626 2318 θύραις
2659 2245 2752 2299 τοῦ
2804 2244 3038 2305 νεανίου,
3074 2243 3250 2296 δεινόν
3295 2261 3355 2296 τε
3390 2243 3626 2294 ἐποιεῖτο
3651 2239 3754 2310 τὴν

2186 2341 2340 2409 ὓϐριν
2372 2339 2466 2391 τοῦ
2501 2337 2752 2408 Φράγκου
2784 2339 2812 2390 ό
2861 2336 3136 2407 βασιλεὺς,
3188 2335 3284 2387 καὶ
3312 2332 3547 2402 πέμπων
3574 2332 3750 2400 Ὀμά-

2133 2502 2137 2506 .
2186 2450 2290 2504 ρην
2327 2432 2419 2484 τὸν
2470 2430 2832 2500 Τουραχάνεω
2888 2430 3050 2482 παῖδα
3087 2429 3184 2481 σὺν
3234 2425 3599 2496 στρατεύματι
3652 2423 3755 2488 τῆς

2186 2523 2479 2586 Θετταλίας
2525 2522 2817 2594 ἐκέλευε...
2844 2519 3186 2590 Παραλαϐὼν
3211 2518 3267 2572 δὲ
3303 2517 3391 2570 τὸν
3421 2515 3522 2582 τῆς
3549 2515 3754 2568 Θεττα-

2187 2617 2305 2680 λίας
2351 2616 2576 2684 στρατὸν
2600 2614 2846 2683 Ὀμὰρης
2879 2614 2906 2664 ὁ
2937 2611 3318 2680 Τουραχάνεω,
3340 2608 3433 2661 καὶ
3457 2606 3754 2666 ἐπελάσας.

2188 2709 2330 2778 ῐσχει
2374 2708 2474 2778 μὲν
2502 2707 2700 2761 αὐτίκα
2723 2706 2822 2776 τὴν
2841 2703 3085 2773 Ἀθηνῶν
3117 2702 3268 2754 πόλιν
3293 2717 3306 2731 ·
3324 2699 3462 2769 μετὰ
3489 2698 3546 2751 δὲ
3573 2698 3670 2765 τήν
3694 2713 3756 2748 τε

2190 2801 2483 2871 ἀκρόπολιν
2514 2797 2822 2867 ἐπολιόρκει
2866 2795 2962 2848 ἐπὶ
2995 2794 3189 2863 συχνὸν
3229 2793 3424 2862 χρόνον
3483 2787 3757 2858 προκαθε-

2191 2894 2436 2961 ζόμενος.
2467 2892 2576 2944 Καὶ
2621 2891 2880 2959 ἐπειρᾶτο
2918 2890 3015 2958 μὲν
3069 2887 3156 2940 διὰ
3206 2887 3314 2938 τῶν
3370 2884 3761 2954 προσηκόντων

521 2977 750 3033 Omares
774 2977 1116 3031 Turachauis
1150 2978 1316 3038 filius,
1348 2986 1574 3045 accepto
1612 2978 1907 3033 Thessaliae
1933 2995 2084 3033 excr-

2187 2983 2294 3036 τῶν
2323 2985 2380 3035 ὲν
2425 2984 2490 3053 τῇ
2549 2980 2840 3051 ἀκροπόλει
2895 2977 3126 3048 ἀνδρῶν’
3184 2977 3258 3039 ὡς
3305 2975 3349 3027 δ’
3401 2975 3552 3027 οὐδὲν
3608 2971 3759 3039 αὐτῷ

523 3071 660 3134 citu,
692 3079 747 3124 et
781 3069 848 3123 ad
893 3070 1087 3124 urbem
1120 3067 1412 3129 accedens,
1444 3083 1561 3122 eam
1617 3070 1875 3123 continuo
1921 3071 2086 3125 sube-

523 3160 622 3229 git.
665 3160 858 3213 Arcem
897 3169 1075 3213 tamen
1110 3168 1352 3228 tempore
1383 3158 1543 3230 longo
1575 3160 1811 3224 obsedit,
1859 3169 2088 3228 Speraas

523 3269 584 3308 se
613 3268 732 3307 eam
768 3235 1058 3323 capturum
1087 3270 1248 3322 opera
1279 3255 1518 3309 virorum
1553 3256 1646 3322 qui
1675 3253 1725 3306 in
1762 3268 1886 3306 arce
1911 3259 2086 3316 erant,

526 3345 730 3414 quibus
779 3346 1035 3399 utebatur
1093 3343 1462 3402 familiariter.
1525 3346 1657 3400 Cum
1719 3353 1898 3399 autem
1955 3344 2088 3398 nihil

527 3453 717 3491 eorum
760 3453 881 3505 qua:
911 3437 1096 3492 animo
1147 3448 1493 3508 conceperat,
1529 3437 1871 3499 succederet,
1926 3435 2092 3489 Fran-

527 3541 651 3579 cum
707 3528 760 3578 in
809 3526 958 3580 hunc
1009 3527 1228 3580 modum
1294 3527 1564 3581 allocutus
1603 3537 1682 3581 est
1724 3543 1738 3580 :
1787 3525 1832 3581 0
1873 3525 1944 3580 fili
1980 3526 2091 3578 An-

530 3615 721 3681 tnnii,‘
757 3617 904 3670 baud
960 3617 1123 3672 dubie
1165 3619 1307 3672 nosti
1361 3618 1622 3672 familiam
1677 3619 1842 3687 regis,
1876 3620 1964 3687 qui
1999 3633 2092 3671 ur-

531 3709 652 3761 bem
682 3709 822 3762 banc
853 3702 1098 3777 tempore
1129 3709 1291 3779 longo
1327 3709 1422 3764 tibi
1460 3711 1750 3779 regendam
1799 3711 2094 3767 concessit.

530 3797 802 3862 Quoniam
857 3807 1034 3851 autem
1094 3814 1186 3852 rex
1243 3814 1390 3853 nunc
1453 3799 1684 3868 imperat
1728 3809 1785 3853 ut
1839 3815 1956 3854 eam
2009 3817 2097 3856 rc-

537 3890 959 3954 stituas,nesrio
992 3905 1098 3956 quo
1122 3891 1246 3958 jure
1273 3907 1391 3945 eam
1428 3892 1599 3947 invito
1630 3907 1756 3962 rege
1780 3901 1989 3948 teneas.
2020 3893 2097 3950 Ne

532 3981 770 4046 dubites,
799 3981 943 4035 haud
977 3982 1094 4046 diu,
1131 3982 1176 4036 si
1202 3982 1284 4036 sic
1317 3982 1497 4038 facere
1529 3984 1857 4052 perrexeris,
1890 3985 2098 4053 princi-

533 4087 694 4147 patus
734 4078 892 4132 istius
937 4077 1089 4131 urbis
1124 4092 1290 4146 penes
1317 4086 1369 4131 te
1400 4079 1661 4131 manebit.
1696 4076 1849 4134 Nunc
1880 4078 1998 4142 tibi,
2051 4081 2095 4135 si

533 4169 616 4222 vis
643 4183 767 4222 cum
795 4183 861 4223 eo
902 4169 955 4222 in
991 4169 1216 4238 gratiam
1256 4167 1454 4230 redire,
1489 4169 1752 4224 Bmotiam
1799 4179 1849 4224 et
1881 4170 2098 4226 Thebas

533 4260 842 4328 pollicetur,
894 4269 953 4313 ut
991 4260 1121 4313 hinc
1155 4260 1389 4314 decedas
1437 4259 1616 4314 ferens
1662 4260 1879 4316 divitias
1927 4262 2094 4326 arcis,

534 4362 788 4417 tuasque.
835 4349 1039 4404 Saltem
1081 4365 1263 4405 arcem
1318 4350 1430 4418 regi
1469 4351 1738 4420 relinque.
1800 4350 1922 4405 Haec
1970 4367 2093 4406 cum

534 4444 779 4496 audisset
803 4443 1050 4510 juvenis,
1081 4444 1297 4512 petebat
1324 4442 1427 4497 sibi
1456 4443 1609 4496 tidem
1640 4441 1755 4495 dari
1780 4457 1795 4500 :
1817 4457 1919 4512 qua
1945 4444 2095 4507 data,

534 4534 777 4587 crederet
805 4532 1070 4587 Bmotiam
1097 4534 1204 4588 sibi
1241 4548 1270 4587 a
1301 4549 1426 4602 rege
1454 4533 1612 4587 tradi.
1640 4532 1864 4588 Omares
1896 4550 2006 4587 rem
2035 4535 2099 4589 ad

537 4623 730 4691 ianuas
759 4626 945 4678 retulit
981 4635 1034 4678 et
1060 4633 1116 4678 ut
1141 4625 1298 4680 fidem
1334 4625 1574 4680 facerent
1600 4624 1784 4690 juveni
1832 4624 2100 4692 promissa

538 4724 654 4768 rata
715 4714 850 4776 fure,
901 4716 1058 4770 facile
1099 4715 1429 4786 impetravit.
1468 4714 1598 4770 Fide
1649 4715 1809 4784 igitur
1857 4723 2100 4783 accepta,

536 4823 787 4878 egressus
837 4817 918 4863 est
949 4808 1171 4876 juvenis
1211 4825 1339 4864 arce
1389 4809 1634 4870 libenter,
1689 4823 1812 4861 eum
1856 4811 1924 4860 ab
1977 4823 2144 4877 rege'

2192 3075 2519 3146 προεχώρει,
2568 3073 2763 3141 λόγους
2820 3071 3131 3143 προσέφερε
3189 3068 3475 3121 τοιούσδε’
3532 3061 3602 3117 Ὦ
3658 3066 3761 3117 παῖ

2191 3166 2501 3231 ’Λντωνίου,
2529 3165 2592 3217 σὺ
2617 3160 2775 3217 οἶσθα
2804 3164 2898 3216 τὸν
2955 3160 3221 3231 βασιλέως
3268 3153 3439 3221 οἷκον,
3499 3158 3572 3220 ὼς
3600 3156 3760 3224 τήνδε

2189 3261 2287 3329 τὴν
2317 3259 2472 3310 πόλιν
2505 3258 2804 3328 ἐπέτρεψεν
2858 3256 2950 3308 ἐπὶ
3001 3255 3186 3307 ἱκανὸν
3223 3253 3438 3324 χρόνον.
3493 3251 3601 3305 Καὶ
3635 3251 3763 3302 ἐπεὶ

2193 3349 2446 3419 βασιλεὺς
2481 3345 2634 3412 αὖθις
2682 3345 3050 3416 παρακελεύει
3075 3342 3434 3414 παραδιδόναι
3480 3339 3628 3406 αὐτῷ
3656 3340 3763 3409 τὴν

2192 3442 2367 3506 πόλιν,
2402 3441 2502 3494 οὐκ
2523 3437 2826 3505 οἶδα,ὅπως
2850 3438 2916 3492 ἂν
2970 3436 3178 3505 ταύτην
3238 3436 3463 3493 ἄκοντος
3495 3429 3762 3501 βασιλέως

2192 3535 2442 3602 κατέχοις
2461 3532 2528 3563 ⁹⁸’
2559 3531 2681 3584 οὐδὲ
2706 3531 2815 3600 γὰρ
2850 3531 2994 3583 πάνυ
3020 3527 3189 3582 πολὺν
3203 3527 3500 3595 διαμεῖναι.
3525 3521 3638 3575 Νῦν
3664 3517 3765 3574 οὖν

2195 3623 2426 3692 παρέχει
2459 3639 2543 3674 σοι
2573 3621 2846 3690 βασιλεὺς,
2886 3620 3123 3687 μάλιστα
3155 3618 3535 3685 διηλλαγμένῳ
3574 3616 3624 3667 οί
3654 3613 3766 3682 χὼ·

2198 3730 2296 3782 ραν
2329 3729 2390 3764 τε
2415 3712 2515 3780 τὴν
2568 3713 2830 3764 Βοιωτίαν
2865 3710 3030 3778 ἔχειν,
3068 3710 3160 3762 καὶ
3207 3708 3304 3777 τὴν
3341 3706 3532 3771 Θηϐῶν
3582 3704 3786 3758 πόλιν..

2196 3803 2634 3872 Ἀποφερόμενον
2664 3803 2720 3856 δὲ
2750 3802 2840 3856 τὸν
2865 3803 2963 3868 τῆς
2998 3798 3352 3869 ἀκροπόλεως
3381 3797 3538 3850 ὄλϐον
3570 3796 3665 3853 καὶ
3694 3795 3763 3846 τὰ

2197 3893 2420 3956 σαυτοῦ,
2456 3893 2674 3946 ἀπιέναι
2709 3890 3078 3945 καταλιπόντα
3104 3889 3180 3958 τῷ
3211 3887 3420 3956 βασιλεῖ
3467 3885 3561 3954 τὴν
3591 3883 3764 3952 ἀκρό-

2196 3985 2370 4038 πολιν.
2407 3985 2594 4038 Ταῦτα
2628 3983 2867 4044 ἀκούσας
2894 3984 2920 4036 ό
2949 3980 3188 4042 νεανίας,
3239 3979 3421 4048 ᾐτεῖτό
3465 3993 3524 4028 τε
3556 3975 3764 4035 πίστιν,

2197 4079 2280 4146 ἐφ’
2309 4070 2352 4144 ᾧ
2375 4075 2688 4144 ὲμπεδῶσαι
2711 4074 2858 4144 αὐτῷ
2885 4071 3037 4142 παρὰ
3067 4070 3329 4140 βασιλέως
3352 4067 3449 4138 τὴν
3477 4062 3764 4144 Βοιωτίαν.

2200 4167 2648 4238 Διαπραξαμένου
2671 4165 2725 4218 δὲ
2748 4166 2805 4217 έν
2831 4164 2950 4225 ταῖς
2975 4161 3174 4232 θύραις
3194 4159 3286 4212 τοῦ
3315 4157 3588 4226 Ὀμάρεω,
3622 4152 3768 4206 οὕτω

2130 4252 2264 4354 1ᾖδὴ
2293 4261 2642 4330 φρασάμενος
2669 4256 2938 4324 ὑπεξῆλθε
2975 4255 3071 4324 τῆς
3109 4251 3480 4323 ἀκροπόλεως,
3535 4249 3629 4300 καὶ
3666 4248 3770 4313 τὴν

2201 4355 2394 4415 Θηϐῶν
2422 4353 2576 4406 πόλιν
2605 4352 2702 4404 σὺν
2737 4351 2805 4419 τῇ
2854 4349 3018 4415 λοιπῇ
3050 4344 3282 4414 Βοιωτία
3327 4341 3772 4409 κατασχήσοντος

2201 4444 2349 4514 αὐτῷ
2377 4443 2660 4514 βασιλέως.
2696 4439 2853 4493 Οὕτω
2904 4438 3002 4508 μὲν
3027 4438 3092 4506 δὴ
3142 4435 3368 4502 ’Δθῆναι
3400 4432 3504 4485 ὑπὸ
3557 4429 3772 4500 βασιλεῖ

2201 4537 2467 4603 ἐγένοντο,
2524 4532 3023 4601 παραστησαμένου
3059 4526 3336 4594 Ὀμάρεω.
3386 4523 3519 4575 Τότε
3571 4520 3636 4588 δὴ
3670 4535 3772 4570 πε-

2207 4624 2360 4695 ριιὼν
2383 4626 2409 4676 ὁ
2443 4623 2720 4692 βασιλεὺς,
2766 4621 2860 4672 καὶ
2885 4621 2984 4684 τήν
3030 4635 3087 4669 τε
3119 4613 3416 4685 ἀκρόπολιν
3473 4608 3773 4677 θεώμενος,

2205 4721 2264 4770 ὲν
2312 4715 2550 4783 θαύματι
2595 4714 2853 4772 ἐποιεῖτο,
2917 4709 3009 4760 καὶ
3064 4709 3162 4776 τὴν
3217 4702 3466 4771 Ἀττικὴν
3518 4698 3773 4769 περιιὼν,

2210 4807 2433 4860 ἐσκόπει
2462 4805 2507 4836 ⁸⁸
2544 4820 2603 4854 τε
2633 4803 2756 4864 τοὺς
2789 4799 3036 4870 λιμένας,
3064 4797 3138 4859 ὡς
3166 4796 3409 4864 εἴρηται.

538 4905 807 4972 accipi-ret
841 4904 1056 4958 Thebas
1085 4919 1209 4959 cum
1249 4905 1457 4972 reliqua
1497 4901 1724 4956 Boeotia.
1752 4900 1808 4954 In
1845 4901 1992 4957 hunc
2053 4900 2272 4955 modum
2307 4901 2534 4954 Athenae
2573 4897 2737 4950 ductu
2774 4901 2829 4947 et
2875 4891 3140 4959 auspiciis
3204 4888 3420 4943 Omaris
3497 4886 3550 4938 in
3619 4896 3777 4956 pote-

538 5008 680 5073 state
714 4999 855 5069 regis
897 5013 1243 5080 concessere.
1274 4997 1428 5053 Tunc
1461 4995 1684 5066 quidem
1735 5011 1826 5050 rex
1859 4994 2101 5051 Athenas
2143 5009 2461 5064 peragrans,
2499 5001 2555 5047 et
2629 5004 2808 5043 arcem
2888 4983 3286 5053 contemplans,
3331 4981 3629 5034 mirabatur
3681 4992 3775 5030 ur-

539 5096 620 5150 bis
652 5096 906 5166 arcisque
933 5075 1418 5164 magnificentiam.
1452 5090 1590 5144 Hinc
1617 5090 1978 5146 obambulans
2015 5107 2106 5157 per
2143 5089 2407 5154 Atticam,
2441 5085 2725 5155 spectabat
2768 5089 2979 5152 portus,
3033 5077 3196 5133 sicuti
3270 5089 3434 5145 supra
3497 5075 3777 5127 annotavi.

539 5201 681 5241 mus.

1807 5318 2049 5380 Notulae
2091 5313 2491 5392 marginales.

616 5453 724 5523 (69)
750 5451 887 5508 Petri
923 5450 1193 5506 Palmerii.
2286 5439 2395 5510 (70)
2428 5436 2668 5490 Francus
2718 5426 3040 5484 Acciaiolus.

618 5621 661 5653 ”
695 5619 781 5672 ΑΙ.
815 5617 1034 5687 κατέχῃ.
1115 5617 1158 5647 ⁹⁴¹
1195 5613 1258 5667 In
1295 5632 1416 5682 tmu,
1451 5617 1641 5666 ὲτεεσκ.
