4006 6204
197 284 302 347 ΗΒ

187 488 388 553 αὑτοῦ,
428 490 886 558 παραληψόμενον
918 491 1028 546 τῶν
1053 494 1154 562 τῆς
1198 495 1612 564 Πελοποννήσου
1642 498 1777 568 ine-

188 579 403 646 μόνωνο
468 578 789 646 αἰτούμενος
821 581 880 634 δὲ
927 584 1020 634 καὶ
1069 582 1169 654 τὴν
1223 583 1499 656 θυγατέρα
1550 587 1642 639 τοῦ
1677 588 1778 655 τῆς

187 670 464 740 Σπάρτης
492 671 787 740 ἡγεμόνος.
818 675 956 736 Teii;
987 675 1177 743 μέντοι
1207 677 1402 744 ὅρκους
1449 679 1778 747 ἐπεποίηντο

184 765 237 814 oi
270 763 575 831 ἡγεμόνες.
633 764 806 834 Θωμᾷ
836 763 893 816 δέ
939 766 1017 834 τῷ
1069 769 1318 836 νεωτέρῳ
1347 769 1562 838 ἀδελφῷ
1622 770 1778 838 μετέ-

188 853 386 921 μελλε,
437 855 532 906 καὶ
580 855 881 907 ἀπόστασίν
933 872 990 906 τε
1042 856 1242 908 αὐτίκα
1297 857 1616 909 ἐϐουλεύετο
1671 860 1778 911 ἀπὸ

187 944 490 1009 βασιλέως.
527 945 634 998 Καὶ
671 946 917 1014 πρέσϐυν
969 947 1069 1016 μὲν
1101 948 1352 1016 ἔπεμπεν
1406 950 1460 1011 ἐς
1493 951 1590 1013 τὰς
1624 950 1777 1019 βασι-

185 1037 332 1099 λέως
365 1037 562 1105 θύρας,
592 1037 844 1091 ἀπαιτῶν
863 1038 930 1092 ’⁷.
949 1079 987 1094 ..
1017 1039 1240 1093 ”Ο·.τινα
1261 1041 1324 1109 δὴ
1349 1042 1551 1095 ἁλῶναι
1577 1030 1776 1110 συνέϐη

185 1127 247 1176 ἐν
284 1127 538 1194 Πάτραις
565 1127 658 1178 καὶ
691 1128 750 1189 ἐς
772 1129 870 1196 τὴν
899 1129 1217 1197 ἀκρόπολιν,
1249 1133 1316 1200 ἢν
1363 1133 1689 1200 κατέχουσιν
1727 1135 1776 1186 οἱ

185 1218 288 1267 τοῦ
320 1215 591 1281 βασιλέως
643 1217 923 1285 νεήλυδες,
958 1219 1052 1272 καὶ
1098 1220 1247 1274 ἄλλοι
1305 1226 1628 1290 περιφανεῖς
1667 1225 1775 1276 τῶν

187 1307 488 1376 Τούρκων.
516 1308 624 1361 Καὶ
653 1310 809 1362 αὐτοὶ
841 1311 980 1378 μετὰ
1008 1311 1179 1366 ταῦτα
1225 1315 1643 1385 ἐπολιορκοῦντο
1672 1318 1776 1370 ὑπὸ

186 1401 307 1454 τῶν
343 1403 441 1453 τοῦ
467 1402 639 1472 Θωμᾶ
690 1405 1064 1474 στρατιωτῶν.
1093 1407 1205 1476 Τὴν
1239 1407 1425 1476 μέντοι
1473 1410 1775 1462 ἀπόστασιν

189 1494 544 1559 ἐϐουλεύετ),
625 1494 947 1564 πειθόμενος
1011 1496 1128 1566 ἅμα
1202 1497 1280 1565 τῷ
1356 1499 1776 1569 Λακεδαιμονίῳ

191 1587 476 1654 Λουκὰνῃ,
513 1588 764 1656 φαμένῳ,
799 1589 872 1650 ὡς
899 1586 1218 1657 ξυνθέμενος
1255 1589 1546 1659 προδοσίαν
1577 1594 1688 1654 τοῖς
1715 1593 1775 1644 ἐν

192 1678 476 1746 Κορίνθῳ,
509 1678 650 1744 ἔχειν
676 1678 886 1740 ἐλπίδα,
921 1681 1372 1750 παραστήσεσθαι
1404 1699 1464 1733 τε
1494 1683 1642 1746 αὐτῷ
1675 1684 1772 1754 τὴν

192 1770 380 1829 πόλιν,
411 1770 508 1822 καὶ
528 1769 700 1822 τᾶλλα
728 1770 1136 1837 διαπράξασθαι
1185 1772 1262 1835 ὡς
1315 1773 1570 1842 βέλτιστα
1620 1769 1774 1838 οὗτος

191 1861 296 1928 τὴν
328 1859 525 1928 λοιπὴν
552 1862 754 1929 χώραν.
787 1860 946 1912 Ἐπεὶ
973 1861 1032 1914 δὲ
1075 1862 1287 1931 ἀπέστη
1336 1879 1395 1915 τε
1447 1865 1511 1915 ἐκ
1550 1865 1645 1917 τοῦ
1678 1883 1777 1933 φα·

194 1951 385 2016 νεροῦ,
409 1953 507 2002 καὶ
534 1952 791 2019 ἐπολέμει
822 1957 942 2014 ταῖς
977 1954 1241 2022 βασιλέως
1273 1956 1624 2024 ἀκροπόλεσι,
1655 1975 1777 2010 πει-

197 2042 456 2110 ρώμενος
493 2043 634 2095 ἐλεῖν
669 2044 808 2096 κατά
842 2044 1064 2111 κράτος,
1101 2047 1444 2115 προσεχώρει
1491 2049 1588 2115 μὲν
1622 2049 1776 2101 οὐδὲν

195 2136 352 2202 αὐτῷ
381 2129 457 2187 ὧν
493 2135 725 2206 ἐπενόει·
782 2137 1085 2207 συναφίστη
1141 2139 1327 2207 μέντοι
1361 2139 1450 2191 καὶ
1501 2140 1628 2202 τοὺς
1661 2141 1775 2192 λοι-

195 2228 340 2288 ποὺς
374 2225 554 2279 αὖτῶν
587 2221 1074 2296 Πελοποννησίους,
1118 2229 1394 2282 ’Δλϐανῶν
1442 2247 1494 2282 τε
1531 2229 1644 2300 ἅμα
1682 2235 1777 2284 καὶ

205 2317 512 2386 Ἑλλήνων,
543 2319 638 2369 καὶ
668 2317 930 2386 ἐπολέμει
964 2336 1024 2372 τε
1059 2319 1177 2389 ἅμα
1210 2321 1285 2388 τῷ
1327 2321 1563 2392 ἀδελφῷ,
1601 2341 1776 2394 παρα-

196 2410 388 2462 καλῶν
418 2412 515 2462 ἐπὶ
542 2411 631 2463 τὸν
661 2412 913 2480 πόλεμον,
937 2412 1030 2463 καὶ
1060 2412 1367 2482 ἐπολιόρκει
1402 2414 1503 2482 μὲν
1531 2415 1625 2466 καί
1656 2433 1776 2470 τινα

200 2505 309 2555 τῶν
341 2504 440 2556 τοῦ
469 2504 701 2573 ἁδελφοῦ
737 2505 1118 2574 πολισμάτων.
1166 2505 1388 2574 Ταύτην
1439 2507 1538 2576 μὲν
1586 2507 1650 2577 δὴ
1677 2510 1777 2576 τὴν

200 2597 514 2648 ἀπόστασιν
537 2596 790 2664 Ὀμάρεω
815 2597 950 2663 φασί
983 2614 1125 2657 τινες
1161 2596 1585 2666 διαπράξασθαι.
1622 2599 1774 2653 Ἐπεί

197 2704 257 2737 τε
291 2691 534 2755 τάχιστα
565 2687 796 2739 ἐπύθετο
828 2688 1100 2758 βασιλεὺς,
1137 2689 1364 2756 πέμψας
1413 2691 1471 2752 ἐς
1508 2693 1776 2746 Πελοπόν-

199 2793 373 2847 νησον
403 2781 640 2847 ἄρχοντα
681 2777 946 2849 ὕπαρχον,
1001 2783 1355 2850 παυσάμενον
1403 2783 1649 2853 Ὀμάρην
1680 2789 1776 2854 τῆς

198 2869 412 2938 ἀρχῆς.
441 2871 536 2922 καὶ
569 2870 729 2922 αὑτὸν
767 2873 1226 2940 παραληψόμενον
1256 2874 1356 2942 τὴν
1381 2875 1558 2943 ἀρχὴν
1588 2877 1772 2929 αὑτοῦ.

198 2962 315 3013 Καὶ
347 2961 438 3013 διὰ
460 2961 665 3030 ταύτην
691 2961 787 3030 τὴν
819 2963 998 3016 αἰτίαν
1025 2963 1321 3030 ἀφελέσθαι
1346 2965 1574 3034 βασιλέα
1616 2967 1777 3033 ’0μά-

1261 294 1358 352 DE
1395 293 1648 353 REBUS
1681 293 2045 355 TURCICIS

263 399 416 456 Τοὺς
449 395 630 467 μέντοι
669 397 888 466 ὅρκους,
946 398 1161 471 ἔπεμπε
1223 403 1392 472 ἄνδρα
1427 405 1536 457 τῶν
1591 403 1772 474 θυρῶν
1805 406 1844 462 Α

2110 295 2258 357 LIB.
2303 298 2403 358 IX.
3346 315 3450 378 450

1949 402 2092 457 Misit
2122 405 2323 459 deinde
2355 422 2444 460 rex
2498 407 2671 462 virum
2710 409 2774 463 de
2801 411 2915 466 suis
2936 411 3146 482 januis,
3197 421 3288 487 qni
3338 425 3457 491 jus-

1884 491 2189 559 jurandum
2254 494 2500 562 exigeret
2550 497 2617 550 ab
2671 497 3032 567 Pel0ponnesi
3093 505 3456 578 principibus.

1880 581 2146 636 Eumdem
2183 585 2345 638 etiam
2378 594 2564 654 petere
2590 587 2758 655 jussit
2782 591 2889 644 sibi
2923 591 2974 645 in
3033 610 3256 649 uxorem
3309 601 3461 668 prin-

1880 674 2020 740 cipis
2079 671 2337 742 Spartani
2394 677 2584 734 ﬁliam.
2645 677 2954 750 Principes,
2995 690 3457 754 quemadmodum

1880 774 2214 832 praeceperat
2250 780 2365 830 rex,
2393 769 2445 820 in
2479 769 2622 836 regis
2648 773 2816 840 verba
2839 773 3119 842 iurarunt,
3149 787 3316 848 atque
3359 783 3448 849 jn-

1880 851 2172 921 rejnrando
2202 855 2334 911 lides
2384 870 2610 928 accepta
2662 871 2768 916 est.
2831 865 3028 918 Verum
3088 867 3231 923 haud
3284 874 3458 926 multo

1879 951 2002 1010 post
2038 942 2409 1012 iurisiurandi
2458 948 2568 1001 dati
2622 952 2875 1017 pmnilnit
2913 953 3175 1010 Thomam
3231 960 3456 1016 fratrem

1875 1035 2174 1103 junioreni,
2206 1046 2260 1090 et
2310 1041 2564 1106 consilia,
2620 1045 2896 1110 quomodo
2935 1047 3192 1103 deiiceret
3237 1067 3265 1103 a
3309 1068 3454 1122 rege,

1879 1134 2117 1182 tractare
2151 1128 2295 1182 hand
2345 1133 2614 1188 cessabat.
2662 1133 2927 1190 Praeterea
2961 1128 3192 1207 legatum
3244 1144 3320 1198 ire
3345 1145 3460 1213 jus-

1877 1216 1949 1270 sit
1982 1218 2033 1268 in
2077 1217 2273 1286 januas
2306 1221 2470 1288 regis,
2501 1231 2769 1289 petens...
2799 1225 2867 1278 Et
2897 1226 3039 1280 hunc
3065 1231 3282 1297 quidem
3336 1233 3455 1302 capi

1878 1308 2106 1380 contigit
2138 1309 2338 1374 Patris,
2368 1319 2422 1364 et
2463 1313 2586 1366 duci
2620 1314 2676 1367 in
2709 1330 2913 1379 arcem,
2968 1333 3131 1387 quam
3193 1324 3456 1379 tenebant

1876 1402 2146 1470 peregrini
2179 1404 2340 1472 regis,
2375 1414 2423 1458 et
2458 1404 2552 1458 alii
2585 1405 2749 1460 Turci
2787 1408 3048 1480 insignes,
3111 1414 3203 1480 qui
3255 1425 3308 1468 et
3343 1418 3452 1483 ipsi

1877 1490 2097 1546 tandem
2133 1494 2534 1550 obsidebantur
2569 1499 2639 1553 ab
2675 1499 2900 1555 Τιιοιιιω
2952 1503 3237 1558 militibus.
3294 1484 3455 1560 Defe-

1877 1582 2076 1638 ctionis
2109 1589 2291 1641 autem
2319 1590 2551 1642 consilia
2584 1590 2830 1659 agitabat
2863 1587 3037 1664 magis
3081 1597 3314 1664 impulsu
3347 1599 3454 1652 Lu-

1878 1677 2031 1731 canis
2091 1676 2514 1742 Lacedaemonii,
2568 1683 2661 1751 qui
2721 1683 2939 1738 dicebat
2993 1701 3053 1741 se
3089 1690 3451 1756 proditiOncm

1879 1763 2215 1822 s‘nbornasse
2244 1783 2368 1822 cum
2409 1771 2493 1824 his
2526 1773 2617 1840 qui
2656 1782 2786 1827 sunt
2836 1773 3085 1829 Corinthi
3128 1796 3140 1831 :
3186 1780 3238 1831 in
3281 1782 3452 1833 maxi—

1878 1871 1965 1910 ma
1995 1873 2054 1912 se
2081 1873 2201 1912 esse
2223 1875 2318 1928 spe
2349 1861 2523 1931 243
2559 1865 2843 1933 capiundae
2875 1867 3046 1920 urbis.
3075 1868 3230 1932 Quod
3262 1873 3305 1922 si
3327 1886 3450 1924 evc-

1877 1947 2017 2010 niat,
2048 1956 2100 2002 et
2133 1949 2395 2019 reliquam
2446 1956 2718 2021 regionem
2757 1972 2818 2011 se
2837 1959 3032 2012 exinde
3088 1963 3290 2029 optime
3333 1963 3448 2018 disc

1877 2039 2182 2107 posituros.
2218 2041 2349 2096 Jam
2407 2053 2588 2112 aperte
2614 2046 2920 2102 desciverat
2948 2052 3016 2104 ab
3040 2067 3185 2121 rege,
3216 2067 3267 2106 et
3291 2069 3402 2108 arci
3421 2072 3448 2110 s

1879 2130 2058 2197 regias
2109 2134 2484 2202 Oppugnabat,
2540 2149 2744 2204 easque
2772 2138 2820 2191 vi
2878 2154 3071 2208 capere
3122 2142 3444 2198 nitebatur:

1878 2222 2010 2275 nihil
2053 2232 2248 2296 tamen.
2288 2239 2478 2280 eorum
2505 2241 2624 2296 qua:
2659 2241 2843 2284 mente
2883 2232 3143 2301 agitabat,
3189 2249 3448 2302 prospere

1879 2312 2227 2366 succedebat.
2278 2315 2358 2368 Ad
2401 2303 2768 2372 defectionem
2816 2319 2980 2388 igitur
3020 2321 3278 2376 sollicitat
3318 2323 3447 2377 reli-

1881 2419 2018 2473 quos
2085 2404 2477 2474 Peloponnesi,
2543 2406 2784 2462 Albanos
2826 2411 3033 2478 pariter
3095 2423 3148 2466 et
3205 2413 3444 2468 Grzecos.

1879 2496 2056 2549 Etiam
2095 2511 2216 2549 cum
2263 2497 2432 2551 fratre
2479 2498 2679 2552 hellnrn
2715 2504 2956 2567 gerebat,
2999 2502 3168 2557 armis
3199 2518 3321 2557 eum
3372 2507 3450 2558 la-

1878 2601 2102 2639 cessens
2138 2601 2151 2638 :
2188 2596 2449 2653 praterea
2479 2589 2737 2656 oppidula
2767 2591 3011 2657 quaedam
3041 2590 3230 2646 fratris
3274 2608 3450 2662 oppu-

1878 2677 2098 2746 gnahat.
2159 2677 2530 2733 Deiectionem
2594 2681 2760 2749 hujus
2793 2682 3017 2750 quidam
3057 2684 3314 2738 Omarern
3350 2701 3415 2739 au

1878 2778 2086 2824 ctorem
2134 2768 2304 2826 fuisse
2347 2757 2656 2840 perhibent.
2694 2772 2851 2838 Quod
2889 2775 2977 2829 ubi
3027 2778 3298 2842 comperit
3330 2795 3446 2842 rex,

1879 2863 2030 2916 misit
2066 2862 2370 2932 principem
2407 2864 2730 2932 prafectum
2767 2866 2937 2933 illico,
2983 2870 3075 2935 qui
3113 2884 3332 2938 cogeret
3381 2873 3451 2925 0~

1880 2969 2085 3009 marem
2128 2969 2186 3009 se
2220 2956 2477 3011 abdicare
2530 2959 2840 3028 principatu
2875 2979 2888 3013 :
2925 2961 3040 3030 ipse
3073 2977 3201 3018 vero
3238 2965 3292 3018 in
3330 2965 3448 3032 ejus

201 3069 308 3122 ρην
331 3053 433 3120 τὴν
456 3054 558 3104 Ge:
571 3052 752 3112 ταλίας
784 3053 984 3121 ἀρχήν.
1021 3053 1284 3115 Βασιλεὺς
1308 3055 1364 3108 δὲ
1390 3057 1486 3108 ἐπὶ
1514 3061 1612 3125 τὴν
1646 3058 1776 3108 Σκο-

1885 3046 2208 3114 dignitatern
2262 3045 2604 3101 succederet.
2653 3047 2802 3103 ilanc
2832 3052 3077 3104 eamdem
3111 3053 3180 3105 ob
3223 3065 3446 3105 causam

201 3145 353 3197 πίων
399 3145 729 3212 ἀφικόμενος
772 3147 926 3198 πόλιν
957 3145 1246 3216 διέτριϐεν,
1293 3148 1360 3216 ἦν
1410 3167 1461 3201 τι
1515 3150 1776 3219 νεώτερον

199 3237 314 3288 ἀπο
354 3237 596 3289 Παιόνων
630 3237 976 3304 ἐπιγένηται.
1032 3239 1257 3300 Παίονες
1304 3240 1431 3309 γὰρ,
1487 3242 1626 3309 μετὰ
1677 3243 1776 3311 τὴν

201 3328 590 3395 Μαχουμέτεω
661 3328 942 3397 διατριϐὴν
1016 3327 1440 3398 συλλεχθέντες,
1519 3333 1614 3384 καὶ
1685 3335 1776 3384 τὸν

203 3420 430 3486 Ἴστρον
459 3417 762 3480 διαϐάντες,
789 3419 998 3488 ἤλασαν
1025 3421 1118 3471 ἐπὶ
1146 3423 1243 3490 τὴν
1277 3420 1369 3473 τοῦ
1399 3423 1776 3492 Μαχουμέτεω

202 3511 484 3579 φυλακήν.
524 3511 628 3562 Καὶ
666 3511 1056 3579 συμϐαλόντες,
1105 3512 1422 3582 ἐτρέψαντο,
1455 3517 1546 3566 καὶ
1601 3517 1778 3582 ἔφθει-

204 3621 316 3671 ραν
353 3603 680 3671 ού,πολλούς.
729 3604 1006 3657 Ἐάλωσαν
1035 3605 1091 3656 δέ
1126 3615 1268 3669 τινες
1299 3607 1497 3672 αὐτῶν,
1527 3609 1618 3660 καὶ
1638 3610 1777 3678 ἀπή-

200 3697 418 3764 χθησαν
449 3697 598 3763 παρὰ
636 3694 880 3763 βασιλέα.
907 3696 1169 3769 βασιλεὺς
1207 3698 1412 3766 μέντοι,
1441 3697 1516 3760 ὡς
1545 3699 1775 3752 ἐπύθετο

201 3787 414 3854 Θωμᾶν
455 3787 544 3839 τὸν
574 3787 838 3856 νεώτερον
873 3789 1101 3857 ἀδελφὸν
1138 3791 1470 3858 παραϐάντα
1504 3793 1631 3853 τοὺς
1679 3793 1774 3861 ὄρ-

204 3897 367 3941 κους,
398 3880 708 3949 πολιορκεῖν
739 3882 993 3943 ἐπιόντας
1037 3881 1163 3944 τοὺς
1187 3884 1244 3934 ἐν
1279 3885 1400 3945 ταῖς
1446 3884 1774 3952 ἁκροπόλεσι

204 3970 476 4042 βασιλέως
525 3971 809 4041 νεήλυδας,
859 3971 1076 4041 ἔπεμπε
1128 3975 1443 4044 στράτευμα
1483 3977 1576 4027 ἐπὶ
1613 3977 1772 4028 [Isio-

205 4066 497 4131 πόννησον,
528 4065 588 4114 τό
609 4079 667 4114 τε
700 4062 1018 4127 Θετταλίας,
1039 4063 1131 4114 καὶ
1157 4064 1441 4125 Αἰτωλίας.
1474 4066 1582 4118 Καὶ
1614 4081 1776 4132 στρα-

201 4155 378 4222 τηγὸν
405 4155 650 4219 ἀπέδειξε
674 4152 972 4222 Χαμουσᾶν
989 4154 1079 4206 τὸν
1115 4154 1491 4223 Ἱερακοφόρον
1518 4156 1773 4223 ἐπίκλην.

205 4245 323 4298 Καὶ
347 4245 404 4306 ὃς
439 4243 714 4297 συλλαϐὼν
746 4244 794 4274 ’⁸
820 4243 1100 4314 Ἀχμάτην
1129 4244 1220 4296 τὸν
1239 4247 1330 4313 τῆς
1369 4247 1774 4315 Πελοποννήσου

203 4335 478 4404 ὕπαρχον,
523 4337 615 4387 καὶ
649 4335 896 4405 ὐμάρην
941 4335 1030 4387 τὸν
1076 4336 1462 4404 Τουραχάνεω,
1497 4338 1587 4389 καὶ
1630 4353 1772 4404 γαμ-

203 4429 342 4498 ϐρὸν
380 4429 670 4496 γενόμενόν
705 4429 754 4479 οἱ
793 4428 886 4480 ἐπὶ
928 4431 994 4498 τῇ
1033 4428 1284 4498 θυγατρὶ,
1321 4428 1545 4490 τούτους
1590 4429 1771 4482 λαϐὼν

203 4518 467 4570 ἐσέϐαλεν
492 4521 549 4578 ἐς
572 4519 671 4587 τὴν
715 4517 1140 4585 Πελοπόννησον·
1171 4520 1262 4570 καὶ
1294 4520 1350 4579 ἐς
1394 4519 1614 4587 Πάτρας
1644 4519 1772 4584 μέν·

202 4629 290 4663 τοι
319 4610 416 4677 τῆς
456 4612 681 4679 ’Δχαῖας
728 4610 979 4676 ἀφίκετο,
1011 4611 1104 4662 καὶ
1149 4609 1248 4677 τὴν
1277 4610 1588 4677 ἀκρόπολιν·
1613 4611 1772 4678 ἠλευ-

205 4704 466 4770 θέρωσεν.
503 4704 566 4754 Ol
593 4704 700 4770 γὰρ
727 4700 1006 4768 Ἕλληνες,
1032 4700 1106 4762 ὡς
1126 4700 1354 4770 ᾔσθοντο
1383 4700 1476 4752 τοῦ
1506 4700 1771 4768 βισιλέως

207 4809 267 4843 σε
281 4793 440 4861 ρατον
461 4792 706 4855 ἐπιόντα,
736 4790 1114 4858 ἐπανέστησαν
1136 4807 1196 4841 τε
1216 4792 1279 4841 ἐκ
1305 4790 1400 4856 τῆς
1414 4790 1770 4857 ⁸πολιορκίας,

205 4886 304 4936 καὶ
336 4886 390 4945 ἐς
424 4883 518 4954 τὴν
552 4882 1028 4950 Μεγαλόπολιν,τδ
1058 4880 1174 4953 [νῦν
1202 4880 1514 4951 λεγόμενον]
1529 4884 1573 4913 9’
1609 4883 1773 4933 Λεον-

205 4976 420 5044 τάριον,
451 4975 806 5040 συνελέγοντο
839 4976 934 5026 ἐπὶ
981 4980 1073 5026 τὶν
1115 4974 1378 5041 ἡγεμόνα,
1433 4973 1506 5034 ὡς
1538 4973 1634 5042 τὴν
1667 4973 1768 5040 μά-

206 5083 315 5132 χην
339 5066 716 5134 ποιησόμενοι.
757 5064 820 5116 Ὀ
851 5065 950 5132 μὲν
983 5060 1076 5114 οὖν
1109 5063 1340 5132 στρατὸς
1391 5061 1531 5132 διῄει
1558 5061 1642 5111 διὰ
1668 5061 1768 5128 τῆς

209 5155 425 5217 Ἱιλιδος
466 5155 652 5224 χώραν
681 5156 779 5223 τὴν
810 5153 1105 5223 παραλίαν,
1133 5156 1226 5204 καὶ
1279 5153 1370 5204 ἐπὶ
1411 5154 1507 5219 τὴν
1537 5150 1768 5219 Ἰθώμην

206 5247 555 5314 ἀφικόμενος,
595 5246 746 5316 ἀνῄει
776 5247 830 5308 ἐς
867 5245 1216 5312 Λεοντάριον.
1256 5243 1530 5295 ’Ἐνταῦθα
1563 5244 1766 5310 Θωμᾶς
1805 5278 1810 5283 -

210 5336 567 5406 συναθροίσας
597 5338 723 5398 τούς
746 5351 805 5387 τε
852 5334 1165 5399 ’Δλϐανοὺς,
1204 5333 1296 5384 καὶ
1343 5330 1612 5400 Ἕλληνας
1641 5331 1766 5393 τοὺς

1878 3139 2043 3192 etiam
2085 3137 2384 3192 Thessalia:
2420 3137 2794 3208 principatum
2827 3137 3012 3196 Otnari
3057 3141 3282 3196 ademit.
3330 3141 3446 3197 Rex

1879 3231 2158 3300 proiectos
2184 3238 2268 3284 est
2302 3231 2355 3284 in
2391 3229 2715 3299 Scopiorum
2761 3233 2976 3298 urbem,
3014 3245 3069 3288 et
3093 3234 3165 3288 ibi
3203 3247 3446 3289 moratus

1877 3335 1982 3386 est,
2017 3333 2074 3378 ut
2115 3324 2336 3379 audiret
2393 3326 2439 3378 si
2482 3326 2613 3395 quid
2644 3341 2910 3379 nos-arum
2954 3342 3133 3380 rerum
3183 3328 3442 3383 institue-

1879 3425 2001 3470 rent
2030 3416 2340 3471 Pannones.
2377 3417 2512 3470 Nam
2559 3417 2870 3480 Pannones,
2903 3419 2989 3472 ubi
3033 3434 3291 3488 accepere
3335 3420 3445 3473 Me-

1880 3509 2189 3563 chumetem
2230 3517 2479 3578 paratum
2509 3523 2654 3574 esse,
2686 3519 2743 3561 ut
2769 3510 2912 3578 regis
2948 3510 3221 3578 regionem
3257 3510 3444 3564 defen-

1879 3601 2054 3665 deret,
2085 3617 2153 3656 ne
2209 3603 2340 3672 quid
2383 3603 2508 3655 mali
2547 3603 2614 3656 ab
2656 3602 2791 3672 ipsis
2837 3604 3128 3672 arcipcret,
3177 3603 3231 3658 in
3271 3620 3437 3658 unum

1879 3691 2115 3755 collecti,
2158 3693 2484 3747 transmisso
2531 3691 2668 3746 lstro
2715 3694 3049 3747 contendere
3080 3695 3144 3746 ad
3184 3709 3308 3747 cum
3359 3695 3437 3746 lo-

1879 3799 2001 3836 cum
2045 3785 2138 3837 tibi
2175 3783 2546 3838 Mechumetes
2597 3799 2719 3837 cum
2770 3786 2920 3851 regio
2957 3784 3210 3853 prmsidio
3261 3800 3445 3836 mane-

1879 3875 1992 3930 bat.
2023 3875 2334 3930 Commisso
2362 3883 2540 3928 antem
2570 3875 2778 3942 praelio,
2809 3876 2864 3928 in
2894 3875 3072 3943 fugam
3111 3877 3251 3928 versi
3294 3887 3440 3934 sunt.

1870 3968 2070 4035 paucis
2098 3982 2163 4020 eo
2199 3967 2384 4033 praelia
2422 3967 2662 4020 amissis.
2700 3967 2932 4031 Quidam
2961 3968 3104 4033 capti
3153 3967 3218 4018 ad
3262 3981 3440 4034 regem

1878 4057 2096 4111 abducti
2133 4067 2282 4110 sunt.
2318 4054 2458 4122 Rex,
2506 4056 2595 4110 ubi
2633 4058 2855 4110 allatum
2906 4067 2991 4110 est
3022 4055 3286 4109 Thomam
3339 4055 3447 4108 fra-

1878 4156 2014 4202 trem
2053 4147 2327 4216 jnniorem
2355 4148 2585 4214 abrupta
2621 4147 2987 4214 jnrisjurandi
3045 4147 3310 4216 religione
3357 4151 3447 4201 de~

1881 4239 2098 4303 fecisse,
2131 4239 2387 4292 obsidere
2417 4251 2545 4291 suos
2575 4237 2913 4305 peregrinos,
2947 4252 3087 4305 quos
3115 4237 3278 4290 veluti
3310 4239 3446 4304 prae-

1880 4333 2080 4387 sidium
2136 4330 2354 4384 arcibus
2386 4327 2764 4395 imposuerat,
2802 4328 3105 4380 exercitum
3141 4325 3443 4379 Thessalia:

1877 4436 1933 4479 et
1968 4422 2185 4479 Etoliaa
2221 4430 2412 4476 contra
2441 4419 2880 4488 Peloponnesum
2908 4421 2986 4473 ire
3021 4420 3195 4488 jubet.
3237 4417 3440 4472 Ducem

1876 4516 2000 4570 belli
2025 4515 2267 4567 declarat
2294 4513 2632 4566 Chamuzam
2681 4510 3012 4576 cognomine
3072 4509 3442 4577 llieraeopho-

1878 4622 1995 4660 rum
2017 4605 2150 4676 (7|).
2169 4604 2288 4668 Hic,
2308 4606 2480 4672 captis
2502 4603 2764 4657 Achmate
2781 4601 3137 4670 PcIOponnesi
3160 4600 3438 4670 praefecto,

1875 4708 1928 4752 et
1958 4695 2154 4750 Omare
2187 4695 2531 4748 Turaclianis
2563 4693 2692 4756 lilio,
2728 4708 2886 4762 quem
2919 4707 3178 4761 generum
3232 4692 3443 4748 ascite-

1875 4796 1979 4848 rat,
2002 4789 2275 4853 ingressus
2300 4795 2385 4840 est
2412 4785 2842 4850 Peloponnesum
2875 4801 2890 4838 :
2920 4793 2974 4838 et
2999 4784 3189 4839 Patras
3212 4785 3436 4839 Achaia:

1875 4877 2119 4939 veniens,
2142 4889 2320 4928 arcem
2357 4872 2642 4927 obsidione
2673 4874 2858 4928 solvit.
2883 4874 3061 4927 Graeci
3118 4877 3262 4927 enim
3313 4889 3438 4927 cum

1874 4965 2254 5031 cognovissent
2284 4963 2426 5030 regis
2455 4960 2748 5015 exercitum
2795 4963 3080 5026 accedere,
3116 4963 3439 5014 omittentes

1872 5051 2600 5115 obsidionem,Leontarium
2626 5052 2678 5104 in
2701 5067 2948 5123 magnam
2969 5053 3156 5105 urbem
3190 5053 3257 5103 ad
3288 5051 3436 5118 prin-

1871 5147 2046 5214 cipem
2103 5143 2521 5212 colligebantur,
2561 5144 2716 5212 quasi
2752 5141 3098 5210 congressuri
3152 5142 3268 5194 acie
3313 5154 3436 5192 cum

1873 5235 2014 5307 regis
2039 5235 2305 5290 exercitu.
2336 5232 2620 5288 Exercitus
2643 5234 2861 5302 quidem
2915 5235 3016 5285 iter
3059 5230 3291 5283 faciebat
3343 5245 3438 5297 per

1874 5327 2159 5395 regionem
2177 5324 2342 5380 Elidis
2363 5324 2688 5378 maritimam
2715 5341 2731 5382 ς
2755 5332 2807 5378 et
2829 5324 3090 5378 lthomam
3114 5320 3437 5392 perveniens

1472 5443 1718 5503 Notulte
1770 5442 2172 5517 marginales.

281 5548 390 5617 (7i)
436 5544 897 5616 Accipitriferum.

278 5687 320 5718 "
359 5685 463 5740 Hic
492 5688 737 5758 quaedam
762 5685 1147 5740 desiderantur.
1177 5680 1237 5737 Π.
1280 5680 1415 5734 utin
1455 5695 1502 5733 ε.
1578 5679 1706 5754 ’θ-Ιη
1746 5696 1776 5732 ιι

1908 5676 2111 5733 λαϐὼν.

2194 5677 2236 5709 ⁹⁹
2272 5674 2491 5732 Inclusa
2531 5676 2718 5728 destitit
2766 5675 2818 5728 in
2865 5691 2988 5728 uno.
