4006 6204
531 316 631 381 451

1624 307 1931 368 LAONlCI
1969 299 2626 362 CHALCOFDNDYLJE

3647 290 3752 353 £32

537 433 864 489 ascendebat
882 432 1222 485 Leoulat'ium
1245 434 1298 503 (7
1310 434 1379 503 ἒ),
1404 432 1483 487 ibi
1512 441 1846 499 congregans
1859 424 2100 477 Thomas

2213 416 2648 485 συναφεστῶτα·,
2679 411 3045 481 παρετάσσετο
3068 411 3142 473 ὡς
3173 411 3251 471 εἰς
3280 409 3478 477 μάχην.
3510 406 3676 460 Ἔνθα
3693 407 3758 476 δὴ

537 526 773 580 Albanos
795 533 849 578 et
894 525 1117 580 'Gra'cos
1172 529 1263 594 qui
1310 526 1475 580 simul
1524 524 1849 581 defecerant.
1918 517 2092 571 aciem

539 616 866 679 instruebat,
899 615 1054 682 quasi
1103 615 1273 670 aleam
1315 616 1482 686 praelii
1533 621 1877 683 experturns.
1929 607 2094 661 Turci

538 722 659 762 cum
693 709 797 760 huc
829 707 1127 770 venissent,
1152 707 1396 762 videntes
1421 708 1734 762 Graecorum
1778 701 1949 754 aciem
2003 714 2095 751 ex-

537 806 782 852 ornatam
812 799 1116 853 consistere
1143 800 1196 853 in
1228 800 1381 853 urbis
1411 797 1664 858 collibus,
1697 786 2107 853 deliberabant,

539 898 788 943 castrane
819 893 1241 955 communirent,
1276 905 1342 941 an
1408 897 1575 948 recta.
1639 883 2095 954 quemadmodum

539 982 925 1044 instituissent,
955 984 1355 1036 contenderent
1390 968 1667 1033 Mnehlam
1697 966 1905 1044 Tegea).
1932 972 2097 1026 Jonu-

540 1090 629 1128 zes
659 1075 904 1141 equitum
934 1075 1067 1139 dux,
1092 1074 1415 1141 conspicans
1460 1075 1628 1124 aciem
1676 1067 1989 1121 Graecorum
2045 1063 2096 1114 in

539 1162 930 1231 longitudinem
980 1179 1039 1215 se
1096 1162 1413 1223 extendere,
1458 1158 1825 1214 exclamavit:
1856 1154 1901 1208 Ο
1951 1152 2099 1207 chari

538 1252 725 1317 Turci,
754 1252 921 1306 Graeci
946 1252 1069 1306 victi
1096 1260 1240 1305 sunt.
1267 1250 1419 1302 llauil
1444 1251 1584 1304 enim
1615 1246 1873 1316 possibile
1902 1253 1984 1297 est
2004 1258 2105 1311 pu-

536 1360 699 1412 gnare
726 1360 819 1397 eos
842 1360 1021 1411 posse,
1055 1358 1176 1395 cum
1207 1344 1257 1395 in
1293 1344 1433 1395 hunc
1460 1342 1675 1393 modum
1708 1339 1853 1391 acies
1876 1338 1927 1389 in
1959 1335 2098 1387 ordi.

540 1449 661 1486 nem
683 1432 844 1503 244
870 1434 1135 1499 caplicata
1160 1433 1250 1487 sit.
1284 1430 1415 1483 Nam
1464 1445 1654 1484 omnes
1706 1429 1850 1481 illico
1890 1429 2102 1484 cedent,

539 1525 629 1578 ubi
666 1525 925 1593 postremi
974 1524 1025 1575 in
1078 1523 1257 1592 fugam
1289 1521 1427 1575 versi
1465 1517 1819 1573 fuerint.Non
1862 1517 2005 1571 enim
2050 1517 2104 1568 in

544 1615 715 1667 aciem
753 1612 1004 1680 dispositi
1033 1619 1186 1666 erant
1205 1621 1335 1663 ntse
1364 1621 1550 1663 mutuo
1576 1611 1832 1676 adjuvare
1863 1616 2100 1676 possent.

545 1707 740 1759 Verum
765 1706 878 1757 acie
908 1718 1067 1771 quam
1098 1702 1329 1754 maxime
1353 1709 1642 1753 extenuata
1672 1700 1934 1753 dimicare
1974 1713 2095 1752 cum

544 1801 698 1849 hoste
717 1794 994 1861 parabant.
1015 1791 1253 1845 Jonnzes
1278 1791 1610 1852 exclamans,
1637 1788 2095 1857 quemadmodum

542 1886 676 1947 dixi,
707 1900 829 1937 cum
872 1891 1050 1936 turma
1084 1884 1324 1950 eqnitnm
1356 1881 1595 1934 irruebat
1628 1882 1680 1933 in
1735 1881 1964 1944 hostem,
2011 1880 2105 1947 p04

540 1977 729 2029 stremi
756 1975 1096 2044 excipiebant
1145 1973 1352 2042 primos
1385 1991 1397 2025 :
1429 1981 1481 2025 ct
1522 1985 1645 2024 cum
1702 1972 1885 2040 plures
1933 1984 2104 2037 usque

545 2068 957 2136 Supervenirent
1002 2064 1189 2128 Turci,
1215 2066 1267 2118 in
1304 2064 1482 2133 fugam
1516 2063 1944 2116 effundebantur.
1967 2060 2102 2116 Pos-

546 2160 701 2214 tremi
724 2158 1031 2213 Graecorum
1052 2158 1317 2228 fugientes
1346 2156 1720 2210 incidebantin
1769 2171 1899 2210 suos
1926 2172 1939 2208 :
1965 2168 2104 2225 quos

547 2248 739 2301 deinde
758 2249 893 2317 fuga
910 2248 1085 2301 socios
1118 2251 1424 2300 trahebant.
1455 2245 1508 2299 In
1547 2246 1689 2298 hunc
1723 2246 1936 2298 modum
1961 2244 2106 2299 acies

540 2339 855 2394 Graecorum
893 2340 1143 2397 universa
1200 2339 1252 2391 in
1322 2337 1500 2407 fugam
1550 2337 1753 2397 abibat,
1816 2337 2105 2405 posrremis

549 2431 668 2485 loco
699 2431 892 2497 pulsis.
926 2429 1097 2484 Graeci
1132 2429 1255 2482 totis
1280 2428 1486 2482 viribus
1507 2427 1782 2496 fugiebant
1813 2428 1868 2480 in
1893 2427 2103 2481 urbem.

547 2520 707 2574 Turci
749 2522 1015 2575 instantes
1076 2520 1311 2574 clamore
1365 2527 1417 2573 et
1476 2528 1661 2571 mutua
1712 2518 2105 2581 cohortatione,

538 2614 865 2670 occiderunt
889 2615 1106 2672 cixcksr
1134 2614 1436 2668 ducentos:
1461 2620 1517 2667 et
1549 2594 1873 2669 accedentes
1894 2613 2107 2679 urbem,

548 2709 708 2761 etiam
740 2710 1036 2777 principem
1062 2708 1343 2762 obsidione
1389 2706 1816 2762 circumdedere.
1880 2704 2108 2761 Exerci-

553 2808 639 2851 tus
672 2798 810 2853 fame
833 2811 886 2853 et
916 2811 1063 2867 peste
1080 2801 1425 2867 premebatur
1444 2809 1657 2867 propter
1684 2799 1950 2866 mancipia
1968 2800 2110 2868 iquae

553 2889 850 2941 adduxerat
881 2904 945 2942 ex
970 2890 1268 2951 Achaia,ct
1314 2890 1508 2943 deinde
1555 2888 1820 2943 Muchlam
1874 2888 2108 2944 abduxe-

554 2987 659 3035 rat.
690 2978 951 3035 Jonuzem
976 2981 1314 3050 reliquerunt
1341 2996 1466 3035 cum
1510 2981 1786 3035 Demetrio
1842 2981 2107 3050 principe.

2194 512 2241 563 οἱ
2303 511 2534 578 Τοῦρκοι
2589 506 2996 567 ἐπελαύνοντες,
3026 505 3101 564 ὡς
3144 497 3283 555 εἶδον
3324 499 3386 554 τδ
3416 500 3523 553 τῶν
3567 499 3760 566 Έλλῇ-
3810 568 3831 577 ί

2195 620 2299 653 νων
2336 600 2649 668 στράτευμα
2679 596 3171 666 παρατασσόμενον
3196 594 3288 645 ἐπὶ
3317 594 3427 653 τοῖς
3448 591 3631 657 λόφοις
3657 590 3760 659 τῆς

2197 694 2428 754 πόλεως,
2464 689 2815 742 ἐϐουλεύοντο
2853 688 2972 757 μὲν,
3018 687 3125 738 εετε
3168 682 3760 752 στρατοπεδεύσωνται,

2198 784 2307 836 εἴτε
2346 784 2438 837 καὶ
2462 781 2815 835 διελαύνωςιν
2843 780 3083 838 ἅπαντες
3118 776 3133 807 ¹
3170 775 3245 829 ὡς
3268 775 3482 842 ἔχουσιν
3542 774 3628 825 ἰθὺ
3660 773 3763 839 τῆς

2196 876 2436 941 ἰἐγαὶης
2470 875 2558 925 ἐπὶ
2595 872 2867 940 Μουχλήν.
2903 868 3170 937 Ἰονούζης
3192 867 3247 919 δέ
3276 867 3382 917 τῶν
3410 864 3765 931 ἱπποδρόμων

2198 966 2404 1034 ἄρχων,
2447 965 2567 1015 ἰδὼν
2601 963 2725 1017 τοὺς
2765 961 3034 1027 ’Έλληνας
3060 960 3158 1020 τὰς
3184 958 3365 1022 τάξεις
3396 958 3452 1017 ἐς
3482 955 3642 1025 βάθος
3664 971 3765 1005 πε·

2199 1055 2553 1123 ποιημένους,
2588 1053 2916 1120 ἀνέκραγεν·
2943 1046 3014 1102 Ὦ
3040 1050 3186 1118 φίλοι
3217 1047 3473 1116 Τοῦρκοι,
3499 1047 3763 1115 ἥττηνται

2199 1146 2249 1197 οἱ
2283 1144 2560 1207 Ἕλληνες.
2598 1144 2669 1196 Οὐ
2698 1143 2805 1212 γὰρ
2832 1136 2934 1193 οἶοί
2963 1157 3041 1204 τε,
3081 1138 3156 1200 ὡς
3186 1136 3545 1200 συνετάξαντο
3594 1133 3762 1202 μαχέ-

2204 1237 2399 1289 σασθαι
2432 1236 2648 1299 αὐτοὺς,
2683 1234 2819 1287 άλλά
2879 1232 3072 1284 δώσειν
3129 1230 3326 1281 αὐτίκα
3357 1228 3471 1294 ἆμα
3526 1224 3761 1284 πάντας.

2202 1330 2309 1382 τῶν
2338 1330 2579 1383 ὑστάτων
2610 1331 2665 1390 ἐς
2704 1328 2882 1394 φυγὴν
2924 1322 3299 1392 τρεπομένων.
3360 1318 3434 1370 Οὐ
3464 1317 3575 1386 γὰρ
3621 1313 3767 1366 κατὰ

2204 1423 2327 1483 τοὺς
2385 1419 2681 1478 δακτύλους
2732 1414 2990 1484 ἀλλήλοις
3045 1408 3473 1477 ἐπιϐοηθοῦντας
3528 1404 3767 1474 παρετά-

2207 1513 2384 1577 ξαντο,
2420 1511 2534 1564 ἀλλ’
2562 1512 2615 1571 ὲς
2664 1507 2826 1577 βάθος
2867 1507 2966 1565 τὰς
2986 1504 3173 1566 τάξεις
3200 1502 3562 1568 ποιησάμενοι
3595 1513 3769 1563 παρε-

2207 1606 2531 1665 σκευάζοντο
2561 1599 2884 1668 ἀμύνεσθαι.
2911 1596 3097 1649 Ταῦτά
3122 1612 3181 1646 τε
3205 1593 3499 1659 ἀνεϐόησεν
3528 1594 3554 1641 ὁ
3576 1589 3768 1641 Ἰονούο

2208 1695 2326 1760 ζης,
2376 1695 2466 1745 καὶ
2510 1691 2689 1743 λαϐὼν
2724 1691 2846 1751 τοὺς
2902 1686 3292 1753 ἱπποδρόμους,
3340 1682 3452 1733 ἔθει
3496 1679 3586 1731 ἐπὶ
3636 1680 3767 1738 τοὺς

2204 1787 2491 1855 Ἕλληνας.
2518 1787 2577 1837 0i
2611 1783 2666 1836 δὲ
2692 1782 2909 1834 ὕστατοι
2941 1778 3192 1843 ἐδέξαντο
3212 1776 3307 1844 μὲν
3334 1773 3459 1834 τοὺς
3490 1769 3762 1840 πρώτους·

2208 1879 2347 1945 μετὰ
2379 1876 2432 1928 δέ
2471 1875 2545 1936 ὡς
2575 1870 2973 1939 ἐπιγινομένων
3016 1869 3125 1920 τῶν
3156 1864 3418 1933 Τούρκων
3465 1864 3548 1913 ἀεὶ
3579 1859 3765 1911 πλειό-

2204 1986 2329 2031 νων,
2357 1971 2413 2030 ἐς
2439 1968 2618 2037 φυγὴν
2644 1966 2921 2035 ὥρμηντο.
2973 1962 3036 2013 0i
3070 1960 3369 2011 τελευταῖοι
3399 1955 3455 2007 δὲ
3496 1953 3766 2017 Ἑλλήνων

2206 2059 2523 2129 φεύγοντες,
2558 2059 2617 2119 ἐς
2648 2055 2777 2118 τοὺς
2811 2050 3106 2121 σφετέρους
3148 2048 3466 2109 ἀνέπιπτον,
3501 2048 3595 2096 καὶ
3642 2041 3768 2094 τού-

2203 2169 2329 2214 τους
2363 2152 2475 2219 ἅμα
2512 2150 2568 2212 ἐς
2600 2147 2779 2217 φυγὴν
2809 2144 3171 2211 κατέστησαν·
3205 2141 3301 2193 καὶ
3328 2137 3470 2191 οὕτω
3494 2137 3550 2189 αἱ
3582 2134 3768 2200 τάξεις

2208 2245 2307 2312 μιᾷ
2341 2244 2477 2312 ῥοπῇ
2511 2239 2705 2308 καιροῦ
2729 2236 3029 2306 ἐτράποντο
3080 2235 3138 2297 ἐς
3190 2232 3390 2302 φυγὴν,
3437 2229 3535 2298 τῆς
3577 2228 3771 2279 τελευ-

2206 2334 2359 2395 ταίας
2397 2329 2747 2400 βιαζομένης.
2780 2326 3018 2396 Ἀνάγκη
3053 2325 3164 2396 γὰρ
3210 2319 3279 2395 ἦν
3328 2320 3638 2391 ἡττημένας
3675 2318 3773 2370 αύο

2206 2422 2333 2475 τίκα
2368 2418 2511 2487 μάλα
2541 2418 2635 2470 καλ⁸
2663 2418 2761 2478 τὰς
2810 2415 2978 2477 ἄλλας
3012 2413 3172 2467 τοῦτο
3215 2412 3505 2464 πείσεσθαι
3559 2410 3767 2474 τάξεις,

2184 2511 2470 2581 ’ἀλλήλαις
2534 2508 2974 2578 συμπιπτούσας.
3037 2507 3301 2575 Ἕλληνες
3367 2505 3467 2573 μὲν
3514 2501 3606 2555 οὖν
3664 2500 3772 2553 ἀνά

2208 2605 2406 2675 κράτος
2441 2602 2672 2670 ἔφευγον
2706 2600 2727 2631 ⁸
2762 2601 2818 2662 ἐς
2839 2599 2939 2668 τὴν
2972 2598 3143 2650 πόλιν·
3172 2598 3222 2648 οἱ
3249 2595 3306 2647 δὲ
3336 2593 3569 2663 Τοῦρκει
3593 2590 3774 2642 ἐπιόνη

2209 2717 2296 2761 τες
2328 2701 2542 2770 κραυγῇ
2574 2712 2632 2747 τε
2665 2694 2759 2747 καὶ
2791 2690 3190 2760 διακελευσμῷ,
3224 2688 3530 2756 διέφθειρον
3575 2686 3633 2747 ἐς
3660 2683 3776 2734 δια-

2211 2791 2446 2851 κοσίους,
2483 2789 2572 2841 καὶ
2601 2785 2966 2845 ἐπελάσαντες
3015 2779 3370 2848 ἐπολιόρκουν
3395 2778 3487 2830 τόν
3544 2792 3604 2828 τε
3640 2776 3779 2842 ἡγε-

2215 2881 2349 2949 μόνα
2378 2880 2472 2930 καὶ
2497 2877 2595 2945 τὴν
2626 2875 2780 2929 πόλιν
2810 2874 2904 2925 ἐπὶ
2933 2871 3078 2942 λιμῷ
3130 2871 3223 2923 καὶ
3279 2868 3475 2937 λοιμῷ⁶
3530 2866 3777 2928 ἐπιέζετο

2212 2969 2366 3036 γὰρὸ
2393 2966 2640 3035 στρατὸς,
2680 2967 2803 3017 ἐπεὶ
2851 2966 3071 3031 ἐγένετο
3113 2961 3264 3030 αὑτῷ
3307 2960 3417 3013 ἀπὸ
3445 2959 3552 3009 τῶν
3581 2959 3777 3023 ἀνερα-

555 3072 792 3125 ‘f’lmmas
817 3073 1038 3136 iterum,
1062 3087 1185 3125 cum
1231 3071 1558 3126 decessisset
1590 3072 1862 3125 exercitus
1908 3072 2111 3141 regius,

2215 3060 2390 3112 πόδων
2420 3058 2529 3111 τῶν
2560 3048 2687 3109 άπὸ
2712 3056 2810 3124 τῆς
2855 3054 3103 3123 Ἀχαΐας,
3137 3052 3231 3105 καὶ
3274 3051 3590 3120 ἀπήλαυνεν
3637 3048 3777 3100 αὖτὰ

555 3164 697 3232 regis
726 3164 1039 3234 peregrinos
1069 3165 1157 3233 qui
1183 3180 1333 3219 arces
1359 3163 1666 3230 tuebantur,
1682 3164 1961 3219 obsidione
2007 3166 2110 3219 cir-

557 3264 845 3307 ευιιινριιιι.

631 3518 739 3572 Rex
782 3533 846 3573 ea
870 3527 1192 3588 tempestate
1221 3519 1423 3573 bellum
1461 3521 1631 3574 movit
1654 3528 1841 3575 contra
1902 3522 2112 3578 Sendc~

554 3611 788 3669 roviam,
827 3619 882 3661 et
920 3609 1281 3664 Triballorum
1315 3611 1613 3677 regionem.
1651 3612 1824 3679 Hujus
1858 3614 1979 3666 belli
2014 3616 2113 3667 ista

552 3714 724 3752 causa
754 3701 1004 3752 tradi-tur.
1038 3699 1247 3754 Mortuo
1282 3701 1541 3753 Eleazaro
1570 3700 1716 3753 Bnlci
1750 3702 1880 3761 filio.
1929 3705 2117 3757 relicta

560 3799 643 3843 est
674 3804 813 3843 uxor
835 3789 949 3858 ejus
975 3805 1079 3843 una
1112 3806 1233 3844 cum
1266 3791 1374 3843 filia
1408 3792 1461 3842 in
1515 3790 1845 3858 principatu,
1911 3807 2119 3846 arcem-

562 3896 666 3951 que
711 3881 1052 3934 Senderovhe
1078 3881 1314 3935 tenebat.
1342 3881 1570 3935 Elocaus
1604 3891 1782 3936 autem
1812 3882 1972 3935 filiam
1995 3883 2121 3951 Illy-

565 3977 767 4029 riorum
807 3973 947 4042 regis
988 3974 1096 4025 filio
1132 3972 1205 4043 (is
1232 3980 1348 4026 erat
1377 3971 1689 4040 Stephanus
1726 3972 1936 4027 Bosnize
1997 3975 2114 4041 rex)

565 4068 926 4134 principatum
971 4067 1205 4118 retinere
1240 4062 1515 4130 cogitabat
1546 4062 1719 4118 urbis.
1762 4063 1957 4118 Verum
2004 4066 2122 4118 Tri-

563 4155 688 4207 balli
722 4154 1065 4208 confluebant
1094 4155 1157 4207 ad
1186 4152 1500 4207 Machntctis
1524 4155 1743 4207 fratrem
1780 4154 2118 4218 Michaclem,

564 4246 656 4310 qui
681 4245 822 4317 apud
869 4244 1230 4299 Triballorum
1287 4242 1588 4311 principem
1635 4254 1819 4312 egerat
1848 4261 1861 4296 :
1889 4260 2123 4313 eumque

565 4339 755 4391 ducem
795 4345 1062 4398 creantes,
1100 4333 1386 4402 jusserunt
1430 4330 1582 4385 urbis
1639 4334 1853 4401 negotia
1906 4350 2118 4389 cnrarc.

2220 3150 2468 3204 ἐντεῦθεν
2498 3150 2585 3201 ἐπὶ
2605 3149 2883 3217 Μουχλήν.
2908 3148 3011 3199 Τδν
3044 3147 3227 3214 μέντοι
3272 3143 3540 3212 Ἰονούζην
3573 3144 3779 3195 κατέλιο

2219 3259 2320 3295 πον
2358 3243 2451 3295 σὺν
2483 3240 2778 3310 Δημητρίῳ
2805 3240 2881 3306 τῷ
2916 3237 3169 3307 ἡγεμόνι.
3212 3237 3272 3288 Ὀ
3310 3236 3408 3304 μὲν
3434 3232 3527 3286 οἶν
3576 3235 3779 3301 Θωμᾶς

2221 3333 2398 3395 αὖθις,
2429 3332 2501 3393 ὡς
2532 3333 2696 3400 ἀπῄει
2727 3331 2754 3382 ὁ
2791 3329 3021 3397 στρατὸς
3082 3327 3415 3391 ἐπελαύνων,
3471 3325 3781 3394 ἐπολιόρκει

2220 3426 2345 3485 τοὺς
2361 3424 2455 3475 τοῦ
2494 3424 2758 3492 βασιλέως
2781 3421 3041 3491 νεήλυδας
3065 3422 3122 3472 ἐν
3144 3422 3263 3482 ταῖς
3290 3419 3635 3488 ἁκροπόλεσι.

2294 3517 2554 3577 Βασιλεὺς
2580 3516 2637 3568 δὲ
2667 3516 2865 3585 ἤλαυνε
2898 3517 2958 3566 τὸ
2986 3514 3140 3583 θέρος
3171 3513 3329 3565 τοῦτο
3368 3513 3458 3563 ἐπὶ
3488 3509 3786 3577 Σπενδερόο

2223 3609 2347 3679 ϐην,
2377 3611 2471 3662 καὶ
2497 3608 2594 3676 τὴν
2621 3606 2730 3658 τῶν
2759 3604 3080 3672 Τριϐαλλῶν
3111 3602 3315 3673 χώραν.
3359 3603 3470 3671 Τὴν
3494 3602 3551 3654 δέ
3593 3601 3781 3652 ἔλασιν

2226 3702 2463 3752 ἐποιεῖτο
2531 3696 2599 3749 δι’
2656 3695 2835 3749 αἰτίαν
2889 3695 3069 3767 τήνδε.
3130 3694 3220 3746 Ὧν
3267 3694 3377 3762 γὰρ
3431 3691 3785 3760 ἐτελεύτησεν

2223 3792 2549 3860 Ἐλεάζαρος
2580 3792 2608 3842 ὁ
2657 3790 2752 3841 τοῦ
2804 3785 3047 3839 Βούλκου
3110 3788 3263 3849 παῖς,
3315 3784 3699 3837 κατελέλειπτο
3749 3786 3782 3853 ἡ

2224 3881 2361 3949 γυνὴ
2384 3878 2549 3933 αὐτοῦ
2582 3879 2672 3931 ἐπὶ
2704 3876 2937 3947 θυγατρὶ
2965 3877 3025 3940 ἐς
3056 3875 3152 3944 τὴν
3184 3875 3376 3944 ἀρχήν.
3421 3874 3528 3927 Καὶ
3556 3872 3655 3944 τὴν
3681 3874 3787 3941 μὲν

2224 3970 2518 4041 ἀκρόπολιν
2541 3971 2636 4039 τῆς
2662 3968 3037 4038 Σπενδερόϐης
3066 3969 3319 4037 κατεῖχεν
3345 3965 3506 4037 αὕτη,
3535 3966 3628 4018 καὶ
3658 3968 3787 4017 ἐπι-

2226 4063 2439 4132 γαμίαν
2501 4062 2806 4131 ποιουμένη
2871 4059 2965 4112 ἐπὶ
3017 4059 3110 4112 τὸν
3166 4058 3443 4128 Ἰλλυριῶν
3519 4056 3788 4127 βασιλέως

2226 4151 2393 4203 παῖδα
2416 4149 2507 4202 ἐπὶ
2535 4152 2598 4217 τῇ
2626 4150 2879 4217 θυγατρὶ,
2901 4148 3153 4201 διενοεῖτο
3177 4148 3275 4218 τὴν
3300 4146 3623 4218 ἁρχὴναὺτὴ
3652 4150 3792 4217 σχή-

2230 4258 2342 4294 σειν
2380 4241 2478 4308 τῆς
2505 4242 2733 4303 πόλεως.
2779 4242 2842 4293 Of
2899 4241 2998 4309 μέν
3048 4237 3140 4294 οὖν
3181 4241 3471 4309 Τριϐαλλοὶ
3529 4241 3792 4309 ὥρμηντο

2231 4334 2323 4384 ἐπὶ
2363 4332 2455 4384 τὸν
2508 4331 2881 4401 Μαχοιιμέτεω
2935 4333 3160 4402 ἀδελφὸν
3230 4334 3321 4384 τὸν
3390 4332 3690 4403 Μιχαῆλον,
3730 4333 3794 4393 ὃς

565 4429 758 4483 Mulier
780 4428 923 4480 hunc
951 4425 1331 4481 advenientem,
1357 4423 1408 4475 in
1460 4437 1637 4476 arcem
1665 4424 1819 4491 quasi
1853 4425 2120 4493 hospitem

2236 4422 2381 4493 παρὰ
2408 4421 2484 4490 τῷ
2520 4421 2836 4491 Τριϐαλλῶν
2865 4424 3091 4492 ἡγεμόνι
3145 4422 3406 4493 διέτρισε,
3463 4424 3556 4476 καὶ
3605 4425 3794 4490 σφίσιν

568 4517 837 4580 invitavit,
862 4515 1233 4581 continuoque
1265 4512 1313 4565 ei
1344 4512 1561 4565 vincula
1594 4514 1783 4579 injicit,
1846 4515 2123 4568 vinctum-

570 4624 674 4678 que
706 4607 772 4660 ad
803 4606 1089 4659 Pannones
1120 4605 1305 4656 mittit.
1334 4603 1503 4666 Quem
1542 4601 1828 4657 Pannones
1848 4605 2126 4672 accipien-

569 4706 669 4760 tes.
706 4696 759 4750 in
790 4708 1062 4749 carcerem
1088 4692 1385 4759 coniecere.
1414 4690 1646 4744 Triballi
1689 4691 1856 4760 igitur
1884 4693 2002 4762 (qui
2069 4705 2125 4749 et

570 4787 769 4855 Servii)
804 4786 997 4839 iterum
1048 4782 1359 4836 recidebant
1392 4782 1457 4834 ad
1499 4796 1677 4849 regem
1748 4781 2068 4836 Pannonum
2109 4802 2124 4848 ;

569 4891 622 4934 et
656 4876 903 4933 accersiti
933 4889 1038 4927 una
1074 4888 1193 4928 cum
1218 4872 1475 4942 principis
1518 4871 1758 4926 defuncti
1798 4889 1985 4937 uxore,
2039 4874 2130 4929 de-

568 4973 825 5027 ditionem
856 4968 1007 5024 urbis
1037 4969 1232 5022 fecere.
1272 4968 1339 5020 At
1373 4982 1486 5033 rex,
1529 4966 1742 5035 cognito
1777 4979 2013 5034 quonam
2042 4981 2129 5018 res

569 5078 681 5118 sum
708 5062 934 5115 redactae
964 5058 1162 5121 forent,
1190 5072 1341 5112 arma
1391 5057 1555 5125 capit.
1606 5065 1660 5111 et
1709 5057 1890 5124 COpias
1940 5064 2129 5109 contra

570 5150 951 5207 Seruleroviam
993 5148 1141 5202 ducit
1174 5187 1189 5211 ,
1220 5146 1374 5216 quasi
1428 5145 1478 5199 vi
1531 5160 1647 5199 eam
1692 5155 2128 5214 recuperaturos.

570 5242 829 5314 Oppidani
883 5257 1004 5296 cum
1086 5239 1333 5294 audirent
1377 5238 1663 5294 adversum
1723 5251 1781 5293 se
1863 5236 2131 5291 hostiliter

2229 4512 2469 4580 ἡγεμόνα
2497 4511 2760 4580 ἑλόμενοι,
2786 4511 3119 4565 καθιστάντα
3146 4513 3167 4543 ⁸
3205 4528 3263 4564 τε
3289 4512 3472 4577 αὑτὸν,
3519 4514 3608 4564 καὶ
3668 4514 3794 4564 ἑπι-

2228 4602 2497 4671 τρέποντα
2527 4601 2624 4669 τῆς
2652 4602 2868 4664 πόλεως
2892 4604 3213 4671 πράγματα.
3252 4600 3324 4656 Ἦ
3357 4621 3416 4656 τε
3453 4603 3591 4672 γυνὴ
3627 4621 3798 4670 μετας

2230 4692 2560 4761 πεμπομένη
2592 4693 2779 4746 τοῦτον
2818 4694 2877 4756 ἐς
2924 4695 3021 4763 τὴν
3071 4696 3367 4765 ἀκρόπολιν
3422 4696 3516 4748 ἐπὶ
3566 4695 3794 4759 ξενίσει,

2233 4781 2493 4834 συνέλαϐε
2537 4798 2596 4834 τε
2636 4783 2818 4849 αὐτὸν,
2850 4785 2947 4837 καὶ
3002 4787 3294 4853 συνδήσας,
3348 4786 3676 4853 ἀπέπεμψεν
3740 4789 3797 4848 ἐς

2233 4874 2356 4934 τοὺς
2386 4874 2641 4936 Παίονας.
2667 4876 2772 4927 Τὸν
2798 4878 2979 4943 μέντοι
3013 4878 3292 4946 Μιχαῆλον
3328 4880 3377 4929 οἱ
3432 4879 3661 4936 Παίονες
3702 4879 3798 4931 λα-

2236 4963 2446 5027 ϐόντες.
2482 4966 2801 5035 καθεῖρξαν.
2857 4969 2966 5020 Καὶ
2998 4970 3044 5020 οἱ
3092 4970 3383 5037 Τριϐαλλοὶ
3415 4971 3674 5039 ὥρμηντο
3704 4970 3796 5022 αὖ·

2237 5053 2317 5115 οις
2349 5057 2438 5106 ἐπὶ
2472 5055 2719 5123 βασιλέα,
2749 5060 2841 5109 καὶ
2894 5060 3376 5129 μεταπεμπόμενοι
3427 5061 3542 5127 ἅμα
3602 5064 3667 5129 τῇ
3698 5060 3795 5113 τοῦ

2235 5146 2501 5213 ἡγεμόνος
2529 5151 2774 5214 γυναικὶ,
2806 5150 3082 5218 ἔπρασσον
3104 5150 3200 5215 τὴν
3221 5152 3319 5220 τῆς
3364 5152 3571 5212 πόλεως
3614 5152 3793 5219 παρεὶς

2236 5238 2403 5293 δοσιν.
2455 5239 2513 5292 Ὀ
2547 5242 2646 5309 μὲν
2674 5237 2767 5293 οὖν
2821 5242 3095 5310 βασιλεὺς,
3127 5243 3277 5296 οὔπω
3324 5243 3711 5298 καταστάντων
3741 5244 3802 5305 ἐς

1837 5371 2083 5434 Notulte
2117 5377 2518 5451 marginales.

645 5524 755 5594 (7‘2)
787 5521 1175 5593 Megalopolim.

648 5688 665 5718 ⁸
690 5690 755 5741 In
791 5706 911 5753 uno,
944 5690 1192 5751 ἀπόντες.

1270 5692 1289 5721 ¹
1328 5688 1390 5743 In
1414 5706 1538 5753 uno,
1574 5691 1796 5755 ἔφυγον.
1874 5692 1893 5722 ⁸
1933 5691 1995 5745 1η
2024 5706 2155 5755 uno,
2182 5691 2520 5745 καθίστασάν
2550 5708 2603 5744 τε
2646 5693 2828 5744 αὐτόν.
