  <div class='ocr_page' id='page_1' title='image "/cluster/home/n/w/nwhite01/storage/ocr_20150623/159/hvd.32044073502684/272.png"; bbox 0 0 4006 6204; ppageno 0'>
   <div class='ocr_carea' id='block_1_1' title="bbox 1642 189 1723 202">
    <p class='ocr_par' dir='ltr' id='par_1_1' title="bbox 1642 189 1723 202">
     <span class='ocr_line' id='line_1_1' title="bbox 1642 189 1723 202; baseline -0.012 0"><span class='ocrx_word' id='word_1_1' title='bbox 1642 195 1648 202; x_wconf 75' lang='grc' dir='ltr'><strong><em>ι</em></strong></span> <span class='ocrx_word' id='word_1_2' title='bbox 1685 189 1723 201; x_wconf 70' lang='lat'><strong>~‘</strong></span> 
     </span>
    </p>
   </div>
   <div class='ocr_carea' id='block_1_2' title="bbox 217 301 2351 365">
    <p class='ocr_par' dir='ltr' id='par_1_2' title="bbox 217 301 2351 365">
     <span class='ocr_line' id='line_1_2' title="bbox 217 301 2351 365; baseline -0.001 0"><span class='ocrx_word' id='word_1_3' title='bbox 217 304 310 365; x_wconf 59' lang='lat'><strong>433</strong></span> <span class='ocrx_word' id='word_1_4' title='bbox 935 331 944 346; x_wconf 70' lang='grc' dir='ltr'><strong>ι</strong></span> <span class='ocrx_word' id='word_1_5' title='bbox 1241 307 1337 364; x_wconf 86' lang='lat' dir='ltr'><strong>DE</strong></span> <span class='ocrx_word' id='word_1_6' title='bbox 1379 304 1630 365; x_wconf 83' lang='lat' dir='ltr'><strong>REBUS</strong></span> <span class='ocrx_word' id='word_1_7' title='bbox 1667 301 2016 362; x_wconf 79' lang='lat' dir='ltr'><strong>TURCICIS</strong></span> <span class='ocrx_word' id='word_1_8' title='bbox 2061 302 2228 362; x_wconf 73' lang='lat' dir='ltr'><strong>LIB.‘</strong></span> <span class='ocrx_word' id='word_1_9' title='bbox 2255 303 2351 362; x_wconf 82' lang='lat' dir='ltr'><strong>IX.</strong></span> 
     </span>
    </p>
   </div>
   <div class='ocr_carea' id='block_1_3' title="bbox 3311 305 3416 368">
    <p class='ocr_par' dir='ltr' id='par_1_3' title="bbox 3311 305 3416 368">
     <span class='ocr_line' id='line_1_3' title="bbox 3311 305 3416 368; baseline 0 -1"><span class='ocrx_word' id='word_1_10' title='bbox 3311 305 3416 368; x_wconf 77' lang='grc' dir='ltr'><strong>4ἷ4</strong></span> 
     </span>
    </p>
   </div>
   <div class='ocr_carea' id='block_1_4' title="bbox 212 413 1755 488">
    <p class='ocr_par' dir='ltr' id='par_1_4' title="bbox 212 415 1755 486">
     <span class='ocr_line' id='line_1_4' title="bbox 212 415 1755 486; baseline -0.003 -15"><span class='ocrx_word' id='word_1_11' title='bbox 212 418 319 471; x_wconf 77' lang='grc' dir='ltr'>τόδε</span> <span class='ocrx_word' id='word_1_12' title='bbox 371 415 518 484; x_wconf 77' lang='grc' dir='ltr'>αὖτῷ</span> <span class='ocrx_word' id='word_1_13' title='bbox 571 415 680 467; x_wconf 84' lang='grc' dir='ltr'><strong>τῶν</strong></span> <span class='ocrx_word' id='word_1_14' title='bbox 724 416 1097 486; x_wconf 74' lang='grc' dir='ltr'><strong>πραγμάτιον,</strong></span> <span class='ocrx_word' id='word_1_15' title='bbox 1163 417 1755 484; x_wconf 81' lang='grc' dir='ltr'>παρασκευασάμενος,</span> 
     </span>
    </p>
   </div>
   <div class='ocr_carea' id='block_1_5' title="bbox 1856 413 3421 488">
    <p class='ocr_par' dir='ltr' id='par_1_5' title="bbox 1870 413 3421 488">
     <span class='ocr_line' id='line_1_5' title="bbox 1870 413 3421 488; baseline 0.005 -24"><span class='ocrx_word' id='word_1_16' title='bbox 1870 428 2089 480; x_wconf 75' lang='lat' dir='ltr'><strong>pergere</strong></span> <span class='ocrx_word' id='word_1_17' title='bbox 2118 427 2320 478; x_wconf 81' lang='lat' dir='ltr'><strong>regem.</strong></span> <span class='ocrx_word' id='word_1_18' title='bbox 2350 413 2562 467; x_wconf 84' lang='lat' dir='ltr'><strong>obviam</strong></span> <span class='ocrx_word' id='word_1_19' title='bbox 2585 427 2648 468; x_wconf 84' lang='lat' dir='ltr'><strong>ex</strong></span> <span class='ocrx_word' id='word_1_20' title='bbox 2687 415 2819 468; x_wconf 83' lang='lat' dir='ltr'><strong>urbe</strong></span> <span class='ocrx_word' id='word_1_21' title='bbox 2843 413 3161 484; x_wconf 88' lang='lat' dir='ltr'><strong>procedunt,</strong></span> <span class='ocrx_word' id='word_1_22' title='bbox 3202 419 3421 488; x_wconf 75' lang='lat' dir='ltr'><strong>regique</strong></span> 
     </span>
    </p>
   </div>
   <div class='ocr_carea' id='block_1_6' title="bbox 212 505 1756 577">
    <p class='ocr_par' dir='ltr' id='par_1_6' title="bbox 212 505 1756 577">
     <span class='ocr_line' id='line_1_6' title="bbox 212 505 1756 577; baseline -0.002 -17"><span class='ocrx_word' id='word_1_23' title='bbox 212 509 433 577; x_wconf 72' lang='grc' dir='ltr'>ἧλαυνεν</span> <span class='ocrx_word' id='word_1_24' title='bbox 471 507 564 560; x_wconf 77' lang='grc' dir='ltr'>ἐπὶ</span> <span class='ocrx_word' id='word_1_25' title='bbox 600 506 997 576; x_wconf 80' lang='grc' dir='ltr'>Σπενδερόὸην,</span> <span class='ocrx_word' id='word_1_26' title='bbox 1027 507 1100 570; x_wconf 81' lang='grc' dir='ltr'>ὡς</span> <span class='ocrx_word' id='word_1_27' title='bbox 1142 505 1339 572; x_wconf 76' lang='grc' dir='ltr'>ἐξελῶν</span> <span class='ocrx_word' id='word_1_28' title='bbox 1365 507 1506 559; x_wconf 83' lang='grc' dir='ltr'><strong>κατὰ</strong></span> <span class='ocrx_word' id='word_1_29' title='bbox 1538 506 1756 575; x_wconf 84' lang='grc' dir='ltr'>κράτος·</span> 
     </span>
    </p>
   </div>
   <div class='ocr_carea' id='block_1_7' title="bbox 211 597 1759 669">
    <p class='ocr_par' dir='ltr' id='par_1_7' title="bbox 211 597 1759 669">
     <span class='ocr_line' id='line_1_7' title="bbox 211 597 1759 669; baseline -0.001 -19"><span class='ocrx_word' id='word_1_30' title='bbox 211 599 324 651; x_wconf 77' lang='grc' dir='ltr'>οί¹δ⁶</span> <span class='ocrx_word' id='word_1_31' title='bbox 361 600 421 649; x_wconf 76' lang='grc' dir='ltr'>ἐν</span> <span class='ocrx_word' id='word_1_32' title='bbox 448 600 515 666; x_wconf 80' lang='grc' dir='ltr'><strong>τῇ</strong></span> <span class='ocrx_word' id='word_1_33' title='bbox 551 598 704 649; x_wconf 84' lang='grc' dir='ltr'>πόλει</span> <span class='ocrx_word' id='word_1_34' title='bbox 743 597 1110 669; x_wconf 81' lang='grc' dir='ltr'>Σπενδερόϐῃ,</span> <span class='ocrx_word' id='word_1_35' title='bbox 1167 597 1579 665; x_wconf 75' lang='grc' dir='ltr'><strong>πυνθανόμενοι,</strong></span> <span class='ocrx_word' id='word_1_36' title='bbox 1604 597 1759 663; x_wconf 77' lang='grc' dir='ltr'>βασι-</span> 
     </span>
    </p>
   </div>
   <div class='ocr_carea' id='block_1_8' title="bbox 211 686 1763 756">
    <p class='ocr_par' dir='ltr' id='par_1_8' title="bbox 211 686 1763 756">
     <span class='ocr_line' id='line_1_8' title="bbox 211 686 1763 756; baseline -0.002 -16"><span class='ocrx_word' id='word_1_37' title='bbox 211 690 300 742; x_wconf 74' lang='grc' dir='ltr'><strong>λέα</strong></span> <span class='ocrx_word' id='word_1_38' title='bbox 330 689 552 740; x_wconf 68' lang='grc' dir='ltr'>ἐπιόντα</span> <span class='ocrx_word' id='word_1_39' title='bbox 586 687 791 755; x_wconf 78' lang='grc' dir='ltr'>σφίσιν,</span> <span class='ocrx_word' id='word_1_40' title='bbox 847 688 1098 755; x_wconf 82' lang='grc' dir='ltr'><strong>ὑπήντων</strong></span> <span class='ocrx_word' id='word_1_41' title='bbox 1121 687 1265 756; x_wconf 80' lang='grc' dir='ltr'>αὐτῷ</span> <span class='ocrx_word' id='word_1_42' title='bbox 1312 689 1411 748; x_wconf 83' lang='grc' dir='ltr'>τὰς</span> <span class='ocrx_word' id='word_1_43' title='bbox 1466 687 1616 750; x_wconf 73' lang='grc' dir='ltr'>κλεῖς</span> <span class='ocrx_word' id='word_1_44' title='bbox 1669 686 1763 754; x_wconf 75' lang='grc' dir='ltr'>φὲο</span> 
     </span>
    </p>
   </div>
   <div class='ocr_carea' id='block_1_9' title="bbox 215 778 1760 848">
    <p class='ocr_par' dir='ltr' id='par_1_9' title="bbox 215 778 1760 848">
     <span class='ocr_line' id='line_1_9' title="bbox 215 778 1760 848; baseline -0.003 -16"><span class='ocrx_word' id='word_1_45' title='bbox 215 796 391 848; x_wconf 83' lang='grc' dir='ltr'>ροντες</span> <span class='ocrx_word' id='word_1_46' title='bbox 428 779 571 832; x_wconf 74' lang='grc' dir='ltr'>κατὰ</span> <span class='ocrx_word' id='word_1_47' title='bbox 631 780 730 846; x_wconf 78' lang='grc' dir='ltr'>τὴν</span> <span class='ocrx_word' id='word_1_48' title='bbox 763 778 904 830; x_wconf 85' lang='grc' dir='ltr'>ὁδόν.</span> <span class='ocrx_word' id='word_1_49' title='bbox 935 779 1199 840; x_wconf 76' lang='grc' dir='ltr'>Βασιλεὺς</span> <span class='ocrx_word' id='word_1_50' title='bbox 1231 780 1330 846; x_wconf 86' lang='grc' dir='ltr'>μὲν</span> <span class='ocrx_word' id='word_1_51' title='bbox 1365 780 1429 845; x_wconf 81' lang='grc' dir='ltr'><strong>δὴ</strong></span> <span class='ocrx_word' id='word_1_52' title='bbox 1466 780 1592 839; x_wconf 78' lang='grc' dir='ltr'>τοὺς</span> <span class='ocrx_word' id='word_1_53' title='bbox 1632 779 1760 846; x_wconf 71' lang='grc' dir='ltr'>Τριο</span> 
     </span>
    </p>
   </div>
   <div class='ocr_carea' id='block_1_10' title="bbox 213 869 1760 940">
    <p class='ocr_par' dir='ltr' id='par_1_10' title="bbox 213 869 1760 940">
     <span class='ocr_line' id='line_1_10' title="bbox 213 869 1760 940; baseline 0 -18"><span class='ocrx_word' id='word_1_54' title='bbox 213 870 432 932; x_wconf 65' lang='lat' dir='ltr'><strong>Balleia;</strong></span> <span class='ocrx_word' id='word_1_55' title='bbox 483 869 846 937; x_wconf 79' lang='grc' dir='ltr'>ἐθεράπευσε,</span> <span class='ocrx_word' id='word_1_56' title='bbox 927 871 1134 937; x_wconf 80' lang='grc' dir='ltr'><strong>χώραις</strong></span> <span class='ocrx_word' id='word_1_57' title='bbox 1201 871 1609 940; x_wconf 69' lang='grc' dir='ltr'>δωρησάμενος,</span> <span class='ocrx_word' id='word_1_58' title='bbox 1667 870 1760 922; x_wconf 79' lang='grc' dir='ltr'><strong>καὶ</strong></span> 
     </span>
    </p>
   </div>
   <div class='ocr_carea' id='block_1_11' title="bbox 212 959 1760 1031">
    <p class='ocr_par' dir='ltr' id='par_1_11' title="bbox 212 959 1760 1031">
     <span class='ocr_line' id='line_1_11' title="bbox 212 959 1760 1031; baseline 0 -19"><span class='ocrx_word' id='word_1_59' title='bbox 212 963 452 1031; x_wconf 81' lang='grc' dir='ltr'>χρήμασι</span> <span class='ocrx_word' id='word_1_60' title='bbox 497 963 624 1021; x_wconf 81' lang='grc' dir='ltr'>τοὺς</span> <span class='ocrx_word' id='word_1_61' title='bbox 669 960 917 1022; x_wconf 78' lang='grc' dir='ltr'>πολλοὺς,</span> <span class='ocrx_word' id='word_1_62' title='bbox 983 962 1074 1012; x_wconf 83' lang='grc' dir='ltr'><strong>καὶ</strong></span> <span class='ocrx_word' id='word_1_63' title='bbox 1132 961 1231 1030; x_wconf 80' lang='grc' dir='ltr'>τὴν</span> <span class='ocrx_word' id='word_1_64' title='bbox 1279 960 1374 1012; x_wconf 90' lang='grc' dir='ltr'><strong>τοῦ</strong></span> <span class='ocrx_word' id='word_1_65' title='bbox 1429 959 1760 1028; x_wconf 73' lang='grc' dir='ltr'><strong>Ἐλεαζάρου</strong></span> 
     </span>
    </p>
   </div>
   <div class='ocr_carea' id='block_1_12' title="bbox 211 1051 1763 1122">
    <p class='ocr_par' dir='ltr' id='par_1_12' title="bbox 211 1051 1763 1122">
     <span class='ocr_line' id='line_1_12' title="bbox 211 1051 1763 1122; baseline -0.002 -16"><span class='ocrx_word' id='word_1_66' title='bbox 211 1057 438 1122; x_wconf 83' lang='grc' dir='ltr'>γυναῖκα</span> <span class='ocrx_word' id='word_1_67' title='bbox 471 1054 807 1106; x_wconf 78' lang='grc' dir='ltr'>ὑπόσπονδον</span> <span class='ocrx_word' id='word_1_68' title='bbox 839 1054 1049 1122; x_wconf 77' lang='grc' dir='ltr'>ἀφῆκεν</span> <span class='ocrx_word' id='word_1_69' title='bbox 1078 1053 1453 1122; x_wconf 76' lang='grc' dir='ltr'><strong>ἀποφέρεσθαι</strong></span> <span class='ocrx_word' id='word_1_70' title='bbox 1479 1053 1571 1102; x_wconf 69' lang='grc' dir='ltr'>τὸν</span> <span class='ocrx_word' id='word_1_71' title='bbox 1599 1051 1763 1104; x_wconf 82' lang='grc' dir='ltr'>πλοῦ-</span> 
     </span>
    </p>
   </div>
   <div class='ocr_carea' id='block_1_13' title="bbox 208 1145 1758 1214">
    <p class='ocr_par' dir='ltr' id='par_1_13' title="bbox 208 1145 1758 1214">
     <span class='ocr_line' id='line_1_13' title="bbox 208 1145 1758 1214; baseline -0.002 -16"><span class='ocrx_word' id='word_1_72' title='bbox 208 1165 295 1200; x_wconf 89' lang='grc' dir='ltr'><strong>τον</strong></span> <span class='ocrx_word' id='word_1_73' title='bbox 313 1147 502 1214; x_wconf 78' lang='grc' dir='ltr'>αὐτῆς,</span> <span class='ocrx_word' id='word_1_74' title='bbox 526 1147 839 1214; x_wconf 83' lang='grc' dir='ltr'>οἰχομένην,</span> <span class='ocrx_word' id='word_1_75' title='bbox 866 1148 958 1198; x_wconf 79' lang='grc' dir='ltr'><strong>καὶ</strong></span> <span class='ocrx_word' id='word_1_76' title='bbox 985 1147 1085 1211; x_wconf 87' lang='grc' dir='ltr'>τήν</span> <span class='ocrx_word' id='word_1_77' title='bbox 1105 1162 1165 1197; x_wconf 78' lang='grc' dir='ltr'><strong>τε</strong></span> <span class='ocrx_word' id='word_1_78' title='bbox 1210 1149 1453 1214; x_wconf 80' lang='grc' dir='ltr'>φρουρὰν</span> <span class='ocrx_word' id='word_1_79' title='bbox 1477 1147 1572 1198; x_wconf 75' lang='grc' dir='ltr'><strong>σὺν</strong></span> <span class='ocrx_word' id='word_1_80' title='bbox 1613 1145 1758 1214; x_wconf 78' lang='grc' dir='ltr'>αὐτῷ</span> 
     </span>
    </p>
   </div>
   <div class='ocr_carea' id='block_1_14' title="bbox 211 1235 1756 1307">
    <p class='ocr_par' dir='ltr' id='par_1_14' title="bbox 211 1235 1756 1307">
     <span class='ocr_line' id='line_1_14' title="bbox 211 1235 1756 1307; baseline -0.002 -17"><span class='ocrx_word' id='word_1_81' title='bbox 211 1238 496 1306; x_wconf 73' lang='grc' dir='ltr'>παρέλαϐε.</span> <span class='ocrx_word' id='word_1_82' title='bbox 546 1239 654 1290; x_wconf 76' lang='grc' dir='ltr'><strong>Καὶ</strong></span> <span class='ocrx_word' id='word_1_83' title='bbox 707 1237 784 1296; x_wconf 83' lang='grc' dir='ltr'><strong>ὡς</strong></span> <span class='ocrx_word' id='word_1_84' title='bbox 827 1237 975 1306; x_wconf 84' lang='grc' dir='ltr'><strong>αὐτῷ</strong></span> <span class='ocrx_word' id='word_1_85' title='bbox 1020 1235 1444 1307; x_wconf 74' lang='grc' dir='ltr'><strong>προσεχώρησεν</strong></span> <span class='ocrx_word' id='word_1_86' title='bbox 1483 1239 1516 1304; x_wconf 79' lang='grc' dir='ltr'><strong>η</strong></span> <span class='ocrx_word' id='word_1_87' title='bbox 1566 1237 1756 1297; x_wconf 82' lang='grc' dir='ltr'><strong>πόλις,</strong></span> 
     </span>
    </p>
   </div>
   <div class='ocr_carea' id='block_1_15' title="bbox 209 1328 1759 1398">
    <p class='ocr_par' dir='ltr' id='par_1_15' title="bbox 209 1328 1759 1398">
     <span class='ocr_line' id='line_1_15' title="bbox 209 1328 1759 1398; baseline -0.001 -16"><span class='ocrx_word' id='word_1_88' title='bbox 209 1331 428 1398; x_wconf 79' lang='grc' dir='ltr'><strong>ὥρμητο</strong></span> <span class='ocrx_word' id='word_1_89' title='bbox 462 1329 561 1398; x_wconf 79' lang='grc' dir='ltr'>μὲν</span> <span class='ocrx_word' id='word_1_90' title='bbox 601 1331 659 1391; x_wconf 75' lang='grc' dir='ltr'>ἐς</span> <span class='ocrx_word' id='word_1_91' title='bbox 713 1329 1130 1396; x_wconf 71' lang='grc' dir='ltr'>Πελοπόννησον</span> <span class='ocrx_word' id='word_1_92' title='bbox 1153 1328 1580 1395; x_wconf 77' lang='grc' dir='ltr'>στρατεύεσθαι·</span> <span class='ocrx_word' id='word_1_93' title='bbox 1623 1329 1759 1395; x_wconf 75' lang='grc' dir='ltr'>μετὰ</span> 
     </span>
    </p>
   </div>
   <div class='ocr_carea' id='block_1_16' title="bbox 210 1419 1761 1489">
    <p class='ocr_par' dir='ltr' id='par_1_16' title="bbox 210 1419 1761 1489">
     <span class='ocr_line' id='line_1_16' title="bbox 210 1419 1761 1489; baseline -0.004 -15"><span class='ocrx_word' id='word_1_94' title='bbox 210 1424 261 1474; x_wconf 68' lang='grc' dir='ltr'><strong>δὲ</strong></span> <span class='ocrx_word' id='word_1_95' title='bbox 285 1422 616 1489; x_wconf 73' lang='grc' dir='ltr'>ἀφικόμενος</span> <span class='ocrx_word' id='word_1_96' title='bbox 649 1420 706 1482; x_wconf 66' lang='grc' dir='ltr'>ἐς</span> <span class='ocrx_word' id='word_1_97' title='bbox 740 1419 1064 1482; x_wconf 79' lang='grc' dir='ltr'>Βυζάντιον,</span> <span class='ocrx_word' id='word_1_98' title='bbox 1094 1419 1189 1472; x_wconf 74' lang='grc' dir='ltr'><strong>καὶ</strong></span> <span class='ocrx_word' id='word_1_99' title='bbox 1223 1421 1280 1481; x_wconf 79' lang='grc' dir='ltr'><strong>ές</strong></span> <span class='ocrx_word' id='word_1_100' title='bbox 1310 1421 1408 1487; x_wconf 77' lang='grc' dir='ltr'>τὴν</span> <span class='ocrx_word' id='word_1_101' title='bbox 1442 1420 1626 1472; x_wconf 83' lang='grc' dir='ltr'>Ἀσίαν</span> <span class='ocrx_word' id='word_1_102' title='bbox 1645 1419 1761 1470; x_wconf 84' lang='grc' dir='ltr'>δια-</span> 
     </span>
    </p>
   </div>
   <div class='ocr_carea' id='block_1_17' title="bbox 212 1509 1755 1582">
    <p class='ocr_par' dir='ltr' id='par_1_17' title="bbox 212 1509 1755 1582">
     <span class='ocr_line' id='line_1_17' title="bbox 212 1509 1755 1582; baseline -0.003 -18"><span class='ocrx_word' id='word_1_103' title='bbox 212 1514 325 1577; x_wconf 74' lang='grc' dir='ltr'>ὃὰς,</span> <span class='ocrx_word' id='word_1_104' title='bbox 353 1514 586 1582; x_wconf 63' lang='grc' dir='ltr'>ἤλαυνεν</span> <span class='ocrx_word' id='word_1_105' title='bbox 623 1510 716 1562; x_wconf 77' lang='grc' dir='ltr'><strong>ἐπὶ</strong></span> <span class='ocrx_word' id='word_1_106' title='bbox 750 1509 1090 1578; x_wconf 76' lang='grc' dir='ltr'>’Δμαστρον,</span> <span class='ocrx_word' id='word_1_107' title='bbox 1132 1509 1232 1579; x_wconf 84' lang='grc' dir='ltr'>τὴν</span> <span class='ocrx_word' id='word_1_108' title='bbox 1287 1509 1528 1562; x_wconf 82' lang='grc' dir='ltr'>Ἰανυῖων</span> <span class='ocrx_word' id='word_1_109' title='bbox 1581 1511 1755 1571; x_wconf 83' lang='grc' dir='ltr'>πόλιν,</span> 
     </span>
    </p>
   </div>
   <div class='ocr_carea' id='block_1_18' title="bbox 213 1596 1759 1674">
    <p class='ocr_par' dir='ltr' id='par_1_18' title="bbox 213 1596 1759 1674">
     <span class='ocr_line' id='line_1_18' title="bbox 213 1596 1759 1674; baseline -0.003 -22"><span class='ocrx_word' id='word_1_110' title='bbox 213 1603 296 1652; x_wconf 76' lang='grc' dir='ltr'><strong>ἐπὶ</strong></span> <span class='ocrx_word' id='word_1_111' title='bbox 339 1601 418 1664; x_wconf 84' lang='grc' dir='ltr'>τῷ</span> <span class='ocrx_word' id='word_1_112' title='bbox 451 1600 687 1668; x_wconf 80' lang='grc' dir='ltr'><strong>Εὐξείνῳ</strong></span> <span class='ocrx_word' id='word_1_113' title='bbox 734 1599 936 1668; x_wconf 83' lang='grc' dir='ltr'>πόντῳ.</span> <span class='ocrx_word' id='word_1_114' title='bbox 971 1601 1031 1651; x_wconf 88' lang='grc' dir='ltr'><strong>Οἱ</strong></span> <span class='ocrx_word' id='word_1_115' title='bbox 1067 1597 1177 1668; x_wconf 82' lang='grc' dir='ltr'><strong>γὰρ</strong></span> <span class='ocrx_word' id='word_1_116' title='bbox 1233 1598 1446 1650; x_wconf 77' lang='grc' dir='ltr'>Ἰανυῖοι</span> <span class='ocrx_word' id='word_1_117' title='bbox 1494 1596 1759 1674; x_wconf 73' lang='grc' dir='ltr'>πρέσϐεις</span> 
     </span>
    </p>
   </div>
   <div class='ocr_carea' id='block_1_19' title="bbox 210 1684 1752 1759">
    <p class='ocr_par' dir='ltr' id='par_1_19' title="bbox 210 1684 1752 1759">
     <span class='ocr_line' id='line_1_19' title="bbox 210 1684 1752 1759; baseline -0.001 -18"><span class='ocrx_word' id='word_1_118' title='bbox 210 1691 541 1759; x_wconf 69' lang='grc' dir='ltr'>πέμψαντες,</span> <span class='ocrx_word' id='word_1_119' title='bbox 562 1688 787 1759; x_wconf 75' lang='grc' dir='ltr'>ᾐτοῦντο</span> <span class='ocrx_word' id='word_1_120' title='bbox 804 1690 902 1759; x_wconf 73' lang='grc' dir='ltr'>τὴν</span> <span class='ocrx_word' id='word_1_121' title='bbox 926 1689 1196 1756; x_wconf 87' lang='grc' dir='ltr'>Γαλατίην</span> <span class='ocrx_word' id='word_1_122' title='bbox 1223 1689 1378 1742; x_wconf 88' lang='grc' dir='ltr'>πόλιν</span> <span class='ocrx_word' id='word_1_123' title='bbox 1391 1684 1557 1742; x_wconf 73' lang='grc' dir='ltr'>οὖσαν</span> <span class='ocrx_word' id='word_1_124' title='bbox 1580 1688 1752 1754; x_wconf 83' lang='grc' dir='ltr'>σφῶν,</span> 
     </span>
    </p>
   </div>
   <div class='ocr_carea' id='block_1_20' title="bbox 1866 496 3418 575">
    <p class='ocr_par' dir='ltr' id='par_1_20' title="bbox 1866 496 3418 575">
     <span class='ocr_line' id='line_1_20' title="bbox 1866 496 3418 575; baseline 0.004 -21"><span class='ocrx_word' id='word_1_125' title='bbox 1866 502 1921 554; x_wconf 84' lang='grc' dir='ltr'>ἰιι</span> <span class='ocrx_word' id='word_1_126' title='bbox 1948 502 2138 556; x_wconf 85' lang='lat' dir='ltr'><strong>itinere</strong></span> <span class='ocrx_word' id='word_1_127' title='bbox 2165 503 2342 556; x_wconf 83' lang='lat' dir='ltr'><strong>claves</strong></span> <span class='ocrx_word' id='word_1_128' title='bbox 2375 504 2612 556; x_wconf 84' lang='lat' dir='ltr'><strong>tradunt.</strong></span> <span class='ocrx_word' id='word_1_129' title='bbox 2645 503 2712 556; x_wconf 88' lang='lat' dir='ltr'><strong>At</strong></span> <span class='ocrx_word' id='word_1_130' title='bbox 2740 519 2831 556; x_wconf 85' lang='lat' dir='ltr'><strong>rex</strong></span> <span class='ocrx_word' id='word_1_131' title='bbox 2857 520 3076 559; x_wconf 83' lang='lat' dir='ltr'><strong>munera</strong></span> <span class='ocrx_word' id='word_1_132' title='bbox 3113 521 3308 575; x_wconf 71' lang='lat' dir='ltr'><strong>magna</strong></span> <span class='ocrx_word' id='word_1_133' title='bbox 3364 496 3418 560; x_wconf 70' lang='lat' dir='ltr'><strong>iii</strong></span> 
     </span>
    </p>
   </div>
   <div class='ocr_carea' id='block_1_21' title="bbox 1864 591 3514 665">
    <p class='ocr_par' dir='ltr' id='par_1_21' title="bbox 1864 591 3514 665">
     <span class='ocr_line' id='line_1_21' title="bbox 1864 591 3514 665; baseline 0.003 -20"><span class='ocrx_word' id='word_1_134' title='bbox 1864 592 1965 647; x_wconf 89' lang='lat' dir='ltr'><strong>hos</strong></span> <span class='ocrx_word' id='word_1_135' title='bbox 1988 591 2256 647; x_wconf 79' lang='lat' dir='ltr'><strong>Triballos</strong></span> <span class='ocrx_word' id='word_1_136' title='bbox 2307 593 2560 658; x_wconf 77' lang='lat' dir='ltr'><strong>contulit,</strong></span> <span class='ocrx_word' id='word_1_137' title='bbox 2601 594 2866 661; x_wconf 87' lang='lat' dir='ltr'><strong>quosdam</strong></span> <span class='ocrx_word' id='word_1_138' title='bbox 2894 595 3107 662; x_wconf 87' lang='lat' dir='ltr'><strong>opibus,</strong></span> <span class='ocrx_word' id='word_1_139' title='bbox 3153 599 3418 665; x_wconf 72' lang='lat' dir='ltr'><strong>quosdam</strong></span> <span class='ocrx_word' id='word_1_140' title='bbox 3511 660 3514 664; x_wconf 35' lang='grc'><strong>,</strong></span> 
     </span>
    </p>
   </div>
   <div class='ocr_carea' id='block_1_22' title="bbox 1862 682 3420 751">
    <p class='ocr_par' dir='ltr' id='par_1_22' title="bbox 1862 682 3420 751">
     <span class='ocr_line' id='line_1_22' title="bbox 1862 682 3420 751; baseline 0.004 -16"><span class='ocrx_word' id='word_1_141' title='bbox 1862 695 1992 736; x_wconf 87' lang='lat' dir='ltr'><strong>vero</strong></span> <span class='ocrx_word' id='word_1_142' title='bbox 2057 683 2366 751; x_wconf 75' lang='lat' dir='ltr'><strong>regionibus</strong></span> <span class='ocrx_word' id='word_1_143' title='bbox 2423 685 2647 738; x_wconf 75' lang='lat' dir='ltr'><strong>doaaus.</strong></span> <span class='ocrx_word' id='word_1_144' title='bbox 2720 682 2956 738; x_wconf 77' lang='lat' dir='ltr'><strong>Uxorem</strong></span> <span class='ocrx_word' id='word_1_145' title='bbox 3037 685 3276 742; x_wconf 82' lang='lat' dir='ltr'><strong>Eleazari</strong></span> <span class='ocrx_word' id='word_1_146' title='bbox 3364 689 3420 741; x_wconf 85' lang='lat' dir='ltr'><strong>in</strong></span> 
     </span>
    </p>
   </div>
   <div class='ocr_carea' id='block_1_23' title="bbox 1861 768 3421 846">
    <p class='ocr_par' dir='ltr' id='par_1_23' title="bbox 1861 768 3421 846">
     <span class='ocr_line' id='line_1_23' title="bbox 1861 768 3421 846; baseline 0.006 -23"><span class='ocrx_word' id='word_1_147' title='bbox 1861 768 2040 827; x_wconf 63' lang='lat' dir='ltr'><strong>foedus</strong></span> <span class='ocrx_word' id='word_1_148' title='bbox 2075 782 2342 842; x_wconf 77' lang='lat' dir='ltr'><strong>receptam</strong></span> <span class='ocrx_word' id='word_1_149' title='bbox 2387 788 2581 843; x_wconf 88' lang='lat' dir='ltr'><strong>passus</strong></span> <span class='ocrx_word' id='word_1_150' title='bbox 2609 783 2691 829; x_wconf 89' lang='lat' dir='ltr'><strong>est</strong></span> <span class='ocrx_word' id='word_1_151' title='bbox 2716 775 2865 828; x_wconf 87' lang='lat' dir='ltr'><strong>abire</strong></span> <span class='ocrx_word' id='word_1_152' title='bbox 2889 774 3220 831; x_wconf 73' lang='lat' dir='ltr'><strong>auferentem</strong></span> <span class='ocrx_word' id='word_1_153' title='bbox 3290 793 3421 846; x_wconf 82' lang='lat' dir='ltr'><strong>opes</strong></span> 
     </span>
    </p>
   </div>
   <div class='ocr_carea' id='block_1_24' title="bbox 1861 863 3420 931">
    <p class='ocr_par' dir='ltr' id='par_1_24' title="bbox 1861 863 3420 931">
     <span class='ocr_line' id='line_1_24' title="bbox 1861 863 3420 931; baseline 0.003 -14"><span class='ocrx_word' id='word_1_154' title='bbox 1861 877 1992 917; x_wconf 84' lang='lat' dir='ltr'><strong>suas</strong></span> <span class='ocrx_word' id='word_1_155' title='bbox 2055 863 2295 931; x_wconf 91' lang='lat' dir='ltr'><strong>impune.</strong></span> <span class='ocrx_word' id='word_1_156' title='bbox 2329 864 2645 919; x_wconf 74' lang='lat' dir='ltr'><strong>Praesidium</strong></span> <span class='ocrx_word' id='word_1_157' title='bbox 2695 877 2873 919; x_wconf 81' lang='lat' dir='ltr'><strong>autem</strong></span> <span class='ocrx_word' id='word_1_158' title='bbox 2937 882 3045 920; x_wconf 85' lang='lat' dir='ltr'><strong>una</strong></span> <span class='ocrx_word' id='word_1_159' title='bbox 3104 882 3227 920; x_wconf 79' lang='lat' dir='ltr'><strong>cum</strong></span> <span class='ocrx_word' id='word_1_160' title='bbox 3287 871 3420 923; x_wconf 86' lang='lat' dir='ltr'><strong>urbe</strong></span> 
     </span>
    </p>
   </div>
   <div class='ocr_carea' id='block_1_25' title="bbox 1859 953 3420 1026">
    <p class='ocr_par' dir='ltr' id='par_1_25' title="bbox 1859 953 3420 1026">
     <span class='ocr_line' id='line_1_25' title="bbox 1859 953 3420 1026; baseline 0.004 -21"><span class='ocrx_word' id='word_1_161' title='bbox 1859 954 2022 1019; x_wconf 91' lang='lat' dir='ltr'><strong>cepit.</strong></span> <span class='ocrx_word' id='word_1_162' title='bbox 2048 953 2324 1022; x_wconf 85' lang='lat' dir='ltr'><strong>Oecupata</strong></span> <span class='ocrx_word' id='word_1_163' title='bbox 2359 955 2460 1010; x_wconf 90' lang='lat' dir='ltr'><strong>ista</strong></span> <span class='ocrx_word' id='word_1_164' title='bbox 2513 957 2668 1020; x_wconf 87' lang='lat' dir='ltr'><strong>urbe,</strong></span> <span class='ocrx_word' id='word_1_165' title='bbox 2731 957 2913 1008; x_wconf 86' lang='lat' dir='ltr'><strong>animo</strong></span> <span class='ocrx_word' id='word_1_166' title='bbox 2958 957 3118 1026; x_wconf 67' lang='grc'><strong>245</strong></span> <span class='ocrx_word' id='word_1_167' title='bbox 3174 959 3420 1012; x_wconf 77' lang='lat' dir='ltr'><strong>volvebat</strong></span> 
     </span>
    </p>
   </div>
   <div class='ocr_carea' id='block_1_26' title="bbox 1859 1043 3420 1113">
    <p class='ocr_par' dir='ltr' id='par_1_26' title="bbox 1859 1043 3420 1113">
     <span class='ocr_line' id='line_1_26' title="bbox 1859 1043 3420 1113; baseline 0.004 -18"><span class='ocrx_word' id='word_1_168' title='bbox 1859 1043 2155 1097; x_wconf 86' lang='lat' dir='ltr'><strong>exercitum</strong></span> <span class='ocrx_word' id='word_1_169' title='bbox 2210 1055 2400 1098; x_wconf 90' lang='lat' dir='ltr'><strong>contra</strong></span> <span class='ocrx_word' id='word_1_170' title='bbox 2447 1043 2874 1113; x_wconf 87' lang='lat' dir='ltr'><strong>Peloponnesum</strong></span> <span class='ocrx_word' id='word_1_171' title='bbox 2919 1047 3134 1101; x_wconf 83' lang='lat' dir='ltr'><strong>ducere.</strong></span> <span class='ocrx_word' id='word_1_172' title='bbox 3185 1047 3420 1103; x_wconf 80' lang='lat' dir='ltr'><strong>Veniens</strong></span> 
     </span>
    </p>
   </div>
   <div class='ocr_carea' id='block_1_27' title="bbox 1860 1132 3418 1206">
    <p class='ocr_par' dir='ltr' id='par_1_27' title="bbox 1860 1132 3418 1206">
     <span class='ocr_line' id='line_1_27' title="bbox 1860 1132 3418 1206; baseline 0.001 -16"><span class='ocrx_word' id='word_1_173' title='bbox 1860 1147 2040 1190; x_wconf 86' lang='lat' dir='ltr'><strong>autem</strong></span> <span class='ocrx_word' id='word_1_174' title='bbox 2107 1135 2420 1206; x_wconf 82' lang='lat' dir='ltr'><strong>Byzantium</strong></span> <span class='ocrx_word' id='word_1_175' title='bbox 2464 1177 2480 1200; x_wconf 91' lang='lat'><strong>,</strong></span> <span class='ocrx_word' id='word_1_176' title='bbox 2551 1148 2605 1190; x_wconf 89' lang='lat' dir='ltr'><strong>et</strong></span> <span class='ocrx_word' id='word_1_177' title='bbox 2656 1137 2784 1191; x_wconf 88' lang='lat' dir='ltr'><strong>hinc</strong></span> <span class='ocrx_word' id='word_1_178' title='bbox 2840 1138 3054 1192; x_wconf 86' lang='lat' dir='ltr'><strong>solvens</strong></span> <span class='ocrx_word' id='word_1_179' title='bbox 3111 1139 3162 1192; x_wconf 93' lang='lat' dir='ltr'><strong>in</strong></span> <span class='ocrx_word' id='word_1_180' title='bbox 3205 1132 3418 1204; x_wconf 82' lang='lat' dir='ltr'><strong>Asiam,</strong></span> 
     </span>
    </p>
   </div>
   <div class='ocr_carea' id='block_1_28' title="bbox 1860 1227 3418 1283">
    <p class='ocr_par' dir='ltr' id='par_1_28' title="bbox 1860 1227 3418 1283">
     <span class='ocr_line' id='line_1_28' title="bbox 1860 1227 3418 1283; baseline 0.001 -2"><span class='ocrx_word' id='word_1_181' title='bbox 1860 1227 2191 1281; x_wconf 83' lang='lat' dir='ltr'><strong>exercitibus</strong></span> <span class='ocrx_word' id='word_1_182' title='bbox 2219 1227 2568 1282; x_wconf 87' lang='lat' dir='ltr'><strong>circumsedit</strong></span> <span class='ocrx_word' id='word_1_183' title='bbox 2612 1227 2921 1281; x_wconf 85' lang='lat' dir='ltr'><strong>Amastrum</strong></span> <span class='ocrx_word' id='word_1_184' title='bbox 2962 1230 3148 1282; x_wconf 88' lang='lat' dir='ltr'><strong>urbem</strong></span> <span class='ocrx_word' id='word_1_185' title='bbox 3176 1230 3418 1283; x_wconf 85' lang='lat' dir='ltr'><strong>Januen-</strong></span> 
     </span>
    </p>
   </div>
   <div class='ocr_carea' id='block_1_29' title="bbox 1859 1316 3418 1383">
    <p class='ocr_par' dir='ltr' id='par_1_29' title="bbox 1859 1316 3418 1383">
     <span class='ocr_line' id='line_1_29' title="bbox 1859 1316 3418 1383; baseline 0.001 -13"><span class='ocrx_word' id='word_1_186' title='bbox 1859 1317 2024 1383; x_wconf 88' lang='lat' dir='ltr'><strong>sium,</strong></span> <span class='ocrx_word' id='word_1_187' title='bbox 2084 1319 2242 1370; x_wconf 88' lang='lat' dir='ltr'><strong>sitam</strong></span> <span class='ocrx_word' id='word_1_188' title='bbox 2275 1318 2328 1370; x_wconf 91' lang='lat' dir='ltr'><strong>in</strong></span> <span class='ocrx_word' id='word_1_189' title='bbox 2360 1318 2496 1371; x_wconf 89' lang='lat' dir='ltr'><strong>mari</strong></span> <span class='ocrx_word' id='word_1_190' title='bbox 2536 1318 2768 1372; x_wconf 83' lang='lat' dir='ltr'><strong>Euxino.</strong></span> <span class='ocrx_word' id='word_1_191' title='bbox 2801 1319 2936 1371; x_wconf 84' lang='lat' dir='ltr'><strong>Nam</strong></span> <span class='ocrx_word' id='word_1_192' title='bbox 2995 1316 3292 1374; x_wconf 80' lang='lat' dir='ltr'><strong>Januenscs</strong></span> <span class='ocrx_word' id='word_1_193' title='bbox 3317 1319 3418 1372; x_wconf 53' lang='lat' dir='ltr'><strong>mi.</strong></span> 
     </span>
    </p>
   </div>
   <div class='ocr_carea' id='block_1_30' title="bbox 1858 1407 3416 1478">
    <p class='ocr_par' dir='ltr' id='par_1_30' title="bbox 1858 1407 3416 1478">
     <span class='ocr_line' id='line_1_30' title="bbox 1858 1407 3416 1478; baseline -0.001 -14"><span class='ocrx_word' id='word_1_194' title='bbox 1858 1419 2041 1464; x_wconf 85' lang='lat' dir='ltr'><strong>serant</strong></span> <span class='ocrx_word' id='word_1_195' title='bbox 2087 1407 2292 1474; x_wconf 83' lang='lat' dir='ltr'><strong>legatos</strong></span> <span class='ocrx_word' id='word_1_196' title='bbox 2317 1409 2382 1460; x_wconf 88' lang='lat' dir='ltr'><strong>ad</strong></span> <span class='ocrx_word' id='word_1_197' title='bbox 2411 1423 2612 1478; x_wconf 81' lang='lat' dir='ltr'><strong>regem,</strong></span> <span class='ocrx_word' id='word_1_198' title='bbox 2641 1408 2869 1477; x_wconf 88' lang='lat' dir='ltr'><strong>petitum</strong></span> <span class='ocrx_word' id='word_1_199' title='bbox 2900 1409 3086 1464; x_wconf 83' lang='lat' dir='ltr'><strong>urbem</strong></span> <span class='ocrx_word' id='word_1_200' title='bbox 3151 1408 3416 1463; x_wconf 87' lang='lat' dir='ltr'><strong>Galatiam</strong></span> 
     </span>
    </p>
   </div>
   <div class='ocr_carea' id='block_1_31' title="bbox 1859 1497 3416 1570">
    <p class='ocr_par' dir='ltr' id='par_1_31' title="bbox 1859 1497 3416 1570">
     <span class='ocr_line' id='line_1_31' title="bbox 1859 1497 3416 1570; baseline 0.001 -19"><span class='ocrx_word' id='word_1_201' title='bbox 1859 1501 2000 1570; x_wconf 64' lang='lat' dir='ltr'><strong>(quae</strong></span> <span class='ocrx_word' id='word_1_202' title='bbox 2026 1507 2080 1552; x_wconf 89' lang='lat' dir='ltr'><strong>et</strong></span> <span class='ocrx_word' id='word_1_203' title='bbox 2097 1497 2253 1565; x_wconf 86' lang='lat' dir='ltr'><strong>Pera)</strong></span> <span class='ocrx_word' id='word_1_204' title='bbox 2283 1513 2402 1565; x_wconf 70' lang='lat' dir='ltr'><strong>qua:</strong></span> <span class='ocrx_word' id='word_1_205' title='bbox 2433 1499 2675 1566; x_wconf 90' lang='lat' dir='ltr'><strong>ipsorum</strong></span> <span class='ocrx_word' id='word_1_206' title='bbox 2703 1507 2870 1562; x_wconf 84' lang='lat' dir='ltr'><strong>esset,</strong></span> <span class='ocrx_word' id='word_1_207' title='bbox 2897 1514 3060 1569; x_wconf 88' lang='lat' dir='ltr'><strong>quam</strong></span> <span class='ocrx_word' id='word_1_208' title='bbox 3092 1501 3416 1568; x_wconf 84' lang='lat' dir='ltr'><strong>possideret,</strong></span> 
     </span>
    </p>
   </div>
   <div class='ocr_carea' id='block_1_32' title="bbox 1857 1588 3416 1660">
    <p class='ocr_par' dir='ltr' id='par_1_32' title="bbox 1857 1588 3416 1660">
     <span class='ocr_line' id='line_1_32' title="bbox 1857 1588 3416 1660; baseline 0.001 -18"><span class='ocrx_word' id='word_1_209' title='bbox 1857 1589 2107 1659; x_wconf 80' lang='lat' dir='ltr'><strong>quamvis</strong></span> <span class='ocrx_word' id='word_1_210' title='bbox 2153 1588 2354 1642; x_wconf 64' lang='lat' dir='ltr'><strong>foedera</strong></span> <span class='ocrx_word' id='word_1_211' title='bbox 2394 1589 2948 1651; x_wconf 86' lang='lat' dir='ltr'><strong>intervenissent,nec</strong></span> <span class='ocrx_word' id='word_1_212' title='bbox 2990 1591 3166 1659; x_wconf 88' lang='lat' dir='ltr'><strong>aliqua</strong></span> <span class='ocrx_word' id='word_1_213' title='bbox 3216 1591 3416 1660; x_wconf 83' lang='lat' dir='ltr'><strong>injuria</strong></span> 
     </span>
    </p>
   </div>
   <div class='ocr_carea' id='block_1_33' title="bbox 1856 1679 3412 1754">
    <p class='ocr_par' dir='ltr' id='par_1_33' title="bbox 1856 1679 3412 1754">
     <span class='ocr_line' id='line_1_33' title="bbox 1856 1679 3412 1754; baseline 0.001 -20"><span class='ocrx_word' id='word_1_214' title='bbox 1856 1694 1980 1734; x_wconf 89' lang='lat' dir='ltr'><strong>eum</strong></span> <span class='ocrx_word' id='word_1_215' title='bbox 2010 1679 2337 1742; x_wconf 79' lang='lat' dir='ltr'><strong>effecissent,</strong></span> <span class='ocrx_word' id='word_1_216' title='bbox 2360 1679 2623 1754; x_wconf 79' lang='lat' dir='ltr'><strong>foederum</strong></span> <span class='ocrx_word' id='word_1_217' title='bbox 2649 1680 2966 1747; x_wconf 75' lang='lat' dir='ltr'><strong>religionem</strong></span> <span class='ocrx_word' id='word_1_218' title='bbox 2995 1683 3412 1751; x_wconf 86' lang='lat' dir='ltr'><strong>abrumpentes.</strong></span> 
     </span>
    </p>
   </div>
   <div class='ocr_carea' id='block_1_34' title="bbox 206 1747 1755 1850">
    <p class='ocr_par' dir='ltr' id='par_1_34' title="bbox 206 1747 1749 1850">
     <span class='ocr_line' id='line_1_34' title="bbox 206 1747 1749 1850; baseline -0.002 -16"><span class='ocrx_word' id='word_1_219' title='bbox 206 1747 350 1835; x_wconf 56' lang='grc' dir='ltr'>οὐδὲν</span> <span class='ocrx_word' id='word_1_220' title='bbox 373 1747 714 1850; x_wconf 63' lang='grc' dir='ltr'>ἠδικηκότες,</span> <span class='ocrx_word' id='word_1_221' title='bbox 751 1747 868 1834; x_wconf 48' lang='grc' dir='ltr'><strong>καὶ,</strong></span> <span class='ocrx_word' id='word_1_222' title='bbox 906 1747 1410 1849; x_wconf 49' lang='grc' dir='ltr'>σπονδὰς-ἐχόντων</span> <span class='ocrx_word' id='word_1_223' title='bbox 1439 1779 1608 1847; x_wconf 75' lang='grc' dir='ltr'>αὐτῷ.</span> <span class='ocrx_word' id='word_1_224' title='bbox 1627 1747 1749 1833; x_wconf 40' lang='grc' dir='ltr'>’Καί</span> 
     </span>
    </p>
   </div>
   <div class='ocr_carea' id='block_1_35' title="bbox 1856 1747 3420 1850">
    <p class='ocr_par' dir='ltr' id='par_1_35' title="bbox 1856 1747 3420 1840">
     <span class='ocr_line' id='line_1_35' title="bbox 1856 1747 3420 1840; baseline 0.002 -17"><span class='ocrx_word' id='word_1_225' title='bbox 1856 1770 2111 1837; x_wconf 82' lang='lat' dir='ltr'><strong>Quamvis</strong></span> <span class='ocrx_word' id='word_1_226' title='bbox 2130 1777 2309 1823; x_wconf 86' lang='lat' dir='ltr'><strong>autem</strong></span> <span class='ocrx_word' id='word_1_227' title='bbox 2326 1749 2444 1837; x_wconf 84' lang='lat' dir='ltr'><strong>ejus</strong></span> <span class='ocrx_word' id='word_1_228' title='bbox 2459 1778 2636 1838; x_wconf 79' lang='lat' dir='ltr'><strong>partes</strong></span> <span class='ocrx_word' id='word_1_229' title='bbox 2653 1769 2909 1840; x_wconf 75' lang='lat' dir='ltr'><strong>Byzantio</strong></span> <span class='ocrx_word' id='word_1_230' title='bbox 2939 1782 3094 1840; x_wconf 85' lang='lat' dir='ltr'><strong>capto</strong></span> <span class='ocrx_word' id='word_1_231' title='bbox 3114 1747 3420 1838; x_wconf 35' lang='lat' dir='ltr'><strong>sit&#39;secuta,</strong></span> 
     </span>
    </p>
   </div>
   <div class='ocr_carea' id='block_1_36' title="bbox 207 1869 1748 1939">
    <p class='ocr_par' dir='ltr' id='par_1_36' title="bbox 207 1869 1748 1939">
     <span class='ocr_line' id='line_1_36' title="bbox 207 1869 1748 1939; baseline -0.001 -19"><span class='ocrx_word' id='word_1_232' title='bbox 207 1872 254 1920; x_wconf 84' lang='grc' dir='ltr'><strong>εί</strong></span> <span class='ocrx_word' id='word_1_233' title='bbox 298 1869 682 1939; x_wconf 81' lang='grc' dir='ltr'>προσεχώρησε</span> <span class='ocrx_word' id='word_1_234' title='bbox 734 1871 792 1922; x_wconf 81' lang='grc' dir='ltr'><strong>δὲ</strong></span> <span class='ocrx_word' id='word_1_235' title='bbox 841 1869 983 1923; x_wconf 80' lang='grc' dir='ltr'>κατὰ</span> <span class='ocrx_word' id='word_1_236' title='bbox 1035 1871 1135 1938; x_wconf 81' lang='grc' dir='ltr'>τὴν</span> <span class='ocrx_word' id='word_1_237' title='bbox 1174 1869 1470 1932; x_wconf 83' lang='grc' dir='ltr'>Βυζαντίου</span> <span class='ocrx_word' id='word_1_238' title='bbox 1526 1869 1748 1932; x_wconf 77' lang='grc' dir='ltr'>ἅλωσιν,</span> 
     </span>
    </p>
   </div>
   <div class='ocr_carea' id='block_1_37' title="bbox 210 1960 1752 2032">
    <p class='ocr_par' dir='ltr' id='par_1_37' title="bbox 210 1960 1752 2032">
     <span class='ocr_line' id='line_1_37' title="bbox 210 1960 1752 2032; baseline -0.001 -19"><span class='ocrx_word' id='word_1_239' title='bbox 210 1963 383 2032; x_wconf 71' lang='grc' dir='ltr'>ἠξίουν</span> <span class='ocrx_word' id='word_1_240' title='bbox 407 1962 565 2024; x_wconf 80' lang='grc' dir='ltr'>αὖθις</span> <span class='ocrx_word' id='word_1_241' title='bbox 590 1963 776 2030; x_wconf 78' lang='grc' dir='ltr'>σφίσιν</span> <span class='ocrx_word' id='word_1_242' title='bbox 798 1961 1149 2030; x_wconf 79' lang='grc' dir='ltr'>ἀποδοθῆναι.</span> <span class='ocrx_word' id='word_1_243' title='bbox 1194 1961 1459 2023; x_wconf 76' lang='grc' dir='ltr'>Βασιλεὺς</span> <span class='ocrx_word' id='word_1_244' title='bbox 1509 1962 1605 2030; x_wconf 84' lang='grc' dir='ltr'>μὲν</span> <span class='ocrx_word' id='word_1_245' title='bbox 1659 1960 1752 2014; x_wconf 84' lang='grc' dir='ltr'><strong>οῦν</strong></span> 
     </span>
    </p>
   </div>
   <div class='ocr_carea' id='block_1_38' title="bbox 207 2050 1754 2124">
    <p class='ocr_par' dir='ltr' id='par_1_38' title="bbox 207 2050 1754 2124">
     <span class='ocr_line' id='line_1_38' title="bbox 207 2050 1754 2124; baseline -0.001 -18"><span class='ocrx_word' id='word_1_246' title='bbox 207 2057 558 2124; x_wconf 72' lang='grc' dir='ltr'>ἀπεκρίνατο,</span> <span class='ocrx_word' id='word_1_247' title='bbox 585 2055 661 2115; x_wconf 75' lang='grc' dir='ltr'>ὡς</span> <span class='ocrx_word' id='word_1_248' title='bbox 710 2051 837 2108; x_wconf 78' lang='grc' dir='ltr'>οὔτε</span> <span class='ocrx_word' id='word_1_249' title='bbox 885 2054 1046 2116; x_wconf 77' lang='grc' dir='ltr'>αὐτὸς</span> <span class='ocrx_word' id='word_1_250' title='bbox 1079 2053 1316 2121; x_wconf 77' lang='grc' dir='ltr'>ἀδικοίη,</span> <span class='ocrx_word' id='word_1_251' title='bbox 1377 2050 1499 2104; x_wconf 81' lang='grc' dir='ltr'>οὔτε</span> <span class='ocrx_word' id='word_1_252' title='bbox 1553 2052 1754 2114; x_wconf 75' lang='grc' dir='ltr'>ἐλάσας</span> 
     </span>
    </p>
   </div>
   <div class='ocr_carea' id='block_1_39' title="bbox 207 2141 1753 2213">
    <p class='ocr_par' dir='ltr' id='par_1_39' title="bbox 207 2141 1753 2213">
     <span class='ocr_line' id='line_1_39' title="bbox 207 2141 1753 2213; baseline -0.001 -18"><span class='ocrx_word' id='word_1_253' title='bbox 207 2143 312 2196; x_wconf 73' lang='grc' dir='ltr'>ἒλοι</span> <span class='ocrx_word' id='word_1_254' title='bbox 347 2142 446 2213; x_wconf 80' lang='grc' dir='ltr'>τὴν</span> <span class='ocrx_word' id='word_1_255' title='bbox 473 2142 652 2197; x_wconf 83' lang='grc' dir='ltr'>πόλιν.</span> <span class='ocrx_word' id='word_1_256' title='bbox 678 2141 824 2194; x_wconf 80' lang='grc' dir='ltr'>Ἀλλ’</span> <span class='ocrx_word' id='word_1_257' title='bbox 861 2141 910 2194; x_wconf 82' lang='grc' dir='ltr'><strong>οί</strong></span> <span class='ocrx_word' id='word_1_258' title='bbox 942 2142 1041 2210; x_wconf 79' lang='grc' dir='ltr'>τῆς</span> <span class='ocrx_word' id='word_1_259' title='bbox 1083 2141 1289 2202; x_wconf 84' lang='grc' dir='ltr'>πόλεως</span> <span class='ocrx_word' id='word_1_260' title='bbox 1319 2142 1598 2212; x_wconf 77' lang='grc' dir='ltr'>ἄρχοντες,</span> <span class='ocrx_word' id='word_1_261' title='bbox 1629 2143 1753 2208; x_wconf 80' lang='grc' dir='ltr'><strong>ἀφι-</strong></span> 
     </span>
    </p>
   </div>
   <div class='ocr_carea' id='block_1_40' title="bbox 207 2231 1751 2302">
    <p class='ocr_par' dir='ltr' id='par_1_40' title="bbox 207 2231 1751 2302">
     <span class='ocr_line' id='line_1_40' title="bbox 207 2231 1751 2302; baseline -0.001 -17"><span class='ocrx_word' id='word_1_262' title='bbox 207 2235 422 2302; x_wconf 74' lang='grc' dir='ltr'>κόμενοι</span> <span class='ocrx_word' id='word_1_263' title='bbox 447 2233 524 2294; x_wconf 81' lang='grc' dir='ltr'><strong>ὡς</strong></span> <span class='ocrx_word' id='word_1_264' title='bbox 554 2231 740 2296; x_wconf 73' lang='grc' dir='ltr'>αὑτὸν,</span> <span class='ocrx_word' id='word_1_265' title='bbox 773 2231 1097 2301; x_wconf 75' lang='grc' dir='ltr'>παρέδωκάν</span> <span class='ocrx_word' id='word_1_266' title='bbox 1134 2249 1194 2284; x_wconf 88' lang='grc' dir='ltr'><strong>τε</strong></span> <span class='ocrx_word' id='word_1_267' title='bbox 1257 2234 1417 2300; x_wconf 76' lang='grc' dir='ltr'>σφᾶς,</span> <span class='ocrx_word' id='word_1_268' title='bbox 1474 2233 1751 2298; x_wconf 79' lang='grc' dir='ltr'>ἀξιοῦντες</span> 
     </span>
    </p>
   </div>
   <div class='ocr_carea' id='block_1_41' title="bbox 206 2323 1752 2395">
    <p class='ocr_par' dir='ltr' id='par_1_41' title="bbox 206 2323 1752 2395">
     <span class='ocr_line' id='line_1_41' title="bbox 206 2323 1752 2395; baseline -0.002 -18"><span class='ocrx_word' id='word_1_269' title='bbox 206 2323 260 2380; x_wconf 81' lang='grc' dir='ltr'>εὖ</span> <span class='ocrx_word' id='word_1_270' title='bbox 315 2327 551 2395; x_wconf 81' lang='grc' dir='ltr'>πάσχειν</span> <span class='ocrx_word' id='word_1_271' title='bbox 582 2325 686 2378; x_wconf 77' lang='grc' dir='ltr'><strong>ὑπὸ</strong></span> <span class='ocrx_word' id='word_1_272' title='bbox 739 2324 1026 2393; x_wconf 79' lang='grc' dir='ltr'>βασιλέως.</span> <span class='ocrx_word' id='word_1_273' title='bbox 1060 2325 1170 2377; x_wconf 79' lang='grc' dir='ltr'><strong>Καὶ</strong></span> <span class='ocrx_word' id='word_1_274' title='bbox 1198 2325 1368 2393; x_wconf 80' lang='grc' dir='ltr'>ταύτῃ</span> <span class='ocrx_word' id='word_1_275' title='bbox 1421 2323 1752 2394; x_wconf 76' lang='grc' dir='ltr'>παραλαδὼν</span> 
     </span>
    </p>
   </div>
   <div class='ocr_carea' id='block_1_42' title="bbox 206 2413 1752 2483">
    <p class='ocr_par' dir='ltr' id='par_1_42' title="bbox 206 2413 1752 2483">
     <span class='ocr_line' id='line_1_42' title="bbox 206 2413 1752 2483; baseline 0 -18"><span class='ocrx_word' id='word_1_276' title='bbox 206 2415 297 2481; x_wconf 74' lang='grc' dir='ltr'><strong>τὴν</strong></span> <span class='ocrx_word' id='word_1_277' title='bbox 333 2415 516 2477; x_wconf 83' lang='grc' dir='ltr'>πόλιν,</span> <span class='ocrx_word' id='word_1_278' title='bbox 550 2415 741 2466; x_wconf 79' lang='grc' dir='ltr'>οὐδένα</span> <span class='ocrx_word' id='word_1_279' title='bbox 762 2413 1041 2481; x_wconf 72' lang='grc' dir='ltr'>ἠδικηκὼς</span> <span class='ocrx_word' id='word_1_280' title='bbox 1075 2415 1183 2482; x_wconf 74' lang='grc' dir='ltr'>εἴη.</span> <span class='ocrx_word' id='word_1_281' title='bbox 1225 2415 1322 2466; x_wconf 82' lang='grc' dir='ltr'><strong>Διά</strong></span> <span class='ocrx_word' id='word_1_282' title='bbox 1351 2413 1521 2466; x_wconf 88' lang='grc' dir='ltr'>ταῦτα</span> <span class='ocrx_word' id='word_1_283' title='bbox 1573 2413 1636 2483; x_wconf 82' lang='grc' dir='ltr'>δὴ</span> <span class='ocrx_word' id='word_1_284' title='bbox 1663 2414 1752 2465; x_wconf 82' lang='grc' dir='ltr'><strong>τόν</strong></span> 
     </span>
    </p>
   </div>
   <div class='ocr_carea' id='block_1_43' title="bbox 209 2503 1797 2576">
    <p class='ocr_par' dir='ltr' id='par_1_43' title="bbox 209 2503 1797 2576">
     <span class='ocr_line' id='line_1_43' title="bbox 209 2503 1797 2576; baseline 0.001 -19"><span class='ocrx_word' id='word_1_285' title='bbox 209 2507 437 2573; x_wconf 78' lang='grc' dir='ltr'>πόλεμον</span> <span class='ocrx_word' id='word_1_286' title='bbox 465 2504 920 2572; x_wconf 71' lang='grc' dir='ltr'>ἀπαγγελλόντων</span> <span class='ocrx_word' id='word_1_287' title='bbox 961 2505 1069 2556; x_wconf 85' lang='grc' dir='ltr'><strong>τῶν</strong></span> <span class='ocrx_word' id='word_1_288' title='bbox 1099 2503 1344 2558; x_wconf 83' lang='grc' dir='ltr'>Ἰανυῖων</span> <span class='ocrx_word' id='word_1_289' title='bbox 1402 2505 1548 2566; x_wconf 83' lang='grc' dir='ltr'>τότε,</span> <span class='ocrx_word' id='word_1_290' title='bbox 1581 2506 1751 2576; x_wconf 65' lang='grc' dir='ltr'>ἤλαυη</span> <span class='ocrx_word' id='word_1_291' title='bbox 1784 2545 1797 2558; x_wconf 90' lang='grc'><strong>.</strong></span> 
     </span>
    </p>
   </div>
   <div class='ocr_carea' id='block_1_44' title="bbox 210 2597 1744 2667">
    <p class='ocr_par' dir='ltr' id='par_1_44' title="bbox 210 2597 1744 2667">
     <span class='ocr_line' id='line_1_44' title="bbox 210 2597 1744 2667; baseline 0.002 -17"><span class='ocrx_word' id='word_1_292' title='bbox 210 2617 288 2652; x_wconf 78' lang='grc' dir='ltr'><strong>νεν</strong></span> <span class='ocrx_word' id='word_1_293' title='bbox 320 2600 414 2654; x_wconf 74' lang='grc' dir='ltr'><strong>ἐπὶ</strong></span> <span class='ocrx_word' id='word_1_294' title='bbox 453 2600 761 2666; x_wconf 73' lang='grc' dir='ltr'>Ἄμαστριν</span> <span class='ocrx_word' id='word_1_295' title='bbox 781 2600 803 2628; x_wconf 77' lang='grc'><strong>⁸</strong></span> <span class='ocrx_word' id='word_1_296' title='bbox 832 2597 980 2650; x_wconf 85' lang='grc' dir='ltr'>πόλιν</span> <span class='ocrx_word' id='word_1_297' title='bbox 1042 2597 1136 2650; x_wconf 71' lang='grc' dir='ltr'><strong>ἐπὶ</strong></span> <span class='ocrx_word' id='word_1_298' title='bbox 1167 2597 1243 2665; x_wconf 89' lang='grc' dir='ltr'>τῷ</span> <span class='ocrx_word' id='word_1_299' title='bbox 1277 2598 1513 2667; x_wconf 79' lang='grc' dir='ltr'><strong>Εὐξείνῳ</strong></span> <span class='ocrx_word' id='word_1_300' title='bbox 1546 2599 1744 2666; x_wconf 83' lang='grc' dir='ltr'>πόντῳ.</span> 
     </span>
    </p>
   </div>
   <div class='ocr_carea' id='block_1_45' title="bbox 219 2687 1751 2758">
    <p class='ocr_par' dir='ltr' id='par_1_45' title="bbox 219 2687 1751 2758">
     <span class='ocr_line' id='line_1_45' title="bbox 219 2687 1751 2758; baseline -0.001 -14"><span class='ocrx_word' id='word_1_301' title='bbox 219 2691 483 2744; x_wconf 76' lang='grc' dir='ltr'>Ἐλαόνων</span> <span class='ocrx_word' id='word_1_302' title='bbox 501 2690 584 2751; x_wconf 73' lang='grc' dir='ltr'><strong>δὲ,</strong></span> <span class='ocrx_word' id='word_1_303' title='bbox 619 2689 851 2757; x_wconf 75' lang='grc' dir='ltr'>ἐφέρετο</span> <span class='ocrx_word' id='word_1_304' title='bbox 899 2689 997 2758; x_wconf 81' lang='grc' dir='ltr'>μὲν</span> <span class='ocrx_word' id='word_1_305' title='bbox 1027 2687 1224 2758; x_wconf 76' lang='grc' dir='ltr'>χαλκὸν</span> <span class='ocrx_word' id='word_1_306' title='bbox 1259 2688 1489 2742; x_wconf 86' lang='grc' dir='ltr'>ἄπλετον</span> <span class='ocrx_word' id='word_1_307' title='bbox 1517 2691 1611 2742; x_wconf 71' lang='grc' dir='ltr'><strong>ἐπὶ</strong></span> <span class='ocrx_word' id='word_1_308' title='bbox 1641 2691 1751 2742; x_wconf 86' lang='grc' dir='ltr'>τῶν</span> 
     </span>
    </p>
   </div>
   <div class='ocr_carea' id='block_1_46' title="bbox 207 2779 1752 2854">
    <p class='ocr_par' dir='ltr' id='par_1_46' title="bbox 207 2779 1752 2854">
     <span class='ocr_line' id='line_1_46' title="bbox 207 2779 1752 2854; baseline -0.002 -20"><span class='ocrx_word' id='word_1_309' title='bbox 207 2784 459 2854; x_wconf 75' lang='grc' dir='ltr'><strong>καμήλων</strong></span> <span class='ocrx_word' id='word_1_310' title='bbox 481 2783 576 2833; x_wconf 78' lang='grc' dir='ltr'><strong>καὶ</strong></span> <span class='ocrx_word' id='word_1_311' title='bbox 609 2781 940 2846; x_wconf 75' lang='grc' dir='ltr'>ὑποζυγίωνο</span> <span class='ocrx_word' id='word_1_312' title='bbox 970 2782 1134 2851; x_wconf 64' lang='grc' dir='ltr'>ἤγετο</span> <span class='ocrx_word' id='word_1_313' title='bbox 1169 2780 1224 2832; x_wconf 80' lang='grc' dir='ltr'><strong>δὲ</strong></span> <span class='ocrx_word' id='word_1_314' title='bbox 1254 2780 1345 2832; x_wconf 79' lang='grc' dir='ltr'><strong>καὶ</strong></span> <span class='ocrx_word' id='word_1_315' title='bbox 1398 2779 1486 2831; x_wconf 75' lang='grc' dir='ltr'><strong>τὸν</strong></span> <span class='ocrx_word' id='word_1_316' title='bbox 1520 2779 1626 2831; x_wconf 78' lang='grc' dir='ltr'><strong>ἀπὸ</strong></span> <span class='ocrx_word' id='word_1_317' title='bbox 1654 2779 1752 2848; x_wconf 83' lang='grc' dir='ltr'>τῆς</span> 
     </span>
    </p>
   </div>
   <div class='ocr_carea' id='block_1_47' title="bbox 217 2871 1752 2943">
    <p class='ocr_par' dir='ltr' id='par_1_47' title="bbox 217 2871 1752 2943">
     <span class='ocr_line' id='line_1_47' title="bbox 217 2871 1752 2943; baseline -0.005 -14"><span class='ocrx_word' id='word_1_318' title='bbox 217 2877 385 2938; x_wconf 77' lang='grc' dir='ltr'>Ἀσίας</span> <span class='ocrx_word' id='word_1_319' title='bbox 423 2876 679 2943; x_wconf 85' lang='grc' dir='ltr'>στρατόν.</span> <span class='ocrx_word' id='word_1_320' title='bbox 722 2874 807 2935; x_wconf 82' lang='grc' dir='ltr'>Ὠς</span> <span class='ocrx_word' id='word_1_321' title='bbox 846 2874 903 2926; x_wconf 74' lang='grc' dir='ltr'><strong>δὲ</strong></span> <span class='ocrx_word' id='word_1_322' title='bbox 924 2875 1250 2942; x_wconf 79' lang='grc' dir='ltr'>ἀφικόμενος</span> <span class='ocrx_word' id='word_1_323' title='bbox 1297 2873 1602 2941; x_wconf 82' lang='grc' dir='ltr'>ἐπολιόρκει</span> <span class='ocrx_word' id='word_1_324' title='bbox 1654 2871 1752 2938; x_wconf 83' lang='grc' dir='ltr'>τὴν</span> 
     </span>
    </p>
   </div>
   <div class='ocr_carea' id='block_1_48' title="bbox 209 2962 1746 3035">
    <p class='ocr_par' dir='ltr' id='par_1_48' title="bbox 209 2962 1746 3035">
     <span class='ocr_line' id='line_1_48' title="bbox 209 2962 1746 3035; baseline -0.003 -15"><span class='ocrx_word' id='word_1_325' title='bbox 209 2970 367 3030; x_wconf 79' lang='grc' dir='ltr'>πόλιν,</span> <span class='ocrx_word' id='word_1_326' title='bbox 397 2965 823 3035; x_wconf 82' lang='grc' dir='ltr'>προσεχώρησεν</span> <span class='ocrx_word' id='word_1_327' title='bbox 851 2967 884 3034; x_wconf 79' lang='grc' dir='ltr'>ἡ</span> <span class='ocrx_word' id='word_1_328' title='bbox 917 2966 1068 3027; x_wconf 80' lang='grc' dir='ltr'>πόλις</span> <span class='ocrx_word' id='word_1_329' title='bbox 1101 2965 1248 3033; x_wconf 83' lang='grc' dir='ltr'>αὐτῷ</span> <span class='ocrx_word' id='word_1_330' title='bbox 1287 2963 1411 3015; x_wconf 83' lang='grc' dir='ltr'>καθ’</span> <span class='ocrx_word' id='word_1_331' title='bbox 1438 2962 1746 3030; x_wconf 52' lang='grc' dir='ltr'>ὁμολογίαν.</span> 
     </span>
    </p>
   </div>
   <div class='ocr_carea' id='block_1_49' title="bbox 209 3050 1819 3147">
    <p class='ocr_par' dir='ltr' id='par_1_49' title="bbox 209 3050 1819 3147">
     <span class='ocr_line' id='line_1_49' title="bbox 209 3050 1819 3147; baseline -0.002 -39"><span class='ocrx_word' id='word_1_332' title='bbox 209 3057 537 3126; x_wconf 72' lang='grc' dir='ltr'>Παραλαϐὼν</span> <span class='ocrx_word' id='word_1_333' title='bbox 559 3056 617 3108; x_wconf 72' lang='grc' dir='ltr'><strong>δὲ</strong></span> <span class='ocrx_word' id='word_1_334' title='bbox 639 3057 733 3125; x_wconf 82' lang='grc' dir='ltr'>τὴν</span> <span class='ocrx_word' id='word_1_335' title='bbox 765 3055 940 3118; x_wconf 84' lang='grc' dir='ltr'>πόλιν,</span> <span class='ocrx_word' id='word_1_336' title='bbox 965 3054 1027 3107; x_wconf 79' lang='grc' dir='ltr'><strong>τὸ</strong></span> <span class='ocrx_word' id='word_1_337' title='bbox 1054 3054 1154 3120; x_wconf 80' lang='grc' dir='ltr'>μὲν</span> <span class='ocrx_word' id='word_1_338' title='bbox 1181 3054 1363 3122; x_wconf 75' lang='grc' dir='ltr'>τρίτον</span> <span class='ocrx_word' id='word_1_339' title='bbox 1384 3055 1547 3121; x_wconf 74' lang='grc' dir='ltr'>μέρος</span> <span class='ocrx_word' id='word_1_340' title='bbox 1581 3050 1745 3105; x_wconf 83' lang='grc' dir='ltr'>αὑτοῦ</span> <span class='ocrx_word' id='word_1_341' title='bbox 1777 3090 1819 3147; x_wconf 77' lang='lat' dir='ltr'><strong><em>C</em></strong></span> 
     </span>
    </p>
   </div>
   <div class='ocr_carea' id='block_1_50' title="bbox 207 3147 1748 3219">
    <p class='ocr_par' dir='ltr' id='par_1_50' title="bbox 207 3147 1748 3219">
     <span class='ocr_line' id='line_1_50' title="bbox 207 3147 1748 3219; baseline -0.005 -14"><span class='ocrx_word' id='word_1_342' title='bbox 207 3152 517 3205; x_wconf 83' lang='grc' dir='ltr'>καταλιπὼν</span> <span class='ocrx_word' id='word_1_343' title='bbox 547 3154 602 3203; x_wconf 82' lang='grc' dir='ltr'>ὲν</span> <span class='ocrx_word' id='word_1_344' title='bbox 625 3153 689 3219; x_wconf 80' lang='grc' dir='ltr'>τῇ</span> <span class='ocrx_word' id='word_1_345' title='bbox 720 3150 894 3215; x_wconf 86' lang='grc' dir='ltr'>πόλει,</span> <span class='ocrx_word' id='word_1_346' title='bbox 929 3151 1028 3211; x_wconf 78' lang='grc' dir='ltr'><strong>τὰς</strong></span> <span class='ocrx_word' id='word_1_347' title='bbox 1063 3149 1156 3202; x_wconf 83' lang='grc' dir='ltr'>δύο</span> <span class='ocrx_word' id='word_1_348' title='bbox 1193 3149 1389 3214; x_wconf 84' lang='grc' dir='ltr'>μοίρας</span> <span class='ocrx_word' id='word_1_349' title='bbox 1415 3147 1638 3213; x_wconf 81' lang='grc' dir='ltr'>ἀγαγὼν</span> <span class='ocrx_word' id='word_1_350' title='bbox 1654 3147 1748 3214; x_wconf 80' lang='grc' dir='ltr'>τῆς</span> 
     </span>
    </p>
   </div>
   <div class='ocr_carea' id='block_1_51' title="bbox 207 3239 1751 3310">
    <p class='ocr_par' dir='ltr' id='par_1_51' title="bbox 207 3239 1751 3310">
     <span class='ocr_line' id='line_1_51' title="bbox 207 3239 1751 3310; baseline -0.004 -14"><span class='ocrx_word' id='word_1_351' title='bbox 207 3245 426 3307; x_wconf 75' lang='grc' dir='ltr'>πόλεως,</span> <span class='ocrx_word' id='word_1_352' title='bbox 492 3245 551 3306; x_wconf 78' lang='grc' dir='ltr'>ἐς</span> <span class='ocrx_word' id='word_1_353' title='bbox 611 3241 903 3304; x_wconf 77' lang='grc' dir='ltr'>Βυζάντιον</span> <span class='ocrx_word' id='word_1_354' title='bbox 963 3241 1259 3310; x_wconf 80' lang='grc' dir='ltr'>κατῴκισε.</span> <span class='ocrx_word' id='word_1_355' title='bbox 1323 3241 1429 3292; x_wconf 81' lang='grc' dir='ltr'>Καί</span> <span class='ocrx_word' id='word_1_356' title='bbox 1462 3256 1610 3301; x_wconf 83' lang='grc' dir='ltr'>τινας</span> <span class='ocrx_word' id='word_1_357' title='bbox 1645 3239 1751 3291; x_wconf 83' lang='grc' dir='ltr'><strong>τῶν</strong></span> 
     </span>
    </p>
   </div>
   <div class='ocr_carea' id='block_1_52' title="bbox 207 3328 1750 3401">
    <p class='ocr_par' dir='ltr' id='par_1_52' title="bbox 207 3328 1750 3401">
     <span class='ocr_line' id='line_1_52' title="bbox 207 3328 1750 3401; baseline -0.005 -14"><span class='ocrx_word' id='word_1_358' title='bbox 207 3338 402 3390; x_wconf 75' lang='grc' dir='ltr'>παίδων</span> <span class='ocrx_word' id='word_1_359' title='bbox 438 3335 605 3390; x_wconf 81' lang='grc' dir='ltr'>αὐτοῦ</span> <span class='ocrx_word' id='word_1_360' title='bbox 633 3334 729 3401; x_wconf 79' lang='grc' dir='ltr'>τῆς</span> <span class='ocrx_word' id='word_1_361' title='bbox 764 3333 974 3394; x_wconf 86' lang='grc' dir='ltr'>πόλεως</span> <span class='ocrx_word' id='word_1_362' title='bbox 1024 3331 1338 3400; x_wconf 77' lang='grc' dir='ltr'>ἐξελόμενος</span> <span class='ocrx_word' id='word_1_363' title='bbox 1389 3328 1586 3397; x_wconf 76' lang='grc' dir='ltr'>ἑαυτῷ,</span> <span class='ocrx_word' id='word_1_364' title='bbox 1630 3331 1750 3379; x_wconf 81' lang='grc' dir='ltr'><strong>ἐκο-</strong></span> 
     </span>
    </p>
   </div>
   <div class='ocr_carea' id='block_1_53' title="bbox 208 3421 1750 3493">
    <p class='ocr_par' dir='ltr' id='par_1_53' title="bbox 208 3421 1750 3493">
     <span class='ocr_line' id='line_1_53' title="bbox 208 3421 1750 3493; baseline -0.003 -16"><span class='ocrx_word' id='word_1_365' title='bbox 208 3428 377 3493; x_wconf 81' lang='grc' dir='ltr'>μίζετο</span> <span class='ocrx_word' id='word_1_366' title='bbox 428 3424 516 3478; x_wconf 76' lang='grc' dir='ltr'><strong>ἐπ’</strong></span> <span class='ocrx_word' id='word_1_367' title='bbox 576 3424 750 3477; x_wconf 79' lang='grc' dir='ltr'>οἴκου.</span> <span class='ocrx_word' id='word_1_368' title='bbox 788 3424 957 3476; x_wconf 83' lang='grc' dir='ltr'>Ἔνθα</span> <span class='ocrx_word' id='word_1_369' title='bbox 1002 3424 1066 3493; x_wconf 82' lang='grc' dir='ltr'><strong>δὴ</strong></span> <span class='ocrx_word' id='word_1_370' title='bbox 1122 3423 1267 3490; x_wconf 83' lang='grc' dir='ltr'>αὐτῷ</span> <span class='ocrx_word' id='word_1_371' title='bbox 1333 3421 1629 3489; x_wconf 74' lang='grc' dir='ltr'>ἠγγέλλετο</span> <span class='ocrx_word' id='word_1_372' title='bbox 1681 3421 1750 3474; x_wconf 75' lang='grc' dir='ltr'>τὰ</span> 
     </span>
    </p>
   </div>
   <div class='ocr_carea' id='block_1_54' title="bbox 207 3511 1749 3583">
    <p class='ocr_par' dir='ltr' id='par_1_54' title="bbox 207 3511 1749 3583">
     <span class='ocr_line' id='line_1_54' title="bbox 207 3511 1749 3583; baseline -0.004 -15"><span class='ocrx_word' id='word_1_373' title='bbox 207 3517 460 3568; x_wconf 78' lang='grc' dir='ltr'>Χασάνεω</span> <span class='ocrx_word' id='word_1_374' title='bbox 541 3514 844 3582; x_wconf 82' lang='grc' dir='ltr'>πράγματα</span> <span class='ocrx_word' id='word_1_375' title='bbox 924 3515 1122 3583; x_wconf 79' lang='grc' dir='ltr'>χωρεῖν</span> <span class='ocrx_word' id='word_1_376' title='bbox 1197 3514 1292 3565; x_wconf 75' lang='grc' dir='ltr'><strong>ἐπὶ</strong></span> <span class='ocrx_word' id='word_1_377' title='bbox 1371 3511 1543 3580; x_wconf 88' lang='grc' dir='ltr'>μέσης</span> <span class='ocrx_word' id='word_1_378' title='bbox 1574 3513 1595 3543; x_wconf 77' lang='grc'><strong>⁸</strong></span> <span class='ocrx_word' id='word_1_379' title='bbox 1663 3512 1749 3563; x_wconf 85' lang='grc' dir='ltr'><strong>δυ-</strong></span> 
     </span>
    </p>
   </div>
   <div class='ocr_carea' id='block_1_55' title="bbox 205 3602 1752 3674">
    <p class='ocr_par' dir='ltr' id='par_1_55' title="bbox 205 3602 1752 3674">
     <span class='ocr_line' id='line_1_55' title="bbox 205 3602 1752 3674; baseline -0.003 -17"><span class='ocrx_word' id='word_1_380' title='bbox 205 3607 409 3674; x_wconf 78' lang='grc' dir='ltr'>νάμεως</span> <span class='ocrx_word' id='word_1_381' title='bbox 472 3605 569 3658; x_wconf 73' lang='grc' dir='ltr'><strong>καὶ</strong></span> <span class='ocrx_word' id='word_1_382' title='bbox 651 3603 1012 3672; x_wconf 78' lang='grc' dir='ltr'>Ἑρζιγάνην,</span> <span class='ocrx_word' id='word_1_383' title='bbox 1078 3605 1146 3657; x_wconf 75' lang='grc' dir='ltr'><strong>τὰ</strong></span> <span class='ocrx_word' id='word_1_384' title='bbox 1237 3603 1540 3672; x_wconf 81' lang='grc' dir='ltr'>Ἀρμενίων</span> <span class='ocrx_word' id='word_1_385' title='bbox 1599 3602 1752 3671; x_wconf 82' lang='grc' dir='ltr'>βασί-</span> 
     </span>
    </p>
   </div>
   <div class='ocr_carea' id='block_1_56' title="bbox 205 3689 1747 3762">
    <p class='ocr_par' dir='ltr' id='par_1_56' title="bbox 205 3689 1747 3762">
     <span class='ocr_line' id='line_1_56' title="bbox 205 3689 1747 3762; baseline 0 -20"><span class='ocrx_word' id='word_1_386' title='bbox 205 3692 329 3746; x_wconf 81' lang='grc' dir='ltr'>λεια.</span> <span class='ocrx_word' id='word_1_387' title='bbox 376 3692 543 3745; x_wconf 80' lang='grc' dir='ltr'><strong>Ἀλλά</strong></span> <span class='ocrx_word' id='word_1_388' title='bbox 573 3690 744 3744; x_wconf 86' lang='grc' dir='ltr'>ταῦτα</span> <span class='ocrx_word' id='word_1_389' title='bbox 780 3691 876 3760; x_wconf 81' lang='grc' dir='ltr'>μὲν</span> <span class='ocrx_word' id='word_1_390' title='bbox 907 3689 1132 3761; x_wconf 79' lang='grc' dir='ltr'>ὕστερον</span> <span class='ocrx_word' id='word_1_391' title='bbox 1188 3691 1264 3760; x_wconf 84' lang='grc' dir='ltr'>τῷ</span> <span class='ocrx_word' id='word_1_392' title='bbox 1292 3691 1400 3745; x_wconf 72' lang='grc' dir='ltr'>ἔτει</span> <span class='ocrx_word' id='word_1_393' title='bbox 1428 3693 1604 3762; x_wconf 84' lang='grc' dir='ltr'>τούτῳ</span> <span class='ocrx_word' id='word_1_394' title='bbox 1632 3692 1747 3756; x_wconf 79' lang='grc' dir='ltr'><strong>ὲγέ-</strong></span> 
     </span>
    </p>
   </div>
   <div class='ocr_carea' id='block_1_57' title="bbox 206 3799 330 3835">
    <p class='ocr_par' dir='ltr' id='par_1_57' title="bbox 206 3799 330 3835">
     <span class='ocr_line' id='line_1_57' title="bbox 206 3799 330 3835; baseline 0 0"><span class='ocrx_word' id='word_1_395' title='bbox 206 3799 330 3835; x_wconf 82' lang='grc' dir='ltr'>νετο.</span> 
     </span>
    </p>
   </div>
   <div class='ocr_carea' id='block_1_58' title="bbox 265 3871 1752 3941">
    <p class='ocr_par' dir='ltr' id='par_1_58' title="bbox 265 3871 1752 3941">
     <span class='ocr_line' id='line_1_58' title="bbox 265 3871 1752 3941; baseline -0.001 -18"><span class='ocrx_word' id='word_1_396' title='bbox 265 3871 481 3924; x_wconf 75' lang='grc' dir='ltr'>Βασιλεῖ</span> <span class='ocrx_word' id='word_1_397' title='bbox 524 3872 709 3937; x_wconf 83' lang='grc' dir='ltr'>μέντοι</span> <span class='ocrx_word' id='word_1_398' title='bbox 737 3872 1074 3936; x_wconf 78' lang='grc' dir='ltr'>ὲξελαύνοντι</span> <span class='ocrx_word' id='word_1_399' title='bbox 1101 3871 1208 3923; x_wconf 82' lang='grc' dir='ltr'><strong>ἀπὸ</strong></span> <span class='ocrx_word' id='word_1_400' title='bbox 1239 3871 1663 3941; x_wconf 84' lang='grc' dir='ltr'>Πελοποννήσου,</span> <span class='ocrx_word' id='word_1_401' title='bbox 1693 3873 1752 3934; x_wconf 78' lang='grc' dir='ltr'>ἐς</span> 
     </span>
    </p>
   </div>
   <div class='ocr_carea' id='block_1_59' title="bbox 204 3961 1751 4033">
    <p class='ocr_par' dir='ltr' id='par_1_59' title="bbox 204 3961 1751 4033">
     <span class='ocr_line' id='line_1_59' title="bbox 204 3961 1751 4033; baseline 0.003 -20"><span class='ocrx_word' id='word_1_402' title='bbox 204 3963 287 4026; x_wconf 68' lang='grc' dir='ltr'>τὰς</span> <span class='ocrx_word' id='word_1_403' title='bbox 315 3964 494 4033; x_wconf 71' lang='grc' dir='ltr'>ὓῦρις</span> <span class='ocrx_word' id='word_1_404' title='bbox 522 3964 751 4032; x_wconf 81' lang='grc' dir='ltr'>ἀφίκετο</span> <span class='ocrx_word' id='word_1_405' title='bbox 773 3965 800 4014; x_wconf 86' lang='grc' dir='ltr'><strong>ό</strong></span> <span class='ocrx_word' id='word_1_406' title='bbox 826 3962 1092 4031; x_wconf 82' lang='grc' dir='ltr'>βασιλέως</span> <span class='ocrx_word' id='word_1_407' title='bbox 1141 3961 1368 4030; x_wconf 73' lang='grc' dir='ltr'>ἀδελφὸς</span> <span class='ocrx_word' id='word_1_408' title='bbox 1401 3963 1751 4032; x_wconf 79' lang='grc' dir='ltr'>Τραπεζοῦν-</span> 
     </span>
    </p>
   </div>
   <div class='ocr_carea' id='block_1_60' title="bbox 205 4054 1749 4123">
    <p class='ocr_par' dir='ltr' id='par_1_60' title="bbox 205 4054 1749 4123">
     <span class='ocr_line' id='line_1_60' title="bbox 205 4054 1749 4123; baseline -0.001 -16"><span class='ocrx_word' id='word_1_409' title='bbox 205 4071 286 4117; x_wconf 82' lang='grc' dir='ltr'><strong>τος</strong></span> <span class='ocrx_word' id='word_1_410' title='bbox 316 4055 504 4118; x_wconf 75' lang='grc' dir='ltr'>Δαόὶδ,</span> <span class='ocrx_word' id='word_1_411' title='bbox 532 4057 623 4106; x_wconf 87' lang='grc' dir='ltr'><strong>τόν</strong></span> <span class='ocrx_word' id='word_1_412' title='bbox 646 4071 704 4106; x_wconf 89' lang='grc' dir='ltr'><strong>τε</strong></span> <span class='ocrx_word' id='word_1_413' title='bbox 739 4055 904 4123; x_wconf 81' lang='grc' dir='ltr'>φόρον</span> <span class='ocrx_word' id='word_1_414' title='bbox 945 4054 1156 4122; x_wconf 76' lang='grc' dir='ltr'>ἐπέχων</span> <span class='ocrx_word' id='word_1_415' title='bbox 1184 4056 1228 4116; x_wconf 82' lang='grc'>⁸,</span> <span class='ocrx_word' id='word_1_416' title='bbox 1265 4056 1358 4106; x_wconf 72' lang='grc' dir='ltr'><strong>καὶ</strong></span> <span class='ocrx_word' id='word_1_417' title='bbox 1391 4054 1487 4114; x_wconf 82' lang='grc' dir='ltr'><strong>τὰς</strong></span> <span class='ocrx_word' id='word_1_418' title='bbox 1522 4054 1749 4115; x_wconf 81' lang='grc' dir='ltr'>σπονδὰς</span> 
     </span>
    </p>
   </div>
   <div class='ocr_carea' id='block_1_61' title="bbox 204 4145 1750 4214">
    <p class='ocr_par' dir='ltr' id='par_1_61' title="bbox 204 4145 1750 4214">
     <span class='ocr_line' id='line_1_61' title="bbox 204 4145 1750 4214; baseline 0.001 -18"><span class='ocrx_word' id='word_1_419' title='bbox 204 4147 464 4212; x_wconf 71' lang='grc' dir='ltr'>ἐμπεδῶν.</span> <span class='ocrx_word' id='word_1_420' title='bbox 499 4146 688 4212; x_wconf 78' lang='grc' dir='ltr'>υίγὰρ</span> <span class='ocrx_word' id='word_1_421' title='bbox 737 4145 994 4213; x_wconf 82' lang='grc' dir='ltr'>Κολχίδος</span> <span class='ocrx_word' id='word_1_422' title='bbox 1045 4145 1289 4214; x_wconf 83' lang='grc' dir='ltr'>βασιλεῖς</span> <span class='ocrx_word' id='word_1_423' title='bbox 1344 4146 1591 4212; x_wconf 80' lang='grc' dir='ltr'>λέγονται</span> <span class='ocrx_word' id='word_1_424' title='bbox 1653 4146 1750 4214; x_wconf 83' lang='grc' dir='ltr'>μὲν</span> 
     </span>
    </p>
   </div>
   <div class='ocr_carea' id='block_1_62' title="bbox 204 4235 1752 4307">
    <p class='ocr_par' dir='ltr' id='par_1_62' title="bbox 204 4235 1752 4307">
     <span class='ocr_line' id='line_1_62' title="bbox 204 4235 1752 4307; baseline 0.001 -20"><span class='ocrx_word' id='word_1_425' title='bbox 204 4239 448 4303; x_wconf 77' lang='grc' dir='ltr'>γενέσθαι</span> <span class='ocrx_word' id='word_1_426' title='bbox 477 4239 741 4307; x_wconf 82' lang='grc' dir='ltr'>πρότερον</span> <span class='ocrx_word' id='word_1_427' title='bbox 773 4235 1064 4298; x_wconf 75' lang='grc' dir='ltr'>Βυζαντίου</span> <span class='ocrx_word' id='word_1_428' title='bbox 1115 4235 1374 4304; x_wconf 72' lang='grc' dir='ltr'>βασιλεῖς,</span> <span class='ocrx_word' id='word_1_429' title='bbox 1403 4237 1500 4304; x_wconf 84' lang='grc' dir='ltr'>τῆς</span> <span class='ocrx_word' id='word_1_430' title='bbox 1529 4237 1752 4305; x_wconf 79' lang='grc' dir='ltr'>Κομνη·</span> 
     </span>
    </p>
   </div>
   <div class='ocr_carea' id='block_1_63' title="bbox 204 4325 1750 4396">
    <p class='ocr_par' dir='ltr' id='par_1_63' title="bbox 204 4325 1750 4396">
     <span class='ocr_line' id='line_1_63' title="bbox 204 4325 1750 4396; baseline 0.001 -18"><span class='ocrx_word' id='word_1_431' title='bbox 204 4330 300 4380; x_wconf 79' lang='grc' dir='ltr'>νῶν</span> <span class='ocrx_word' id='word_1_432' title='bbox 329 4329 530 4389; x_wconf 74' lang='grc' dir='ltr'><strong>οἰκίας⁹</strong></span> <span class='ocrx_word' id='word_1_433' title='bbox 564 4330 786 4388; x_wconf 85' lang='grc' dir='ltr'>τούτους</span> <span class='ocrx_word' id='word_1_434' title='bbox 818 4325 862 4378; x_wconf 82' lang='grc' dir='ltr'><strong>δ’</strong></span> <span class='ocrx_word' id='word_1_435' title='bbox 886 4326 959 4390; x_wconf 84' lang='grc' dir='ltr'><strong>ὡς</strong></span> <span class='ocrx_word' id='word_1_436' title='bbox 992 4328 1248 4379; x_wconf 78' lang='grc' dir='ltr'>ἐκπεσεῖν</span> <span class='ocrx_word' id='word_1_437' title='bbox 1283 4327 1384 4394; x_wconf 82' lang='grc' dir='ltr'>τῆς</span> <span class='ocrx_word' id='word_1_438' title='bbox 1447 4327 1750 4396; x_wconf 79' lang='grc' dir='ltr'>βασιλείας,</span> 
     </span>
    </p>
   </div>
   <div class='ocr_carea' id='block_1_64' title="bbox 1854 1858 3416 1927">
    <p class='ocr_par' dir='ltr' id='par_1_64' title="bbox 1854 1858 3416 1927">
     <span class='ocr_line' id='line_1_64' title="bbox 1854 1858 3416 1927; baseline 0 -13"><span class='ocrx_word' id='word_1_439' title='bbox 1854 1859 2031 1914; x_wconf 78' lang='lat' dir='ltr'><strong>tamen</strong></span> <span class='ocrx_word' id='word_1_440' title='bbox 2045 1872 2162 1911; x_wconf 88' lang='lat' dir='ltr'><strong>eam</strong></span> <span class='ocrx_word' id='word_1_441' title='bbox 2180 1858 2280 1912; x_wconf 89' lang='lat' dir='ltr'><strong>sibi</strong></span> <span class='ocrx_word' id='word_1_442' title='bbox 2297 1860 2501 1911; x_wconf 83' lang='lat' dir='ltr'><strong>restitui</strong></span> <span class='ocrx_word' id='word_1_443' title='bbox 2518 1859 2761 1911; x_wconf 86' lang='lat' dir='ltr'><strong>orabant.</strong></span> <span class='ocrx_word' id='word_1_444' title='bbox 2778 1859 2889 1912; x_wconf 74' lang='lat' dir='ltr'><strong>[lex</strong></span> <span class='ocrx_word' id='word_1_445' title='bbox 2909 1859 3096 1927; x_wconf 79' lang='lat' dir='ltr'><strong>legatis</strong></span> <span class='ocrx_word' id='word_1_446' title='bbox 3115 1862 3416 1927; x_wconf 64' lang='lat' dir='ltr'><strong>restiondit,</strong></span> 
     </span>
    </p>
   </div>
   <div class='ocr_carea' id='block_1_65' title="bbox 1851 1948 3416 2013">
    <p class='ocr_par' dir='ltr' id='par_1_65' title="bbox 1851 1948 3416 2013">
     <span class='ocr_line' id='line_1_65' title="bbox 1851 1948 3416 2013; baseline -0.001 -10"><span class='ocrx_word' id='word_1_447' title='bbox 1851 1965 1910 2003; x_wconf 88' lang='lat' dir='ltr'><strong>se</strong></span> <span class='ocrx_word' id='word_1_448' title='bbox 1926 1950 2124 2003; x_wconf 87' lang='lat' dir='ltr'><strong>nullam</strong></span> <span class='ocrx_word' id='word_1_449' title='bbox 2145 1948 2386 2003; x_wconf 81' lang='lat' dir='ltr'><strong>fraudem</strong></span> <span class='ocrx_word' id='word_1_450' title='bbox 2406 1948 2858 2013; x_wconf 71' lang='lat' dir='ltr'><strong>Galatiaefecisse,</strong></span> <span class='ocrx_word' id='word_1_451' title='bbox 2883 1964 2980 2003; x_wconf 90' lang='lat' dir='ltr'><strong>nec</strong></span> <span class='ocrx_word' id='word_1_452' title='bbox 2998 1951 3266 2004; x_wconf 80' lang='lat' dir='ltr'><strong>exercitus</strong></span> <span class='ocrx_word' id='word_1_453' title='bbox 3283 1964 3416 2004; x_wconf 82' lang='lat' dir='ltr'><strong>con-</strong></span> 
     </span>
    </p>
   </div>
   <div class='ocr_carea' id='block_1_66' title="bbox 1853 2022 3416 2108">
    <p class='ocr_par' dir='ltr' id='par_1_66' title="bbox 1853 2022 3416 2108">
     <span class='ocr_line' id='line_1_66' title="bbox 1853 2022 3416 2108; baseline 0.001 -16"><span class='ocrx_word' id='word_1_454' title='bbox 1853 2047 1932 2092; x_wconf 85' lang='lat' dir='ltr'><strong>tra</strong></span> <span class='ocrx_word' id='word_1_455' title='bbox 1953 2053 2072 2093; x_wconf 88' lang='lat' dir='ltr'><strong>eam</strong></span> <span class='ocrx_word' id='word_1_456' title='bbox 2097 2039 2350 2102; x_wconf 90' lang='lat' dir='ltr'><strong>movisse,</strong></span> <span class='ocrx_word' id='word_1_457' title='bbox 2377 2054 2473 2092; x_wconf 88' lang='lat' dir='ltr'><strong>nec</strong></span> <span class='ocrx_word' id='word_1_458' title='bbox 2492 2041 2654 2091; x_wconf 90' lang='lat' dir='ltr'><strong>etiam</strong></span> <span class='ocrx_word' id='word_1_459' title='bbox 2673 2053 2792 2092; x_wconf 84' lang='lat' dir='ltr'><strong>eam</strong></span> <span class='ocrx_word' id='word_1_460' title='bbox 2813 2041 2866 2091; x_wconf 88' lang='lat' dir='ltr'><strong>vi</strong></span> <span class='ocrx_word' id='word_1_461' title='bbox 2884 2022 3232 2108; x_wconf 73' lang='lat' dir='ltr'><strong>expugnasse</strong></span> <span class='ocrx_word' id='word_1_462' title='bbox 3265 2057 3279 2094; x_wconf 89' lang='lat'><strong>:</strong></span> <span class='ocrx_word' id='word_1_463' title='bbox 3310 2057 3416 2094; x_wconf 83' lang='lat' dir='ltr'><strong>ve-</strong></span> 
     </span>
    </p>
   </div>
   <div class='ocr_carea' id='block_1_67' title="bbox 1851 2128 3412 2199">
    <p class='ocr_par' dir='ltr' id='par_1_67' title="bbox 1851 2128 3412 2199">
     <span class='ocr_line' id='line_1_67' title="bbox 1851 2128 3412 2199; baseline 0 -17"><span class='ocrx_word' id='word_1_464' title='bbox 1851 2144 1969 2182; x_wconf 90' lang='lat' dir='ltr'><strong>rum</strong></span> <span class='ocrx_word' id='word_1_465' title='bbox 1993 2129 2142 2183; x_wconf 87' lang='lat' dir='ltr'><strong>urbis</strong></span> <span class='ocrx_word' id='word_1_466' title='bbox 2161 2128 2394 2198; x_wconf 72' lang='lat' dir='ltr'><strong>praefecti</strong></span> <span class='ocrx_word' id='word_1_467' title='bbox 2418 2129 2789 2195; x_wconf 84' lang='lat' dir='ltr'><strong>advenientes,</strong></span> <span class='ocrx_word' id='word_1_468' title='bbox 2815 2135 3132 2199; x_wconf 86' lang='lat' dir='ltr'><strong>semetipsos</strong></span> <span class='ocrx_word' id='word_1_469' title='bbox 3149 2143 3201 2185; x_wconf 89' lang='lat' dir='ltr'><strong>et</strong></span> <span class='ocrx_word' id='word_1_470' title='bbox 3226 2134 3412 2184; x_wconf 88' lang='lat' dir='ltr'><strong>urbem</strong></span> 
     </span>
    </p>
   </div>
   <div class='ocr_carea' id='block_1_68' title="bbox 1851 2220 3422 2290">
    <p class='ocr_par' dir='ltr' id='par_1_68' title="bbox 1851 2220 3422 2290">
     <span class='ocr_line' id='line_1_68' title="bbox 1851 2220 3422 2290; baseline 0.002 -17"><span class='ocrx_word' id='word_1_471' title='bbox 1851 2220 1978 2274; x_wconf 87' lang='lat' dir='ltr'><strong>mihi</strong></span> <span class='ocrx_word' id='word_1_472' title='bbox 2002 2222 2284 2282; x_wconf 85' lang='lat' dir='ltr'><strong>tradidere,</strong></span> <span class='ocrx_word' id='word_1_473' title='bbox 2307 2237 2363 2274; x_wconf 86' lang='lat' dir='ltr'><strong>ut</strong></span> <span class='ocrx_word' id='word_1_474' title='bbox 2391 2222 2520 2290; x_wconf 89' lang='lat' dir='ltr'><strong>quid</strong></span> <span class='ocrx_word' id='word_1_475' title='bbox 2548 2221 2672 2275; x_wconf 85' lang='lat' dir='ltr'><strong>boni</strong></span> <span class='ocrx_word' id='word_1_476' title='bbox 2692 2223 2890 2289; x_wconf 69' lang='lat' dir='ltr'><strong>potius,</strong></span> <span class='ocrx_word' id='word_1_477' title='bbox 2915 2237 3072 2289; x_wconf 88' lang='lat' dir='ltr'><strong>quam</strong></span> <span class='ocrx_word' id='word_1_478' title='bbox 3098 2225 3244 2285; x_wconf 88' lang='lat' dir='ltr'><strong>mali,</strong></span> <span class='ocrx_word' id='word_1_479' title='bbox 3267 2237 3296 2274; x_wconf 90' lang='lat' dir='ltr'><strong>a</strong></span> <span class='ocrx_word' id='word_1_480' title='bbox 3327 2236 3422 2276; x_wconf 74' lang='lat' dir='ltr'><strong>me</strong></span> 
     </span>
    </p>
   </div>
   <div class='ocr_carea' id='block_1_69' title="bbox 1850 2293 3413 2381">
    <p class='ocr_par' dir='ltr' id='par_1_69' title="bbox 1850 2293 3413 2381">
     <span class='ocr_line' id='line_1_69' title="bbox 1850 2293 3413 2381; baseline -0.001 -15"><span class='ocrx_word' id='word_1_481' title='bbox 1850 2321 2184 2380; x_wconf 87' lang='lat' dir='ltr'><strong>paterentur.</strong></span> <span class='ocrx_word' id='word_1_482' title='bbox 2209 2293 2268 2366; x_wconf 73' lang='lat' dir='ltr'><strong>in</strong></span> <span class='ocrx_word' id='word_1_483' title='bbox 2295 2313 2435 2367; x_wconf 91' lang='lat' dir='ltr'><strong>hunc</strong></span> <span class='ocrx_word' id='word_1_484' title='bbox 2457 2312 2676 2366; x_wconf 91' lang='lat' dir='ltr'><strong>modum</strong></span> <span class='ocrx_word' id='word_1_485' title='bbox 2711 2313 2843 2367; x_wconf 84' lang='lat' dir='ltr'><strong>urbe</strong></span> <span class='ocrx_word' id='word_1_486' title='bbox 2885 2314 2985 2367; x_wconf 88' lang='lat' dir='ltr'><strong>ista</strong></span> <span class='ocrx_word' id='word_1_487' title='bbox 3022 2313 3224 2381; x_wconf 86' lang='lat' dir='ltr'><strong>potitus</strong></span> <span class='ocrx_word' id='word_1_488' title='bbox 3269 2327 3413 2376; x_wconf 85' lang='lat' dir='ltr'><strong>sum,</strong></span> 
     </span>
    </p>
   </div>
   <div class='ocr_carea' id='block_1_70' title="bbox 1850 2403 3413 2472">
    <p class='ocr_par' dir='ltr' id='par_1_70' title="bbox 1850 2403 3413 2472">
     <span class='ocr_line' id='line_1_70' title="bbox 1850 2403 3413 2472; baseline 0.002 -18"><span class='ocrx_word' id='word_1_489' title='bbox 1850 2417 1948 2458; x_wconf 86' lang='lat' dir='ltr'><strong>nec</strong></span> <span class='ocrx_word' id='word_1_490' title='bbox 1981 2407 2231 2471; x_wconf 84' lang='lat' dir='ltr'><strong>cuiquam</strong></span> <span class='ocrx_word' id='word_1_491' title='bbox 2263 2403 2514 2472; x_wconf 85' lang='lat' dir='ltr'><strong>iujuriam</strong></span> <span class='ocrx_word' id='word_1_492' title='bbox 2545 2403 3042 2459; x_wconf 70' lang='lat' dir='ltr'><strong>intuliJanueuses</strong></span> <span class='ocrx_word' id='word_1_493' title='bbox 3074 2417 3254 2459; x_wconf 88' lang='lat' dir='ltr'><strong>autem</strong></span> <span class='ocrx_word' id='word_1_494' title='bbox 3287 2420 3413 2458; x_wconf 76' lang='lat' dir='ltr'><strong>cum</strong></span> 
     </span>
    </p>
   </div>
   <div class='ocr_carea' id='block_1_71' title="bbox 1851 2493 3414 2564">
    <p class='ocr_par' dir='ltr' id='par_1_71' title="bbox 1851 2493 3414 2564">
     <span class='ocr_line' id='line_1_71' title="bbox 1851 2493 3414 2564; baseline 0.003 -18"><span class='ocrx_word' id='word_1_495' title='bbox 1851 2493 1957 2562; x_wconf 69' lang='lat' dir='ltr'><strong>regi</strong></span> <span class='ocrx_word' id='word_1_496' title='bbox 1978 2504 2195 2561; x_wconf 85' lang='lat' dir='ltr'><strong>propter</strong></span> <span class='ocrx_word' id='word_1_497' title='bbox 2212 2493 2368 2546; x_wconf 82' lang='lat' dir='ltr'><strong>istam</strong></span> <span class='ocrx_word' id='word_1_498' title='bbox 2391 2495 2574 2548; x_wconf 90' lang='lat' dir='ltr'><strong>urbem</strong></span> <span class='ocrx_word' id='word_1_499' title='bbox 2595 2496 2792 2548; x_wconf 89' lang='lat' dir='ltr'><strong>bellum</strong></span> <span class='ocrx_word' id='word_1_500' title='bbox 2817 2497 3134 2559; x_wconf 81' lang='lat' dir='ltr'><strong>indicerent,</strong></span> <span class='ocrx_word' id='word_1_501' title='bbox 3155 2497 3268 2564; x_wconf 87' lang='lat' dir='ltr'><strong>ipse</strong></span> <span class='ocrx_word' id='word_1_502' title='bbox 3291 2512 3414 2564; x_wconf 83' lang='lat' dir='ltr'><strong>pro-</strong></span> 
     </span>
    </p>
   </div>
   <div class='ocr_carea' id='block_1_72' title="bbox 1853 2581 3410 2648">
    <p class='ocr_par' dir='ltr' id='par_1_72' title="bbox 1853 2581 3410 2648">
     <span class='ocr_line' id='line_1_72' title="bbox 1853 2581 3410 2648; baseline 0.004 -14"><span class='ocrx_word' id='word_1_503' title='bbox 1853 2581 2024 2635; x_wconf 86' lang='lat' dir='ltr'><strong>fectus</strong></span> <span class='ocrx_word' id='word_1_504' title='bbox 2041 2591 2323 2636; x_wconf 84' lang='lat' dir='ltr'><strong>estcontia</strong></span> <span class='ocrx_word' id='word_1_505' title='bbox 2344 2585 2528 2637; x_wconf 88' lang='lat' dir='ltr'><strong>urbem</strong></span> <span class='ocrx_word' id='word_1_506' title='bbox 2546 2584 2749 2637; x_wconf 81' lang='lat' dir='ltr'><strong>Amasti</strong></span> <span class='ocrx_word' id='word_1_507' title='bbox 2766 2585 2860 2648; x_wconf 88' lang='lat' dir='ltr'><strong>im,</strong></span> <span class='ocrx_word' id='word_1_508' title='bbox 2880 2584 2946 2638; x_wconf 86' lang='lat' dir='ltr'><strong>ad</strong></span> <span class='ocrx_word' id='word_1_509' title='bbox 2968 2600 3114 2639; x_wconf 89' lang='lat' dir='ltr'><strong>mare</strong></span> <span class='ocrx_word' id='word_1_510' title='bbox 3137 2585 3410 2641; x_wconf 79' lang='lat' dir='ltr'><strong>Euxinum</strong></span> 
     </span>
    </p>
   </div>
   <div class='ocr_carea' id='block_1_73' title="bbox 1852 2673 3416 2743">
    <p class='ocr_par' dir='ltr' id='par_1_73' title="bbox 1852 2673 3416 2743">
     <span class='ocr_line' id='line_1_73' title="bbox 1852 2673 3416 2743; baseline 0.003 -14"><span class='ocrx_word' id='word_1_511' title='bbox 1852 2675 2036 2729; x_wconf 87' lang='lat' dir='ltr'><strong>sitam.</strong></span> <span class='ocrx_word' id='word_1_512' title='bbox 2056 2675 2110 2727; x_wconf 91' lang='lat' dir='ltr'><strong>lu</strong></span> <span class='ocrx_word' id='word_1_513' title='bbox 2137 2673 2278 2728; x_wconf 85' lang='lat' dir='ltr'><strong>hanc</strong></span> <span class='ocrx_word' id='word_1_514' title='bbox 2302 2674 2699 2742; x_wconf 75' lang='lat' dir='ltr'><strong>expeditionem</strong></span> <span class='ocrx_word' id='word_1_515' title='bbox 2727 2677 3016 2743; x_wconf 85' lang='lat' dir='ltr'><strong>plurimum</strong></span> <span class='ocrx_word' id='word_1_516' title='bbox 3039 2680 3160 2732; x_wconf 78' lang='lat' dir='ltr'><strong>aeris</strong></span> <span class='ocrx_word' id='word_1_517' title='bbox 3186 2680 3416 2734; x_wconf 84' lang='lat' dir='ltr'><strong>vehebat</strong></span> 
     </span>
    </p>
   </div>
   <div class='ocr_carea' id='block_1_74' title="bbox 1851 2765 3418 2834">
    <p class='ocr_par' dir='ltr' id='par_1_74' title="bbox 1851 2765 3418 2834">
     <span class='ocr_line' id='line_1_74' title="bbox 1851 2765 3418 2834; baseline 0.002 -13"><span class='ocrx_word' id='word_1_518' title='bbox 1851 2767 2071 2821; x_wconf 87' lang='lat' dir='ltr'><strong>camelis</strong></span> <span class='ocrx_word' id='word_1_519' title='bbox 2093 2776 2140 2819; x_wconf 86' lang='lat' dir='ltr'><strong>et</strong></span> <span class='ocrx_word' id='word_1_520' title='bbox 2162 2765 2442 2834; x_wconf 88' lang='lat' dir='ltr'><strong>jumentis.</strong></span> <span class='ocrx_word' id='word_1_521' title='bbox 2461 2766 2657 2820; x_wconf 87' lang='lat' dir='ltr'><strong>Contra</strong></span> <span class='ocrx_word' id='word_1_522' title='bbox 2691 2769 2844 2820; x_wconf 77' lang='lat' dir='ltr'><strong>istam</strong></span> <span class='ocrx_word' id='word_1_523' title='bbox 2870 2772 3056 2821; x_wconf 89' lang='lat' dir='ltr'><strong>urbem</strong></span> <span class='ocrx_word' id='word_1_524' title='bbox 3077 2770 3239 2822; x_wconf 87' lang='lat' dir='ltr'><strong>etiam</strong></span> <span class='ocrx_word' id='word_1_525' title='bbox 3263 2772 3418 2824; x_wconf 85' lang='lat' dir='ltr'><strong>Asia-</strong></span> 
     </span>
    </p>
   </div>
   <div class='ocr_carea' id='block_1_75' title="bbox 1852 2858 3412 2927">
    <p class='ocr_par' dir='ltr' id='par_1_75' title="bbox 1852 2858 3412 2927">
     <span class='ocr_line' id='line_1_75' title="bbox 1852 2858 3412 2927; baseline 0.004 -17"><span class='ocrx_word' id='word_1_526' title='bbox 1852 2872 1984 2911; x_wconf 91' lang='lat' dir='ltr'><strong>num</strong></span> <span class='ocrx_word' id='word_1_527' title='bbox 2031 2860 2331 2911; x_wconf 78' lang='lat' dir='ltr'><strong>exercitum</strong></span> <span class='ocrx_word' id='word_1_528' title='bbox 2385 2858 2772 2914; x_wconf 88' lang='lat' dir='ltr'><strong>ductavit.Ubi</strong></span> <span class='ocrx_word' id='word_1_529' title='bbox 2817 2859 2882 2913; x_wconf 88' lang='lat' dir='ltr'><strong>ad</strong></span> <span class='ocrx_word' id='word_1_530' title='bbox 2931 2861 3118 2916; x_wconf 84' lang='lat' dir='ltr'><strong>urbem</strong></span> <span class='ocrx_word' id='word_1_531' title='bbox 3172 2865 3412 2927; x_wconf 86' lang='lat' dir='ltr'><strong>advenit,</strong></span> 
     </span>
    </p>
   </div>
   <div class='ocr_carea' id='block_1_76' title="bbox 1851 2949 3410 3016">
    <p class='ocr_par' dir='ltr' id='par_1_76' title="bbox 1851 2949 3410 3016">
     <span class='ocr_line' id='line_1_76' title="bbox 1851 2949 3410 3016; baseline 0.004 -15"><span class='ocrx_word' id='word_1_532' title='bbox 1851 2962 2082 3016; x_wconf 85' lang='lat' dir='ltr'><strong>eamque</strong></span> <span class='ocrx_word' id='word_1_533' title='bbox 2111 2962 2418 3014; x_wconf 72' lang='lat' dir='ltr'><strong>expugnare</strong></span> <span class='ocrx_word' id='word_1_534' title='bbox 2470 2949 2681 3014; x_wconf 87' lang='lat' dir='ltr'><strong>institit,</strong></span> <span class='ocrx_word' id='word_1_535' title='bbox 2731 2949 3019 3006; x_wconf 81' lang='lat' dir='ltr'><strong>confestim</strong></span> <span class='ocrx_word' id='word_1_536' title='bbox 3081 2953 3410 3008; x_wconf 88' lang='lat' dir='ltr'><strong>deditionem</strong></span> 
     </span>
    </p>
   </div>
   <div class='ocr_carea' id='block_1_77' title="bbox 1855 3037 3413 3110">
    <p class='ocr_par' dir='ltr' id='par_1_77' title="bbox 1855 3037 3413 3110">
     <span class='ocr_line' id='line_1_77' title="bbox 1855 3037 3413 3110; baseline 0.006 -22"><span class='ocrx_word' id='word_1_537' title='bbox 1855 3037 1984 3090; x_wconf 82' lang='lat' dir='ltr'><strong>fecit</strong></span> <span class='ocrx_word' id='word_1_538' title='bbox 2018 3039 2428 3093; x_wconf 84' lang='lat' dir='ltr'><strong>conditionibus</strong></span> <span class='ocrx_word' id='word_1_539' title='bbox 2461 3043 2807 3110; x_wconf 86' lang='lat' dir='ltr'><strong>quibusdam.</strong></span> <span class='ocrx_word' id='word_1_540' title='bbox 2835 3042 2949 3098; x_wconf 77' lang='lat' dir='ltr'><strong>Rex</strong></span> <span class='ocrx_word' id='word_1_541' title='bbox 3011 3049 3198 3098; x_wconf 86' lang='lat' dir='ltr'><strong>urbem</strong></span> <span class='ocrx_word' id='word_1_542' title='bbox 3249 3047 3413 3099; x_wconf 86' lang='lat' dir='ltr'><strong>istam</strong></span> 
     </span>
    </p>
   </div>
   <div class='ocr_carea' id='block_1_78' title="bbox 1856 3129 3410 3203">
    <p class='ocr_par' dir='ltr' id='par_1_78' title="bbox 1856 3129 3410 3203">
     <span class='ocr_line' id='line_1_78' title="bbox 1856 3129 3410 3203; baseline 0.007 -23"><span class='ocrx_word' id='word_1_543' title='bbox 1856 3129 1906 3180; x_wconf 94' lang='lat' dir='ltr'><strong>in</strong></span> <span class='ocrx_word' id='word_1_544' title='bbox 1938 3129 2269 3184; x_wconf 87' lang='lat' dir='ltr'><strong>deditionem</strong></span> <span class='ocrx_word' id='word_1_545' title='bbox 2297 3133 2621 3201; x_wconf 84' lang='lat' dir='ltr'><strong>suscipiens,</strong></span> <span class='ocrx_word' id='word_1_546' title='bbox 2656 3146 2862 3203; x_wconf 85' lang='lat' dir='ltr'><strong>partem</strong></span> <span class='ocrx_word' id='word_1_547' title='bbox 2887 3136 3170 3190; x_wconf 84' lang='lat' dir='ltr'><strong>hominum</strong></span> <span class='ocrx_word' id='word_1_548' title='bbox 3198 3139 3410 3192; x_wconf 89' lang='lat' dir='ltr'><strong>tertiam</strong></span> 
     </span>
    </p>
   </div>
   <div class='ocr_carea' id='block_1_79' title="bbox 1855 3221 3410 3298">
    <p class='ocr_par' dir='ltr' id='par_1_79' title="bbox 1855 3221 3410 3298">
     <span class='ocr_line' id='line_1_79' title="bbox 1855 3221 3410 3298; baseline 0.01 -26"><span class='ocrx_word' id='word_1_549' title='bbox 1855 3221 1907 3273; x_wconf 89' lang='lat' dir='ltr'><strong>iu</strong></span> <span class='ocrx_word' id='word_1_550' title='bbox 1939 3235 2002 3274; x_wconf 89' lang='lat' dir='ltr'><strong>ea</strong></span> <span class='ocrx_word' id='word_1_551' title='bbox 2030 3225 2273 3290; x_wconf 85' lang='lat' dir='ltr'><strong>reliquit,</strong></span> <span class='ocrx_word' id='word_1_552' title='bbox 2313 3225 2548 3291; x_wconf 82' lang='lat' dir='ltr'><strong>reliquas</strong></span> <span class='ocrx_word' id='word_1_553' title='bbox 2575 3226 2711 3280; x_wconf 87' lang='lat' dir='ltr'><strong>duas</strong></span> <span class='ocrx_word' id='word_1_554' title='bbox 2751 3237 2934 3294; x_wconf 85' lang='lat' dir='ltr'><strong>partes</strong></span> <span class='ocrx_word' id='word_1_555' title='bbox 2987 3230 3323 3298; x_wconf 83' lang='lat' dir='ltr'><strong>Byzantium,</strong></span> <span class='ocrx_word' id='word_1_556' title='bbox 3352 3243 3410 3288; x_wconf 86' lang='lat' dir='ltr'><strong>ut</strong></span> 
     </span>
    </p>
   </div>
   <div class='ocr_carea' id='block_1_80' title="bbox 1854 3313 3410 3390">
    <p class='ocr_par' dir='ltr' id='par_1_80' title="bbox 1854 3313 3410 3390">
     <span class='ocr_line' id='line_1_80' title="bbox 1854 3313 3410 3390; baseline 0.009 -26"><span class='ocrx_word' id='word_1_557' title='bbox 1854 3313 1927 3365; x_wconf 87' lang='lat' dir='ltr'><strong>ibi</strong></span> <span class='ocrx_word' id='word_1_558' title='bbox 1955 3313 2283 3379; x_wconf 83' lang='lat' dir='ltr'><strong>habitarent,</strong></span> <span class='ocrx_word' id='word_1_559' title='bbox 2321 3317 2732 3384; x_wconf 59' lang='lat' dir='ltr'><strong>transportavit.</strong></span> <span class='ocrx_word' id='word_1_560' title='bbox 2764 3318 2967 3371; x_wconf 88' lang='lat' dir='ltr'><strong>Deinde</strong></span> <span class='ocrx_word' id='word_1_561' title='bbox 2988 3322 3195 3389; x_wconf 77' lang='lat' dir='ltr'><strong>eligens</strong></span> <span class='ocrx_word' id='word_1_562' title='bbox 3250 3339 3410 3390; x_wconf 81' lang='lat' dir='ltr'><strong>quos-</strong></span> 
     </span>
    </p>
   </div>
   <div class='ocr_carea' id='block_1_81' title="bbox 1853 3402 3411 3480">
    <p class='ocr_par' dir='ltr' id='par_1_81' title="bbox 1853 3402 3411 3480">
     <span class='ocr_line' id='line_1_81' title="bbox 1853 3402 3411 3480; baseline 0.008 -26"><span class='ocrx_word' id='word_1_563' title='bbox 1853 3406 1978 3454; x_wconf 88' lang='lat' dir='ltr'><strong>dam</strong></span> <span class='ocrx_word' id='word_1_564' title='bbox 2005 3402 2241 3456; x_wconf 88' lang='lat' dir='ltr'><strong>civitatis</strong></span> <span class='ocrx_word' id='word_1_565' title='bbox 2277 3405 2441 3474; x_wconf 87' lang='lat' dir='ltr'><strong>hujus</strong></span> <span class='ocrx_word' id='word_1_566' title='bbox 2474 3419 2695 3472; x_wconf 87' lang='lat' dir='ltr'><strong>pueros,</strong></span> <span class='ocrx_word' id='word_1_567' title='bbox 2722 3421 2844 3458; x_wconf 92' lang='lat' dir='ltr'><strong>cum</strong></span> <span class='ocrx_word' id='word_1_568' title='bbox 2901 3410 2968 3462; x_wconf 90' lang='lat' dir='ltr'><strong>iis</strong></span> <span class='ocrx_word' id='word_1_569' title='bbox 3015 3412 3236 3464; x_wconf 90' lang='lat' dir='ltr'><strong>domum</strong></span> <span class='ocrx_word' id='word_1_570' title='bbox 3287 3427 3411 3480; x_wconf 84' lang='lat' dir='ltr'><strong>pro-</strong></span> 
     </span>
    </p>
   </div>
   <div class='ocr_carea' id='block_1_82' title="bbox 1856 3493 3411 3572">
    <p class='ocr_par' dir='ltr' id='par_1_82' title="bbox 1856 3493 3411 3572">
     <span class='ocr_line' id='line_1_82' title="bbox 1856 3493 3411 3572; baseline 0.012 -30"><span class='ocrx_word' id='word_1_571' title='bbox 1856 3494 2026 3546; x_wconf 82' lang='lat' dir='ltr'><strong>iectus</strong></span> <span class='ocrx_word' id='word_1_572' title='bbox 2055 3502 2158 3548; x_wconf 90' lang='lat' dir='ltr'><strong>est.</strong></span> <span class='ocrx_word' id='word_1_573' title='bbox 2181 3493 2391 3549; x_wconf 86' lang='lat' dir='ltr'><strong>Interea</strong></span> <span class='ocrx_word' id='word_1_574' title='bbox 2416 3496 2696 3550; x_wconf 86' lang='lat' dir='ltr'><strong>nuntiatur</strong></span> <span class='ocrx_word' id='word_1_575' title='bbox 2748 3497 3015 3554; x_wconf 85' lang='lat' dir='ltr'><strong>Chasauis</strong></span> <span class='ocrx_word' id='word_1_576' title='bbox 3044 3503 3156 3572; x_wconf 76' lang='lat'><strong>(73)</strong></span> <span class='ocrx_word' id='word_1_577' title='bbox 3187 3519 3273 3558; x_wconf 85' lang='lat' dir='ltr'><strong>res</strong></span> <span class='ocrx_word' id='word_1_578' title='bbox 3297 3520 3411 3559; x_wconf 85' lang='lat' dir='ltr'><strong>ma-</strong></span> 
     </span>
    </p>
   </div>
   <div class='ocr_carea' id='block_1_83' title="bbox 1855 3589 3412 3669">
    <p class='ocr_par' dir='ltr' id='par_1_83' title="bbox 1855 3589 3412 3669">
     <span class='ocr_line' id='line_1_83' title="bbox 1855 3589 3412 3669; baseline 0.01 -31"><span class='ocrx_word' id='word_1_579' title='bbox 1855 3601 1999 3638; x_wconf 80' lang='lat' dir='ltr'><strong>xuua</strong></span> <span class='ocrx_word' id='word_1_580' title='bbox 2020 3600 2232 3642; x_wconf 87' lang='lat' dir='ltr'><strong>sumere</strong></span> <span class='ocrx_word' id='word_1_581' title='bbox 2260 3589 2599 3646; x_wconf 87' lang='lat' dir='ltr'><strong>incrementa</strong></span> <span class='ocrx_word' id='word_1_582' title='bbox 2659 3605 2894 3661; x_wconf 88' lang='lat' dir='ltr'><strong>eumque</strong></span> <span class='ocrx_word' id='word_1_583' title='bbox 2919 3609 3142 3664; x_wconf 74' lang='lat' dir='ltr'><strong>pergere</strong></span> <span class='ocrx_word' id='word_1_584' title='bbox 3185 3596 3412 3669; x_wconf 75' lang='lat' dir='ltr'><strong>Erziga-</strong></span> 
     </span>
    </p>
   </div>
   <div class='ocr_carea' id='block_1_84' title="bbox 1857 3677 3408 3754">
    <p class='ocr_par' dir='ltr' id='par_1_84' title="bbox 1857 3677 3408 3754">
     <span class='ocr_line' id='line_1_84' title="bbox 1857 3677 3408 3754; baseline 0.01 -22"><span class='ocrx_word' id='word_1_585' title='bbox 1857 3677 2138 3750; x_wconf 58' lang='lat' dir='ltr'><strong>uanius),</strong></span> <span class='ocrx_word' id='word_1_586' title='bbox 2186 3681 2546 3738; x_wconf 82' lang='lat' dir='ltr'><strong>Armenorum</strong></span> <span class='ocrx_word' id='word_1_587' title='bbox 2596 3687 2747 3754; x_wconf 79' lang='lat' dir='ltr'><strong>regni</strong></span> <span class='ocrx_word' id='word_1_588' title='bbox 2769 3688 2977 3742; x_wconf 86' lang='lat' dir='ltr'><strong>sedem.</strong></span> <span class='ocrx_word' id='word_1_589' title='bbox 3037 3689 3237 3744; x_wconf 88' lang='lat' dir='ltr'><strong>Verum</strong></span> <span class='ocrx_word' id='word_1_590' title='bbox 3294 3693 3408 3748; x_wconf 58' lang='lat' dir='ltr'><strong>hac</strong></span> 
     </span>
    </p>
   </div>
   <div class='ocr_carea' id='block_1_85' title="bbox 1854 3775 2840 3850">
    <p class='ocr_par' dir='ltr' id='par_1_85' title="bbox 1854 3775 2840 3850">
     <span class='ocr_line' id='line_1_85' title="bbox 1854 3775 2840 3850; baseline 0.008 -24"><span class='ocrx_word' id='word_1_591' title='bbox 1854 3775 2066 3844; x_wconf 88' lang='lat' dir='ltr'><strong>quidem</strong></span> <span class='ocrx_word' id='word_1_592' title='bbox 2100 3777 2346 3843; x_wconf 87' lang='lat' dir='ltr'><strong>sequenti</strong></span> <span class='ocrx_word' id='word_1_593' title='bbox 2372 3793 2517 3833; x_wconf 87' lang='lat' dir='ltr'><strong>anno</strong></span> <span class='ocrx_word' id='word_1_594' title='bbox 2542 3782 2840 3850; x_wconf 79' lang='lat' dir='ltr'><strong>contigere.</strong></span> 
     </span>
    </p>
   </div>
   <div class='ocr_carea' id='block_1_86' title="bbox 1921 3864 3408 3946">
    <p class='ocr_par' dir='ltr' id='par_1_86' title="bbox 1921 3864 3408 3946">
     <span class='ocr_line' id='line_1_86' title="bbox 1921 3864 3408 3946; baseline 0.009 -26"><span class='ocrx_word' id='word_1_595' title='bbox 1921 3864 2056 3921; x_wconf 89' lang='lat' dir='ltr'><strong>Cum</strong></span> <span class='ocrx_word' id='word_1_596' title='bbox 2086 3882 2181 3922; x_wconf 83' lang='lat' dir='ltr'><strong>rex</strong></span> <span class='ocrx_word' id='word_1_597' title='bbox 2225 3870 2293 3922; x_wconf 90' lang='lat' dir='ltr'><strong>ab</strong></span> <span class='ocrx_word' id='word_1_598' title='bbox 2325 3867 2697 3938; x_wconf 88' lang='lat' dir='ltr'><strong>Peloponneso</strong></span> <span class='ocrx_word' id='word_1_599' title='bbox 2729 3874 2782 3925; x_wconf 89' lang='lat' dir='ltr'><strong>in</strong></span> <span class='ocrx_word' id='word_1_600' title='bbox 2823 3875 2968 3928; x_wconf 88' lang='lat' dir='ltr'><strong>illam</strong></span> <span class='ocrx_word' id='word_1_601' title='bbox 3004 3878 3408 3946; x_wconf 80' lang='lat' dir='ltr'><strong>expeditionem</strong></span> 
     </span>
    </p>
   </div>
   <div class='ocr_carea' id='block_1_87' title="bbox 1856 3958 3407 4037">
    <p class='ocr_par' dir='ltr' id='par_1_87' title="bbox 1856 3958 3407 4037">
     <span class='ocr_line' id='line_1_87' title="bbox 1856 3958 3407 4037; baseline 0.008 -26"><span class='ocrx_word' id='word_1_602' title='bbox 1856 3958 1981 4023; x_wconf 89' lang='lat' dir='ltr'><strong>iret,</strong></span> <span class='ocrx_word' id='word_1_603' title='bbox 2017 3961 2082 4014; x_wconf 86' lang='lat' dir='ltr'><strong>ad</strong></span> <span class='ocrx_word' id='word_1_604' title='bbox 2101 3959 2300 4026; x_wconf 85' lang='lat' dir='ltr'><strong>januas</strong></span> <span class='ocrx_word' id='word_1_605' title='bbox 2324 3963 2467 4015; x_wconf 90' lang='lat' dir='ltr'><strong>venit</strong></span> <span class='ocrx_word' id='word_1_606' title='bbox 2489 3964 2630 4030; x_wconf 73' lang='lat' dir='ltr'><strong>regis</strong></span> <span class='ocrx_word' id='word_1_607' title='bbox 2644 3966 2812 4018; x_wconf 86' lang='lat' dir='ltr'><strong>frater</strong></span> <span class='ocrx_word' id='word_1_608' title='bbox 2840 3963 3196 4037; x_wconf 87' lang='lat' dir='ltr'><strong>Trapezuntis</strong></span> <span class='ocrx_word' id='word_1_609' title='bbox 3219 3971 3407 4030; x_wconf 86' lang='lat' dir='ltr'><strong>David.</strong></span> 
     </span>
    </p>
   </div>
   <div class='ocr_carea' id='block_1_88' title="bbox 1857 4051 3408 4120">
    <p class='ocr_par' dir='ltr' id='par_1_88' title="bbox 1857 4051 3408 4120">
     <span class='ocr_line' id='line_1_88' title="bbox 1857 4051 3408 4120; baseline 0.012 -18"><span class='ocrx_word' id='word_1_610' title='bbox 1857 4051 2113 4104; x_wconf 84' lang='lat' dir='ltr'><strong>tributum</strong></span> <span class='ocrx_word' id='word_1_611' title='bbox 2153 4052 2352 4120; x_wconf 86' lang='lat' dir='ltr'><strong>ferens,</strong></span> <span class='ocrx_word' id='word_1_612' title='bbox 2386 4066 2441 4110; x_wconf 86' lang='lat' dir='ltr'><strong>et</strong></span> <span class='ocrx_word' id='word_1_613' title='bbox 2492 4055 2694 4110; x_wconf 63' lang='lat' dir='ltr'><strong>Hedera</strong></span> <span class='ocrx_word' id='word_1_614' title='bbox 2729 4057 2955 4113; x_wconf 82' lang='lat' dir='ltr'><strong>faciens.</strong></span> <span class='ocrx_word' id='word_1_615' title='bbox 2980 4059 3112 4114; x_wconf 84' lang='lat' dir='ltr'><strong>Nam</strong></span> <span class='ocrx_word' id='word_1_616' title='bbox 3133 4063 3408 4120; x_wconf 83' lang='lat' dir='ltr'><strong>Colchidis</strong></span> 
     </span>
    </p>
   </div>
   <div class='ocr_carea' id='block_1_89' title="bbox 1853 4143 3408 4219">
    <p class='ocr_par' dir='ltr' id='par_1_89' title="bbox 1853 4143 3408 4219">
     <span class='ocr_line' id='line_1_89' title="bbox 1853 4143 3408 4219; baseline 0.01 -24"><span class='ocrx_word' id='word_1_617' title='bbox 1853 4155 2010 4210; x_wconf 74' lang='lat' dir='ltr'><strong>reges</strong></span> <span class='ocrx_word' id='word_1_618' title='bbox 2051 4143 2298 4199; x_wconf 89' lang='lat' dir='ltr'><strong>feruntur</strong></span> <span class='ocrx_word' id='word_1_619' title='bbox 2320 4161 2474 4216; x_wconf 73' lang='lat' dir='ltr'><strong>reges</strong></span> <span class='ocrx_word' id='word_1_620' title='bbox 2503 4150 2631 4202; x_wconf 89' lang='lat' dir='ltr'><strong>olim</strong></span> <span class='ocrx_word' id='word_1_621' title='bbox 2661 4149 3109 4219; x_wconf 76' lang='lat' dir='ltr'><strong>Byzantiifuisse,</strong></span> <span class='ocrx_word' id='word_1_622' title='bbox 3137 4157 3248 4208; x_wconf 89' lang='lat' dir='ltr'><strong>nati</strong></span> <span class='ocrx_word' id='word_1_623' title='bbox 3269 4172 3300 4210; x_wconf 90' lang='lat' dir='ltr'><strong>e</strong></span> <span class='ocrx_word' id='word_1_624' title='bbox 3324 4156 3408 4210; x_wconf 87' lang='lat' dir='ltr'><strong>fa-</strong></span> 
     </span>
    </p>
   </div>
   <div class='ocr_carea' id='block_1_90' title="bbox 1853 4231 3407 4314">
    <p class='ocr_par' dir='ltr' id='par_1_90' title="bbox 1853 4231 3407 4314">
     <span class='ocr_line' id='line_1_90' title="bbox 1853 4231 3407 4314; baseline 0.008 -30"><span class='ocrx_word' id='word_1_625' title='bbox 1853 4231 2000 4284; x_wconf 89' lang='lat' dir='ltr'><strong>milia</strong></span> <span class='ocrx_word' id='word_1_626' title='bbox 2039 4231 2457 4314; x_wconf 84' lang='lat' dir='ltr'><strong>Comuenuruin.</strong></span> <span class='ocrx_word' id='word_1_627' title='bbox 2480 4235 2543 4288; x_wconf 90' lang='lat' dir='ltr'><strong>Hi</strong></span> <span class='ocrx_word' id='word_1_628' title='bbox 2567 4248 2743 4291; x_wconf 91' lang='lat' dir='ltr'><strong>autem</strong></span> <span class='ocrx_word' id='word_1_629' title='bbox 2768 4253 2888 4292; x_wconf 91' lang='lat' dir='ltr'><strong>cum</strong></span> <span class='ocrx_word' id='word_1_630' title='bbox 2904 4241 3226 4296; x_wconf 87' lang='lat' dir='ltr'><strong>excideruut</strong></span> <span class='ocrx_word' id='word_1_631' title='bbox 3243 4259 3407 4314; x_wconf 77' lang='lat' dir='ltr'><strong>regno</strong></span> 
     </span>
    </p>
   </div>
   <div class='ocr_carea' id='block_1_91' title="bbox 1853 4313 3406 4403">
    <p class='ocr_par' dir='ltr' id='par_1_91' title="bbox 1853 4313 3406 4403">
     <span class='ocr_line' id='line_1_91' title="bbox 1853 4313 3406 4403; baseline 0.006 -25"><span class='ocrx_word' id='word_1_632' title='bbox 1853 4313 2466 4394; x_wconf 77' lang='lat' dir='ltr'><strong>Constantinopolitano,</strong></span> <span class='ocrx_word' id='word_1_633' title='bbox 2486 4329 2750 4384; x_wconf 88' lang='lat' dir='ltr'><strong>lsaacium</strong></span> <span class='ocrx_word' id='word_1_634' title='bbox 2769 4332 2912 4400; x_wconf 78' lang='lat' dir='ltr'><strong>regis</strong></span> <span class='ocrx_word' id='word_1_635' title='bbox 2929 4333 3095 4386; x_wconf 84' lang='lat' dir='ltr'><strong>tilium</strong></span> <span class='ocrx_word' id='word_1_636' title='bbox 3111 4313 3406 4403; x_wconf 76' lang='lat' dir='ltr'><strong>fugientem</strong></span> 
     </span>
    </p>
   </div>
   <div class='ocr_carea' id='block_1_92' title="bbox 215 4415 1755 4496">
    <p class='ocr_par' dir='ltr' id='par_1_92' title="bbox 215 4415 1746 4484">
     <span class='ocr_line' id='line_1_92' title="bbox 215 4415 1746 4484; baseline -0.001 -12"><span class='ocrx_word' id='word_1_637' title='bbox 215 4420 473 4472; x_wconf 78' lang='grc' dir='ltr'>Ἰσαάκιον</span> <span class='ocrx_word' id='word_1_638' title='bbox 499 4419 588 4472; x_wconf 80' lang='grc' dir='ltr'>τὸν</span> <span class='ocrx_word' id='word_1_639' title='bbox 618 4417 782 4470; x_wconf 83' lang='grc' dir='ltr'>παῖδα</span> <span class='ocrx_word' id='word_1_640' title='bbox 806 4415 900 4469; x_wconf 88' lang='grc' dir='ltr'><strong>τοῦ</strong></span> <span class='ocrx_word' id='word_1_641' title='bbox 956 4416 1221 4483; x_wconf 77' lang='grc' dir='ltr'>βασιλέως</span> <span class='ocrx_word' id='word_1_642' title='bbox 1271 4417 1625 4484; x_wconf 83' lang='grc' dir='ltr'>διαφυγόντα,</span> <span class='ocrx_word' id='word_1_643' title='bbox 1661 4436 1746 4472; x_wconf 79' lang='grc' dir='ltr'>τε-</span> 
     </span>
    </p>
   </div>
   <div class='ocr_carea' id='block_1_93' title="bbox 1856 4415 3410 4496">
    <p class='ocr_par' dir='ltr' id='par_1_93' title="bbox 1856 4415 3410 4496">
     <span class='ocr_line' id='line_1_93' title="bbox 1856 4415 3410 4496; baseline 0.01 -30"><span class='ocrx_word' id='word_1_644' title='bbox 1856 4422 2006 4483; x_wconf 86' lang='lat' dir='ltr'><strong>patre</strong></span> <span class='ocrx_word' id='word_1_645' title='bbox 2044 4415 2364 4485; x_wconf 83' lang='lat' dir='ltr'><strong>interempto</strong></span> <span class='ocrx_word' id='word_1_646' title='bbox 2388 4433 2416 4471; x_wconf 92' lang='lat' dir='ltr'><strong>a</strong></span> <span class='ocrx_word' id='word_1_647' title='bbox 2440 4424 2658 4487; x_wconf 88' lang='lat' dir='ltr'><strong>populo,</strong></span> <span class='ocrx_word' id='word_1_648' title='bbox 2680 4431 2896 4489; x_wconf 81' lang='lat' dir='ltr'><strong>prapter</strong></span> <span class='ocrx_word' id='word_1_649' title='bbox 2918 4424 3099 4477; x_wconf 86' lang='lat' dir='ltr'><strong>odium</strong></span> <span class='ocrx_word' id='word_1_650' title='bbox 3116 4441 3226 4494; x_wconf 89' lang='lat' dir='ltr'><strong>quo</strong></span> <span class='ocrx_word' id='word_1_651' title='bbox 3252 4428 3306 4480; x_wconf 88' lang='lat' dir='ltr'><strong>in</strong></span> <span class='ocrx_word' id='word_1_652' title='bbox 3326 4429 3410 4496; x_wconf 54' lang='lat' dir='ltr'><strong>ipa</strong></span> 
     </span>
    </p>
   </div>
   <div class='ocr_carea' id='block_1_94' title="bbox 205 4506 1749 4579">
    <p class='ocr_par' dir='ltr' id='par_1_94' title="bbox 205 4506 1749 4579">
     <span class='ocr_line' id='line_1_94' title="bbox 205 4506 1749 4579; baseline 0.003 -22"><span class='ocrx_word' id='word_1_653' title='bbox 205 4508 556 4579; x_wconf 75' lang='grc' dir='ltr'>λευτήσαντος</span> <span class='ocrx_word' id='word_1_654' title='bbox 588 4506 693 4559; x_wconf 79' lang='grc' dir='ltr'><strong>ὑπὸ</strong></span> <span class='ocrx_word' id='word_1_655' title='bbox 722 4508 896 4575; x_wconf 88' lang='grc' dir='ltr'>δήμου</span> <span class='ocrx_word' id='word_1_656' title='bbox 925 4506 1019 4559; x_wconf 87' lang='grc' dir='ltr'><strong>τοῦ</strong></span> <span class='ocrx_word' id='word_1_657' title='bbox 1067 4508 1275 4574; x_wconf 77' lang='grc' dir='ltr'>πατρὸς</span> <span class='ocrx_word' id='word_1_658' title='bbox 1324 4509 1513 4573; x_wconf 82' lang='grc' dir='ltr'>αὐτοῦ,</span> <span class='ocrx_word' id='word_1_659' title='bbox 1557 4509 1645 4560; x_wconf 72' lang='grc' dir='ltr'><strong>διὰ</strong></span> <span class='ocrx_word' id='word_1_660' title='bbox 1689 4508 1749 4561; x_wconf 80' lang='grc' dir='ltr'>τὸ</span> 
     </span>
    </p>
   </div>
   <div class='ocr_carea' id='block_1_95' title="bbox 205 4597 1752 4670">
    <p class='ocr_par' dir='ltr' id='par_1_95' title="bbox 205 4597 1752 4670">
     <span class='ocr_line' id='line_1_95' title="bbox 205 4597 1752 4670; baseline 0.001 -20"><span class='ocrx_word' id='word_1_661' title='bbox 205 4601 349 4670; x_wconf 78' lang='grc' dir='ltr'>ἔχθος</span> <span class='ocrx_word' id='word_1_662' title='bbox 384 4601 446 4652; x_wconf 86' lang='grc' dir='ltr'><strong>τὸ</strong></span> <span class='ocrx_word' id='word_1_663' title='bbox 478 4599 616 4668; x_wconf 71' lang='grc' dir='ltr'>πρὸς</span> <span class='ocrx_word' id='word_1_664' title='bbox 649 4598 837 4662; x_wconf 68' lang='grc' dir='ltr'>αὑτὸν,</span> <span class='ocrx_word' id='word_1_665' title='bbox 863 4597 1103 4666; x_wconf 65' lang='grc' dir='ltr'>οἴχειθαι</span> <span class='ocrx_word' id='word_1_666' title='bbox 1138 4599 1231 4649; x_wconf 66' lang='grc' dir='ltr'><strong>ἐπὶ</strong></span> <span class='ocrx_word' id='word_1_667' title='bbox 1255 4597 1352 4667; x_wconf 77' lang='grc' dir='ltr'>τὴν</span> <span class='ocrx_word' id='word_1_668' title='bbox 1378 4598 1614 4667; x_wconf 77' lang='grc' dir='ltr'>Κολχίδα</span> <span class='ocrx_word' id='word_1_669' title='bbox 1644 4600 1752 4668; x_wconf 66' lang='grc' dir='ltr'><strong>χώς</strong></span> 
     </span>
    </p>
   </div>
   <div class='ocr_carea' id='block_1_96' title="bbox 210 4689 1752 4762">
    <p class='ocr_par' dir='ltr' id='par_1_96' title="bbox 210 4689 1752 4762">
     <span class='ocr_line' id='line_1_96' title="bbox 210 4689 1752 4762; baseline -0.001 -20"><span class='ocrx_word' id='word_1_670' title='bbox 210 4709 319 4759; x_wconf 75' lang='grc' dir='ltr'>ραν,</span> <span class='ocrx_word' id='word_1_671' title='bbox 350 4694 444 4744; x_wconf 73' lang='grc' dir='ltr'><strong>καὶ</strong></span> <span class='ocrx_word' id='word_1_672' title='bbox 474 4692 566 4742; x_wconf 71' lang='grc' dir='ltr'><strong>ἐπὶ</strong></span> <span class='ocrx_word' id='word_1_673' title='bbox 587 4691 685 4758; x_wconf 74' lang='grc' dir='ltr'>τὴν</span> <span class='ocrx_word' id='word_1_674' title='bbox 717 4689 1129 4759; x_wconf 75' lang='grc' dir='ltr'>Τραπεζοῦντα.</span> <span class='ocrx_word' id='word_1_675' title='bbox 1166 4689 1523 4757; x_wconf 61' lang='grc' dir='ltr'>Ἀφικομένου</span> <span class='ocrx_word' id='word_1_676' title='bbox 1566 4689 1623 4742; x_wconf 77' lang='grc' dir='ltr'><strong>δὲ</strong></span> <span class='ocrx_word' id='word_1_677' title='bbox 1645 4692 1752 4762; x_wconf 78' lang='grc' dir='ltr'><strong>⁸ὲν-</strong></span> 
     </span>
    </p>
   </div>
   <div class='ocr_carea' id='block_1_97' title="bbox 208 4780 1753 4850">
    <p class='ocr_par' dir='ltr' id='par_1_97' title="bbox 208 4780 1753 4850">
     <span class='ocr_line' id='line_1_97' title="bbox 208 4780 1753 4850; baseline 0 -18"><span class='ocrx_word' id='word_1_678' title='bbox 208 4781 391 4844; x_wconf 79' lang='grc' dir='ltr'>ταῦθα,</span> <span class='ocrx_word' id='word_1_679' title='bbox 426 4781 890 4849; x_wconf 70' lang='grc' dir='ltr'>καταστῆναιὰπὸ</span> <span class='ocrx_word' id='word_1_680' title='bbox 920 4781 1026 4832; x_wconf 84' lang='grc' dir='ltr'>τῶν</span> <span class='ocrx_word' id='word_1_681' title='bbox 1059 4780 1367 4849; x_wconf 81' lang='grc' dir='ltr'>ἐπιχωρίων</span> <span class='ocrx_word' id='word_1_682' title='bbox 1396 4783 1492 4833; x_wconf 77' lang='grc' dir='ltr'><strong>ἐπὶ</strong></span> <span class='ocrx_word' id='word_1_683' title='bbox 1516 4781 1613 4850; x_wconf 80' lang='grc' dir='ltr'>τὴν</span> <span class='ocrx_word' id='word_1_684' title='bbox 1655 4782 1753 4849; x_wconf 69' lang='grc' dir='ltr'>τῆς</span> 
     </span>
    </p>
   </div>
   <div class='ocr_carea' id='block_1_98' title="bbox 211 4871 1750 4943">
    <p class='ocr_par' dir='ltr' id='par_1_98' title="bbox 211 4871 1750 4943">
     <span class='ocr_line' id='line_1_98' title="bbox 211 4871 1750 4943; baseline -0.001 -19"><span class='ocrx_word' id='word_1_685' title='bbox 211 4874 459 4941; x_wconf 75' lang='grc' dir='ltr'>Κολχίδος</span> <span class='ocrx_word' id='word_1_686' title='bbox 488 4873 811 4943; x_wconf 72' lang='grc' dir='ltr'>ἡγεμονίαν,</span> <span class='ocrx_word' id='word_1_687' title='bbox 832 4873 926 4924; x_wconf 68' lang='grc' dir='ltr'><strong>καὶ</strong></span> <span class='ocrx_word' id='word_1_688' title='bbox 951 4872 1048 4942; x_wconf 80' lang='grc' dir='ltr'>τὴν</span> <span class='ocrx_word' id='word_1_689' title='bbox 1085 4871 1367 4940; x_wconf 83' lang='grc' dir='ltr'>βασιλείαν</span> <span class='ocrx_word' id='word_1_690' title='bbox 1396 4874 1750 4939; x_wconf 77' lang='grc' dir='ltr'>μετενεγκεῖν</span> 
     </span>
    </p>
   </div>
   <div class='ocr_carea' id='block_1_99' title="bbox 208 4960 1752 5032">
    <p class='ocr_par' dir='ltr' id='par_1_99' title="bbox 208 4960 1752 5032">
     <span class='ocr_line' id='line_1_99' title="bbox 208 4960 1752 5032; baseline -0.001 -19"><span class='ocrx_word' id='word_1_691' title='bbox 208 4963 292 5014; x_wconf 69' lang='grc' dir='ltr'><strong>ἐπὶ</strong></span> <span class='ocrx_word' id='word_1_692' title='bbox 312 4964 410 5032; x_wconf 79' lang='grc' dir='ltr'>τὴν</span> <span class='ocrx_word' id='word_1_693' title='bbox 435 4961 825 5030; x_wconf 78' lang='grc' dir='ltr'>Τραπεζοῦντα</span> <span class='ocrx_word' id='word_1_694' title='bbox 851 4963 952 5030; x_wconf 86' lang='grc' dir='ltr'>τῆς</span> <span class='ocrx_word' id='word_1_695' title='bbox 996 4961 1272 5030; x_wconf 82' lang='grc' dir='ltr'>Κολχίδος.</span> <span class='ocrx_word' id='word_1_696' title='bbox 1309 4961 1420 5014; x_wconf 76' lang='grc' dir='ltr'><strong>Καὶ</strong></span> <span class='ocrx_word' id='word_1_697' title='bbox 1447 4963 1555 5014; x_wconf 83' lang='grc' dir='ltr'><strong>ἀπὸ</strong></span> <span class='ocrx_word' id='word_1_698' title='bbox 1586 4960 1752 5027; x_wconf 67' lang='grc' dir='ltr'>,τοῦδε</span> 
     </span>
    </p>
   </div>
   <div class='ocr_carea' id='block_1_100' title="bbox 208 5052 1752 5122">
    <p class='ocr_par' dir='ltr' id='par_1_100' title="bbox 208 5052 1752 5122">
     <span class='ocr_line' id='line_1_100' title="bbox 208 5052 1752 5122; baseline 0.001 -17"><span class='ocrx_word' id='word_1_699' title='bbox 208 5053 505 5120; x_wconf 73' lang='grc' dir='ltr'>βασιλεύειν</span> <span class='ocrx_word' id='word_1_700' title='bbox 529 5053 766 5107; x_wconf 72' lang='grc' dir='ltr'>ἐνταῦθα</span> <span class='ocrx_word' id='word_1_701' title='bbox 792 5053 914 5106; x_wconf 78' lang='grc' dir='ltr'>ἐστε</span> <span class='ocrx_word' id='word_1_702' title='bbox 965 5052 1050 5121; x_wconf 76' lang='grc' dir='ltr'><strong>ἐφ’</strong></span> <span class='ocrx_word' id='word_1_703' title='bbox 1115 5055 1260 5122; x_wconf 78' lang='grc' dir='ltr'>ἡμᾶς</span> <span class='ocrx_word' id='word_1_704' title='bbox 1315 5053 1752 5120; x_wconf 79' lang='grc' dir='ltr'>διαγενομένους,</span> 
     </span>
    </p>
   </div>
   <div class='ocr_carea' id='block_1_101' title="bbox 210 5143 1748 5214">
    <p class='ocr_par' dir='ltr' id='par_1_101' title="bbox 210 5143 1748 5214">
     <span class='ocr_line' id='line_1_101' title="bbox 210 5143 1748 5214; baseline -0.002 -17"><span class='ocrx_word' id='word_1_705' title='bbox 210 5145 468 5214; x_wconf 81' lang='grc' dir='ltr'>Ἕλληνάς</span> <span class='ocrx_word' id='word_1_706' title='bbox 499 5163 556 5198; x_wconf 86' lang='grc' dir='ltr'><strong>τε</strong></span> <span class='ocrx_word' id='word_1_707' title='bbox 587 5145 748 5206; x_wconf 76' lang='grc' dir='ltr'>ὄντας</span> <span class='ocrx_word' id='word_1_708' title='bbox 781 5144 843 5196; x_wconf 84' lang='grc' dir='ltr'>τὸ</span> <span class='ocrx_word' id='word_1_709' title='bbox 873 5144 1048 5211; x_wconf 76' lang='grc' dir='ltr'>γένος,</span> <span class='ocrx_word' id='word_1_710' title='bbox 1097 5145 1190 5196; x_wconf 75' lang='grc' dir='ltr'><strong>καὶ</strong></span> <span class='ocrx_word' id='word_1_711' title='bbox 1219 5145 1287 5196; x_wconf 82' lang='grc' dir='ltr'><strong>τὰ</strong></span> <span class='ocrx_word' id='word_1_712' title='bbox 1337 5143 1443 5212; x_wconf 76' lang='grc' dir='ltr'><strong>ἢθη</strong></span> <span class='ocrx_word' id='word_1_713' title='bbox 1497 5158 1556 5194; x_wconf 87' lang='grc' dir='ltr'><strong>τε</strong></span> <span class='ocrx_word' id='word_1_714' title='bbox 1609 5143 1748 5210; x_wconf 73' lang='grc' dir='ltr'>ἅμα,</span> 
     </span>
    </p>
   </div>
   <div class='ocr_carea' id='block_1_102' title="bbox 209 5233 1752 5306">
    <p class='ocr_par' dir='ltr' id='par_1_102' title="bbox 209 5233 1752 5306">
     <span class='ocr_line' id='line_1_102' title="bbox 209 5233 1752 5306; baseline -0.001 -21"><span class='ocrx_word' id='word_1_715' title='bbox 209 5237 294 5286; x_wconf 80' lang='grc' dir='ltr'><strong>καὶ</strong></span> <span class='ocrx_word' id='word_1_716' title='bbox 316 5237 417 5306; x_wconf 76' lang='grc' dir='ltr'>τὴν</span> <span class='ocrx_word' id='word_1_717' title='bbox 463 5236 649 5304; x_wconf 71' lang='grc' dir='ltr'>φωνὴν</span> <span class='ocrx_word' id='word_1_718' title='bbox 677 5233 1037 5305; x_wconf 82' lang='grc' dir='ltr'>προϊεμένους</span> <span class='ocrx_word' id='word_1_719' title='bbox 1098 5234 1446 5303; x_wconf 80' lang='grc' dir='ltr'>Ἑλληνικήν.</span> <span class='ocrx_word' id='word_1_720' title='bbox 1504 5234 1752 5286; x_wconf 67' lang='grc' dir='ltr'>Καὶὲπι-</span> 
     </span>
    </p>
   </div>
   <div class='ocr_carea' id='block_1_103' title="bbox 209 5325 1749 5399">
    <p class='ocr_par' dir='ltr' id='par_1_103' title="bbox 209 5325 1749 5399">
     <span class='ocr_line' id='line_1_103' title="bbox 209 5325 1749 5399; baseline 0 -22"><span class='ocrx_word' id='word_1_721' title='bbox 209 5328 401 5396; x_wconf 86' lang='grc' dir='ltr'>γαμίας</span> <span class='ocrx_word' id='word_1_722' title='bbox 428 5331 527 5399; x_wconf 68' lang='grc' dir='ltr'>μὲν</span> <span class='ocrx_word' id='word_1_723' title='bbox 556 5328 830 5382; x_wconf 79' lang='grc' dir='ltr'>ποιεῖσθαι</span> <span class='ocrx_word' id='word_1_724' title='bbox 864 5327 998 5397; x_wconf 86' lang='grc' dir='ltr'>πρός</span> <span class='ocrx_word' id='word_1_725' title='bbox 1024 5343 1082 5378; x_wconf 87' lang='grc' dir='ltr'><strong>τε</strong></span> <span class='ocrx_word' id='word_1_726' title='bbox 1114 5327 1239 5388; x_wconf 80' lang='grc' dir='ltr'>τοὺς</span> <span class='ocrx_word' id='word_1_727' title='bbox 1273 5326 1502 5395; x_wconf 82' lang='grc' dir='ltr'>ὁμόρους</span> <span class='ocrx_word' id='word_1_728' title='bbox 1533 5325 1749 5396; x_wconf 77' lang='grc' dir='ltr'><strong>Βαρὸόι⁴</strong></span> 
     </span>
    </p>
   </div>
   <div class='ocr_carea' id='block_1_104' title="bbox 1858 4505 3404 4583">
    <p class='ocr_par' dir='ltr' id='par_1_104' title="bbox 1858 4505 3404 4583">
     <span class='ocr_line' id='line_1_104' title="bbox 1858 4505 3404 4583; baseline 0.011 -27"><span class='ocrx_word' id='word_1_729' title='bbox 1858 4519 1976 4557; x_wconf 89' lang='lat' dir='ltr'><strong>sum</strong></span> <span class='ocrx_word' id='word_1_730' title='bbox 2003 4505 2331 4572; x_wconf 85' lang='lat' dir='ltr'><strong>ferebantur,</strong></span> <span class='ocrx_word' id='word_1_731' title='bbox 2351 4509 2550 4563; x_wconf 88' lang='lat' dir='ltr'><strong>abiisse</strong></span> <span class='ocrx_word' id='word_1_732' title='bbox 2565 4511 2618 4563; x_wconf 91' lang='lat' dir='ltr'><strong>in</strong></span> <span class='ocrx_word' id='word_1_733' title='bbox 2639 4511 2895 4566; x_wconf 84' lang='lat' dir='ltr'><strong>Colchida</strong></span> <span class='ocrx_word' id='word_1_734' title='bbox 2913 4523 2965 4566; x_wconf 89' lang='lat' dir='ltr'><strong>et</strong></span> <span class='ocrx_word' id='word_1_735' title='bbox 2983 4512 3404 4583; x_wconf 81' lang='lat' dir='ltr'><strong>Trapezuntem.</strong></span> 
     </span>
    </p>
   </div>
   <div class='ocr_carea' id='block_1_105' title="bbox 1859 4593 3408 4678">
    <p class='ocr_par' dir='ltr' id='par_1_105' title="bbox 1859 4593 3408 4678">
     <span class='ocr_line' id='line_1_105' title="bbox 1859 4593 3408 4678; baseline 0.014 -33"><span class='ocrx_word' id='word_1_736' title='bbox 1859 4593 2013 4651; x_wconf 81' lang='lat' dir='ltr'><strong>Hunc</strong></span> <span class='ocrx_word' id='word_1_737' title='bbox 2055 4599 2424 4654; x_wconf 86' lang='lat' dir='ltr'><strong>advenientem</strong></span> <span class='ocrx_word' id='word_1_738' title='bbox 2448 4602 2717 4656; x_wconf 78' lang='lat' dir='ltr'><strong>Colchidis</strong></span> <span class='ocrx_word' id='word_1_739' title='bbox 2741 4603 2929 4659; x_wconf 75' lang='lat' dir='ltr'><strong>incolae</strong></span> <span class='ocrx_word' id='word_1_740' title='bbox 2953 4609 3143 4661; x_wconf 89' lang='lat' dir='ltr'><strong>ducem</strong></span> <span class='ocrx_word' id='word_1_741' title='bbox 3169 4625 3408 4678; x_wconf 79' lang='lat' dir='ltr'><strong>pronun—</strong></span> 
     </span>
    </p>
   </div>
   <div class='ocr_carea' id='block_1_106' title="bbox 1858 4691 3406 4768">
    <p class='ocr_par' dir='ltr' id='par_1_106' title="bbox 1858 4691 3406 4768">
     <span class='ocr_line' id='line_1_106' title="bbox 1858 4691 3406 4768; baseline 0.009 -24"><span class='ocrx_word' id='word_1_742' title='bbox 1858 4691 2076 4752; x_wconf 74' lang='lat' dir='ltr'><strong>tierunt,</strong></span> <span class='ocrx_word' id='word_1_743' title='bbox 2116 4701 2168 4744; x_wconf 89' lang='lat' dir='ltr'><strong>et</strong></span> <span class='ocrx_word' id='word_1_744' title='bbox 2199 4691 2394 4747; x_wconf 80' lang='lat' dir='ltr'><strong>exinde</strong></span> <span class='ocrx_word' id='word_1_745' title='bbox 2445 4708 2668 4762; x_wconf 77' lang='lat' dir='ltr'><strong>regnum</strong></span> <span class='ocrx_word' id='word_1_746' title='bbox 2693 4697 2969 4754; x_wconf 83' lang='lat' dir='ltr'><strong>Colchidis</strong></span> <span class='ocrx_word' id='word_1_747' title='bbox 3003 4698 3406 4768; x_wconf 84' lang='lat' dir='ltr'><strong>Trapezuntem</strong></span> 
     </span>
    </p>
   </div>
   <div class='ocr_carea' id='block_1_107' title="bbox 1859 4783 3410 4860">
    <p class='ocr_par' dir='ltr' id='par_1_107' title="bbox 1859 4783 3410 4860">
     <span class='ocr_line' id='line_1_107' title="bbox 1859 4783 3410 4860; baseline 0.009 -27"><span class='ocrx_word' id='word_1_748' title='bbox 1859 4783 2155 4835; x_wconf 88' lang='lat' dir='ltr'><strong>contraxit.</strong></span> <span class='ocrx_word' id='word_1_749' title='bbox 2187 4783 2263 4835; x_wconf 80' lang='lat' dir='ltr'><strong>Ex</strong></span> <span class='ocrx_word' id='word_1_750' title='bbox 2294 4797 2359 4835; x_wconf 90' lang='lat' dir='ltr'><strong>eo</strong></span> <span class='ocrx_word' id='word_1_751' title='bbox 2389 4783 2513 4837; x_wconf 78' lang='lat' dir='ltr'><strong>inde</strong></span> <span class='ocrx_word' id='word_1_752' title='bbox 2558 4793 2798 4853; x_wconf 89' lang='lat' dir='ltr'><strong>tempore</strong></span> <span class='ocrx_word' id='word_1_753' title='bbox 2847 4789 2934 4842; x_wconf 90' lang='lat' dir='ltr'><strong>hic</strong></span> <span class='ocrx_word' id='word_1_754' title='bbox 2973 4802 3283 4860; x_wconf 79' lang='lat' dir='ltr'><strong>regnantes,</strong></span> <span class='ocrx_word' id='word_1_755' title='bbox 3342 4798 3410 4847; x_wconf 81' lang='lat' dir='ltr'><strong>ad</strong></span> 
     </span>
    </p>
   </div>
   <div class='ocr_carea' id='block_1_108' title="bbox 1859 4878 3410 4947">
    <p class='ocr_par' dir='ltr' id='par_1_108' title="bbox 1859 4878 3410 4947">
     <span class='ocr_line' id='line_1_108' title="bbox 1859 4878 3410 4947; baseline 0.01 -23"><span class='ocrx_word' id='word_1_756' title='bbox 1859 4882 2046 4926; x_wconf 89' lang='lat' dir='ltr'><strong>nostra</strong></span> <span class='ocrx_word' id='word_1_757' title='bbox 2080 4887 2248 4940; x_wconf 88' lang='lat' dir='ltr'><strong>usque</strong></span> <span class='ocrx_word' id='word_1_758' title='bbox 2276 4883 2524 4942; x_wconf 89' lang='lat' dir='ltr'><strong>tempora</strong></span> <span class='ocrx_word' id='word_1_759' title='bbox 2553 4878 2840 4943; x_wconf 86' lang='lat' dir='ltr'><strong>durarunt,</strong></span> <span class='ocrx_word' id='word_1_760' title='bbox 2860 4882 3188 4935; x_wconf 86' lang='lat' dir='ltr'><strong>exsistentes</strong></span> <span class='ocrx_word' id='word_1_761' title='bbox 3215 4882 3410 4947; x_wconf 71' lang='lat' dir='ltr'><strong>Graeci,</strong></span> 
     </span>
    </p>
   </div>
   <div class='ocr_carea' id='block_1_109' title="bbox 1861 4947 3409 5033">
    <p class='ocr_par' dir='ltr' id='par_1_109' title="bbox 1861 4947 3409 5033">
     <span class='ocr_line' id='line_1_109' title="bbox 1861 4947 3409 5033; baseline 0.007 -17"><span class='ocrx_word' id='word_1_762' title='bbox 1861 4977 2042 5017; x_wconf 89' lang='lat' dir='ltr'><strong>mores</strong></span> <span class='ocrx_word' id='word_1_763' title='bbox 2071 4964 2418 5033; x_wconf 76' lang='lat' dir='ltr'><strong>linguamque</strong></span> <span class='ocrx_word' id='word_1_764' title='bbox 2457 4947 2767 5021; x_wconf 68' lang='lat' dir='ltr'><strong>Graecorum</strong></span> <span class='ocrx_word' id='word_1_765' title='bbox 2803 4973 3118 5026; x_wconf 84' lang='lat' dir='ltr'><strong>retinentes.</strong></span> <span class='ocrx_word' id='word_1_766' title='bbox 3158 4972 3409 5027; x_wconf 78' lang='lat' dir='ltr'><strong>Allinita-</strong></span> 
     </span>
    </p>
   </div>
   <div class='ocr_carea' id='block_1_110' title="bbox 1860 5053 3409 5130">
    <p class='ocr_par' dir='ltr' id='par_1_110' title="bbox 1860 5053 3409 5130">
     <span class='ocr_line' id='line_1_110' title="bbox 1860 5053 3409 5130; baseline 0.007 -24"><span class='ocrx_word' id='word_1_767' title='bbox 1860 5065 1966 5108; x_wconf 93' lang='lat' dir='ltr'><strong>tem</strong></span> <span class='ocrx_word' id='word_1_768' title='bbox 2017 5053 2318 5123; x_wconf 84' lang='lat' dir='ltr'><strong>junxerunt</strong></span> <span class='ocrx_word' id='word_1_769' title='bbox 2343 5071 2465 5108; x_wconf 92' lang='lat' dir='ltr'><strong>cum</strong></span> <span class='ocrx_word' id='word_1_770' title='bbox 2494 5057 2749 5111; x_wconf 89' lang='lat' dir='ltr'><strong>Barbaris</strong></span> <span class='ocrx_word' id='word_1_771' title='bbox 2772 5059 3036 5123; x_wconf 87' lang='lat' dir='ltr'><strong>finitimis,</strong></span> <span class='ocrx_word' id='word_1_772' title='bbox 3074 5077 3210 5130; x_wconf 89' lang='lat' dir='ltr'><strong>quos</strong></span> <span class='ocrx_word' id='word_1_773' title='bbox 3241 5063 3409 5117; x_wconf 86' lang='lat' dir='ltr'><strong>Albus</strong></span> 
     </span>
    </p>
   </div>
   <div class='ocr_carea' id='block_1_111' title="bbox 1861 5147 3408 5224">
    <p class='ocr_par' dir='ltr' id='par_1_111' title="bbox 1861 5147 3408 5224">
     <span class='ocr_line' id='line_1_111' title="bbox 1861 5147 3408 5224; baseline 0.006 -25"><span class='ocrx_word' id='word_1_774' title='bbox 1861 5147 2218 5201; x_wconf 86' lang='lat' dir='ltr'><strong>Probalantes</strong></span> <span class='ocrx_word' id='word_1_775' title='bbox 2263 5151 2568 5205; x_wconf 86' lang='lat' dir='ltr'><strong>nominant.</strong></span> <span class='ocrx_word' id='word_1_776' title='bbox 2609 5151 2783 5205; x_wconf 86' lang='lat' dir='ltr'><strong>Etiam</strong></span> <span class='ocrx_word' id='word_1_777' title='bbox 2829 5171 2949 5207; x_wconf 92' lang='lat' dir='ltr'><strong>cum</strong></span> <span class='ocrx_word' id='word_1_778' title='bbox 2982 5154 3408 5224; x_wconf 73' lang='lat' dir='ltr'><strong>TemiriS&#39;nepo-</strong></span> 
     </span>
    </p>
   </div>
   <div class='ocr_carea' id='block_1_112' title="bbox 1861 5238 3410 5316">
    <p class='ocr_par' dir='ltr' id='par_1_112' title="bbox 1861 5238 3410 5316">
     <span class='ocr_line' id='line_1_112' title="bbox 1861 5238 3410 5316; baseline 0.006 -26"><span class='ocrx_word' id='word_1_779' title='bbox 1861 5238 2022 5302; x_wconf 87' lang='lat' dir='ltr'><strong>tibus,</strong></span> <span class='ocrx_word' id='word_1_780' title='bbox 2051 5240 2142 5307; x_wconf 92' lang='lat' dir='ltr'><strong>qui</strong></span> <span class='ocrx_word' id='word_1_781' title='bbox 2189 5242 2297 5294; x_wconf 75' lang='lat' dir='ltr'><strong>nati</strong></span> <span class='ocrx_word' id='word_1_782' title='bbox 2338 5251 2492 5295; x_wconf 88' lang='lat' dir='ltr'><strong>erant</strong></span> <span class='ocrx_word' id='word_1_783' title='bbox 2523 5245 2591 5298; x_wconf 87' lang='lat' dir='ltr'><strong>ab</strong></span> <span class='ocrx_word' id='word_1_784' title='bbox 2624 5242 2840 5298; x_wconf 82' lang='lat' dir='ltr'><strong>Tzokiis</strong></span> <span class='ocrx_word' id='word_1_785' title='bbox 2867 5253 2919 5300; x_wconf 92' lang='lat' dir='ltr'><strong>et</strong></span> <span class='ocrx_word' id='word_1_786' title='bbox 2949 5244 3301 5316; x_wconf 76' lang='lat' dir='ltr'><strong>Caraisiipliis</strong></span> <span class='ocrx_word' id='word_1_787' title='bbox 3345 5249 3410 5300; x_wconf 82' lang='lat' dir='ltr'><strong>li-</strong></span> 
     </span>
    </p>
   </div>
   <div class='ocr_carea' id='block_1_113' title="bbox 1858 5327 3512 5404">
    <p class='ocr_par' dir='ltr' id='par_1_113' title="bbox 1858 5327 3512 5404">
     <span class='ocr_line' id='line_1_113' title="bbox 1858 5327 3512 5404; baseline 0.008 -23"><span class='ocrx_word' id='word_1_788' title='bbox 1858 5327 2025 5395; x_wconf 88' lang='lat' dir='ltr'><strong>beris,</strong></span> <span class='ocrx_word' id='word_1_789' title='bbox 2051 5328 2283 5385; x_wconf 78' lang='lat' dir='ltr'><strong>afﬁnilas</strong></span> <span class='ocrx_word' id='word_1_790' title='bbox 2323 5333 2654 5399; x_wconf 83' lang='lat' dir='ltr'><strong>intercessit,</strong></span> <span class='ocrx_word' id='word_1_791' title='bbox 2688 5352 2754 5390; x_wconf 88' lang='lat' dir='ltr'><strong>ne</strong></span> <span class='ocrx_word' id='word_1_792' title='bbox 2781 5337 2928 5404; x_wconf 75' lang='lat' dir='ltr'><strong>regio</strong></span> <span class='ocrx_word' id='word_1_793' title='bbox 2962 5337 3175 5390; x_wconf 83' lang='lat' dir='ltr'><strong>illorum</strong></span> <span class='ocrx_word' id='word_1_794' title='bbox 3217 5339 3286 5392; x_wconf 91' lang='lat' dir='ltr'><strong>ab</strong></span> <span class='ocrx_word' id='word_1_795' title='bbox 3321 5339 3409 5394; x_wconf 86' lang='lat' dir='ltr'><strong>his</strong></span> <span class='ocrx_word' id='word_1_796' title='bbox 3508 5334 3512 5338; x_wconf 78' lang='grc'><strong>’</strong></span> 
     </span>
    </p>
   </div>
   <div class='ocr_carea' id='block_1_114' title="bbox 1455 5438 2140 5519">
    <p class='ocr_par' dir='ltr' id='par_1_114' title="bbox 1455 5438 2140 5519">
     <span class='ocr_line' id='line_1_114' title="bbox 1455 5438 2140 5519; baseline 0.007 -19"><span class='ocrx_word' id='word_1_797' title='bbox 1455 5438 1702 5500; x_wconf 73' lang='lat' dir='ltr'><strong>Notulm</strong></span> <span class='ocrx_word' id='word_1_798' title='bbox 1734 5443 2140 5519; x_wconf 80' lang='lat' dir='ltr'><strong>marginales.</strong></span> 
     </span>
    </p>
   </div>
   <div class='ocr_carea' id='block_1_115' title="bbox 279 5564 1183 5638">
    <p class='ocr_par' dir='ltr' id='par_1_115' title="bbox 279 5564 1183 5638">
     <span class='ocr_line' id='line_1_115' title="bbox 279 5564 1183 5638; baseline -0.002 -17"><span class='ocrx_word' id='word_1_799' title='bbox 279 5571 380 5638; x_wconf 77' lang='lat' dir='ltr'><strong>I73)</strong></span> <span class='ocrx_word' id='word_1_800' title='bbox 409 5571 574 5637; x_wconf 86' lang='lat' dir='ltr'><strong>Quem</strong></span> <span class='ocrx_word' id='word_1_801' title='bbox 619 5567 947 5624; x_wconf 79' lang='lat' dir='ltr'><strong>Usancassau</strong></span> <span class='ocrx_word' id='word_1_802' title='bbox 972 5564 1183 5622; x_wconf 83' lang='lat' dir='ltr'><strong>vocant.</strong></span> 
     </span>
    </p>
   </div>
   <div class='ocr_carea' id='block_1_116' title="bbox 1921 5569 2474 5644">
    <p class='ocr_par' dir='ltr' id='par_1_116' title="bbox 1921 5569 2474 5644">
     <span class='ocr_line' id='line_1_116' title="bbox 1921 5569 2474 5644; baseline 0.007 -21"><span class='ocrx_word' id='word_1_803' title='bbox 1921 5569 2028 5638; x_wconf 72' lang='grc'><strong>(74)</strong></span> <span class='ocrx_word' id='word_1_804' title='bbox 2059 5572 2142 5626; x_wconf 87' lang='lat' dir='ltr'><strong>Al.</strong></span> <span class='ocrx_word' id='word_1_805' title='bbox 2175 5572 2474 5644; x_wconf 79' lang='lat' dir='ltr'><strong>Alscngam.</strong></span> 
     </span>
    </p>
   </div>
   <div class='ocr_carea' id='block_1_117' title="bbox 306 5677 1755 5766">
    <p class='ocr_par' dir='ltr' id='par_1_117' title="bbox 306 5681 1737 5766">
     <span class='ocr_line' id='line_1_117' title="bbox 306 5681 1737 5766; baseline -0.002 -27"><span class='ocrx_word' id='word_1_806' title='bbox 306 5688 326 5718; x_wconf 77' lang='lat'><strong><em>&quot;</em></strong></span> <span class='ocrx_word' id='word_1_807' title='bbox 358 5685 925 5766; x_wconf 40' lang='grc' dir='ltr'>ΙιιιιηοηνΑραστρον.</span> <span class='ocrx_word' id='word_1_808' title='bbox 950 5685 1002 5737; x_wconf 82' lang='lat' dir='ltr'><strong>in</strong></span> <span class='ocrx_word' id='word_1_809' title='bbox 1025 5685 1095 5737; x_wconf 87' lang='lat' dir='ltr'><strong>al.</strong></span> <span class='ocrx_word' id='word_1_810' title='bbox 1132 5693 1188 5735; x_wconf 77' lang='lat' dir='ltr'><strong>ut</strong></span> <span class='ocrx_word' id='word_1_811' title='bbox 1213 5700 1260 5736; x_wconf 79' lang='grc' dir='ltr'><strong>ε.</strong></span> <span class='ocrx_word' id='word_1_812' title='bbox 1339 5684 1358 5714; x_wconf 80' lang='grc'>⁸</span> <span class='ocrx_word' id='word_1_813' title='bbox 1387 5681 1653 5753; x_wconf 82' lang='grc' dir='ltr'>μεγάλης,</span> <span class='ocrx_word' id='word_1_814' title='bbox 1685 5684 1737 5737; x_wconf 79' lang='lat' dir='ltr'><strong>in</strong></span> 
     </span>
    </p>
   </div>
   <div class='ocr_carea' id='block_1_118' title="bbox 1856 5677 3294 5766">
    <p class='ocr_par' dir='ltr' id='par_1_118' title="bbox 1856 5677 3294 5762">
     <span class='ocr_line' id='line_1_118' title="bbox 1856 5677 3294 5762; baseline 0.008 -24"><span class='ocrx_word' id='word_1_815' title='bbox 1856 5701 1902 5751; x_wconf 84' lang='lat'><strong>0,</strong></span> <span class='ocrx_word' id='word_1_816' title='bbox 1933 5677 2671 5762; x_wconf 59' lang='grc' dir='ltr'>διιρενδεῑὶριιωημεγάλαις.</span> <span class='ocrx_word' id='word_1_817' title='bbox 2752 5695 2771 5724; x_wconf 88' lang='grc'><strong><em>⁶</em></strong></span> <span class='ocrx_word' id='word_1_818' title='bbox 2802 5691 2866 5745; x_wconf 82' lang='lat' dir='ltr'><strong>In</strong></span> <span class='ocrx_word' id='word_1_819' title='bbox 2894 5707 3017 5758; x_wconf 74' lang='lat' dir='ltr'><strong>uno,</strong></span> <span class='ocrx_word' id='word_1_820' title='bbox 3051 5691 3294 5762; x_wconf 75' lang='grc' dir='ltr'>ἐπάγων.</span> 
     </span>
    </p>
   </div>
   <div class='ocr_carea' id='block_1_119' title="bbox 3542 1887 3574 1905">
    <p class='ocr_par' dir='ltr' id='par_1_119' title="bbox 3542 1887 3574 1905">
     <span class='ocr_line' id='line_1_119' title="bbox 3542 1887 3574 1905; baseline 0 0"><span class='ocrx_word' id='word_1_821' title='bbox 3542 1887 3574 1905; x_wconf 65' lang='grc' dir='ltr'><strong>θ’</strong></span> 
     </span>
    </p>
   </div>
  </div>
