4006 6204
481 318 577 384 4ῗ1

1633 325 1942 388 LAONICI
1983 329 2641 394 CHALCOCONDYLIE

3643 336 3746 400 ΗΞ

487 439 623 492 urbe
683 448 869 494 essent
914 441 1142 508 egressi,
1178 452 1234 493 ut
1267 443 1592 510 semetipsiis
1629 443 1892 500 dederent
1921 446 2058 512 regi.

2170 449 2276 501 τῶν
2326 451 2628 520 περιοίκων
2658 451 2895 512 ἑλόντες,
2926 449 3265 520 διέφθειρον.
3311 450 3642 513 Ἐλάσαντος
3685 454 3743 506 δὲ

484 531 687 585 Verum
739 531 961 601 quidam
1004 533 1073 586 ab
1101 534 1379 602 equitibus
1429 538 1692 605 perempti
1735 549 1885 590 sunt.
1947 539 2056 591 llex

485 623 734 678 collectis
811 623 1091 687 omnibus,
1147 625 1282 695 Pylo
1371 627 1671 694 decedens,
1739 627 2056 683 Graecorum

489 717 788 784 principem
846 715 1178 771 Demetrium
1235 728 1384 773 recta
1428 721 1481 774 in
1548 722 1818 776 Bmotiam
1869 738 2060 793 proce-

481 814 611 861 dere
656 806 844 876 jussit,
899 817 958 861 ut
990 808 1045 861 in
1095 809 1360 866 ditionem
1412 812 1682 885 redigeret
1737 815 2062 869 mediterra-

483 914 667 961 neam,
713 915 835 967 qua:
871 899 943 954 ibi
970 905 1419 974 est,regionem,
1477 906 1639 960 sicuti
1671 922 1843 976 supra
1865 907 2061 962 docui-

483 1006 627 1046 mus.
672 989 788 1060 Ipse
836 979 968 1047 hero
993 1009 1117 1049 cum
1177 996 1409 1051 haereret
1462 999 1514 1051 in
1547 999 1770 1053 Achaia:
1815 999 2059 1069 regione,

477 1092 533 1140 et
593 1084 709 1137 loca
774 1099 896 1153 qua:
973 1087 1046 1141 ibi
1099 1097 1280 1151 erant,
1321 1091 1372 1142 in
1433 1089 1704 1144 ditionem‘
1759 1092 2059 1162 accipiens,

481 1175 808 1231 dedentibus
862 1192 986 1232 sese
1047 1179 1414 1250 principibus,
1461 1183 1608 1236 venit
1657 1183 1711 1236 in
1775 1181 2060 1246 Achaiam,

484 1270 692 1324 vehens
749 1286 936 1324 secum
1017 1275 1278 1337 Asanem,
1341 1275 1530 1328 uxoris
1583 1290 1747 1344 quam
1806 1276 2062 1344 princeps

482 1364 736 1430 habebat,
776 1364 1024 1419 fratrem.
1091 1364 1208 1420 Huc
1248 1367 1494 1431 veniens,
1553 1369 1767 1436 accep-it
1835 1369 2061 1423 misera-

482 1455 641 1510 bilem
689 1455 1085 1520 calamitatem,
1129 1471 1252 1524 quas
1294 1455 1618 1524 contigisset
1677 1454 2061 1510 Santantariae.

481 1544 753 1611 Graviter,
793 1562 856 1600 ea
891 1546 1096 1604 audita.
1138 1548 1464 1601 succensuit
1517 1547 1772 1617 Zagano;
1806 1564 1930 1602 nam
1958 1562 2068 1601 me-

485 1638 590 1691 rito
655 1640 1072 1709 indignabatur.
1143 1639 1428 1709 Siquidem
1518 1651 1740 1710 propter
1819 1655 2064 1694 errorem

483 1733 597 1784 sive
639 1733 1018 1787 crudelitatem
1073 1733 1274 1801 Zagani
1334 1734 1385 1786 in
1432 1732 1678 1795 Grmens,
1710 1733 1937 1802 reliqum
1970 1749 2064 1786 ur-

483 1825 579 1880 bes
625 1827 1028 1880 cunctahantur
1087 1828 1152 1880 ad
1194 1827 1528 1880 deditionem
1585 1836 1856 1894 spectare.
1885 1824 2060 1881 Jussit

481 1918 645 1987 igitur
681 1936 768 1971 rex
797 1935 891 1987 per
918 1935 1226 1988 praeconem
1261 1920 1312 1972 in
1347 1920 1544 1974 castris
1571 1918 1735 1981 edici,
1763 1929 1820 1972 ut
1857 1919 2062 1972 manci-

483 2011 571 2079 pia
621 2012 988 2066 Santamarhe
1042 2013 1506 2082 conquirerentur
1545 2030 1558 2065 :
1594 2011 1780 2066 omnia
1830 2027 1952 2080 qua:
2005 2011 2058 2065 in

483 2104 679 2157 castris
735 2106 1174 2173 reperiebantur,
1239 2105 1544 2160 libertatem
1584 2105 1868 2174 pristinam
1924 2106 2060 2159 reci-

488 2193 732 2263 piebant.
789 2195 1053 2256 Plurima,
1101 2205 1393 2264 antequam
1446 2196 1497 2251 id
1553 2195 1728 2262 ﬁeret,
1781 2210 2060 2252 transcen-

485 2286 687 2339 derant
730 2285 800 2338 ab
859 2285 1066 2339 Achaia
1105 2286 1159 2338 in
1207 2286 1490 2341 IEtoliam.
1540 2287 1792 2358 Zagantts
1842 2303 2060 2357 quoque

485 2379 753 2448 plurimos
790 2379 1035 2448 captivos
1079 2380 1132 2434 in
1169 2379 1570 2450 mancipiorum
1625 2395 1916 2436 numerum
1979 2398 2058 2435 re-

484 2471 643 2537 latos,
692 2472 918 2526 domum
957 2472 1363 2528 transmiserat.
1436 2472 1642 2529 Urbem
1679 2473 1883 2528 dehinc
1921 2473 2057 2528 Gre-

485 2565 708 2628 benum,
741 2564 916 2620 misso
947 2563 1116 2620 Josue
1147 2564 1474 2635 Sc0piorum
1534 2567 1788 2635 praeside.
1850 2568 1993 2637 cepit
2045 2587 2056 2620 :

483 2665 538 2710 et
567 2657 779 2711 tertiam
826 2657 1135 2722 hominum,
1200 2657 1293 2727 qui
1331 2657 1382 2711 in
1415 2657 1578 2726 255
1609 2674 1672 2712 ea
1709 2659 1846 2714 urbe
1879 2673 2058 2719 erant.

484 2758 694 2818 partem
762 2750 827 2804 ad
888 2751 1290 2819 mancipionnn
1345 2752 1708 2806 miSerabilem
1784 2752 2058 2806 fortunam

485 2840 732 2895 deduxit.
783 2839 924 2896 Hinc
974 2842 1090 2909 ipse
1141 2843 1350 2910 eligens
1401 2843 1840 2912 pulcherrimum
1879 2846 2056 2914 quod-

484 2946 590 2999 que
639 2929 997 2999 mancipium,
1060 2945 1122 2983 ea
1178 2931 1481 2985 auferebat.
1545 2931 1717 2986 Etiam
1769 2943 2059 3002 antequam

487 3023 602 3076 haec
641 3019 944 3084 evenirent,
969 3018 1258 3075 Patrarum
1294 3022 1592 3090 pra-lectus
1621 3025 1845 3078 nomine
1876 3025 2060 3079 Isoca-

2166 539 2320 608 ἵππῳ
2365 538 2462 592 τοῦ
2498 539 2764 609 βασιλέως
2800 540 2894 592 ἐπὶ
2926 539 3216 609 Μεθώνην,
3245 541 3338 593 καλ⁵
3372 541 3744 610 θεασαμένου,

2161 629 2305 691 τινες
2328 630 2437 682 τῶν
2463 629 2566 698 τῆς
2613 630 2824 693 πόλεως
2878 630 3178 701 ἐπεξῆλθον
3212 632 3285 694 ὡς
3321 633 3414 685 ἐπὶ
3465 635 3749 699 σπονδαῖς,

2165 720 2439 784 καε,τινες
2470 720 2682 774 ,αὐτῶν
2734 720 3107 793 διεφθάρησαν
3153 723 3258 776 ὑπὸ
3301 723 3410 776 τῶν
3455 723 3746 793 βασιλέως.

2164 810 2429 875 Βασιλεὺς
2467 813 2523 864 δὲ
2572 813 2682 868 ἀπὺ
2735 813 2912 866 Πύλου
2953 816 3465 886 συσκευασάμενος.
3517 815 3610 867 τον
3645 818 3748 884 μὲν

2164 922 2247 958 τοι
2289 905 2566 968 Ἑλλήνων
2597 907 2844 976 ἡγεμόνα
2872 909 3091 961 ἐκέλευε
3139 907 3238 981 τὴν
3270 909 3566 978 μεσόγαιον
3599 910 3742 962 ὑπά-

2165 1015 2334 1064 γοντα
2387 999 2518 1052 εύθὺ
2567 1001 2828 1063 Βοιωτίας
2886 1003 3157 1066 ἐλαύνειν,
3210 1003 3286 1065 ὡς
3345 1005 3616 1074 πρότερον
3650 1023 3745 1073 μοι

2164 1092 2475 1160 δεδήλωται’
2506 1095 2667 1158 αὐτὸς
2696 1094 2754 1148 δὲ
2796 1095 2888 1148 ἐπὶ
2920 1095 3170 1167 Ἀχαῒδος
3202 1098 3521 1166 γενόμενος,
3551 1101 3646 1153 καὶ
3672 1099 3741 1150 τὰ

2164 1185 2340 1258 ταύτῃ
2379 1186 2555 1256 χωρία
2588 1186 2950 1258 παραλαϐὼν,
3001 1190 3358 1256 παραδόντων
3401 1190 3511 1243 τῶν
3545 1190 3747 1260 ἀρχόν-

2166 1294 2295 1339 των,
2334 1280 2672 1348 παρεγένετο
2723 1281 2783 1342 ἐς
2825 1281 3076 1351 Ἀχαΐαν,
3107 1271 3391 1353 περιάγων
3448 1285 3538 1336 καὶ
3580 1283 3752 1336 Ἀσά-

2166 1387 2286 1440 νην,
2317 1371 2408 1424 τὸν
2435 1372 2528 1425 τοῦ
2565 1374 2836 1442 ἡγεμόνος
2879 1376 3140 1442 γυναικὸς
3186 1375 3437 1446 ἀδελφόν.
3479 1375 3753 1432 Ἐνταῦθα

2165 1464 2222 1516 δὲ
2267 1464 2602 1534 ἀφικόμενος
2628 1507 2642 1528 ,
2679 1466 2756 1530 ὡς
2793 1466 3025 1520 ἐπύθετο
3069 1469 3139 1522 τὰ
3191 1470 3323 1538 περὶ
3373 1470 3753 1540 Σαντσιμέριον

2167 1559 2467 1627 γενόμενα,
2504 1560 2830 1628 ἐχαλέπαινε
2865 1559 2943 1630 τῷ
2975 1561 3209 1632 Ζαγάνῳ
3235 1603 3249 1624 ,
3286 1563 3388 1616 καὶ
3411 1563 3632 1633 ῆχθετο,
3664 1565 3751 1616 ὅτι

2167 1649 2253 1701 διὰ
2283 1651 2387 1718 τὴν
2419 1651 2630 1703 ἐκείνου
2677 1652 2997 1721 παράϐασιν
3037 1657 3097 1717 ἐς
3124 1656 3253 1718 τοὺς
3286 1656 3560 1724 ’Έλληνας
3590 1657 3723 1725 χαλε

2169 1741 2287 1803 πῶς
2332 1741 2398 1794 ἂν
2428 1743 2580 1812 αὐτῷ
2633 1747 3057 1816 προσχωρήσειε
3108 1747 3180 1800 τὰ
3228 1747 3394 1801 λοιπὰ
3449 1748 3562 1802 τῶν
3598 1748 3753 1801 πολιο

2173 1836 2416 1903 σμάτων.
2446 1837 2683 1906 Κήρυκα
2715 1838 2770 1891 δὲ
2814 1840 3053 1893 ἐποιεῖτο
3106 1841 3208 1894 άνά
3262 1844 3324 1892 τὸ
3358 1843 3747 1912 στρατόπεδον.

2169 1926 2311 1980 ὥστε
2340 1931 2554 1997 ἐφιέναι
2583 1931 2651 1983 τά
2697 1932 2806 1984 ἀπὸ
2842 1934 3217 2002 Σανταμερῖου
3257 1937 3589 2006 ἀνδράποδα.
3631 1937 3751 1991 Ἐν-

2167 2021 2342 2073 ταῦθα
2371 2024 2472 2074 ὅσα
2496 2018 2562 2092 ἦν
2589 2023 3005 2092 ἠλευθεροῦντο.
3042 2027 3122 2079 Τὰ
3171 2029 3358 2097 μέντοι
3381 2031 3553 2095 πλείῳ
3583 2031 3752 2098 ἔφθη-

2171 2128 2269 2163 σαν
2312 2112 2572 2167 διαϐάντα
2629 2118 2683 2177 ἐς
2733 2118 2833 2187 τὴν
2865 2119 3134 2173 Αἰτωλίαν
3197 2122 3304 2174 ἀπὸ
3344 2123 3451 2189 τῆς
3496 2123 3748 2193 Ἀχαΐας.

2170 2202 2495 2272 Ζάγανοξδὲ
2530 2208 2598 2260 τὰ
2646 2207 2818 2261 πλείω
2856 2210 3168 2264 διεϐίϐασεν
3201 2215 3552 2283 ἀπαγόμενος
3575 2216 3643 2247 ³⁸⁸
3671 2218 3752 2269 οἵ·

2167 2296 2320 2351 καδε.
2380 2298 2494 2369 Τὴν
2550 2299 2650 2366 μὲν
2694 2297 2788 2354 οὖν
2848 2302 3115 2372 Γρεϐενοῦ
3154 2304 3334 2369 πόλιν,
3387 2306 3607 2376 πέμψας
3637 2307 3747 2375 Ἰη-

2169 2387 2295 2442 σοῦν
2324 2389 2433 2443 τῶν
2464 2391 2718 2444 Σκοπίων
2747 2391 3016 2464 ὕπαρχον,
3051 2399 3462 2468 παρεστήσατο·
3498 2401 3592 2452 καὶ
3616 2401 3740 2451 τού-

2166 2493 2276 2533 των
2317 2480 2416 2552 τὴν
2449 2484 2641 2553 τρίτην
2684 2488 2882 2552 μοῖραν
2910 2487 3474 2558 ἀνδραποδισάμενος,
3501 2494 3595 2544 καὶ
3629 2494 3748 2543 ἑπι-

2167 2571 2486 2642 λεξάμενος,
2529 2577 2650 2629 εἴτι
2684 2578 2851 2631 καλὸν
2878 2575 2948 2650 ἦν
2979 2581 3322 2652 ἀνδράποδον
3354 2584 3413 2635 ἐν
3453 2587 3520 2654 τῇ
3555 2584 3748 2645 πόλει,

2166 2665 2459 2740 ἀφῃρεῖτο.
2523 2670 2634 2722 Καὶ
2695 2671 2966 2744 πρότερον
3016 2673 3118 2742 μὲν
3172 2676 3201 2728 ὁ
3246 2676 3344 2744 τῆς
3387 2677 3621 2747 Πατρῶν
3659 2680 3753 2731 πόα

2166 2758 2306 2823 λεως
2334 2759 2518 2830 ἄρχων
2563 2762 2850 2832 ἰσακάλης
2910 2765 3153 2836 τοῦνομα
3199 2769 3586 2838 παρεστήσατο
3631 2771 3757 2822 ἔνια.

2165 2853 2276 2905 τῶν
2322 2856 2628 2923 περιοίκων
2671 2855 2840 2910 αὐτοῦ
2892 2858 3274 2928 πολισμάτων.
3314 2862 3376 2914 Οἱ
3410 2861 3519 2934 γὰρ
3550 2861 3751 2933 Ἔλλη-

2167 2962 2278 3008 νες,
2306 2945 2381 3008 ὡς
2412 2945 2646 3017 ᾔσθοντο
2693 2947 2924 3018 βασιλέα
2963 2951 3486 3023 καταστρεψάμενον
3518 2953 3618 3024 τὴν
3655 2973 3753 3024 με.

2171 3038 2390 3105 σόγαιον
2421 3081 2435 3105 ,
2473 3044 2566 3095 καὶ
2598 3041 3009 3114 διαφθείραντα
3071 3046 3276 3118 ἄνδρας
3327 3049 3404 3108 ὡς
3462 3049 3751 3108 πλείστους

488 3115 568 3171 les
615 3115 873 3185 Oppidula
927 3115 1176 3183 quaedam
1237 3114 1469 3169 ﬁnitima
1535 3117 1851 3188 subegerat.
1927 3118 2058 3172 Nam

2170 3133 2274 3184 τῶν
2309 3133 2540 3196 πόλεων,
2573 3135 2836 3207 ὥρμηντο
2865 3139 2965 3206 μὲν
2997 3140 3160 3202 αὐτός
3208 3158 3293 3204 τις
3346 3141 3576 3204 ἕκαστος
3615 3143 3749 3212 φθῆ-

486 3205 662 3262 Gncci
713 3205 802 3260 ubi
833 3205 1220 3260 intellexerunt
1273 3223 1454 3276 regem
1520 3207 1772 3277 populari
1808 3209 2064 3263 mediter—

489 3314 711 3354 raucam
754 3299 1058 3369 regionem,
1113 3306 1168 3354 et
1219 3315 1418 3354 necare
1470 3301 1762 3371 plurimos,
1821 3301 1894 3356 ibi
1952 3314 2064 3356 tum

487 3389 720 3461 singula:
782 3390 1034 3446 civitates
1108 3390 1516 3445 contendebant
1569 3390 1801 3447 summis
1845 3393 2065 3453 studiis.

486 3491 546 3538 ut
595 3497 655 3552 se
684 3483 968 3540 traderent
1040 3483 1179 3554 regi,
1226 3484 1548 3554 priusquam
1599 3484 1718 3554 ipse
1772 3484 2070 3540 adveniens

487 3574 654 3632 urbes
679 3576 922 3631 dirueret
951 3596 966 3632 :
999 3577 1262 3645 quasdam
1312 3577 1367 3632 in
1422 3577 1822 3647 mancipiorum
1874 3595 2067 3634 nume-

489 3684 611 3723 rum
673 3670 968 3741 redigeret,
1030 3681 1084 3724 ot
1115 3670 1258 3725 alios
1311 3671 1459 3725 letho
1490 3671 1667 3727 daret.
1715 3670 1876 3726 'l‘urci
1905 3672 2070 3742 igitur

489 3762 653 3818 urbes
701 3772 1091 3833 susceperunt,
1135 3773 1191 3818 et
1211 3764 1478 3832 eligentes
1506 3764 1874 3832 pulcherrima
1907 3781 2064 3818 man-

489 3855 652 3924 cipia,
713 3870 838 3925 qua:
865 3855 918 3910 in
958 3856 1026 3910 iis
1059 3865 1238 3922 erant,
1287 3866 1343 3910 et
1399 3863 1664 3910 vocantur
1711 3856 1922 3924 Aprici,
1962 3857 2068 3911 sibi

486 3950 909 4006 conservabant.
963 3949 1140 4006 Urbes
1174 3949 1395 4020 quidem
1438 3951 1684 4004 minores
1741 3951 1880 4004 laede
1935 3951 2067 4004 diri-

489 4042 730 4108 piebant,
785 4052 842 4096 at
918 4044 1160 4113 majores
1223 4042 1276 4096 in
1342 4042 1606 4097 ditionem
1695 4043 2066 4112 accipiebant,

485 4137 756 4207 eligentes
807 4139 912 4194 sibi
954 4153 1017 4194 ea
1045 4152 1166 4207 qua:
1223 4137 1274 4190 in
1312 4137 1542 4192 urbibus
1565 4148 1721 4192 erant
1756 4138 2065 4207 pulcherri-

491 4245 602 4284 ina.
623 4227 1093 4296 Quemadmodum
1140 4229 1192 4284 in
1228 4245 1356 4284 ores
1398 4246 1425 4282 a
1458 4231 1772 4298 pastoribus
1819 4231 2068 4286 desertas

488 4322 709 4378 irruunt
741 4323 875 4394 lupi,
924 4340 1024 4378 nec
1054 4324 1200 4377 caede
1234 4337 1476 4389 unquam
1527 4324 1818 4389 satiantur,
1879 4340 2065 4380 verum

491 4415 686 4472 misere
737 4417 992 4486 luporum
1062 4416 1273 4470 saevitia
1351 4430 1479 4469 ores
1541 4427 1815 4484 pereunt;
1872 4419 1952 4473 sic
2003 4437 2065 4474 ca

2171 3242 2260 3276 ναι
2304 3224 2629 3296 βουλόμενος
2666 3231 3008 3299 παραδοῦναι
3053 3235 3218 3302 σφᾶς,
3270 3235 3436 3306 πρινὴ
3482 3238 3750 3306 ἀφικόμε-

2171 3335 2263 3370 νον
2290 3319 2382 3371 τὸν
2420 3319 2648 3389 βασιλέα
2685 3323 2891 3389 ἐξελεῖν
2943 3329 3105 3395 σφᾶς,
3157 3328 3228 3381 τὰ
3285 3329 3386 3399 μὲν
3423 3331 3752 3400 ἀνδραποδιι

2173 3411 2430 3479 σάμενον,
2458 3413 2529 3466 τὰ
2561 3413 2617 3466 δὲ
2663 3418 2759 3468 καὶ
2807 3418 3188 3486 ἐπισράξαντα
3228 3420 3294 3474 ³¹.
3327 3422 3390 3474 Οξ
3421 3421 3477 3475 δὲ
3511 3423 3748 3494 Τοῦρκοι

2170 3504 2556 3574 ἀπελάμϐανον
2608 3508 2656 3539 ⁸³
2709 3509 2809 3578 μὲν
2864 3511 2964 3572 τὰς
3017 3512 3206 3575 πόλεις
3235 3557 3249 3579 ,
3279 3515 3536 3586 Ἀπρι-κοὶ
3566 3517 3614 3549 ⁸³
3651 3519 3751 3586 μὲν

2170 3595 2286 3658 οὖν,
2323 3598 2703 3667 ἐπιλεγόμενοι
2749 3601 2805 3653 δὲ
2837 3602 2906 3655 τὰ
2943 3605 3210 3658 κάλλιστα
3249 3607 3363 3660 τῶν
3414 3610 3627 3664 πόλεων
3654 3613 3750 3664 άν-

2169 3689 2435 3759 δράποδα,
2469 3693 2806 3764 ἀφῃροῦντο.
2840 3697 2948 3749 Καὶ
2986 3699 3054 3751 τὰ
3092 3700 3191 3768 μὲν
3232 3703 3387 3754 αὐτοὶ
3417 3705 3750 3774 ἡκδραποδί-

2171 3781 2348 3847 ζοντο,
2396 3783 2464 3836 τά
2515 3786 2692 3858 μικρὰ
2725 3788 2836 3841 τῶν
2874 3789 3264 3862 πολισμάτων,
3303 3795 3372 3847 τά
3421 3796 3478 3849 δὲ
3532 3797 3750 3865 μεγάλα

2170 3874 2624 3945 παρελάμϐανον,
2665 3879 3052 3950 ἐπιλεγόμενοι
3102 3885 3170 3938 τὰ
3201 3886 3471 3942 κάλλιστα
3499 3889 3612 3942 τῶν
3644 3893 3743 3942 πὲρ

2173 3965 2315 4018 λεων
2371 3968 2579 4035 σφίσιν.
2649 3970 2739 4034 Ὠς
2781 3974 2838 4026 δὲ
2886 3974 3040 4028 λύκοι
3075 3978 3191 4030 ,ἐπὶ
3240 3982 3490 4049 πρόὸατοι
3537 3987 3752 4053 νομέων

2178 4057 2358 4128 ἔρημα
2387 4061 2729 4126 ἐσϐαλόντες,
2767 4066 3061 4136 αὐτάρκως
3101 4070 3360 4124 οὐδέποτε
3395 4075 3752 4141 κορέννυνται

2169 4152 2264 4205 τοῦ
2297 4153 2489 4217 φόνου,
2518 4156 2775 4219 ἐλεεινῶς
2815 4157 2871 4209 δὲ
2902 4159 3214 4228 πάσχουσιν
3251 4163 3361 4216 ἀπὸ
3399 4165 3508 4216 τῶν
3540 4166 3753 4236 θηρίων

2169 4243 2378 4296 τούτοιν
2422 4245 2530 4298 τῶν
2560 4247 2781 4301 λύκων·
2828 4248 2972 4303 οὕτω
3023 4250 3086 4320 δὴ
3132 4255 3227 4306 καὶ
3263 4256 3296 4325 ἡ
3341 4256 3753 4328 Πελοπόννησος

2171 4336 2227 4388 ὲν
2276 4338 2352 4406 τῷ
2409 4339 2596 4408 τοιῷδε
2644 4341 2885 4395 κάκιστα
2940 4344 3253 4407 ἀπώλλυτο,
3308 4349 3751 4420 διαφθειρομένη

2177 4425 2282 4477 ὑπὸ
2309 4427 2419 4478 τῶν
2471 4428 2738 4497 βασιλέως
2769 4433 3007 4505 ἀνδρῶν,
3050 4437 3377 4505 οἰκτρότατα
3404 4440 3580 4494 ἄλλων
3614 4440 3752 4512 ἄλλῃ

491 4519 819 4580 tempestate
872 4509 986 4580 (87)
1024 4508 1440 4578 Peloponnesus
1469 4509 1854 4564 crudelissime
1901 4513 2043 4568 inter

2179 4519 2206 4568 ὸ
2217 4519 2381 4570 πολλυ
2390 4520 2606 4588 μένων..

490 4605 626 4665 ibat,
663 4611 870 4659 rastata
897 4615 948 4658 et
1002 4613 1259 4672 corrupta
1311 4603 1380 4655 ab
1438 4603 1602 4672 regiis
1662 4604 1949 4671 militibus,
1976 4624 2101 4663 cum
2147 4613 2237 4665 alii
2291 4614 2399 4678 hic,
2429 4615 2518 4668 alii
2549 4617 2679 4671 alibi
2728 4620 3099 4677 miserandum
3154 4626 3209 4679 in
3252 4629 3474 4682 modum
3515 4646 3743 4684 oecum-

493 4701 703 4753 herent.

567 4792 679 4845 Rex
707 4804 832 4844 cum
870 4789 1183 4843 advenisset
1218 4789 1408 4844 Patras
1440 4791 1679 4856 Achaim,
1703 4801 1882 4846 castra
1916 4808 2068 4848 eom-

493 4883 750 4945 tnnnivit,
787 4891 837 4937 et
869 4882 1276 4936 Caslritnennm
1300 4884 1486 4937 urbem
1522 4884 1573 4937 in
1602 4886 1934 4941 deditionem
1972 4903 2064 4940 ac-

491 4979 655 5047 cepit.
681 4975 828 5032 Misit
853 4990 1073 5044 quoque
1104 4990 1409 5044 pratcouent
1443 4978 1510 5028 ad
1533 4963 2062 5048 ﬁSaltnenicatn,qui

484 5071 702 5141 juberet
736 5084 833 5121 cos
861 5067 1050 5120 urbem
1083 5066 1301 5122 dedere.
1337 5065 1535 5120 Verum
1564 5070 1614 5120 hi
1639 5073 2061 5139 responderunt,

491 5177 550 5215 se
581 5161 824 5214 nomium
853 5160 986 5215 satis
1005 5171 1226 5229 paratos
1261 5175 1384 5214 esse
1430 5170 1488 5212 ut
1531 5149 1858 5214 deditionem
1919 5161 2066 5216 face-

492 5264 632 5309 rent.
673 5255 827 5310 Scire
855 5256 1001 5309 enim
1032 5271 1112 5319 se,
1137 5255 1182 5308 si
1203 5255 1533 5308 deditionem
1561 5255 1900 5320 facerent,se
1919 5257 2060 5309 idem

491 5351 633 5418 quod
661 5351 962 5406 accidisset
993 5350 1218 5421 reliquis
1250 5350 1455 5404 Graecis
1493 5364 1778 5420 passuros.
1832 5348 1954 5405 Ilaec
2008 5361 2064 5403 ut

2251 4795 2511 4860 Βασιλεὺς
2559 4799 2660 4869 μὲν
2707 4797 2803 4854 οὖν
2859 4804 3195 4876 ἀφικόμενος
3257 4812 3313 4872 ἐς
3378 4813 3597 4882 Πάτρας
3651 4816 3754 4883 τῆς

2188 4891 2436 4960 Ἀχαΐας,
2474 4895 2992 4962 ἐστρατοπεδεύετο,
3021 4903 3081 4954 τό
3124 4920 3182 4957 τε
3226 4907 3604 4977 Καστριμένον
3659 4913 3754 4963 πό-

2173 4985 2346 5054 λισμα
2368 4987 2797 5056 προσεχώρησεν
2828 4993 2998 5063 αὐτῷ.
3048 4996 3158 5048 Καὶ
3209 4999 3346 5068 πρῖς
3407 5001 3752 5071 Σαλμενίκῃν

2177 5078 2412 5145 πέμπων
2439 5081 2677 5144 κήρυκα,
2721 5082 2974 5137 ἐκέλευεν
3020 5087 3218 5150 αὐτοὺς
3263 5091 3603 5160 παραδοῦναι
3649 5096 3741 5163 τὴ.

2174 5169 2352 5221 πόλιν.
2389 5170 2450 5223 Οἱ
2496 5170 2550 5222 δὲ
2585 5172 2686 5224 ούκ
2711 5173 2921 5241 ἔφασαν
2947 5177 3166 5243 ἑκόντες
3213 5175 3356 5234 εἶναι
3393 5186 3535 5251 coci;
3570 5202 3750 5252 παρα-

2171 5260 2381 5321 δοῦναι.
2409 5264 2613 5326 εἰδότες
2642 5266 2717 5330 ὡς
2746 5269 2910 5338 ὅμοια
2943 5270 3225 5326 πείσονται
3257 5277 3369 5338 τοῖς
3400 5276 3585 5341 ἄλλοις
3615 5279 3750 5331 "EI-

2173 5353 2318 5422 λησι.
2352 5353 2538 5408 Ταῦτα
2574 5355 2674 5423 μὲν
2696 5357 2770 5418 ὡς
2794 5357 3000 5428 ἀνήχθη
3035 5361 3094 5423 ἐς
3129 5360 3372 5430 βασιλέα,
3408 5367 3749 5419 συσκευασά-

1806 5511 2046 5574 Νοιιιιίι)
2085 5517 2490 5593 marginales.

563 5665 673 5732 t87)
716 5667 873 5720 Anno
912 5665 1068 5720 1458.

570 5835 634 5866 ’θ’
657 5831 722 5888 In
759 5851 883 5900 uno,
922 5835 1260 5904 ἁπαγύξιενα.

1344 5836 1381 5866 ³¹
1415 5837 1833 5907 Ἐπισφάξοντα.
1867 5837 1951 5892 Sic
1993 5835 2153 5889 etiam
2193 5833 2254 5888 Ii.

2335 5833 2374 5864 ³²
2403 5833 2606 5904 Πσρςλ.
2688 5832 2730 5864 ³³
2760 5830 2823 5886 In
2856 5847 2980 5897 tmo,
3026 5830 3328 5900 ’Ᾱπροικοῖ.
