4006 6204
479 276 582 345 ΗΞ

1646 274 1959 342 LAONICI
1995 278 2654 345 CHALCOCONDYLE
3637 287 3740 352 476

475 408 694 464 Turcis.
731 407 840 462 Rex
872 416 1210 474 congregans
1263 400 1561 456 Januarum
1618 401 1844 462 milites,
1891 408 2052 470 quot-

2178 403 2249 455 ιαὶ
2281 403 2630 472 ἱπποδρόμων
2666 404 2782 458 ὅσοι
2819 405 3093 476 παρῆσαν,
3129 406 3280 474 ὴφίει
3311 406 3406 459 ἐπὶ
3453 407 3579 470 τοὺς
3621 408 3743 460 Ἄλο

473 511 608 576 quot
639 511 837 572 prarslo
866 507 1042 560 erant,
1071 505 1126 550 et
1157 495 1390 564 equites,
1424 509 1517 548 eos
1549 492 1732 548 emisit
1789 491 1843 546 in
1899 493 2062 547 Allia-

477 613 597 660 nos,
629 594 784 666 quasi
807 605 997 648 omnes
1019 599 1295 658 rapturus.
1316 585 1596 656 Quotquot
1628 583 1896 654 przcconis
1939 584 2061 639 voci

478 694 793 758 paruerant,
826 685 877 736 in
902 683 1050 735 hunc
1082 679 1303 733 modum
1326 676 1748 739 occumbebant,
1769 673 2064 744 etjnmen-

459 781 527 834 ‘ta
566 792 897 850 pecoraque,
929 776 1028 828 hac:
1061 773 1355 828 occasione
1394 771 1503 834 nsi,
1561 769 1846 839 abigentes
1895 769 2062 820 adve-

480 888 606 926 nere
637 869 982 924 Corinthum.
1009 866 1134 920 Pari
1171 864 1365 918 fraude
1393 879 1547 928 usus,
1571 863 1734 917 etiam
1767 862 1819 916 in
1839 859 2062 914 Phliun-

477 969 547 1023 tis
573 966 844 1036 regionem
879 960 1252 1015 incursionem
1284 956 1438 1012 fecit.
1463 955 1595 1010 Nam
1640 955 1837 1009 Albani
1905 954 2062 1008 inco-

482 1063 656 1117 lentes
689 1061 802 1114 loca
829 1058 931 1113 ista
959 1054 1358 1118 munitissima,
1381 1046 1694 1107 Cra-corum
1714 1065 1800 1103 res
1833 1048 2067 1120 agebant

477 1168 530 1214 et
556 1149 1038 1217 ferebantJieliqui
1065 1145 1281 1208 Albani,
1306 1145 1395 1215 qui
1423 1144 1743 1198 habitabant
1762 1143 1814 1195 in
1837 1140 2069 1195 inferio-

476 1255 536 1307 re
579 1243 933 1316 Peloponnesi
950 1241 1188 1310 regione,
1206 1237 1536 1294 accedebant
1561 1234 1832 1306 prtedictis
1847 1234 2071 1289 Albanis

481 1344 796 1402 auxiliares,
825 1349 880 1392 et
907 1337 1280 1406 sequebantur
1325 1348 1656 1401 quocunque
1684 1328 1885 1385 bellum
1910 1343 2069 1381 aver-

483 1439 701 1492 tissent.
731 1433 920 1502 Itaque
951 1447 1043 1485 rex
1079 1425 1320 1484 decrevit
1351 1428 1467 1482 loca
1523 1425 1628 1480 ista
1697 1425 1930 1478 reddere
1985 1423 2072 1474 iu-

483 1527 658 1579 ftrma.
693 1523 934 1576 Albanos
963 1531 1223 1590 praeterea
1255 1517 1384 1570 hinc
1415 1515 1701 1583 digressos
1733 1512 1911 1567 noluit
1952 1527 2071 1564 am-

480 1618 623 1688 plius
659 1613 787 1685 quid
811 1615 863 1667 in
889 1628 985 1667 sna
1013 1611 1231 1680 regione
1249 1625 1340 1664 rex
1359 1609 1645 1662 innovare.
1667 1605 1802 1660 Nam
1823 1605 2066 1674 plerum-

487 1705 888 1780 que'Albanos,
919 1696 1377 1773 quemadmodum
1414 1701 1574 1754 modo
1607 1699 1872 1764 diximus,
1907 1692 2069 1766 257

491 1800 851 1856 defectionem
887 1796 1078 1852 iecisse
1112 1795 1286 1857 aiunt,
1347 1802 1402 1846 et
1453 1791 1694 1860 reliquos
1749 1787 2076 1843 defectionis

482 1892 668 1948 socios
697 1891 953 1944 traxisse.
990 1888 1045 1943 in
1086 1888 1233 1961 lianc
1264 1885 1486 1940 modum
1520 1885 1572 1937 in
1601 1869 1867 1936 ditionem
1931 1881 2077 1949 regis

489 1985 656 2042 rediit
673 1984 1098 2054 Peloponnesus.

563 2080 674 2134 Rex
708 2086 891 2132 autem
931 2077 1156 2130 veniens
1205 2074 1476 2136 Athenas,
1539 2069 1902 2126 obambulans
1949 2068 2078 2122 hinc

489 2175 636 2239 inde,
673 2181 910 2227 veterem
940 2170 1089 2224 illam
1128 2166 1321 2223 urbem
1349 2175 1406 2223 et
1430 2173 1626 2238 portus
1659 2164 1964 2234 spectabat.
1987 2153 2047 2217 in

487 2270 639 2322 'terea
665 2265 884 2334 quidam
920 2261 1221 2334 peregrini,
1247 2261 1339 2330 qui
1370 2260 1427 2314 in
1487 2273 1612 2315 arce
1665 2268 1847 2323 erant,
1895 2273 2068 2327 expo-

488 2369 629 2415 nunt
653 2357 762 2426 regi
793 2356 1059 2426 quosdam
1086 2353 1449 2408 Athenienses
1489 2351 1927 2417 coniurationem
1987 2350 2069 2404 fe-

488 2454 655 2516 cisse,
687 2458 749 2506 ut
783 2448 1078 2520 proderent
1103 2447 1290 2502 urbem
1326 2444 1539 2501 Fran'co
1568 2437 1790 2498 Bmotiae
1812 2443 2072 2514 principi,

493 2545 587 2614 qui
635 2551 796 2597 antea
852 2540 1111 2611 princeps
1147 2537 1567 2594 Atheniensium
1617 2535 1929 2590 exstiterat.
1981 2533 2074 2589 Sic

493 2637 628 2691 urbs
657 2644 707 2689 et
745 2635 1113 2689 Athenienses
1141 2633 1195 2687 in
1233 2641 1491 2702 magnum
1515 2629 1812 2685 discrimen
1851 2641 2069 2684 venere.

499 2723 634 2783 Nam
666 2744 758 2782 rex
793 2727 922 2780 huic
955 2724 1160 2780 indicio
1189 2723 1349 2780 fidem
1384 2724 1540 2787 dans,
1567 2721 1714 2792 capit
1762 2721 1913 2776 cives
1971 2719 2070 2774 de-

493 2832 616 2874 ‘cem
657 2816 1154 2886 opulentissimos;
1195 2828 1402 2884 eosque
1455 2813 1581 2866 inde
1630 2812 1932 2875 abduccns,
1983 2809 2074 2865 dc-

495 2910 734 2982 portavit
765 2906 1080 2980 Byzantium
1119 2913 1176 2959 ut
1201 2906 1272 2959 ibi
1305 2904 1634 2958 habitarent.
1689 2897 1928 2958 Rediens
1977 2918 2074 2957 au-

491 3013 606 3058 tem
639 3002 889 3064 domum,
927 3012 1211 3067 przccoues
1262 2994 1432 3059 tnisit,
1481 2994 1682 3064 jnbcns
1741 2994 2070 3049 Demetrium

2163 494 2380 560 ϐανοίις,
2434 496 2510 558 ὡς
2564 496 3076 565 ἀναρπασομένους.
3138 497 3297 551 Οὗτοι
3362 499 3460 566 μὲν
3494 498 3586 552 οὖν
3638 499 3750 553 ὅσοι

2165 583 2442 637 ἐπείθοντο
2475 584 2552 652 τῷ
2587 584 3220 656 λόγῳ,ζὲξαπατηθέντες
3269 588 3414 641 οὕτω
3445 590 3752 655 ἀπώλοντο,

2166 676 2258 728 καὶ
2296 677 2364 730 τά
2401 694 2458 728 τε
2485 677 2758 744 ὑποζύγια
2791 678 2886 730 καὶ
2935 679 3107 749 κτήνη
3159 679 3261 748 τῆς
3311 682 3494 750 χώρας
3537 679 3752 746 ἐξελαύο

2165 787 2368 835 νοντες,
2401 772 2722 841 ἐκομίζοντο
2751 774 2843 826 ἐπὶ
2891 773 3172 843 Κόρινθον.
3226 774 3349 827 Ἐπὶ
3391 770 3533 846 λόγῳ
3566 779 3748 844 τοιῷδε

2168 863 2440 932 ἐπέδραμε
2472 863 2540 915 τὰ
2567 861 2852 924 Φλιοῦντος
2889 863 3085 932 χωρία.
3147 863 3208 914 Οἱ
3257 864 3368 932 γὰρ
3431 866 3490 916 ἐν
3545 863 3751 926 τούτοις

2167 957 2546 1026 κατῳκημένοι
2609 957 2720 1009 τῶν
2778 955 3076 1018 Ἀλϐανῶν,
3125 956 3221 1010 ἆτε
3273 957 3329 1008 ἐν
3371 949 3550 1025 ὀχυρῷ
3609 957 3751 1008 πάνυ

2168 1048 2467 1121 ᾠκημένοι,
2502 1043 2640 1117 ἦγον
2670 1048 2764 1101 καὶ
2794 1048 2986 1115 ἔφερον
3022 1048 3092 1101 τὰ
3121 1047 3386 1118 Ἑλλήνων
3431 1049 3752 1116 πράγματα,

2171 1143 2268 1195 καὶ
2294 1143 2420 1205 τοὺς
2452 1142 2673 1206 λοιποὺς
2696 1143 2882 1196 τούσδε
2907 1143 2963 1204 ἐς
2991 1143 3059 1196 τὰ
3095 1142 3246 1195 κάτω
3270 1142 3448 1210 χωρία
3470 1139 3568 1208 τῆς
3595 1140 3756 1194 Πελο-

2175 1237 2446 1306 ποννήσου
2479 1231 2650 1305 εἶχον,
2682 1233 2981 1304 ἑπομένους
3037 1235 3243 1304 σφίσιν,
3347 1233 3411 1287 ἂν
3439 1226 3586 1287 οῦτοι
3619 1233 3756 1300 ύφη-

2175 1331 2436 1398 γήσαιντο
2468 1328 2561 1382 ἐπὶ
2589 1328 2681 1382 τὸν
2721 1320 2979 1398 πόλεμον.
3009 1327 3172 1381 Ὥστε
3207 1325 3410 1396 ἀσθενῆ
3441 1327 3581 1396 ἔγνω
3601 1328 3758 1395 ποιῆ-

2177 1438 2266 1475 σαι
2289 1416 2396 1474 δεῖν
2416 1421 2485 1474 τὰ
2511 1420 2686 1492 χωρία
2713 1420 2909 1484 ταῦτα,
2939 1422 3036 1474 καὶ
3084 1421 3449 1490 ὡρμημένους
3509 1421 3763 1473 ἐντεῦθεν

2174 1515 2300 1577 τοὺς
2347 1513 2638 1578 ’Λλόανοὺς
2659 1514 2705 1546 ³⁸
2738 1513 3080 1583 νεωτερίζειν
3131 1514 3188 1576 ἐς
3221 1512 3322 1582 τὴν
3372 1512 3630 1582 βασιλέως
3655 1512 3763 1583 χώτ

2180 1624 2300 1678 ραν.
2333 1605 2446 1662 Καὶ
2479 1609 2540 1660 τό
2563 1623 2627 1676 γε
2655 1606 2816 1661 πλέον
2837 1608 2935 1674 τῆς
2970 1605 3294 1669 ἀποϐάσεως
3325 1599 3498 1669 οὕτως
3519 1603 3766 1672 ἐλέγοντο

2179 1704 2467 1767 ποιεῖσθαι,
2499 1703 2595 1755 καὶ
2628 1703 2784 1771 ἄγειν
2809 1702 2937 1764 τοὺς
2968 1699 3209 1765 λοιποὺς,
3263 1701 3385 1754 ὅποι
3448 1700 3514 1754 ἂν
3567 1696 3764 1770 ἐξηγήο

2181 1811 2380 1849 οαιντο.
2421 1793 2605 1847 Ταῦτα
2638 1794 2736 1865 μὲν
2762 1795 2833 1861 ,ἐς
2874 1794 2973 1862 τὴν
3017 1793 3425 1864 Πελοποννήσου
3471 1793 3674 1851 ἅλωσιν
3705 1793 3763 1856 ἐς

2179 1887 2430 1941 τοσοῦτον
2453 1887 2689 1955 ἐγένετο.

2250 2066 2513 2136 Βασιλεὺς
2588 2071 2647 2125 δὲ
2733 2068 3000 2138 Ἀθήναζε
3065 2069 3434 2140 ἀφικόμενος.
3497 2070 3765 2142 περιιὼν,

2178 2165 2471 2218 ἐπεσκόπει
2500 2166 2603 2235 τήν
2637 2182 2694 2217 τε
2729 2164 2966 2218 παλαιὰν
3016 2164 3190 2226 πόλιν,
3236 2164 3330 2216 καί
3363 2164 3489 2224 τοὺς
3517 2161 3766 2232 λιμένας.

2191 2257 2599 2328 Ἐξηγουμένων
2626 2257 2682 2310 δέ
2711 2258 2761 2311 οἱ
2793 2258 2902 2310 τῶν
2931 2257 2987 2309 ἒν
3018 2260 3083 2328 τῇ
3133 2257 3432 2326 ἀκροπόλει
3467 2256 3765 2322 νπλύδων,

2173 2349 2251 2412 ὡς
2274 2349 2574 2417 Ἀθηναίων
2625 2349 2770 2412 τινὲς
2821 2349 3139 2420 συνθέμενοι
3189 2349 3480 2418 προδοσίαν
3527 2350 3766 2420 Φράγκῳ

2175 2442 2277 2512 τῆς
2312 2441 2571 2505 Βοιωτίας
2603 2441 2822 2513 ἄρχοντι
2853 2443 3122 2512 πρότερον
3142 2441 3419 2512 γενομένῳ
3449 2441 3751 2507 Ἀθηναίων

2174 2535 2442 2606 τυράννῳ,
2484 2537 2540 2598 ἐς
2569 2535 2811 2588 κίνδυνον
2843 2535 3104 2602 ἀφίκοντο
3127 2532 3280 2588 αὐτοί
3309 2551 3368 2587 τε
3388 2535 3482 2588 καὶ
3513 2535 3546 2604 ή
3580 2533 3762 2596 πόλις.

2187 2626 2450 2680 Ἐνταῦθα
2480 2627 2827 2690 ἀναπεισθεὶς
2880 2627 3154 2697 βασιλεὺς,
3211 2626 3576 2696 συλλαμὸἀνει
3635 2625 3771 2678 δέκα

2173 2721 2282 2774 τῶν
2310 2720 2512 2784 ἀστῶν,
2568 2718 2766 2790 ἄνδρας
2809 2720 2934 2782 τοὺς
2993 2718 3375 2788 ὀλϐιωτὲρους,
3409 2721 3504 2772 καὶ
3539 2721 3759 2787 ἀπαγα-

2173 2810 2288 2878 γὼν
2309 2810 2550 2872 τούτους,
2587 2809 2891 2880 κατῴκισεν
2917 2811 2974 2873 ἐς
3003 2809 3324 2874 Βυζάντιον.
3380 2811 3766 2880 Κομιζόμενος

2177 2905 2359 2973 μέντοι
2393 2902 2480 2956 ἐπ’
2515 2905 2689 2970 οἷκον,
2714 2905 2808 2956 καὶ
2835 2903 3068 2971 πέμπων
3095 2905 3365 2974 κήρυκας,
3405 2905 3622 2958 ἐκέλευε
3673 2905 3769 2961 ’τί-⁸)

2174 2995 2420 3065 ἡγεμόνα
2453 2995 2767 3062 Δημήτριον
2803 2993 3034 3060 ὑπάγειν
3057 2992 3294 3063 πρόσθεν
3323 2991 3420 3044 σὺν
3475 2995 3540 3061 τῇ
3575 3009 3765 3059 γυναι-

489 3097 689 3153 ducem
721 3092 1028 3164 prmcedere
1055 3103 1176 3146 cum
1211 3104 1420 3154 uxore;
1462 3088 1578 3156 ipsc
1610 3103 1737 3142 vero
1769 3103 1861 3156 per
1894 3089 2066 3142 alium

2178 3089 2248 3148 κὶ,
2278 3086 2370 3138 καὶ
2395 3085 2556 3147 αὐτὸς
2591 3083 2753 3154 σχολῇ
2787 3085 3099 3154 ἐπορεύετο.
3151 3085 3242 3154 Τῷ
3298 3085 3481 3152 μέντοι
3535 3085 3765 3154 ἡγεμόνι

486 3186 843 3256 sequebatur.
881 3180 1014 3236 Duci
1059 3179 1279 3250 quidem
1321 3179 1540 3233 tradidit
1598 3179 1788 3233 urbem
1847 3178 2072 3238 :Enum,

491 3289 548 3334 et
581 3273 982 3347 vectigal-quod
1011 3273 1081 3327 ab
1110 3272 1302 3327 salinis
1337 3272 1497 3326 istius
1531 3272 1682 3327 urbis
1737 3270 2071 3326 solvebatur.

497 3371 765 3425 Praeterea
805 3366 1050 3422 aJannis
1081 3363 1228 3435 regis
1283 3364 1590 3434 accipiebat
1638 3364 1863 3419 circiter
1912 3379 2072 3418 sexa-

493 3465 642 3535 ginta
668 3460 1222 3532 myriadeslibrarnm
1257 3457 1489 3528 argenti.
1523 3455 1795 3512 Francnm
1849 3458 2072 3511 Antonii

495 3557 666 3612 tilium
698 3569 808 3623 quo
837 3568 933 3622 per
961 3567 1202 3606 amorem
1236 3552 1441 3606 abusus
1506 3549 1686 3605 fuerat
1737 3551 1817 3620 (ut
1880 3549 2074 3620 fertur)

491 3647 655 3714 eique
671 3644 975 3718 crediderat
992 3643 1408 3696 Atheniensium
1430 3656 1636 3703 arcem,
1661 3657 1808 3708 eum,
1829 3642 2074 3711 inquam,

500 3737 648 3793 misit
683 3737 748 3790 ad
778 3737 1055 3806 laganum
1101 3733 1463 3802 PeIOpounesi
1515 3732 1852 3802 praefectum,
1912 3749 2073 3804 quem

491 3829 670 3884 occidi
695 3828 882 3899 jussit.
918 3825 1169 3896 laganus
1203 3826 1440 3879 inritans
1468 3825 1633 3880 istum
1667 3827 1718 3880 in
1781 3827 2074 3881 tenlorium

497 3936 682 3982 suum,
707 3935 832 3974 cmn
868 3934 935 3973 eo
960 3918 1266 3973 collectitus
1298 3927 1577 3988 estusque
1597 3916 1665 3972 ad
1683 3927 1918 3972 noctem.
1939 3919 2078 3972 Pos-

491 4023 586 4070 tea
616 4023 795 4068 autem
839 4028 962 4068 cum
994 4010 1172 4067 abiret
1203 4010 1451 4066 Francus
1502 4025 1733 4082 pergens
1785 4012 1850 4066 ad
1913 4027 2076 4066 suum

501 4104 821 4167 tentorium,
860 4102 930 4157 ibi
966 4101 1288 4157 interfectus
1321 4107 1406 4155 est
1435 4115 1467 4155 a
1497 4099 1742 4170 Zagano,
1765 4115 1891 4155 eum
1925 4110 1982 4155 ut
2004 4100 2076 4154 ibi

499 4205 810 4257 necaretur,
838 4193 1093 4264 precibus
1120 4193 1485 4260 impetrasset.
1521 4189 1720 4245 Franci
1756 4206 1904 4246 mors
1954 4191 2077 4246 talis

492 4289 755 4345 fuititex
790 4297 971 4342 autem
1009 4301 1104 4356 per
1153 4286 1326 4340 otium
1387 4283 1766 4338 revertebatur
1827 4286 2074 4339 domum.

489 4385 633 4436 'tlum
653 4381 970 4436 advenisset
985 4378 1283 4442 Pherrhas,
1297 4378 1440 4432 diem
1465 4377 1538 4432 ibi
1558 4388 1803 4433 moratus
1820 4386 1924 4433 est.
1942 4375 2077 4431 Nam

2179 3179 2474 3248 ἐπέτρεψεν
2500 3171 2658 3230 Αἶνον
2679 3177 2859 3239 πόλιν,
2891 3177 2984 3230 καὶ
3019 3178 3281 3247 πρόσοδον
3305 3177 3411 3231 ἀπὸ
3458 3177 3557 3247 τῆς
3590 3176 3762 3230 αὑτοῦ

2136 3279 2149 3290 ’·
2175 3270 2348 3346 ταύτῃ
2375 3270 2589 3340 ἀλικῆς,
2625 3271 2720 3323 καὶ
2743 3271 2852 3325 ἀπὸ
2883 3270 2990 3324 τῶν
3016 3269 3218 3340 θυρῶν,
3253 3273 3309 3334 ἐς
3344 3271 3610 3340 ἑξήκοντα
3663 3288 3766 3339 μυ-

2179 3365 2368 3437 ριάδας
2396 3363 2682 3434 ἀργυρίου.
2719 3363 2826 3418 Τὸν
2854 3363 2953 3432 μὲν
2981 3359 3072 3418 οῦν
3097 3365 3350 3433 Φράγκον
3406 3363 3500 3418 τοῦ
3565 3366 3769 3416 Ἀντω-

2178 3459 2293 3511 νίου
2327 3457 2510 3521 παῖδα,
2544 3457 2768 3512 παιδικά
2800 3476 2859 3511 τε
2901 3458 3070 3513 αὑτοῦ
3130 3459 3441 3528 γενόμενον,
3484 3457 3560 3521 ὡς
3613 3457 3768 3525 λέγε-

2177 3567 2290 3615 ται,
2320 3551 2416 3604 καὶ
2448 3550 2762 3621 παραδόντα
2796 3551 2893 3620 τὴν
2940 3551 3237 3621 Ἀθηναίων
3268 3551 3588 3619 ἀκρόπολιν,
3617 3553 3766 3619 πέμ-ο

2178 3655 2294 3697 πων
2327 3644 2556 3714 Ζαγάνῳ
2585 3644 2662 3713 τῷ
2709 3643 2810 3714 τῆς
2868 3645 3272 3714 Πελοποννήσου
3334 3643 3583 3713 ὑπάρχῳ,
3640 3644 3766 3695 ἐκέ-

2178 3736 2334 3788 λευεν
2359 3736 2591 3791 ἀνελεῖν.
2625 3734 2862 3804 Ζάγανος
2891 3736 2946 3789 δὲ
2972 3738 3028 3800 ἐς
3046 3735 3141 3806 τὴν
3168 3737 3373 3806 σκηνὴν
3423 3735 3762 3802 συγκαλέσας

2179 3826 2362 3890 αὐτὸν,
2397 3829 2454 3890 ἐς
2489 3827 2702 3897 ὁμιλίαν
2744 3827 3036 3881 καθίστατο
3066 3827 3195 3898 ἄχρι
3232 3827 3448 3890 νυκτός.
3520 3829 3672 3880 Mati
3709 3828 3762 3880 δὲ

2176 3915 2252 3982 ὡς
2287 3918 2464 3973 ἀπιὼν
2489 3919 2714 3991 ὥρμητο
2738 3922 2828 3973 ἐπὶ
2859 3919 2956 3990 τὴν
2979 3919 3175 3974 ἑαυτοῦ
3209 3921 3437 3988 σκηνὴν,
3474 3921 3768 3973 κελεύσαν-

2179 4029 2268 4074 τος
2291 4011 2346 4064 δὲ
2379 4012 2570 4075 αὑτοῦ,
2599 4012 2772 4084 ταύτῃ
2806 4012 3145 4067 ἀπέκτεινεν.
3203 4009 3407 4066 Τούτου
3462 4014 3563 4083 μὲν
3608 4015 3641 4082 ἡ
3676 4029 3766 4064 τε-

2181 4105 2343 4176 λευτὴ
2369 4105 2540 4169 οὔτως
2567 4105 2716 4177 ἔσχε.
2743 4107 3010 4170 Βασιλεὺς
3056 4107 3112 4160 δὲ
3172 4106 3535 4177 κομιζόμενος
3572 4109 3663 4160 ἐπ’
3692 4107 3769 4159 οτι

2183 4217 2279 4252 κου
2307 4200 2468 4270 σχολῇ
2508 4200 2817 4268 ἐπορεύετο.
2863 4201 2968 4254 Καὶ
3017 4200 3112 4254 ἐπὶ
3169 4203 3383 4273 τι)ερρἀ
3413 4203 3765 4270 ἀφικόμενος,

2182 4293 2390 4361 ἡμέρας
2445 4309 2505 4344 τε
2565 4293 2836 4363 διέτριψεν
2897 4293 3083 4348 αὐτοῦ.
3129 4295 3453 4362 Ἦγγέλλετο
3505 4299 3612 4364 γὰρ
3658 4295 3768 4347 ἀπὸ

2184 4384 2428 4438 Παιόνων
2447 4385 2674 4455 στρατὸν
2699 4385 2964 4451 ἐλαύνειν,
3003 4385 3225 4438 ἐπιόντα
3266 4388 3360 4439 ἐπὶ
3388 4386 3481 4439 τὸν
3517 4385 3760 4457 Ἴστρον.

491 4477 636 4530 fama
669 4480 807 4539 cra't,
844 4467 1133 4527 Pannoues
1164 4487 1290 4525 cum
1322 4471 1570 4524 exercitu
1597 4470 1860 4524 accedere
1892 4469 1957 4524 ad
2001 4469 2072 4525 ls-

2192 4475 2280 4540 Ὠς
2335 4477 2390 4529 δὲ
2432 4476 2713 4546 κατάδηλα
2771 4478 3010 4545 ἐγένετο,
3065 4478 3215 4532 οὐδὲν
3278 4479 3428 4540 ὄντα,
3479 4479 3658 4549 παρῆν
3714 4480 3772 4541 ἐς

490 4579 666 4622 trum.
694 4565 797 4621 Ubi
849 4576 1032 4620 autem
1070 4563 1348 4636 cognitum
1382 4571 1488 4627 est,
1518 4553 1721 4616 famam
1771 4562 1912 4616 hanc
1954 4577 2075 4619 esse

493 4666 716 4725 falsam,
760 4679 864 4715 non
895 4662 1067 4714 multo
1101 4657 1646 4727 postAdrianopolim
1687 4657 2075 4726 pervenit,du-

489 4762 630 4812 cens
655 4771 842 4810 secum
893 4753 1205 4808 Graecorum
1262 4752 1404 4820 regis
1458 4750 1677 4804 fratrem
1741 4748 2076 4804 Demetrium

497 4865 622 4903 eum
659 4861 848 4900 uxore.
891 4845 990 4901 Ubi
1023 4846 1291 4914 processit
1325 4845 1376 4899 in
1419 4845 1621 4914 regiam
1660 4847 1867 4908 sedem,
1914 4844 2080 4899 misso

490 4942 691 4995 nuntio
711 4939 1024 4995 eunuchum
1049 4939 1276 4993 abduxit
1305 4938 1596 4992 acustodia
1623 4937 1746 4992 tiliae
1770 4937 1946 4992 ducis.
1976 4930 2082 4991 Za~

497 5053 672 5105 ganns
698 5037 789 5106 qui
826 5035 1048 5088 relictus
1083 5033 1258 5087 fuerat
1317 5031 1373 5086 in
1438 5031 1834 5100 Peloponneso,
1879 5033 2085 5086 habens

497 5133 601 5181 sub
635 5145 693 5181 se
715 5127 1014 5182 Thessalia:
1046 5128 1372 5184 exercitum.
1400 5125 1679 5194 equilibus
1709 5126 1956 5194 exceptis
1995 5142 2082 5180 res

497 5221 865 5288 Peloponnesi
925 5220 1264 5274 circumiens
1318 5219 1702 5286 componebat.
1775 5218 2073 5273 Plurimum

495 5313 640 5364 ται-τι
669 5321 780 5364 tum
816 5311 968 5371 huic,
1001 5326 1210 5364 necnon
1254 5309 1616 5380 Peloponnesi
1649 5309 1882 5365 ducibus
1924 5326 2074 5364 acce-

493 5401 664 5453 xlrhat
697 5401 765 5453 ab
808 5402 1114 5469 mancipiis,
1159 5417 1280 5472 qum
1311 5402 1454 5456 clam
1489 5399 1727 5455 ferentes
1763 5400 2081 5456 transmise-

500 5501 624 5543 rant.
666 5489 1025 5544 ἰ’ῑιιρειπηιςςιιιι.
1067 5491 1514 5563 Peloponnesiaci
1554 5508 1780 5562 quoque
1848 5493 2081 5563 plurima

2195 4569 2631 4640 ’Δδριανούπολιν
2695 4571 2753 4623 οὗ
2792 4571 2993 4640 ,πολλῷ
3029 4571 3252 4640 ὕστερον
3295 4573 3409 4641 ἃμα
3470 4572 3619 4638 ἄγων
3678 4574 3775 4628 καὶ

2185 4665 2292 4718 τῶν
2319 4665 2363 4697 ³⁸
2405 4664 2675 4732 Ἑλλήνων
2701 4663 2965 4732 βασιλέως
3003 4664 3228 4732 ἀδελφὺν
3274 4667 3610 4734 Δημήτριον,
3673 4668 3772 4719 καὶ

2185 4757 2440 4822 γυναῖκα.
2478 4754 2570 4816 Ἐς
2603 4753 2702 4823 μὲν
2727 4753 2820 4806 οὖν
2843 4754 2912 4806 τὰ
2957 4754 3204 4823 βασίλεια
3255 4755 3606 4823 ἀφικόμενος,
3633 4756 3776 4822 πέμ·

2181 4847 2287 4916 ψας
2320 4847 2412 4900 τόν
2448 4861 2507 4898 τε
2532 4845 2812 4915 εὐνοῦχον,
2845 4846 3133 4916 ἀπήγαγεν
3157 4846 3266 4900 ἀπὸ
3291 4848 3390 4915 τῆς
3438 4845 3532 4898 τοῦ
3568 4847 3666 4914 ήγε
3679 4847 3770 4916 μό-

2182 4939 2580 5011 νοςθυγατρός.
2615 4941 2858 5007 Ζᾶγανος
2903 4940 2958 4993 δὲ
3007 4939 3386 5010 καταλειφθεὶς
3417 4942 3474 4992 ἐν
3498 4940 3767 4992 Πελοπον-

2182 5033 2354 5102 νήσῳ,
2391 5032 2528 5102 ἔχων
2565 5031 2683 5100 μεθ’
2718 5029 2914 5084 ἑαυτοῦ
2947 5032 3042 5083 καὶ
3072 5031 3132 5083 τὸ
3168 5031 3267 5100 τῆς
3291 5029 3582 5092 Θετταλίας
3610 5029 3770 5098 στρά-

2180 5142 2358 5193 τευμα
2386 5125 2513 5178 ἄνευ
2535 5124 2641 5177 τῶν
2671 5110 3044 5194 ἱπποδρόμων,
3068 5123 3301 5192 καθίστη
3327 5122 3556 5192 περιιὼν
3578 5122 3646 5174 τὰ
3667 5120 3768 5188 τῆς

2186 5219 2592 5288 Πελοποννήσου
2627 5218 2947 5287 πράγματα,
2977 5216 3070 5269 καὶ
3108 5216 3318 5285 μεγαλα
3357 5215 3597 5283 ἀπέφερε
3625 5215 3756 5283 κέρ·

2185 5315 2270 5383 δη,
2307 5313 2470 5375 αὑτός
2499 5330 2556 5364 τε
2593 5312 2685 5364 καὶ
2709 5313 2757 5364 oi
2780 5310 2875 5380 τῆς
2902 5308 3311 5380 Πελοποννήσου
3340 5311 3621 5380 ἄρχοντες,
3657 5308 3765 5358 ἀπό

2189 5423 2248 5459 τε
2281 5404 2651 5476 ἀνδραπόδων,
2679 5402 2714 5457 ἂ
2743 5402 2930 5473 κρύφα
2971 5403 3393 5472 ἀποφερόμενοι,
3457 5399 3772 5463 διεὸίδαζον

2196 5501 2250 5563 ἐς
2281 5498 2597 5562 Θετταλίαν,
2623 5498 2718 5551 καὶ
2761 5496 2908 5567 δῶρα
2940 5493 3402 5566 εἰσπραττόμενος
3453 5493 3582 5555 τοὺς
3611 5493 3670 5546 ἐν
3700 5493 3769 5562 τῇ

1818 5637 2070 5702 Notulte
2111 5639 2517 5718 marginal-es.

581 5754 630 5785 τε
666 5761 772 5827 Mn,
820 5766 869 5812 tu
903 5759 959 5817 li.
990 5765 1149 5817 deest.
1230 5765 1270 5795 ³³
1305 5763 1427 5821 ’1’ό·.
1461 5761 1549 5820 Sic
1581 5763 1742 5820 etiam
1770 5761 1839 5820 Ii.
