4006 6204
221 323 334 400 47⁵1

217 447 644 516 Πελοποννήσῳ.
669 443 776 495 Καὶ
799 437 1138 510 Σαλμενίκην
1182 433 1498 488 ἐπελαύνων
1556 425 1806 494 ἐπολιόρ-
1835 426 1880 482 Λ

214 561 333 604 κει,
370 540 564 604 λόγους
590 551 665 587 -τε
693 530 1015 601 προσφέρων
1063 527 1322 586 ἐπιεικεῖς
1345 523 1422 584 είς
1450 520 1545 590 τὴν
1570 515 1804 580 παράδο-

220 650 339 687 σιν.
369 623 534 686 Οὗτοι
568 626 667 693 μὲν
711 626 810 678 οὐκ
859 622 1134 675 ἐπείθοντο
1159 635 1175 650 ο
1232 614 1431 681 συνέϐη
1473 613 1530 665 δὲ
1581 609 1809 670 ὕστερον

220 725 405 793 ἀσινῆ
429 721 744 784 ὑπεξελθεῖν
777 717 842 768 ἐκ
888 714 988 782 τῆς
1036 708 1384 781 ἀκροπόλεως
1442 703 1643 768 ταύτης
1687 701 1809 754 Ἐλ-

221 817 421 886 λήνων
459 815 720 883 ἇρχοντα,
744 805 991 861 ἐνιαυτὸν
1022 801 1402 873 ἐπιμείναντα,
1459 792 1812 862 γενναιότατα

230 885 559 962 ὑποστάντα
591 902 681 955 τὸν
706 899 842 972 πρὸς
874 895 1097 966 βασιλέα
1126 893 1382 961 πόλεμον.
1401 888 1561 940 Ὥστε
1589 885 1810 952 Μαχου-

235 1002 459 1072 μού-την
492 997 582 1050 τὸν
616 980 710 1049 to?)
742 991 1004 1063 βασιλέως
1032 987 1184 1042 οἴκου
1218 982 1480 1055 ἡγεμόνα,
1519 977 1687 1046 φάναι
1724 973 1816 1026 ἐπὶ

227 1065 426 1162 ’τούτω
457 1089 661 1158 τάνδρὶ,
699 1102 774 1148 ως
821 1085 878 1146 ἐς
907 1077 1308 1147 Πελοπόννησον
1331 1070 1600 1139 τοσαύτην
1633 1065 1816 1137 χώραν

230 1158 597 1254 ἀφικόμενος,
642 1175 948 1246 ἀνδράποδα
995 1173 1093 1241 μὲν
1142 1166 1316 1222 πολλὰ
1357 1164 1590 1234 εὕροιτο,
1651 1158 1819 1250 ἄνδρα

234 1248 306 1330 δέ
337 1248 545 1344 μηδένα
573 1274 654 1325 ὅτι
691 1268 765 1338 μὴ
797 1265 1055 1320 τοιοῦτον.
1089 1259 1348 1322 Βασιλεὺς
1398 1256 1494 1324 μὲν
1531 1254 1648 1306 τότε
1679 1248 1820 1318 ἀμφὶ

238 1369 366 1428 ’τοῖς
392 1362 684 1433 βασιλείοις
708 1357 799 1430 ἦν·
829 1357 1029 1423 Θωμᾶς
1052 1353 1110 1407 δὲ
1151 1355 1214 1405 ἐκ
1247 1351 1346 1420 τῆς
1392 1344 1821 1413 Πελοποννήσου,

245 1461 354 1513 καὶ
387 1457 707 1524 Ἐπίδαυρον
738 1447 1086 1521 παραλαϐὼν,
1120 1444 1347 1515 ἀφίκετο
1375 1443 1469 1496 ἐπὶ
1511 1440 1822 1524 Κέρκυραν,

253 1554 356 1605 καὶ
380 1547 626 1602 ἐκϐαλὼν
655 1545 915 1613 γυναῖκάς
949 1559 1007 1594 τε
1030 1540 1124 1596 καὶ
1153 1539 1368 1600 παῖδας,
1393 1535 1544 1587 ἔπλει
1571 1533 1661 1585 ἐπὶ
1700 1519 1830 1584 ’ἰτα-

255 1648 382 1699 λξαν
420 1643 570 1712 παρὰ
595 1631 687 1696 τδν
705 1642 813 1694 τῶν
841 1637 1131 1706 Ῥωμαίων
1151 1633 1428 1704 ἀρχιερέα.
1452 1630 1561 1684 Καὶ
1583 1626 1829 1694 πρέσϐυν

257 1742 375 1795 ἀπὸ
403 1737 698 1807 Κερκύρας
733 1735 808 1796 ώς
855 1730 1078 1801 βασιλέα
1102 1730 1315 1796 ἔπεμπε
1372 1725 1733 1795 πειρώμενος,
1779 1718 1827 1771 εί

267 1833 365 1886 καὶ
421 1829 563 1898 αὐτῷ
611 1827 796 1898 χώραν
851 1823 1021 1891 ἐπιδῷ
1065 1817 1352 1874 ὁποιανοῦν
1405 1817 1502 1884 τῆς
1561 1811 1830 1883 Εὐρώπης

267 1924 558 1996 παράλιον,
582 1921 718 1973 ὥστε
749 1919 848 1989 τὴν
890 1915 1213 1986 Ἐπίδαυρον
1243 1909 1576 1980 παραδοῦναι
1610 1906 1686 1976 τῷ
1737 1905 1832 1975 βα-

270 2020 438 2074 σιλεῖ.
476 2017 578 2068 Τὸν
606 2015 698 2083 μὶν
723 2010 815 2065 οὖν
851 2007 1090 2079 πρέσϐυν
1131 2002 1434 2066 συλλαϐὼν,
1471 2004 1528 2055 ἐν
1562 2001 1750 2060 πέδαις
1776 2014 1834 2050 τε

268 2111 592 2179 ἐποιήσατο,
629 2107 718 2158 καὶ
743 2105 802 2158 οὐ
847 2101 1026 2171 πολλῷ
1070 2098 1300 2170 ὕστερον
1356 2096 1566 2165 ἀῴἦκεν
1624 2091 1835 2160 ἀϐλαϐῆ

263 2202 512 2257 ἀπιέναι.
556 2192 908 2266 Ἀφικόμενος
937 2193 992 2246 δέ
1018 2192 1218 2260 Θωμᾶς
1258 2192 1286 2243 ὁ
1316 2186 1540 2259 ἡγεμὼν
1562 2186 1709 2256 παρὰ
1743 2181 1837 2238 τὸν

265 2292 548 2364 ἀρχιερέα,
572 2291 672 2358 τὴν
697 2288 905 2342 δίαιταν
928 2281 1072 2354 εἶχεν
1103 2285 1165 2335 ἐκ
1188 2281 1400 2364 τούτου,
1440 2278 1839 2350 ἑξακισχιλίους

273 2385 489 2456 χρυσίου
521 2381 615 2435 τοῦ
639 2381 787 2442 ἔτους
814 2377 1106 2446 στατῆρας.
1243 2363 1252 2373 ’

352 2648 452 2706 Τοῦ
470 2650 523 2702 δὲ
573 2645 954 2714 ἐπιγινομένου
979 2641 1190 2716 θέρους,
1218 2641 1292 2704 ὡς
1323 2639 1385 2693 τὸ
1411 2640 1508 2710 ἔαρ
1530 2638 1840 2706 ἐπεγένετο,

276 2741 630 2811 ἐστρατεύετο
663 2739 956 2808 Μεχμέτης
983 2737 1075 2788 ἐπί
1122 2734 1211 2787 τὸν
1249 2731 1612 2802 Κασταμόνης
1664 2747 1720 2785 τε
1753 2734 1847 2784 καὶ

273 2835 520 2907 Σινώπης
577 2831 827 2904 ἡγεμόνα
860 2870 876 2895 ,
926 2827 1311 2896 αἰτιασάμενος
1366 2827 1448 2878 δτι
1490 2822 1716 2894 Χασάνῃ
1771 2822 1848 2892 τῷ

271 2931 483 2998 tinge)
517 2926 822 2995 ἐπιτήδειός
859 2939 919 2976 τε
945 2918 1035 2994 ἦν,
1069 2922 1162 2973 καὶ
1196 2919 1366 2972 ἐδόκει
1399 2917 1464 2972 ἂν
1515 2917 1849 2985 μεταστῆναι

274 3022 393 3090 μετ’
421 3017 587 3071 αὑτοῦ
619 3016 711 3068 ἐπὶ
736 3014 833 3083 τὴν
864 3005 1166 3081 Μεχμέτεω
1208 3009 1413 3082 χώραν,
1454 3009 1674 3061 ἐπιόντα
1727 3008 1845 3077 ἅμα

1283 306 1379 380 DE
1412 302 1667 377 REBUS
1694 302 2236 371 manusua.
2280 287 2379 362 1x.

3381 279 3485 347 478

1909 433 2137 475 munera
2164 417 2216 470 in
2259 413 2420 468 istum
2460 409 2634 462 virum
2670 402 3062 473 congerebant.
3121 396 3484 454 Salmcnicam

1909 524 2126 584 quoque
2141 507 2388 564 exercitu
2413 499 2773 558 circumsedit
2797 514 2812 549 :
2845 504 3099 563 ctaaquas
3122 489 3488 553 conditiones,

1910 583 2114 677 quibus
2138 601 2391 674 oppidani
2421 598 2612 653 urbem
2648 593 2932 652 dederent,
2961 586 3181 643 obtulit.
3218 583 3489 638 Cmterum

1912 699 2171 772 Oppidani
2200 713 2292 752 eas
2323 693 2673 750 conditiones
2699 700 2976 756 respuere,
3003 696 3102 736 nec
3165 679 3230 732 iis
3283 678 3492 731 obtem-

1917 809 2106 863 perare
2129 792 2443 845 voluerunt.
2460 783 2899 852 Contigitautem
2925 771 3298 846 postmodum.
3319 780 3377 820 ιιι
3395 767 3498 819 iu;-

1916 861 2060 956 pune
2073 894 2127 940 et
2145 878 2533 937 ill-.esusexiret
2553 876 2620 930 ab
2643 889 2769 929 arce
2790 874 2891 925 ista
2913 869 3227 924 Graecorum
3257 864 3387 924 dux,
3405 861 3496 929 qui

1918 994 2010 1049 per
2036 990 2238 1030 annum
2267 973 2339 1028 ibi
2372 978 2667 1031 manserat,
2693 981 2852 1035 quam
2879 960 3175 1015 fortissime
3195 967 3246 1010 et
3274 967 3501 1024 genero—

1923 1047 2142 1125 sissime
2166 1066 2451 1122 sustinens
2492 1062 2694 1116 bellum
2723 1056 2867 1129 quod
2901 1055 2968 1109 ab
2996 1069 3121 1122 rege
3145 1047 3500 1104 inferebatur.

1922 1157 2052 1214 Nam
2078 1155 2445 1212 Machumetes
2463 1153 2626 1224 regia:
2644 1151 2840 1205 domus
2859 1145 3109 1216 princeps
3129 1142 3196 1196 de
3215 1142 3319 1195 isto
3339 1135 3504 1206 258

1921 1255 2039 1306 viro
2073 1249 2232 1304 talem
2265 1245 2556 1302 seutentim
2603 1239 2868 1312 protulit:
2903 1235 3032 1290 Veni
3068 1235 3122 1288 in
3173 1231 3479 1296 Pelnpnnne

1924 1361 2067 1410 sum,
2087 1358 2206 1415 quae
2230 1339 2527 1396 admodum
2544 1351 2740 1407 magna
2758 1334 2909 1404 regio
2933 1340 3038 1394 est,
3056 1338 3109 1384 et
3126 1323 3395 1393 mancipia
3422 1337 3507 1376 re-

1927 1440 2037 1510 peri
2058 1437 2288 1509 plurima
2327 1453 2340 1489 :
2376 1433 2582 1490 nullum
2613 1445 2744 1486 vero
2777 1429 2950 1482 virum
2979 1431 3170 1496 praeter
3190 1421 3372 1473 istum.
3394 1416 3506 1470 Rex

1927 1548 1991 1588 ea
2013 1537 2336 1603 tempestate
2370 1528 2424 1583 in
2467 1527 2614 1596 regia
2660 1523 2788 1578 sede
2810 1519 3150 1574 versabatur.
3178 1515 3417 1566 Thomas
3441 1509 3512 1561 ab

1931 1625 2308 1695 Peloponneso
2342 1618 2640 1690 profectus,
2678 1624 2732 1670 et
2791 1611 3127 1682 Epidaurum
3198 1615 3508 1661 assumens,

1933 1717 2163 1774 accessit
2200 1716 2268 1771 ad
2292 1716 2584 1784 Corcyram
2619 1729 2632 1764 :
2666 1719 2718 1764 et
2747 1706 2938 1776 ejectis
3004 1702 3130 1757 inde
3191 1694 3514 1753 mulieribus

1935 1823 1989 1868 et
2019 1810 2228 1875 liberis,
2263 1805 2555 1878 navigabat
2576 1804 2629 1858 in
2657 1802 2866 1858 Italiam
2897 1798 2964 1853 ad
3003 1795 3314 1849 Romanum
3335 1787 3512 1859 ponti-

1937 1909 2113 1963 licem.
2151 1903 2295 1960 Misit
2322 1915 2539 1972 quoque
2567 1900 2802 1969 legatum
2834 1891 2900 1948 ad
2955 1904 3157 1958 regem,
3210 1881 3510 1954 periculum

1939 1998 2178 2052 facturus
2203 2011 2330 2050 num
2357 1991 2577 2048 reddere
2595 1989 2698 2044 sibi
2724 1987 2995 2054 velletpro
3025 1979 3320 2049 Epidauro,
3343 1988 3508 2044 quam

1939 2091 2150 2145 tradere
2178 2087 2415 2151 volebat,
2453 2083 2732 2152 regiunem
2767 2091 2984 2133 omnem
3023 2073 3253 2140 EurOpa:
3303 2065 3516 2122 mariti-

1940 2198 2108 2239 mam.
2148 2180 2263 2236 Rex
2291 2181 2526 2249 legatum
2566 2176 2730 2229 istum
2763 2166 3255 2239 comprehendi.et
3286 2162 3338 2216 in
3397 2161 3517 2213 vin-

1939 2276 2062 2332 cula
2087 2273 2209 2330 duci
2237 2271 2415 2342 jubet.
2443 2269 2552 2324 Nec
2585 2278 2766 2323 tamen
2803 2262 2975 2316 multo
3006 2270 3131 2329 post
3172 2272 3296 2311 eum
3344 2252 3517 2306 invio-

1942 2370 2108 2423 latum
2142 2376 2195 2422 et
2226 2366 2454 2420 illaesum
2490 2360 2719 2415 dimisit.
2753 2356 2995 2412 Thomas
3029 2351 3249 2406 veniens
3297 2348 3365 2402 ad
3412 2344 3521 2399 Ro-

1941 2469 2164 2515 manum
2198 2456 2531 2526 pontificem,
2558 2452 2700 2523 apud
2755 2466 2881 2506 eum
2929 2448 3133 2503 victum
3193 2441 3403 2505 habuit,
3465 2442 3521 2494 el.

1944 2550 2238 2622 quotannis
2255 2566 2344 2606 sex
2377 2549 2523 2602 mille
2544 2555 2774 2601 stateres
2800 2541 3005 2612 argenti
3039 2539 3176 2612 (88).

2013 2639 2314 2712 insequenti
2334 2649 2542 2704 aestate,
2564 2639 2656 2693 ubi
2685 2637 2933 2708 apparuit
2958 2650 3072 2696 ver,
3122 2628 3522 2700 expeditionem

1945 2735 2178 2806 sumpsit
2206 2733 2534 2789 Mechmetes
2574 2739 2763 2786 contra
2803 2720 3147 2784 Castamome
3205 2735 3260 2780 et
3309 2724 3526 2790 Sinopze

1951 2830 2273 2901 principem.
2297 2826 2437 2880 lluic
2466 2825 2631 2879 dabat
2659 2821 2874 2877 crimini
2910 2814 3234 2879 amicitiam,
3267 2830 3427 2884 quam
3451 2812 3526 2867 fe-

1951 2910 2101 2975 cerat
2120 2933 2244 2973 cum
2273 2917 2520 2972 Chasane
2545 2914 2764 2981 Longo;
2797 2921 3057 2982 praeterea
3086 2909 3231 2980 quod
3275 2907 3525 2977 parabat,

1950 3011 2184 3069 Chasani
2213 3011 2524 3077 adjunctus,
2568 3007 2936 3061 incursionem
2967 3003 3144 3057 facere
3177 3003 3228 3054 in
3258 3015 3412 3055 suam
3439 3013 3526 3053 re-

271 3112 467 3181 ἐκείνῳ
505 3106 913 3179 στρατεύεσθαι.
943 3105 1172 3172 Λέγεται
1210 3104 1304 3170 μὲν
1338 3103 1403 3172 δὴ
1450 3103 1541 3154 καὶ
1588 3101 1741 3163 ἄλλα,
1771 3099 1843 3162 ώς

1950 3103 2186 3174 gionem,
2206 3116 2312 3156 una
2330 3113 2541 3155 cum-eo
2569 3097 2842 3153 hostiliter
2870 3093 3157 3149 accedens.
3184 3091 3454 3145 Feruntur
3476 3097 3530 3143 et

269 3208 304 3257 ὁ
354 3201 642 3272 ’Δμάρλεω
673 3198 918 3267 ἁδελφὸς,
980 3196 1271 3268 διατρίϐων
1325 3196 1384 3246 ἐν
1429 3196 1548 3256 ταῖς
1589 3193 1848 3262 βασιλέως

274 3294 496 3362 θύραις,
525 3291 880 3344 συνεϐούλευε
915 3289 1128 3360 βασιλεῖ
1181 3286 1574 3358 στρατεύεσθαι
1623 3285 1717 3338 ἐπὶ
1759 3285 1850 3338 τὸν

278 3385 537 3451 ἀδελφόν.
572 3379 868 3450 Πληρώσας
897 3379 953 3431 δὲ
991 3376 1120 3437 ναῦς
1165 3374 1325 3428 πλοῖά
1355 3392 1412 3427 τε
1467 3372 1561 3426 καὶ
1608 3373 1850 3442 τριήρεις

281 3477 433 3544 ἀμφὶ
463 3473 529 3525 τὰ
557 3472 884 3542 πεντήκοντα
919 3469 1012 3522 καὶ
1033 3467 1227 3521 ἑκατὸν
1260 3466 1399 3517 κατὰ
1433 3464 1726 3537 Θάλασσαν,
1758 3463 1852 3514 καὶ

281 3567 451 3628 αὐτὸς
480 3564 662 3627 διαϐὰς
696 3565 753 3626 ἐς
778 3561 875 3633 τὴν
901 3560 1111 3623 Ἀσίαν,
1142 3558 1428 3628 ἐκομίζετο
1462 3556 1602 3625 πεζῇ
1641 3555 1728 3607 διὰ
1756 3554 1854 3623 τῆς

278 3659 514 3731 ἠπείρου
546 3673 560 3686 ⁸
592 3657 686 3712 καὶ
715 3660 742 3711 ὁ
775 3658 959 3719 στόλος
1000 3655 1148 3726 αὐτῷ
1183 3655 1269 3708 διὰ
1317 3652 1591 3718 θαλάσσης
1627 3652 1684 3704 ἐν
1736 3649 1855 3719 χρῷ

283 3752 621 3823 παραλαϐών
648 3750 744 3822 τὴν
784 3749 991 3814 Ἀσίαν,
1019 3750 1075 3809 ἐς
1105 3747 1132 3800 ὂ
1159 3747 1384 3814 ἀφίκετο
1429 3744 1522 3797 ἐπὶ
1582 3739 1852 3810 Σινώπηνι

283 3841 720 3911 Καὶόβασιλευς
761 3837 1227 3908 στρατευσάμενος
1265 3837 1352 3889 διὰ
1415 3836 1512 3903 τῆς
1568 3833 1858 3900 Κασταμο-

282 3938 408 4005 νίης
431 3936 656 3998 πόλεως,
680 3931 992 3996 διελαύνων,
1023 3931 1252 3998 ἀφίκετο
1283 3930 1376 3981 ἐπὶ
1402 3927 1669 3996 Σινώπην.
1699 3927 1857 3978 Ἐστι

277 4031 332 4083 δ’
367 4030 404 4099 ὴ
439 4028 590 4090 πόλις
613 4026 748 4096 αὕτη
778 4022 1110 4094 προκειμένη
1145 4022 1272 4092 περὶ
1302 4021 1390 4074 τὸν
1433 4017 1682 4084 Εὔξεινον
1726 4016 1860 4070 πόν-

284 4139 401 4174 τον.
425 4119 685 4172 Διατείνει
715 4117 770 4170 δὲ
793 4116 1140 4187 Χερρόνησος
1170 4112 1303 4166 οὖσα
1325 4113 1379 4175 ἐς
1417 4113 1515 4180 τὴν
1560 4110 1856 4172 Θάλασσαν,

288 4214 385 4266 ἐπὶ
414 4209 661 4271 σταδίους
691 4208 863 4260 εἴκοσι
892 4205 988 4258 καὶ
1022 4202 1183 4265 ἑπτὰ,
1207 4203 1300 4254 καὶ
1323 4201 1476 4270 παρὰ
1535 4201 1612 4268 τῷ
1659 4196 1862 4266 Ἰσθμῷ

288 4304 577 4371 οἰκεῖταιή
612 4300 788 4364 πόλις,
818 4299 901 4369 ἐφ’
926 4297 1163 4367 ἑκάτερα
1198 4295 1398 4364 ἔχουσα
1433 4292 1532 4362 τὴν
1566 4292 1857 4352 θάλασσαν,

292 4399 392 4450 καὶ
419 4395 613 4463 λιμένα
632 4391 898 4460 αὐτοφυῆ.
938 4389 1004 4442 'll
1061 4389 1116 4441 δὲ
1171 4389 1429 4440 ἐπέκεινα
1473 4385 1573 4453 τῆς
1632 4384 1859 4445 πόλεως,

1952 3195 2058 3248 alia
2095 3210 2110 3246 :
2142 3191 2394 3246 videlicet
2417 3188 2855 3251 Amarlesfrater
2873 3201 3040 3257 agens
3067 3186 3120 3237 in
3149 3183 3330 3252 ianuis
3359 3182 3526 3252 regis,

1952 3283 2064 3354 regi
2095 3297 2203 3336 non
2231 3281 2469 3336 cessavit
2500 3279 2755 3341 suadere,
2786 3285 2844 3332 ut
2871 3277 3028 3330 fratri
3055 3289 3157 3331 suo
3188 3275 3388 3329 bellum
3440 3275 3492 3326 in
3514 3305 3526 3313 -

1953 3371 2446 3442 diceret.'lmplens
2475 3371 2640 3440 igitur
2674 3384 2768 3422 rex
2808 3380 2975 3422 naves
3004 3374 3058 3421 et
3090 3365 3342 3420 triremes
3367 3364 3528 3420 circi-

1952 3471 2036 3520 ter
2063 3462 2455 3535 quinquaginta
2487 3471 2539 3516 et
2569 3471 2810 3524 centum,
2838 3475 2956 3513 eam
3002 3458 3229 3513 classem
3255 3457 3528 3525 maripro-

1956 3557 2244 3613 fectionem
2265 3555 2442 3610 facere
2457 3554 2641 3625 jussit.
2666 3551 2785 3623 Ipse
2805 3567 2932 3606 vero
2957 3552 3226 3606 transiens
3258 3550 3311 3605 in
3339 3551 3523 3603 Asiam

1957 3649 2158 3704 itinere
2186 3647 2449 3718 pedestri,
2485 3661 2581 3716 per
2607 3645 2974 3701 continentem
2999 3642 3303 3699 incedebat.
3325 3641 3535 3696 Classis

1959 3743 2104 3813 regia
2138 3740 2280 3794 Asiae
2311 3754 2463 3794 oram
2493 3738 2730 3802 tenebat,
2759 3737 2932 3791 donec
2989 3737 3199 3792 veniret
3249 3735 3535 3804 Sinopam.

1957 3832 2028 3885 At
2051 3846 2144 3884 rex
2174 3830 2276 3884 iter
2304 3827 2510 3883 faciens
2555 3843 2650 3900 per
2709 3828 3091 3881 Castamonam
3159 3825 3348 3878 urbem
3409 3841 3534 3877 (um

1959 3923 2228 3989 exercitu,
2258 3923 2473 3976 tandem
2510 3919 3057 3990 pervenitSinOpam.
3088 3917 3228 3972 Urbs
3257 3916 3368 3970 haec
3403 3932 3540 3986 pra:-

1958 4017 2100 4088 jacet
2137 4015 2347 4070 Euxino
2372 4014 2566 4077 Ponto,
2607 4015 2952 4076 extenditse,
3002 4029 3123 4067 cum
3181 4015 3252 4067 sit
3303 4012 3538 4065 Chcrsn-

1962 4127 2150 4175 nesus,
2179 4110 2232 4163 in
2265 4123 2412 4162 mare
2441 4109 2634 4163 stadiis
2661 4107 2852 4174 viginti
2884 4116 3088 4175 septem
3122 4123 3134 4158 :
3168 4117 3223 4159 et
3255 4107 3306 4157 in
3339 4105 3542 4158 lstluno

1963 4204 2065 4258 sita
2099 4199 2416 4257 est.llortis
2440 4210 2493 4253 et
2551 4199 2838 4252 arboribus
2891 4199 3152 4252 abundat.
3207 4195 3431 4251 Plantas
3491 4206 3546 4250 et

1964 4295 2190 4350 arbores
2224 4291 2477 4362 producit
2502 4289 2820 4358 omnigenas
2851 4299 2958 4343 tam
2996 4299 3327 4350 mansuetas,
3377 4304 3544 4359 quam

1967 4385 2268 4441 silvestres.
2310 4384 2520 4439 Nomen
2553 4383 2671 4450 ejus
2707 4393 2790 4437 est
2831 4377 3128 4450 Pordapas.
3161 4380 3301 4436 Sunt
3329 4382 3402 4435 ibi
3448 4383 3546 4436 da-

291 4491 408 4540 ἔσω
453 4485 789 4539 διατείνουσα
841 4481 1207 4552 Χερρόνησος.
1249 4478 1428 4548 διήκει
1477 4476 1569 4528 ἐπὶ
1615 4474 1843 4527 σταδίους

1970 4480 2246 4534 mularum
2273 4487 2328 4533 et
2354 4479 2594 4545 leporum
2631 4476 2859 4530 vivaria.
2894 4474 3001 4529 Nec
3027 4475 3357 4529 desuntalivc
3396 4475 3542 4541 fene,

295 4583 523 4632 εἴκοσιν.
557 4575 848 4644 Ἐμπλεω;
885 4573 941 4626 δέ
970 4574 1085 4624 ἐστι
1115 4570 1464 4640 παραδείσων
1504 4586 1562 4622 τε
1601 4568 1696 4622 καὶ
1742 4567 1863 4620 δέν-

296 4669 444 4736 δρων
470 4665 848 4726 παντοδαπῶν,
897 4664 1122 4732 ἡμέρων
1151 4679 1209 4714 τε
1244 4661 1336 4715 καὶ
1390 4660 1617 4728 ἀγρίων,
1664 4660 1869 4729 Πόρδα-

297 4777 408 4821 πας
440 4759 484 4789 “
518 4757 912 4825 ὀνομαζομένη,
941 4755 1144 4824 έχουσά
1202 4771 1262 4806 τε
1307 4750 1455 4816 ἐντὸς
1500 4751 1764 4822 δορκάδας
1798 4746 1866 4816 δί,

295 4849 542 4918 λαγωούς
567 4867 650 4913 τε,
682 4850 775 4901 καὶ
806 4846 920 4900 ἀλλ’
950 4848 1084 4900 ἀττα
1118 4845 1480 4914 κυνηγέσιμα.
1543 4845 1608 4896 ἰι
1636 4844 1694 4898 δὲ
1719 4843 1868 4907 πόλις

298 4943 514 5011 ἐρυμνὴ
552 4941 649 5011 μὲν
683 4940 798 4991 ἐστι
846 4938 931 5005 ἐφ’
966 4937 1199 5006 ἑκάτερα
1252 4937 1350 5005 τῆς
1387 4935 1662 5003 θαλάσσης
1713 4936 1771 4998 ἐς
1806 4937 1873 4988 τὰ

303 5036 567 5106 μάλιστα,
607 5031 1077 5105 περικαλλεστάτη
1108 5049 1166 5082 τε
1198 5031 1290 5084 καὶ
1316 5030 1514 5100 ώραία,
1551 5029 1657 5084 ἀπὸ
1690 5030 1745 5083 δὲ
1776 5030 1874 5096 τῆς

300 5127 534 5196 ἠπείρου
561 5126 746 5194 ἀνέχει
796 5123 952 5194 μὲνὴ
985 5123 1137 5185 πόλις
1181 5125 1274 5175 ἐπὶ
1315 5123 1488 5189 ἀκτήν
1525 5139 1646 5175 τινα
1677 5137 1691 5151 ·
1728 5124 1762 5192 ὴ
1817 5122 1874 5174 δὲ

302 5220 417 5272 ἀπὸ
443 5221 538 5288 τῆς
571 5220 919 5288 Χερρονήσου
943 5223 1095 5293 χώρα
1124 5220 1222 5287 τῆς
1276 5214 1482 5276 πόλεως
1538 5213 1752 5281 πεδεινή
1787 5229 1873 5276 τε,

304 5311 406 5364 καὶ
438 5305 524 5362 οἷα
556 5311 921 5379 προσϐάλλειν
953 5315 1029 5382 τῷ
1065 5310 1232 5381 τείχει
1263 5309 1337 5369 ὡς
1406 5305 1594 5375 ῥᾷστα.
1649 5302 1873 5372 Mar/pu-

1966 4587 2104 4643 quas
2128 4571 2313 4627 venari
2347 4570 2614 4626 solemus.
2643 4567 2782 4624 Urbs
2813 4567 3111 4622 admodum
3167 4569 3370 4621 munita
3424 4579 3545 4634 est;

1969 4677 2096 4724 nam
2131 4666 2390 4734 utrinque
2412 4661 2548 4717 mari
2587 4663 2844 4734 cingitur,
2874 4676 2997 4715 cum
3051 4661 3123 4716 sit
3188 4661 3435 4731 speciosa
3495 4669 3551 4714 et

1971 4759 2224 4831 pulchra.
2256 4759 2337 4812 Ab
2365 4758 2678 4812 continente
2699 4755 2870 4824 vergit
2907 4754 3036 4808 urbs
3050 4769 3112 4808 ea
3140 4754 3193 4808 in
3227 4753 3404 4808 locum
3440 4770 3552 4805 are-

1976 4865 2194 4904 nosum.
2225 4848 2300 4902 Ea
2331 4863 2462 4903 vero
2490 4846 2639 4914 regio
2662 4861 2784 4916 qua:
2817 4848 2868 4899 iu
2906 4844 3312 4900 Chersonesum
3360 4845 3547 4912 pandi-

1979 4953 2089 5002 tur,
2115 4939 2438 5008 campestris
2465 4947 2547 4992 est
2576 4955 2588 4991 :
2628 4949 2682 4992 et
2714 4938 2840 4990 hinc
2869 4938 3027 4991 facile
3062 4938 3211 4991 urbis
3241 4936 3434 4989 manna
3459 4952 3552 4998 ar;-

1977 5030 2125 5099 gredi
2157 5029 2299 5083 licet.
2341 5027 2710 5082 Machumetes
2739 5025 3014 5096 profectus
3046 5025 3111 5078 ad
3133 5026 3316 5077 urbem
3369 5024 3548 5082 istam,

1977 5127 2102 5172 ante
2140 5119 2430 5172 adventum
2464 5117 2608 5186 regis
2655 5124 2711 5170 In
2767 5113 3069 5170 Turcorum
3105 5123 3306 5174 castra,
3366 5114 3548 5182 hujus-

1977 5211 2123 5265 modi
2155 5211 2456 5263 orationem
2483 5225 2605 5264 cum
2641 5208 2867 5264 lsmaele
2926 5207 3184 5260 habuisse
3251 5203 3420 5256 fertur
3453 5219 3467 5254 :
3507 5202 3550 5253 ρ

1978 5303 2052 5359 ﬁli
2091 5303 2410 5368 Scenderis,
2439 5313 2498 5358 tu
2527 5303 2748 5375 quidem
2785 5318 2847 5356 cx
2875 5298 3073 5355 illustri
3093 5297 3377 5368 Tyriorum
3434 5290 3548 5366 (εει

1613 5464 1859 5527 Νοῐυιω
1902 5463 2312 5544 marginales.

386 5605 497 5675 (88)
540 5607 624 5664 Al.
658 5607 807 5664 Auri.

398 5762 442 5797 ⁵⁵
480 5767 788 5835 [ίρόδαπας,
814 5767 865 5821 in
899 5763 965 5820 R.
1001 5775 1055 5819 ut
1080 5764 1131 5818 in
1156 5779 1201 5818 ε.

1282 5761 1322 5794 “
1349 5757 1616 5827 Ζορκάδια
1643 5757 1696 5810 in
1731 5764 1903 5823 ut‘roq.

2059 5589 2168 5664 (89)
2205 5591 2530 5646 Turcorum.
