4006 6204
1241 263 1340 322 nr:
1382 255 1632 320 nanos
1677 254 2039 315 runeims
2085 255 2232 320 LIB.
2280 256 2381 318 Ix.
3375 262 3475 321 132

1970 367 2034 422 Et
2063 385 2194 424 sane
2220 370 2554 425 Castamona
2586 368 2716 422 urbs
2750 377 2865 423 erat
2896 369 3172 438 opulenta.
3207 380 3256 424 et
3291 372 3343 424 in
3371 376 3478 440 pri--

1905 465 2006 514 mis
2039 463 2267 518 munita.
2317 464 2484 534 260
2519 463 2576 517 In
2608 466 2745 516 hanc,
2803 465 3056 533 princeps
3109 467 3480 519 collocaverat

230 260 321 322 tat

295 378 406 431 Καὶ
441 377 504 444 δή
551 375 648 428 οιαί
680 375 1032 446 Κασταμὼνη
1064 375 1216 437 πόλις
1271 373 1544 444 εὐδαίμων
1580 369 1792 440 ἐρυμνὴ
1828 379 1869 426 Δ

229 489 282 524 τε
314 473 370 531 ἐς
418 473 490 523 τὰ
526 471 782 540 μάλιστα.
827 469 916 532 Ἐς
965 470 1030 540 ἣν
1089 470 1323 537 γυναῖκα
1371 485 1429 518 τε
1466 469 1557 519 καὶ
1594 463 1790 524 παῖδας

227 562 542 628 ὑπεξέθετο.
593 561 703 614 Καὶ
762 561 922 622 αὐτὸς
977 559 1420 630 παρεσκευάζετο
1474 560 1532 608 ἐν
1583 556 1800 623 Σινώπῃ

231 653 752 724 πολιορκησόμενος.
797 653 858 705 'll
890 654 946 706 δὲ
997 652 1152 723 χώρα
1187 651 1324 720 αῦτη
1367 651 1462 702 τοῦ
1493 648 1800 719 ’ἰσμαήλεω

223 752 454 818 ἄρχεται
503 747 605 812 μὲν
659 747 769 800 ἀπὸ
816 747 913 816 τῆς
974 748 1029 808 ἐς
1082 747 1176 798 τὸν
1231 746 1430 798 Πόντον
1471 744 1804 814 Ἡρακλείας

231 839 436 900 πόλῖως
483 838 574 891 τοῦ
623 837 910 906 βασιλέως.
957 837 1212 890 διατείνει
1251 836 1304 888 δὲ
1348 837 1435 888 διὰ
1469 835 1563 887 τοῦ
1599 836 1800 886 Πόντου

232 931 286 990 ἐς
313 931 412 998 τὴν
439 929 1043 995 Παφλαγόνωνχὼραν,
1078 931 1170 980 καὶ
1203 931 1295 982 ἐπὶ
1320 929 1415 997 τήν
1444 925 1802 994 Τουργούτεω

233 1023 430 1094 χώραν.
479 1020 817 1090 Ὀλϐιωτάτη
851 1021 907 1072 δὲ
948 1016 1104 1084 οῦσα,
1139 1021 1401 1094 πρόσοδον
1452 1020 1565 1088 ἔχει
1606 1022 1660 1080 ἐς
1704 1020 1801 1079 τὰς

233 1118 401 1167 εἴκοσι
469 1114 744 1184 μυριάδας
813 1116 1069 1182 χρυσίους
1126 1115 1219 1166 τοῦ
1288 1115 1444 1175 ἔτους
1502 1111 1800 1180 στατῆρας

233 1207 443 1261 Χαλκδν
495 1206 574 1268 δὲ,
609 1205 684 1268 ὡς
732 1206 827 1258 καὶ
864 1205 1048 1258 ἄλλοθί
1091 1224 1182 1276 μοι
1214 1205 1308 1258 τοῦ
1350 1205 1540 1272 λόγου,
1575 1204 1731 1273 φέρει
1764 1206 1797 1272 ή

235 1300 382 1370 χώρα
411 1298 550 1366 αῦτη
593 1300 730 1370 μόνη
765 1298 873 1350 τῶν
918 1301 976 1351 ὲν
1016 1302 1082 1369 τῇ
1121 1300 1277 1369 Ἀσίᾳ
1302 1312 1315 1327 ⁸
1348 1296 1549 1368 χαλκὸν
1580 1296 1635 1349 δὲ
1667 1295 1802 1348 κάλ-

235 1394 407 1446 λιστον
453 1393 590 1463 μετὰ
639 1409 702 1459 γε
765 1392 855 1443 τὸν
915 1391 1156 1459 Ἰϐηρίας
1204 1392 1428 1460 χαλκὸν,
1483 1389 1580 1456 ἀφ’
1622 1384 1682 1442 οῦ
1735 1389 1799 1457 δὴ

241 1487 458 1556 προσῄει
502 1484 580 1554 τῷ
632 1484 844 1555 βασιλεί
873 1486 1122 1546 ἐπέτειος
1160 1485 1324 1554 φόρος
1374 1483 1600 1554 χρυσίου
1638 1484 1800 1534 πέντε

243 1579 494 1649 μυριάδες
552 1578 864 1646 στατήρων.
912 1577 1073 1628 ιΙλοῖα
1118 1576 1175 1628 δὲ
1227 1575 1364 1644 ἐπῆν
1398 1578 1456 1626 ὲν
1504 1575 1580 1644 τῷ
1611 1573 1794 1641 λιμένι

240 1675 329 1742 τῆς
379 1673 624 1742 Σινώπης
670 1672 805 1723 ἄλλα
855 1688 938 1733 τε,
994 1671 1086 1722 καὶ
1145 1669 1274 1731 ναῦς
1336 1669 1665 1739 στρογγύλη,
1728 1667 1795 1736 ἦν

245 1766 652 1836 ἐναυπηγήσατο
687 1764 983 1832 Ἱσμαήλης
1016 1764 1312 1816 ἐνακοσίων
1359 1761 1534 1814 πίθων
1559 1762 1624 1813 ⁸⁸.
1658 1763 1798 1814 Ταῦ-

248 1876 343 1928 την
392 1859 484 1928 μὲν
526 1858 615 1911 οῦν
664 1861 720 1921 ἐς
769 1857 1065 1921 Βυζάντιον
1289 1857 1350 1926 δὴ
1403 1859 1494 1909 καί
1546 1856 1799 1926 βασιλεὺς

252 1955 598 2023 ἐναυπηγεῖτο
626 1952 754 2004 ναῦν
791 1952 1057 2020 μεγίστην
1089 1950 1153 2018 δη
1183 1951 1290 2003 τῶν
1320 1950 1539 2002 πώποτε
1566 1952 1798 2020 γενομέ-

253 2065 358 2100 νων
387 2049 515 2099 νεὼν
558 2048 685 2117 μετα
729 2063 792 2112 γε
822 2045 921 2114 τὴν
953 2045 1258 2105 Οὐενετῶν,
1288 2044 1380 2096 καὶ
1411 2043 1675 2112 βασιλέως
1704 2041 1798 2094 τοῦ

252 2139 676 2209 Ταρακωνησὶων
707 2139 1026 2207 Ἀλφὸνσον.
1071 2138 1362 2204 Ἀλφόνσος
1395 2138 1504 2208 γὰρ
1541 2138 1606 2206 δὴ
1645 2137 1798 2207 πρῶ-

247 2249 330 2287 τος
370 2230 496 2282 ναῦν
533 2233 952 2299 ἐναυπηγήσατο
983 2228 1155 2281 πίθων
1201 2228 1274 2290 ὡς
1321 2227 1794 2298 τετρακισχιλίων,

252 2324 333 2375 καὶ
358 2323 578 2392 ῦστερόν
609 2339 667 2374 τε
717 2324 750 2392 ἡ
801 2320 1077 2374 Οὐενετών
1111 2319 1284 2384 πόλις,
1322 2321 1444 2372 ἐπεί
1495 2337 1549 2372 τε
1601 2319 1793 2388 εἰρήνη

262 2419 443 2479 ἐγένετο
497 2421 648 2483 σφίσι
714 2415 847 2482 πρὸς
906 2415 996 2466 τὸν
1051 2413 1318 2482 Λιγυρίας
1363 2412 1646 2482 τύραννον,
1699 2414 1796 2466 καὶ

269 2509 598 2578 Ταρακὼνων,
647 2507 1104 2576 ὲναυπηγήσαντο
1152 2507 1246 2558 καὶ
1298 2506 1452 2558 αὐτοὶ
1500 2504 1630 2568 ναῦς
1681 2505 1796 2571 δύο,

271 2605 490 2668 μεγίστας
530 2603 598 2670 δὴ
647 2601 877 2652 ἁπασῶν
902 2600 1010 2650 τῶν
1041 2599 1357 2666 γενομένων
1394 2599 1552 2650 νεῶν.
1583 2600 1648 2650 At
1695 2598 1798 2666 μὲν

259 2693 314 2761 δή
359 2692 436 2744 τοῦ
481 2690 839 2760 Ταρακώνων
887 2688 1153 2758 βασιλέως
1208 2689 1354 2756 νῆες,
1389 2687 1493 2739 ὑπὸ
1528 2687 1795 2756 μεγέθους

255 2786 409 2851 σφίσιν
439 2787 638 2846 αὑταῖς
678 2783 1040 2852 ἐμπεσοῦσαι,
1073 2783 1447 2852 διεφθάρησαν
1495 2783 1552 2832 ὲν
1596 2781 1672 2850 τῷ
1716 2781 1796 2834 λι-

249 2879 371 2946 μένι,
402 2880 494 2932 καὶ
531 2879 631 2930 οὐκ
679 2877 922 2945 ἔφθησαν
970 2873 1268 2928 ἐκπλεῦσαί
1303 2891 1416 2936 ποι,
1447 2875 1504 2936 ἐς
1556 2874 1796 2940 πέλαγος

245 2971 540 3041 γενόμεναι.
601 2968 862 3030 Βασιλεὺς
922 2967 978 3019 δὲ
1039 2966 1134 3020 καὶ
1186 2966 1349 3027 αὐτὸς
1388 2965 1795 3035 πυνθανόμενος

1904 571 2128 610 uxorem
2160 566 2216 611 et
2257 557 2478 612 liberos.
2517 557 2632 628 Ipse
2686 574 2814 612 vero
2847 561 3194 612 obsidionem
3257 557 3477 626 Sinnpaa

1905 650 2138 703 tolerare
2181 651 2418 704 volebat.
2477 649 2644 716 Regio
2686 663 2864 702 autem
2903 651 3148 703 lsmaelis
3183 653 3377 722 incipit
3406 654 3475 708 ab

1906 743 2041 796 urbe
2091 741 2250 796 Ponti
2286 742 2576 805 Heraclea,
2640 760 2761 812 qum
2803 745 2946 812 regis
2987 754 3106 809 est;
3149 746 3380 815 porrigit
3412 762 3474 801 se

1906 851 1999 902 per
2027 835 2259 889 Pontum
2295 850 2470 904 usque
2511 836 2574 888 ad
2604 834 3049 906 Paphlagoniam,
3080 847 3132 890 et
3163 839 3228 892 ad
3259 838 3473 909 Turgo-

1905 925 1973 978 tis
2024 927 2324 993 regio—nem.
2358 925 2496 979 Cum
2549 936 2729 979 autem
2783 927 2980 996 opibus
3015 943 3108 996 per
3154 945 3212 982 se
3258 929 3327 984 sit
3379 932 3474 983 llo-

1903 1019 2238 1082 renlissima,
2270 1029 2506 1074 attamen
2570 1023 2801 1075 reditmn
2859 1025 3019 1078 habet
3061 1040 3327 1088 annuum,
3375 1027 3470 1095 qui

1903 1112 2110 1180 praebet
2135 1113 2352 1166 circiter
2377 1113 2565 1183 viginti
2601 1116 2870 1183 myriadcs
2898 1127 3159 1171 Staterum
3185 1132 3473 1187 argenteo-

1904 1216 2022 1254 rum
2057 1203 2286 1273 (90-91).
2320 1202 2444 1258 Sola
2492 1206 2590 1260 ista
2639 1209 2779 1260 Asia:
2805 1208 2964 1274 regio
2995 1224 3068 1261 aes
3104 1210 3226 1274 fert,
3253 1222 3307 1263 ut
3343 1212 3470 1264 alibi

1904 1294 2312 1351 adnotavimus.
2352 1295 2450 1351 [Es
2483 1309 2666 1352 autem
2695 1301 2793 1355 hoc
2816 1302 3112 1355 secundum
3171 1303 3360 1359 Iberia?
3399 1322 3473 1358 ms

1905 1387 2172 1456 optimum
2214 1389 2551 1458 perhibetur.
2602 1393 2760 1446 Exeo
2789 1396 3088 1461 quotannis
3149 1399 3334 1450 tributi
3378 1415 3477 1451 no-

1907 1480 2052 1534 mine
2077 1481 2280 1550 accipit
2306 1497 2398 1537 rex
2433 1485 2678 1554 quinque
2709 1487 2982 1556 myriades
3028 1498 3291 1542 staternm
3332 1492 3472 1544 auri.

1905 1570 2079 1628 Naves
2114 1574 2359 1642 plurima:
2393 1577 2609 1631 stabant
2668 1578 2720 1631 in
2757 1582 2927 1648 "portu
2984 1581 3295 1650 Sinopensi,
3333 1585 3473 1636 inter

1904 1681 2040 1736 quas
2070 1678 2186 1722 erat
2207 1670 2460 1735 rotunda,
2485 1687 2646 1739 quam
2676 1683 3019 1728 exstruxerat
3039 1677 3252 1730 lsmael.
3285 1677 3356 1730 Ea
3383 1695 3474 1730 ca-

1903 1759 2085 1828 piebat
2128 1759 2270 1812 dolia
2304 1761 2652 1830 noningenta.
2681 1761 2829 1816 llane
2866 1765 3187 1832 Byzantium
3221 1768 3468 1821 abduxit.

1903 1850 2077 1904 Etiam
2121 1868 2210 1906 rex
2268 1869 2555 1922 paraverat
2606 1872 2797 1908 navem
2849 1874 2971 1925 qum
3025 1873 3086 1911 ea
3125 1870 3466 1928 tempestate,

1899 1947 2138 2015 exceptis
2189 1947 2515 2002 Venetorum
2567 1950 2819 2011 navibus,
2863 1960 2915 2003 et
2950 1951 3208 2020 Aiphonsi
3269 1952 3468 2007 Tarra-

1900 2041 2220 2093 conensium
2269 2041 2412 2110 regis
2498 2043 2644 2105 navi.
2683 2045 2916 2096 maxima
2971 2055 3109 2098 erat.
3157 2047 3470 2116 Alphonsus

1900 2133 2329 2202 etenimprimns
2363 2134 2650 2188 fabricavit
2685 2151 2875 2189 navem
2916 2153 3167 2206 capacem
3201 2140 3468 2193 doliorum

1899 2236 2135 2296 quatuor
2177 2227 2427 2280 millium.
2460 2227 2792 2282 Venetorum
2826 2229 2958 2284 urbs
2985 2231 3206 2295 deinde,
3229 2232 3320 2285 ubi
3367 2249 3470 2301 pax

1898 2335 2021 2376 enm
2060 2318 2293 2389 Liguria:
2330 2331 2562 2389 tyranno
2593 2321 2912 2383 intervenit,
2957 2337 3123 2377 naves
3156 2323 3470 2378 aedificavit.

1898 2413 2073 2466 Etiam
2111 2411 2601 2473 Tarraconensium
2646 2429 2736 2466 rex
2777 2416 3087 2482 composuit
3116 2429 3282 2470 naves
3312 2417 3470 2479 duas,

1900 2521 2020 2573 qme
2046 2501 2419 2574 magnitudine
2443 2512 2787 2558 antecessere
2819 2519 2985 2559 naves
3004 2521 3195 2560 orunes
3225 2521 3346 2574 qua:
3365 2523 3468 2559 un-

1898 2612 2060 2666 quam
2125 2597 2296 2651 fuere.
2330 2597 2398 2648 At
2441 2597 2938 2652 'l‘arraconensium
2977 2598 3122 2668 regis
3175 2614 3361 2663 naves,
3410 2599 3464 2653 in

1898 2708 2018 2747 sese
2047 2692 2372 2752 incidentes,
2408 2707 2520 2760 pra:
2566 2691 2937 2759 magnitudine
2965 2695 3018 2746 in
3052 2704 3210 2763 portu
3249 2693 3460 2748 confra-

1898 2795 1998 2840 cta:
2030 2793 2177 2850 sunt,
2203 2799 2305 2839 nec
2338 2784 2389 2837 in
2424 2799 2574 2838 mare
2601 2784 2795 2838 deduci
2830 2795 3073 2854 potuere.
3112 2784 3221 2840 Rex
3257 2783 3469 2842 Turco-

1897 2894 2016 2932 rum
2047 2878 2160 2932 haec
2183 2878 2432 2940 audiens,
2451 2885 2508 2931 et
2528 2879 2641 2946 ipse
2669 2877 2957 2931 fabricavit
2983 2894 3173 2933 navem
3195 2879 3466 2934 doliorum

1899 2970 2064 3025 trium
2119 2969 2348 3024 millium
2385 2984 2667 3040 capacem.
2727 2967 2839 3023 Nec
2893 2969 3066 3022 nmlto
3107 2980 3226 3038 post
3265 2971 3472 3023 interiit

242 3065 414 3128 ταῦτα,
487 3065 858 3130 ἐναυπηγεῖτο
909 3060 1040 3114 ναῦν
1094 3061 1169 3123 ὡς
1227 3061 1542 3131 τρισχιλίων
1598 3059 1794 3113 πίθων.

1901 3080 1963 3118 ea
1999 3073 2217 3134 propter
2251 3063 2377 3117 mali
2421 3064 2871 3135 magnitudinem.
2916 3061 3048 3116 Nam
3080 3074 3364 3135 postquam
3416 3065 3469 3117 in

244 3158 338 3209 Καὶ
387 3158 444 3209 οὐ
519 3156 698 3224 πολλῷ
754 3155 981 3225 ὕστερον
1035 3154 1139 3206 ὑπὸ
1194 3154 1460 3223 μεγέθους
1515 3152 1610 3206 τοῦ
1648 3151 1798 3205 ἱστοῦ

239 3251 503 3304 ἀπώλετο·
541 3251 631 3302 ὅτε
693 3248 881 3301 καθότι
941 3249 999 3310 ἐς
1052 3247 1153 3315 τὴν
1202 3244 1335 3297 ναῦν
1379 3244 1654 3314 ήνεῴχθη,
1703 3246 1800 3299 καὶ

236 3348 414 3399 ίντλον
440 3347 484 3378 ³⁷
517 3345 814 3413 ποιουμένη
849 3341 1016 3394 πολὺν
1049 3341 1142 3392 ἐπὶ
1191 3339 1388 3410 συχνόν
1433 3357 1553 3392 τινα
1583 3340 1796 3409 χρόνον,

235 3440 304 3501 ὡς
333 3440 553 3509 ἐξέχυτο
581 3439 686 3489 ὑπὸ
715 3433 1086 3505 τετρακοσίων
1115 3432 1467 3500 τεταγμένων
1513 3433 1571 3493 ὲς
1613 3429 1795 3495 τοῦτο,

240 3535 375 3600 μετὰ
402 3531 575 3584 ταῦτα
601 3531 796 3583 κατέδυ
822 3526 959 3594 αὐτὴ
990 3528 1046 3578 ἐν
1073 3525 1151 3594 τῷ
1178 3523 1377 3593 λιμένι,
1399 3525 1491 3575 καὶ
1519 3523 1796 3594 ἠφανίσθη

236 3627 333 3679 ὑπὸ
381 3625 677 3693 θαλάσσης.
716 3621 827 3674 Καὶ
868 3621 896 3671 ὁ
930 3617 1234 3688 ναύκληρος
1278 3617 1378 3684 τῆς
1407 3616 1531 3686 νηὸς
1562 3615 1792 3685 ἀπέδρα,

236 3723 402 3784 δείσας
432 3718 666 3790 βασιλέα
691 3714 1008 3785 Μεχμὲτην.
1050 3712 1211 3778 am
1251 3710 1408 3763 τοῦτο
1441 3713 1538 3781 μὲν
1570 3711 1796 3778 ὕστερον

234 3818 451 3878 ἐγένετο.

293 3911 422 3962 Τότε
451 3909 514 3962 δὲ
544 3905 798 3977 βασιλεὺς
841 3902 1178 3974 παραλαϐὼν
1221 3901 1322 3972 τὴν
1363 3901 1666 3971 Ὶσμαήλεω
1698 3897 1792 3954 τοῦ

231 4003 532 4072 Σκενδέρεω
583 3999 792 4070 χώραν,
825 4001 937 4052 ίετο
995 3997 1162 4064 ὁμόσε
1224 3996 1316 4048 ἐπὶ
1383 3995 1642 4064 Χασάνην
1703 3995 1795 4046 τὸν

228 4097 466 4166 Μακρὸν,
503 4094 596 4146 καὶ
648 4093 740 4145 ἐπὶ
768 4090 1024 4161 Κολχίδα,
1052 4089 1126 4152 ὼς
1178 4087 1538 4156 καθαιρήσων
1569 4085 1793 4156 βασιλέα

227 4191 314 4258 τῆς
358 4187 799 4261 Τραπεζοῦντος,
827 4184 886 4246 ὃς
936 4181 1260 4252 ἐπιτηδείως
1305 4181 1444 4250 ἔχων
1471 4180 1563 4232 τὸν
1615 4180 1794 4233 Κασά-

226 4300 336 4353 νην,
370 4285 469 4337 καὶ
517 4277 752 4348 συνήθης
788 4277 1102 4346 γενόμενος,
1139 4276 1232 4328 καὶ
1268 4275 1470 4343 μᾶλλον
1499 4274 1526 4324 ὁ
1557 4273 1790 4342 ἁδελφὸς

1902 3172 2092 3213 navem
2131 3158 2421 3226 adaptatus
2479 3167 2582 3222 est,
2640 3167 2694 3212 et
2742 3158 2966 3227 quidam
3021 3173 3140 3212 eam
3187 3158 3472 3212 haurirent

1902 3259 2146 3319 tempore
2170 3251 2356 3319 longo,
2383 3251 2598 3304 tandem
2628 3250 2718 3303 ubi
2747 3251 3014 3305 exhausta
3044 3260 3130 3304 est
3161 3266 3189 3304 a
3209 3251 3472 3320 quadrin-

1900 3344 2079 3414 gentis
2110 3343 2308 3412 quibus
2346 3343 2396 3395 id
2422 3342 2628 3411 negotii
2675 3341 2861 3396 datum
2894 3353 3033 3406 erat,
3073 3343 3126 3395 in
3158 3343 3279 3412 ipso
3310 3354 3470 3412 portu

1900 3438 2182 3491 submersa
2213 3445 2268 3491 et
2301 3436 2437 3490 mari
2467 3436 2682 3490 obtecta
2712 3445 2818 3490 est.
2847 3435 3010 3489 Navis
3043 3445 3222 3490 autem
3269 3437 3471 3504 guber-

1900 3540 2058 3586 nator
2081 3531 2314 3600 aufugit,
2348 3530 2546 3584 timens
2583 3543 2764 3599 regem
2801 3528 3184 3584 Meebmetem.
3219 3529 3328 3585 Sed
3359 3530 3472 3586 hac

1898 3629 2118 3698 quidem
2163 3627 2473 3683 succedenti
2505 3635 2747 3696 tempore
2778 3624 3117 3682 acciderunt.

1971 3902 2083 3955 Rex
2127 3899 2291 3967 igitur
2328 3898 2431 3953 sub
2465 3898 2606 3953 idem
2636 3905 2856 3967 tempus
2883 3911 3159 3964 occupans
3187 3896 3466 3964 regionem

1899 3989 2165 4052 lsmaelis,
2191 3987 2287 4058 qui
2330 3985 2600 4042 Scendere
2630 3996 2781 4055 patre
2810 3995 2975 4040 natus
2999 3995 3138 4046 erat,
3167 3997 3312 4039 recta
3346 4000 3468 4054 pro-

1899 4084 2069 4137 fectus
2089 4089 2174 4135 est
2196 4087 2390 4134 contra
2420 4079 2726 4134 Chasauem
2757 4077 3004 4145 Longum
3038 4089 3091 4131 et
3127 4089 3316 4132 contra
3344 4080 3472 4134 Col-

1896 4176 2079 4237 chida,
2119 4183 2176 4228 ut
2207 4172 2503 4227 debellaret
2557 4187 2737 4241 regem
2774 4171 3160 4240 Trapezuntis,
3210 4173 3299 4242 qui
3343 4183 3468 4227 erat

1896 4269 2108 4323 amicus
2138 4276 2189 4320 et
2215 4265 2498 4320 familiaris
2525 4264 2813 4319 Chasanis.
2849 4263 2904 4317 lu
2967 4267 3155 4332 primis
3185 4277 3366 4320 autem
3401 4283 3466 4320 eo

224 4376 381 4429 αὑτοῦ
419 4373 679 4446 βασιλεὺς
735 4370 1011 4440 Ἰωάννης,
1048 4368 1142 4422 καὶ
1186 4367 1347 4429 αὐτὸς
1398 4367 1653 4436 βασιλεὺς
1682 4369 1789 4418 Δα-

1901 4362 2236 4417 familiariter
2258 4358 2513 4412 utebatur
2543 4356 2712 4410 frater
2742 4357 2862 4424 ejus
2898 4354 3159 4410 Joannes.
3199 4357 3314 4426 Ipse
3332 4373 3466 4426 quo-

224 4467 323 4526 6:6.
355 4468 569 4532 ἐξέδοτο
609 4465 666 4523 ἐς
713 4465 891 4530 γάμον
931 4462 1208 4528 θυγατέρα
1251 4458 1523 4523 Ἰωάννου,
1565 4459 1662 4510 καὶ
1689 4463 1790 4510 Δα-

225 4560 304 4612 διδ
348 4556 605 4626 ἀνεψιὰν,
632 4554 860 4623 Χασανῃ
914 4552 991 4620 τῷ
1024 4549 1257 4620 Μακρῴ.
1311 4551 1421 4602 Καὶ
1471 4550 1791 4620 προσεδεῖτο

227 4651 479 4719 βασιλεὺς
529 4647 694 4700 Δαὸὶδ
733 4646 842 4698 ,τὸν
900 4644 1179 4712 Χασάνην,
1241 4642 1643 4712 διαπράξασθαι
1699 4644 1792 4696 τὸν

227 4745 480 4814 Χασὰνην
505 4743 563 4803 ἐς
596 4740 688 4792 τὸν
719 4737 948 4809 βασιλέα
996 4736 1321 4806 Μεχμέτην,
1361 4735 1454 4787 τοῦ
1490 4735 1678 4788 λοιποῦ
1716 4739 1792 4805 μή

229 4840 460 4904 ἁπάγειν
514 4837 607 4889 τὸν
639 4835 803 4905 φόρον
851 4833 950 4901 τῆς
983 4829 1399 4900 Τραπεζοῦντος
1435 4830 1571 4901 πρὸς
1604 4830 1789 4894 αὐτὸν,

225 4932 352 4985 ἀλλὰ
416 4931 600 5001 ζητῶν
661 4929 863 4998 μᾶλλον
922 4923 1364 4996 ἁποχαρίσασθαι
1417 4923 1494 4993 τῷ
1560 4923 1788 4994 Χασάνῃ

228 5021 471 5090 βασιλεὺς
509 5019 828 5089 Μεχμέτης.
868 5017 933 5068 υἱ
965 5015 1064 5084 μὲν
1100 5012 1192 5065 οῦν
1225 5014 1491 5067 Χασάνεω
1526 5013 1788 5083 πρέσϐεις

227 5113 281 5171 ὲς
326 5109 552 5180 βασιλέα
611 5107 956 5178 ἀφικόμενοι,
1006 5103 1312 5171 διελέγοντο
1366 5104 1464 5172 μὲν
1515 5105 1607 5156 καὶ
1655 5104 1793 5156 ἄλλα

229 5203 572 5274 ὑπερηφανή,
605 5201 662 5254 ὲν
707 5201 765 5252 δὲ
808 5201 873 5269 τῇ
920 5199 1013 5250 καὶ
1042 5196 1159 5249 τόδε
1207 5195 1392 5264 ἠξίουν
1442 5198 1626 5264 σφίσιν
1660 5197 1794 5264 ἀφε-

230 5293 405 5363 θῆναι,
432 5295 522 5348 τὸν
551 5295 646 5364 τῆς
680 5293 941 5362 Κολχίδος
973 5289 1158 5362 χώρας
1205 5289 1390 5358 φόρον.
1423 5288 1661 5350 Τούτους
1693 5288 1792 5356 μὲν

1896 4473 2003 4524 que
2037 4471 2132 4510 rex
2178 4452 2347 4507 David
2403 4467 2556 4505 suam
2600 4451 2987 4505 consobrinam
3029 4450 3166 4521 (92),
3198 4467 3319 4520 quae
3347 4460 3468 4505 erat

1897 4546 2126 4602 Joannis
2151 4546 2283 4611 tilia,
2305 4544 2542 4598 Cbasani
2571 4543 2753 4612 Longo
2778 4543 2831 4596 in
2858 4542 3269 4596 matrimonium
3299 4543 3469 4598 collo-

1900 4644 2064 4696 cavit.
2099 4641 2209 4695 ﬂex
2242 4639 2409 4694 David
2437 4637 2649 4708 mgavit
2671 4637 3003 4703 Chasanem,
3026 4636 3206 4691 utsibi
3232 4637 3471 4692 etliceret

1901 4735 2043 4804 apud
2073 4749 2278 4801 regem,
2313 4747 2378 4786 ne
2415 4733 2468 4784 in
2516 4739 2795 4799 poaterum
2846 4728 3111 4782 tributum
3144 4727 3290 4781 ferre
3312 4743 3471 4796 coge-

1905 4839 2055 4885 retur
2085 4829 2153 4880 ad
2196 4829 2373 4895 ipsum
2407 4823 2793 4893 Trapezuntis,
2834 4825 2926 4877 sed
2969 4824 3142 4892 magis
3195 4822 3474 4892 quaerebat

1894 4920 2190 4992 gratiﬁcari
2224 4919 2461 4974 Chasaui
2494 4935 2584 4972 rex
2638 4915 2989 4970 Mecbnnnes.
3019 4918 3290 4970 Caeterum
3329 4914 3474 4969 Cha-

1897 5015 2046 5069 sanis
2084 5011 2244 5084 legati
2277 5028 2400 5066 cum
2441 5014 2719 5066 venissent
2752 5011 2816 5062 ad
2856 5026 3061 5078 regem,
3097 5011 3246 5062 inter
3273 5020 3470 5064 extera

1853 5099 1857 5102 ’
1897 5106 2258 5175 loquebantur
2288 5103 2532 5158 fastuosa
2569 5122 2582 5156 :
2621 5102 2972 5168 postulabant
2995 5116 3218 5171 quoque
3251 5100 3352 5154 sibi
3385 5114 3471 5153 re-

1900 5199 2039 5252 mitti
2075 5207 2131 5251 et
2155 5195 2430 5249 Colchidis
2457 5195 2746 5248 tributmn.
2779 5193 2892 5246 Rex
2920 5195 3021 5247 hos
3048 5191 3332 5246 dimittens
3369 5193 3472 5243 mi-

1903 5292 2125 5349 nitando
2159 5308 2174 5345 :
2204 5289 2361 5360 261
2393 5286 2544 5343 Haud
2567 5290 2760 5351 multo,
2787 5287 2982 5356 inquit,
3014 5294 3138 5354 post
3163 5295 3347 5340 vestro
3380 5299 3471 5354 pe-

1503 5457 1746 5518 Notulae
1799 5456 2200 5534 marginales.

297 5585 513 5657 (90-9!)
543 5585 630 5642 Al.
657 5599 974 5650 aureorum,

1979 5586 2088 5657 (9:2)
2135 5585 2445 5656 Despinarn.

293 5751 336 5782 “
369 5750 522 5804 Deest
557 5747 692 5819 forte
725 5746 1006 5819 ἀπήγαγε,
1035 5753 1128 5801 aut
1167 5745 1271 5801 tale
1304 5745 1452 5817 quid.
1476 5742 1540 5801 In
1576 5742 1642 5800 Π.
1673 5748 1797 5801 etim

1901 5765 2066 5804 acuna
2095 5759 2194 5803 est.
2274 5749 2314 5782 ⁴⁷
2343 5747 2594 5803 Ἀντλου.
2624 5745 2686 5798 Π.
2720 5754 2774 5799 ιιι
2808 5747 2861 5797 in
2888 5759 2940 5800 ι.
