4006 6204
520 284 624 349 483

1668 289 1978 349 LAONlCl
2006 288 2668 350 CHALCOCONDYIJE

3644 285 3742 347 είὲἱ

507 408 689 461 rivulo
722 407 1075 475 experiemini
1105 406 1232 475 quid
1270 407 1335 460 ab
1365 422 1489 477 rege
1522 408 1813 479 petendum
1852 409 1944 463 sit.
1965 406 2069 460 Sub

2178 408 2271 462 οὖν
2319 407 2614 477 ἀπέπεμψε
2652 405 2925 475 βασιλεὺς,
2961 401 3364 472 ἐπαπειλήσας,
3393 402 3468 461 ὡς
3527 401 3609 453 τοῦ
3642 403 3748 461 λοι-

511 501 652 553 idcm
706 509 917 565 tempus
961 510 1092 551 'cum
1128 500 1231 553 iter
1292 516 1386 569 per
1441 501 1837 570 Cappadociam
1875 501 2078 554 faceret

512 594 654 646 tilius
677 593 795 660 ejus
825 605 949 645 natu
986 592 1386 663 marimus,qui
1414 596 1683 650 Amasiam
1707 599 1936 660 imperio
1961 612 2079 651 meo

445 690 449 717 ε
511 682 828 740 derabatur,
881 683 1194 747 acredebat,
1232 699 1460 738 munera
1489 686 1722 739 maxima
1756 690 1893 754 patri
1949 686 2078 740 οσο-

514 787 687 825 rens:
753 786 990 839 eumque
1046 774 1102 827 in
1155 785 1353 829 terram
1402 777 1790 846 procumbens,
1854 788 1913 831 ut
1964 793 2081 833 mos

508 863 685 931 gemis
734 874 837 927 εει,
873 864 1139 919 adoravit.
1172 866 1270 921 llic
1317 869 1449 923 adiit
1502 869 1566 924 ad
1617 886 1819 940 regem,
1873 886 2081 925 necnon

507 970 664 1008 socer
687 957 805 1021 eius
844 956 1104 1013 Turiums
1142 958 1276 1029 (95).
1323 962 1479 1029 cujus
1522 962 1686 1017 ﬁliam
1729 978 1954 1017 uxorem
1983 964 2080 1017 du-

508 1052 660 1097 xerat
688 1060 801 1106 rex,
830 1061 989 1113 quam
1018 1046 1313 1115 plurimum
1338 1049 1617 1118 diligebat,
1640 1068 1811 1121 eaque
1844 1054 2082 1107 secunda

512 1143 633 1197 post
656 1118 933 1199 mulieres,
965 1152 1103 1204 quas
1126 1139 1175 1189 in
1202 1140 1454 1193 cubiculo
1484 1156 1585 1194 suo
1621 1142 1861 1205 tenebat,
1896 1142 2083 1197 uteba-

509 1236 618 1277 tur.
649 1224 897 1280 Fratrem
933 1231 1120 1282 uxoris
1146 1230 1333 1296 jussit,
1358 1233 1450 1301 qui
1475 1233 1540 1287 ad
1577 1234 1751 1302 ipsum
1776 1236 2007 1299 adierat,
2028 1246 2083 1290 et

508 1312 561 1363 in
594 1311 787 1369 Januis
829 1316 1044 1383 agebat,
1090 1320 1243 1386 sequi
1304 1335 1634 1389 quocunque
1686 1321 2080 1390 profectionem

510 1405 857 1461 iuSIituisset.
899 1408 1048 1463 Tunc
1096 1411 1260 1480 igitur
1316 1413 1367 1466 in
1412 1413 1660 1467 militiam
1721 1413 2083 1483 proliciscenti

509 1498 620 1564 regi
652 1500 892 1552 occurrit
926 1500 1067 1554 tilius
1116 1517 1341 1554 munera
1389 1518 1550 1570 quam
1613 1504 1849 1558 maxima
1880 1503 2081 1565 ferens.

513 1586 611 1641 Ubi
649 1600 830 1643 autem
866 1593 1121 1646 transivit
1158 1592 1486 1658 Sebastiani,
1538 1596 1901 1664 irruptionem
1957 1594 2083 1652 fecit

510 1681 562 1731 in
594 1678 863 1734 Chasanis
896 1684 1193 1752 regionem,
1223 1687 1521 1756 urbemque
1553 1690 1841 1758 occupavit
1868 1691 2084 1745 nomine

2183 500 2284 553 ποῦ
2322 501 2558 553 εἴσονται
2608 500 2706 551 οὐκ
2756 498 2835 560 είς
2889 497 3129 567 μακρὰν,
3164 497 3286 548 ὅτου
3323 494 3433 546 δέοι
3470 492 3563 546 τοῦ
3596 493 3752 561 βασι-

2179 593 2313 655 λέως
2344 591 2712 661 προσδεῖσθαι,
2744 590 2877 641 Τότε
2912 589 2976 657 δὴ
3005 584 3098 642 οὖν
3134 586 3203 640 τὰ
3231 586 3329 653 τῆς
3352 584 3755 647 Καππαδοκίας

2180 684 2439 742 ἐλαύνων,
2474 685 2568 735 καὶ
2594 678 3005 746 διεξελαύνοντι,
3040 681 3068 732 ὃ
3097 695 3152 731 τε
3180 680 3306 739 παῖς
3340 676 3491 745 αὐτῷ
3522 676 3755 746 προσῄει

2181 776 2209 829 6
2240 754 2631 846 πρεσῦύτερος,
2666 777 2693 828 ό
2727 776 2826 841 τὴν
2872 772 3143 841 Ἀμασίαν
3189 771 3565 838 διαιτώμενος,
3601 770 3753 838 δῶρά

2183 888 2240 921 τε
2277 871 2488 939 μεγαλα
2520 869 2680 938 ἔφερε
2730 867 2806 936 τῷ
2840 867 3029 935 πατρὶ,
3066 865 3163 917 καὶ
3195 862 3609 932 προσεκύνησεν
3651 862 3754 914 αὐ-

2183 966 2274 1015 τὸν
2328 962 2417 1014 ἐπὶ
2454 962 2577 1031 γῆς,
2606 961 2679 1023 ὥς
2710 977 2773 1025 γε
2801 951 3025 1020 τούτους
3072 955 3376 1025 νομίζεται.
3413 953 3757 1024 Παρεγένετο

2183 1055 2239 1108 δὲ
2271 1055 2348 1125 τῷ
2379 1054 2592 1124 βασιλεῖ
2623 1054 2711 1105 καὶ
2753 1053 2781 1104 ὁ
2820 1050 3082 1120 πενθερλις
3134 1047 3300 1101 αὑτοῦ
3329 1048 3664 1115 Τουριούτης
3688 1046 3756 1109 ⁸³,

2185 1140 2245 1201 οὗ
2307 1146 2405 1217 τὴν
2457 1146 2732 1215 Θυγατέρα
2788 1144 3057 1213 ἀγόμενος
3112 1142 3140 1194 ὅ
3192 1157 3251 1193 τε
3322 1138 3608 1209 βασιλεὺς,
3667 1138 3758 1190 καὶ

2184 1238 2553 1306 ἀρεσκόμενος
2603 1237 2796 1307 ταύτῃ,
2833 1235 3031 1305 ὲχρῆτό
3082 1251 3141 1285 τε
3197 1232 3455 1300 δεύτερον
3511 1231 3645 1300 μετά
3695 1247 3756 1297 γε

2183 1331 2283 1390 τὰς
2346 1330 2405 1382 ὲν
2456 1329 2534 1400 τῷ
2592 1329 2813 1382 κοιτῶνι
2869 1327 3034 1381 αὑτοῦ
3076 1327 3366 1394 γυναῖκας,
3407 1324 3501 1375 καὶ
3558 1324 3649 1374 τόν
3699 1339 3757 1374 τε

2185 1422 2415 1491 ἀδελφὸν
2443 1424 2543 1494 τῆς
2587 1423 2868 1492 γυναικὸς,
2906 1424 2963 1485 ἐς
3011 1420 3109 1484 τὰς
3159 1418 3333 1489 θύρας
3378 1416 3529 1485 αὑτῷ
3577 1432 3759 1485 παραυ

2188 1517 2505 1587 γενόμενον,
2536 1518 2634 1570 καὶ
2668 1516 3014 1586 διατρίϐοντα
3048 1515 3106 1566 ἐν
3146 1514 3267 1577 ταῖς
3319 1510 3534 1582 θύραις,
3566 1509 3760 1578 περιά-

2186 1623 2305 1674 γειν
2353 1608 2486 1659 ὅπου
2549 1607 2615 1660 ἂν
2682 1606 3070 1678 στρατεύηται.
3099 1604 3234 1659 Τότε
3290 1604 3387 1673 μὲν
3430 1603 3494 1672 δὴ
3548 1602 3757 1656 διελαύ-

2188 1719 2328 1755 νοντι
2359 1702 2426 1766 “,
2456 1690 2675 1774 ὑπήντα.
2718 1703 2797 1771 τῷ
2848 1702 3056 1773 βασιλεῖ
3107 1701 3254 1772 δῶρα
3304 1700 3487 1771 φέρων
3526 1698 3601 1761 ὡς
3656 1698 3757 1766 μέ-

427 1814 435 1821 .
509 1771 844 1845 [Corycum].
884 1773 997 1829 Rex
1023 1792 1146 1830 cum
1181 1780 1410 1834 ulterius
1444 1768 1959 1850 pergeret,obriam
1982 1782 2069 1838 ha-

2186 1812 2367 1864 γιστα.
2402 1768 2566 1848 Ἐπεὶ,
2606 1796 2663 1849 δὲ
2713 1768 3210 1866 παραμειψάμενος
3265 1768 3753 1864 τὴν-Σεϐάστειαν,

510 1864 628 1914 imit
667 1862 929 1918 Chasanis
960 1876 1213 1930 matrem,
1245 1884 1467 1923 munera
1498 1871 1838 1940 amplissima
1862 1882 2082 1940 portan-

508 1962 640 2013 tem,
665 1961 718 2004 et
738 1955 957 2009 nomine
987 1954 1079 2008 filii
1133 1956 1407 2027 legatione
1459 1962 1601 2028 apud
1635 1975 1814 2031 regem
1848 1962 2081 2033 fungen-

510 2052 635 2096 tem.
660 2043 954 2114 Progressa
984 2056 1166 2103 autem
1202 2052 1255 2102 iu
1284 2060 1635 2121 conspectum
1664 2054 1830 2122 regis,
1879 2056 1958 2111 sic
1992 2056 2076 2109 in~

510 2136 566 2187 tit
606 2153 620 2190 :
653 2136 695 2189 Ο
730 2154 819 2191 rex
859 2142 1347 2208 ()ttomauidarmn,
1383 2146 1453 2201 [ili
1510 2148 1808 2213 Amuratis,
1844 2164 1930 2204 mc
1953 2149 2079 2219 qui-

505 2227 626 2280 dem
663 2231 809 2285 misit
836 2231 1115 2289 Chasanes
1148 2236 1293 2291 [ilius
1316 2253 1492 2302 meus,
1516 2241 1609 2310 qui
1649 2242 1945 2298 admodum
1995 2258 2079 2297 res

506 2318 610 2373 bus
641 2323 746 2375 tuis
777 2321 940 2387 favet,
974 2342 1077 2381 nec
1106 2326 1312 2382 invidet
1350 2331 1593 2386 felicitati
1627 2344 1753 2400 tuae,
1786 2352 1888 2391 nec
1926 2353 2076 2396 recu-

503 2423 587 2467 sat
610 2414 704 2467 tibi
746 2417 1041 2479 gratiﬁcari
1071 2419 1125 2471 in
1175 2422 1430 2477 omnibus
1456 2440 1800 2498 quacunque
1837 2431 2075 2499 impera-

502 2507 665 2559 veris.
698 2504 828 2572 Quze
863 2519 1044 2564 autem
1088 2527 1235 2567 nunc
1275 2528 1602 2584 sequuntur,
1645 2536 1711 2574 ex
1746 2524 2071 2594 memetipsa

499 2599 738 2665 profero,
769 2605 850 2655 vir
878 2603 1084 2659 divine.
1140 2605 1282 2670 Quid
1319 2623 1440 2673 nos,
1473 2612 1566 2679 qui
1612 2614 1853 2682 ejusdem
1895 2628 2071 2672 tecum

499 2695 672 2761 gentis
696 2711 909 2762 sunms,
943 2698 1197 2769 idemque
1223 2703 1479 2771 populus,
1509 2706 1647 2760 bello
1675 2712 2073 2775 persequeris?

496 2788 604 2837 Aut
623 2786 844 2853 ignoras
871 2788 1165 2859 Pajazitem
1195 2793 1433 2865 latelapa,
1461 2798 1738 2854 Amuratis
1758 2800 1955 2874 ﬁlium,
1980 2805 2070 2872 qui

490 2892 620 2949 cum
655 2879 800 2935 circa
838 2883 952 2938 lucc
1000 2886 1189 2940 eadem
1224 2900 1457 2954 erraret,
1489 2899 1543 2944 et
1575 2893 1868 2961 plurimum
1899 2898 2071 2951 delin-

496 2982 690 3039 queret
723 2972 775 3025 in
806 2976 982 3044 gentis
1013 2992 1127 3032 suae
1155 2981 1423 3049 homines,
1459 2985 1676 3039 tandem
1715 2988 2071 3071 sensit‘ultio-

2187 1886 2445 1939 ἐσέϐαλεν
2496 1888 2551 1950 ἐς
2604 1886 2704 1958 τὴν
2764 1887 3026 1939 Χασόινεω
3080 1884 3285 1957 χώραν,
3334 1884 3597 1956 πολίχνην
3654 1884 3756 1953 μὲν

2180 1978 2417 2045 τοῦνομα
2554 1979 2725 2031 ἐπιὼν
2756 1979 2800 2013 ⁵ο
2825 1980 3233 2049 παρεστήσατο.
3269 1980 3425 2033 Μετὰ
3446 1978 3502 2031 δὲ
3534 1979 3754 2049 προῖόν-

2179 2087 2255 2133 τι,
2281 2071 2588 2137 ἀφικνεῖται
2617 2074 2673 2133 ἐς
2708 2071 2869 2134 αὑτὸν
2904 2070 3127 2139 βασιλέα
3162 2072 3194 2144 ἡ
3224 2069 3318 2122 τοῦ
3343 2070 3608 2123 Χασαὶνεω
3647 2071 3755 2138 μή·

2179 2179 2306 2233 τηρ,
2336 2163 2576 2232 φέρουσά
2604 2180 2662 2216 τε
2691 2163 2839 2233 δῶρα
2860 2163 3112 2235 λαμπρὰ,
3134 2164 3228 2216 καὶ
3264 2161 3405 2232 ὑπὲρ
3436 2161 3530 2214 τοῦ
3565 2160 3751 2222 παιδὸς

2176 2254 2711 2326 διαπρεσϐευομένη.
2746 2254 3010 2308 Ἐλθοῦσα
3056 2256 3110 2309 δὲ
3147 2258 3206 2319 ἐς
3247 2254 3372 2325 ὄψιν
3408 2254 3486 2325 τῷ
3518 2253 3751 2324 βασιλεῖ,

2178 2346 2330 2415 ἔλεγε
2382 2348 2561 2402 τοιάδε
2592 2363 2607 2378 ·
2641 2344 2711 2399 Ὦ
2753 2346 2979 2418 βασιλεῦ
3022 2347 3370 2419 ὀτουμόινεω
3401 2344 3753 2415 Ἀ’μουράτεω

2179 2442 2298 2503 παῖ,
2332 2439 2434 2509 ἐμὲ
2479 2440 2638 2510 τήνδε
2691 2440 2984 2493 ἀπέστειλε
3025 2440 3287 2509 Χασάνης
3341 2442 3369 2493 ὁ
3421 2440 3551 2509 ἐμὸς
3597 2442 3747 2505 παῖς.

2175 2531 2377 2593 εὐνοῶν
2410 2531 2507 2603 μὲν
2539 2534 2652 2596 τοῖς
2686 2535 2797 2595 σοῖς
2829 2534 3141 2603 πράγμασι,
3173 2532 3269 2595 καὶ
3295 2532 3418 2586 οὔτε
3450 2533 3753 2605 ἀχθόμενος

2176 2629 2242 2698 τῇ
2287 2625 2607 2696 εὐδαιμονίᾳ
2648 2628 2717 2697 τῇ
2753 2628 2841 2705 σῇ,
2875 2626 2999 2680 οὔτε
3029 2628 3389 2697 ἀπαγορεύων
3418 2628 3753 2697 χαρίζεσθαί

2178 2737 2281 2784 σοι,
2314 2719 2398 2789 ἐφ’
2428 2720 2456 2773 ὅ
2506 2736 2559 2773 τι
2594 2719 2662 2783 ἂν
2720 2719 2867 2790 αὐτῷ
2924 2720 3334 2791 παραγγέλλῃς.
3373 2719 3517 2789 Ἐγὼ
3563 2722 3620 2774 δέ
3670 2736 3754 2773 σοι

2175 2812 2269 2866 ἀπ’
2330 2813 2566 2882 ἐμαυτοῦ
2642 2813 2809 2877 τάδε,
2870 2812 3117 2882 δαιμόνιε
3181 2815 3432 2885 ἀνδρῶν’
3494 2815 3550 2866 τί
3610 2812 3754 2867 οὓτω

2175 2906 2509 2975 προσφέρεις
2544 2905 2677 2974 ἡμῖν
2718 2907 2832 2968 τοῖς
2876 2904 3175 2976 ὁμοφύλοις
3204 2906 3546 2969 ὑπεναντίως
3593 2906 3754 2960 πόλει

2178 3012 2314 3067 μον;
2346 2998 2417 3052 ’Ἦ
2470 2998 2572 3050 οὐκ
2622 2994 2798 3064 οἶσθα,
2835 2997 2911 3062 ὡς
2971 2998 3293 3070 Παιαζὴτην
3341 2999 3430 3051 τὸν
3476 3000 3750 3064 Λαίλαπα,

493 3065 663 3125 nem?
688 3064 1051 3137 Namjustitia
1070 3072 1356 3139 accedens,
1380 3075 1538 3144 eique
1563 3093 1758 3134 manus
1800 3064 2067 3150 injicieus,

2186 3081 2537 3160 Ἀμουρᾶτεω
2589 3090 2794 3153 παῖδα,
2846 3092 2973 3163 περὶ
3037 3092 3205 3145 ταῦτα
3279 3089 3746 3164 πλημμελοῦντα,

492 3154 670 3210 cﬂecit
703 3168 759 3211 ut
795 3160 1161 3216 trucidaretur
1189 3163 1256 3219 ab
1275 3163 1492 3220 Temire
1522 3183 1666 3239 rege.
1701 3168 1818 3225 Tibi
1847 3174 2066 3243 quidem

495 3249 779 3314 hactenus,
812 3251 942 3320 quia
965 3263 1246 3309 mansuete
1268 3263 1324 3309 et
1354 3256 1653 3314 clementer
1682 3266 1929 3318 tractasti
1966 3276 2070 3320 tuae

490 3340 668 3413 gentis
721 3340 992 3407 homines,
1044 3358 1144 3399 nec
1191 3347 1446 3417 cuiquam
1502 3349 1836 3407 intoleranda
1869 3354 2066 3423 fecisti,

492 3428 636 3488 Deus
659 3431 953 3486 maximam
972 3444 1028 3488 et
1049 3437 1328 3505 copiosam
1355 3438 1584 3509 largitus
1611 3452 1693 3497 est
1722 3444 2063 3516 felicitatem,

487 3534 715 3584 auctore
746 3523 935 3580 beroe.
968 3526 1236 3583 Praeterea
1260 3532 1465 3600 praebet
1490 3536 1727 3604 amplam
1757 3546 1812 3591 et
1836 3542 2068 3609 opulcn-

492 3625 599 3667 tam
628 3618 926 3685 regionem,
950 3620 1115 3679 urbes
1142 3630 1196 3675 et
1220 3637 1395 3692 reges,
1428 3626 1519 3693 qui
1555 3642 1750 3683 omnes
1785 3639 1934 3686 tuum
1966 3633 2067 3686 imo

491 3709 701 3785 perium
769 3723 1098 3793 agnoscunt,
1142 3724 1197 3767 et
1228 3721 1686 3776 contremiscunt.
1725 3722 1883 3778 Certe
1921 3726 2063 3789 haud

492 3811 541 3853 te
571 3799 709 3853 clam
750 3810 853 3867 est,
886 3800 1024 3871 fore,
1065 3805 1109 3859 si
1148 3809 1503 3864 contumeliis
1540 3820 1595 3865 et
1642 3812 1861 3884 injuriis
1890 3816 2066 3873 laces-

490 3890 686 3947 siveris
718 3894 969 3950 homines
999 3898 1088 3966 qui
1132 3900 1296 3959 heroa
1333 3901 1543 3969 colunt,
1592 3916 1651 3959 ut
1679 3922 1919 3978 nequeas
1949 3926 2065 3966 am-

489 3986 632 4057 plius
661 3986 846 4041 hostes
870 3998 989 4043 tuos
1017 3993 1238 4047 vincere
1274 4012 1289 4048 :
1324 4000 1579 4064 quamvis
1608 4002 1832 4068 quidam
1868 4016 2060 4062 natura

487 4086 545 4132 et
569 4077 753 4134 animo
789 4082 929 4136 male
968 4081 1149 4140 feriati
1184 4087 1455 4155 homines,
1486 4102 1540 4145 et
1569 4092 2056 4166 impudentissimi,

484 4180 749 4227 censeant
766 4171 1034 4241 justitiam
1062 4179 1255 4235 nullibi
1285 4192 1555 4240 terrarum
1577 4188 1826 4245 homines
1843 4192 2058 4261 punire,

490 4276 675 4317 verum
701 4278 833 4321 casu
859 4269 1099 4337 quodam
1133 4272 1249 4328 sive
1271 4273 1501 4330 fortuito
1528 4292 1617 4334 res
1657 4280 1928 4339 humanas
1964 4300 2062 4353 gu-

486 4355 730 4418 bernari.
754 4357 865 4415 Nec
886 4363 955 4415 ad
1002 4365 1369 4437 quodcunque
1403 4384 1462 4424 se
1495 4373 1791 4428 contulerit
1827 4377 2060 4446 quilibet

2176 3182 2266 3233 καὶ
2299 3181 2676 3252 ἐξαμαρτόντα
2734 3184 2804 3243 τὰ
2860 3184 3095 3252 μέγιστα
3147 3184 3205 3247 ἐς
3256 3185 3385 3249 τοὺς
3422 3186 3747 3255 ὁμοφύλους,

2173 3276 2204 3344 ἡ
2256 3272 2378 3343 δίκη
2442 3274 2686 3344 φέρουσα
2740 3274 3009 3327 ὲπέὸαλεν
3077 3275 3226 3347 αὐτῷ
3290 3276 3389 3348 τὴν
3443 3281 3623 3349 χεῖρα,
3652 3281 3750 3335 καὶ

2171 3368 2422 3422 ἀπώλεσε
2460 3367 2507 3410 ⁵³
2541 3367 2646 3423 ὑπὸ
2679 3365 2945 3437 βασιλέως
2973 3369 3268 3439 Τεμήρεω.
3298 3371 3409 3424 Καὶ
3439 3373 3524 3425 eoi.
3556 3374 3658 3443 μὲν
3689 3373 3749 3437 ἐς

2169 3460 2286 3515 τόδε
2312 3460 2490 3531 ἠπίως
2540 3461 2971 3532 προσφερομένῳ
3022 3464 3135 3526 τοῖς
3182 3462 3499 3533 ὁμοφύλοις,
3530 3466 3622 3518 καὶ
3652 3467 3747 3519 of,-

2167 3553 2277 3615 δενὶ
2304 3551 2448 3606 κατά
2481 3566 2540 3604 τε
2563 3550 2827 3621 ἀνὴκεσιν
2858 3550 2903 3583 ⁸⁸
2936 3553 3326 3625 ἐργασαμένῳ,
3360 3555 3531 3609 πολὺν
3566 3555 3613 3588 ⁵³
3645 3556 3748 3626 μὶν

2168 3646 2263 3698 καὶ
2316 3642 2548 3712 ἄφθονον
2597 3642 2694 3714 τὴν
2740 3643 3097 3714 εὐδαιμονίαν
3153 3646 3460 3718 παρέχεται
3514 3649 3543 3702 ό
3587 3649 3744 3716 Θεὸς,

2114 3772 2117 3775 λ
2167 3735 2400 3799 διδόντος
2448 3753 2532 3789 σοι
2578 3738 2755 3791 ταῦτα
2801 3738 2894 3815 τοῦ
2951 3731 3154 3810 ἥρωος,
3191 3739 3395 3812 πολλὴν
3430 3742 3487 3795 δὲ
3533 3742 3629 3796 καὶ
3656 3742 3746 3796 eit-

2166 3828 2395 3898 δαίμονα
2425 3829 2635 3899 χώραν,
2673 3832 2767 3883 καὶ
2803 3830 2988 3892 πόλεις
3022 3831 3119 3885 καὶ
3152 3833 3397 3902 βασιλεῖς
3442 3835 3745 3905 παρέχεται

2165 3921 2509 3991 ὑποχειρίους
2563 3923 2648 3974 σοι
2707 3924 3018 3991 γίγνεσθαι,
3052 3924 3146 3977 καὶ
3195 3926 3604 3996 αἰχμαλώτους.
3635 3928 3747 3981 Καὶ

2164 4013 2334 4066 ταῦτα
2387 4013 2451 4084 δὴ
2480 4013 2528 4046 ⁸⁸
2577 4013 2640 4067 σὺ
2694 4014 3014 4080 ἐπίστασαι,
3046 4017 3122 4079 ὡς
3164 4017 3264 4071 οὐκ
3301 4017 3381 4070 ἔτι
3416 4018 3481 4093 δὴ
3539 4020 3592 4081 ἐς
3628 4020 3743 4071 τόδε

2164 4109 2512 4178 ὲξυὸρίσαντι
2564 4109 2621 4173 ἐς
2673 4110 2799 4172 τοὺς
2835 4111 3034 4173 αὐτοὺς
3087 4112 3136 4144 ⁵⁸
3191 4112 3396 4181 ἄνδρας
3445 4114 3745 4183 παρέχεταί

2166 4218 2248 4255 σοι
2277 4202 2777 4272 καταστρέφεσθαι,
2812 4204 2887 4267 ὡς
2917 4203 3047 4257 ἔνιοι
3079 4203 3176 4275 τὴν
3210 4205 3376 4272 φύσιν
3420 4222 3477 4258 τε
3513 4207 3606 4258 καὶ
3635 4206 3744 4275 ψυ-

2163 4296 2264 4367 χὴν
2313 4290 2729 4360 αὐθαδέστατοι,
2764 4296 2858 4349 καὶ
2908 4296 3150 4360 ἀναιδεῖς
3203 4298 3433 4364 οἴονται,
3493 4298 3566 4361 ὡς
3615 4298 3740 4370 δίκη

2165 4388 2403 4458 οὐδαμοῦ
2462 4389 2568 4458 γῆς
2622 4389 2934 4460 ἀνθρώποις
2985 4389 3367 4460 ἐπεξέρχεται,
3425 4390 3543 4443 ἀλλ’
3600 4391 3744 4444 αὐτὰ

487 4450 602 4504 sive
631 4468 727 4507 rex
760 4456 878 4509 sive
909 4465 1198 4527 tyrannus,
1249 4459 1333 4521 fas
1355 4462 1677 4535 justumque
1707 4477 1794 4522 est
1829 4489 1839 4522 :
1874 4473 1969 4525 sed
2009 4471 2057 4525 si

2172 4479 2288 4548 είκῆ
2302 4446 2754 4550 ’χωρεένιπέφυκε
2788 4446 2943 4549 σφίσί
2974 4480 3042 4532 τὰ
3067 4446 3501 4551 «inﬁmam;
3529 4481 3617 4549 ἐφ’
3639 4483 3669 4534 ὃ
3687 4497 3741 4545 τι

483 4541 695 4613 justitia
724 4550 1036 4603 accesserit.
1068 4548 1269 4606 Verum
1302 4554 1583 4610 enimvero
1612 4560 1890 4615 cernimus
1922 4563 2057 4620 Par-

486 4649 578 4692 cas
602 4644 888 4707 utramque
919 4651 1145 4706 sortem,
1169 4644 1367 4705 bonam
1393 4656 1448 4702 et
1478 4649 1676 4705 malam
1706 4653 2051 4724 distribuere,

483 4736 538 4785 ct
561 4727 612 4780 in
642 4739 930 4798 utramque
962 4734 1102 4789 hanc
1131 4744 1424 4796 secernunt
1454 4740 1831 4816 ltomiues,qui
1863 4748 1913 4801 in
1950 4760 2057 4803 ter-

485 4831 599 4879 ram
639 4821 978 4878 adveneriut.
1012 4823 1222 4889 Quibus
1272 4829 1432 4904 262
1477 4834 1670 4889 melior
1717 4852 1839 4895 sors
1869 4840 1920 4893 in
1946 4841 2052 4896 hoc

482 4916 685 4971 saeculo
715 4930 745 4967 a
785 4915 972 4972 Parcis
1003 4921 1166 4975 fuerit
1213 4927 1493 4991 attributa,
1531 4928 1586 4982 hi
1642 4940 1766 5000 post
1817 4943 2049 4989 mortem

483 5010 650 5063 vincti
681 5012 858 5079 pinnis
900 5012 1291 5083 subjiciuntur.
1338 5019 1489 5075 Solet
1545 5036 1725 5079 autem
1765 5026 1902 5083 alias
1951 5045 2051 5083 nu-

482 5121 605 5166 men
635 5107 824 5161 scdulo
851 5108 901 5162 id
928 5125 1245 5178 procurare,
1276 5125 1335 5167 ut
1359 5116 1503 5183 quod
1529 5119 1653 5186 quis
1682 5120 2050 5178 intercedente

475 5197 836 5273 jurejurando
862 5214 1054 5273 pactus
1086 5206 1271 5270 fuerit,
1307 5220 1544 5277 praestet.
1578 5212 1672 5265 Sin
1724 5218 2052 5284 praevarica-

2165 4568 2233 4622 ἂν
2262 4572 2473 4637 γένοιτο
2505 4570 2737 4634 ἕκαστος
2762 4570 3129 4643 τραπόμενος,
3157 4570 3317 4624 τοῦτο
3342 4571 3491 4640 αὑτῷ
3519 4572 3745 4641 Θεμιτδν

2164 4656 2304 4716 εἷναι
2359 4664 2454 4715 καὶ
2500 4662 2728 4718 δίκαιον.
2759 4664 2872 4716 Καὶ
2912 4663 3009 4717 τοῦ
3062 4663 3316 4729 δυνατοῦ,
3358 4666 3609 4735 τυράννῳ
3644 4671 3743 4720 καὶ

2166 4754 2377 4826 βασιλεῖ
2407 4760 2721 4830 προσχωρεί
2750 4759 2796 4790 ⁵⁸
2817 4759 3027 4812 ἕκαστα
3062 4760 3159 4813 σὺν
3186 4758 3309 4831 δίκῃ
3346 4760 3741 4830 ἐπιγενόμενος

2161 4852 2367 4915 αὐτοῖς.
2432 4852 2594 4909 Ἀλλὰ
2636 4854 2849 4924 Θεῶμεν
2898 4853 2996 4918 τὰς
3042 4855 3239 4922 μοίρας
3293 4855 3737 4925 διανειμάμενος,

2158 4945 2258 5013 τήν
2282 4962 2339 4998 τε
2376 4944 2611 5015 φαύλην,
2646 4946 2743 4999 καὶ
2790 4947 3028 5016 ἀγαθὴν,
3060 4948 3118 5011 ἐς
3152 4948 3321 5019 ἄμφω
3372 4950 3578 5013 ταύτας
3626 4949 3739 5004 δια-

2158 5038 2334 5106 κρίνει
2381 5040 2510 5102 τοὺς
2566 5040 2693 5110 τῇδε
2746 5040 3051 5111 ἀνθρώπων
3109 5044 3605 5113 παραγινομένους.
3641 5038 3736 5106 Οἷς

2156 5131 2200 5183 δ’
2245 5130 2309 5184 ἂν
2358 5131 2688 5203 διανέμηται
2749 5136 2985 5205 ἀρίστην
3019 5135 3235 5204 μοῖραν,
3270 5134 3364 5189 καὶ
3403 5137 3543 5205 μετὰ
3575 5136 3737 5189 Θανά-

2155 5238 2248 5275 του
2281 5222 2324 5255 ⁸⁹
2360 5223 2506 5278 οὕτω
2532 5224 2923 5297 δεσμούμενος,
2955 5229 3281 5300 τιμωρεῖται
3333 5246 3392 5283 τε
3442 5232 3502 5294 ἐς
3529 5230 3596 5283 τὰ
3631 5233 3735 5301 μά-

1744 5354 1990 5419 Notulze
2019 5361 2429 5440 marginales.

550 5439 661 5513 (95)
684 5438 967 5511 Turgetes.

544 5603 593 5641 “
617 5603 979 5681 Τομρούρτης.
1000 5602 1076 5681 ⁸Β.
1106 5605 1475 5677 Τουργούτης.
1540 5614 1584 5646 δ’
1614 5612 1677 5667 In
1705 5630 1830 5677 uno,
1865 5615 2065 5681 διεξελ.

478 5678 616 5730 λετο.
692 5676 738 5706 ⁵¹
764 5674 956 5741 litora,
989 5674 1261 5747 ἀνηκείον.

480 5756 725 5812 σχωρεῐν,
809 5748 851 5779 ⁵⁷
880 5747 944 5799 In
982 5763 1107 5815 uno,
1138 5748 1392 5806 θάνατον.

2146 5618 2190 5650 ⁵⁸
2219 5616 2424 5672 Nomen
2470 5623 2613 5677 urbis
2641 5622 2978 5675 desideratur
3000 5636 3021 5675 :
3052 5625 3208 5678 etiam
3243 5624 3296 5679 in
3325 5622 3387 5677 Β.
3460 5624 3503 5658 ⁸¹
3549 5624 3732 5681 Ἀπώ-

1363 5680 1409 5713 ⁸³
1445 5684 1669 5761 Πολλὴν.
1710 5684 1772 5741 R.
1809 5697 1863 5739 ut
1900 5680 1977 5740 in,
2007 5703 2055 5741 ε.

2172 5707 2174 5716 ν
2218 5687 2288 5753 In
2317 5705 2441 5760 uno,
2467 5709 2549 5745 ευ.
2635 5694 2680 5726 ⁵⁵
2712 5692 2775 5747 In
2805 5709 2928 5760 uno,
2978 5694 3195 5749 ἑαυτοῦ.
3274 5696 3319 5727 ⁸⁸
3346 5695 3408 5749 In
3433 5713 3559 5763 uno,
3596 5714 3730 5767 προ-
