4006 6204
271 269 402 336 485

1331 275 1432 336 DE
1469 276 1724 338 REBUS
1762 277 2122 339 TUBCICIS
2153 279 2303 341 LIB.
2350 279 2457 340 IX.

3441 284 3548 351 486

263 390 463 444 λιστα.
507 389 723 456 Πέφυκε
755 391 812 442 δὲ
840 391 1014 454 ἄλλως
1042 390 1102 443 τὸ
1130 391 1274 444 θεῖον
1303 406 1316 421 ·
1346 391 1455 463 ὅτῳ
1490 394 1555 446 ἂν
1585 411 1668 456 τις
1705 394 1840 459 ξυνο¹

1969 405 2076 453 tur.
2115 397 2567 464 przcvaricantem
2632 396 2781 453 illico
2815 399 3158 455 comminuit.
3193 401 3272 456 Tu
3332 406 3546 470 quidem

267 483 517 553 μολογῇ,
557 481 731 552 τούτῳ
771 482 1116 534 συντίθεσθαι
1146 498 1161 514 ο
1195 484 1262 553 ἣν
1317 484 1372 536 δὲ
1438 485 1754 558 παραϐαίνῃ
1797 487 1862 551 ⁸³,

265 573 672 645 ἐπιτρίὸεσθαι
719 575 780 628 τὸ
835 577 1120 646 παράπαν.
1170 578 1242 632 Σὺ
1290 578 1345 631 δέ
1396 581 1454 640 ἐς
1509 580 1651 649 μέγα
1707 579 1865 648 ἥκεις

263 666 636 732 εὐδαιμονίας
668 666 777 718 τῶν
814 684 877 734 γε
917 668 1010 718 νῦν
1047 667 1218 720 ὄντων
1256 667 1358 718 ἀνὰ
1409 668 1506 734 τὴν
1537 669 1864 735 οἰκουμένην

265 759 578 827 βασιλέων,
609 759 699 811 διὰ
727 759 788 811 τὸ
818 759 1106 812 πείθεσθαι
1135 759 1212 829 τῷ
1238 759 1403 830 ἥρωϊ,
1432 760 1526 812 καὶ
1575 758 1650 827 μὴ
1685 771 1862 829 παρα-

265 854 485 905 δαίνειν
531 852 611 916 τὰ,
653 850 1008 920 νομιζόμενα,
1047 853 1140 905 καὶ
1185 851 1283 903 τοῦ
1333 869 1398 920 γε
1451 850 1641 904 λοιποῦ
1671 851 1861 919 ἄρχειν

266 945 543 997 ἁπάντων
599 942 929 1012 ἀνθρώπων.
985 943 1094 996 Καὶ
1156 937 1237 1002 οἷς
1289 942 1334 994 δ’
1381 943 1451 995 ἂν
1505 941 1803 1008 ξυντιθοῖτο
1831 943 1860 994 ὁ

262 1035 593 1103 ἅνθρωπος,
627 1035 735 1089 εἴτε
764 1034 906 1105 Θεῷ,
944 1036 1054 1088 εῖτε
1089 1036 1252 1105 ἦρωῖ,
1287 1039 1345 1094 ἐς
1374 1034 1404 1087 ὃ
1433 1034 1500 1088 ἂν
1549 1034 1856 1104 τελευτήσῃ

263 1126 571 1183 πείθεσθαι
603 1127 840 1195 ἀνάγκη.
876 1127 981 1178 Καὶ
1017 1128 1080 1179 σὺ
1132 1128 1280 1198 ἡμᾶς
1319 1127 1510 1180 τούσδε
1542 1126 1856 1196 ὁμοφύλους

269 1219 359 1288 μὴ
390 1218 574 1280 καλῶς
620 1221 810 1280 ποιεῖς,
849 1217 1068 1281 δούλους
1118 1220 1278 1282 ὄντας
1332 1218 1428 1272 τοῦ
1481 1219 1683 1290 ἥρωος,
1717 1219 1856 1288 πρὸς

264 1310 438 1372 ὄντας
474 1313 520 1343 ⁸³
549 1310 824 1379 συνθήκας
854 1312 887 1381 ἡ
921 1314 1086 1381 μοῖρα
1128 1313 1376 1375 ἐτάξατο.
1405 1312 1479 1366 Οὐ
1531 1312 1639 1381 γὰρ
1671 1311 1856 1382 περιό-

265 1403 436 1470 ψεται
470 1403 619 1472 ἡμᾶς
666 1404 732 1456 ἐκ
787 1402 882 1456 σοῦ
921 1402 1476 1474 περιυϐριζομένους,
1512 1406 1606 1457 καὶ
1657 1405 1855 1471 ἠδικη-

265 1479 492 1562 μένους,
543 1497 901 1565 περινοστεῖν.
938 1495 1124 1549 Ταῦτα
1180 1497 1355 1566 ἔλεγε.
1399 1497 1507 1552 Καὶ
1563 1495 1852 1548 ὑπολαϐὼν

263 1591 297 1640 ὁ
334 1589 611 1657 βασιλεὺς,
647 1589 802 1658 ἔλεγε
856 1590 1038 1642 τοιάδε
1065 1607 1078 1620 ·
1113 1587 1183 1642 Ὦ
1237 1590 1422 1659 γύναι,
1457 1591 1514 1645 ἐν
1565 1591 1690 1666 δίκῃ
1752 1591 1851 1662 μέν

261 1697 350 1734 τοι
373 1681 590 1751 εἴρηταί
622 1698 706 1734 σοι
756 1680 962 1734 ἕκαστα
987 1697 1002 1712 ⁶
1035 1677 1093 1735 εὖ
1125 1682 1308 1750 μέντοι
1339 1684 1620 1748 ἐπίστατο,
1649 1685 1724 1747 ὡς
1757 1684 1851 1738 καὶ

1970 487 2261 542 maximam
2303 498 2636 544 consecutus
2676 505 2734 546 es
2766 490 3109 558 felicitatem,
3147 496 3282 548 adeo
3339 505 3396 548 ut
3430 501 3551 551 nul-

1967 580 2051 635 lus
2087 582 2335 635 omnium
2368 583 2462 651 qui
2493 583 2547 636 in
2583 583 2715 637 urbe
2765 595 2915 648 sunt,
2965 601 3152 655 regum
3187 589 3282 642 tibi
3320 591 3392 642 sit
3418 605 3551 643 con—

1967 672 2249 729 ferendas.
2278 676 2454 730 Causa
2493 691 2623 732 vero
2650 678 2702 730 in
2739 690 2992 747 promptu
3026 689 3110 732 est
3140 697 3154 744 ;
3193 696 3316 733 nam
3362 684 3545 750 parui-

1963 767 2031 820 sti
2062 766 2214 821 heroi
2248 775 2304 822 et
2332 769 2603 824 solemnia
2635 787 2756 838 qua:
2812 773 2978 826 semel
3014 775 3127 827 visa
3161 785 3313 838 sunt,
3349 791 3453 828 non
3485 792 3545 830 es

1965 867 2342 928 transgressus
2369 876 2384 924 ;
2419 869 2474 912 et
2505 859 2556 911 in
2583 871 2860 928 posterum
2891 864 3190 930 imperabis
3223 865 3268 918 si
3311 868 3389 918 sic
3415 881 3545 935 per-

1963 950 2170 1004 rexeris
2204 966 2388 1020 agere.
2426 949 2610 1006 Paetis
2646 961 2827 1008 autem
2856 957 3112 1012 omnibus
3157 974 3278 1026 quae
3305 960 3431 1030 quis
3463 961 3543 1015 fe-

1960 1041 2248 1104 cerit,sive
2273 1057 2398 1098 cum
2435 1044 2619 1107 heroe,
2641 1045 2759 1100 sive
2790 1062 2914 1102 cum
2947 1048 3077 1112 Deo,
3108 1051 3285 1106 dOnec
3340 1055 3543 1109 moria-

1959 1134 2057 1196 ris.
2109 1135 2365 1188 standum
2427 1147 2531 1191 est.
2569 1133 2766 1191 Verum
2819 1155 2926 1194 non
2975 1140 3202 1198 honeste
3250 1146 3537 1201 nobiscum

1957 1230 2094 1295 agis,
2124 1228 2218 1296 qui
2258 1243 2448 1282 sumus
2507 1230 2573 1283 de
2605 1239 2696 1284 tua
2729 1232 2976 1299 natione,
3030 1244 3084 1288 et
3138 1238 3278 1290 servi
3331 1238 3536 1301 herois.

1956 1319 2088 1372 Nam
2115 1322 2279 1375 etiam
2317 1309 2488 1378 Parca
2523 1332 2700 1378 tecum
2737 1336 2893 1396 pacta
2932 1340 3037 1384 est.
3071 1328 3217 1385 Satis
3247 1332 3382 1398 scio,
3424 1334 3537 1386 haec

1957 1428 2057 1465 nus
2091 1429 2196 1466 non
2224 1413 2519 1483 despiciet,
2548 1433 2648 1472 nec
2674 1434 2777 1473 nos
2830 1423 3182 1475 contumeliis
3236 1435 3288 1479 et
3319 1425 3538 1491 injuriis

1953 1504 2052 1556 abs
2087 1513 2136 1556 te
2175 1503 2404 1560 all'eetos
2464 1505 2726 1563 aberrare
2767 1526 2936 1578 vagos
2984 1512 3146 1566 εἰμι-ι.
3179 1513 3303 1567 Haec
3344 1515 3529 1568 locuta

1951 1608 2054 1651 est.
2094 1596 2204 1651 lle:
2231 1608 2414 1652 autem
2453 1600 2504 1651 in
2544 1601 2688 1656 hunc
2719 1603 2938 1656 modum
2974 1606 3257 1674 respondit
3288 1625 3302 1660 :
3336 1607 3379 1662 Ο
3413 1625 3535 1661 ιιιιι-

1953 1689 2073 1754 lier,
2114 1703 2223 1743 non
2257 1704 2324 1744 eo
2373 1690 2586 1747 inficias
2628 1695 2760 1763 quin
2789 1695 2938 1765 justa
2971 1698 3082 1751 sint
3126 1714 3248 1768 qua:
3284 1714 3532 1754 comme-

268 1773 350 1842 τῷ
382 1773 591 1842 βασιλεῖ
617 1774 781 1828 πλέον
817 1791 871 1826 τι
925 1776 1213 1845 χαρίζεται
1253 1777 1285 1846 ἡ
1341 1775 1608 1848 συνθήκη,
1642 1777 1738 1829 καὶ
1771 1775 1840 1848 τῷ

1954 1782 2179 1836 morasti
2205 1785 2428 1850 omnia;
2468 1800 2657 1839 verum
2703 1787 2846 1842 haud
2899 1799 2948 1843 te
2974 1790 3113 1844 clam
3150 1801 3254 1855 cst,
3307 1803 3528 1862 pactum

271 1872 550 1939 τυράννῳ.
593 1871 782 1939 Φέρειν
827 1870 882 1923 δέ
937 1869 1094 1922 τοῦτο
1147 1871 1212 1923 τὰ
1253 1871 1558 1941 πράγματα
1611 1870 1844 1939 πέφυκε.

279 1962 386 2012 Ἤν
417 1961 475 2012 δὲ
513 1962 608 2013 καὶ
640 1961 760 2022 τοὺς
789 1959 1104 2030 ὁμοφύλους
1155 1958 1554 2029 ἐξαμαρτάνων
1589 1976 1671 2021 τις
1725 1958 1848 2026 φαί-

276 2069 474 2121 νηται,
535 2052 738 2121 ἀνάγκη
795 2053 888 2104 ἐπὶ
958 2054 1266 2122 μαρτυρίαν
1342 2052 1500 2104 τοῦτο
1573 2051 1708 2103 αὑτό
1761 2066 1847 2111 τις

265 2144 541 2209 ὀδεύεται,
592 2146 681 2198 καὶ
731 2145 957 2198 ἐπιόντα
1005 2145 1337 2214 ἀμύνεσθαι.
1411 2146 1519 2198 Καὶ
1575 2147 1738 2214 ἡμεῖς
1789 2143 1847 2198 δὲ

266 2236 426 2290 τοῦτο
474 2237 854 2308 ποιησάμενοι,
889 2238 984 2290 καὶ⁵
1019 2238 1378 2307 προειπόντες
1412 2236 1562 2304 αὐτῷ
1613 2238 1690 2308 μὴ
1741 2253 1844 2290 παρ

271 2331 446 2398 ρέχειν
496 2333 565 2399 τῇ
620 2329 864 2399 ἡμετέρᾳ
892 2327 1217 2400 χώρα,οῦτε
1265 2327 1526 2397 ἀπείχετο
1575 2328 1634 2380 τὸ
1666 2328 1844 2398 παρά-

278 2423 522 2481 παν,κα“ι
574 2421 748 2475 ἐπιὼν
797 2421 1034 2494 ἐνοχλεῖν
1083 2420 1186 2473 οὐκ
1233 2418 1511 2473 ἐπαύσατο
1549 2420 1614 2473 ⁸ο.
1649 2419 1842 2489 Ὅμως

279 2515 407 2568 τάδε
456 2514 824 2567 ἐπιτέλλονται
856 2513 899 2546 ⁸⁸
952 2511 1031 2583 τῷ
1073 2511 1150 2582 σῷ
1201 2511 1337 2580 υἱῷ·
1369 2511 1692 2580 ἁπεχόμεθα
1743 2514 1840 2580 μὲν

278 2605 369 2658 τοῦ
407 2605 581 2658 λοιποῦ
632 2607 737 2676 τῆς
779 2605 985 2676 χώρας,
1020 2607 1104 2672 ἐφ’
1207 2605 1282 2674 μὴ
1319 2604 1583 2673 ἐπιϐῆναι
1619 2603 1842 2666 ἐσαῦθις

270 2701 367 2766 τῆς
387 2699 566 2768 χώρας
594 2700 772 2768 ἡμῶν,
802 2699 898 2752 καὶ
947 2699 1081 2767 μηδὲ
1114 2697 1190 2766 τῷ
1237 2696 1455 2765 βασιλεῖ
1489 2698 1841 2767 Τραπεζοῦνο

261 2808 354 2853 τος
381 2790 689 2860 ἐπαμύνειν
713 2791 808 2844 καὶ
841 2792 1202 2860 ὑπερμαχεῖν.
1239 2788 1427 2842 Ταῦτα
1457 2790 1708 2851 εἱπῧντος
1741 2787 1834 2843 τοῦ

262 2883 552 2952 βασιλέως,
589 2884 901 2938 συνετίθετο
930 2885 1131 2938 αὐτίκα
1182 2885 1214 2955 ἡ
1261 2883 1420 2954 γυνὴ,
1457 2883 1551 2936 καὶ
1602 2882 1838 2944 σπονδὰς

262 2979 523 3030 ἐποιεῖτο.
574 2976 648 3030 Τὸ
687 2978 742 3030 δὲ
773 2977 1024 3030 ἐντεῦθεν
1064 2977 1163 3047 ἤδη
1200 2978 1496 3045 ἐπορεύετο
1547 2976 1639 3030 ἐπὶ
1680 2976 1838 3044 ⁵Τρα-

259 3069 562 3132 πεζοῦντα,
609 3069 706 3122 καὶ
753 3069 899 3122 κατὰ
943 3069 1210 3139 βασιλέως
1261 3069 1444 3134 Δαόὶδ,
1483 3068 1541 3132 ὃς
1580 3068 1836 3139 τελευτὴ-
1862 3101 1908 3159 c

259 3180 458 3226 σαντος
489 3163 584 3216 τοῦ
621 3161 885 3232 βασιλέως
939 3164 1031 3218 τοῦ
1087 3163 1323 3233 ἀδελφοῦ
1360 3162 1526 3216 αὐτοῦ
1556 3161 1833 3229 Ἰωάννου,

258 3259 358 3312 καὶ
411 3257 869 3325 καταλειφθέντος
933 3259 1083 3328 αὐτῷ
1131 3260 1364 3327 ἐγγόνου
1430 3259 1571 3322 ἐνὸς,
1631 3258 1838 3324 ἐπα-[όν

255 3367 426 3419 μενος
452 3353 577 3414 τοὺς
607 3351 1045 3416 Καδαζιτιανοὺς
1090 3355 1360 3423 ἄρχοντας
1405 3351 1514 3405 τῶν
1569 3356 1699 3420 περὶ
1739 3352 1838 3417 τὴν

254 3443 651 3513 Τραπεζοῦντα
674 3445 1108 3513 Μεσοχαλδείων,
1132 3444 1366 3514 κατέσχε
1399 3447 1499 3512 τὴν
1530 3444 1834 3513 βασιλείαν.

257 3539 381 3592 Καὶ
430 3537 780 3603 ἐϐασίλευεν,
841 3539 1111 3608 ἀδικήσας
1175 3538 1269 3590 τὸν
1351 3535 1570 3606 ἀνεψιὸν
1623 3535 1832 3599 αὑτοῦ,

253 3633 529 3704 τετραετῆ
575 3632 727 3688 ὄντα.
773 3634 830 3686 ⁸0
867 3633 1050 3701 μέντοι
1095 3631 1282 3694 στόλος
1333 3631 1476 3699 ἄρας
1517 3630 1627 3684 ἀπὸ
1668 3629 1833 3688 Σινώ-

257 3743 392 3794 πης,
428 3727 549 3778 ἐπεὶ
593 3725 802 3795 ταύτην
837 3721 1315 3787 προεδουλώσαντο
1346 3725 1410 3788 ⁸⁸,
1438 3723 1750 3794 ἐπορεύετο,
1775 3727 1834 3779 ἐν

252 3817 410 3885 δεξιᾷ
459 3816 598 3886 ἔχων
640 3816 766 3877 τοὺς
812 3814 1209 3881 Καππάδοκας,
1246 3815 1339 3866 καὶ
1387 3815 1720 3884 ἀφικόμενος
1776 3819 1833 3878 ἐς

250 3918 357 3980 τὴν
388 3911 544 3964 πόλιν
570 3907 962 3979 Τραπεζοῦντα
991 3909 1060 3962 τά
1101 3924 1163 3960 τε
1197 3908 1501 3979 προάστεια
1535 3909 1829 3980 ἐνέπρησε,

251 4007 352 4058 καὶ
407 4001 717 4071 ἐπολιόρκει
767 4001 864 4071 τὴν
917 4000 1074 4056 πόλιν
1131 4001 1222 4053 ἐπὶ
1265 4003 1485 4071 ἡμέρας
1533 4002 1832 4072 τριάκοντα

248 4095 373 4149 δύο.
422 4094 578 4149 Μετὰ
619 4093 674 4146 δὲ
725 4093 894 4146 ταῦτα
953 4090 1270 4145 ἐπελαύνων
1329 4093 1490 4164 ἐπῄει
1548 4093 1826 4163 βασιλεὺς.

253 4187 616 4262 Προελαύνων
643 4187 700 4240 δέ
729 4187 1136 4256 Μαχουμούτης
1183 4189 1238 4247 ἐς
1279 4186 1701 4254 Τραπεζοῦντα,
1732 4192 1829 4242 καὶ

248 4278 422 4340 αὑτοῦ
462 4295 567 4332 που
613 4275 898 4347 σκηνώσεις
932 4279 990 4328 ἐν
1021 4279 1086 4346 τῇ
1135 4277 1404 4349 λεγομένῃ
1457 4279 1824 4352 Σκνλολίμνῃ,

249 4381 351 4428 καὶ
398 4375 588 4441 λόγους
638 4372 967 4441 προσφέρων
1011 4371 1149 4438 πρὸς
1183 4369 1273 4422 τὸν
1325 4370 1492 4424 αὑτοῦ
1528 4372 1827 4441 ἐξάδελφον

1949 1888 2276 1934 conventum
2324 1881 2560 1949 amplius
2590 1882 2872 1950 quidpiam
2917 1901 3079 1954 quam
3114 1888 3326 1955 privato
3355 1891 3527 1956 grati-

1951 1969 2099 2024 ficari
2134 1973 2270 2041 regi,
2303 1981 2356 2028 et
2381 1973 2636 2044 tyranno.
2671 1976 2728 2028 id
2755 1983 2938 2030 autem
2977 1993 3155 2033 rerum
3186 1981 3522 2048 experientia

1947 2062 2327 2120 demonStrare
2351 2066 2810 2122 consuevit.Nam
2854 2069 2900 2124 si
2928 2071 3052 2139 quis
3077 2071 3129 2125 in
3162 2072 3400 2139 ejusdem
3429 2089 3527 2126 na-

1946 2156 2108 2210 tionis
2145 2158 2393 2213 homines
2452 2174 2684 2227 peccare
2719 2173 2968 2230 apparet,
3011 2163 3130 2232 ejus
3176 2165 3251 2218 rei
3283 2165 3526 2218 testimo-

1946 2248 2051 2302 niis
2082 2249 2212 2304 lides
2245 2250 2559 2320 accipienda
2590 2259 2697 2306 est.
2730 2252 2939 2307 Deinde
2971 2255 3329 2310 accedentem
3357 2271 3521 2325 opor-

1945 2347 2022 2395 tet
2062 2341 2322 2398 ultionem
2377 2343 2614 2412 exigere.
2649 2343 2762 2399 lloc
2793 2361 2823 2399 a
2872 2346 3033 2401 nobis
3069 2345 3274 2400 factum
3305 2359 3408 2402 est.
3438 2348 3523 2402 Si-

1942 2431 2160 2501 quidem
2199 2433 2548 2502 prtediximns
2578 2435 2688 2489 ﬁlio
2739 2441 2857 2501 tuo,
2889 2452 2986 2491 nos
3031 2437 3173 2492 nolle
3209 2440 3444 2504 amplius
3469 2441 3520 2494 ei

1945 2535 2183 2580 nostram
2225 2532 2471 2596 praebere
2494 2529 2802 2599 regionem.
2838 2531 2909 2584 At
2944 2545 3052 2588 non
3092 2532 3365 2602 acquievit
3420 2549 3520 2589 no-

1943 2628 2056 2673 stro
2085 2620 2336 2689 imperio,
2359 2637 2460 2676 nec
2487 2623 2708 2692 regione
2735 2632 2924 2678 nostra
2960 2624 3228 2680 abstinuit
3264 2641 3280 2680 :
3325 2642 3517 2679 verum

1944 2722 2125 2766 nostra
2157 2713 2528 2769 interturbare
2568 2715 2836 2772 accedens
2865 2732 2974 2771 non
3029 2721 3286 2774 cessavit.
3346 2720 3521 2776 (λειο-

1944 2819 2060 2858 rum
2092 2816 2150 2858 ut
2176 2807 2366 2861 uthac
2391 2806 2536 2866 facta
2569 2819 2719 2875 sunt,
2751 2817 2932 2864 tamen
2960 2810 3073 2865 [ilio
3111 2820 3204 2866 tuo
3235 2811 3350 2867 haec
3384 2829 3521 2869 nua-

1940 2901 2142 2952 tiamus
2178 2917 2192 2953 :
2223 2914 2346 2972 qua:
2377 2900 2422 2956 si
2466 2900 2678 2968 fecerit,
2711 2902 2779 2957 ah
2813 2903 2930 2973 ejus
2963 2904 3185 2974 regione
3217 2907 3516 2962 exercitum

1940 2992 2294 3047 abducemus.
2325 2993 2420 3049 Det
2464 3010 2709 3064 operam,
2737 3011 2804 3050 ne
2830 2998 2884 3052 in
2943 3011 3185 3054 nostram
3238 3003 3515 3072 regionem
3590 3017 3595 3028 '

1943 3085 2289 3140 incursiones
2322 3086 2507 3152 faciat,
2550 3103 2651 3143 nec
2677 3089 2882 3144 auxilio
2923 3085 3263 3162 veniat'regi
3315 3092 3521 3164 Trape-

1942 3177 2144 3242 zuntis,
2199 3187 2260 3231 ut
2313 3177 2474 3232 simul
2510 3194 2634 3233 cum
2673 3180 2787 3247 ipsa
2825 3192 3075 3249 capessat
3133 3184 3356 3240 bellum.
3395 3185 3521 3240 Haec

1942 3270 2033 3323 ubi
2066 3272 2344 3327 enarravit
2378 3287 2491 3332 rex,
2535 3273 2730 3325 mulier
2781 3275 3184 3341 paciscebatur,
3219 3285 3273 3329 ct
3328 3291 3516 3343 pacem

1939 3361 2318 3429 componebat.
2354 3359 2472 3425 Qua
2509 3367 2803 3444 conventa,
2825 3377 2917 3414 rex
2948 3362 3106 3415 duxit
3138 3371 3282 3416 recta
3312 3361 3514 3434 Trape-

1938 3456 2154 3507 zuntem
2191 3460 2382 3501 contra
2417 3463 2598 3518 regem
2642 3447 2904 3504 Davidem
2949 3466 2964 3502 :
2996 3449 3088 3518 qui
3137 3449 3396 3505 defuncto
3426 3469 3519 3506 nc-

1937 3548 2064 3608 pote
2095 3553 2226 3604 uno,
2268 3554 2614 3608 congregans
2651 3539 3064 3606 Cahazitianos,
3099 3543 3194 3613 qui
3242 3544 3517 3614 imperant

1935 3633 2320 3689 Mesochaldiis
2372 3635 2520 3689 circa
2551 3635 2954 3704 Trapezuntem
3018 3652 3246 3708 regnum
3297 3639 3514 3704 inmisit,

1935 3741 2108 3796 coque
2137 3729 2340 3797 potitus
2370 3737 2457 3783 est
2503 3743 2762 3798 regnans,
2823 3745 2948 3784 cum
3005 3729 3206 3800 injuria
3243 3731 3522 3792 aﬂecisset

1937 3815 2123 3873 fratris
2155 3819 2346 3882 tilium,
2371 3827 2501 3873 tunc
2535 3819 2754 3884 demum
2806 3829 3043 3889 quatuor
3081 3835 3256 3875 annos
3294 3833 3510 3877 natum.

1933 3911 2140 3966 Classis
2187 3922 2370 3967 autem
2427 3914 2649 3974 solvens
2681 3928 2710 3967 a
2747 3912 2988 3984 Synopa,
3043 3927 3332 3984 postquam
3391 3932 3508 3970 eam

1933 4005 2286 4074 subegerant,
2329 4005 2588 4059 tendebat
2642 4005 3045 4074 Trapezuntem
3081 4024 3095 4060 :
3131 4009 3321 4061 dextra
3369 4007 3511 4078 Cap-2

1933 4091 2216 4159 padociam
2249 4101 2457 4154 tenens,
2505 4099 2560 4147 et
2589 4093 2815 4148 veniens
2842 4091 3271 4162 Trapezuntem,
3307 4098 3509 4150 subur-

1934 4183 2072 4236 bana
2122 4181 2384 4247 incendit,
2444 4193 2496 4236 et
2552 4183 2748 4241 diebus
2796 4183 3018 4252 triginta
3057 4186 3272 4240 duobus
3316 4189 3506 4243 urbem

1930 4273 2162 4330 obsedit.
2213 4272 2406 4331 Postea
2464 4275 2631 4328 etiam
2681 4289 2778 4330 rex
2817 4289 2942 4331 eum
2975 4278 3220 4330 exercitu
3253 4281 3506 4344 accessit.

1928 4366 2297 4425 Machumetes
2322 4377 2502 4422 autem
2533 4368 2642 4423 dux
2681 4358 3038 4438 praecesserat
3077 4381 3350 4439 rcgem,et
3379 4383 3508 4430 ante

245 4466 525 4538 Γεώργιον
580 4464 1101 4536 πρωτοσεστιάριον,
1135 4463 1285 4530 ἔλεγε
1336 4468 1473 4531 πρὶς
1520 4465 1703 4530 αὑτὸν,
1749 4469 1826 4518 ει.

1942 4465 2074 4514 nunc
2109 4471 2336 4516 venerat
2389 4460 2818 4531 Trapewntem.
2854 4462 3066 4518 Castris
3100 4464 3298 4532 positis
3334 4467 3406 4520 ibi
3449 4469 3500 4524 in

246 4565 376 4616 πεῖν
410 4562 487 4632 τῷ
511 4559 717 4632 βασιλεῖ
739 4558 902 4613 Δαῢίδ
935 4557 1060 4610 τάδε
1087 4573 1107 4599 ο-
1138 4555 1353 4608 Βασιλεῖ
1385 4555 1823 4626 Τραπεζοῦντος,

176 4719 180 4722 _
248 4657 447 4721 γένους
497 4653 591 4706 τοῦ
654 4652 924 4721 Ἐλλήνων
967 4648 1278 4718 βασιλείου,
1335 4647 1590 4717 βασιλεὺς
1648 4651 1823 4719 μέγας

245 4750 382 4801 τάδε
413 4748 596 4813 λέγει,
631 4744 704 4806 ὡς
754 4743 918 4812 Ὁρᾷς
964 4741 1062 4810 μὲν
1107 4741 1239 4810 ὅσην
1279 4737 1464 4810 χώραν
1501 4741 1825 4811 διαπορευὸ-

247 4857 436 4906 μενος,
468 4838 656 4906 ἐπειδὴ
703 4837 928 4906 διεξῄει,
956 4833 1100 4887 ὥστε
1131 4833 1366 4885 ἐνταῦθα
1409 4832 1683 4898 γενέσθαι.
1719 4834 1822 4886 Ἢν

241 4931 340 4988 οὖν
389 4931 588 4983 αὐτίκα
636 4930 735 5000 τὴν
785 4929 940 4978 πόλιν
997 4923 1254 4996 παραδῴς
1315 4922 1392 4991 τῷ
1449 4923 1681 4993 βασιλεῖ,
1725 4923 1820 4974 καὶ

239 5026 433 5098 χώραν
467 5025 651 5093 μέντοι
684 5022 1012 5092 παρέχεται,
1042 5018 1116 5082 ὡς
1148 5021 1244 5073 καὶ
1270 5018 1348 5089 τῷ
1385 5016 1661 5087 Ἑλλήνων
1696 5018 1820 5086 ἠγε-

243 5123 375 5191 μόνι
420 5119 514 5190 τῆς
546 5119 961 5183 Ηελοποννησου
1011 5113 1309 5185 Δημητρίῳ
1359 5112 1710 5183 εὐδαιμονίαν
1758 5116 1827 5162 τε·

240 5216 559 5282 εδωρὴοατο
590 5213 685 5262 καὶ
730 5215 951 5278 νήσους,
988 5207 1082 5262 καὶ
1111 5202 1268 5258 Αἶνον
1303 5205 1461 5256 πόλιν
1499 5203 1818 5272 εὐδαίμονα,

239 5327 336 5360 και
365 5310 422 5358 ἐν
451 5305 684 5374 ἀσφαλεῖ
709 5303 805 5364 ὢν,
839 5304 1073 5370 κάθηται
1120 5297 1480 5367 εὐδαιμονῶν.
1515 5298 1616 5348 Ἦν
1649 5295 1704 5347 δὲ
1737 5298 1812 5367 μὴ

235 5401 569 5468 πειθόμενος
640 5397 886 5464 ἀντέχειν
941 5392 1151 5461 ἐθέλῃς,
1228 5389 1338 5444 ἴσθι
1390 5390 1492 5460 τήν
1541 5407 1598 5442 τε
1656 5389 1813 5442 πόλιν

235 5491 694 5559 ἐξιπιδ,ιαποδίσαι
754 5490 813 5540 οὐ
876 5483 1055 5555 πολλῷ
1119 5483 1365 5554 ὕστερον.
1431 5483 1506 5536 Dii
1577 5482 1688 5552 γὰρ
1747 5481 1811 5535 ἂν

1927 4568 1992 4606 eo
2046 4553 2187 4619 loco,
2239 4555 2331 4624 qui
2389 4554 2724 4626 Scylolimne
2776 4555 2998 4619 dicitur,
3049 4559 3101 4612 in
3161 4558 3502 4628 colloquium

1926 4646 2087 4718 263
2121 4649 2344 4702 veniens
2367 4663 2489 4703 cum
2529 4648 2766 4716 Georgio
2794 4650 3040 4716 patruele
3083 4649 3222 4720 ejus,
3247 4651 3416 4718 jussit
3441 4663 3504 4712 ut

1923 4739 2003 4791 sic
2038 4741 2344 4808 alloquetur
2372 4755 2549 4808 regem
2587 4741 2844 4795 Davidem
2879 4758 2890 4793 :
2924 4740 3058 4812 Regi
3106 4743 3498 4814 Trapezuntis,

1926 4829 2238 4886 Graecorum
2271 4834 2513 4899 generis,
2543 4849 2633 4885 rex
2664 4848 2896 4903 magnus
2935 4839 3047 4889 hanc
3079 4836 3209 4890 dicit
3237 4855 3250 4891 :
3283 4837 3500 4903 Cernis,

1925 4939 2088 4994 quam
2110 4925 2329 4994 longum
2355 4925 2478 4987 iter,
2508 4934 2561 4980 et
2583 4942 2746 4995 quam
2770 4927 2988 4998 longam
3019 4930 3294 5000 regionem
3313 4947 3502 4988 einen.

1926 5030 2021 5070 sus
2049 5016 2121 5068 sit
2158 5031 2273 5082 rex,
2305 5025 2588 5086 postquam
2607 5019 3012 5088 expeditionem
3035 5024 3274 5092 sumpsit
3305 5033 3498 5084 contra

1930 5117 1980 5161 te
2016 5118 2076 5162 ut
2105 5109 2207 5161 huc
2229 5111 2475 5162 veniret?
2513 5109 2570 5164 Si
2602 5112 2767 5181 igitur
2797 5111 2945 5167 illico
2977 5114 3165 5167 urbem
3199 5115 3346 5184 regis
3371 5129 3501 5183 per-

1932 5199 2144 5252 miseris
2169 5200 2422 5265 arhitrio,
2452 5215 2518 5254 ne
2579 5202 2813 5266 dubites,
2877 5204 3139 5272 prabehit
3199 5205 3360 5258 aliam
3391 5223 3404 5260 :
3439 5215 3500 5268 ut

1924 5291 2195 5346 Den'tetrio
2230 5293 2546 5348 Graecorum
2573 5296 2829 5364 principi,
2889 5298 2983 5365 qui
3046 5296 3490 5366 Peloponnesum

1925 5393 2153 5439 rexerat.
2187 5383 2418 5460 Donavit
2443 5401 2572 5440 vero
2605 5387 2749 5440 hunc
2775 5387 2971 5456 opibus
3032 5390 3308 5457 plurimis,
3334 5391 3494 5444 insue

1924 5481 2122 5549 lisque.
2155 5476 2341 5533 Eidem
2365 5493 2419 5533 et
2453 5480 2642 5533 urbem
2695 5481 2893 5548 opibus
2944 5479 3227 5535 ﬂorentem
3276 5480 3484 5537 λΕιιιιιιι

1524 5587 1770 5649 Νοιυιω
1801 5580 2198 5661 marginales.

265 5691 449 5778 ,ιε-ιη
480 5708 606 5760 ιιηο,
639 5698 984 5770 παραϐαίνει.
1063 5696 1106 5731 ⁸⁸
1135 5695 1201 5751 In
1236 5711 1360 5762 uno,
1392 5707 1452 5748 π.
1479 5690 1539 5747 ὃν
1569 5690 1689 5754 τὰς.

236 5779 594 5820 εοουλωσατο.

1770 5689 1814 5720 ⁶⁰
1850 5684 2138 5740 Ἐπαύετο.

2216 5682 2257 5713 ⁸⁸
2301 5679 2366 5735 In
2392 5697 2517 5748 uno,
2551 5680 2944 5744 ἐπιτέλλοντες.
2983 5724 2988 5729 .
3025 5681 3067 5712 ⁶¹
3111 5680 3176 5736 In
3209 5699 3332 5750 uno,
3366 5700 3498 5759 προ-
