4006 6204
264 306 394 373 189

1312 313 1412 373 DE
1459 312 1711 373 REBUS
1768 312 2126 374 TURCICIS
2169 316 2317 375 LIB.
2360 317 2466 380 IX.

3411 318 3517 390 490

265 423 409 488 λέα,
439 422 533 477 καὶ
562 420 750 492 χώραν
781 422 967 488 αὐτὴν.
1004 422 1188 477 Ταῦτα
1237 424 1335 494 μὲν
1378 427 1435 486 ἐς
1470 426 1626 478 τοῦτο
1657 426 1701 456 ⁶⁸
1736 425 1845 491 ἐγέ-

1960 426 2133 480 zuntis
2161 442 2341 497 regem
2380 444 2487 483 una
2540 442 2661 483 cum
2716 433 2936 501 regione
2998 441 3193 489 nactus
3236 442 3339 489 est.
3395 435 3523 491 llaec

262 533 408 571 νετο
434 532 451 548 ο
480 516 580 585 τὴν
617 515 674 569 δὲ
706 508 1094 586 Τραπεζοῦντα
1120 522 1176 585 ὲς
1208 519 1401 591 μοίρας
1431 520 1758 587 διελόμενος,
1791 520 1849 573 τὸ

271 607 388 677 μὲν
418 608 551 678 παρ⁹
584 608 768 677 ἑαυτῷ
798 613 1192 681 κατεκράτησε,
1214 613 1446 682 ποιήσας
1476 611 1851 681 Σιλικταρίους

269 704 377 755 καὶ
412 700 837 773 Σπαχογλάνους
858 704 927 767 ⁸⁸,
954 703 1183 775 ὕστερον
1224 709 1282 770 ἐς
1323 707 1421 771 τὰς
1449 706 1617 779 θύρας
1657 706 1849 769 αὐτοῦ,

267 795 511 858 τούτους
539 797 821 867 κρατήσας
850 798 979 867 παρ’
1008 798 1218 866 ἑαυτὸν,
1252 801 1557 871 ὑπηρεσίας
1590 802 1654 833 ⁸⁸⁸
1684 801 1849 854 αὐτοῦ

266 887 468 954 ἕνεκα,
506 890 600 941 uel.
627 888 686 950 ἐς
728 890 796 943 τὰ
831 890 1073 948 παιδικά.
1108 894 1181 946 Τὸ
1223 895 1276 947 δὲ
1324 893 1627 965 κατῴκισεν
1663 895 1719 958 ἐς
1749 895 1851 947 Βυ-

202 1034 224 1053 ,
269 979 522 1046 (dimov,
553 980 737 1034 καὶτὸ
764 981 952 1053 ἕτερον
988 985 1293 1055 πεποίηκεν
1331 985 1720 1055 ἱανιτζαρίους,
1754 987 1848 1039 καὶ

271 1074 576 1138 δουλευτὰς
618 1075 679 1129 ἒν
722 1078 962 1139 σκευαῖς.
1009 1077 1399 1149 ἐπιλεξάμενος
1449 1081 1640 1143 παῖδας
1687 1079 1849 1134 ὀκτα-

269 1167 531 1231 κοσίους,
570 1167 661 1221 καὶ
702 1169 759 1231 ἐς
796 1167 894 1240 τὴν
930 1170 1039 1223 τῶν
1082 1171 1349 1235 νεηλύδων
1398 1171 1549 1235 τάξιν
1597 1172 1845 1236 ἐτάξατο.

276 1260 403 1330 Τὴν
427 1262 607 1329 μέντοι
646 1261 921 1331 θυγατέρα
965 1263 1060 1315 τοῦ
1107 1262 1369 1331 βασιλέως
1402 1265 1566 1317 Δαϐὶὸ
1619 1269 1848 1333 γυναῖκα

277 1356 472 1419 μέντοι
500 1355 598 1406 οὐκ
650 1355 909 1424 ἠγάγετο,
942 1354 1059 1423 μετ’
1108 1356 1169 1408 οὐ
1220 1356 1351 1409 πολὺ
1397 1357 1452 1410 δὲ
1504 1358 1560 1418 ἐς
1601 1358 1692 1409 τὸν
1732 1376 1847 1411 κοι-

273 1449 428 1499 τῶνα
480 1448 873 1518 μετεπέμψατο
926 1449 1117 1517 αὐτὴν.
1150 1451 1581 1518 σφαγιασθέντος
1626 1450 1719 1505 τοῦ
1754 1450 1849 1521 βα-

273 1539 471 1602 σιλέως
502 1540 691 1606 Δασιδ,
725 1539 942 1592 καὶτὸν
972 1544 1137 1593 παῖδα
1175 1542 1399 1609 ἔγγονον
1444 1542 1537 1595 τοῦ
1582 1544 1847 1616 πρότερον

272 1624 569 1694 βασιλέως,
603 1627 796 1696 νήπιον
834 1627 960 1682 ὄντα
1007 1624 1119 1696 εἶχε
1154 1633 1286 1700 παρ’
1320 1632 1497 1699 ἑαυτῷ
1527 1635 1555 1685 ό
1592 1634 1843 1702 Κράτων.

1953 517 2171 585 quidem
2202 519 2467 576 hactenus
2496 524 2795 591 contigere.
2816 523 3219 594 'l‘rapczuutios
3245 527 3298 581 in
3330 539 3515 597 partes

1953 608 2268 665 distribuit:
2305 620 2515 681 partem
2549 628 2656 669 una
2698 614 2923 671 retinuit
2948 618 3087 683 ipse,
3115 630 3181 675 ex
3243 637 3351 691 qua
3390 622 3520 681 fecit

1954 700 2281 769 Silictarios,
2312 716 2365 759 et
2396 705 2814 777 Spatltoglanos.
2848 707 2959 765 Hos
2984 710 3037 765 in
3057 710 3244 781 januis
3274 717 3521 778 tenebat.

1950 809 2249 866 eorumque
2289 799 2590 857 ministerio
2622 802 2895 868 utebatur,
2966 820 3178 861 necnon
3208 807 3342 877 ipsis
3372 811 3524 864 nefa-

1954 889 2034 943 rio
2059 905 2246 946 amore
2287 903 2476 962 raptus
2498 894 2845 952 abutebatur.
2882 898 3096 954 Partem
3144 914 3325 957 autem
3351 904 3515 958 aliam

1953 978 2266 1051 Byzantium
2291 986 2618 1042 transmisit.
2649 987 2819 1044 Porro
2852 1006 2921 1047 ex
2948 992 3051 1046 alia
3084 993 3387 1063 janitzaros
3412 999 3521 1051 ele-

1950 1072 2046 1143 git.
2082 1071 2355 1137 Quosdam
2397 1079 2680 1133 constituit
2703 1096 2914 1148 servos,
2943 1084 3036 1153 qui
3066 1085 3120 1139 in
3149 1078 3521 1145 tabernaculis

1952 1166 2237 1219 servirent.
2271 1163 2474 1223 Pueros
2502 1183 2567 1224 ex
2612 1175 2869 1229 omnibus
2934 1175 3096 1244 elegit
3148 1182 3518 1248 octingentos,

1949 1268 2153 1323 eosque
2182 1257 2233 1310 in
2266 1260 2683 1327 peregrinorum
2711 1263 2991 1320 cohortem
3015 1268 3294 1327 submisit.
3319 1270 3515 1331 Filiam

1950 1347 2091 1415 regis
2117 1345 2336 1405 Davidis
2364 1366 2492 1418 non,
2529 1355 2989 1422 quemadmodum
3019 1376 3114 1416 rex
3142 1361 3232 1419 hic
3257 1367 3512 1435 petierat,

1950 1457 2175 1496 uxorem
2210 1443 2588 1501 duxitzhaud
2651 1458 2829 1505 tamen
2886 1454 3057 1508 multo
3114 1465 3239 1525 post
3295 1475 3413 1513 eam
3462 1463 3518 1516 in

1948 1549 2108 1589 suum
2132 1535 2444 1591 cubiculum
2466 1542 2757 1597 accersivit
2788 1555 3064 1614 perempto
3119 1560 3245 1619 rege
3291 1552 3515 1607 Davide.

1947 1623 2203 1695 Nepotem
2232 1642 2412 1684 autem
2436 1630 2621 1701 hujus,
2644 1635 2734 1703 qui
2769 1634 2944 1692 fuerat
2968 1637 3112 1696 ﬁlius
3130 1642 3308 1697 adhuc
3332 1641 3518 1699 infans

291 1717 352 1771 Ὀ
409 1720 594 1787 μέντοι
652 1720 914 1789 βασιλέως
962 1727 1090 1786 παῖς
1146 1725 1173 1777 ὁ
1238 1716 1519 1797 νεώτερος,
1575 1728 1845 1799 Γεώργιος

1951 1716 2149 1782 prioris
2182 1722 2346 1789 regis,
2374 1724 2514 1791 apud
2536 1741 2593 1780 se
2628 1726 2815 1783 habuit
2862 1729 3045 1786 Crato.
3106 1732 3270 1804 Regis
3330 1747 3510 1791 autem

286 1810 647 1881 τοῦνομα,ὡς
691 1815 748 1873 ἐς
786 1814 884 1885 τὴν
938 1816 1373 1888 Ἀδριανούπολιν
1432 1823 1639 1891 παρὼν,
1684 1826 1847 1896 ἐτρά-

285 1921 422 1958 πετο
452 1910 542 1958 ἐπὶ
582 1908 674 1977 τὴν
702 1908 795 1961 τοῦ
842 1910 1144 1980 Μεχμέτεω
1179 1913 1495 1982 θρησκείαν,
1526 1918 1619 1970 καὶ
1671 1920 1727 1982 ἐς
1778 1923 1846 1974 τὰ

286 1998 400 2068 ἢθη
428 2000 709 2069 γενόμενος
752 2000 822 2054 τὰ
851 2002 1094 2071 ἐκείνων,
1124 2006 1186 2058 οὐ
1225 2008 1404 2078 πολλῷ
1436 2010 1660 2080 ὕστερον
1694 2032 1847 2067 συνε-

287 2091 468 2161 λήφθη
504 2093 616 2163 ἅμα
640 2094 711 2164 τῷ
743 2098 913 2167 πατρὶ
942 2098 1032 2151 καὶ
1086 2102 1196 2163 τοῖς
1250 2104 1496 2172 ἀδελφοῖς
1542 2107 1644 2159 ὑπὸ
1693 2109 1847 2176 βασι-

286 2185 445 2249 λέως.
494 2189 604 2240 Καὶ
632 2188 672 2220 ⁸⁷
709 2189 818 2258 γὰρ
857 2190 1070 2261 ἔπεμψε
1112 2194 1413 2265 γράμματα
1446 2199 1479 2268 ἡ
1515 2198 1712 2267 ἀνεψιὰ
1754 2200 1845 2253 τοῦ

283 2277 573 2346 βασιλέως,
617 2281 769 2349 ἡτοῦ
806 2284 1027 2354 Χασάνη
1060 2286 1105 2317 ⁸⁸
1152 2289 1309 2357 γυνὴ,
1343 2291 1435 2343 καὶ
1489 2293 1844 2360 μετεκαλεῖτο

287 2371 391 2437 ἦθ’
425 2374 520 2423 τὶν
576 2374 668 2425 τοῦ
725 2373 987 2444 βασιλέως
1036 2379 1171 2442 υἱὸν,
1210 2381 1363 2451 ἢτδν
1418 2385 1638 2450 ἀνεψιὸν
1679 2386 1845 2442 αὐτοῦ

293 2463 376 2513 τον
411 2462 649 2529 ’Δλέξιον
700 2468 792 2520 τὸν
851 2470 916 2523 ὲκ
967 2471 1300 2544 Μυτιλήνης,
1359 2477 1642 2546 Κομνηνὸν
1696 2480 1843 2535 ὄντα.

300 2552 401 2603 Καὶ
446 2553 513 2606 τὰ
574 2555 679 2623 μὲν
735 2558 1035 2628 γράμματα
1094 2562 1425 2632 ἐνεχείρισαν
1478 2566 1556 2635 τῷ
1610 2568 1843 2637 βασιλεῖ,

298 2644 691 2712 δηλοποιοῦντα,
718 2650 863 2714 ὅπως
897 2646 976 2715 εἷς
1021 2653 1086 2705 ἐκ
1120 2653 1226 2709 τῶν
1263 2654 1394 2707 υἱῶν
1429 2656 1522 2708 τοῦ
1556 2658 1844 2727 βασιλέως,

292 2736 322 2803 ἦ
358 2739 384 2789 ὁ
414 2740 637 2809 ἀνεψιὸς
670 2741 857 2807 αὐτοῦ,
896 2746 971 2806 ὡς
999 2747 1237 2815 εἴρηται,
1269 2748 1529 2819 ἁφίξηται
1578 2752 1714 2819 πρὸς
1748 2755 1846 2818 τὴν

284 2830 569 2884 δέσποιναν
610 2834 710 2899 τὴν
739 2837 973 2900 γυναῖκα
1006 2837 1101 2888 τοῦ
1136 2838 1365 2906 Μακροῦ
1394 2841 1623 2908 Χασάνη
1656 2842 1841 2897 οὖσαν.

294 2921 627 2992 Ἐνεχεοῖρισε
652 2925 707 2977 δὲ
739 2927 908 2980 ταῦτα
940 2929 1008 2981 τὰ
1042 2930 1341 2999 γράμματα
1384 2934 1411 2985 ό
1442 2937 1846 3003 πρωτοόεστιά-

284 3030 398 3079 pta;
455 3014 493 3065 Γ
498 3014 726 3084 εώργιος
769 3019 1046 3090 ἐπιτρόπῳ
1087 3022 1253 3075 τᾶλλα
1281 3024 1471 3096 ἀγαθῷ
1501 3028 1645 3088 ὅπως
1677 3032 1844 3098 φανή-

1947 1809 2166 1867 Davidis
2212 1815 2353 1871 lilius
2393 1817 2597 1884 junior,
2614 1822 2832 1877 nomine
2862 1825 3147 1894 Georgius,
3168 1845 3291 1883 cum
3324 1830 3519 1885 Adria-

1950 1907 2187 1974 nOpolim
2222 1909 2478 1975 venisset,
2508 1912 2574 1965 ad
2622 1910 2937 1972 Mecltmeta:
2993 1919 3312 1989 religionem
3380 1939 3515 1979 con-

1949 2012 2139 2054 versus
2183 2010 2284 2056 est.
2352 2003 2659 2073 Assumptis
2708 2002 3012 2064 Turcorum
3094 2014 3343 2070 tnoribus
3401 2034 3509 2071 non

1951 2093 2116 2146 multo
2154 2104 2271 2161 post
2297 2107 2487 2163 captus
2522 2107 2605 2152 est
2632 2100 2699 2153 ab
2741 2116 2862 2171 rege
2898 2118 3006 2157 una
3064 2120 3188 2161 cum
3251 2118 3402 2177 patre
3458 2123 3512 2164 et

1947 2178 2228 2237 fratribus.
2255 2183 2385 2237 Nam
2414 2186 2597 2241 missis
2651 2189 2844 2246 litteris
2910 2196 3241 2253 consobrina
3294 2198 3512 2255 Daridis

1949 2273 2111 2342 regis,
2145 2290 2281 2329 uxor
2302 2275 2571 2334 Cbasauis
2602 2281 2833 2338 vocabat
2863 2296 2956 2340 aut
3006 2290 3149 2358 regis
3191 2291 3380 2358 lilium,
3418 2306 3513 2351 aut

1948 2369 2242 2434 patruelem
2274 2370 2415 2439 ejus,
2442 2372 2689 2427 Alexium
2717 2372 3055 2435 Comnedum
3084 2397 3149 2436 ex
3206 2382 3509 2456 Mitylenis.

1948 2456 2013 2511 Et
2042 2460 2249 2515 litteras
2278 2463 2518 2532 quidem,
2556 2468 2759 2535 quibus
2823 2471 3234 2541 significabatur
3289 2489 3510 2536 utunus

1947 2565 2010 2603 cx
2049 2551 2173 2606 filiis
2192 2558 2331 2623 regis
2360 2557 2598 2623 Davidis,
2631 2572 2721 2615 aut
2748 2567 3009 2631 patruelis
3039 2569 3160 2637 ejus
3194 2568 3275 2641 (ut
3300 2562 3507 2627 dictum

1946 2643 2049 2711 est)
2084 2646 2287 2700 veniret
2324 2650 2387 2703 ad
2414 2650 2715 2718 dominam,
2749 2672 2870 2726 qum
2908 2675 3049 2713 uxor
3096 2673 3214 2716 erat
3244 2664 3512 2721 Chasauis

1947 2736 2138 2807 Longi,
2192 2740 2526 2798 tradiderant
2575 2748 2726 2816 regi;
2779 2766 2899 2804 nam
2940 2750 3146 2809 litteras
3198 2760 3328 2812 istas
3364 2760 3511 2815 dedit

1949 2829 2405 2890 Protovestiarius
2436 2836 2707 2907 Georgius
2731 2847 2994 2908 curatori,
3024 2848 3270 2904 moribus
3313 2863 3509 2907 caetera

1946 2938 2053 2977 non
2083 2927 2352 2995 improbo,
2376 2939 2431 2982 ttt
2455 2943 2738 2999 appareret
2756 2935 2865 3005 regi
2894 2939 3031 3001 talis,
3057 2942 3204 3007 quali
3238 2942 3508 3000 lidendum

1948 3028 2096 3072 esset
2129 3019 2182 3073 in
2238 3020 2543 3090 quibusvis,
2597 3035 2854 3094 praeterea
2889 3046 2953 3083 ne
2989 3032 3511 3108 innotesceretquo-

284 3124 437 3161 σεται
467 3114 495 3162 ὀ
540 3107 796 3177 βασιλεὺς
844 3114 925 3175 εἰς
979 3116 1241 3169 πίστωσιν
1297 3118 1426 3181 ἴσως
1466 3119 1698 3189 ἀγαθὴν,
1752 3123 1845 3175 καὶ

1948 3114 2111 3166 modo
2144 3116 2592 3181 protovestiarius
2652 3134 2763 3173 rem
2818 3121 2957 3177 hanc
2992 3125 3247 3194 celasset,
3311 3133 3511 3185 timens

280 3202 458 3263 ἄλλως
503 3204 591 3255 ἵνα
643 3205 718 3272 μὴ
763 3206 1006 3278 ἀκουσθῇ
1050 3212 1139 3262 καὶ
1197 3214 1327 3280 παρ’
1369 3210 1563 3279 ἄλλων,
1619 3214 1767 3277 ὅπως
1820 3216 1846 3265 ὁ

280 3294 781 3366 ςςρωτοὸεστιάριος
824 3297 1027 3369 ἔκρυψε
1080 3302 1235 3355 τοῦτο
1286 3304 1619 3373 φοϐούμενος
1652 3309 1742 3359 τόν
1787 3327 1844 3360 τε

282 3389 556 3456 αὐθέντην
594 3391 680 3442 τὸν
717 3392 911 3460 μέγαν,
945 3396 1036 3445 καὶ
1082 3397 1171 3448 τὸν
1206 3397 1387 3450 Πάσια
1416 3400 1462 3431 ⁷⁰
1515 3402 1848 3470 Μαχουμού-

283 3493 413 3543 την,
444 3481 535 3530 καὶ
562 3479 702 3549 πάθῃ
744 3483 926 3543 κακῶς
952 3485 979 3534 ὁ
1018 3488 1511 3559 πρωτοϐεστιάριος
1563 3496 1712 3561 παρὰ
1751 3495 1843 3546 τοῦ

289 3570 537 3640 μεγάλου
575 3573 849 3631 αὑθέντου.
886 3574 988 3628 Καὶ
1041 3577 1127 3630 διὰ
1182 3581 1335 3632 τοῦτο
1382 3582 1581 3635 δέδωκε
1616 3586 1709 3638 καὶ
1756 3589 1845 3638 τὸν

281 3666 495 3735 χάρτην
551 3667 685 3737 πρὸς
741 3669 833 3720 τὸν
888 3670 1061 3737 μέγαν
1117 3671 1404 3743 αὐθέντην.
1460 3676 1541 3728 Τὰ
1599 3678 1698 3746 μὲν
1753 3679 1845 3732 οὖν

280 3756 590 3823 γράμματα
632 3756 923 3827 δεξάμενος
965 3762 991 3813 ὁ
1044 3762 1318 3828 βασιλεὺς,
1350 3766 1443 3817 καὶ
1495 3766 1598 3835 νόῳ
1645 3766 1844 3835 λαϐὼν,

281 3850 578 3904 καθίστατο
628 3852 686 3913 ἐς
730 3852 988 3921 ὑποψίαν,
1023 3857 1115 3907 καὶ
1169 3856 1365 3921 αὐτοὺς
1424 3860 1723 3927 συλλαϐὼν,
1754 3867 1845 3915 τόν

278 3958 341 3993 τε
394 3944 557 3997 Δαδὶδ
598 3943 848 4013 βασιλέα,
892 3948 984 3998 καὶ
1031 3948 1157 4010 τοὺς
1206 3952 1355 4013 υἱοὺς
1409 3953 1572 4005 αὑτοῦ
1626 3956 1723 4005 σὺν
1769 3957 1845 4025 τῷ

278 4035 491 4103 ἀνεψιῷ
520 4038 792 4105 καθεῖρξε.
826 4040 930 4089 Καὶ
955 4039 1051 4107 τὴν
1088 4041 1186 4105 μὲν
1215 4040 1491 4110 θυγατέρα
1522 4047 1577 4106 ἐς
1608 4049 1842 4101 κοιτῶνα

280 4127 439 4196 αὐτῷ
477 4130 878 4197 μετεπέμψατο.
924 4131 1102 4200 Ἐχων
1139 4133 1195 4185 δὲ
1225 4135 1421 4198 αὐτοὺς
1461 4140 1519 4190 ἐν
1544 4139 1589 4169 ἰ
1629 4140 1843 4205 πέδαις,

274 4221 339 4270 οὗ
395 4219 576 4285 πολλῴ
629 4219 874 4289 ὕστερον,
909 4222 1214 4290 ἀπαγαγὼν
1264 4226 1323 4289 ἐς
1374 4227 1689 4294 Βυζάντιον,
1741 4232 1845 4285 διε-

274 4312 546 4380 χρήσατο.
576 4309 714 4373 Τοὺς
752 4313 849 4380 μέν
878 4331 962 4366 τοι
996 4318 1191 4378 παῖδας
1224 4320 1352 4382 τοὺς
1401 4322 1445 4352 ⁷⁸
1477 4324 1584 4375 ἀπὸ
1616 4326 1842 4391 ἄστεως,

277 4407 380 4456 καὶ
403 4404 511 4456 απὸ
550 4404 657 4456 τῶν
686 4406 985 4474 περιοίκων
1017 4408 1259 4477 χωρίων,
1287 4415 1415 4475 τοὺς
1454 4417 1554 4482 μὲν
1582 4418 1844 4487 νεήλυδας

278 4496 608 4564 ταξάμενος,
634 4497 896 4552 κατέθετο
942 4500 997 4560 ἐς
1042 4501 1133 4552 τὸν
1177 4503 1375 4556 ἑαυτοῦ
1427 4507 1684 4571 κοιτῶνα,
1715 4514 1843 4574 τοὺς

277 4591 325 4643 δ’
353 4590 547 4651 ἄλλους
578 4594 632 4641 ἐν
694 4595 806 4652 τοῖς
851 4592 1046 4645 ἑαυτοῦ
1092 4592 1485 4666 ἐπιτηδεύμασι
1513 4603 1641 4663 τοὺς
1668 4602 1713 4653 δ’
1746 4605 1843 4657 ἄλ-

278 4687 409 4744 λους
438 4685 484 4714 ⁷³
511 4685 883 4753 ἀπεχαρίσατο
909 4688 1021 4748 τοῖς
1066 4688 1200 4750 υἱοῖς
1255 4690 1441 4753 αὐτοῦ,
1473 4694 1565 4745 καὶ
1597 4699 1708 4757 τοῖς
1743 4696 1841 4767 ἄρ-

278 4789 460 4841 χουσι.
503 4771 613 4833 Τὰς
644 4773 699 4824 δὲ
731 4774 920 4841 κόρας,
951 4777 1048 4834 τὰς
1081 4776 1181 4844 μὲν
1210 4780 1266 4829 ἐν
1291 4782 1401 4842 τοῖς
1427 4781 1591 4833 αὑτοῦ
1616 4786 1841 4838 κοιτῶσι

279 4865 565 4925 κατέθετο,
597 4866 694 4927 τὰς
743 4867 799 4918 οὲ
836 4867 1230 4937 ἀπεχαρισατο,
1268 4871 1357 4923 καί
1390 4888 1542 4934 τινας
1570 4874 1628 4939 ἐξ
1661 4875 1841 4929 αὐτῶν

275 4958 395 5015 τοῖς
450 4956 585 5017 υἱοῖς
639 4956 805 5009 αὐτοῦ
860 4959 1239 5024 ἀπεστέλλετο,
1298 4962 1448 5026 ἐνίας
1506 4963 1552 5015 δ’
1614 4964 1672 5017 ἐν
1732 4984 1841 5021 τινι

273 5049 448 5115 ὀλίγῳ
478 5046 655 5117 καιρῷ
705 5050 800 5101 καὶ
826 5047 873 5089 "-
903 5048 1331 5119 ὕπανδρευσατο.
1363 5052 1467 5105 Τοῦ
1500 5056 1685 5124 μέντοι
1723 5076 1841 5127 χει-

277 5137 464 5208 μῶνος
506 5138 698 5191 τούτου
756 5137 1006 5208 βασιλεὺς
1045 5140 1335 5211 διατρίϐων
1382 5145 1439 5195 ὲν
1488 5147 1601 5209 τοῖς
1647 5149 1842 5201 ἑαυτοῦ

1948 3208 2273 3261 Anthentem
2312 3210 2424 3263 sive
2450 3211 2830 3278 imperatorem
2883 3232 3162 3286 magnum.
3195 3230 3248 3275 et
3275 3222 3496 3278 Bassam

1948 3298 2323 3365 Mcchntetem,
2363 3302 2523 3371 265
2554 3318 2621 3356 ne
2651 3321 2709 3359 re
2737 3308 2953 3376 cognita
3007 3326 3196 3378 ρωπος
3228 3314 3380 3370 daret
3410 3333 3507 3370 au-

1948 3392 2117 3444 thenti
2156 3408 2352 3461 magno
2390 3397 2860 3461 protovestiarius.
2920 3400 3258 3473 Quapropter
3298 3408 3511 3463 litteras

1949 3500 2145 3553 magno
2177 3487 2423 3540 authcnti
2458 3489 2673 3545 obtulit.
2728 3490 2857 3558 Rex,
2916 3494 3110 3552 litteris
3164 3501 3398 3570 acceptis
3456 3518 3506 3559 et

1948 3579 2272 3640 lrctis,niliil
2304 3580 2428 3634 boni
2464 3582 2863 3652 suspicabatur.
2904 3587 3298 3659 Comprehendi
3328 3596 3511 3668 itaque

1943 3672 2105 3739 jussit
2142 3671 2396 3727 Davidetn
2434 3690 2613 3745 regem
2642 3684 2693 3729 et
2732 3677 2871 3733 filios
2915 3680 3034 3751 ejus
3087 3701 3193 3740 una
3245 3706 3367 3743 cum
3418 3708 3513 3761 pa-

1949 3766 2140 3833 truele,
2176 3782 2312 3836 quos
2330 3783 2519 3822 omnes
2554 3769 2605 3822 in
2635 3772 2938 3827 custodiam
3013 3776 3183 3833 dedit.
3238 3781 3505 3837 Caeterum

1950 3858 2111 3912 filiam
2148 3859 2200 3912 in
2224 3874 2378 3912 suum
2409 3860 2723 3916 cubiculum
2778 3868 3094 3923 accersebat
3121 3887 3134 3926 :
3177 3887 3299 3925 cutn
3328 3887 3506 3930 autem

1946 3968 2038 4004 eos
2067 3952 2339 4021 aliquanto
2366 3963 2611 4021 tempore
2642 3957 2694 4009 in
2714 3959 2961 4013 custodia
2994 3974 3352 4027 asservasset.
3389 3976 3507 4021 tan-

1947 4044 2066 4097 detn
2123 4043 2386 4097 abductos
2423 4041 2739 4113 Byzantium
2774 4051 3006 4103 necavit.
3044 4051 3251 4108 Pueros
3290 4056 3506 4124 quidem

1947 4152 2012 4189 ex
2036 4136 2187 4201 urbe,
2221 4136 2364 4189 etab
2398 4137 2530 4191 locis
2565 4137 2679 4191 urbi
2722 4139 3237 4213 finitintis,allectos,
3272 4150 3322 4203 iu
3352 4166 3507 4218 pere~

1948 4230 2222 4297 grinorutn
2252 4229 2448 4282 album
2484 4232 2859 4297 conscribens,
2894 4236 2960 4288 ad
2997 4253 3157 4292 suum
3190 4241 3504 4297 cubiculum

1947 4315 2252 4370 ordinabat.
2288 4316 2559 4379 Quosdam
2594 4330 2857 4387 praeterea
2888 4325 3109 4379 tradidit
3162 4328 3215 4382 in
3254 4331 3504 4400 discipli-

1950 4424 2095 4471 nam,
2129 4417 2188 4461 ut
2219 4406 2519 4462 Turcorum
2549 4412 2744 4468 studiis
2787 4414 3186 4475 imbuerentur.
3260 4422 3506 4496 Reliquis

1877 4483 1917 4534 θ
1951 4501 2072 4554 filiis
2105 4501 2219 4554 suis
2239 4513 2291 4555 et
2324 4504 2557 4572 satrapis
2580 4504 2719 4559 dono
2753 4506 2898 4561 dedit
2928 4511 3180 4581 virgines,
3239 4518 3504 4585 quasdam

1952 4607 2168 4661 quoque
2209 4609 2304 4663 per
2332 4609 2429 4647 sua
2464 4595 2715 4649 cubicula
2742 4598 3027 4667 disposuit,
3083 4608 3348 4674 quasdam
3374 4614 3508 4664 ami-

1951 4688 2301 4751 cisdon‘avit,
2326 4688 2584 4753 quasdam
2622 4703 2751 4743 vero
2776 4691 2902 4748 filiis
2939 4696 3054 4749 suis
3095 4698 3262 4765 misit,
3294 4717 3509 4758 necnon

1950 4780 2210 4849 quasdam
2266 4780 2411 4833 brevi
2458 4789 2699 4850 tempore
2741 4785 2951 4839 maritis
2978 4788 3283 4857 conjunxit.
3316 4791 3390 4846 Ea
3417 4812 3510 4848 au-

1946 4875 2054 4919 tem
2116 4882 2237 4935 qua:
2290 4870 2617 4937 sequebatur
2666 4870 2863 4937 hieme,
2931 4875 2987 4929 in
3036 4880 3183 4948 regni
3211 4883 3337 4936 sede
3399 4900 3509 4938 ma-

1949 4978 2104 5027 nens,
2151 4964 2377 5016 vocabat
2434 4963 2678 5029 Bladutu,
2708 4967 2820 5037 (9i)
2884 4969 3131 5027 Draculis
3177 4974 3367 5042 filium,
3403 4978 3507 5031 du-

1946 5068 2061 5107 cem
2116 5052 2310 5105 Dacizc.
2358 5050 2488 5106 Nam
2544 5055 2701 5124 hujus
2755 5058 2974 5114 fratrem
3034 5065 3304 5131 juniorem
3364 5070 3505 5134 apud

1948 5163 2005 5200 se
2040 5145 2272 5199 habebat
2300 5160 2473 5214 eoque
2499 5163 2593 5216 per
2619 5162 2859 5206 amorem
2899 5157 3125 5223 turpiter
3151 5159 3502 5223 abutebatur.

1544 5311 1787 5372 Notulaa
1822 5312 2215 5389 marginales.

348 5451 462 5522 (9i)
487 5451 681 5508 Bladus
711 5452 959 5516 Dracula,
1021 5452 1298 5510 Moldavize
1326 5496 1341 5521 ,
1378 5473 1497 5527 qua:
1558 5469 1610 5513 et
1641 5458 2015 5531 Transalpina,
2047 5464 2295 5533 princeps
2328 5482 2340 5517 :
2374 5465 2465 5533 qui
2499 5477 2550 5521 et
2583 5466 2866 5525 Vulaldus.

361 5592 404 5625 ⁸⁵
423 5595 695 5648 τοσοῦτον.
770 5596 815 5626 θ’
842 5596 1273 5665 Σπηθογλάνους.
1304 5597 1367 5650 R.
1389 5599 1626 5667 Σπαθογ.
1657 5601 1881 5673 ὕστερον
1899 5605 2160 5673 πρότερον
2190 5606 2286 5667 εἰς.
2319 5604 2384 5636 ⁸⁵⁸
2405 5607 2495 5669 Ei;
2514 5608 2605 5662 ὑπ.
2628 5610 2791 5682 αὐτοῦ
2821 5612 2910 5665 καὶ
2935 5616 3033 5673 εἰς.
3112 5617 3156 5647 ⁸⁷
3177 5616 3245 5670 In
3277 5633 3403 5681 uno,
3428 5620 3503 5682 ὡς

415 5664 459 5682 Δ.
492 5663 526 5682 ΙΙ
652 5666 677 5676 Ψ
829 5668 841 5682 1
1043 5668 1086 5682 Δ.
1138 5666 1154 5682 Ι
1341 5669 1394 5682 ιιι
1446 5673 1457 5682 ι
1560 5672 1567 5682 ι
1920 5675 1930 5682 .
2044 5674 2065 5682 σι
2177 5676 2217 5682 μ-
2239 5676 2252 5682 -
2454 5680 2460 5682 Α

270 5682 334 5731 γ.
415 5664 459 5694 ⁸⁸
483 5663 679 5735 [Li-:06
711 5663 962 5735 χασάνου.

271 5738 427 5801 tum,
472 5734 824 5803 ξοϐοὐμενος.
868 5736 1052 5806 κῦρος.
1129 5738 1176 5769 '°
1205 5739 1441 5792 Πασίαν.
1520 5741 1561 5771 ⁷¹
1596 5745 1736 5804 ταῖς.

568 5836 840 5895 Ριτιιοι..
888 5834 1003 5893 Gn.
1040 5831 1233 5893 CLIX.

1043 5668 1086 5698 "
1124 5666 1190 5757 {:1
1207 5684 1311 5757 rora
1333 5669 1457 5757 fibri
1502 5666 1836 5757 qditotgtufn

1948 5666 2140 5757 ’ταῦτα
2157 5666 2330 5757 ,ᾷλλον
2360 5666 2526 5741 τινὸς,
2556 5680 2737 5757 καὶ-οὑ
2762 5685 3051 5757 Λαονεκου,
3086 5704 3246 5757 usque
3281 5689 3351 5742 ad
3383 5666 3500 5743 tier:

1818 5745 1863 5778 ⁷³
1894 5744 2006 5807 οὒς.

2087 5742 2210 5797 "R.
2244 5746 2481 5818 ἐτέρους.
2563 5750 2606 5779 7"
2632 5748 2698 5804 1:1
2730 5769 2830 5806 uno
2859 5742 3047 5817 ι’ἐσεδτξ

3075 5849 3145 5911 16
