4006 6204
476 356 576 426 ιρι

1633 356 1944 420 LAONlCl
1988 358 2082 417 CH
2096 356 2426 421 ALCOCON
2440 358 2650 421 DYUE

3622 362 3724 428 692

478 498 531 539 (ιι
563 486 617 541 in
650 499 810 540 suum
837 484 1146 538 convictum
1170 472 1489 531 adhibebat.
1549 472 1826 530 Discordia
1852 486 2035 530 autem

2161 480 2464 545 Βασιλείοις,
2518 480 2907 552 μετεπέμπετο
2956 481 3182 543 Βλάδον,
3242 481 3333 533 τὸν
3395 479 3728 551 Δρακούλεω

479 581 770 635 Vehemens
801 577 943 632 inter
961 588 1141 642 regem
1173 579 1226 625 et
1256 584 1483 639 puerum
1516 569 1679 623 istum
1706 578 1899 623 exorta
1933 577 2036 631 cst,

478 688 599 726 rum
626 672 800 741 primo
822 684 946 724 eum
971 664 1071 723 sibi
1101 664 1243 733 turpi
1263 678 1451 716 amore
1479 661 1724 732 flagranti
1749 660 2044 715 obnoxium

481 781 601 819 esse
631 763 816 818 vellet.
847 760 984 815 Nam
1015 774 1136 814 cum
1167 759 1403 829 primunt
1441 757 1679 810 venisset
1717 755 1769 809 in
1806 756 2043 825 regiam,

478 860 753 927 ablegatus
771 864 853 909 est
873 855 937 909 ad
961 853 1346 909 Caramanum.
1372 850 1499 920 quia
1537 865 1714 918 regem
1759 862 2019 918 propemo

479 953 606 1003 dntn
636 945 1006 1002 interfecerat.
1034 944 1169 1000 Cum
1200 943 1345 997 enim
1378 956 1565 995 amore
1588 943 1788 995 ardens
1816 953 2043 1010 puerum

477 1049 691 1095 vocaret
723 1039 787 1094 ad
812 1040 1040 1103 coitum,
1066 1052 1298 1106 emnque
1324 1034 1598 1088 illecebris
1618 1041 1672 1087 et
1695 1030 2045 1102 praebibendo

477 1136 702 1189 delinire
723 1142 1014 1203 satageret,
1051 1140 1323 1202 postremo
1376 1128 1428 1182 in
1482 1127 1802 1182 cubiculum
1856 1139 2042 1179 accer—

478 1230 613 1283 situs
641 1238 742 1282 cst.
775 1226 916 1281 Puer
945 1241 1069 1281 cum
1100 1232 1318 1291 putaret
1375 1237 1434 1277 se
1480 1220 1613 1274 nihil
1667 1217 2047 1288 hujuscemodi

478 1320 544 1369 ab
574 1332 697 1386 rege
744 1330 1056 1385 passurum,
1090 1320 1283 1381 praeter
1332 1326 1484 1381 spem
1520 1312 1698 1364 cernit
1750 1324 1936 1379 regem
1992 1309 2047 1362 in

478 1422 633 1477 turpe
660 1409 761 1462 hoc
793 1407 1005 1461 facinus
1032 1406 1169 1460 velle
1232 1418 1609 1473 prorumpere.
1658 1400 1862 1456 Verum
1912 1416 2049 1471 puer

478 1498 875 1563 reluctabatur,
895 1510 994 1552 nec
1015 1511 1196 1565 regem
1224 1494 1559 1548 admittebat.
1582 1493 1694 1547 Ilex
1712 1506 1843 1547 vero
1863 1492 2047 1547 oscula

480 1595 677 1661 figebat
711 1592 1037 1662 repugnanti
1065 1599 1119 1644 et
1143 1589 1313 1642 invito
1344 1603 1537 1656 puero.
1577 1585 1718 1641 Puer
1745 1586 1911 1658 igitur
1950 1600 2049 1640 va-

480 1689 600 1753 gina
630 1686 867 1754 gladium
897 1684 1157 1748 extrahit,
1228 1681 1373 1749 regis
1429 1679 1603 1733 femur
1656 1680 1897 1746 graviter
1927 1679 2048 1732 vul-

482 1790 654 1841 uerat,
688 1790 741 1832 et
767 1777 930 1831 celeri
984 1778 1107 1845 fuga
1140 1775 1402 1828 continuo
1439 1772 1543 1826 sibi
1579 1771 1880 1828 consuluit.
1906 1771 2038 1825 Chi-

483 1871 626 1938 rurgi
658 1879 837 1923 autem
874 1866 1075 1922 vulnus
1108 1864 1249 1937 regis
1276 1862 1561 1919 curabant.
1588 1862 1730 1920 Puer
1759 1878 1890 1918 vero
1920 1879 2052 1919 con-

481 1979 671 2019 scensa
697 1959 916 2025 arbore,
944 1958 1142 2014 ibidem
1173 1958 1576 2014 occultabatur.
1608 1957 1678 2013 Ut
1709 1969 1892 2012 autem
1960 1973 2054 2011 rex

481 2056 719 2112 collectis
738 2056 994 2111 omnibus
1030 2055 1375 2117 discesserat,
1422 2052 1586 2105 etiam
1650 2067 1786 2121 puer
1832 2051 2055 2106 descen-

482 2158 618 2208 dens
640 2169 706 2208 ex
750 2153 965 2215 arbore,
997 2162 1049 2205 et
1085 2150 1187 2205 iter
1214 2149 1441 2211 faciens,
1473 2164 1583 2202 non
1612 2149 1785 2203 multo
1811 2159 1935 2218 post
1973 2164 2056 2201 re-

482 2247 583 2298 diit
614 2246 665 2298 in
697 2244 896 2313 januas
925 2244 1088 2311 regis,
1113 2242 1340 2311 ejusque
1370 2240 1709 2295 concubinus
1743 2240 1920 2295 factus
1947 2251 2053 2296 est.

486 2335 596 2391 llex
619 2352 722 2391 nec
749 2337 915 2391 etiam
948 2335 1017 2389 iis
1038 2334 1275 2388 abstinet
1309 2334 1400 2402 qui
1429 2347 1586 2387 suam
1617 2333 1933 2400 religionem
1967 2349 2053 2387 se—

484 2441 729 2502 quuntur
762 2446 777 2485 :
820 2444 945 2483 nam
974 2443 1093 2482 cum
1123 2428 1206 2481 his
1234 2442 1449 2498 semper
1500 2426 1591 2480 diu
1623 2437 1894 2494 noctuque
1925 2442 2056 2480 con-

485 2533 755 2578 versatur.
787 2519 1053 2576 Caeterum
1088 2518 1405 2589 alienigenis
1431 2534 1536 2572 non
1598 2516 1826 2571 multum
1886 2518 2058 2572 utitur

490 2632 606 2673 rex.
637 2612 838 2670 Verum
867 2613 1010 2668 haud
1049 2613 1221 2666 multo
1276 2619 1399 2681 post
1450 2611 1604 2680 pueri
1663 2609 1828 2681 hujus
1879 2610 2053 2675 fratri,

488 2723 648 2778 quem
678 2704 904 2760 Bladum
945 2707 1254 2767 nominant,
1303 2703 1480 2757 Daciae
1532 2703 1894 2772 principatum
1966 2718 2053 2757 rex

488 2800 956 2871 permisit.0pera
993 2799 1159 2867 igitur
1195 2798 1339 2867 regis
1370 2797 1613 2865 adjutus,
1648 2796 1915 2849 accedens
1942 2794 2060 2847 Bla-

487 2898 610 2957 dus,
639 2888 885 2947 Drarulis
911 2890 1076 2954 filius,
1111 2888 1475 2957 principatum
1538 2886 1715 2940 Daciae
1746 2887 2056 2956 occupavit.

491 2985 591 3043 Ubi
618 2988 854 3058 primum
880 2986 932 3039 in
962 2985 1328 3056 principatum
1355 2994 1643 3053 promotus
1673 2992 1774 3047 est,
1813 2983 2057 3036 hastatos

488 3079 709 3149 delegit,
729 3093 870 3149 quos
890 3080 943 3132 in
961 3078 1271 3132 convictum
1304 3076 1592 3141 adhibens,
1620 3076 1866 3144 corporis
1896 3074 2060 3145 266

2150 577 2337 634 παῖδα.
2392 576 2598 638 Δακίας
2656 574 2935 645 ἡγεμόνα,
2990 574 3128 644 ἔχων
3187 574 3317 643 παρ’
3376 574 3573 628 ἑαυτοῦ
3633 576 3728 629 τὸν

2151 666 2418 738 νεώτερον
2464 667 2630 720 αὐτοῦ
2681 666 2937 736 ἀδελφὸν,
2969 666 3198 719 παιδικά
3250 683 3309 719 τε
3353 664 3519 720 αὐτοῦ
3566 669 3727 735 γενόο

2152 777 2335 828 μενον,
2377 760 2473 812 κοιλ¹
2515 757 2871 828 διαιτώμενον
2919 759 3050 827 παρ’
3103 757 3276 829 αὐτῷ.
3312 758 3631 829 Ξυνηνέχθη
3670 761 3726 814 δὲ

2151 854 2246 906 καὶ
2273 852 2422 921 αὐτῷ
2468 851 2683 919 βασιλεῖ
2712 850 3070 919 ξυγγενέσθαι
3123 849 3201 919 τῷ
3245 850 3401 904 παιδὶ
3430 851 3565 920 τῷδε
3601 851 3727 920 βουο

2151 943 2384 1014 λομένῳ,
2426 944 2522 996 ὅτε
2576 943 2799 1011 πρῶτον
2852 943 3069 1013 παριὼν
3119 943 3212 998 ἐπὶ
3271 946 3370 1014 τὴν
3420 944 3726 1014 βασιλείαν,

2151 1036 2434 1089 ἐστέλλετο
2483 1040 2575 1092 ἐπὶ
2623 1042 2979 1108 Καραμᾶνον,
3013 1040 3195 1106 ὀλίγου
3242 1038 3338 1092 ὑπ’
3377 1037 3546 1093 αὑτοῦ
3589 1038 3729 1092 ἀπο-

2154 1130 2360 1184 Θανεῖν.
2408 1131 2495 1194 Ὠς
2525 1131 2633 1199 γὰρ
2662 1132 2802 1203 ἐρῶν
2830 1130 2925 1184 τοῦ
2964 1128 3156 1195 παιδὸς
3190 1130 3378 1185 ἐκάλει
3408 1130 3467 1193 ἐς
3490 1128 3728 1199 ὁμιλίας,

2153 1225 2246 1277 καὶ
2307 1224 2618 1295 φιλοτιμίαν
2683 1224 2837 1294 αὐτῷ
2885 1225 3192 1296 προπίνων,
3250 1223 3434 1277 ἐκάλει
3490 1223 3585 1276 ἐπὶ
3637 1223 3731 1274 τὸν

2152 1316 2407 1369 κοιτῶνα.
2449 1318 2509 1370 Ὀ
2561 1318 2748 1385 μέντοι
2790 1321 2917 1381 παῖς
2960 1319 3114 1371 οὐδέν
3159 1334 3212 1370 τι
3260 1315 3506 1370 τοιοῦτον
3550 1315 3729 1367 δοκῶν

2154 1409 2286 1479 πρὸς
2334 1409 2429 1462 τοῦ
2466 1408 2732 1479 βασιλέως
2774 1409 3061 1463 πείσεσθαι
3091 1408 3157 1474 ⁷⁸,
3189 1406 3338 1480 ἑώρα
3370 1409 3463 1461 τὸν
3492 1407 3730 1478 βασιλέα

2153 1505 2553 1575 ἐπιφερόμενον
2583 1505 2730 1576 αύτῷ
2768 1505 2825 1568 ἐς
2855 1502 3099 1557 τοιοῦτόν
3126 1521 3179 1556 τι
3215 1503 3474 1573 πρᾶγμα,
3504 1501 3731 1569 ἀπεμά-

2154 1598 2276 1667 χετό
2320 1614 2402 1657 τε,
2436 1599 2531 1650 καὶ
2580 1596 2641 1650 οὐ
2693 1594 3125 1664 συνεγινώσκετο
3176 1596 3232 1656 ἐς
3284 1594 3385 1663 τὴν
3438 1593 3732 1645 συνουσίαν

2155 1691 2439 1761 βασιλέως,
2476 1692 2570 1744 καὶ
2622 1690 2851 1752 ἄκοντος
2891 1690 3091 1758 ἐφίλει,
3131 1688 3490 1756 σπασάμενος
3535 1688 3562 1737 ὁ
3599 1689 3727 1747 παῖς

2088 1823 2125 1875 Β
2159 1785 2456 1856 μάχαιραν,
2503 1783 2653 1837 παίει
2702 1784 2795 1835 τὸν
2842 1782 3073 1850 βασιλέα
3124 1781 3265 1834 κατὰ
3297 1779 3388 1831 τὸν
3426 1778 3599 1849 μηρὸν
3635 1781 3729 1831 καί

2155 1878 2297 1932 οὕτω
2322 1878 2541 1947 φεύγων
2573 1877 2792 1941 αὐτίκα,
2824 1876 2949 1929 ὅποι
2981 1874 3289 1947 προεχώρει
3324 1873 3496 1942 αὐτῷ,
3532 1870 3726 1942 ᾤχετο.

2158 1973 2436 2034 Βασιλέως
2492 1971 2683 2039 μέντοι
2722 1972 2770 2023 οἱ
2811 1968 2984 2038 ἰατροὶ
3036 1967 3258 2021 ἰάσαντο
3306 1967 3350 1997 ⁷⁸
3397 1965 3456 2017 τὸ
3487 1962 3729 2033 τραῦμα.

2168 2068 2229 2119 ’0
2269 2066 2327 2120 δὲ
2377 2068 2507 2126 παῖς
2539 2062 2631 2115 ἐπὶ
2682 2061 2900 2133 δένδρον
2947 2057 3115 2112 αὑτοῦ
3157 2074 3261 2109 που
3301 2055 3473 2125 ταύτῃ
3520 2053 3732 2115 ἀναὸἁς

2158 2156 2460 2227 ἐκρύπτετο
2490 2152 2559 2208 ⁷⁷.
2604 2149 2692 2215 Ὠς
2745 2150 2801 2204 δὲ
2848 2147 3333 2217 συσκευασάμενος
3383 2147 3411 2197 ό
3469 2143 3733 2213 βασιλεὺς

2158 2250 2347 2321 ἀπῄει,
2382 2246 2634 2300 ἐντεῦθεν
2684 2241 2928 2305 καταϐάς
2963 2244 2990 2294 ὁ
3019 2243 3149 2302 παῖς
3196 2239 3305 2292 ἀπὸ
3356 2237 3450 2291 τοῦ
3478 2236 3728 2305 δένδρου,

2158 2345 2251 2397 καὶ
2284 2339 2764 2410 διαπορευόμενος,
2801 2336 2861 2387 οὐ
2895 2334 3080 2403 πολλῷ
3109 2332 3341 2402 ὕστερον
3376 2328 3605 2399 ἀφίκετο
3635 2329 3731 2381 ἐπὶ

2157 2440 2254 2500 τὰς
2289 2434 2481 2505 θύρας,
2514 2434 2607 2485 καὶ
2644 2429 2868 2483 παιδικά
2900 2428 3117 2496 ἐγένετο
3149 2426 3439 2495 βαπιλέως.
3472 2421 3729 2491 Χρῆσοαι

2157 2532 2214 2583 δὲ
2243 2527 2454 2597 νομίζει
2492 2527 2591 2595 οὐχ
2642 2519 2806 2594 ἦττον
2850 2524 2960 2583 τοῖς
3011 2523 3068 2585 ἐς
3115 2520 3211 2589 τὴν
3268 2514 3464 2573 ἑαυτοῦ
3517 2518 3730 2569 δίαιταν

2158 2620 2524 2693 τραπομένοις
2553 2619 2632 2650 τ’·
2671 2613 2882 2676 τούτοις
2919 2613 3021 2683 μὲν
3071 2613 3180 2682 γάρ
3216 2611 3325 2664 αἰεί
3361 2628 3419 2663 τε
3470 2608 3734 2675 συγγενὸ-

2160 2730 2344 2780 μενος,
2374 2707 2771 2776 συνδιατρίϐειν
2808 2697 3022 2775 νύκτωρ
3054 2705 3149 2757 καλ⁵
3182 2702 3303 2772 μεΟ¹
3331 2702 3570 2771 ἡμέραν.
3602 2697 3731 2761 Τοῖς

2158 2804 2204 2857 δ’
2238 2801 2560 2870 ἀλλοφύλοις
2609 2801 2670 2853 ού
2716 2798 2857 2851 πάνυ
2903 2815 2986 2850 τοι
3036 2794 3271 2868 χρῆσοαι
3317 2793 3601 2863 νομίζεται
3635 2790 3733 2861 βα-

2163 2897 2336 2958 σιλέα,
2372 2894 2486 2948 ἀλλ’
2537 2894 2631 2946 ἐπὶ
2682 2891 2876 2963 βραχύ.
2909 2889 3113 2943 Τούτου
3160 2888 3215 2941 δὲ
3273 2885 3366 2940 τοῦ
3420 2883 3608 2945 παιδδς
3656 2882 3733 2952 τῷ

2160 2988 2373 3057 ἁδελφῷ
2405 2987 2590 3058 Βλάδῳ
2618 2984 2885 3055 ἐπέτρεψε
2925 2980 3184 3054 βασιλεὺς
3225 2980 3322 3050 τὴν
3359 2978 3566 3038 Δακίας
3600 2980 3730 3046 ἡγε-

2163 3084 2374 3153 μονίαν.
2406 3080 2498 3133 καὶ
2544 3077 2993 3148 συμϐαλλομένου
3042 3074 3331 3144 βασιλέως,
3384 3072 3624 3138 ἐπήλαςέ
3672 3088 3730 3122 τε

490 3170 572 3223 sui
610 3166 866 3225 custodes
890 3166 1213 3235 designavit.
1248 3165 1455 3220 Deinde
1480 3181 1682 3221 vocans
1701 3166 1945 3234 singulos
1963 3167 2055 3234 qui

2162 3176 2257 3229 καὶ
2307 3174 2544 3241 κατέσχε
2589 3170 2691 3240 τὴν
2745 3168 3047 3239 ἡγεμονίαν
3093 3164 3292 3227 Βλάδος
3337 3165 3366 3216 ὁ
3412 3161 3735 3234 Δρακούλεω

490 3266 543 3327 in
571 3278 632 3318 ea
662 3261 882 3331 regione
904 3261 1166 3327 dignitate
1210 3261 1480 3315 excellere
1517 3259 1862 3324 videbantur,
1893 3274 2063 3328 quos-

489 3372 597 3426 que
660 3355 976 3426 putabat,si
1008 3356 1115 3409 dux
1180 3353 1471 3408 nmtandus
1527 3362 1696 3417 esset,
1738 3352 2061 3423 proditionis

491 3449 717 3503 consilia
743 3448 1041 3519 agitaturos
1078 3464 1095 3498 :
1147 3446 1269 3511 hos,
1293 3448 1540 3516 inquam,
1573 3460 1764 3501 omnes
1798 3460 1920 3500 cum
1950 3457 2060 3501 tota

492 3541 697 3595 familia
724 3539 871 3594 letho
907 3539 1056 3594 dedit
1087 3549 1141 3593 et
1172 3530 1310 3607 palis
1336 3537 1526 3602 afﬁxit,
1560 3553 1660 3593 nec
1689 3538 1899 3605 liberis,
1927 3554 2063 3592 uxo-

495 3635 649 3686 ribus
681 3629 1014 3701 famulisque
1055 3645 1247 3685 eorum
1314 3645 1568 3702 parcens.
1618 3629 1771 3686 Adeo
1822 3632 1907 3685 vir
1972 3631 2063 3686 ille

494 3727 786 3780 maximam
801 3724 1044 3778 omnium
1062 3738 1203 3793 quos
1222 3724 1498 3787 novimus,
1518 3723 1717 3778 caedem
1746 3733 1801 3778 et
1823 3733 2058 3795 stragem

495 3818 775 3873 hominum
818 3812 964 3872 fecit.
998 3814 1133 3869 Nam
1179 3822 1238 3868 ut
1298 3814 1401 3870 sibi
1455 3815 1827 3872 constabiliret
1883 3817 2064 3873 Dacia:

493 3910 879 3983 principatum,
912 3907 1086 3966 fertur
1106 3907 1377 3965 occidisse
1403 3909 1552 3963 brevi
1573 3920 1817 3981 tempore
1843 3912 2067 3969 circiter

492 4004 683 4078 viginti
709 4002 878 4058 millia
904 4004 1149 4059 virorum
1188 4011 1243 4057 et
1294 4002 1583 4058 mulierum
1632 4018 2063 4076 puerorumque.

492 4098 629 4153 Cum
667 4106 849 4151 autem
874 4094 1132 4167 pulchros
1157 4104 1211 4150 et
1230 4096 1476 4167 egregios
1530 4097 1796 4166 quosdam
1833 4097 2067 4169 delegis-

496 4203 578 4247 set
596 4190 799 4246 milites
828 4188 1276 4255 etsatellitcs,eos
1290 4187 1528 4243 donabat
1554 4189 1749 4259 opibus
1779 4198 1834 4245 et
1861 4190 2066 4246 divitiis

494 4298 707 4341 necnon
741 4284 951 4353 reliqua
983 4281 1245 4337 felicitate
1259 4296 1421 4351 quam
1451 4297 1517 4338 ex
1539 4282 1689 4338 caede
1718 4282 1936 4338 illorum
1969 4300 2065 4341 ac-

492 4376 830 4447 quisivisset.
864 4375 1050 4445 Itaque
1080 4374 1229 4429 brevi
1263 4385 1509 4444 tempore
1533 4377 1615 4429 vir
1634 4376 1723 4430 ille
1752 4376 2063 4432 innovatio-

2162 3262 2311 3327 παῖς.
2361 3263 2449 3325 Ὠς
2496 3261 2551 3314 δὲ
2608 3258 2701 3310 ἐπὶ
2744 3258 2843 3329 τὴν
2892 3254 3191 3327 ἠγεμονίαν
3242 3254 3492 3322 ἀφίκετο,
3538 3251 3732 3321 πρῶτα

2168 3358 2263 3426 μὲν
2311 3353 2493 3424 ἑαυτῷ
2537 3353 2876 3425 δορυφόρους
2930 3350 3169 3402 ἐποιεῖτο
3217 3348 3311 3401 καὶ
3364 3346 3730 3415 ὁμοδηίτουκ

2163 3452 2309 3508 Μετὰ
2330 3452 2385 3505 δὲ
2417 3448 2917 3521 μεταπεμπόμενος
2945 3444 3041 3498 ἕνα
3077 3442 3309 3497 ἕκαστον
3338 3443 3445 3494 τῶν
3485 3441 3587 3508 τῆς
3631 3437 3733 3508 χὼ.

2165 3564 2265 3616 ρας
2319 3544 2600 3615 ἐπιφανῶν
2650 3545 2710 3606 ἐς
2758 3542 2858 3603 τὰς
2914 3541 3021 3593 τῶν
3070 3538 3361 3609 ἡγεμόνων
3426 3534 3734 3603 μεταὸολὲς

2162 3638 2463 3694 δοκούντων
2492 3638 2739 3709 μετεῖναι
2766 3634 2867 3704 τῆς
2888 3632 3200 3703 προδοσίας,
3216 3629 3438 3682 πανοικὶ
3459 3627 3731 3696 διέφθειρέ

2162 3752 2223 3788 τε
2249 3734 2344 3788 καὶ
2389 3732 2830 3795 άνεσκολόπιζεν,
2863 3728 3027 3783 αὐτόν
3078 3744 3139 3780 τε
3187 3726 3325 3795 ἅμα,
3369 3726 3463 3778 καὶ
3512 3722 3730 3785 παῖδας,

2165 3827 2263 3881 καὶ
2302 3828 2558 3895 γυναῖκα,
2593 3825 2690 3878 καὶ
2730 3822 3095 3893 Θεράποντας.
3129 3819 3295 3871 Ὥστε
3332 3817 3503 3886 ἄνδρα
3545 3814 3731 3868 τοῦτον

2165 3920 2264 3973 ἕνα
2315 3916 2407 3972 ἐπὶ
2453 3914 2601 3986 μέγα
2649 3915 2711 3983 δὴ
2767 3915 2931 3983 φόνου
2980 3912 3188 3982 ἀνδρῶν
3232 3906 3308 3965 ὧν
3362 3911 3521 3980 ἡμεῖς
3557 3908 3730 3977 ἴσμεν,

2167 4011 2357 4065 ἐλάσαι
2400 4008 2738 4079 ἐπυθόμεθα.
2791 4007 2957 4059 ’Ὥστε
3006 4006 3115 4075 γάρ
3163 4005 3212 4058 oi
3262 4003 3580 4073 ἑμπεδῶπαι
3636 4002 3735 4070 τὴν

2168 4104 2489 4176 ἡγεμονίαν,
2545 4101 2753 4156 ἀνελεῖν
2804 4099 2968 4153 αὐτόν
3021 4116 3188 4168 φασιν
3264 4097 3467 4167 ἄνδρας
3522 4113 3580 4147 τε
3645 4094 3736 4147 καὶ

2170 4199 2454 4265 γυναῖκας,
2492 4198 2589 4249 καὶ
2619 4194 2819 4256 παῖδας
2858 4192 3040 4259 ὀλίγον
3085 4191 3209 4246 τινα
3236 4192 3427 4261 χρόνον
3459 4192 3515 4251 ἐς
3544 4187 3737 4254 δισμυ-

2173 4292 2343 4363 ρίους.
2377 4289 2721 4343 καθιστῶντα
2773 4286 2829 4339 δὲ
2884 4284 3081 4348 καλούς
3121 4286 3161 4317 τθ
3207 4301 3357 4346 τινας
3388 4284 3537 4353 αὐτῷ
3566 4298 3735 4349 στρα-

2168 4382 2391 4448 τιώτας,
2434 4382 2527 4435 καὶ
2571 4380 2923 4451 δορυφόρους,
2972 4376 3183 4438 τούτοις
3244 4376 3498 4446 ἐδωρεῖτο
3545 4375 3655 4435 τοῖς
3692 4373 3737 4404 ⁸⁸

494 4484 617 4523 nem
639 4477 692 4523 et
723 4468 1078 4522 mutationem
1117 4466 1292 4520 Dacia:
1316 4466 1481 4521 rebus
1511 4465 2055 4523 iuduxitmaximam.

2172 4478 2279 4531 ἀπὸ
2327 4478 2437 4530 τῶν
2481 4473 2827 4543 γιγνομὲνων
2872 4471 3121 4541 χρήμασί
3167 4488 3226 4523 τε
3278 4470 3373 4522 καὶ
3426 4467 3589 4539 ὄλϐῳ,
3641 4470 3739 4520 καὶ

491 4558 762 4616 Praeterea
790 4560 1081 4614 Pannones
1110 4576 1215 4613 non
1242 4574 1467 4629 paucos,
1515 4576 1747 4629 quorum
1799 4562 2064 4618 interesse

496 4654 797 4723 putabatut
828 4668 918 4707 res
945 4654 1123 4706 Daciae
1152 4668 1372 4721 quoquo
1408 4653 1573 4707 modo
1602 4654 1741 4708 bene
1773 4654 2062 4723 haberent,

498 4744 631 4799 nulli
658 4746 1122 4814 parcens,tributo
1144 4747 1386 4799 maximo
1405 4748 1691 4801 onerabat.
1714 4746 1848 4801 Cum
1868 4750 2062 4803 crede-

500 4850 577 4891 ret
612 4836 787 4891 Dacia:
813 4837 1173 4906 principatum
1203 4837 1314 4903 jam
1375 4838 1509 4892 satis
1534 4837 1747 4893 firmum
1771 4852 1827 4893 et
1886 4850 2060 4895 tutum

495 4949 638 4998 esse,
667 4932 954 4988 consilium
989 4931 1260 5002 capiebat,
1302 4935 1579 5001 quomodo
1615 4933 1683 4988 ab
1709 4949 1834 5005 rege
1883 4936 2062 4991 desci-

494 5035 693 5083 sceret.
724 5023 1003 5078 Sententia
1035 5033 1217 5078 autem
1262 5022 1529 5077 Dacorum
1561 5028 1805 5097 graviter
1834 5026 2059 5082 Bladum

496 5116 748 5187 augebat.
774 5114 1024 5169 Timebat
1057 5116 1222 5179 enim,
1250 5114 1299 5168 si
1364 5113 1479 5183 ipse
1539 5116 1865 5170 confirmato
1918 5132 2064 5172 nunc

499 5209 674 5264 Dacia:
696 5208 1000 5280 principatu
1030 5208 1157 5277 quid
1180 5216 1368 5262 contra
1389 5221 1566 5277 regem
1597 5208 1815 5261 molitus
1846 5208 2062 5275 fuisset,

499 5301 793 5371 utnegotia
825 5300 928 5355 sibi
967 5298 1301 5354 facesserent
1336 5297 1484 5365 Daci,
1534 5298 1867 5355 adducentes
1924 5301 2069 5355 Pan-

498 5413 670 5454 nones
695 5396 875 5453 socios
910 5407 963 5453 et
991 5396 1303 5452 auxiliares.

2175 4575 2245 4643 τῇ
2295 4571 2433 4642 ἄλλῃ
2484 4564 2995 4637 εὐδαιμονία,ῶστε
3054 4565 3140 4618 διά
3186 4564 3415 4634 βραχέος
3452 4564 3543 4615 ἐπὶ
3598 4562 3742 4631 μέγα

2176 4659 2471 4731 ἀφικέσθαι
2508 4656 2833 4727 μεταϐολῆς,
2867 4657 2962 4708 καὶ
2992 4654 3460 4725 καινοτομηθῆναι
3494 4654 3637 4705 πάνυ
3672 4656 3742 4706 τὰ

2178 4751 2378 4813 Δακίας
2444 4751 2750 4819 πράγματα
2802 4747 2906 4798 ὑπὸ
2962 4746 3159 4798 τούτου
3211 4745 3303 4799 τοῦ
3355 4743 3585 4814 ἀνδρὸς,
3644 4745 3743 4797 καὶ

2180 4844 2410 4905 Παίονάς
2446 4859 2506 4894 τε
2544 4841 2643 4893 οὐκ
2671 4839 2907 4907 ὀλίγους,
2934 4833 3017 4901 οἷς
3054 4842 3299 4906 μετεῖναι
3335 4838 3511 4891 ἐδόκει
3535 4837 3741 4907 ὁτῳοῦν

2174 4937 2282 4989 τῶν
2339 4934 2702 5003 πραγμάτων,
2738 4932 2833 4985 καὶ
2884 4936 3076 4984 τούτου
3128 4930 3343 4993 οὐδενὸς
3401 4930 3738 4999 φειδόμενος,

2176 5030 2342 5099 φόρον
2371 5026 2415 5058 ⁸⁸
2446 5024 2503 5078 δὲ
2538 5024 2797 5093 μέγιστον
2827 5022 3136 5093 εἰργάζετο.
3185 5020 3271 5086 Ὠς
3302 5022 3401 5091 μὶν
3454 5019 3547 5075 οὖν
3591 5022 3741 5091 αὐτῷ

2174 5121 2349 5173 ἐδόκει
2381 5116 2637 5185 ἀσφαλῶς
2669 5117 2814 5186 ἔχειν
2866 5120 2935 5169 τὰ
2983 5117 3184 5179 Δακίας
3229 5117 3547 5188 πράγματα,
3584 5114 3739 5167 ἐϐου-

2176 5212 2363 5267 λεύετο
2404 5210 2705 5264 ἀπόστασιν
2749 5208 2857 5261 ἀπὸ
2910 5208 3004 5261 τοῦ
3054 5209 3341 5279 βασιλέως.
3390 5210 3742 5279 Ἐτιμωρεῖτο

2182 5307 2363 5377 μέντοι
2389 5302 2511 5363 τοὺς
2540 5300 2736 5369 ἄνδρας
2770 5300 2993 5364 τούτους
3016 5300 3211 5373 γνώμῃ
3233 5302 3327 5354 τού
3359 5302 3643 5372 βασιλέως,
3666 5302 3741 5363 ὼς

2164 5407 2228 5458 ἂν
2253 5397 2402 5466 αὐτῷ
2438 5396 2699 5465 κρατύνοι
2736 5396 2835 5465 τὴν
2870 5394 3064 5465 ἀρχὴν,
3099 5396 3194 5447 καὶ
3228 5396 3303 5464 μὴ
3353 5395 3741 5465 μεταστάντων

496 5491 652 5555 αὖθις
720 5493 831 5545 τῶν
906 5492 1005 5560 τῆς
1035 5492 1237 5553 Δακίας
1316 5487 1524 5559 ἀνδρῶν
1574 5491 1996 5561 πρωτευόντων,
2077 5500 2381 5571 πράγματα
2438 5491 2575 5559 ἔχοι,
2642 5491 3013 5559 ἐπειγομένων
3041 5490 3086 5524 ⁸¹
3135 5490 3462 5554 αὐτῶντοὺς
3506 5490 3744 5555 Παίονας

498 5586 824 5657 συμμάχους
848 5601 907 5637 τε
943 5586 1039 5639 καὶ
1072 5585 1422 5657 ἐπικούρους.

1757 5685 2003 5749 Notulze
2036 5686 2435 5767 marginales.

569 5788 616 5820 ⁷³
645 5788 711 5842 In
740 5806 865 5853 uno,
901 5788 1206 5841 πείθεσθαι.
1279 5788 1325 5819 ’⁵
1348 5785 1413 5839 1η
1437 5802 1561 5852 uno,
1607 5787 1787 5841 τασαν.

500 5863 822 5930 γινομένων.
894 5858 938 5890 ⁸*
979 5859 1041 5915 1η
1074 5876 1179 5913 uno
1214 5859 1627 5927 superscriptum
1661 5858 1841 5927 φόνον.

1868 5790 1912 5821 ⁷⁷
1944 5794 2270 5862 ἐκέκρυπτο.

1922 5862 1967 5893 ⁸³
1998 5862 2063 5916 li.
2100 5866 2265 5929 ἐπαγ.

2350 5793 2393 5823 ⁷⁸
2427 5793 2847 5863 τετραμμένοις.
2929 5796 2973 5827 ⁷³
2996 5794 3219 5855 ἄλλους.
3260 5794 3305 5825 ³⁰
3332 5796 3440 5857 τοῖς
3462 5791 3569 5845 τῶν
3597 5792 3737 5844 ἀπο-
