4026 6204
422 221 528 287 503

1545 230 1855 293 LAONICI
1897 234 2545 297 CHALCOCONDYL/E

3529 248 3641 311 504-

421 359 613 402 corum
655 343 906 406 manibus
963 344 1246 402 cadebant.
1307 345 1517 404 Pedites
1560 351 1651 420 qui
1683 352 1824 421 apud
1871 349 1975 406 Me.

2089 355 2206 408 οῶν.
2240 353 2536 426 Ἐμάχοντο
2593 359 2692 426 μὲν
2742 358 2834 412 οὖν
2877 358 3108 415 ἐνταῦθα
3155 360 3249 415 ἐπὶ
3279 363 3470 432 συχνόν
3514 381 3636 416 τινα

421 437 731 491 chumetem
778 443 951 499 erant,
979 449 1100 490 cum
1153 447 1337 493 essent
1385 440 1488 496 viri
1524 440 1712 503 fortes.
1771 444 1978 513 praelia-

420 525 622 581 bantur
648 527 936 583 admodum
997 530 1436 587 memorabiliter.
1500 531 1738 588 Tandem
1790 550 1980 589 omnes

423 628 690 688 quotquot
715 627 870 680 erant
894 619 960 674 dc
987 622 1225 676 exercitu
1259 625 1428 695 regio,
1453 634 1644 695 praeter
1665 626 1842 697 janute
1875 628 1979 681 mi-

423 711 569 778 lites,
592 711 952 768 ascenderunt
1001 714 1055 767 in
1091 729 1262 784 equos
1299 733 1314 779 ;
1344 717 1585 786 praelium
1611 734 1676 774 eo
1731 720 1832 776 loci
1887 721 1980 776 diu

426 803 686 858 fervebat.
727 801 866 863 Hinc
904 807 1148 862 conversi
1201 806 1350 876 Daci,
1373 809 1718 868 maturabant
1765 813 1862 868 iter
1914 814 1980 868 ad

424 894 565 962 regis
591 893 879 961 januarum
912 893 1132 950 milites.
1176 896 1311 950 Cum
1367 905 1549 952 autem
1597 901 1892 958 instructos
1929 912 1983 958 et

425 996 666 1048 armatos
736 987 1065 1052 invenirent,
1126 990 1276 1044 brevi
1331 999 1570 1060 tempore
1652 1007 1980 1062 pugnarunt.

425 1076 631 1133 Deinde
659 1078 868 1135 omisso
910 1080 1137 1150 praelia,
1185 1088 1468 1137 vertuntur
1514 1085 1566 1137 in
1625 1083 1800 1139 forum
1865 1101 1984 1143 eas-

428 1181 635 1224 trorum
666 1187 679 1224 :
712 1172 853 1242 quod
885 1173 1220 1244 diripientes,
1247 1182 1300 1229 et
1333 1176 1378 1230 si
1410 1191 1571 1246 quem
1606 1177 1746 1236 forte
1788 1179 1861 1233 ibi
1901 1180 1984 1233 in-

426 1270 685 1315 venerant
707 1263 1043 1327 occidentes,
1099 1265 1312 1320 tandem
1368 1281 1489 1321 cum
1535 1283 1729 1324 aurora
1789 1286 1986 1341 appro-

425 1353 716 1423 pinquaret
746 1364 797 1410 et
823 1356 1142 1420 lucesceret.
1172 1362 1375 1426 egressi
1407 1369 1536 1416 sunt
1573 1361 1788 1427 castris,
1815 1363 1982 1417 amis-

427 1446 504 1500 sis
539 1448 730 1515 paucis
781 1449 1072 1512 admodum
1132 1465 1195 1505 ea
1223 1461 1402 1508 nocte.
1450 1452 1624 1508 Etiam
1685 1455 1873 1523 pauci,
1927 1465 1986 1510 ut

429 1537 626 1608 fertur,
681 1541 746 1595 de
810 1543 958 1612 regio
1015 1544 1257 1599 exercitu
1315 1545 1605 1602 desiderati
1667 1556 1814 1601 sunt.
1881 1548 1983 1605 Ubi

427 1631 660 1703 primum
693 1632 808 1688 dies
839 1633 1036 1698 illuxit,
1057 1651 1150 1690 rex
1184 1635 1389 1706 eligens
1450 1635 1684 1706 optimos
1714 1653 1981 1708 quosque,

427 1723 522 1792 qui
569 1725 672 1788 sub
729 1726 963 1782 tribunis
1023 1727 1309 1800 degebant,
1359 1739 1412 1784 et
1464 1728 1670 1786 Haliem
1711 1730 1988 1788 Michaelis

430 1816 598 1871 lilium
657 1818 848 1873 ducem
915 1821 1034 1876 istis
1087 1837 1430 1894 praeponens,
1481 1826 1648 1895 jussit
1705 1835 1764 1882 ut
1824 1828 1987 1884 citato

426 1909 644 1977 agmine
669 1909 840 1966 Dacos
894 1912 1148 1970 cedentes
1201 1914 1634 1986 insequerentur.
1686 1919 1869 1975 Halies
1902 1935 1988 1975 as-

428 2007 647 2068 sumpto
676 2002 954 2068 exercitu,
1009 2005 1287 2075 profectus
1341 2018 1424 2064 est
1452 2024 1664 2066 summa
1714 2012 1988 2066 celeritate

429 2090 707 2159 adhibita,
756 2104 944 2150 contra
1017 2095 1292 2165 Bladum,
1364 2109 1418 2154 et
1474 2103 1703 2158 summis
1778 2104 1987 2160 viribus

431 2183 681 2241 abeuntis
731 2185 958 2256 vestigia
993 2199 1239 2254 secutus,
1288 2189 1439 2246 Bladi
1490 2194 1790 2248 exercitum
1840 2209 1988 2250 asse-

433 2281 594 2329 cutus
626 2283 725 2332 est.
753 2274 942 2334 Subito
972 2290 1150 2336 autem
1179 2282 1232 2339 in
1266 2285 1515 2338 hostilem
1563 2288 1861 2341 exercitum
1917 2288 1989 2340 ir-

431 2383 622 2434 ruens,
644 2369 916 2426 interfecit
974 2373 1280 2442 plurimos:
1315 2386 1613 2448 captosque
1648 2379 1818 2436 Dacos
1869 2382 1976 2435 cir.

429 2464 563 2518 citer
589 2464 752 2528 mille,
790 2465 842 2519 in
879 2467 1026 2537 regia
1084 2476 1266 2524 castra
1313 2471 1555 2527 abduxit.
1613 2473 1762 2539 Quos
1823 2475 1990 2530 inter-

429 2556 518 2610 ilci
573 2573 764 2615 omnes
819 2574 914 2616 rex
955 2561 1211 2618 curavit.
1261 2559 1437 2617 Etiam
1477 2573 1636 2620 noctu
1699 2567 1984 2636 quemdam

430 2651 956 2719 comprehenderunt
981 2653 1047 2708 de
1093 2654 1242 2712 Bladi
1289 2656 1599 2726 militibus;
1635 2657 1798 2714 Turci
1843 2661 1989 2715 hunc

431 2742 771 2806 deduxerunt
798 2744 862 2797 ad
892 2744 1301 2812 Mecltumetem,
1333 2748 1425 2818 qui
1458 2763 1580 2828 eum
1607 2754 1986 2823 interrogavit,

433 2835 683 2902 quisnam
709 2845 760 2890 et
783 2837 938 2907 cujus
959 2844 1127 2902 esset,
1153 2848 1206 2893 et
1235 2839 1380 2894 unde
1415 2842 1664 2895 veniret?
1689 2842 1788 2908 Qui
1811 2844 1896 2897 ubi
1923 2846 1988 2897 ad

433 2930 687 3000 singula,
738 2930 1200 3001 quemadmodum
1253 2933 1622 3004 interrogatus
1683 2944 1834 2999 erat,
1879 2953 1989 2992 res-

2080 446 2288 513 χρόνον.
2321 449 2478 501 Μετὰ
2530 448 2586 502 δὲ
2649 450 3071 521 συστραφέντες,
3124 453 3354 523 ἤλαυνον
3398 454 3494 506 ἐπὶ
3539 454 3638 517 τὰς

2082 537 2341 606 βασιλέως
2374 539 2566 607 θύρας,
2590 543 2680 594 καὶ
2716 537 2875 613 εὗρον
2901 545 3027 608 τοὺς
3050 546 3196 615 ἀμφὶ
3227 546 3452 616 βασιλέα
3483 546 3637 607 ἐκτὸς

2079 628 2187 681 τῶν
2208 630 2386 700 θυρῶν
2417 635 2956 704 παρατεταγμένους,
2977 639 3072 691 καὶ
3101 638 3274 709 βραχῦ
3301 639 3382 691 ἔτι
3403 637 3637 692 ἐνταῦθα

2084 722 2474 793 μαχεσάμενοι,
2510 727 2812 797 ἐτράποντο
2843 730 2933 782 ἐπὶ
2977 729 3076 801 τὴν
3112 730 3317 801 ἀγορὰν
3345 733 3440 784 τοῦ
3478 747 3640 800 στρα-

2081 816 2327 882 τοπέδου,
2353 819 2446 870 καὶ
2499 818 2898 889 διαρπάσαντες
2938 823 3037 894 τήν
3077 839 3138 876 τε
3191 824 3418 894 ἀγορὰν,
3444 824 3542 877 καὶ
3587 822 3640 876 ετ

2082 904 2165 967 τίς
2203 922 2306 958 που
2351 907 2522 978 ταύτῃ
2553 908 2820 973 ἐνίστατο,
2851 909 3285 982 διαφθείραντες.
3334 912 3422 974 Ὠς
3473 913 3637 980 ἐγγὺς

2081 990 2218 1067 ἧκεν
2267 997 2300 1066 ἦ
2350 997 2484 1066 ἠὼς.
2538 999 2629 1052 καὶ
2696 1001 2996 1070 ὲπέφανεν,
3044 1003 3323 1075 ἀπεχώρει
3375 1005 3484 1058 ἀπὸ
3543 1002 3637 1056 τοῦ

2086 1089 2475 1158 στρατοπέδου,
2530 1091 2820 1146 ἀποϐαλὼν
2882 1093 2982 1164 μὲν
3025 1096 3230 1162 ταύτης
3286 1099 3387 1159 τῆς
3446 1097 3639 1158 νυκτὸς

2085 1179 2297 1247 ὀλίγους
2331 1182 2471 1235 πάνυ
2501 1185 2674 1246 τινὰς,
2705 1185 2802 1238 καὶ
2825 1185 2874 1238 οἱ
2900 1185 3008 1238 ἀπὸ
3046 1186 3139 1240 τοῦ
3174 1187 3433 1256 βασιλέως
3475 1205 3641 1255 στρα-

2083 1273 2327 1337 τοπέδου,
2361 1273 2532 1341 ὀλίγοι
2559 1275 2953 1346 διεφθάρησαν,
2978 1278 3053 1340 ὡς
3091 1278 3343 1346 ἐλέγετοο
3386 1279 3524 1346 μετὰ
3561 1280 3636 1339 δὲ.

2083 1361 2157 1424 ὡς
2185 1364 2367 1434 ἡμέρα
2395 1364 2624 1434 τάχιστα
2655 1367 2933 1435 ἐγεγόνει,
2970 1369 3222 1439 βασιλεὺς
3253 1370 3642 1438 ἐπιλεξάμενος

2085 1453 2191 1504 τῶν
2235 1455 2494 1525 ὑπάρχων
2541 1457 2665 1520 τοὺς
2703 1458 2957 1526 λογάδας,
2991 1461 3083 1513 καὶ
3120 1461 3304 1528 Ἀλίην
3342 1462 3436 1513 τὸν
3474 1460 3643 1528 Μιχά-

2085 1544 2191 1598 λεω
2240 1548 2401 1598 παῖδα
2451 1549 3121 1626 στρατηγὸηθάποδείξας.
3161 1552 3411 1605 ἐκέλευεν
3465 1555 3643 1611 ἰόντας

2087 1637 2314 1690 κατόπιν
2363 1639 2468 1690 τῶν
2502 1639 2712 1704 Δακῶν,
2748 1642 3058 1695 ἐπιδιώκειν
3107 1643 3182 1706 ὡς
3239 1645 3414 1713 ἔχοιεν
3453 1651 3640 1711 τάχος.

2097 1727 2156 1779 '0
2203 1729 2305 1796 μὲν
2335 1724 2426 1780 οὖν
2481 1729 2684 1798 ⁸Λλίης,
2731 1731 3058 1804 παραλαϐὼν
3101 1733 3193 1786 τὸν
3243 1729 3494 1803 στρατὸν,

2089 1821 2323 1894 σπουδὴν
2368 1824 2461 1877 ἐπὶ
2508 1824 2600 1877 τὸν
2653 1823 2871 1889 Βλάδον,
2909 1825 3003 1878 καὶ
3053 1826 3284 1880 κατόπιν
3332 1828 3642 1894 γενόμενος.

2087 1919 2278 1986 ἧλαυνε
2307 1917 2446 1970 κατὰ
2488 1918 2706 1985 κράτος,
2741 1921 2833 1971 καὶ
2877 1919 3284 1988 καταλαμϐάνει
3329 1921 3419 1972 τἰν
3443 1921 3644 1973 Βλάδου

2089 2009 2338 2078 στρατὸν,
2374 2013 2467 2061 καὶ
2517 2009 2884 2075 ἐπεισπεσὼν,
2914 2010 3184 2081 διέφθειρε
3239 2013 3336 2079 μὲν
3391 2012 3638 2074 πολλοὺς.

2089 2103 2273 2170 ζωγρή
2286 2119 2378 2162 σας
2401 2101 2457 2154 δὲ
2485 2102 2781 2172 ἁμφὶ,τοὺς
2819 2102 3025 2172 χιλίους
3050 2105 3158 2156 τῶν
3186 2103 3396 2166 Δακῶν,
3426 2105 3643 2171 ἀπήγα-

2087 2213 2184 2259 γεν
2216 2197 2272 2257 ἐς
2300 2195 2359 2249 τὸ
2403 2195 2760 2264 στρατόπεδον
2802 2197 2954 2265 παρὰ
3001 2195 3242 2264 βασιλέα.
3275 2196 3506 2250 Τούτους
3542 2197 3642 2263 μὲν

2088 2287 2266 2340 λαϐὼν
2323 2292 2350 2341 ὁ
2414 2288 2700 2356 βασιλεὺς,
2761 2288 2857 2343 καὶ
2910 2289 3250 2356 ἀπαγαγὼν,
3321 2289 3645 2356 διεχρήσατο

2090 2380 2356 2441 ἅπαντας.
2384 2378 2493 2432 Καί
2519 2397 2638 2432 τινα
2667 2372 2921 2442 λαϐόντες
2945 2380 3141 2441 νυκτὸς
3182 2378 3384 2449 ταύτης
3413 2377 3519 2430 τῶν
3549 2376 3643 2429 τοῦ

2091 2472 2292 2526 Βλάδου
2340 2473 2687 2541 στρατιωτῶν
2731 2473 2781 2524 οἱ
2824 2471 2917 2523 τοῦ
2968 2470 3230 2541 βασιλέως
3285 2471 3643 2540 στρατιῶται,

2089 2561 2186 2614 καὶ
2239 2561 2621 2628 ἀπαγαγόντες
2668 2561 2726 2624 ἐς
2765 2562 3199 2630 Μαχουμούτην,
3239 2559 3426 2630 ⁴ι’,ρώτοι
3459 2561 3643 2621 αὑτὸν,

2090 2655 2234 2718 ὅστις
2257 2672 2315 2706 τε
2348 2654 2454 2724 εἴη,
2484 2656 2576 2709 καὶ
2602 2654 2721 2708 ὅθεν
2746 2655 2892 2725 ἥκοι.
2924 2655 3077 2708 Μετὰ.
3100 2655 3157 2708 δὲ
3186 2655 3260 2716 ὡς
3291 2653 3503 2706 ἕκαστα
3533 2655 3639 2706 διε-

2091 2747 2276 2816 λέχθη,
2325 2747 2628 2815 ἐπανήρετο
2674 2747 2836 2799 αὑτὸν
2874 2748 2923 2798 εἰ
2967 2746 3152 2815 εἰδοίη,
3185 2745 3318 2798 ὅπου
3356 2745 3646 2813 διατρίϐων

2090 2837 2346 2906 τυγχάνει
2372 2836 2593 2899 Βλάδος,
2620 2838 2648 2888 ό
2681 2838 2775 2905 τῆς
2804 2837 3004 2899 Δακίας
3041 2834 3284 2904 ἡγεμών.
3319 2835 3379 2886 ὐ
3407 2833 3450 2885 δ’
3479 2835 3639 2902 ἁμεῐ·

2093 2932 2238 2997 6ετο,
2272 2931 2348 2991 ὡς
2392 2931 2556 3000 εἰδοίη
2593 2931 2637 2961 ³⁸
2667 2931 2872 3000 σαφῶς,
2903 2931 3156 2983 οὐδέποτε
3179 2931 3222 2982 δ’
3254 2930 3318 2982 ἂν
3344 2931 3485 2980 εἴποι
3522 2928 3645 2979 τού-

433 3022 643 3088 pondit,
686 3023 902 3077 tandem
928 3025 1116 3092 jussus
1147 3035 1230 3078 est
1257 3025 1452 3091 dicere,
1481 3025 1526 3081 si
1556 3028 1717 3080 sciret
1774 3028 1985 3083 ubinam

2098 3039 2204 3074 των
2236 3022 2407 3085 οὐδὲν,
2429 3020 2681 3084 δεδοικὼς
2715 3023 2918 3074 ἐκεῖνον
2939 3021 3027 3074 τὸν
3069 3020 3257 3091 ἄνδρα.
3284 3022 3344 3071 υἱ
3373 3019 3418 3072 δ’
3449 3019 3538 3072 οὖν
3572 3019 3644 3080 ὡς

433 3113 631 3170 Bladus
672 3114 844 3170 Dacia:
878 3116 1125 3186 princeps
1189 3133 1331 3170 nunc
1371 3127 1672 3172 moraretur
1717 3118 1815 3174 ?Is
1878 3135 1990 3174 res-

431 3210 644 3279 pomlit,
671 3224 730 3264 se
749 3210 961 3279 quidem
985 3226 1106 3279 quae
1127 3213 1263 3265 scire
1286 3221 1555 3279 expetant,
1589 3222 1776 3269 exacte
1805 3230 1986 3273 nosse:

397 3317 619 3376 'verum
671 3315 735 3355 se.
788 3318 1062 3372 nunquam
1120 3304 1526 3358 enuntiaturum
1579 3305 1774 3363 horum
1835 3307 1990 3376 quid-

431 3407 616 3462 quam,
649 3393 784 3448 adeo
837 3406 1076 3450 metuere
1121 3410 1180 3450 se
1209 3395 1423 3456 dicebat
1452 3397 1628 3451 virum
1683 3398 1855 3452 illum.
1907 3397 1987 3451 llli

430 3496 609 3542 autem
646 3489 920 3546 minantes
977 3489 1264 3554 dixerunt,
1287 3491 1388 3545 nisi
1417 3507 1536 3559 qua:
1575 3491 1985 3546 sciscitarentur

432 3579 691 3641 continuo
716 3592 1077 3650 expromeret,
1141 3583 1463 3651 periturum.
1519 3581 1621 3647 Qui
1686 3584 1986 3651 respondit,

430 3687 489 3726 se
513 3671 732 3742 quidem
765 3681 996 3732 mortem
1037 3674 1241 3743 perpeti
1303 3681 1546 3742 paratum
1582 3688 1721 3738 esse,
1768 3690 1827 3728 se
1858 3689 1985 3729 vero

432 3778 540 3818 non
576 3763 780 3820 audere
801 3764 1094 3835 quidquam
1129 3781 1315 3821 eorum
1338 3781 1457 3834 quae
1513 3765 1651 3821 scire
1697 3776 1978 3837 cuperent.

2099 3115 2338 3183 ἔφασκον
2373 3114 2538 3167 αὑτὸν
2584 3113 2991 3175 ἀποθανεῖσθαι.
3021 3111 3087 3167 ἂν
3121 3114 3194 3184 μὴ
3229 3113 3505 3165 πύθωνται
3545 3112 3644 3164 αύ-

2096 3209 2190 3260 τοῦ
2227 3208 2255 3260 ὃ
2301 3208 2578 3278 βούλονται
2620 3207 2878 3279 ἔρεσθαιο
2921 3208 3080 3269 αὐτὸς
3125 3207 3351 3276 ἔφασκε,
3397 3206 3644 3257 τεθνάναι

2100 3305 2195 3373 μὲν
2217 3302 2436 3373 ἕτοιμον
2464 3298 2605 3355 εἶναι
2634 3303 2726 3354 καὶ
2757 3300 2919 3364 πάνυ,
2952 3300 3190 3364 ἐξειπεῖν
3230 3301 3284 3352 δὲ
3326 3299 3500 3352 ὁτιοῦν
3533 3298 3642 3350 τῶν

2097 3395 2304 3449 ἐκείνου
2353 3396 2454 3448 οὐκ
2494 3395 2560 3448 ἂν
2588 3392 2831 3464 τολμῴη.
2865 3392 3051 3446 Ταῦτα
3102 3393 3158 3444 ἐν
3205 3391 3440 3460 θαύματι
3489 3407 3615 3458 ποιη

2100 3489 2333 3557 σάμενον
2358 3489 2450 3540 τὸν
2480 3477 2903 3556 Μαχουμούτην,
2947 3485 3154 3538 ἀνελεῖν
3187 3486 3284 3553 μὲν
3319 3483 3408 3536 τὸν
3451 3483 3639 3548 ἄνδρα,

2095 3579 2444 3646 ἐπιλέγεσθαι
2486 3579 2562 3642 δὲ,
2609 3579 2685 3642 ὡς
2722 3578 2829 3631 δέοι
2872 3594 2949 3647 τῳ
2993 3576 3131 3646 ἀμφ’
3183 3576 3368 3636 αὑτὸν,
3434 3573 3482 3624 εἰ
3529 3567 3641 3640 εἶχε

2094 3673 2322 3743 στρατὸν
2350 3672 2498 3736 ἄξιον
2539 3672 2721 3738 λόγου,
2749 3673 2806 3735 ἐς
2839 3671 2980 3741 μέγα
3017 3671 3081 3724 ἂν
3111 3669 3283 3721 ἐδόκει
3317 3660 3469 3730 οὗτος
3519 3667 3643 3732 ἀφι-

2090 3766 2300 3819 κέσθαι.

431 3857 658 3930 profari.
714 3858 1081 3918 Machumctes
1129 3860 1427 3914 admiratus
1482 3847 1580 3914 viri
1640 3875 1980 3928 responsum.
2021 3877 2141 3914 eum
2193 3859 2446 3915 continuo
2472 3859 2703 3920 necavit,
2731 3856 2958 3941 dicens':
2996 3856 3049 3911 Si
3098 3857 3178 3909 vir
3227 3854 3314 3909 ille
3346 3855 3640 3909 exercitum

432 3955 652 4011 haberet
677 3955 1100 4022 memorabilem,
1129 3971 1235 4010 non
1287 3956 1474 4012 dubito
1527 3959 1656 4027 quin
1693 3958 1841 4013 brevi
1866 3958 1929 4012 ad
1955 3974 2199 4027 magnam
2234 3958 2528 4012 claritatem
2558 3959 2826 4011 evaderet.

505 4050 632 4106 llzec
662 4050 878 4118 quidem
910 4049 1172 4107 hactenus
1199 4051 1338 4106 facta
1377 4062 1526 4110 sunt.
1576 4054 1687 4108 Rex
1722 4055 1849 4108 hinc
1897 4055 1988 4108 dc-

433 4147 649 4209 cedcns,
694 4153 841 4198 recta
869 4145 1227 4199 contendebat
1257 4146 1323 4199 ad
1353 4145 1540 4199 urbem
1575 4146 1752 4216 inqua
1785 4147 1984 4216 regiam

433 4237 614 4291 sedem
662 4236 860 4292 Bladus
922 4237 1156 4292 habebat
1218 4237 1350 4307 (96}.
1398 4239 1638 4306 Singulis
1689 4231 1983 4304 noctibus,

434 4327 742 4397 ubicunque
773 4325 1046 4390 manebat,
1111 4342 1205 4396 per
1271 4327 1560 4381 circuitum
1614 4338 1790 4383 castra
1848 4329 1986 4384 vallo

432 4417 823 4493 circumdabat,
855 4429 907 4472 et
930 4419 1322 4474 munitionibus
1358 4419 1646 4473 admodum
1701 4419 1986 4486 diligenter

2169 4055 2354 4109 Ταῦτα
2379 4057 2476 4124 μὲν
2501 4054 2622 4106 τότε
2658 4055 2713 4112 ὲς
2739 4049 2988 4103 τοσοῦτον
3033 4050 3278 4116 ὲγὲνετιγ
3309 4045 3560 4114 βασιλεὺς
3585 4043 3641 4094 δὲ

2094 4151 2155 4204 τὸ
2197 4147 2448 4203 ἐντεῦθεν
2480 4145 2683 4216 προῖὼν
2729 4146 2785 4206 ἐς
2832 4145 2891 4196 τὸ
2926 4142 3111 4212 πρόσω
3159 4139 3256 4209 τῆς
3301 4138 3506 4208 χώρας,
3536 4137 3643 4188 ἵετο

2095 4243 2224 4295 εὐθὺ
2269 4238 2370 4310 τῆς
2421 4239 2648 4300 πόλεως,
2688 4238 2744 4288 ὲν
2851 4235 2918 4286 τά
2951 4233 3198 4303 βασίλεια
3250 4229 3337 4302 ἦν,
3370 4229 3514 4295 αὐτῷ
3565 4229 3643 4297 τῷ

2094 4333 2320 4403 ἡγεμόνι
2379 4331 2582 4399 Βλάδῳ.
2630 4330 2738 4380 Καὶ
2789 4327 2977 4385 νυκτὸς
3036 4327 3136 4395 μὲν
3186 4323 3442 4391 ἑκάστης.
3483 4321 3643 4374 ὁπότε

2095 4425 2334 4492 σταθμὸν
2393 4426 2703 4493 ποιήσαιτο,
2754 4423 2988 4472 ἐποιεῖτο
3036 4419 3254 4488 χάρακα
3309 4415 3495 4484 κύκλῳ
3549 4414 3642 4464 τοῦ

431 4524 612 4568 castra
646 4513 982 4568 emuniebat.
1008 4513 1234 4583 Vigilias
1266 4525 1519 4582 praeterea
1551 4515 1713 4568 solito
1747 4517 1983 4585 majores

2090 4517 2481 4587 στρατοπέδου,
2515 4516 2606 4567 καὶ
2656 4514 2894 4583 φραγαῖς
2953 4510 3300 4580 φραξάμενος
3352 4507 3500 4566 ἐντὸς
3549 4505 3643 4555 τοῦ

431 4605 734 4659 deducebat
779 4607 1187 4674 exercitumque
1241 4607 1330 4659 diu
1386 4615 1660 4676 noctuque
1710 4609 1762 4661 in
1823 4611 1987 4665 armis

433 4697 671 4751 tenebat.
695 4696 922 4766 Agmine
945 4698 1104 4767 273
1125 4706 1304 4751 autem
1328 4699 1628 4768 composito
1643 4701 1988 4768 proﬁciscens

433 4792 488 4842 in
523 4788 740 4842 Daciam
773 4793 1041 4858 pervenit,
1073 4799 1126 4846 ει
1148 4790 1381 4844 accessit
1419 4791 1484 4844 ad
1516 4806 1634 4845 eam
1691 4793 1898 4859 urbem,
1933 4777 1986 4846 in

431 4895 538 4948 qua
597 4877 762 4933 Blado
812 4881 956 4947 regia
995 4880 1151 4935 sedes
1204 4891 1340 4935 erat.
1373 4879 1496 4934 Daci
1527 4883 1741 4950 quidem
1780 4897 1838 4937 se
1879 4898 1985 4936 non

435 4971 720 5039 parabant,
745 4973 900 5042 quasi
935 4973 1003 5026 ab
1033 4989 1156 5042 rege
1201 4973 1504 5029 obsidendi.
1565 4975 1757 5030 Portus
1809 4977 1988 5047 itaque

434 5072 784 5130 aperuerunt,
817 5073 871 5119 ct
919 5067 1089 5134 parati
1126 5074 1282 5120 erant
1329 5066 1604 5135 suscipere
1629 5084 1804 5136 regem
1866 5087 1986 5123 cum

433 5155 673 5210 exercitu
696 5156 1090 5212 advenientem.
1149 5157 1261 5214 Rex
1315 5169 1510 5229 praeter
1541 5164 1723 5215 urbem
1779 5173 1985 5222 vectus,

435 5249 765 5313 cumvirum
802 5250 1008 5310 nullum
1075 5253 1127 5316 in
1193 5251 1360 5306 muris
1409 5253 1834 5323 conspicaretur,
1891 5272 1988 5307 nec

2093 4612 2354 4681 χάρακος,
2387 4611 2648 4679 διετήρει,
2682 4606 2929 4676 φύλακάς
2947 4621 3005 4656 τε
3034 4606 3271 4656 ἐποιεῖτο
3297 4599 3514 4670 μείζους
3540 4597 3644 4649 τῶν

2093 4703 2449 4772 γιγνομὲνων,
2489 4703 2580 4754 καὶ
2614 4699 2753 4752 ὅπλα
2783 4699 2841 4751 ὲν
2885 4696 3067 4758 ὅπλοις
3102 4692 3424 4764 παρηγγύα,
3453 4690 3643 4748 νυκτός

2091 4813 2148 4848 τε
2179 4797 2271 4848 καὶ
2315 4796 2526 4864 ἡμέρας
2580 4791 2730 4861 αὐτῷ
2763 4786 2999 4843 εἶναιτὰ
3039 4788 3441 4856 στρατεύματα.
3477 4784 3646 4852 Προε-

2093 4887 2300 4938 λαύνων
2342 4885 2398 4936 δὲ
2439 4883 2580 4936 οὕτω
2609 4883 3026 4950 συντεταγμένῳ
3061 4879 3139 4948 τῷ
3171 4877 3559 4947 στρατεύματι,
3589 4874 3642 4933 ἐς

2093 4978 2150 5028 τὸ
2199 4977 2384 5045 πρόσω
2411 4975 2510 5046 τῆς
2543 4977 2762 5040 Δακίας,
2793 4975 3022 5043 ἀφίκετο
3056 4974 3143 5025 ἐπὶ
3176 4973 3272 5040 τὴν
3316 4969 3488 5030 πόλιν,
3516 4967 3572 5018 ὲν

2093 5068 2276 5137 Βλὰδῳ
2310 5068 2387 5137 τῷ
2423 5069 2645 5136 ἡγεμόνι
2681 5063 2748 5138 ἦν
2777 5069 2844 5120 τὰ
2890 5065 3155 5136 βασίλεια.
3203 5064 3312 5115 Καὶ
3341 5061 3389 5112 οἱ
3419 5059 3516 5128 μὲν
3543 5057 3644 5108 ΔΞ-

2090 5177 2184 5222 κες
2216 5160 2257 5190 ¹⁷
2284 5158 2855 5228 παρασκευασάμενοι,
2884 5159 2957 5220 ὡς
2989 5155 3224 5209 ἐνταῦθα
3248 5151 3351 5205 ύπὸ
3380 5150 3643 5220 βασιλέως

2091 5254 2594 5322 πολιορκησόμενοι,
2624 5252 2716 5313 τάς
2752 5270 2808 5304 τε
2843 5250 3010 5322 θύρας
3034 5249 3298 5320 ἡνέῳξαν,
3321 5246 3414 5300 καὶ
3438 5244 3645 5315 ἕτοιμοι

1693 5368 1932 5426 Nolulte
1967 5368 2357 5443 marginales.

511 5463 620 5531 (96)
658 5463 976 5534 Praylabntn
1011 5469 1256 5536 fortasse.

515 5650 560 5692 ⁸⁸
585 5653 648 5710 In
689 5671 810 5722 uno,
864 5657 1053 5733 εἰδείη.

1156 5661 1203 5701 ⁸⁷
1237 5661 1339 5714 llic
1363 5661 1626 5729 partirqu
1678 5662 1910 5730 argutira
1944 5658 2020 5732 οὐΔ
2048 5659 2211 5727 deest.
2246 5663 2475 5714 etiamin
2515 5659 2576 5712 R.
