4026 6204
376 270 483 335 ἷοὸ

1447 278 1544 338 DE
1578 278 1833 339 REBUS
1871 276 2231 339 TURCICIS
2270 279 2420 340 LIB.
2454 279 2563 341 IX.

3502 276 3610 342 δυσ

370 381 513 456 ἦσαν
559 384 807 454 δέχεσθαι
863 388 1025 440 αὖτδν
1075 388 1296 458 βασιλέα
1328 393 1425 443 σᾊν
1456 392 1533 457 τῷ
1570 390 1785 461 στρατῷ
1812 393 1933 443 ἐπις

2058 396 2201 450 etiam
2230 392 2642 450 bombardarios
2681 392 2771 463 qui
2816 392 2868 446 in
2909 392 3208 450 exercitum
3268 393 3610 463 ejacularen-

374 481 520 531 οντα.
569 477 835 539 Βασιλεὺς
888 481 987 547 μὲν
1029 478 1122 535 οὖν
1173 484 1270 553 τήν
1311 501 1369 535 τε
1418 484 1571 536 πόλιν
1624 483 1936 547 διελαύνων,

376 572 467 622 καὶ.
498 569 667 639 ἄνδρα
696 571 890 624 ούδένα
924 573 1019 625 ἐπὶ
1048 574 1158 626 τῶν
1203 575 1400 644 τειχῶν
1434 576 1728 643 θεώμενος,
1754 575 1833 627 ὅτι
1865 574 1940 644 μὴ

374 662 755 726 τηλεϐολιστὰς
785 664 1120 730 ἐπαφιέντας
1143 665 1462 735 τηλεϐόλους
1487 667 1544 729 ἐς
1570 666 1661 718 τὸν
1688 666 1939 736 στρατὸν.

374 752 500 807 οὔτε
533 756 1097 827 ἐστρατοπεδεύσατο,
1122 759 1246 812 οὕτε
1280 762 1336 822 ἐς
1372 761 1473 830 τὴν
1506 761 1826 830 πολιορκίαν
1847 777 1943 813 κα-

387 848 628 901 Θίστατο.
666 849 880 921 Προϊὼν
921 852 1000 916 δὲ,
1032 851 1109 915 ὡς
1158 856 1285 917 τοὺς
1333 855 1629 924 σφετέρους
1679 856 1856 908 αὐτῶν
1886 858 1943 909 ἐν

378 942 492 1001 τοῖς
550 940 803 1010 σκόλοψιν
850 942 1144 1014 ἐθεώρουν,
1194 945 1457 1015 προΐεσαν
1510 947 1643 1000 ὡσεὶ
1698 947 1944 1010 σταδίους

381 1035 559 1086 εἴκοσι
587 1035 830 1088 καὶέπτά
849 1052 865 1067 ο
892 1036 985 1089 καὶ
1002 1039 1267 1107 ἐμπίπτει
1288 1043 1314 1094 ὁ
1334 1041 1597 1111 βασιλέως
1631 1042 1859 1113 στρατὸς
1886 1044 1946 1106 ἐς

384 1126 513 1189 τοὺς
538 1127 1054 1198 ἀνασκολοπισμοὺς,
1082 1129 1263 1200 χῶρον
1292 1133 1589 1203 ἐπέχοντας
1630 1134 1689 1187 τὸ
1718 1135 1818 1202 μὲν
1844 1137 1947 1205 μῆ-

385 1234 484 1279 κος
512 1218 603 1270 ἐπὶ
634 1220 876 1282 σταδίους
896 1222 1290 1287 ἐπτακαίδεκα,
1312 1226 1373 1277 τὸ
1400 1223 1559 1296 εὖρος
1584 1227 1672 1278 ἐπὶ
1698 1226 1946 1290 σταδίους

384 1311 547 1364 ἑπτά.
596 1312 863 1377 Σκόλοπες
911 1314 967 1367 δέ
1021 1316 1250 1385 μεγάλοι
1295 1316 1517 1386 ἐνῆσαν,
1554 1318 1611 1369 ἐν
1645 1312 1727 1382 οἷς
1759 1318 1948 1371 διαπε-

378 1404 711 1472 πειρωμένοι
738 1404 930 1475 ἄνδρες
951 1423 1011 1459 τε
1038 1410 1133 1460 καὶ
1162 1412 1444 1476 γυναῖκες.
1470 1411 1564 1463 καὶ
1592 1410 1778 1472 παῖδες
1804 1411 1949 1479 ἀμφὶ

377 1498 505 1558 τοὺς
539 1497 882 1567 δισμυρίους.
905 1501 978 1561 ὡς
1012 1502 1253 1569 ἐλέγετο,
1286 1502 1466 1572 Οὲαμα
1488 1505 1814 1575 παρείχοντο
1836 1508 1948 1568 τοῖς

379 1589 668 1658 Τούρκοις.
702 1593 799 1645 καὶ
834 1594 983 1663 αύτῷ
1014 1595 1090 1663 τῷ
1131 1596 1361 1664 βασιλεῖ.
1395 1597 1505 1650 Kal.
1529 1598 1556 1650 ὅ
1586 1615 1645 1651 τε
1697 1598 1950 1668 βασιλεὺς

380 1686 439 1734 ἐν
487 1682 675 1747 θαῦμα
734 1684 779 1717 ⁸⁵
828 1687 1151 1756 ἐρισχεθεὶς,
1200 1689 1456 1757 ἔφασκεν,
1485 1690 1560 1754 ὡς
1608 1691 1683 1744 Οὐ
1727 1691 1949 1744 δυνατόν

2044 500 2149 555 tur,
2192 506 2290 545 nec
2328 495 2769 547 castrametatus,
2833 501 2931 542 nec
2986 487 3177 542 urbem
3232 486 3481 542 obsidere
3520 503 3609 557 ag-

2042 598 2255 648 gressus
2278 592 2381 637 est.
2415 582 2692 651 Progressi
2734 581 2917 651 igitur,
2972 589 3031 635 ut
3057 597 3187 637 suos
3245 581 3506 653 patibulis
3559 590 3613 634 et

2043 677 2177 744 palis
2212 674 2402 731 aflixos
2428 675 2699 737 viderunt.
2731 674 2838 728 iter
2871 684 3265 744 promoverunt
3309 675 3376 729 ad
3432 674 3609 729 stadia

2041 768 2258 822 circiter
2276 766 2463 837 viginti
2483 776 2709 835 septem.
2747 766 3037 821 Exercitus
3065 765 3284 838 quidem
3344 767 3489 837 regis
3516 766 3611 821 in-

2040 854 2178 910 cidit
2207 856 2260 909 in
2289 855 2523 925 patibula
2550 864 2606 910 et
2637 858 2810 925 palos,
2836 866 3173 926 occupantes
3234 857 3415 911 locum
3449 872 3463 910 :
3489 858 3613 924 ejus

2044 948 2323 1017 longitudo
2352 948 2594 1004 extendit
2629 963 2689 1004 se
2721 948 2787 1003 ad
2825 948 3002 1005 stadia
3041 950 3229 1004 decem
3272 959 3325 1003 et
3380 958 3611 1017 septem.

2044 1040 2299 1095 Latitndo
2335 1054 2463 1096 vero
2483 1041 2724 1096 continet
2749 1041 2920 1096 stadia
2970 1049 3201 1111 septem.
3263 1041 3507 1096 Patihula
3562 1051 3617 1097 et

2044 1134 2149 1202 pali
2180 1135 2511 1204 apparebant
2547 1134 2793 1199 maximi,
2857 1134 3059 1205 quibus
3106 1133 3249 1188 afﬁxi
3306 1134 3617 1202 conspicie-

2046 1228 2249 1281 bantur
2300 1227 2423 1291 viri,
2485 1227 2758 1290 mulieres.
2815 1236 2870 1282 et
2915 1226 3092 1297 pueri.
3159 1225 3360 1281 Horum
3418 1227 3618 1282 misere

2046 1328 2455 1391 peremptorum
2539 1336 2802 1375 numerus
2882 1320 3347 1389 complectebatur
3426 1320 3618 1388 viginti

2048 1413 2213 1467 millia
2244 1413 2547 1467 hominum.
2571 1411 2825 1468 Profecto
2852 1411 3185 1467 horrendum
3219 1421 3272 1466 et
3306 1412 3620 1467 miserabile

2047 1507 2415 1576 spectaculum
2449 1520 2574 1560 cum
2606 1504 2824 1570 Turcis,
2851 1516 2967 1562 tum
3020 1505 3156 1575 regi.
3206 1503 3319 1559 Rex
3378 1504 3623 1557 admira-

2036 1598 2197 1654 tione
2251 1600 2485 1663 defixus,
2541 1598 2789 1653 dicebat:
2848 1598 3000 1653 "and
3054 1597 3317 1668 possibile
3367 1607 3448 1651 est
3493 1612 3619 1652 eum

2050 1692 2228 1744 virum
2263 1689 2357 1759 qui
2399 1690 2536 1744 adeo
2583 1704 2780 1759 magna
2824 1689 3033 1754 fecerit,
3080 1688 3301 1759 regione
3357 1702 3453 1741 sua
3493 1703 3622 1755 spo-

384 1777 554 1837 ἐστιν,
589 1777 759 1848 ἄνδρα
796 1777 940 1832 οὕτω
976 1756 1663 1851 μεγάλωςῗέργασάμενον,
1694 1785 1945 1854 ἀφαιρεῖς

2058 1781 2168 1835 liari
2200 1795 2380 1849 posse,
2412 1780 2710 1849 praesertim
2764 1794 2885 1832 cum
2946 1778 3084 1833 adeo
3122 1776 3445 1832 mirabiliter
3501 1788 3618 1831 tum

390 1866 515 1918 σθαι
534 1867 630 1937 τὴν
658 1867 863 1939 χώραν,
897 1870 970 1934 ὡς
1012 1872 1305 1941 δαιμονίως
1334 1874 1685 1945 ἐπισταμένῳ
1710 1876 1944 1946 χρῆσθαι

386 1964 453 2029 τῇ
494 1962 632 2032 ἀρχῇ
678 1965 910 2026 καὶτοῖς
962 1964 1245 2035 ὑπηκόοις.
1299 1967 1405 2019 Καὶ
1454 1966 1661 2035 ἔλεγεν,
1689 1967 1764 2031 ὡς
1798 1971 1857 2022 οὐ
1893 1971 1936 2002 η

390 2053 588 2107 πολλοῦ
621 2055 721 2126 ἄρα
756 2056 906 2122 ἄξιος
948 2059 1032 2128 εἴη
1062 2061 1090 2112 6
1120 2060 1261 2131 ἀνὴρ
1306 2056 1481 2127 οὗτος,
1525 2065 1753 2116 τοιαῦτα
1784 2064 1948 2131 ἐργα-

387 2147 642 2214 σάμενος.
671 2152 780 2203 Καὶ
814 2154 863 2205 ol
895 2152 1072 2206 λοιποὶ
1104 2154 1360 2222 Τοῦρκοι,
1391 2157 1625 2225 ὁρῶντες
1650 2159 1713 2211 τὸ
1740 2159 1949 2229 πλῆθος

378 2242 491 2293 τῶν
516 2244 607 2294 ἐπὶ
630 2245 743 2306 τοῖς
776 2245 1029 2315 σκόλοψιν
1045 2248 1274 2315 ἀνδρῶν,
1303 2249 1715 2319 ἐξεπλήττοντοο
1748 2254 1950 2321 ἐνῆσαν

376 2333 433 2387 δὲ
466 2336 563 2386 καὶ
600 2336 769 2405 νήπια
792 2335 961 2391 τέκνα
981 2339 1090 2390 τῶν
1113 2341 1369 2410 μητέρων
1396 2341 1819 2411 ἐξηρτημέναςέν
1838 2347 1951 2405 τοῖς

385 2426 659 2495 σκόλοψιν
694 2429 789 2482 καὶ
821 2431 1002 2501 πτηνᾶ
1044 2431 1281 2496 ἐνῴκουν
1340 2435 1398 2486 ἐν
1432 2436 1545 2497 τοῖς
1577 2437 1829 2503 ἐγκάτοις
1856 2438 1953 2491 αύ-

389 2517 495 2568 τῶν
536 2518 944 2584 ἐμφωλεύοντα.
991 2522 1080 2584 Ὣς
1130 2522 1187 2575 δὲ
1225 2523 1363 2593 πρὸς
1415 2528 1527 2587 τοῖς
1577 2527 1952 2598 στρατεύμασι

394 2609 634 2675 βασιλεὺς
680 2612 1089 2681 ἐφεπόμενος,ό
1121 2615 1323 2679 Βλάδος
1352 2617 1573 2688 ἔφθειρέ
1625 2637 1683 2672 τε
1741 2621 1795 2673 εἴ
1839 2640 1945 2673 που

388 2704 773 2772 διασπασθείη.
804 2708 915 2759 εἴτε
961 2688 1319 2779 ἱπποδρόμος.
1370 2709 1480 2762 εἴτε
1554 2711 1828 2783 Ἀζάπης·
1859 2715 1957 2767 αύ-

384 2799 470 2860 τδς
505 2798 605 2868 μὲν
630 2800 898 2868 ἐτράπετο
926 2801 1018 2853 ἐπὶ
1048 2801 1140 2853 τὸν
1170 2802 1445 2873 Μελαίνης
1487 2806 1797 2873 Πογδανίας
1827 2810 1955 2875 ἡγε-

385 2890 546 2957 μόνα,
573 2891 994 2961 πολιορκοῦντα,
1016 2895 1090 2946 ὡς
1112 2896 1409 2963 ἠγγέλλετο
1432 2896 1578 2962 σύτῷ
1612 2900 1668 2951 τὸ
1703 2900 1953 2953 Κελλίον⁶

384 2986 612 3053 στρατὸν
641 2986 699 3038 δὲ
729 2987 872 3055 ἀμφὶ
900 2989 1024 3051 τοὺς
1071 2990 1479 3059 ἑξακισχιλίους
1509 2993 1825 3047 καταλιπὼν
1859 2997 1955 3047 αύ-

2049 1875 2377 1945 principatu,
2442 1882 2554 1925 tum
2609 1871 2841 1926 subditis
2878 1870 2954 1923 uti
3008 1871 3172 1925 norit.
3227 1868 3619 1924 Verumtamen

2049 1963 2307 2027 addebat,
2360 1978 2484 2018 eum
2544 1963 2718 2017 virum
2782 1961 2876 2032 qui
2919 1969 3065 2015 tanta
3116 1962 3430 2029 patraverit,
3479 1960 3623 2015 haud

2053 2056 2204 2109 multi
2253 2053 2566 2109 faciendum
2619 2067 2765 2109 esse.
2801 2052 3020 2121 Reliqui
3080 2050 3245 2106 Turci
3295 2051 3622 2122 aspicientes

2052 2147 2459 2204 multitudinem
2500 2147 2782 2201 hominum
2816 2146 2868 2199 in
2921 2144 3185 2215 patibulis
3216 2154 3270 2199 et
3329 2143 3467 2213 palis
3506 2144 3623 2197 hae-

2053 2243 2316 2305 rentium,
2376 2240 2692 2311 stupebant.
2750 2238 2920 2294 Erant
2980 2254 3216 2308 namque
3262 2237 3522 2307 patibulis
3572 2246 3627 2290 et

2054 2339 2189 2407 palis
2210 2336 2353 2391 aﬂixi
2385 2335 2625 2391 infantes
2650 2350 2679 2390 e
2707 2343 2946 2389 matrum
2982 2332 3189 2403 gremio
3248 2332 3410 2401 rapti.
3464 2330 3627 2385 Voln-

2054 2446 2176 2486 cres
2223 2429 2381 2484 nidos
2414 2427 2658 2484 fecerant
2712 2428 2769 2481 in
2830 2424 3184 2481 inferioribus
3223 2438 3440 2479 eorum.
3488 2421 3625 2477 Cum

2054 2532 2233 2577 autem
2286 2535 2379 2575 rex
2415 2519 2878 2589 proﬁcisceretur,
2925 2516 3124 2570 Bladus
3167 2529 3361 2584 agmen
3417 2513 3627 2582 regium

2056 2631 2230 2684 usque
2264 2613 2541 2683 carpebat,
2570 2592 2909 2666 interficiens
2961 2609 3195 2679 equites,
3249 2617 3303 2661 et
3340 2606 3626 2675 Azapides,

2054 2708 2099 2762 si
2133 2706 2350 2774 quando
2372 2702 2774 2773 imprudentius
2801 2702 2869 2757 ab
2931 2702 3173 2756 exercitu
3206 2700 3360 2770 regio
3409 2700 3632 2751 fuerant

2055 2798 2512 2869 evagati.Bladus
2557 2797 2800 2851 animum
2846 2795 3163 2851 intendebat
3215 2794 3267 2849 in
3312 2792 3487 2858 Nigrae
3529 2791 3633 2847 Po-

2056 2894 2270 2966 gdanize
2300 2892 2415 2963 (97)
2464 2890 2790 2961 principem,
2847 2890 2940 2958 qui
2983 2887 3444 2959 quemadmodum
3494 2902 3633 2939 mm-

2058 2989 2243 3041 tiatum
2270 2992 2407 3049 erat,
2438 2983 2724 3039 obsidione
2747 2982 3191 3038 circumvenerat
3245 2980 3473 3035 Cellinm
3516 2979 3638 3049 (98)

382 3077 501 3143 τοῦ,
528 3079 826 3147 παρηγγύα
863 3080 1093 3135 ἔπεσθαι
1123 3082 1199 3150 τῷ
1234 3084 1444 3152 βασιλεῖ
1487 3088 1573 3139 διὰ
1600 3089 1706 3140 τῶν
1737 3089 1954 3158 δρυμώ-

2058 3081 2245 3135 urbem
2304 3078 2479 3133 Bladi.
2544 3076 2878 3147 Relinquens
2931 3084 3108 3131 autem
3159 3074 3500 3139 exercitum,
3540 3074 3629 3135 qui

382 3188 517 3225 νων.
555 3171 664 3223 Καὶ
691 3171 758 3241 ἦν
800 3173 885 3235 τίς
921 3191 1023 3226 που
1074 3176 1457 3249 διασπασθείη,
1487 3181 1675 3232 τοῦτον
1707 3180 1953 3244 ἐπιόντες

382 3264 588 3317 αὐτίκα
632 3264 962 3319 ἐπιϐαίνειν.
1004 3267 1113 3320 Καὶ
1145 3268 1173 3320 6
1220 3268 1317 3338 μὲν
1347 3270 1511 3338 ἤγετο
1555 3272 1718 3339 ὁμόσε
1747 3272 1823 3341 τῷ
1860 3290 1955 3342 με·

384 3360 577 3425 λαίνης
609 3361 907 3427 Πογδανίας
938 3360 1167 3429 ἡγεμόνι
1187 3376 1203 3393 ⁸
1234 3364 1261 3415 ὁ
1284 3362 1341 3415 δὲ
1369 3363 1623 3434 στρατὸς,
1651 3364 1723 3426 ὡς
1746 3366 1952 3435 ἀνεχώ-

394 3470 482 3522 ρει
510 3454 538 3505 6
573 3453 839 3522 βασιλεὺς,
870 3454 955 3507 ἰθὺ
978 3456 1071 3508 τοῦ
1102 3456 1338 3526 στρατοῦ
1367 3457 1608 3510 ἐλαύνων
1640 3459 1955 3527 ἀναθαρρή-

397 3564 613 3610 σαντες.
656 3549 727 3613 ὡς
811 3551 1080 3620 οἰχομένῳ
1165 3551 1615 3615 ἐπεισπεσόντες.
1704 3553 1956 3621 μεγάλως

392 3640 624 3709 ἡγοῦντο
658 3643 1060 3710 εὐδοκιμήσειν,
1098 3642 1189 3695 καὶ
1219 3642 1469 3705 ἐπιόντες
1519 3646 1576 3707 ἐς
1621 3644 1682 3697 τὸ
1731 3645 1957 3715 στρατό-

392 3733 555 3786 πεδον
577 3734 672 3786 τοῦ
724 3733 1010 3801 βασιλέως,
1046 3734 1373 3803 ἐπήλαυνον.
1411 3735 1570 3789 Ἐπεὶ
1621 3735 1676 3788 δὲ
1726 3737 1958 3803 ἀγγελία

389 3828 620 3895 ἀφίκετο
645 3828 799 3900 παρὰ
823 3830 922 3898 τῆς
950 3828 1123 3899 ταύτῃ
1172 3845 1278 3881 που
1322 3828 1593 3898 φυλακῆς,
1621 3829 1697 3893 ὡς
1724 3832 1771 3883 οἱ
1800 3831 1958 3883 πολέ-

396 3938 510 3989 μιοι
536 3920 785 3987 ἐπίωσιν,
817 3922 1044 3992 ὥρμητο
1081 3922 1178 3992 μὲν
1209 3923 1373 3985 αὐτός
1404 3940 1488 3984 τις
1517 3922 1747 3986 ἕκαστος
1772 3923 1868 3976 ἐπὶ
1892 3923 1960 3976 τὰ

394 4015 560 4074 ὅπλα,
586 4014 728 4083 πλὴν
756 4014 863 4067 τῶν
895 4016 1163 4085 βασιλέως
1197 4014 1377 4085 θυρῶν
1400 4029 1415 4044 ’
1452 4017 1748 4084 Ἰωσούφην
1771 4016 1817 4070 δ’
1847 4019 1961 4070 ἐκέο

393 4107 518 4159 λευε
571 4107 975 4177 Μαχουμούτης
1008 4106 1304 4175 προσιόντα
1337 4107 1383 4138 ’⁸
1431 4105 1788 4171 ὑπαντιάζειν
1835 4110 1961 4172 τοὺς

392 4198 713 4267 πολεμίους.
739 4199 849 4252 Καὶ
877 4199 1039 4259 αὐτὸς
1072 4216 1131 4251 τε
1156 4200 1214 4251 ἐν
1246 4199 1431 4261 ὅπλοις
1460 4195 1529 4269 ἦν
1557 4200 1963 4269 Μαχουμούτης

398 4292 497 4341 σὺν
534 4292 645 4349 τοῖς
700 4289 1127 4357 στρατεύμασιν.
1182 4287 1244 4342 Ὀ
1297 4290 1480 4357 μέντοι
1533 4287 1852 4357 Ἰωσούφης,
1888 4290 1963 4351 ὼς

396 4378 569 4431 ἐπιὼν
598 4380 795 4432 αὐτίκα
833 4379 1180 4439 συνέϐαλλεν,
1210 4380 1419 4448 ἡττήθη
1455 4397 1537 4445 τε,
1566 4380 1661 4432 καὶ
1692 4381 1751 4443 ἐς
1781 4383 1966 4449 φυγὴν

2063 3170 2373 3229 continebat
2402 3170 2623 3225 circiter
2646 3183 2739 3224 sex
2772 3168 2943 3222 millia
2995 3166 3302 3228 hominum.
3339 3180 3432 3219 eos
3467 3164 3637 3233 jussit

2064 3282 2160 3336 per
2210 3275 2463 3334 querceta
2506 3263 2659 3334 sequi
2723 3277 2948 3332 regem:
2982 3272 3036 3315 et
3083 3259 3130 3315 si
3186 3259 3310 3329 quis
3348 3258 3641 3328 paululum.

2064 3358 2227 3413 modo
2279 3355 2557 3425 digressus
2625 3353 2788 3408 fuerit
2834 3351 2903 3407 ab
2960 3352 3112 3420 regio
3172 3351 3433 3418 agmine,
3503 3363 3639 3401 eum

2066 3464 2318 3505 trunrare
2362 3449 2527 3518 jussit
2585 3445 2847 3501 continuo
2908 3453 3281 3499 accurrentes.
3336 3441 3453 3510 Ipse
3500 3456 3633 3495 vero

2066 3552 2210 3598 recta
2233 3540 2466 3597 ducebat
2513 3549 2701 3594 contra
2752 3537 2932 3607 Nigra:
2981 3536 3267 3607 Pogdaniae
3312 3534 3633 3603 principem.

2069 3636 2353 3690 Exercitus
2396 3642 2576 3688 autem
2642 3631 2793 3686 Bladi
2853 3645 2977 3685 cum
3013 3630 3129 3700 ipse
3181 3629 3425 3692 abiisset,
3481 3630 3643 3683 abitu

2066 3728 2327 3799 principis
2356 3726 2653 3782 admodum
2685 3725 2999 3796 gaudebat:
3041 3732 3097 3779 et
3127 3732 3276 3779 recta
3310 3739 3537 3793 pergens
3576 3722 3658 3801 il)-

2069 3824 2299 3888 hostem,
2333 3821 2599 3890 putabant
2627 3833 2686 3874 se
2725 3833 2975 3887 magnam
3005 3818 3233 3887 gloriam
3290 3816 3641 3880 inventuros,

2067 3918 2112 3974 si
2162 3918 2372 3971 hostem
2404 3915 2587 3968 subito
2626 3911 3050 3982 oppressissent.
3097 3909 3235 3965 Cum
3265 3910 3491 3962 nuntius
3540 3922 3637 3961 ve-

2068 4010 2236 4064 nisset
2256 4009 2323 4063 ad
2355 4007 2576 4078 vigilum
2606 4006 2897 4059 stationem
2946 4019 3066 4069 qua:
3087 4002 3161 4055 ibi
3190 4010 3325 4064 erat,
3364 4001 3639 4054 indicabat

2068 4099 2603 4161 hostesadventare;
2660 4098 2859 4166 singuli
2920 4096 3106 4164 igitur,
3161 4104 3359 4163 praeter
3389 4092 3529 4162 regis
3554 4093 3638 4161 ja-

2070 4210 2232 4257 nuas,
2268 4193 2333 4246 ad
2365 4206 2515 4246 arma
2554 4188 2928 4261 prosiliebant.
2958 4185 3330 4241 Mechumetes
3382 4183 3641 4252 praecepit

2070 4286 2326 4356 Josepho,
2362 4295 2421 4340 ut
2447 4283 2758 4354 pracedens
2789 4282 2999 4335 hostem
3040 4279 3106 4333 ad
3160 4279 3402 4347 praelium
3435 4276 3639 4331 eliciat.

2072 4381 2441 4436 Mechumetes
2468 4377 2687 4446 quidem
2719 4390 2840 4429 cum
2897 4371 3062 4444 274
3097 4373 3350 4425 universo
3399 4368 3647 4422 exercitu

399 4471 761 4538 τραπόμενος,
803 4470 1029 4539 ἐφέρετο
1073 4473 1130 4532 ἐς
1155 4471 1217 4523 τὸ
1248 4471 1514 4540 βασιλέως
1566 4474 1956 4542 στρατόπεδονε

2073 4478 2128 4531 in
2157 4471 2324 4528 armis
2351 4481 2488 4525 erat.
2513 4467 2785 4537 Josephus
2817 4466 2909 4519 ubi
2945 4465 3092 4519 venit
3128 4463 3193 4517 ad
3230 4464 3468 4525 hostem,
3505 4476 3643 4515 con-

399 4563 643 4632 Ὀμάρης
676 4563 731 4615 δὲ
759 4565 787 4615 6
817 4562 1181 4633 Τουραχάνεω
1218 4568 1370 4627 παῖς,
1397 4565 1618 4635 ταχθεὶς
1668 4569 1762 4620 καὶ
1808 4570 1968 4631 αὐτὸς

404 4654 504 4704 ὑπὸ
536 4653 629 4705 τοῦ
673 4654 1109 4723 Μαχουμούτεω,
1144 4656 1310 4724 ὁμόσε
1353 4656 1491 4710 ίέναι
1517 4660 1631 4720 τοῖς
1662 4658 1966 4728 πολεμίοις,

401 4744 493 4794 καὶ
518 4743 775 4807 ἐλαύνων,
805 4745 1019 4815 ὑπήντα
1062 4745 1140 4814 τῷ
1170 4744 1438 4817 Ὶωσούφῃ
1466 4748 1723 4815 φεύγοντι
1758 4751 1810 4811 ἐς
1843 4753 1968 4812 τοὺς

403 4835 708 4903 πολεμίους,
741 4836 1085 4907 ἐϐλασφήμει
1132 4838 1227 4890 καὶ
1270 4838 1421 4905 ἔλεγε
1466 4840 1641 4892 τοιάδε
1666 4856 1683 4871 ·
1711 4834 1785 4894 *Ω
1805 4842 1968 4894 κακό-

401 4928 611 4997 δαιμον.
650 4930 745 4981 ποῖ
791 4930 968 5001 φέρῃ;
1022 4932 1091 4984 Ἦ
1139 4931 1238 4982 οὐκ
1275 4929 1431 4985 οἶσθα
1475 4935 1693 5003 βασιλέα
1725 4936 1873 4995 ὅπως
1909 4953 1967 4986 σε

404 5021 670 5088 φεύγοντα
728 5023 1087 5095 ύποδέχεταις
1132 5028 1202 5078 Ἦ
1245 5028 1304 5078 ού
1348 5029 1525 5097 χεῖρον
1554 5029 1660 5080 τῶν
1694 5029 1968 5097 πολεμίων

400 5116 733 5170 διακείσεταί
790 5136 872 5172 σοι
930 5121 1092 5183 αὐτὸς
1155 5120 1425 5187 βασιλεὺς,
1478 5123 1577 5174 καὶ
1622 5123 1865 5191 κακίστῳ
1910 5139 1967 5174 σε

402 5208 605 5280 ὀλέθρῳ
643 5212 1014 5281 παραδίδωσιν
1050 5212 1092 5243 ³⁸
1127 5213 1345 5277 αὐτίκα,
1372 5214 1588 5266 ἐπειδάν
1611 5231 1669 5265 σε
1698 5213 1969 5282 φεύγοντα

2075 4573 2227 4625 ιίηιιο
2260 4566 2436 4620 victus
2461 4570 2543 4617 est
2571 4579 2587 4615 :
2619 4569 2673 4614 et
2734 4556 2948 4629 fugiens
2972 4600 2987 4625 ,
3020 4556 3308 4612 festinabat
3367 4555 3419 4607 in
3458 4561 3642 4608 castra

2076 4660 2238 4729 regis.
2276 4655 2522 4715 Omares,
2563 4649 2908 4705 anachanis
2960 4648 3121 4711 filius,
3157 4647 3250 4717 qui
3285 4654 3339 4699 ct
3397 4647 3513 4713 ipse
3557 4657 3649 4697 nr-

2075 4752 2296 4805 dinatus
2321 4754 2440 4800 erat
2478 4746 2544 4798 ab
2574 4742 2934 4806 Mechumete,
2969 4750 3028 4794 ut
3051 4739 3301 4795 cominus
3355 4744 3643 4806 pugnaret,

2075 4852 2199 4890 cum
2250 4834 2426 4897 hoste,
2496 4832 2561 4884 ad
2634 4844 2865 4898 pugnam
2946 4824 3296 4895 proficiscens
3333 4865 3348 4887 ,
3405 4825 3653 4879 occurrit

2074 4928 2315 4995 Josepho
2344 4922 2593 4994 fugienti,
2636 4936 2872 4990 eumque
2906 4918 3333 4989 blasphemando
3369 4926 3423 4970 et
3482 4915 3647 4967 male—

2076 5020 2306 5076 dicendo
2350 5018 2431 5073 sic
2490 5014 2819 5085 alloquitur;
2869 5014 2911 5065 0
2953 5012 3121 5065 miser
3182 5024 3290 5080 quo
3356 5007 3516 5061 aliis?
3576 5020 3653 5058 an

2076 5115 2298 5183 ignoras
2331 5125 2533 5180 regem,
2572 5106 2848 5177 quomodo
2892 5115 2943 5158 te
2990 5103 3287 5173 fugientem
3352 5100 3425 5153 sit
3458 5112 3648 5165 excep-

2078 5204 2272 5260 turus?
2303 5207 2384 5256 An
2418 5217 2525 5256 non
2554 5199 2835 5255 crudelius
2857 5197 2926 5251 ab
2955 5210 3078 5265 rege
3110 5207 3275 5262 quam
3297 5193 3367 5245 ab
3398 5188 3649 5244 hostibus

1704 5354 1947 5416 Nolulm
1982 5348 2385 5429 marginales.

471 5488 584 5555 (97)
642 5485 896 5542 Ρούοιίαι.

478 5675 518 5705 ’⁸
560 5672 621 5725 In
651 5689 774 5734 uno.
811 5672 870 5722 ἐν
896 5669 1138 5736 θαύματι
1171 5673 1361 5731 ὲουσκ.
1391 5674 1444 5727 in
1498 5689 1591 5726 ora
1633 5670 1879 5738 alterius,
1904 5669 2088 5725 ἐπισκ.

407 5748 452 5794 a‘
487 5744 550 5803 In
584 5762 710 5814 uno,
754 5740 1058 5813 παραδιδοῖ.

2150 5480 2260 5552 (98)
2291 5478 2475 5534 Kilitn.

2197 5666 2237 5698 ι’
2272 5662 2337 5719 In
2370 5677 2472 5717 uno
2504 5659 2647 5715 deest
2684 5651 2911 5724 negatio.
3027 5650 3073 5684 ²⁰
3110 5648 3177 5705 In
3212 5665 3337 5714 uno,
3370 5647 3643 5720 προϊόντα.
