4026 6204
359 197 464 267 Sil

1473 204 1782 269 LAONICI
1820 202 2479 267 CHALCOCONDYL/E

3452 188 3559 257 512

360 324 517 382 reges
548 309 782 368 insulam
812 311 954 369 hanc
994 314 1334 370 tributariam
1367 315 1628 379 habuere.
1694 330 1903 370 necnon

2028 312 2106 381 τῆς
2129 312 2340 365 Λέσϐου
2367 309 2682 377 εὐδαίμονα*
2728 308 2822 361 καὶ
2843 304 3040 373 ἐξελὼν
3068 302 3299 372 ταύτην,
3337 300 3554 369 ἀπεχώ-

359 401 575 471 Chium,
608 412 848 475 tempore
875 406 1154 462 Amurstis
1184 421 1344 472 quem
1385 407 1576 474 genuit
1601 405 1903 461 Orchanes.

2010 422 2172 475 ρησεν
2198 407 2284 457 ἐπ’
2318 404 2491 458 οἴκου.
2531 401 2641 455 Καὶ
2672 400 2935 471 πρότερον
2970 398 3069 468 μὲν
3103 395 3377 464 ύπόφορον
3400 392 3557 461 ἔσχον

359 491 473 547 Sub
498 507 565 548 eo
589 509 715 564 rege
738 496 878 550 inter
906 505 1131 553 steteras
1157 505 1213 553 et
1241 498 1466 554 lonuzes
1491 497 1695 553 electus
1721 497 1787 550 ab
1823 496 1907 565 ja-

2028 502 2056 553 πί
2090 499 2330 569 βασιλεῖς
2344 495 2547 565 ταύτην
2578 496 2678 566 τὴν
2706 493 2892 563 νῆσον,
2914 492 3007 546 καὶ
3036 489 3169 544 Χίον
3200 488 3307 543 ἀπὸ
3364 487 3561 556 Ἀμου-

360 597 593 638 nuarum
624 585 907 653 militibus,
963 586 1241 656 profectus
1267 596 1349 643 est
1407 588 1463 642 in
1524 588 1806 643 Lesbum:
1856 596 1912 642 et

359 672 644 729 obsidione
695 675 1129 733 circumveniens
1191 677 1471 744 Molibum,
1516 677 1655 733 nihil
1702 678 1911 732 edicere

360 763 534 830 potuit
560 778 692 819 sane
711 780 897 820 eorum
916 781 1149 837 quorum
1181 769 1351 837 gratia
1376 771 1688 825 advenerat.
1733 769 1910 825 Causa

359 862 537 906 autem
568 869 737 923 quare
761 871 851 911 rex
880 856 1057 913 Lesbo
1088 874 1236 914 arma
1262 857 1550 941 inferebat,
1594 858 1720 913 talis
1772 871 1911 914 erat.

360 942 472 996 Rex
513 943 712 1001 Lesbio
741 949 955 1004 crimini
993 950 1178 1017 dabat,
1198 953 1338 1020 quod
1371 951 1810 1007 Tarraconenses
1833 953 1915 1022 pi-

362 1043 509 1088 ratas
534 1045 690 1103 portu
720 1041 1043 1109 excepisset,
1066 1050 1121 1097 et
1149 1043 1421 1111 mancipia
1458 1043 1693 1113 plurima
1745 1044 1814 1098 ab
1844 1045 1911 1099 iis

359 1126 596 1192 emisset,
618 1143 738 1198 quae
780 1142 1042 1189 venerant
1085 1134 1153 1189 ab
1190 1136 1408 1205 regione
1455 1137 1704 1206 regis,ex
1721 1138 1916 1207 quibus

363 1234 471 1273 non
498 1234 689 1289 parum
728 1223 861 1278 lucri
906 1224 1139 1283 Lesbius
1164 1227 1419 1297 princeps
1450 1236 1752 1295 acceperat.
1784 1228 1916 1283 Nam

364 1306 801 1370 Tarraconenses
821 1315 887 1370 ab
908 1314 1087 1371 Lesbo
1131 1325 1515 1386 procursantes
1542 1318 1609 1372 ad
1646 1317 1916 1373 maritima

362 1401 667 1469 latrocinia,
699 1420 910 1461 necnon
946 1408 1001 1462 hi
1031 1408 1126 1477 qui
1181 1408 1444 1479 degebant
1470 1408 1523 1463 in
1570 1407 1764 1465 insulis
1810 1407 1918 1478 Cy-

361 1493 610 1550 cladibus
640 1496 785 1551 idem
829 1499 1049 1554 vivendi
1071 1500 1379 1556 institutum
1409 1501 1760 1583 accipientes,
1780 1503 1919 1566 regis

2013 592 2186 662 ρὰτεω
2221 589 2316 643 τοῦ
2357 589 2649 659 Ὀρχάνεω,
2678 585 2772 639 καὶ
2812 586 2903 638 ἐπὶ
2947 581 3099 636 τοῦδε
3137 578 3233 635 τοῦ
3269 578 3560 650 βασιλέως,

2009 683 2157 738 ἄλλοι
2188 699 2244 735 τε
2272 680 2367 736 καὶ
2429 675 2697 746 Ἰονούζης
2729 678 2776 710 ³⁸
2816 676 3238 745 ὀνομαζόμενος,
3288 668 3566 730 καταστὰς

2013 775 2116 827 ὑπὸ
2151 773 2258 826 τῶν
2280 772 2481 843 θυρῶν,
2520 771 2750 840 ἀφίκετο
2783 770 2873 822 ἐπὶ
2921 767 3150 831 Λέσϐον,
3201 765 3296 818 καὶ
3326 761 3568 819 Μόλιϐον

2013 865 2417 935 ἐπολιόρκησεν·
2442 864 2501 917 ού
2527 865 2707 934 μέντοι
2725 859 3144 933 προσεχώρησεν
3164 858 3207 888 ’⁷
3225 857 3374 927 αὐτῷ
3387 854 3564 916 οὐδὲν,

2012 953 2085 1014 ὧν
2113 959 2308 1013 οὔνεκα
2336 958 2582 1027 ἀφίκετο.
2609 956 2798 1011 Αίτίαν
2856 954 2914 1010 δὲ
2968 952 3173 1022 ταύτην
3241 946 3562 1015 ἐπενεγκὼν

2017 1050 2267 1121 βασιλεὺς
2292 1048 2370 1118 τῷ
2397 1048 2603 1102 Λέσϐου
2634 1045 2888 1118 ἡγεμόνι,
2940 1042 3300 1115 ἐστρατεύετο
3358 1038 3447 1092 ἐπ’
3475 1038 3574 1091 an)-

2014 1140 2128 1199 τὸν,
2153 1138 2234 1191 ὃτι
2272 1139 2383 1190 τῶν
2410 1135 2874 1208 Ταρακοννησίων
2911 1132 3041 1197 τοὺς
3076 1130 3346 1202 πειρατὰς
3394 1128 3570 1182 ἐδόκει

2016 1231 2176 1292 αὐτὸς
2207 1231 2265 1282 ἐν
2298 1228 2476 1298 λιμένι
2496 1228 2594 1295 τῆς
2622 1226 2830 1280 Λέσϐου
2852 1222 3229 1295 ὑποδέχεσθαι,
3262 1220 3356 1275 καὶ
3377 1218 3445 1273 τὰ
3464 1218 3574 1272 ἀπὸ

2017 1322 2114 1391 τῆς
2137 1318 2403 1389 βασιλέως
2425 1318 2608 1389 χώρας
2638 1317 2943 1389 ἀνδράποδα
2962 1314 3303 1381 ἐξωνεῖσθαι,
3355 1310 3452 1365 καὶ
3474 1309 3573 1362 αύ-

2018 1415 2108 1466 τδν
2136 1412 2486 1483 κερδαίνοντα
2517 1411 2623 1465 ἀπὸ
2656 1408 2834 1464 τοῦδε.
2875 1407 3223 1478 Ὀρμώμενοι
3244 1405 3304 1458 δὲ
3347 1404 3460 1457 ἀπὸ
3474 1402 3573 1469 τῆς

2020 1504 2225 1558 Λέσϐου
2257 1504 2308 1557 οῖ
2336 1520 2397 1556 τε
2425 1502 2859 1572 Ταρακοννήσιοι
2892 1501 2987 1553 ἐπὶ
3006 1496 3263 1570 λῃστείαν
3307 1493 3450 1547 κατὰ
3476 1491 3575 1544 θά-

362 1586 641 1654 regionem
698 1589 1048 1659 diripiebant.
1100 1591 1303 1648 Deinde
1353 1600 1686 1649 revertentes
1736 1593 1916 1648 onusti

2028 1598 2220 1651 λατταν
2245 1596 2635 1667 τετραμμένοι,
2668 1595 2764 1648 καὶ
2792 1590 2849 1646 οἴ
2871 1593 2980 1646 ἀπὸ
3015 1588 3315 1645 Κυκλάδων
3372 1587 3573 1656 νήσων,

365 1679 762 1750 mancipiorum
786 1686 963 1752 praeda
991 1684 1043 1739 in
1073 1682 1331 1751 Lesbum,
1358 1701 1420 1741 ea
1469 1686 1610 1741 inter
1637 1701 1758 1741 sese
1792 1701 1918 1753 par-

2028 1690 2226 1764 ταύτην
2264 1659 2538 1760 μετιόντες
2555 1688 2655 1759 τὴν
2683 1682 3195 1758 λῃστικὴν,ἐλήῖζον
3218 1680 3261 1713 ⁸⁸
3298 1678 3395 1749 τὴν
3423 1677 3577 1747 βασι-

367 1772 659 1838 tiebantur,
676 1775 1019 1845 assignantes
1046 1776 1241 1834 Lesbio
1268 1774 1400 1833 duci
1418 1791 1627 1847 partem
1648 1792 1925 1847 magnam.

364 1874 421 1919 et
460 1867 773 1936 neutiquam
817 1872 1294 1925 contemnendam.
1339 1869 1465 1926 Haec
1525 1886 1652 1926 cum
1697 1872 1919 1926 nuntia-

368 1967 561 2013 rentur
602 1961 735 2033 regi,
760 1971 938 2017 motus
990 1972 1073 2019 est
1103 1964 1169 2018 ad
1203 1964 1401 2019 bellum
1428 1964 1768 2020 inferendum
1793 1964 1924 2020 Les-

370 2052 458 2107 bio
484 2052 740 2122 principi.
771 2054 841 2109 At
856 2054 1017 2111 Lesbi
1040 2057 1290 2127 princeps
1309 2058 1384 2129 (1)
1407 2058 1743 2122 Dominicus,
1759 2073 1922 2128 quem

367 2143 540 2200 Graeci
572 2146 858 2217 Cyriacum
924 2158 1142 2215 vocant,
1174 2150 1339 2206 frater
1391 2151 1578 2221 junior
1634 2152 1923 2220 exsistens,

368 2238 638 2290 seniorem
659 2238 752 2307 qui
783 2254 813 2293 a
838 2249 990 2308 patre
1018 2239 1176 2296 Lesbi
1205 2242 1570 2313 principatum
1616 2253 1925 2314 acceperat,

367 2341 604 2390 cumque
632 2336 874 2399 tempore
904 2331 1063 2402 longo
1093 2333 1513 2401 administrarat,
1558 2334 1771 2391 insidiis
1816 2336 1925 2392 cir-

367 2428 714 2475 cumventum
763 2423 903 2494 cepit
930 2463 945 2490 ,
968 2432 1021 2479 et
1047 2423 1300 2496 Baptista:
1324 2428 1440 2481 viro
1481 2426 1776 2495 Januensi,
1816 2444 1926 2498 quo

369 2527 501 2566 usus
529 2512 707 2569 fuerat
764 2516 1088 2572 auxiliatore
1134 2519 1189 2573 in
1250 2518 1481 2587 insidiis,
1515 2520 1755 2576 tradidit.
1817 2520 1930 2576 Nec

368 2621 498 2662 sane
529 2608 690 2677 longo
734 2610 1018 2678 interiecto
1055 2622 1297 2682 tempore
1326 2614 1547 2669 fratrem
1608 2615 1925 2679 obtruncat,

369 2709 531 2769 atque
548 2703 698 2757 solus
743 2704 1049 2776 principatu
1066 2708 1292 2777 potitur,
1324 2708 1569 2775 pendens
1613 2709 1725 2779 regi
1752 2709 1922 2763 tribu-

371 2801 483 2844 tum
515 2796 806 2862 quotannis
837 2798 1050 2854 circiter
1080 2800 1189 2854 duo
1226 2800 1397 2854 millia
1446 2808 1705 2855 stateram
1736 2816 1931 2859 aureo—

371 2898 509 2938 rum.

2020 1783 2156 1845 )έως
2201 1781 2409 1854 χώραν,
2475 1780 2585 1855 Καὶ
2615 1779 3055 1850 ὑποστρέφοντες
3120 1778 3179 1839 ἐς
3212 1773 3313 1845 τὴν
3343 1771 3574 1831 Λέσϐον,

2021 1875 2434 1944 διανειμάμενοι
2493 1874 2560 1927 τὰ
2594 1873 2923 1944 ἀνδράποδα,
3009 1872 3206 1941 μοῖραν
3253 1865 3578 1937 παρείχοντο

2024 1970 2173 2039 αύτῷ
2208 1969 2417 2040 ίκανὴν,
2446 1969 2540 2023 καὶ¹
2570 1967 2631 2020 ού
2658 1965 2894 2036 φαύλην.
2932 1962 3125 2016 Ταῦτα
3180 1959 3256 2021 ὼς
3303 1954 3577 2027 ἀνηνέχθη

2024 2066 2080 2127 ἐς
2107 2062 2352 2135 βασιλέα,
2384 2063 2587 2134 ἐπῆρεν
2606 2061 2767 2116 αὓτον
2798 2054 3195 2130 στρατεύεσθαι
3215 2050 3308 2105 ἐπὶ
3345 2047 3578 2104 Λέσϐον.

2036 2152 2096 2206 '0
2134 2154 2188 2206 δὲ
2216 2154 2437 2224 ἡγεμὼν
2483 2153 2583 2224 τῆς
2612 2150 2817 2205 Λέσϐου
2847 2146 3134 2218 Δομίνικος
3168 2145 3238 2209 ’⁸,
3276 2140 3583 2210 Ἑλληνιστὶ

2024 2244 2080 2298 δέ
2102 2243 2409 2314 Κυριακὸς,
2441 2241 2703 2311 νεώτερος
2746 2238 2970 2309 ἀδελφὸς
3000 2237 3099 2303 ὢν,
3146 2235 3239 2288 τὸν
3271 2228 3579 2303 πρεσϐύτε-

2030 2354 2118 2406 ρον
2136 2336 2517 2406 διαδεξάμενον
2546 2334 2697 2404 παρὰ
2723 2332 2818 2387 τοῦ
2867 2330 3076 2401 πατρὸς
3129 2327 3230 2397 τὴν
3281 2322 3579 2396 ἡγεμονίαν

2026 2430 2126 2499 τῆς
2151 2427 2384 2491 Λέσϐου,
2424 2426 2517 2480 καὶ
2547 2425 2802 2480 διέποντα
2840 2424 2933 2478 ἐπὶ
2977 2423 3167 2494 χρόνον
3208 2418 3412 2483 ἱκανὸν,
3457 2415 3577 2468 ἐπι-

2027 2520 2325 2580 ϐουλεύσας
2351 2517 2631 2580 συνέλαϐε,
2662 2519 2755 2570 καὶ
2786 2516 3087 2585 κατέστησε
3143 2512 3423 2578 Βαπτιστῇ
3482 2510 3576 2561 ἁν-

2028 2612 2115 2684 δρὶ
2157 2603 2385 2682 Ἶανυΐῳ,
2410 2609 2757 2681 χρησάμενος
2777 2607 3023 2677 συνεργῷ
3057 2607 3114 2668 ἐς
3142 2605 3238 2675 τὴν
3260 2598 3572 2670 ἐπιϐουλήν.

2028 2704 2157 2758 Μετ’
2181 2707 2244 2757 ού
2269 2705 2402 2757 πολὺ
2427 2705 2481 2758 δὲ
2510 2701 2942 2774 διαχρησάμενος
2963 2700 3057 2754 τὸν
3081 2698 3328 2765 ἀδελφὺν,
3364 2694 3571 2765 ήγεμῦ-

2027 2812 2153 2848 νευε
2187 2798 2284 2865 τῆς
2304 2796 2490 2865 νήσου,
2514 2793 2814 2862 ἀπαγαγὼν
2836 2792 3003 2863 φόρον
3033 2789 3112 2861 τῷ
3140 2787 3350 2858 βασιλεί
3386 2788 3442 2849 ἐς
3467 2785 3583 2838 δισ-

2032 2890 2273 2961 σχιλίους
2292 2890 2585 2959 στατῆρας.

438 2974 621 3031 Genus
651 2977 957 3049 principum
994 2980 1234 3043 illorum.
1263 2982 1496 3038 Lesbum
1524 2983 1611 3053 qui
1644 2986 1919 3054 regebant,

2095 2978 2168 3034 Τὸ
2188 2978 2244 3031 δὲ
2271 2978 2427 3046 γένος
2468 2978 2577 3030 τῶν
2606 2977 2892 3048 ἡγεμόνων
2951 2974 3156 3030 τούτων
3211 2973 3313 3041 τῆς
3347 2972 3582 3034 Λέσϐου,

371 3074 428 3117 et
452 3064 707 3121 Catelusii
740 3068 1211 3137 nuncupabantur,
1234 3083 1457 3141 apparet
1484 3074 1551 3126 ab
1571 3073 1932 3132 Januensibus

372 3156 586 3213 deduci.
616 3157 750 3214 Nam
782 3162 1062 3217 venientes
1088 3166 1297 3219 auxilio
1327 3165 1633 3222 Grtecornm
1678 3170 1808 3241 regi,
1834 3170 1929 3240 qui

373 3248 687 3321 Byzantium
724 3253 963 3320 tenebat,
996 3267 1047 3311 et
1084 3273 1201 3312 eam
1254 3258 1487 3313 insulam
1536 3261 1764 3331 imperio
1797 3272 1931 3317 tem-

375 3343 615 3411 perabat,
675 3354 894 3403 strenue
942 3364 1065 3404 eum
1130 3351 1481 3421 adjuvarunt,
1547 3366 1708 3424 atque
1739 3371 1931 3425 magna

372 3434 683 3493 cﬂ‘ecerunt.
733 3438 849 3495 Rex
880 3440 1042 3512 igitur
1061 3443 1350 3515 Byzantius
1376 3457 1432 3502 ut
1453 3448 1927 3507 virornmillorum

373 3524 623 3584 virtutem
653 3530 837 3600 aliquo
875 3534 1035 3588 modo
1088 3549 1464 3603 veneraretur,
1517 3541 1587 3596 iis
1653 3545 1929 3601 concessit

374 3619 561 3675 insula:
585 3620 749 3690 hujus
784 3624 1173 3696 principatum.
1200 3627 1302 3696 Qui
1337 3641 1580 3688 tenentes
1603 3644 1728 3689 eam
1771 3637 1929 3693 insu—

376 3712 505 3777 lam,
554 3714 773 3770 tandem
812 3717 939 3771 inde
995 3722 1263 3787 progressi
1303 3733 1451 3790 sunt,
1492 3734 1551 3778 ut
1602 3740 1932 3796 ocellparent

378 3802 579 3859 xEnum
611 3808 795 3861 urbem
827 3807 1094 3876 Thraciae,
1120 3812 1271 3883 juxta
1297 3815 1494 3870 ﬂumen
1510 3817 1769 3873 Hebrum.
1792 3821 1929 3876 Nam

377 3897 522 3952 cives
549 3899 670 3968 ejus
699 3900 819 3956 urbi
860 3900 1286 3960 adversabantur
1329 3906 1630 3965 liarmostae
1650 3912 1728 3981 (2)
1750 3928 1763 3965 :
1788 3925 1843 3968 et
1874 3923 1934 3968 ut

376 3994 478 4048 sibi
525 3995 670 4050 vires
702 4007 977 4065 pararent,
1014 4000 1279 4055 vocabant
1305 4002 1373 4057 ab
1414 4003 1590 4058 Lesbo
1625 4006 1933 4063 Gatelusio-

376 4102 492 4141 rum
519 4103 714 4157 genus.
738 4089 1177 4163 Catelusii278
1207 4095 1395 4149 urbem
1427 4111 1546 4151 eam
1571 4098 1931 4169 occuparunt,

374 4190 430 4234 et
451 4179 667 4235 fortiter
690 4188 997 4247 retenuere,
1024 4200 1147 4238 cum
1168 4186 1491 4257 plerumque
1520 4189 1796 4248 intestinis
1845 4208 1932 4248 se-

376 4272 676 4327 ditionibus
711 4282 765 4327 et
792 4273 933 4329 odiis
968 4275 1376 4345 exagitarentur
1409 4276 1722 4335 Grmcorum
1759 4298 1933 4352 reges.

379 4365 603 4420 Videtur
624 4376 804 4420 autem
830 4368 931 4421 ista
954 4367 1251 4435 insulajam
1275 4370 1377 4426 sub
1394 4371 1681 4428 Catelusiis
1697 4357 1937 4431 Januen-

378 4448 528 4512 sibus
558 4459 859 4523 exstitisse,
882 4470 936 4513 et
964 4460 1212 4529 paruisse
1244 4462 1456 4517 l‘hociae
1481 4466 1532 4518 in
1567 4466 1698 4520 Asia
1761 4468 1937 4522 admi-

378 4547 677 4612 nistratori,
708 4548 797 4604 cui
830 4563 1027 4603 nomen
1059 4547 1165 4603 fuit
1214 4549 1467 4604 Catanes.
1509 4550 1706 4606 Verum
1740 4569 1807 4607 ex
1849 4555 1936 4608 in-

379 4629 530 4690 sidiis
580 4638 810 4691 insulam
844 4638 983 4693 hanc
999 4638 1282 4710 occupavit
1326 4641 1578 4695 Catanes.
1613 4641 1711 4696 Cui
1735 4642 1934 4697 bellum

382 4730 623 4785 inferens
669 4729 979 4787 Graecorum
1036 4750 1153 4801 res,
1187 4734 1350 4789 etiam
1383 4733 1666 4805 Mitylenas
1700 4750 1800 4789 suo
1832 4736 1936 4787 im-

383 4825 533 4895 perio
561 4825 763 4894 junxit,
795 4840 892 4880 nec
938 4825 1138 4882 bellum
1185 4842 1369 4897 gerere
1430 4835 1619 4882 contra
1650 4828 1930 4883 Phocaeam

381 4917 667 4977 abstinuit.
704 4916 914 4973 Exinde
961 4933 1086 4973 cum
1118 4917 1372 4973 Catelusii
1412 4918 1639 4990 impigre
1687 4918 1933 4974 subsidio

382 5011 657 5067 venissent
678 5009 936 5084 Byzantio
958 5011 1091 5081 regi,
1111 5012 1373 5068 beneficio
1403 5013 1522 5083 ejus
1553 5011 1738 5066 insulae
1761 5011 1937 5065 domi-

385 5106 533 5165 nium
560 5104 837 5160 consecuti
869 5114 1020 5164 sunt.
1044 5103 1195 5161 Hanc
1226 5114 1465 5175 tempore
1494 5105 1653 5175 longo
1677 5113 1938 5171 tenuere;

380 5198 499 5269 ejus
528 5198 799 5270 principes
830 5198 996 5256 etiam
1031 5207 1217 5256 nostra
1248 5198 1474 5268 attigs-re
1505 5206 1769 5268 tempora.
1807 5194 1940 5253 Jun-

2033 3070 2413 3133 Κατελουτξων
2446 3070 2898 3141 ἐπικαλούμενον,
2930 3069 3080 3123 δοκεῖ
3098 3068 3197 3137 μὲν
3226 3066 3586 3136 summm;

2030 3165 2306 3236 γενέσθαι.
2355 3164 2710 3234 Ἀφικόμενον
2730 3162 2788 3216 δὲ
2817 3164 2911 3215 ἐπὶ⁵
2948 3161 3261 3232 συμμαχίαν
3305 3161 3412 3214 τῶν
3469 3161 3588 3213 Ἐλ-

2031 3260 2209 3331 λήνων
2233 3256 2527 3322 Βυζαντίου
2559 3255 2793 3328 βασιλεῖ,
2824 3257 3001 3325 ἔχοντι
3032 3256 3273 3325 ὑπήκοον
3295 3255 3395 3325 τὴν
3428 3254 3591 3323 νῆσον

2030 3351 2255 3423 ταύτην,
2286 3351 2661 3421 συμϐαλέσθαι
2685 3365 2742 3402 τε
2771 3350 2866 3403 καὶ
2896 3348 3244 3419 ὑπουργῆσαι
3273 3347 3489 3417 μεγάλα
3511 3346 3591 3414 τῷ

2034 3444 2263 3514 βασιλεῖ,
2290 3442 2359 3497 δι’
2394 3442 2430 3496 ἃ
2457 3440 2523 3510 δὴ
2560 3442 2739 3511 σφίσιν
2767 3435 3255 3510 ὲπιτραπῆναιτὴν
3286 3435 3451 3505 νῆσον
3483 3433 3590 3485 ύπδ

2033 3539 2141 3592 τῶν
2175 3537 2437 3608 βασιλέων
2466 3535 2673 3608 ἄρχειν.
2707 3534 3051 3605 Κατέχοντας
3088 3532 3132 3564 ³⁸
3162 3530 3220 3584 δὲ
3249 3530 3453 3601 ταύτην
3492 3527 3592 3597 τὴν

2032 3633 2197 3702 νῆσον
2244 3628 2471 3698 ὕστερον
2492 3627 2855 3699 ὡρμημένους
2878 3625 2988 3703 ἀπὸ
3014 3623 3243 3695 ταύτης,
3308 3623 3593 3693 καταλαμ-

2032 3724 2217 3777 ϐάνειν
2242 3725 2284 3756 ³⁸
2327 3718 2487 3777 Αἶνον
2541 3721 2698 3775 πόλιν
2729 3718 2829 3791 τὴν
2865 3720 2924 3772 ἐν
2984 3720 3049 3789 τῇ
3093 3717 3285 3787 Θρᾴκῃ
3334 3716 3483 3786 παρὰ
3516 3716 3594 3785 τῷ

2032 3815 2190 3887 Εῠρῳ
2215 3814 2445 3885 ποταμῷ
2478 3812 2860 3884 διενεχθέντων
2890 3811 3000 3863 τῶν
3036 3811 3095 3862 ἐν
3136 3812 3203 3881 τῇ
3257 3809 3414 3861 πόλει
3456 3808 3595 3877 πρὸς

2032 3908 2124 3961 τὸν
2153 3906 2279 3977 τῇδε
2316 3904 2481 3960 αὐτοῦ
2511 3904 2611 3974 τῆς
2660 3903 2872 3964 πόλεως
2917 3899 3221 3971 ἁρμοστὴν,
3282 3900 3378 3953 καὶ
3409 3900 3594 3969 σφίσιν

2033 3995 2481 4067 ἐπικαλουμένων
2530 3995 2639 4047 ἀπὸ
2692 3994 2790 4061 τῆς
2858 3991 3061 4044 Λέσϐου
3108 3991 3169 4043 τὸ
3214 3990 3596 4054 Κατελουτςων

2034 4092 2210 4160 γένος.
2246 4088 2662 4151 Καταλαϐὀντες
2679 4087 2735 4140 δὲ
2763 4087 3172 4156 διαφερομένων
3217 4084 3465 4155 ἀλλήλοις
3522 4085 3596 4145 ὡς

2034 4184 2127 4238 ἐπὶ
2158 4185 2217 4236 τὸ
2246 4182 2495 4235 πλεῖστον
2521 4181 2629 4233 τῶν
2664 4179 2799 4231 ποτὶ
2838 4177 3108 4247 Ἐλλήνων
3163 4176 3449 4247 βασιλέων.
3503 4179 3599 4228 Δο-

2038 4279 2122 4330 κεῖ
2146 4276 2207 4328 δέ
2232 4276 2264 4346 ἡ
2293 4275 2456 4344 νῆσος
2487 4271 2653 4342 αὕτη,
2689 4273 2788 4325 καλ¹
2816 4271 3085 4341 πρότερον
3129 4270 3223 4324 ἐπὶ
3252 4272 3465 4323 τούτων
3490 4270 3599 4323 τῶν

2043 4367 2439 4432 Κατελουῖζων,
2471 4364 2726 4433 γενέσθαι
2746 4362 2851 4416 ὑπὸ
2870 4362 3090 4416 Ἰανυῖου
3102 4380 3147 4427 ς,
3167 4364 3260 4417 καὶ
3277 4363 3596 4425 ὑπακούειν,

2038 4461 2163 4514 τότε
2185 4459 2261 4530 τῷ
2292 4458 2507 4529 Φωκίης
2569 4458 2627 4510 ἐν
2660 4460 2724 4527 τῇ
2786 4454 2941 4527 Ἀσίᾳ
2996 4456 3433 4523 ἐπιτροπεύοντι,
3491 4457 3602 4507 Κα-

2039 4555 2175 4625 τάνη
2201 4552 2438 4622 τοῦνομα
2461 4550 2658 4620 ἔχοντι.
2705 4544 2830 4602 Εἶλε
2865 4547 2924 4602 δὲ
2961 4549 3216 4620 Κατάνης
3276 4549 3374 4619 τὴν
3432 4548 3599 4615 νῆσον

2037 4649 2246 4715 ταύτην
2301 4644 2586 4715 ἐπιϐουλῇ.
2642 4642 2753 4697 Καὶ
2807 4643 2835 4695 ὅ
2882 4659 2943 4695 τε
3007 4642 3274 4712 Ἐλλήνων
3340 4641 3591 4710 βασιλεὺς

2042 4738 2515 4811 στρατευσάμενος
2564 4734 2652 4787 ἐπ’
2673 4734 2858 4800 αὐτὸν,
2917 4733 3009 4787 καὶ
3035 4737 3138 4803 τήν
3165 4750 3226 4786 τε
3276 4732 3589 4803 Μιτυλήνην

2040 4832 2443 4903 παρεστήσατο,
2501 4827 2596 4880 καὶ
2647 4827 2902 4896 ἐπολέμει
2950 4829 3013 4897 τῇ
3065 4825 3271 4899 Φωκίῃ.
3330 4827 3486 4881 Μετὰ
3540 4828 3598 4879 δὲ

2041 4923 2233 4987 ταῦτα,
2284 4920 2747 4991 συμϐαλλομένων
2780 4918 2890 4973 τῶν
2938 4918 3319 4982 Κατελουῒζων
3376 4918 3453 4988 τῷ
3497 4918 3602 4971 Bu-

2044 5012 2262 5078 ζαντίου
2304 5011 2531 5082 βασιλεῖ,
2579 5010 2957 5080 ἐπετράποντό
3003 5027 3063 5064 τε
3118 5010 3219 5078 τήν
3264 5010 3450 5081 νῆσον,
3508 5012 3603 5063 καὶ

2044 5106 2200 5177 ἔσχον
2228 5105 2318 5157 ἐπε
2346 5121 2500 5166 τινας
2527 5103 2739 5170 γενεὰς,
2771 5102 3151 5172 διαγενόμενοι
3185 5102 3243 5165 ἐς
3270 5119 3331 5157 τε
3381 5104 3475 5156 ἐπὶ
3508 5103 3603 5154 τὸν

2047 5197 2170 5252 καθ’
2199 5197 2346 5268 ἡμᾶς
2377 5197 2587 5267 χρόνον.
2626 5196 2735 5249 Καὶ
2758 5195 3061 5266 ἐπιγαμίας
3100 5196 3416 5263 ποιούμενοι
3465 5198 3604 5266 πρός

1663 5315 1912 5377 Notulze
1946 5309 2346 5390 marginales.

450 5444 528 5517 (Ι)
557 5443 736 5517 Lesbo
760 5444 992 5503 donatur
1029 5443 1353 5501 Franciscus
1398 5438 1708 5499 Catalusius
1772 5436 1928 5507 1352,
1971 5451 2325 5509 sororemque
2352 5436 2499 5492 ducit
2530 5432 2911 5489 Caio-Joannis
2945 5432 3073 5503 imp.

454 5514 534 5585 (2)
581 5514 863 5573 Praefecto.

458 5680 504 5713 ³⁸
534 5679 828 5745 Ἰανούζης.
929 5682 971 5713 ’⁷
1010 5698 1195 5746 προεχ.

1270 5679 1314 5713 ³⁸
1352 5680 1642 5745 ἐληΐζοντο.
1720 5678 1761 5709 ¹⁹
1791 5675 2100 5741 Δεμένικος.

2179 5672 2221 5702 ³ο
2255 5668 2594 5737 κατέχοντες.
2625 5664 2683 5719 Ii.
2717 5674 2769 5719 tt!
2803 5666 2854 5719 in
2881 5683 2925 5721 ι’.
3008 5668 3046 5700 ³³
3081 5666 3433 5721 καταλαὸεῖν.
