4026 6204
397 352 508 423 513

1394 392 1403 403 -
1486 351 1581 413 DE
1622 353 1874 415 REBUS
1901 353 2261 415 TURCICIS
2303 354 2451 414 LIB.
2495 354 2565 416 X.

3510 354 3616 421 5M

388 488 451 526 τε
472 464 602 531 τοὺς
630 463 741 520 ἀπὸ
775 462 1189 536 Τραπεζοῦντος
1227 461 1493 530 βασιλεῖς,
1528 465 1624 517 καὶ
1673 463 1943 534 Ἑλλήνων

2048 471 2237 533 gentes
2260 471 2439 517 autem
2461 460 2731 517 connubia
2752 476 2877 517 cum
2904 462 3282 532 Trapezuntiis
3306 465 3542 535 regibus,
3564 476 3619 522 et

390 563 686 633 ἡγεμόνας,
752 560 846 612 καὶ
894 557 1020 621 τοὺς
1070 557 1203 627 παρ’
1234 556 1462 627 Ἕλλησι
1547 556 1948 625 πρωτεύοντας,

391 657 645 725 κατεῖχον
673 652 779 720 τὴν
812 652 976 720 νῆσον
1006 651 1065 714 ἐς
1094 652 1164 703 τὰ
1228 650 1463 720 μάλιστα
1521 650 1946 720 εὐνομουμένην.

403 745 621 813 Ἑπέχει
649 744 707 795 δὲ
741 744 775 812 ἠ
813 745 978 813 νῆσος
1003 739 1142 811 αὕτη
1195 739 1303 793 ἀπὸ
1338 742 1435 807 τῆς
1490 742 1546 803 ἐς
1604 742 1703 809 τὴν
1766 740 1951 793 Ἀσίαν

389 837 617 906 ἠπείρου
646 832 897 897 σταδίους
921 830 1155 901 μάλιστα
1178 829 1530 900 ὀγδοήκοντα.

476 929 619 982 Ἀλλ’
651 930 685 996 ἡ
719 927 819 995 μὲν
841 926 971 988 Χίος
993 924 1280 994 κατείχετο
1311 923 1410 992 μὲν
1439 923 1531 976 καὶ
1562 921 1703 990 αὕτη
1761 922 1952 992 πρότε-

399 1042 492 1095 ρον
521 1022 626 1076 ὑπὸ
664 1020 931 1082 Ἰανυῖων,
958 1018 1021 1071 οὔ
1050 1017 1235 1087 μέντοι
1264 1015 1426 1078 ἑάλω,
1489 1014 1627 1068 ἀλλὰ
1675 1015 1951 1083 δεομένων

398 1118 508 1170 τῶν
559 1112 851 1177 Βυζαντίου
912 1110 1176 1181 βασιλέων
1243 1109 1560 1180 χρημάτων,
1622 1107 1783 1161 ίκανὰ
1836 1108 1951 1170 τοῖς

404 1210 628 1279 Ἕλλησι
648 1207 821 1261 δέδοτο
851 1204 956 1257 ύπδ
986 1202 1287 1274 Μαρτίνου,
1318 1201 1415 1255 τοῦ
1436 1200 1537 1272 τὴν
1563 1200 1726 1269 νῆσον
1745 1200 1951 1271 ταύτην

406 1302 784 1372 κατασχόντος,
816 1299 910 1353 ὑπ’
937 1298 1186 1366 ἀνάγκης
1234 1296 1355 1349 τότε
1389 1294 1497 1347 τῶν
1534 1294 1807 1363 Ἐλλήνων
1861 1293 1950 1346 διὰ

393 1402 483 1450 τὸν
503 1396 639 1466 πρὸς
669 1394 897 1464 Μήδους
930 1394 1023 1445 καὶ
1048 1392 1143 1445 τὸν
1168 1388 1509 1461 Τρισαλλοὺς
1547 1388 1803 1456 πόλεμον.
1838 1387 1949 1441 Καὶ

393 1490 619 1560 ὕστερον
650 1493 837 1560 μέντοι
904 1485 1182 1541 ἀπέλαϐον
1228 1484 1330 1554 τὴν
1376 1483 1539 1553 νῆσον
1566 1485 1613 1537 οί
1667 1482 1945 1550 Ἕλληνες,

391 1584 679 1644 ἀποδόντες
729 1580 789 1633 τὸ
831 1578 991 1649 χρέος
1023 1578 1101 1648 τῷ
1152 1576 1433 1647 Μαρτίνῳ.
1492 1574 1649 1630 Μετὰ
1676 1574 1736 1626 δὲ
1774 1572 1950 1626 ταῦτα

392 1678 607 1744 ἐγένετο
638 1674 746 1727 ὑπὸ
805 1672 1079 1735 ἰανυῖοις,
1133 1669 1359 1739 ὕστερον
1410 1669 1587 1739 χρόνῳ
1648 1667 1711 1721 οὐ
1769 1666 1991 1737 πολλῷ,

2057 557 2367 613 Graecorum
2404 557 2658 623 ducibus,
2682 570 2895 612 necnon
2928 572 3053 612 cum
3090 558 3160 613 iis
3179 558 3271 628 qui
3303 560 3441 630 apud
3466 558 3618 614 Grae-

2056 666 2153 705 cos
2184 658 2443 718 praestare
2470 649 2818 715 videbantur,
2849 647 3081 704 insulam
3106 663 3224 705 eam
3250 659 3508 705 rexerunt
3534 664 3618 705 sa-

2055 741 2591 812 luberrimislegibus
2616 742 2917 797 fundatam.
2938 741 3019 797 Ab
3048 755 3112 798 ea
3142 743 3475 809 continente,
3500 759 3620 814 quae

2055 835 2236 892 Asiam
2265 846 2497 906 spectat,
2518 835 2759 891 excurrit
2780 834 2845 890 ad
2873 835 3046 891 stadia
3082 835 3302 891 circiter
3320 840 3614 909 octoginta.

2135 925 2402 983 Craterum
2429 937 2485 982 et
2504 927 2615 998 jam
2632 925 2830 981 olim'rn
2861 924 3489 996 potestateianuensium
3518 930 3619 984 fuit

2055 1019 2241 1083 Chius.
2275 1034 2376 1075 nec
2408 1027 2584 1074 tamen
2614 1020 2789 1075 armis
2822 1028 3003 1089 capta.
3066 1017 3262 1074 Verum
3293 1034 3419 1075 cum
3467 1020 3616 1078 Cra:-

2056 1124 2245 1165 corum
2282 1126 2435 1182 reges
2482 1110 2731 1181 pecuniae
2793 1112 2976 1181 inopia
3028 1112 3358 1178 laborarent,
3402 1125 3621 1184 propter
3728 1191 3733 1197 η

2057 1202 2256 1258 bellum
2287 1204 2431 1274 quod
2458 1219 2522 1258 ea
2564 1212 2887 1273 tempestate
2912 1205 3171 1274 gerebant
3195 1221 3318 1261 eum
3352 1207 3521 1265 Medis
3540 1210 3617 1281 (5)

2056 1306 2110 1352 et
2134 1296 2408 1360 Triballis,
2446 1312 2693 1367 magnam
2726 1298 2967 1366 pecunia:
2996 1301 3105 1351 vim
3168 1308 3363 1354 mutuo
3392 1316 3620 1372 accepe-

2057 1399 2184 1445 runt
2213 1406 2243 1444 a
2260 1389 2489 1444 Μαι·ιίηο
2510 1390 2587 1459 (ι)
2604 1391 2721 1459 ejus
2747 1390 2936 1445 insula:
2952 1400 3185 1446 rectore.
3212 1391 3383 1449 Graeci
3402 1396 3615 1449 tandem

2054 1498 2173 1538 eam
2209 1483 2437 1537 insulam
2483 1492 2832 1551 reci-perunt,
2889 1498 3013 1538 cum
3068 1498 3143 1539 as
3193 1486 3455 1551 alienum,
3512 1502 3620 1557 quo

2053 1585 2209 1632 erant
2243 1576 2460 1645 obligati
2489 1576 2738 1641 Μαι·ιίιιο,
2785 1576 3194 1644 persolvissent.
3235 1577 3440 1634 Deinde
3473 1582 3622 1635 venit

2056 1667 2231 1723 insula
2278 1667 2393 1721 haec
2448 1667 2503 1721 in
2542 1666 2899 1722 Janncnsiutu
2967 1668 3227 1724 ditionem
3268 1687 3283 1724 :
3342 1673 3459 1740 qui,
3492 1686 3615 1724 cum

394 1772 667 1841 τριήρεσιν
733 1766 1087 1836 ἀφικομένοις
1145 1766 1242 1819 καὶ
1296 1762 1800 1833 παραστησομένοις
1847 1760 1943 1831 τὴν

2056 1774 2161 1813 n0n
2181 1760 2407 1813 multum
2432 1759 2692 1828 temporis
2710 1760 3108 1824 intervenisset,
3138 1767 3615 1829 adveneruntzcum

603 1861 715 1925 Οὓς
745 1829 868 1915 ούτε
963 1859 1117 1921 πόλις
1158 1829 1467 1927 ἐξέπεμψεν
1688 1855 1787 1926 τὴν
1846 1829 1943 1924 τῆς

2052 1851 2388 1912 triremibus.
2424 1860 2483 1903 ut
2517 1851 2704 1904 urbem
2740 1867 2859 1905 eam
2897 1863 3174 1921 caperent.
3203 1852 3389 1909 Hinec
3411 1856 3615 1924 populi,

402 1960 557 2028 νήσου
584 1953 995 2024 καταστροφὴν,
1021 1950 1147 2004 οὔτε
1178 1952 1330 2020 κοινῇ
1364 1948 1471 2002 ὑπὸ
1488 1948 1598 2001 τῶν
1628 1948 1802 2001 τελῶν
1832 1946 1948 2010 ἔξεο

405 2051 741 2121 πέμφθησαν.
787 2046 931 2101 Ἀλλ’
953 2044 1110 2099 αὐτοὶ
1134 2043 1296 2115 ὠρμη
1306 2043 1480 2113 μένοι,
1515 2042 1563 2094 οἱ
1587 2042 1741 2094 ἐννέα
1761 2039 1948 2093 οἰκιῶν

401 2144 672 2214 γενόμενοι
705 2142 991 2211 ἄρχοντες,
1021 2138 1122 2206 τὴν
1154 2137 1318 2206 νῆσον
1347 2134 1811 2204 κατεστρέψαντο.
1838 2134 1947 2185 Καὶ

391 2238 467 2309 τῷ
492 2237 597 2291 ὑπὸ
623 2234 778 2288 τοῦδε
802 2233 976 2304 ταύτῃ
1006 2231 1077 2295 ³⁸,
1106 2230 1183 2294 ὡς
1209 2230 1360 2299 σφίσι
1382 2245 1442 2281 τε
1485 2228 1690 2291 αὐτοῖς,
1719 2227 1813 2279 καὶ
1836 2226 1949 2289 τοῖς

391 2336 447 2388 έν
494 2332 563 2402 τῇ
604 2329 760 2383 πόλει
825 2326 1173 2398 μετριώτατα
1223 2321 1595 2392 διαιτώμενοι,
1648 2324 1803 2392 κοινῇ
1848 2321 1949 2389 τὴν

392 2424 542 2477 πόλιν
565 2420 821 2491 διῴκουν.
865 2412 1332 2484 Ἐξωνησαμένων
1362 2410 1501 2481 μετὰ
1526 2408 1698 2463 ταῦτα
1721 2410 1816 2462 καὶ
1851 2410 1949 2471 τὰς

398 2516 485 2585 τῆς
520 2509 733 2575 πόλεώς
786 2526 847 2563 τε
891 2509 988 2561 καὶ
1043 2508 1210 2578 νήσου
1272 2505 1470 2576 μοίρας
1523 2504 1631 2557 τῶν
1693 2502 1803 2556 ἀπὸ
1850 2502 1949 2571 τῆς

385 2604 621 2673 ξἸανύης
646 2599 879 2671 ἀνδρῶν,
912 2599 1056 2668 μέγα
1082 2596 1398 2667 δυναμένων
1447 2598 1505 2658 ἐς
1564 2593 1795 2648 uicti-cev
1861 2594 1951 2647 διὰ

382 2669 481 2769 Γτὴν
510 2669 616 2766 τῆνς
650 2669 920 2765 μαστίχης
948 2691 1229 2762 πρόσοδον.
1289 2692 1460 2760 Κοινῇ
1495 2689 1605 2759 γὰρ
1636 2689 1701 2759 δὴ
1744 2686 1882 2759 αὕτη
1909 2688 1944 2757 ἡ

386 2791 551 2862 νῆσος
578 2790 689 2844 τῶν
709 2790 770 2842 ὲν
794 2787 873 2859 τῷ
896 2786 1108 2858 Αἰγαίῳ
1159 2786 1314 2856 φέρει
1375 2784 1589 2855 καρπον
1636 2782 1823 2838 τοῦτον
1870 2781 1947 2845 ὡς

384 2884 662 2938 πλεῖστον.
699 2882 807 2937 Καὶ
840 2880 1206 2952 ἐργαζόμενοι
1232 2877 1300 2945 ⁸⁸,
1336 2876 1738 2948 χρηματίξεται
1774 2874 1945 2946 μεγά-

385 2978 493 3042 hoc
529 2980 589 3031 ἐν
642 2975 843 3046 τούτῳ.
895 2974 1074 3043 Διέχει
1127 2973 1184 3026 δὲ
1216 2972 1437 3023 ἔλαττον
1488 2971 1660 3041 ταύτῃ
1708 2970 1815 3024 ἀπὸ
1846 2972 1945 3042 τῆς

393 3073 583 3135 Ἀσίας
643 3069 891 3131 σταδίους
941 3067 1073 3119 ὡσεὶ
1130 3065 1471 3135 πεντήκοντα
1546 3065 1781 3134 μάλιστά
1840 3080 1941 3135 πη.

2056 1960 2153 2001 nec
2192 1947 2541 2015 magistratus
2570 1962 2836 2001 consensu
2872 1956 2926 2001 et
2944 1948 3225 2002 voluntate
3254 1948 3409 2003 missi
3437 1956 3613 2011 erant,

2055 2039 2365 2094 ul‘insulam
2398 2055 2517 2093 eam
2561 2041 2614 2093 in
2633 2040 2892 2094 ditionem
2920 2040 3246 2111 reciperent,
3279 2055 3470 2095 verum
3514 2056 3616 2096 sua

2054 2142 2269 2200 sponte,
2345 2148 2468 2187 cum
2517 2143 2702 2187 essent
2762 2147 2957 2187 novem
2989 2133 3072 2202 (5)
3126 2132 3458 2189 familiarum
3511 2134 3615 2188 viri

2052 2227 2342 2297 principes,
2366 2229 2433 2280 ab
2456 2226 2618 2279 domo
2645 2227 2894 2295 profecti,
2926 2226 3160 2282 insulam
3184 2241 3303 2281 eam
3332 2227 3616 2297 subegere.

2055 2318 2132 2373 Ex
2164 2334 2231 2373 eo
2259 2329 2501 2388 tempore
2527 2319 2803 2373 communi
2854 2320 3085 2374 consilio
3109 2334 3305 2390 magna
3324 2318 3613 2374 concordia

2054 2413 2241 2467 urbem
2270 2413 2659 2482 gubernarunl.
2696 2428 2819 2467 cum
2866 2413 3066 2482 ubique
3092 2413 3335 2480 ipsorum
3369 2412 3424 2466 in
3450 2412 3615 2467 rebus

2052 2506 2577 2587 gerendismodcstia
2599 2506 2859 2559 eluceret.
2879 2504 3117 2559 Tandem
3154 2505 3307 2559 urbis
3335 2513 3390 2559 et
3421 2503 3615 2557 insula:

2053 2608 2233 2670 partes
2258 2608 2508 2654 emerunt
2535 2599 2632 2653 viri
2670 2597 2997 2663 Januenses,
3029 2598 3120 2667 qui
3156 2597 3447 2666 plurimum
3495 2596 3615 2663 pol-

2050 2692 2229 2747 lebant
2268 2692 2485 2761 Opibus,
2510 2701 2727 2760 propter
2775 2674 3017 2745 masticis
3059 2688 3290 2742 reditum
3317 2695 3616 2757 etproven-

2051 2793 2185 2838 tum.
2221 2782 2404 2838 insula
2429 2797 2663 2852 namque
2684 2782 2782 2836 ista
2810 2780 2861 2834 in
2889 2779 3025 2835 mari
3060 2779 3246 2850 [Egaso
3264 2779 3388 2845 sila,
3421 2778 3611 2833 masti-

2049 2875 2128 2930 cis
2162 2874 2395 2930 fructum
2417 2874 2591 2930 reddit
2621 2872 2954 2929 uberrimum
2997 2881 3087 2928 :et
3132 2871 3226 2943 qui
3279 2872 3405 2926 huic
3460 2870 3611 2941 operi

2048 2976 2177 3024 sunt
2214 2968 2423 3033 intenti,
2459 2968 2608 3022 lucra
2640 2968 2805 3022 multa
2821 2966 3024 3023 lerunt.
3057 2966 3182 3022 Hac
3214 2974 3397 3021 autem
3427 2967 3609 3020 minus

2049 3072 2255 3139 remota
2310 3063 2379 3118 ab
2444 3063 2570 3119 Asia
2627 3072 2730 3131 est,
2787 3078 2952 3133 quam
3000 3063 3279 3133 praedicta,
3342 3061 3611 3133 siquidem

382 3165 682 3219 Διοικεῖται
712 3158 821 3230 δὲὴ
847 3157 999 3217 πόλις
1035 3156 1174 3225 αὕτη
1203 3155 1306 3207 ύτιδ
1336 3156 1444 3209 τῶν
1469 3156 1622 3208 ὲννέα
1646 3155 1943 3225 ἀρχόντων,

2048 3158 2241 3215 stadiis
2274 3160 2502 3213 maxime
2534 3158 2924 3229 quinquaginta
2957 3166 3161 3226 septem
3230 3157 3298 3211 ab
3341 3173 3402 3211 ea
3452 3156 3614 3211 dissi-

380 3259 554 3327 τήντε
580 3255 742 3324 νῆσον
764 3248 938 3322 ἀρχὴν
955 3247 1219 3312 τὰπρῶτα
1246 3247 1747 3316 κατασχόντων,καὶ
1791 3246 1947 3301 bats-

384 3367 478 3419 ρον
508 3347 679 3401 ἄλλων
712 3341 1136 3411 ἑξωνησαμένων
1166 3339 1305 3392 αὐτὰ
1322 3340 1391 3391 τὰ
1415 3338 1753 3409 πάτρια,τῶν
1788 3339 1847 3390 έν
1876 3340 1941 3407 τῇ

384 3442 540 3496 πόλει
552 3438 726 3492 ἀστῶν
742 3436 850 3491 ἀπὸ
864 3434 974 3487 τῶν
1001 3432 1267 3502 Ἐλλήνων
1284 3431 1562 3500 βασιλέων.
1585 3430 1871 3499 Εὐνομήθη
1889 3431 1944 3482 δὲ

387 3536 480 3589 καὶ
499 3535 530 3602 ἠ
549 3533 698 3595 πόλις
722 3532 822 3602 τῆς
850 3530 1009 3591 Χίου,
1033 3527 1266 3595 μάλιστα
1286 3525 1343 3578 δὲ
1372 3524 1579 3578 πόλεων
1603 3524 1711 3577 τῶν
1747 3526 1803 3576 ὲν
1827 3525 1943 3588 ταῖς

380 3629 567 3696 νήσοις
598 3623 842 3683 ταύταις,
874 3619 970 3672 καὶ
1010 3618 1309 3686 προσοδίων
1375 3615 1682 3685 ἱκανωτάτη
1711 3616 1870 3685 ἔσχεν
1907 3617 1939 3683 ἡ

378 3720 552 3779 πόλις,
579 3716 722 3768 ὥστε
754 3715 848 3766 ἐπὶ
880 3713 1022 3783 μέγα
1044 3709 1203 3764 δλὸον
1233 3709 1527 3778 ἀφικέσθαι
1554 3709 1676 3772 τοῦς
1710 3710 1809 3779 τὴν
1845 3709 1940 3761 πό-

375 3813 461 3864 λιν
518 3810 682 3879 τήνδε
713 3808 1022 3867 διέποντας.
1066 3800 1460 3872 Ἐστρατεύετο
1486 3801 1543 3855 δὲ
1600 3801 1941 3871 Μεχμέτηςό

386 3901 745 3972 ’Δμουράτεω
771 3898 861 3951 isti
891 3895 991 3967 τὴν
1018 3894 1224 3948 Λέσϐον
1248 3892 1511 3955 διἀἱτίας
1535 3891 1645 3945 τῶν
1675 3893 1941 3964 πρότερόν

359 4017 466 4068 -μοι
504 3994 915 4066 δεδηλωμένων·
953 3990 1231 4059 ἐπιφέρων
1262 3988 1320 4041 δὲ
1357 3988 1449 4040 τὸν
1474 3986 1567 4040 τοῦ
1596 3987 1826 4055 ἀδελφοῦ
1850 3987 1943 4055 φό-

370 4110 485 4154 νον,
502 4094 593 4144 καὶ
607 4086 871 4158 τιμωρῶν
896 4087 960 4156 τῇ
983 4084 1189 4137 ἐκείνου
1202 4081 1372 4151 ψυχῇ·
1399 4080 1537 4149 μετὰ
1555 4081 1610 4133 δὲ
1632 4084 1723 4133 καὶ
1737 4081 1826 4132 διὰ
1843 4081 1942 4151 τὴν

371 4184 515 4255 πρὸς
548 4182 677 4245 τοὺς
704 4178 969 4250 πειρατὰς
994 4174 1241 4244 ἑταιρίαν
1272 4171 1459 4227 αὐτοῦ.
1541 4172 1856 4242 Ἐκομίζετο
1882 4172 1939 4225 δὲ

369 4277 539 4337 αὐτὸς
570 4274 667 4343 μὲν
692 4272 835 4342 πεζῇ
860 4272 915 4334 ές
931 4269 1030 4341 τὴν
1059 4268 1250 4321 Ἀσίαν
1296 4265 1515 4329 διαϐάς*
1540 4266 1631 4318 τδν
1657 4265 1713 4318 δὲ
1752 4266 1938 4318 στόλον

368 4366 539 4423 αὐτοῦ
567 4368 655 4419 διὰ
678 4364 953 4436 Θαλάσσης
980 4363 1293 4433 ἐκπέμψας.
1330 4363 1585 4431 τριήρεις
1643 4361 1744 4430 μὲν
1770 4361 1933 4415 πέντε

372 4462 471 4515 καὶ
513 4459 703 4522 εἰκοσι,
733 4457 891 4511 πλοῖα
912 4456 969 4510 δὲ
1004 4457 1177 4526 μικρὰ
1208 4455 1351 4525 ἀμφὶ
1394 4454 1463 4507 τὰ
1522 4455 1734 4507 ἑκατόν.
1799 4454 1939 4517 Τοὺς

2049 3261 2101 3306 ta
2139 3260 2241 3307 est.
2291 3251 2638 3306 Gubernatur
2666 3266 2694 3304 a
2728 3248 3062 3319 principibus
3096 3249 3201 3303 illis
3246 3263 3463 3312 novem,
3515 3250 3612 3318 qui

2047 3347 2221 3415 primo
2253 3360 2372 3398 eam
2427 3344 2658 3398 insulam
2688 3342 2928 3411 suijuris
2957 3342 3200 3396 fecerunt
3233 3359 3247 3395 :
3279 3356 3495 3397 necnon
3542 3342 3612 3395 ab

2043 3436 2165 3492 aliis
2192 3436 2284 3506 qui
2312 3438 2651 3505 postmodum
2684 3436 2886 3504 patrias
2941 3434 3103 3489 urbes
3138 3434 3190 3487 in
3218 3448 3279 3488 ea
3336 3434 3513 3489 insula
3540 3434 3611 3489 ab

2043 3528 2354 3586 Grzccornm
2382 3529 2599 3599 regibus
2616 3530 2977 3583 redemerunt.
3015 3528 3328 3599 Metropolis
3363 3528 3480 3582 Chii
3510 3542 3609 3598 op-

2043 3620 2189 3676 timis
2217 3620 2420 3691 regitur
2448 3622 2782 3689 legibus,nec
2810 3619 2901 3673 ulli
2944 3620 3186 3675 omnium
3214 3620 3450 3681 urbium,
3486 3635 3608 3690 quae

2043 3716 2097 3769 in
2137 3714 2255 3771 istis
2285 3716 2478 3771 insulis
2499 3714 2929 3785 frequentantur,
2975 3714 3274 3786 disciplinae
3327 3714 3609 3770 sanctitate

2044 3807 2266 3862 inferior
2322 3819 2424 3862 est.
2493 3806 2722 3863 Reditus
2792 3808 2957 3863 habet
3017 3800 3371 3879 largissimas,
3444 3806 3608 3877 279

2041 3903 2131 3970 qui
2168 3901 2485 3955 incredibile
2520 3909 2601 3955 es:
2683 3902 2854 3965 dictu,
2892 3911 3126 3969 quantas
3178 3917 3307 3971 Opes
3361 3905 3607 3970 suppedi-

2045 4003 2158 4047 tent
2201 3992 2265 4046 iis
2298 3992 2391 4061 qui
2418 4009 2536 4046 eam
2584 4002 2797 4060 regunt.
2839 3993 2909 4047 Αι
2952 3992 3299 4058 Mechmetes,
3334 3994 3606 4048 Amuratis

2042 4086 2208 4149 lilius,
2242 4085 2461 4138 hostilia
2528 4100 2680 4139 arma
2714 4085 2901 4140 intulit
2936 4084 3133 4150 Lesbo,
3169 4085 3254 4140 bis
3307 4084 3375 4141 de
3427 4088 3610 4141 causis

2042 4193 2181 4247 quas
2211 4192 2379 4247 supra
2413 4180 2864 4232 memoravimus.
2927 4178 3233 4233 Accedebat
3283 4188 3479 4249 praeter
3520 4197 3607 4236 so-

2041 4271 2313 4333 cietatem,
2358 4286 2518 4341 quam
2570 4286 2695 4324 cum
2740 4269 2931 4340 piratis
2974 4271 3171 4325 inierat
3228 4270 3391 4328 Lesbi
3449 4273 3603 4343 prin-

2042 4380 2190 4433 ceps,
2241 4364 2407 4417 etiam
2441 4363 2625 4417 fratris
2690 4378 2837 4417 mors
2870 4382 2884 4419 :
2917 4364 3071 4433 cujus
3106 4364 3321 4434 culpam
3372 4366 3430 4420 in
3480 4382 3605 4422 eum

2042 4457 2339 4527 principem
2391 4471 2483 4509 rex
2519 4454 2905 4519 transferebat,
2964 4466 3017 4512 et
3050 4457 3235 4512 ulcisci
3269 4457 3457 4513 fratris
3490 4474 3608 4514 ma-

364 4556 425 4607 δὲ
456 4552 787 4623 τηλεῦόλους
823 4550 912 4604 διὰ
938 4550 1219 4616 θαλάσσης
1248 4547 1509 4617 ἐκόμιζεν
1540 4546 1599 4611 ἐς
1621 4546 1721 4616 τὴν
1746 4549 1930 4616 νῆσον,

2048 4564 2138 4606 nes
2175 4551 2230 4605 in
2279 4550 2522 4604 animum
2570 4548 2886 4605 induxerat.
2948 4549 3055 4605 Rex
3141 4551 3359 4621 quidem
3412 4552 3606 4607 itinere

367 4644 469 4697 καὶ
497 4642 681 4702 λίθους
707 4642 918 4694 τούτων
948 4642 1090 4708 ἀμφὶ
1113 4639 1241 4702 τοὺς
1286 4637 1606 4707 δισχιλίους.
1666 4635 1780 4706 Τὴν
1837 4636 1935 4704 μὲν

364 4732 465 4789 οὖν
494 4735 852 4805 παρασκευὴν
878 4731 973 4786 τοῦ
1000 4732 1239 4801 πολέμου
1268 4732 1486 4784 ἐκέλευε
1511 4730 1599 4783 διὰ
1654 4729 1933 4797 θαλάσσης

364 4826 769 4897 ἐκκομίζεσθαι
790 4826 839 4858 ³⁵
868 4829 926 4889 ές
954 4827 1050 4895 τὴν
1080 4827 1264 4895 νῆσονο
1296 4824 1458 4886 αὐτὸς
1502 4824 1558 4877 δὲ
1592 4824 1927 4892 ἀφικόμενος

366 4922 425 4983 ἔς
459 4937 512 4973 τι
541 4920 726 4971 πεδίον
753 4921 822 4978 ³⁸.
856 4918 1181 4988 ἐπεραιοῦτο
1208 4920 1265 4974 ἐς
1296 4919 1395 4983 τὴν
1425 4917 1609 4986 νῆσον,
1666 4919 1828 4976 αὐτός
1874 4932 1933 4968 τε

366 5014 469 5065 καὶ
520 5015 568 5065 oi
621 5013 731 5064 τῶν
764 5012 947 5081 θυρῶν
1005 5013 1179 5074 ὄντες,
1222 5012 1319 5066 καὶ
1367 5012 1475 5065 ἀπὸ
1506 5011 1606 5077 τῆς
1660 5011 1933 5080 Εὐρώπης

364 5108 513 5175 ἀμφὶ
542 5107 669 5169 τοὺς
695 5106 1013 5176 δισχιλίους.
1045 5106 1126 5158 Τὰ
1158 5107 1266 5176 γάρ
1298 5123 1379 5158 τοι
1407 5104 1821 5174 στρατεύματα,
1860 5103 1936 5165 ὡς

362 5196 822 5266 διῆκενὲπανιὼν
860 5198 969 5249 ἀπὸ
999 5198 1097 5265 τῆς
1136 5198 1363 5263 Δακίας,
1407 5196 1606 5249 αὐτίκα
1664 5195 1821 5265 ἐπῄει
1874 5210 1933 5245 τε

362 5294 426 5354 ἐς
458 5292 557 5361 τὴν
577 5292 763 5357 νῆσον,
800 5291 892 5342 καὶ
923 5292 1227 5361 ἀπέῦησαν.
1266 5290 1605 5358 Ἐπέδραμον
1630 5288 1687 5340 δὲ
1712 5287 1930 5352 αὐτίκα,

364 5385 467 5436 καὶ
494 5383 736 5455 ἐδῄωσαν
763 5386 863 5455 τὴν
885 5384 1070 5453 νῆσον,
1106 5384 1202 5435 καὶ
1232 5381 1544 5452 ἀνδράποδα
1605 5380 1763 5447 ὀλίγα
1807 5381 1932 5432 ἐπε-

2039 4641 2279 4712 pedestri
2300 4642 2353 4696 in
2378 4641 2564 4696 Asiam
2592 4642 2871 4696 transiens
2894 4640 3168 4696 ferebatur
3198 4657 3213 4695 :
3250 4651 3305 4697 at
3353 4644 3603 4707 classem,

2038 4749 2160 4803 qua:
2206 4733 2670 4803 complectebatur
2725 4733 2977 4788 triremes
3024 4733 3502 4806 vigintiquinque,
3552 4748 3606 4791 et

2040 4840 2206 4879 naves
2270 4824 2511 4880 minores
2554 4834 2801 4890 centum,
2848 4841 2943 4895 per
3012 4840 3162 4881 mare
3220 4829 3377 4898 sequi
3433 4829 3603 4900 jubet.

2040 4915 2373 4970 Bombardas
2427 4931 2523 4986 per
2553 4931 2701 4971 mare
2761 4916 2815 4972 in
2854 4917 3091 4972 insulam
3138 4935 3257 4973 eam
3325 4929 3604 4990 transpor-

2043 5008 2180 5061 tavit
2214 5028 2227 5061 :
2260 5025 2473 5062 necnon
2524 5010 2755 5078 lapides,
2820 5012 3022 5080 quibus
3066 5022 3447 5075 oneraremur,
3499 5014 3606 5065 eir-

2045 5101 2185 5154 t-iter
2216 5102 2298 5155 bis
2332 5102 2503 5155 tnillc.
2564 5100 2696 5157 Belli
2755 5102 2974 5171 quidem
3007 5103 3374 5156 instrumenta
3399 5110 3452 5154 et
3486 5117 3606 5153 ma~

2044 5193 2237 5249 cbinas
2303 5193 2441 5247 mari
2501 5194 2567 5248 ad
2620 5210 2739 5247 cam
2790 5196 3026 5249 insulam
3084 5193 3310 5247 subvehi
3373 5194 3603 5247 curavit.

2042 5285 2165 5356 ipse
2223 5302 2353 5340 vero
2412 5287 2641 5342 veniens
2715 5286 3047 5351 Possidium,
3102 5285 3339 5361 pedestri
3409 5286 3604 5348 itinere

2042 5382 2108 5433 ad
2148 5379 2384 5434 insulam
2427 5379 2742 5447 accedebat,
2792 5379 2999 5434 ducens
3031 5379 3323 5450 januarum
3377 5379 3605 5446 milites,

1652 5492 1900 5554 Notulte
1930 5494 2332 5571 marginales.

442 5598 517 5668 (δ)
550 5599 750 5654 Persis.

441 5672 519 5738 (4)
550 5670 814 5725 Martinus
849 5668 968 5724 Chii
999 5680 1176 5723 rector
1210 5668 1561 5736 Boccanigra,
1593 5667 1753 5723 1261.
1858 5726 1861 5729 _

438 5835 483 5867 ³³
509 5834 735 5907 ταύτην,
764 5835 826 5891 R.
870 5845 923 5889 ut
950 5837 1001 5888 in
1033 5851 1079 5890 ι’.
1156 5835 1201 5867 ³³
1228 5831 1595 5906 ἐργαζομένη·

2115 5600 2197 5670 (5)
2223 5602 2307 5656 ΑΙ.
2338 5605 2519 5656 decem
2552 5618 2691 5670 quos
2726 5602 3012 5659 ilaouesos
3033 5608 3249 5657 vocant.
3290 5598 3422 5657 Vide
3440 5599 3609 5657 Justi-

2040 5671 2284 5739 nianum,
2314 5688 2442 5728 ann.
2477 5672 2608 5725 tam
2645 5685 2698 5727 et
2721 5674 2877 5729 1546.

1696 5834 1741 5867 ³⁸
1769 5834 1833 5889 In
1864 5854 1989 5904 uno,
2026 5856 2189 5911 κοσμ.
2264 5842 2308 5872 ³⁵
2334 5841 2403 5894 In
2434 5857 2554 5909 uno,
2586 5842 2678 5895 ἐπὶ
2710 5858 2770 5896 π.
