4026 6204
434 316 546 380 5ιῖ

1499 340 1598 400 DE
1624 344 1629 351 ’
1651 340 1899 401 REBUS
1923 335 2282 401 'IUllClCIS
2314 342 2459 407 LIB.
2488 346 2556 413 X.

3545 373 3648 438 518

427 428 578 497 αὗτῷ
608 430 709 501 τὴν
740 433 1160 513 ἀγνωμοσύνην,
1218 444 1329 499 οὐδ’
1363 448 1437 512 ὡς
1476 451 1775 522 ἀτυχήσειν
1831 452 1960 506 αὐτὸ

428 520 490 541 2A,
510 538 525 541 μ
547 537 602 541 λξο
702 528 718 541 ο
838 526 863 540 6
972 533 997 541 α.
1075 536 1087 541 -
1182 536 1198 541 -
1221 539 1241 541 μ

2062 452 2227 516 ,ι’ἱιιι,
2276 456 2405 512 sciri
2456 462 2656 530 poterit
2710 465 2779 520 ah
2814 466 2883 524 iis
2932 469 3027 540 qui
3074 473 3217 532 Asia:
3242 476 3357 534 loca
3380 480 3644 541 incolunt.

428 520 667 589 ἔφασκεν
694 526 899 594 ὁτῳοῦν
930 533 1041 586 τῶν
1064 536 1303 603 ἀγαθῶν.
1349 541 1489 595 Ἀλλ’
1516 520 1678 597 αὐτόν
1708 563 1766 599 τε
1796 544 1991 614 αἰσθή-

428 616 616 671 σεσθαι
647 619 691 652 ³⁷
732 622 1050 692 παραδόντα
1084 630 1278 684 ἑαυτὸν
1307 630 1386 703 τῷ
1421 635 1655 703 βασιλεῖ,
1686 639 1779 690 καὶ
1801 638 1868 705 ἣν
1898 639 1991 691 εὐ-

427 708 522 777 νοῇ
548 711 657 774 τοῖς
674 712 843 767 αὐτοῦ
871 716 1210 789 πράγμασιν,
1232 723 1331 775 οὐκ
1362 725 1761 800 ἀχθεσθήσεται
1783 728 1827 762 ³⁸
1858 746 1989 783 ποτε

427 799 516 853 διὰ
539 803 715 858 τοῦτο.
748 806 937 861 Ταῦτα
968 810 1164 881 λέγων,
1188 815 1288 883 τήν
1314 831 1372 869 τε
1429 817 1588 871 πόλιν
1628 819 1988 889 παραλαϐὼν,

428 892 627 947 αὐτίκα
652 897 927 965 ἐκέλευεν,
961 902 1107 959 ίόντα
1134 908 1227 961 καὶ
1263 910 1321 972 ἐς
1336 911 1435 974 τὰς
1464 911 1628 973 ἄλλας
1658 914 1867 978 πόλεις,
1898 933 1990 968 κε-

427 985 608 1039 λεύειν
644 992 994 1061 παραδιδόναι
1019 997 1118 1061 τὰς
1152 1001 1504 1071 ἀκροπόλεις.
1561 1004 1734 1069 Αὐτὸς
1768 1007 1866 1074 μὲν
1890 1001 1986 1061 οὖν

432 1076 535 1129 σὺν
570 1081 684 1142 τοῖς
753 1082 1021 1152 βασιλέως
1056 1088 1334 1160 ,ὑπάρχοις
1394 1096 1642 1164 περιιὼν,
1693 1096 1981 1165 παρεδίδου

426 1170 527 1230 τὰς
565 1172 745 1238 πόλεις
767 1176 844 1245 τῷ
873 1175 1104 1246 βασιλεῖ.
1167 1184 1276 1237 Καὶ
1309 1187 1603 1258 ὲγκαθίστη
1656 1189 1755 1257 μὲν
1783 1192 1863 1253 εἰς
1891 1187 1985 1242 αὖ·

424 1262 531 1325 τὰς.
558 1264 800 1331 φυλακὰς
827 1268 1105 1339 βασιλεύςο
1152 1277 1253 1346 τὴν
1279 1277 1335 1330 δὲ
1380 1278 1533 1333 πόλιν
1584 1281 1900 1352 Μιτυλήνην
1927 1284 1984 1346 ὲς

420 1355 546 1422 τρία
566 1356 898 1429 διελόμενος,
956 1364 1017 1416 τὸ
1046 1366 1147 1435 μὲν
1191 1368 1360 1422 αὐτοῦ
1418 1373 1801 1439 ἐγκατέλιπεν,
1848 1375 1902 1429 εί
1930 1392 1982 1429 τι

414 1446 638 1515 ἀχρεῖον
666 1446 736 1520 ἦν
762 1449 857 1505 τοῦ
886 1455 1100 1524 ὁμίλου,
1125 1456 1186 1512 τὸ
1208 1460 1265 1513 δὲ
1300 1462 1488 1535 ἕτερον
1533 1464 1840 1536 διενείματο
1866 1468 1981 1532 τοῖς

411 1538 636 1609 νεήλυσι
658 1559 672 1572 ·
703 1544 803 1613 τὴν
828 1544 881 1599 δὲ
908 1549 1099 1619 τρίτην
1131 1554 1326 1623 μοῖραν
1361 1556 1664 1627 κατῴκισεν
1691 1562 1745 1621 ἐς
1772 1558 1981 1624 Βυζάν-

408 1648 547 1697 τιον,
567 1633 624 1686 εἴ
648 1652 703 1688 τι
737 1633 805 1708 ἧν
838 1639 946 1693 τῶν
978 1643 1162 1697 ἀστῶν
1188 1646 1340 1712 ἄξιον
1362 1648 1522 1717 λόγου
1585 1652 1679 1705 καὶ
1722 1651 1976 1724 εὔπορον.

410 1718 550 1786 Τοὺς
572 1725 628 1778 δὲ
660 1730 929 1798 πειρατὰς
955 1734 1281 1805 ἀπαγαγὼν,
1316 1741 1656 1812 κατέσφαξεν
1671 1745 1729 1809 ἐς
1752 1763 1976 1818 τριακοο

416 1815 561 1878 σίους
593 1818 832 1886 μᾶλιστα
879 1826 935 1887 ὲς
989 1827 1167 1899 χῶρον
1200 1829 1300 1884 ἕνα
1345 1832 1454 1886 τῶν
1499 1838 1865 1905 προαστείων,
1905 1843 1974 1895 τὰ

416 1907 645 1977 σώματα
669 1913 792 1982 δίχα
824 1920 1145 1987 ποιούμενος
1174 1920 1233 1986 ὲς
1260 1925 1360 1993 τὴν
1395 1928 1636 1999 σφαγήν.
1664 1928 1835 1983 Τοῦτο
1864 1932 1974 2001 γὰρ

418 1998 718 2072 βιαιότερον
750 2007 809 2070 ἐς
833 2009 961 2072 τοὺς
987 2012 1282 2083 πολεμίους
1314 2016 1581 2090 ἐξεύρητο
1610 2019 1705 2075 τοῦ
1741 1998 1971 2077 θανάτου

418 2086 579 2158 εἶδος,
614 2096 673 2149 τὸ
700 2097 860 2169 σῶμα
889 2101 947 2165 ἐς
969 2103 1063 2158 δύο
1081 2106 1319 2177 τέμνειν.
1364 2086 1708 2178 Καταθέντες
1742 2114 1836 2169 οὖν
1874 2116 1973 2186 τὴν

412 2186 664 2257 τομήνξὲς
694 2190 757 2243 τδ
786 2193 1124 2266 διάφραγμα.
1166 2197 1289 2254 ὅθεν
1324 2201 1610 2273 ξυμϐαίνει
1653 2208 1827 2276 τσχειν
1881 2210 1971 2262 ἐπὶ

403 2280 540 2332 πολὺ
573 2282 673 2352 τῆς
701 2285 959 2359 τελευτῆς
1015 2288 1102 2347 διὰ
1153 2293 1326 2348 ταῦτα
1363 2294 1455 2348 τὸν
1498 2293 1967 2371 διαφθειρόμενον.

415 2373 749 2448 Ἐγκαθίστη
812 2379 868 2433 δὲ
894 2384 975 2445 είς
1034 2383 1135 2455 τὴν
1202 2388 1356 2444 πόλιν
1428 2393 1631 2462 ταύτην
1688 2396 1969 2466 νεήλυδας,

410 2466 545 2535 ἀμφὶ
570 2471 700 2533 τοὺς
726 2470 1038 2540 διακοσίους
1054 2479 1150 2532 καὶ
1182 2479 1475 2547 ’Δζάπιδας
1507 2486 1567 2548 ἐς
1596 2490 1965 2556 τριακοσίους.

415 2557 503 2609 καὶ
534 2557 775 2630 ἄρχοντα
823 2565 1025 2635 αὐτῶν,
1074 2571 1169 2624 τοῦ
1205 2572 1523 2643 Σαμλιάτεω
1569 2580 1756 2646 παῖδα,
1796 2581 1967 2652 ἄνδρα

408 2645 705 2721 ἐπίσημον,
739 2651 800 2706 οὖ
824 2655 915 2709 τὸν
939 2658 1155 2731 πατέρα
1188 2663 1246 2715 ἐν
1272 2666 1391 2729 ταῖς
1452 2666 1719 2735 βασιλέως
1745 2645 1748 2646 ν
1775 2645 1967 2742 θύραις

401 2744 626 2799 ἀκούειν
676 2747 1039 2824 δικαιοσύνης
1070 2754 1297 2825 ἄριστον
1341 2760 1681 2831 ἐπυθόμεθα,
1729 2767 1966 2836 μάλιστα

398 2838 453 2891 δὲ
474 2840 739 2913 δικαστὴν
770 2844 878 2899 τῶν
905 2848 962 2899 ὲν
1004 2852 1123 2913 ταῖς
1152 2850 1417 2921 βασιλέως
1472 2855 1665 2927 θύραις
1704 2860 1965 2914 καθιστα-

400 2932 599 2999 μένων,
626 2936 717 2987 καὶ
737 2934 892 3001 δίκας
913 2936 1214 2996 δικάσαντα
1241 2943 1486 3014 ἄριστον
1546 2949 1763 3005 πάντων
1799 2953 1854 3006 δὲ
1881 2947 1958 3007 ὧν

394 3024 562 3092 ἡμεῖς
627 3026 808 3094 ἴσμεν,
863 3030 959 3082 καὶ
1011 3032 1324 3103 ἐξευρόντα,
1371 3031 1459 3090 οἷα
1519 3040 1583 3111 δὴ
1644 3042 1962 3098 ἀποόαίνειν

2093 542 2224 598 Nam
2281 552 2575 622 mancipia,
2640 561 3047 631 quamprimum
3089 569 3449 639 capiebantur
3480 590 3510 630 e
3557 590 3645 632 tua

2090 636 2330 707 regione,
2360 644 2623 702 continuo
2662 664 2691 704 a
2724 666 2811 707 me
2842 654 3081 713 dominis
3118 660 3234 717 suis
3258 664 3644 723 reddebantur.

2090 729 2357 790 Praeterea
2396 741 2697 795 maximum
2764 744 2898 802 mihi
2932 747 3031 803 fuit
3062 753 3330 822 studium,
3387 771 3445 814 ut
3472 762 3645 818 sicubi

2091 831 2272 878 vestra
2329 829 2602 899 mancipia
2647 834 2771 903 quis
2793 848 2933 893 esset
2972 852 3186 909 nactus,
3223 861 3285 900 ea
3306 849 3491 905 statim
3546 853 3643 908 (ιο.

2089 913 2250 971 minis
2298 917 2412 975 suis
2454 924 2895 983 restituerentur.
2934 929 3086 999 Quod
3149 936 3356 1007 piratas
3410 947 3643 1016 suscepi,

2087 1020 2150 1058 ea
2215 1008 2389 1077 gratia
2426 1010 2629 1068 factum
2659 1026 2762 1083 est,
2816 1035 2882 1075 ne
2910 1028 3121 1091 praedas
3149 1043 3215 1083 ex
3270 1046 3389 1087 mea
3426 1035 3643 1104 regione

2090 1110 2337 1166 agerent,
2400 1118 2629 1175 canitque
2694 1114 2957 1169 vastando
3024 1132 3462 1192 corrumperent.
3534 1128 3642 1183 Nec

2087 1188 2181 1241 ulli
2240 1190 2434 1247 borum
2473 1212 2713 1268 unquam
2756 1202 2836 1258 vel
2864 1205 3211 1265 occasionem
3263 1216 3495 1283 praebui,
3556 1220 3639 1274 vel

2084 1281 2374 1338 consilium
2404 1286 2547 1355 dedi,
2595 1300 2653 1344 ut
2683 1294 3075 1367 atlnavigantes
3127 1304 3423 1376 quidquam
3456 1281 3640 1366 damni

2082 1374 2291 1440 regioni
2320 1386 2426 1432 tua:
2456 1383 2837 1451 importarent.
2866 1385 3023 1446 Nunc
3058 1404 3236 1450 autem
3262 1374 3328 1453 ad
3379 1388 3430 1455 te
3458 1403 3639 1468 venio.

2085 1465 2269 1521 urbem
2330 1479 2495 1541 atque
2556 1474 2692 1529 adeo
2737 1478 3048 1536 universam
3097 1484 3330 1543 insulam
3389 1492 3486 1547 tibi
3531 1503 3629 1549 tra-

2081 1557 2238 1615 dens.
2311 1561 2551 1635 Supplex
2606 1583 2737 1624 vero
2796 1581 2847 1627 te
2903 1589 3022 1643 oro,
3064 1587 3123 1632 ut
3182 1584 3635 1649 quemadmodum

2081 1650 2344 1707 hactenus
2372 1656 2534 1712 rebus
2580 1661 2687 1716 tuis
2731 1664 3029 1732 plurimum
3072 1670 3459 1730 benevolentia:
3503 1695 3635 1747 pra:-

1997 1793 2049 1853 Β
2082 1742 2219 1809 stiti,
2267 1745 2339 1800 ita
2375 1749 2533 1804 nobis
2569 1754 2771 1821 gratias
2823 1758 3023 1815 referat
3060 1778 3178 1818 rex.
3231 1763 3354 1821 Haec
3417 1742 3632 1838 quidem

2078 1833 2221 1888 fatus
2276 1848 2378 1905 est,
2419 1848 2471 1892 et
2498 1838 2756 1913 lacryma:
2816 1847 3088 1906 cadebant
3149 1852 3356 1911 oborta:
3407 1833 3631 1923 dicenti.

2074 1924 2287 1982 inscitia
2333 1930 2729 2000 Oppidanorum
2758 1937 2958 1995 factum
2992 1957 3138 2012 esse,
3188 1948 3331 2016 quod
3384 1965 3490 2004 non
3518 1962 3632 2007 sta—

2074 2015 2171 2069 tim
2232 2016 2301 2073 ab
2350 2018 2505 2077 initio
2545 2039 2668 2079 cum
2722 2028 2863 2085 bona
2911 2034 2978 2086 ab
3050 2050 3173 2104 rege
3207 2015 3632 2107 nuntiarentur,

2072 2111 2301 2165 venerit.
2359 2112 2474 2169 Rex
2525 2117 2865 2188 exprobrans
2906 2124 2954 2177 ei
3011 2140 3166 2179 suam
3251 2128 3523 2185 inscitiam
3577 2145 3631 2187 et

2072 2202 2519 2274 imprudentiam,
2566 2224 2844 2281 postremo
2875 2220 3309 2275 consolationem
3356 2224 3627 2291 adhibuit,

2067 2296 2265 2367 jubens
2326 2316 2449 2355 eum
2501 2319 2623 2360 esse
2680 2306 2824 2362 hono
2882 2312 3089 2375 animo,
3146 2312 3281 2367 nihil
3324 2331 3447 2370 eum
3504 2320 3627 2374 mali

2069 2402 2291 2467 prepter
2324 2393 2375 2448 id
2410 2393 2558 2464 quod
2606 2399 2782 2468 primo
2828 2417 2937 2457 non
2986 2406 3235 2473 paruerit
3285 2408 3462 2463 edicto
3486 2414 3630 2481 regis

2071 2498 2381 2553 passurum.
2426 2487 2521 2544 llis
2577 2490 2719 2547 ultro
2785 2495 3029 2565 citroque
3056 2498 3239 2565 dictis,
3296 2502 3486 2557 urbem
3530 2521 3627 2560 rex

2069 2576 2124 2631 in
2179 2578 2437 2633 ditionem
2499 2585 2744 2655 accepit,
2799 2589 3209 2662 principemque
3246 2594 3409 2649 etiam
3445 2597 3501 2652 iu
3541 2615 3628 2653 re-

2069 2665 2243 2737 liquas
2291 2669 2484 2727 insula:
2534 2675 2700 2732 urbes
2774 2678 2851 2733 ire
2889 2680 3067 2749 jubet,
3129 2694 3187 2739 ut
3232 2701 3418 2743 earnm
3471 2704 3626 2746 arces

2067 2773 2126 2813 se
2176 2758 2446 2818 dederent.
2508 2765 2609 2831 Qui
2648 2767 2875 2837 impigre
2918 2770 3074 2841 jussa
3126 2776 3269 2845 regis
3303 2791 3619 2847 capessens,

2066 2866 2173 2906 una
2227 2868 2349 2908 cum
2421 2858 2584 2927 regiis
2634 2860 2905 2929 prwfeetis
2960 2867 3123 2921 urbes
3184 2868 3341 2938 adiit,
3410 2887 3614 2946 easque

2066 2946 2177 3015 regi
2254 2949 2500 3006 tradidit.
2562 2953 2672 3008 Rex
2721 2957 3006 3023 continuo,
3062 2977 3131 3017 ne
3173 2980 3279 3033 qua
3336 2966 3616 3023 innovatio

2066 3037 2395 3103 exoriretur,
2464 3043 2627 3098 urbes
2677 3045 2732 3099 in
2763 3046 3021 3103 ditionem
3070 3064 3323 3124 acceptas
3356 3058 3623 3126 praesidiis

395 3114 625 3185 ἔμελλεν
656 3119 688 3187 ἡ
722 3118 845 3190 δίκη
875 3121 930 3184 ἐς
963 3124 1086 3187 τοὺς
1116 3124 1533 3198 δικαζομένους.
1592 3133 1695 3187 Τὸν
1743 3136 1801 3189 δὲ
1854 3140 1954 3191 Λέ-

2064 3128 2265 3184 firmat.
2299 3130 2684 3204 Mitylenarum
2721 3139 2864 3196 cives
2898 3141 2950 3196 in
2986 3152 3095 3199 tres
3115 3145 3393 3203 distribuit
3415 3159 3620 3219 partes.

395 3207 530 3260 σὸου
554 3209 794 3277 ἡγεμόνα
840 3213 1209 3285 ἐνεγκάμενος
1249 3220 1360 3275 ἀπὸ
1408 3222 1509 3289 τῆς
1555 3226 1783 3295 πόλεως,
1818 3229 1956 3299 σύμ-

393 3314 578 3352 παντα
603 3300 820 3355 ἐκέλευε
869 3307 1194 3375 κομίζεσθαι
1230 3312 1288 3375 ἐς
1320 3314 1637 3379 Βυζάντιον.
1670 3323 1956 3395 Ἐξελόμε-

394 3409 489 3455 νος
519 3393 575 3445 δὲ
604 3397 651 3448 οἱ
682 3397 907 3452 καὶτῶν
953 3401 1195 3472 ἀρίστων
1233 3408 1331 3476 τῆς
1386 3410 1595 3465 Λέσϐου
1646 3393 1867 3482 παῖδάς
1895 3437 1954 3473 τε

398 3484 499 3538 καὶ
519 3484 818 3559 θυγατέρας
848 3492 991 3563 ἀμφὶ
1020 3495 1147 3559 τοὺς
1185 3495 1573 3570 ὀκτακοσίους,
1604 3505 1766 3571 αὐτὸς
1812 3512 1955 3582 ἀπή-

394 3576 595 3631 λαυνεν
620 3580 702 3632 ἐπ’
728 3582 904 3649 οἴκου,
928 3588 1143 3653 καὶτὰς
1167 3608 1227 3643 τε
1280 3594 1530 3665 τριήρεις
1577 3600 1763 3671 διῆκεν
1798 3576 1955 3658 ἀπιέ-

388 3689 506 3744 ναι,
525 3674 917 3743 ἐγκαταλιπὼν
976 3680 1139 3735 πλοῖα
1172 3687 1347 3753 μικρὰ
1395 3690 1566 3745 αὐτοῦ
1630 3713 1734 3748 που
1786 3699 1843 3751 ὲν
1885 3702 1950 3771 τῇ

386 3768 557 3839 νήσῳ.
590 3769 705 3841 Τὴν
740 3770 843 3840 μὲν
871 3772 966 3828 οὖν
993 3776 1231 3848 ἀδελφὴν
1260 3780 1355 3835 τοῦ
1379 3786 1669 3856 ἡγεμόνος,
1698 3792 1796 3845 καὶ
1820 3768 1954 3863 πρόξ

383 3878 547 3933 τερον
570 3862 809 3920 ἁλοῦσαν
842 3869 948 3921 ὑπὸ
1004 3869 1271 3940 βασιλέως
1300 3878 1360 3930 ὲν
1410 3880 1657 3951 Κολχίδι,
1716 3890 1950 3953 γυναῖκα

382 3950 556 4008 οὖσαν
586 3954 851 4026 βασιλέως
888 3959 1129 4027 Ἀλεξίου
1166 3965 1260 4019 τοῦ
1285 3950 1576 4041 Κομνηνοῦ
1608 3975 1709 4045 τῆς
1728 3950 1950 4048 apum-

384 4046 629 4114 ζοῦντος,
660 4053 965 4123 ὶσηγάγετο
983 4058 1147 4127 μέχρι
1171 4062 1315 4125 τινὸς
1338 4064 1394 4127 ἐς
1416 4064 1513 4137 τὴν
1542 4046 1946 4137 γυναικωνῖτιν.

382 4138 599 4196 πολλῶν
620 4142 683 4215 δὴ
713 4147 1014 4219 καλλίστην
1043 4152 1141 4205 καὶ
1169 4150 1379 4225 ὡραίαν
1446 4158 1748 4233 λεγομένην
1783 4160 1947 4234 εἶναι,

382 4235 895 4302 πρωποθανοῦπος
926 4238 1020 4293 τοῦ
1053 4241 1245 4311 ἀνδρὸς
1263 4247 1435 4316 αὐτῆς
1460 4250 1517 4301 ὲν
1550 4251 1944 4324 Τραπεζοῦντι,

381 4328 483 4379 καὶ
539 4328 706 4396 αὐτῆς
736 4333 1041 4400 γενομένης
1086 4334 1180 4387 καὶ
1213 4334 1380 4407 οθσης
1436 4341 1633 4411 χήρας,
1682 4346 1804 4415 μεθ’
1827 4350 1948 4415 ἑνὸς

380 4418 572 4483 παιδὸς
604 4422 698 4474 καὶ
721 4424 909 4492 μόνον.
934 4424 1037 4479 Τὸν
1068 4427 1125 4481 δὲ
1158 4430 1322 4484 παῖδα
1352 4433 1563 4499 τοῦτον,
1590 4438 1679 4491 ὅτε
1700 4436 1813 4494 εἷλε
1843 4445 1943 4514 τὴν

381 4513 791 4584 Τραπεζοῦντα,
822 4519 1274 4589 εἰσενεγκάμενος
1306 4526 1402 4577 καὶ
1420 4527 1585 4581 αὐτὸν
1609 4531 1637 4583 ό
1664 4513 1943 4603 βασιλεὺς,

379 4608 439 4659 ἐν
470 4606 737 4679 θεραπεία
767 4626 826 4662 τε
850 4602 965 4681 εἶχε
1004 4612 1240 4679 μάλιστα
1262 4616 1327 4688 δὴ
1358 4620 1563 4675 παίδων
1596 4624 1704 4677 τῶν
1738 4628 1797 4679 ὲν
1821 4602 1944 4694 ταῖς

381 4698 647 4768 βασιλέως
697 4703 890 4771 θύραις
924 4705 1065 4772 μετά
1090 4722 1152 4773 γε
1180 4706 1272 4761 τὸν
1301 4710 1413 4763 ἀπὸ
1449 4711 1745 4775 Βυζαντίου
1781 4722 1943 4776 παῖδα

392 4790 737 4861 Ἀμουράτεω
765 4795 1015 4864 ἀδελφόν.
1053 4799 1166 4870 Τὴν
1205 4800 1307 4870 μὶν
1335 4803 1430 4856 οὖν
1462 4806 1741 4879 θυγατέρα
1784 4813 1942 4882 βασι-

378 4882 516 4947 λέως
547 4885 954 4954 Τραπεζοῦντος
986 4892 1185 4945 Ἄνναν
1213 4893 1532 4964 λεγομένην,
1565 4903 1659 4954 καὶ
1680 4904 1942 4974 Χριστια-

379 4974 497 5045 νὴν,
516 4978 887 5047 φυλαχθεῖσαν
918 4982 1131 5053 ὁρισμῷ
1156 4984 1249 5037 τοῦ
1280 4988 1631 5058 κρατοῦντος,
1661 4994 1941 5065 ἡρμόσατο

376 5068 607 5141 Ζαγάνῳ
639 5071 716 5141 τῷ
768 5074 1108 5140 Μακεδονίας
1166 5079 1265 5148 τῆς
1292 5080 1443 5135 κάτω
1502 5084 1734 5159 ὑπάρχῳ
1782 5109 1940 5157 γενο-

379 5160 544 5228 μένῳ,
576 5162 763 5228 ἐξότου
792 5165 889 5235 τὴν
914 5166 1330 5240 Πελοπόννησαν
1384 5176 1547 5228 αὐτὸν
1576 5179 1931 5254 ἀφελόμενος,

372 5252 673 5322 ἐπέτρεπεν
716 5257 987 5313 ’Λλϐἀνεω
1019 5263 1193 5327 παιδὶ,
1222 5264 1303 5332 τῷ
1338 5264 1490 5320 Ἰυῶν
1545 5269 1843 5345 λεγομένῳ,
1882 5252 1931 5332 εί

374 5346 472 5398 καὶ
496 5344 722 5415 ὕστερον
754 5352 1055 5422 ἐχωρίσατο
1085 5353 1292 5425 ταύτην
1321 5359 1348 5408 ὁ
1377 5362 1595 5427 κρατῶν
1626 5364 1713 5418 ἐπ’
1738 5369 1928 5437 αὑτοῦ,

370 5437 736 5506 ἀναγκάζοντι
773 5443 974 5515 ταύτην
999 5446 1251 5512 γενέσθαι
1286 5450 1344 5511 ἐς
1382 5452 1480 5520 τὴν
1511 5452 1809 5525 θρησκείαν
1833 5462 1932 5515 αὐ·-

368 5530 486 5583 τοῦ.
510 5530 613 5584 Τὸν
648 5534 745 5601 μὲν
774 5534 865 5586 οὖν
922 5537 1169 5607 ἡγεμόνα
1204 5540 1302 5607 τῆς
1346 5542 1579 5607 Λέσϐου,
1639 5550 1699 5600 οὑ
1754 5553 1937 5624 πολλῷ

2062 3221 2217 3292 Vulgi
2292 3222 2539 3282 inutilem
2612 3239 2818 3298 partem
2893 3232 2968 3287 ibi
3046 3236 3327 3308 reliquit;
3394 3240 3619 3298 alteram

2059 3313 2361 3382 peregrinis
2461 3318 2735 3374 concessit
2797 3337 2814 3377 :
2896 3321 3133 3391 tertiam,
3228 3343 3349 3397 qua:
3422 3347 3620 3400 genere

2058 3415 2113 3460 et
2176 3407 2373 3476 opibus
2424 3410 2787 3484 principatum
2888 3413 3049 3472 facile
3130 3418 3429 3489 obtinebat,
3517 3424 3619 3496 By-

2056 3502 2293 3555 zantium
2338 3502 2658 3573 deportavit.
2700 3503 2914 3564 Piratas
2992 3520 3263 3568 trecentos
3335 3515 3388 3570 in
3450 3533 3617 3572 unum
3690 3512 3697 3527 “

2056 3589 2237 3644 locum
2288 3602 2440 3647 extra
2492 3593 2682 3651 urbem
2755 3606 3072 3655 contractos
3127 3599 3350 3657 occidit.
3388 3602 3456 3658 Et
3503 3620 3618 3673 quo

2057 3682 2216 3753 281
2280 3684 2556 3742 crudelius
2595 3688 2860 3759 perirent,
2916 3706 3147 3760 corpora
3195 3709 3383 3749 eorum
3438 3696 3621 3751 media

2053 3777 2333 3834 dissecuit.
2375 3779 2512 3836 Nam
2541 3782 2746 3852 placuit
2784 3785 2899 3854 regi
2932 3784 3232 3842 Turcorum
3260 3787 3364 3843 hoc
3420 3788 3623 3843 mortis

2052 3884 2248 3938 genere
2299 3870 2353 3924 in
2412 3870 2599 3927 hostes
2650 3874 2753 3940 uti,
2813 3885 2870 3930 ut
2909 3876 3115 3948 majore
3157 3878 3482 3934 crudelitate
3531 3878 3615 3932 in-

2052 3962 2302 4025 terirent,
2342 3962 2595 4021 dissectis
2647 3967 2969 4035 corporibus
3008 3969 3223 4032 mediis,
3281 3970 3461 4039 gladio
3494 3971 3613 4026 dia-

2055 4053 2361 4125 phragmati
2414 4054 2635 4112 adacto.
2674 4055 2810 4113 Nam
2842 4060 2933 4130 qui
2970 4061 3028 4115 in
3064 4061 3211 4115 hunc
3241 4062 3461 4118 modum
3497 4078 3613 4119 cae-

2051 4146 2218 4213 ditur,
2279 4147 2370 4202 diu
2408 4149 2601 4206 mortis
2648 4149 2870 4206 dolores
2899 4153 3276 4210 amarissimos
3312 4156 3611 4225 experitur.

2051 4235 2187 4294 Huic
2223 4250 2406 4294 autem
2454 4241 2595 4309 urbi,
2647 4258 2715 4298 ne
2755 4259 2921 4312 quam
2954 4244 3313 4301 defectionem
3355 4250 3606 4304 molirem

2048 4343 2136 4389 tur
2190 4333 2403 4401 incolae,
2445 4334 2712 4394 ducentos
2766 4339 2833 4393 de
2896 4340 3309 4410 peregrinorum
3357 4356 3615 4413 corpore,

2047 4438 2103 4482 et
2158 4436 2431 4482 trecentos
2485 4429 2752 4499 Azapides
2792 4428 3083 4501 imposuit.
3131 4429 3226 4488 His
3248 4432 3441 4490 ducem
3475 4450 3606 4490 con-

2047 4517 2221 4575 stituit
2268 4516 2561 4574 Samhlalis
2610 4518 2799 4587 filium,
2854 4521 3030 4577 virum
3093 4521 3377 4591 illustrem,
3454 4528 3613 4599 cujus

2044 4621 2198 4682 pater
2235 4610 2289 4666 in
2333 4613 2476 4681 regis
2539 4608 2732 4669 Januis
2758 4611 2962 4683 judicis
3027 4614 3206 4672 ofﬁcio
3250 4616 3477 4674 functus
3500 4630 3618 4681 θείη..

2044 4714 2098 4758 et
2122 4701 2395 4774 litigantes
2434 4719 2645 4759 summa
2677 4704 2955 4776 diligentia
2981 4717 3035 4762 ct
3062 4710 3614 4773 attentioneamlivit‘.

2042 4808 2098 4852 et
2144 4796 2470 4851 sententiam
2531 4813 2747 4853 summa
2818 4800 3078 4868 aequitate
3149 4802 3389 4858 adhibita
3449 4806 3611 4869 dixit,

2045 4889 2182 4942 adeo
2239 4897 2296 4941 ut
2331 4888 2490 4943 facile
2535 4890 2743 4959 primas
2805 4892 2946 4947 inter
2968 4907 3161 4948 omnes
3195 4893 3488 4964 januarum
3517 4901 3613 4964 jnv

2044 4982 2193 5036 dices
2240 4980 2542 5036 ferret..lus
2577 4983 3052 5053 enimjustissime
3096 4984 3235 5041 dixit
3272 5002 3286 5040 :
3319 4998 3373 5041 et
3420 4988 3609 5043 facilis-

2041 5076 2392 5146 clemensquc
2471 5076 2697 5131 omnino
2774 5076 2961 5133 fuitin
3018 5077 3344 5133 inveniendo
3415 5096 3603 5148 poenas

2040 5171 2259 5241 quibus
2291 5170 2534 5224 damnati
2590 5171 2884 5235 subdendis
2910 5180 3115 5225 essent.
3168 5170 3327 5226 Lesbi
3405 5174 3598 5227 duceni

2041 5273 2162 5313 eam
2212 5258 2401 5312 urbem
2437 5258 2768 5328 relinquere,
2831 5270 2885 5314 et
2916 5258 3097 5314 omnia
3150 5275 3243 5312 sua
3282 5262 3623 5333 Byzantium‘

2043 5352 2346 5408 transferre
2399 5352 2579 5422 jubet.
2613 5353 2733 5422 lpse
2763 5369 2894 5409 vero
2943 5369 3200 5410 reversus
3236 5366 3319 5410 est
3348 5360 3597 5421 donnnn,

2046 5448 2251 5516 eligens
2300 5444 2403 5500 sibi
2462 5446 2781 5515 optimatum
2838 5446 3004 5500 Lesbi
3065 5463 3287 5517 pueros,
3345 5449 3484 5504 lilios
3550 5463 3601 5503 et

2046 5540 2187 5593 tilias
2233 5538 2452 5592 circiter
2482 5538 2845 5607 octingentas.
2878 5536 3154 5594 Triremes
3187 5555 3401 5610 quoque
3432 5542 3599 5596 abdu-

1650 5667 1895 5737 Notulee
1934 5683 2332 5762 marginales.

436 5782 484 5816 ³“¹
505 5780 573 5836 In
590 5801 715 5851 uno,
740 5786 930 5857 ἡσθήσ.
1013 5792 1054 5823 ³⁸
1077 5792 1140 5846 R.
1171 5791 1616 5863 ἀχθεσθήσεσθαι.
