4026 6204
236 286 320 350 521

1264 276 1358 335 DE
1394 273 1641 334 ΗΕΒῠὲ
1678 271 2032 332 TURCICIS
2076 271 2217 331 LIB.
2255 271 2323 331 X.

3318 273 3417 337 52?.

233 402 309 453 τὸν
332 395 529 465 Ἕϐρον
573 370 907 447 ὲκδιδοῖ⁸καὶ
932 390 1187 462 πολίχνην
1226 389 1326 459 μὲν
1387 392 1445 443 ἐν
1494 392 1558 459 τῇ
1597 387 1753 457 ’Δσία

1878 385 2141 440 emunivit.
2162 384 2358 440 Urbem
2390 400 2603 456 quoque
2628 387 2678 440 in
2701 386 2991 456 Asiajuxta
3014 387 3270 445 Maditum
3294 430 3308 454 ,
3331 394 3418 447 ubi

233 490 345 559 περὶ
379 486 635 548 Μάδιτον,
751 482 815 554 δὴ
852 483 1180 536 στενώτατον
1213 480 1305 534 τοῦ
1362 480 1755 549 Ἑλλησπόντου

234 581 517 643 ἐσπλέοντι,
564 578 659 630 καὶ
699 579 758 629 ἐν
818 579 882 645 τῇ
942 573 1182 646 Εὐρώπῃ
1241 574 1499 644 πολίχνην
1568 572 1758 641 ἑτέραν

1859 477 2262 547 Hellespontum
2312 470 2761 547 angustissimum
2800 477 3093 543 cernimus,
3143 484 3422 538 condidit:

1860 583 2071 621 necnon
2108 568 2266 620 aliam
2286 568 2340 621 in
2362 569 2618 635 Europae
2643 567 2855 634 regione
2875 569 2991 636 ejus
3034 573 3185 626 urbis
3214 589 3335 642 quae
3372 577 3425 629 in

230 672 473 727 ἀπέναντι
500 668 598 736 τῆς
633 669 692 720 ἐν
723 666 881 737 Ἀσίᾳ
924 665 1206 734 πολίχνης·
1234 664 1373 717 ὥστε
1406 660 1630 731 ἐχυροῦν
1663 660 1759 731 μὲν

1878 656 1986 713 isia
2001 657 2330 726 conspicitur
2345 659 2648 713 aedificavit.
2672 660 2761 715 liae
2778 660 2940 714 urbes
2962 661 3196 714 conditar
3220 673 3346 718 sunt
3360 668 3423 717 ad

230 762 367 831 αύτῷ
391 762 484 830 τὴν
509 758 803 822 Βυζαντίου
831 756 1006 818 πόλιν,
1033 758 1125 809 καὶ
1154 758 1243 807 τὸν
1270 752 1517 818 Εὔξεινον
1539 752 1756 805 πόντονο

234 852 509 921 κρατύνειν
558 849 614 905 δὲ
650 847 868 911 καὶτὰς
908 848 965 903 ὲν
995 847 1071 915 τῷ
1140 844 1520 914 Ἑλλησπόντῳ
1577 842 1761 902 πόλεις

140 992 143 997 .
232 943 394 1012 αὐτῷ,
453 941 703 993 ναυτικὸν
749 938 1135 1009 παρεχομένας
1178 937 1237 987 οὐ
1272 936 1520 1005 σμικρόν.
1578 933 1763 987 Ταῦτα

229 1035 545 1104 δειμάμενος
582 1034 719 1085 κατὰ
752 1030 849 1100 τὴν
881 1028 1153 1099 Εὐρώπην
1178 1030 1267 1081 καὶ
1294 1027 1501 1088 Ἀσίαν,
1534 1024 1762 1094 τηλεϐό‹-

230 1123 349 1185 λους
382 1122 607 1189 καθίστη
643 1124 696 1183 ἐς
724 1120 889 1189 ἄμφω
939 1117 1009 1171 τὰ.
1058 1116 1306 1185 πολίχνια
1346 1114 1454 1168 τῶν
1489 1113 1762 1183 μεγίστων

232 1216 373 1284 ἀμφὶ
399 1214 518 1277 τοὺς
541 1214 851 1278 τριάκοντα,
874 1209 970 1263 καὶ
998 1208 1216 1278 ἑτέρους
1241 1208 1340 1261 οὐκ
1359 1207 1591 1274 ὀλίγους.
1620 1201 1765 1259 Ναύ-

238 1308 466 1376 σταθμον
508 1306 565 1360 δὲ
594 1306 685 1358 τὸν
720 1304 890 1375 ταύτῃ
935 1303 1098 1356 αὐτοῦ
1154 1303 1330 1373 χῶρον
1383 1301 1763 1371 ποιησάμενοι,

225 1401 401 1455 οὐδενὶ
443 1401 806 1470 ἐπιτρέπουσι
857 1396 1113 1477 παριέναι
1165 1396 1273 1448 ἔσω
1306 1397 1362 1458 ἐς
1422 1394 1513 1448 τὸν
1577 1393 1762 1463 Ἐλλή-

236 1509 466 1555 σποντον,
512 1492 578 1544 ἄν
615 1492 691 1560 μὴ
720 1490 799 1557 τῷ
848 1490 1027 1559 ταύτῃ
1096 1488 1324 1558 ὑπάρχῳ
1381 1486 1767 1549 ἀποϐαίνοντες

230 1585 612 1654 ὲπιφαίνωνται
646 1584 694 1637 οἱ
729 1580 986 1644 πλέοντες
1048 1580 1175 1636 ἔσω.
1227 1580 1411 1636 Ταῦτα
1464 1580 1565 1648 μὲν
1616 1577 1767 1648 αύτῷ

1857 750 2226 804 defensionem
2242 749 2504 820 Byzantii,
2534 751 2796 806 etEuxini
2825 753 3011 808 maris.
3036 752 3302 809 Praeterea
3321 771 3424 809 neu

1870 843 2212 897 mediocriter
2252 845 2562 897 tutabantur
2599 846 2777 909 urbes
2817 846 2870 898 in
2902 846 3248 915 Hellesponto
3268 851 3426 912 sitas,

1865 936 2164 1004 praebentes
2193 936 2418 990 classem
2445 936 2585 990 haud
2608 940 3023 1006 aspernandam.
3049 940 3103 993 In
3133 942 3276 996 hunc
3312 959 3428 995 mo-

1862 1028 1991 1081 dum
2034 1038 2289 1081 terrorem
2324 1026 2539 1081 Asianis
2575 1039 2629 1082 et
2676 1029 2948 1099 Europwis
3001 1033 3290 1098 incutiens,
3335 1037 3428 1103 qui

1865 1133 1987 1172 eum
2014 1128 2233 1189 augeret
2256 1157 2272 1180 ,
2296 1119 2352 1174 in
2374 1131 2653 1190 utramque
2674 1123 2860 1176 urbem
2888 1125 3210 1182 bombardas
3233 1128 3433 1182 invexit

1865 1210 2077 1266 circiter
2102 1212 2318 1281 triginta
2347 1215 2631 1277 maximas,
2678 1222 2731 1269 et
2764 1216 2897 1271 alias
2935 1233 3042 1271 non
3084 1235 3301 1287 paucas.
3347 1220 3425 1274 Ad

1866 1305 1980 1358 hare
2027 1320 2147 1357 cmn
2189 1316 2403 1374 portum
2460 1307 2531 1362 ibi
2595 1318 2879 1377 parassent
2928 1308 3110 1386 Turci,
3171 1312 3307 1365 nulli
3340 1313 3424 1365 in.

1867 1402 2012 1448 trare
2041 1394 2433 1463 Hellespontum
2470 1398 2850 1465 concedebant,
2884 1401 2987 1456 nisi
3016 1404 3160 1472 prius
3204 1406 3426 1457 descen-

1864 1485 2070 1541 dissent
2111 1491 2364 1565 navibus.
2424 1503 2478 1547 et
2527 1507 2583 1545 se
2618 1494 2718 1546 loci
2766 1494 3016 1562 praelecto
3055 1495 3428 1551 exhibuissent

1866 1580 2169 1637 visendum.
2192 1582 2364 1647 Opera
2396 1583 2509 1638 hzee
2549 1586 2686 1639 haud
2716 1586 2875 1640 dubie
2918 1586 3041 1642 fecit
3074 1598 3291 1657 propter
3318 1589 3431 1643 bel-

237 1677 531 1745 ὶπεποίητο,
559 1675 635 1739 ώς
662 1674 783 1742 ἐμοὶ
816 1674 981 1739 δοκεῖ,
1026 1672 1116 1725 διὰ
1144 1671 1235 1729 τὸν
1287 1671 1422 1742 πρὸς
1474 1670 1767 1732 Οὐενετούς

1878 1673 1977 1726 lum
2007 1674 2149 1742 quod
2177 1675 2336 1744 283
2362 1685 2610 1745 gesturus
2634 1688 2748 1733 erat
2784 1693 2906 1733 cum
2936 1679 3171 1746 Venetis,
3196 1682 3261 1736 ad
3287 1684 3431 1751 quod

232 1770 285 1821 οἱ
312 1740 548 1837 ἐσόμενον
583 1740 837 1834 πόλεμον,
859 1764 918 1818 ὃν
954 1764 1060 1835 πρὸ
1108 1763 1303 1817 πολλοῦ
1332 1740 1768 1835 ⁷παρασκευαζό-

1878 1782 1930 1824 se
1956 1770 2326 1837 praeparabat:
2349 1778 2407 1824 ut
2438 1770 2484 1824 si
2515 1771 2808 1839 ingrueret,
2837 1789 2997 1843 quam
3038 1775 3306 1829 tutissime
3339 1774 3427 1829 isti

245 1876 415 1928 μενος,
445 1858 719 1926 ἐπετήρει,
744 1856 890 1920 ὅπως
912 1854 1290 1923 ἀσφαλέστατα
1320 1854 1465 1923 αὐτῷ
1487 1854 1577 1907 τὸν
1612 1853 1768 1906 πόλε-

240 1969 343 2021 μον
364 1952 651 2020 ποιήσαιτο.
688 1948 848 2004 Ἀλλὰ
872 1948 1047 2002 ταῦτα
1084 1949 1182 2018 μὶν
1208 1946 1363 2000 οὔπω
1420 1948 1478 2000 ἐν
1507 1946 1649 1999 τέλει
1702 1942 1770 2016 ἦν

248 2043 733 2113 παρεσκευασμένα,
760 2043 849 2095 ὅτε
880 2040 971 2095 τὸν
1010 2040 1145 2111 πρὸς
1178 2039 1472 2101 Ούενετοῦς
1496 2040 1770 2109 ἀράμενος

245 2135 485 2205 πόλεμον,
521 2136 791 2202 ἐπολέμει.

311 2227 431 2280 Τότε
454 2227 509 2280 δὲ
540 2225 930 2295 ἐπιγενομένου
986 2224 1078 2279 τοῦ
1128 2225 1345 2295 θέρους,
1412 2222 1772 2294 ἐστρατεύετο

248 2321 327 2371 ἐπὶ
352 2320 640 2389 Ἰλλυριοὺς
686 2319 782 2371 καὶ
807 2317 1086 2387 Ἰλλυριῶν
1138 2315 1385 2387 βασιλέα.
1422 2315 1494 2368 Τὸ
1528 2315 1627 2385 μὲν
1678 2313 1771 2368 οὖν

253 2412 388 2464 τοῦτο
415 2414 570 2480 γένος
612 2409 1019 2485 Ἱλλυριῶν⁸⁶⁶⁸¹
1054 2410 1279 2463 παλαιόν
1295 2407 1339 2440 δ’
1370 2425 1450 2472 τε,
1477 2408 1567 2461 καὶ
1604 2408 1658 2471 ἐς
1684 2408 1774 2461 τὸν

272 2505 430 2557 Ἰόνιον
482 2505 796 2575 ᾠκημένον,
840 2502 1198 2572 εὐδοκιμῆσαί
1232 2518 1292 2554 τε
1343 2500 1584 2571 πολλαχῆ
1641 2501 1775 2553 ἁπο-

262 2596 649 2664 μνημονεύεται.
706 2593 1008 2649 Καλοῦνται
1053 2593 1109 2646 δὲ
1166 2590 1313 2645 οὗτοι
1345 2591 1512 2644 τανῦν
1565 2591 1771 2644 Βόσνοι.

271 2689 387 2740 Ἀλλ’
420 2690 471 2741 οξ
501 2688 602 2757 μὲν
653 2685 952 2756 Δαλμάται,
983 2684 1079 2737 καὶ
1130 2683 1309 2736 Μυσοὶ
1354 2683 1489 2753 ἅμα,
1519 2683 1615 2737 καὶ
1646 2684 1776 2752 Τρι-

247 2778 429 2843 ϐαλλοὶ,
472 2780 564 2832 καὶ
589 2778 724 2849 πρές
753 2794 815 2845 γε
848 2776 930 2830 ἔτι
972 2776 1277 2846 Σαρμάται,
1307 2774 1517 2840 τούτοις
1571 2774 1775 2844 ταύτην

244 2873 393 2928 ἵενται
414 2874 516 2943 τὴν
551 2872 754 2942 φωνὴν,
804 2871 898 2925 καὶ
927 2868 1003 2939 τῷ
1044 2868 1205 2922 παντὶ
1253 2867 1666 2939 παραπλησίαν,
1699 2866 1776 2929 ὡς

246 2966 311 3035 μὴ
337 2964 587 3035 χαλεπῶς
637 2964 876 3017 συνιέναι
934 2962 1178 3032 ἀλλήλων
1237 2960 1456 3023 αὐτούς.
1511 2960 1670 3024 Εἰκὸς
1719 2959 1777 3012 δὲ

1870 1874 1930 1915 se
1988 1860 2363 1916 committeret.
2400 1862 2469 1915 At
2514 1876 2631 1931 quae
2676 1866 3217 1920 commemoravimus
3268 1880 3432 1934 opera

1871 1952 2054 2007 omnia
2099 1953 2209 2021 iam
2256 1962 2412 2007 erant
2454 1955 2720 2019 absoluta,
2755 1966 2807 2009 et
2862 1957 2928 2009 ad
2975 1957 3133 2012 tinem
3178 1961 3432 2029 perducta

1864 2060 1993 2101 cum
2046 2046 2245 2103 bellum
2279 2047 2538 2105 adversus
2574 2048 2806 2107 Venetos
2844 2054 3162 2124 susciperet.

1945 2234 2155 2291 IEstate
2175 2246 2354 2291 autem
2376 2249 2436 2290 ea
2466 2251 2584 2306 quae
2604 2238 2947 2308 sequebatur,
2976 2240 3115 2296 bello
3137 2241 3433 2298 lacessebat

1875 2329 2114 2399 illyricos
2136 2338 2188 2385 et
2224 2328 2553 2400 Illyricorum
2590 2346 2788 2400 regem.
2813 2331 2993 2387 Genus
3015 2334 3119 2388 hoc
3152 2335 3428 2390 hominum

1875 2421 2156 2491 antiquum
2174 2430 2277 2485 est,
2297 2431 2348 2476 et
2365 2424 2639 2491 regionem
2661 2439 2851 2479 versus
2868 2424 3074 2479 Ionium
3099 2436 3433 2495 spectantem

1881 2516 2147 2580 incolens,
2205 2516 2523 2585 plerumque
2572 2516 2636 2570 ad
2656 2516 2954 2572 claritatem
2998 2520 3296 2574 accessisse
3318 2538 3439 2589 per-

1882 2606 2115 2661 hibetur.
2144 2606 2316 2675 Vulgo
2350 2623 2495 2661 nunc
2528 2608 2688 2661 Bosni
2710 2608 3195 2664 vocantur.Verum
3228 2612 3440 2666 Dalma-

1882 2711 1968 2774 ιω,
1993 2698 2167 2770 Mysii,
2188 2701 2605 2765 'l'riballi,etiam
2628 2700 2901 2765 Sarmatae,
2927 2703 3113 2757 eadem
3138 2702 3248 2757 fere
3278 2715 3441 2758 utun~

1883 2800 1974 2845 tur
1992 2792 2191 2862 lingua,
2210 2801 2425 2846 autnon
2449 2793 2673 2845 multum
2706 2792 2975 2855 dissimili,
2997 2802 3056 2847 ut
3077 2807 3183 2847 non
3216 2794 3441 2849 diliicul-

1880 2892 1962 2938 ter
2005 2898 2064 2937 se
2087 2893 2274 2937 mutuo
2299 2883 2623 2949 intelligant.
2654 2882 2959 2938 Verisimile
2986 2895 3167 2939 tamen
3190 2896 3293 2953 est,
3315 2886 3438 2940 illos

1879 2974 2149 3043 profectos
2180 2976 2247 3029 ab
2267 2974 2483 3043 regione
2512 2990 2633 3043 quae
2663 2990 2853 3030 versus
2880 2975 3085 3030 Ionium
3116 2989 3279 3047 patet,
3314 2997 3436 3033 eum

239 3058 429 3111 οἴεσθαι
464 3056 691 3123 τούτους
734 3055 933 3126 μᾶλλον
983 3053 1347 3124 ὡρμημένους
1370 3052 1478 3107 ἀπὸ
1508 3053 1608 3122 τῆς
1640 3051 1777 3122 πρὸς

1878 3064 2036 3132 pauci
2083 3078 2308 3117 numero
2335 3060 2678 3127 exsisterent,
2715 3066 2988 3134 etubique
3041 3069 3202 3120 rebus
3232 3068 3443 3122 fortiter

234 3150 318 3201 τὸν
353 3149 541 3201 Ἰόνιον
571 3146 752 3218 χώρας
773 3147 926 3215 γένος
956 3163 1015 3200 τε
1070 3144 1128 3199 ὃν
1184 3147 1349 3213 μέγα,
1386 3144 1480 3198 καὶ
1531 3144 1773 3215 πολλαχῆ

235 3240 635 3311 ἑνευδοκιμοῦν,
652 3240 749 3310 τήν
788 3257 847 3293 τε
880 3240 1100 3311 Θρᾴκην
1135 3238 1441 3307 ὑπάγεσθαι
1472 3240 1657 3306 σφίσιν
1683 3237 1779 3290 αύ-

235 3336 360 3399 τοίς,
386 3334 486 3386 καὶ
513 3333 599 3387 τὸν
632 3333 844 3404 Ἵστρον
897 3331 1186 3395 διαϐάντας
1216 3331 1311 3400 τὴν
1335 3331 1436 3402 τῆς
1464 3331 1776 3402 Σαρματίας

231 3427 412 3496 χώραν
435 3427 673 3495 οἰκῆσαι,
696 3428 728 3498 ἦ
756 3427 832 3489 ώς
868 3425 1001 3479 ἔνιοι
1023 3425 1246 3489 οἴονται,
1287 3425 1391 3478 ὑπὸ
1417 3424 1637 3477 Σκυθῶν
1656 3424 1775 3481 διω-

229 3522 498 3589 κομένους
519 3560 532 3583 .
564 3520 809 3589 διαϐῆναί
832 3537 889 3573 τε
922 3520 978 3582 ἐς
1005 3519 1105 3589 τὴν
1134 3518 1225 3571 ἐπὶ
1252 3518 1375 3573 τάδε
1433 3519 1526 3572 τοῦ
1560 3517 1776 3588 Ἴστρου

232 3615 442 3685 χώραν,
468 3615 561 3666 καὶ
592 3613 1143 3683 καταστρεψαμένους
1172 3612 1272 3684 τὴν
1312 3612 1483 3684 ταύτῃ
1531 3612 1773 3683 Θράκην,
1798 3630 1817 3651 κ

226 3708 344 3759 ἔστε
385 3707 481 3759 ἐπὶ
513 3706 681 3775 μυχὸν
708 3704 801 3757 τοῦ
832 3705 1035 3758 κόλπου
1060 3704 1446 3774 ἀφικομένους,
1476 3706 1778 3775 ἐνοικῆσαι.

228 3800 507 3869 Θαυμάζω
559 3800 637 3864 δὲ,
693 3801 741 3850 εί
796 3799 919 3860 τοὺς
968 3798 1282 3867 Ἰλλυριοὺς,
1345 3798 1780 3866 ἀποφαινόμενος

235 3893 554 3955 Ἀλϐανοὺς,
621 3890 967 3961 τεκμαίροιτό
1031 3906 1137 3955 τις,
1198 3888 1655 3959 συμϐαλλόμενος,
1703 3888 1779 3951 ὡς

235 3986 492 4057 Ἰλλυριοὶ
519 3986 568 4037 οἱ
598 3984 731 4053 πρὸς
751 3983 826 4051 τῷ
860 3981 1015 4052 μυχῷ
1039 3980 1133 4033 τοῦ
1176 3980 1360 4034 Ἰονίου
1382 3980 1668 4050 ἐχώρησαν
1689 3979 1782 4032 ἐπὶ

220 4081 315 4151 τὴν
348 4079 588 4150 ἧπειρόν
606 4094 688 4140 τε,
714 4076 807 4130 καὶ
830 4075 1114 4139 Αἰτωλίαν,
1135 4074 1229 4126 καὶ
1249 4072 1542 4136 Θετταλίας
1572 4070 1781 4142 χώραν.

235 4174 375 4228 Ἀλλ’
408 4174 499 4226 ὃτι
531 4171 629 4241 μὲν
658 4169 764 4222 ὰπδ
804 4168 1135 4237 Ἐπιδάμνου
1172 4166 1337 4237 μέχρι
1359 4163 1453 4218 τοῦ
1472 4162 1779 4233 Καρνερίου

220 4264 567 4335 καλουμένου
600 4263 798 4315 κόλπου
830 4261 1021 4323 ἆπαςό
1068 4259 1242 4329 χῶρος
1296 4256 1450 4320 οὗτος
1502 4256 1782 4309 διατείνων

219 4361 310 4411 ἐπὶ
343 4356 606 4419 σταδίους
643 4356 879 4425 μάλιστα
919 4358 1006 4405 πα⁹
1032 4351 1379 4422 τρισχιλίους,
1416 4349 1570 4417 γένος
1624 4364 1684 4401 τε
1722 4347 1782 4399 ἓν

1882 3156 2047 3226 gestis
2100 3155 2543 3220 inclarescerent,
2604 3154 2889 3209 Thraciam
2936 3158 3343 3225 perdomuisse:
3389 3171 3443 3215 et

1890 3248 2031 3304 Istro
2064 3249 2409 3309 transmisso,
2446 3245 2732 3301 Sarmatiae
2768 3248 3044 3316 regionem
3080 3250 3435 3305 inhabitasse.

1882 3341 2019 3397 Sunt
2061 3353 2187 3394 vero
2212 3339 2304 3407 qui
2328 3338 2663 3392 tradunteos
2694 3353 2723 3391 a
2753 3336 2970 3409 Scythis
2996 3340 3201 3409 pulsos,
3235 3347 3441 3399 transi-

1880 3438 1990 3490 isse
2014 3437 2066 3489 in
2096 3435 2369 3504 regionem
2387 3450 2507 3504 quae
2530 3434 2669 3487 uitta
2688 3433 2880 3490 Istrum
2901 3435 3117 3501 colitur,
3136 3447 3188 3489 et
3217 3439 3438 3491 subacta

1881 3524 2139 3590 Thracia,
2182 3526 2247 3578 ad
2279 3524 2458 3578 sinum
2507 3539 2629 3579 eum
2655 3528 2886 3588 venisse,
2910 3526 3094 3594 ibique
3113 3529 3267 3581 sedes
3296 3528 3443 3585 ﬁxis—

1878 3633 1959 3673 se.
1978 3618 2143 3671 Miror
2175 3616 2533 3686 autem,un
2561 3615 2776 3685 quidam
2807 3624 2933 3670 sunt
2957 3617 3047 3686 qui
3069 3630 3292 3675 censent
3315 3620 3443 3690 Illy-

1879 3710 2025 3765 rieos
2074 3709 2312 3763 Albanos
2339 3723 2460 3762 esse
2497 3726 2509 3761 :
2543 3708 2695 3776 quasi
2726 3707 2910 3776 Illyrii,
2938 3709 3029 3775 qui
3050 3719 3235 3763 tenent
3257 3710 3435 3765 sinum

1881 3800 2034 3866 Ionii,
2056 3798 2415 3869 processerint
2443 3799 2494 3852 in
2514 3799 2651 3852 hanc
2670 3800 3060 3861 continentem,
3087 3799 3363 3863 IEtoliam,
3388 3813 3442 3858 et

1881 3888 2175 3944 Thessalia;
2212 3888 2504 3954 regionem.
2527 3887 2792 3942 Caeterum
2818 3888 3064 3942 universa
3093 3888 3181 3942 illa
3202 3891 3349 3958 regio
3376 3893 3443 3943 ab

1880 3978 2178 4050 Epidamno
2198 3995 2369 4048 usque
2392 3979 2457 4032 ad
2481 3979 2792 4033 Carnerium
2822 3981 2998 4032 sinum
3030 3980 3191 4047 (7-8},
3210 3982 3446 4049 comple-

1885 4071 2052 4125 ctitur
2082 4069 2321 4139 spatium
2360 4078 2441 4124 ter
2465 4069 2614 4123 mille
2639 4070 2959 4123 stadiorum.
2992 4071 3144 4124 [iane
3172 4073 3442 4141 regionem

1884 4172 2029 4219 tenet
2059 4161 2342 4217 hominum
2370 4176 2541 4230 genus
2607 4176 2772 4215 unum
2802 4160 2988 4215 eadem
3022 4160 3200 4231 lingua
3261 4175 3441 4218 utens.

1881 4255 2185 4325 Porrigitur
2210 4255 2279 4309 ah
2295 4256 2685 4309 mediterranea
2724 4268 2782 4308 se
2809 4254 3107 4309 extendens
3153 4270 3324 4322 usque
3372 4260 3441 4309 ad

1886 4338 2111 4412 Istrum,
2134 4348 2406 4418 attingens
2435 4347 2687 4403 Sandalis
2751 4347 3025 4415 regionem
3064 4348 3309 4403 ﬁnitimis
3342 4364 3443 4401 un—

215 4453 451 4513 ἐνοικεῖ,
498 4420 679 4517 καὶτῇ
735 4447 871 4515 αὑτῇ
928 4420 1076 4514 φωνῇ
1130 4444 1524 4513 διαχρώμενον,
1561 4441 1653 4494 καὶ
1691 4440 1778 4494 ἐπὶ

1889 4444 2052 4512 dique
2094 4441 2349 4497 Triballis
2380 4450 2435 4496 et
2473 4440 2673 4511 Mysiis.
2705 4440 2832 4495 llaec
2884 4450 3062 4494 autem
3092 4441 3236 4504 dico,
3272 4444 3444 4494 maxi-

220 4544 533 4611 μεσόγαιαν
569 4541 813 4608 παρῆκον
861 4535 987 4605 ἄχρι
1030 4534 1123 4587 τοῦ
1158 4535 1369 4601 Ἴστρου
1392 4571 1409 4597 ,
1442 4529 1785 4602 παραμεῖϐόν

216 4654 273 4689 τε
306 4637 416 4704 τὴν
452 4632 548 4687 τοῦ
580 4631 858 4684 Σανδάλεω
884 4627 1094 4697 χώραν,
1150 4627 1243 4678 xz‘t
1270 4625 1364 4676 τοῦ
1416 4623 1595 4694 ταύτῃ
1636 4621 1787 4691 βασι-

217 4729 355 4791 λέως
390 4727 674 4795 ἐχομένων
701 4722 896 4775 αὐτίκα
921 4722 1026 4773 τῶν
1057 4716 1375 4788 Τριϐαλλῶν
1402 4732 1460 4767 τε
1510 4716 1628 4783 ἅμα
1690 4713 1787 4766 καὶ

214 4822 459 4877 Μυσῶν.
492 4817 741 4872 Μάλιστα
777 4815 834 4868 δὲ
880 4811 1321 4883 συμϐαλλόμενος
1371 4809 1507 4878 ἔχων
1543 4806 1787 4874 ἀποφαί-

216 4914 444 4974 νεσθαι,
470 4910 557 4963 διὰ
584 4909 644 4960 τὸ
687 4907 781 4960 ἐπὶ
817 4905 958 4974 μέγα
991 4905 1049 4957 τὸ
1085 4900 1380 4971 Ἰλλυρικὸν
1419 4899 1572 4966 γένος
1606 4896 1785 4967 χωρῆ-

217 5021 312 5057 σαι
342 5002 661 5069 δυνάμεως,
717 5000 812 5051 καὶ
857 4999 952 5049 ἐπὶ
994 4993 1165 5047 πολλὰ
1213 4995 1383 5062 ταύτῃ
1427 4991 1787 5059 σκεδασθῆναι

217 5096 318 5165 τὴν
346 5095 607 5164 Θρᾳκην,
649 5090 939 5158 Ἰλλυριοὺς
976 5086 1173 5157 μᾶλλον
1198 5086 1258 5138 τὸ
1293 5083 1447 5151 γένος
1475 5082 1632 5135 τοῦτο
1650 5077 1790 5134 εῐναι

220 5189 252 5258 ἦ
283 5184 612 5244 Ἀλϐανούς.
650 5181 975 5248 Συντίθεμαι
1010 5179 1065 5232 δὲ
1107 5176 1200 5230 καὶ
1230 5175 1459 5236 ἐκείνοις
1509 5173 1705 5242 ἔγωγε,
1737 5170 1788 5224 οἳ

224 5282 515 5348 φάσκουσι
562 5275 621 5327 τὸ
682 5272 974 5341 Ἰλλυρικὸν
1021 5271 1176 5339 γένος
1242 5269 1413 5338 ἴσχειν
1489 5265 1636 5335 αύτῷ
1686 5265 1784 5334 τὴν
1831 5275 1833 5279 ‘

1891 4550 1978 4589 me
2005 4537 2143 4588 hanc
2172 4532 2542 4601 conjecturam
2594 4541 2834 4593 secutus,
2866 4532 3009 4599 quod
3061 4539 3277 4585 constet
3325 4532 3443 4601 illy-

1893 4626 2003 4679 rios
2035 4625 2102 4678 ad
2124 4638 2373 4693 magnam
2413 4620 2707 4691 potentiam
2764 4620 3069 4681 devenisse,
3102 4630 3157 4673 et
3186 4621 3239 4674 in
3272 4619 3444 4675 multa

1892 4716 2011 4770 loca
2039 4728 2133 4784 per
2153 4711 2439 4767 Thraciam
2461 4725 2581 4765 esse
2617 4710 2913 4780 dispersos.
2970 4710 3206 4765 Proinde
3273 4715 3448 4782 magis

1892 4807 2073 4873 credo,
2099 4820 2194 4860 eos
2220 4805 2399 4873 potius
2431 4802 2639 4873 Illyrios
2675 4818 2838 4871 quam
2884 4802 3123 4857 Albanos
3190 4804 3447 4860 dicendos

1890 4918 2033 4958 esse.
2073 4901 2353 4956 Assentior
2385 4909 2641 4968 praeterea
2666 4908 2719 4952 et
2746 4896 2873 4960 illis.
2924 4899 3015 4967 qui
3087 4899 3297 4969 Illyrios
3353 4916 3448 4953 no-

1898 5007 2021 5046 men
2056 4991 2125 5044 ab
2162 4992 2380 5057 regione
2412 4987 2641 5043 traxisse
2667 4996 3000 5043 asseverant.
3060 4988 3195 5043 Nam
3223 4989 3359 5042 inter
3385 5002 3445 5040 se

1894 5081 2079 5145 divisi,
2119 5080 2210 5135 alii
2240 5081 2399 5135 aliam
2463 5082 2515 5134 in
2563 5095 2661 5135 usu
2709 5080 3209 5151 linguam_babent.
3262 5078 3446 5145 Itaque

1896 5190 2018 5229 eum
2048 5174 2279 5243 plurima
2302 5173 2583 5228 hominum
2628 5187 2823 5243 genera
2854 5172 2925 5225 ibi
2971 5172 3214 5225 habitent
3252 5169 3448 5238 linguae

1898 5282 2000 5322 usu
2026 5267 2167 5321 inter
2198 5282 2257 5323 se
2324 5266 2734 5334 diversa,-reor
2780 5264 2914 5320 istos
2940 5263 2992 5319 id
3036 5260 3272 5320 nominis
3310 5274 3451 5330 ,esse

1484 5382 1728 5443 Notulte
1761 5380 2158 5458 marginales.

300 5524 464 5592 (7-8)
496 5520 596 5587 Qui
627 5528 681 5573 et
710 5519 969 5573 Carnicus
1002 5517 1227 5571 dicitur.

301 5670 431 5702 *δ’δ’
471 5663 737 5734 Ἰλλυριοὶ,
770 5664 843 5716 sic
876 5664 1033 5716 etiam
1071 5660 1133 5715 η.
1210 5661 1252 5693 ⁸³
1286 5660 1528 5728 Παλαιολ,
1558 5657 1618 5710 R.
1650 5666 1704 5711 ut
1729 5659 1777 5711 in
1803 5675 1848 5713 c.

579 5766 855 5826 ΡΑτιιοι.
896 5762 1014 5823 Gtt.
1059 5754 1254 5818 CLIX.

2964 5734 3026 5800 17
