4026 6204
572 302 681 364 593

1673 286 1983 348 LAONICI
2023 279 2683 344 CHALCOCONDYLA!

3680 270 3779 333 ΞΗ

578 414 826 477 sortitos,
860 420 915 466 ut
936 412 1181 466 dicantur
1211 405 1429 477 Illyrici.
1478 404 1582 459 Sed
1617 405 1731 458 irate
1762 406 2025 456 hactenus
2045 402 2134 454 ad-

2256 400 2557 469 ιπωνυμίαν
2611 396 2717 451 ἀπὸ
2770 395 2868 461 τῆς
2924 392 3128 463 χώρας,
3176 386 3555 457 διακεκρίσθαι
3604 389 3779 455 μέντοι

578 516 765 560 notata
792 504 858 558 de
896 505 997 557 ista
1028 511 1183 571 gente
1206 498 1495 563 suﬂiciant,
1516 499 1616 551 etsi
1670 496 1889 566 quidam
1946 502 2135 564 putent

580 598 819 653 nominis
847 596 1112 649 rationem
1156 591 1299 646 haud
1329 602 1531 644 rectam
1566 604 1650 643 me
1674 589 1999 657 assignasse.
2032 584 2135 639 Ve-

580 706 698 743 rum
720 695 939 757 propter
957 685 1226 756 regionem
1250 697 1410 752 quam
1438 683 1642 748 colunt,
1675 682 1894 737 merito.
1915 690 1972 733 ut
2002 676 2135 731 mibi

580 780 810 843 videtur,
860 776 1053 847 Illyrici
1115 776 1473 844 appellantur.
1529 773 1639 827 Nec
1700 781 1875 825 tamen
1935 767 2135 823 invidia

578 888 665 925 me
693 870 1005 934 comitetur,
1030 869 1084 922 in
1117 868 1260 921 hunc
1308 866 1522 920 modum
1560 865 1627 920 de
1674 865 1757 918 his
1794 863 2133 918 sentientem.

556 962 710 1017 .Nam
732 962 972 1017 Albanos
1000 961 1180 1031 potius
1210 958 1601 1014 Macedonibus
1658 954 2003 1010 adnumerari
2027 952 2110 1007 exi

574 1055 738 1109 stimo
798 1070 959 1123 quam
980 1053 1068 1107 alii
1103 1053 1153 1105 in
1185 1064 1449 1105 terrarum
1479 1050 1610 1103 orbe
1638 1049 1805 1119 genti.
1864 1048 1934 1101 At
1957 1046 2025 1099 de
2056 1044 2139 1099 bis

575 1148 730 1202 satis.
758 1146 1008 1215 Illyricos
1040 1144 1205 1213 igitur
1226 1158 1346 1196 eam
1374 1151 1586 1210 gentem
1610 1140 1849 1202 nomine,
1874 1154 1991 1207 quae
2013 1137 2139 1206 jux-

575 1251 630 1292 ta
667 1238 877 1292 Ionium
918 1237 1135 1291 habitat
1165 1249 1336 1304 usque
1365 1235 1431 1288 ad
1456 1248 1723 1289 summam
1778 1231 2016 1293 Istriam,
2061 1231 2139 1286 sic

577 1331 775 1384 dictam
808 1331 1079 1400 regionem
1118 1326 1281 1398 284
1331 1342 1451 1396 quae
1475 1326 1540 1379 ad
1590 1325 1767 1380 sinum
1816 1322 2056 1377 excurrit
2085 1325 2136 1377 in

578 1420 818 1488 pelagus.
853 1418 1132 1471 Adversus
1165 1417 1357 1469 borum
1382 1430 1557 1483 regem
1600 1413 1674 1483 (9)
1701 1429 1852 1467 arma
1895 1412 2141 1481 capiebat

576 1509 927 1574 Illeclrmetes,
958 1509 1082 1578 Quia
1118 1508 1375 1562 tributum
1432 1508 1667 1575 amplius
1720 1504 1861 1558 ferre
1924 1518 2139 1557 recusa-

580 1604 690 1651 bal.
719 1598 852 1651 Nam
879 1599 1061 1668 regius
1094 1611 1271 1666 praeco
1302 1596 1367 1648 ad
1416 1595 1560 1649 bunc
1584 1601 1908 1657 accesserat,
1940 1592 2140 1661 jubens

582 1690 1087 1760 utquamprimnm,
1126 1704 1274 1742 mora
1327 1689 1472 1742 omni
1534 1687 1729 1756 posita,
1766 1685 2025 1739 tributum
2085 1684 2138 1738 in

574 1781 772 1849 januas
795 1782 1036 1835 inferret.
1057 1779 1389 1851 lllyricorum
1422 1793 1535 1842 rex,
1565 1778 1821 1847 colligens
1844 1778 2135 1841 tributum,

580 1873 725 1942 quod
813 1873 1123 1927 continebat
1226 1872 1468 1941 quinque
1537 1871 1805 1940 myriades
1875 1880 2134 1923 slaterum

576 1980 893 2029 aureorum,
921 1964 1085 2032 idque
1162 1964 1396 2033 praeconi
1479 1963 1792 2026 ostendens,
1847 1962 2060 2016 dicebat
2125 1981 2140 2015 :

581 2056 867 2111 Tribulum
899 2057 1117 2125 quidem
1147 2056 1433 2110 collectum
1462 2064 1512 2109 el
1534 2065 1781 2124 paratmn
1811 2055 1862 2108 in
1894 2064 2142 2124 promptu

582 2160 682 2203 est.
718 2148 825 2202 Nec
858 2157 1034 2201 tamen
1074 2148 1206 2201 mibi
1240 2147 1389 2201 cordi
1416 2158 1498 2202 est
1528 2147 1741 2200 mittere
1796 2148 1903 2216 regi
1966 2155 2144 2199 tantas

581 2256 735 2309 opes,
765 2249 816 2294 et
857 2254 942 2293 me
978 2238 1298 2309 planissime
1337 2238 1419 2292 bis
1451 2239 1683 2307 privare.
1723 2237 1919 2293 Verum
1958 2238 2002 2293 si
2036 2238 2146 2292 bel-

586 2333 696 2385 lum
725 2331 793 2385 ab
830 2347 955 2400 rege
983 2330 1334 2400 impenderit,
1382 2331 1525 2384 bello
1586 2349 1667 2386 me
1699 2333 2033 2387 committam
2072 2330 2147 2386 le-

584 2422 763 2489 licius,
826 2423 869 2475 si
931 2431 1077 2475 tanta
1145 2424 1388 2491 pecunia:
1433 2423 1647 2477 affuerit
1731 2426 1831 2477 vis.
1883 2423 2149 2478 Praeterea

585 2518 630 2569 si
678 2531 740 2570 ea
771 2514 1064 2569 necessitas
1084 2530 1169 2567 me
1197 2515 1626 2582 apprelienderit,
1664 2523 1719 2567 ut
1753 2515 1881 2567 mibi
1909 2515 1961 2569 in
1992 2516 2150 2568 aliam

585 2612 657 2663 sit
685 2608 1024 2679 migrandum
1066 2606 1341 2676 regionem
1375 2625 1387 2661 :
1428 2608 1595 2663 fretus
1645 2608 1765 2663 istis
1824 2610 2037 2676 opibus,
2076 2610 2153 2661 vi-

587 2713 697 2756 tam
722 2701 1061 2758 commodius
1096 2703 1311 2771 exigere
1364 2710 1574 2770 potero.
1621 2702 1821 2771 liegius
1856 2718 2034 2772 praeco
2058 2719 2153 2756 au-

586 2796 740 2849 diens
769 2793 905 2848 istos
928 2808 1234 2857 sermones,
1290 2793 1641 2862 respondisse
1699 2792 1870 2847 fertur
1900 2794 1953 2847 in
2010 2795 2153 2848 lnmc

586 2885 809 2939 modum
849 2884 954 2938 :Et
987 2885 1207 2953 quidem
1242 2886 1529 2953 pnlelirum
1590 2895 1644 2939 et
1704 2885 1994 2939 honestum
2036 2895 2154 2939 erat

587 2992 720 3046 opes
751 2976 883 3031 istas
915 2976 965 3029 in
990 2986 1082 3030 tuo
1123 2975 1367 3031 dominio
1427 2994 1765 3047 permanere,
1815 2981 1859 3032 si
1920 2994 2025 3032 non
2066 2980 2145 3031 in-

2166 1747 2214 1807 B

2238 496 2503 564 ὑπάρχον,
2570 494 2757 548 ἄλλοτε
2814 492 2981 557 ἄλλην
3032 487 3215 555 φωνὴν
3268 485 3595 553 ἀφιέμενον,
3649 480 3782 533 ὥστε

2236 587 2406 641 πολλὰ
2445 583 2811 654 γένη,αὐτοῦ,
2844 585 2935 635 καὶ
2963 581 3113 648 agris:
3163 577 3514 646 διενηνοχότα
3562 574 3785 642 πάμπαν

2235 684 2291 745 ἐς
2314 681 2410 752 τὴν
2438 680 2643 751 φωνὴν,
2675 678 2860 746 λαχεῖν
2899 674 3138 742 τοῦνομα
3173 671 3332 725 τοῦτο
3380 668 3669 736 Ἰλλυριοὺς
3693 684 3790 718 κα-

2234 776 2556 842 λουμένους.
2603 758 2763 824 ’Ἀλλά
2790 766 2962 820 ταῦτα
3000 768 3099 834 μὲν
3125 764 3268 816 οῦτω
3304 780 3396 832 μοι
3434 762 3489 823 ἐς
3543 758 3792 812 τοσοῦτον

2235 864 2658 934 ἀναγεγράφθω.
2679 864 2739 915 Ei
2759 862 2814 913 δὲ
2846 860 2921 931 μὴ
2948 858 3189 922 τοῦνομα
3221 855 3352 908 αύτδ
3382 856 3436 916 ὲς
3466 850 3792 921 γένοςτοῦτο

2233 962 2406 1030 ὀρθῶς
2433 960 2677 1030 εἴρηται,
2712 959 2801 1012 διὰ
2830 958 2887 1010 δὲ
2915 957 3015 1026 τὴν
3045 953 3252 1022 χώραν,
3281 953 3346 1023 ἢν
3376 949 3624 1003 ἐνοικοῦν
3666 949 3788 1016 φαίο

2235 1069 2383 1105 νεται
2404 1053 2500 1120 τὴν
2550 1050 2848 1120 Ἰλλυριῶν,
2871 1048 3019 1114 ἄξιόν
3044 1049 3161 1100 ἐστι
3190 1043 3454 1115 φέρεσθαί
3488 1044 3537 1095 oi
3560 1041 3792 1109 τοῦνομα

2235 1142 2412 1194 τοῦτο.
2452 1141 2560 1193 Καὶ
2597 1141 2672 1208 μὴ
2734 1138 2955 1208 νέμεσις
3009 1137 3094 1207 εἴη
3133 1135 3278 1188 οὕτω
3322 1131 3611 1203 φρονοῦντι
3671 1132 3793 1197 περὶ

2235 1234 2433 1286 αὐτῶν.
2469 1232 2759 1293 Ἀλϐανοὺς
2782 1231 2891 1300 γάρ
2932 1229 3109 1297 ἔγωγε
3138 1226 3343 1297 μᾶλλόν
3373 1241 3432 1277 τε
3461 1225 3575 1286 τοῖς
3614 1223 3793 1276 Μακε-

2234 1327 2349 1381 δόσι
2382 1323 2767 1394 προστίθεσθαι
2795 1323 2860 1376 ἂν
2880 1322 3098 1391 λέγοιμι
3124 1320 3158 1389 ἢ
3193 1320 3341 1388 ἄλλῳ
3366 1318 3472 1371 τινὶ
3504 1317 3614 1370 τῶν
3657 1317 3797 1368 κατά

2234 1417 2333 1487 τὴν
2359 1417 2685 1485 οἰκουμένην
2723 1414 2914 1469 ἐθνῶν.
2942 1413 3137 1467 Ούδενί
3160 1429 3220 1465 τε
3258 1412 3367 1482 γάρ
3403 1411 3798 1480 συμφέρονται,

2237 1508 2319 1560 δτι
2364 1509 2438 1577 μὴ
2463 1507 2524 1559 τὶ
2553 1505 2880 1560 Μακεδόνων
2911 1506 3089 1572 γένος.
3131 1503 3295 1556 Ἀλλᾶ
3322 1502 3524 1556 τούτων
3548 1502 3650 1573 μὲν
3674 1502 3802 1570 πέρι

2237 1598 2359 1657 ἃλις
2410 1597 2548 1649 έστω
2588 1595 2756 1648 ταῦτα
2813 1594 3099 1664 είρημένα.
3131 1592 3433 1645 Καλείσθω
3465 1592 3519 1644 δέ
3580 1608 3669 1657 μοι
3725 1591 3805 1658 τῷ

2238 1690 2465 1756 ὀνόματι
2522 1687 2698 1756 τούτῳ
2746 1686 2995 1755 Ἰλλυριοὶ
3050 1686 3100 1737 οἱ
3154 1685 3284 1754 περὶ
3338 1683 3428 1736 τὸν
3490 1684 3672 1736 Ἰόνιον
3726 1684 3807 1733 oi-

2244 1783 2467 1843 κοῦντες
2512 1782 2669 1852 ἄχρις
2697 1780 2872 1850 ἄκρας
2916 1778 3150 1849 Ἰστρίας
3185 1778 3524 1846 καλουμένης
3569 1777 3703 1847 πρὸς
3725 1776 3806 1845 τῷ

2247 1876 2401 1945 μυχῷ
2439 1875 2530 1928 τοῦ
2560 1874 2779 1938 κόλπου,
2807 1873 3102 1944 ἀνεχούσης
3134 1871 3308 1943 ταύτῃ
3351 1872 3409 1934 ἐς
3441 1873 3500 1924 τὸ
3542 1872 3806 1935 πέλαγος,

2246 1968 2339 2021 καί¹
2363 1969 2411 2019 οἱ
2443 1968 2571 2037 περὶ
2620 1964 2716 2035 τὴν
2747 1965 2919 2035 ταύτῃ
2982 1966 3275 2033 μεσόγαιον
3325 1963 3601 2025 οἰκοῦντες
3644 1962 3810 2015 Ἰλλυ-

2247 2060 2376 2129 ριοί.
2417 2058 2542 2113 Ἐπὶ
2574 2058 2761 2111 τοῦτον
2796 2057 2853 2111 δὲ
2885 2058 2977 2110 τὸν
3009 2058 3236 2127 βασιλέα
3266 2055 3626 2127 ἐστρατεύετο
3648 2056 3810 2125 βασι-

2247 2153 2372 2216 λεὺς
2398 2150 2712 2221 Μεχμέτης,
2755 2152 2835 2205 δτι
2859 2151 2951 2203 τὸν
2980 2151 3147 2219 φόρον
3192 2148 3377 2212 αὐτοῦ,
3415 2148 3489 2210 ὡς
3516 2146 3601 2200 ἐπ’
3646 2148 3813 2200 αὐτὴν

2249 2246 2476 2313 ἀφίκετο
2532 2245 2796 2313 βασιλέως
2865 2241 3060 2311 κήρυξ,
3111 2240 3351 2294 κελεύων
3414 2243 3507 2294 τόν
3536 2258 3594 2293 τε
3644 2242 3816 2310 φόρον

2250 2339 2488 2405 ἀπάγειν
2523 2338 2606 2390 ὅτι
2641 2336 2872 2405 τάχιστα
2920 2338 2976 2399 ὲς
3024 2336 3125 2397 τὰς
3182 2331 3444 2402 βασιλέως
3489 2333 3682 2403 θύρας,
3716 2338 3821 2387 καὶ

2255 2432 2331 2501 μὴ
2358 2429 2692 2498 διαμέλλειν,
2726 2427 3050 2496 συναγείρας
3086 2427 3176 2480 τὸν
3224 2430 3410 2495 φόρον,
3462 2428 3623 2479 πέντε
3680 2426 3820 2478 ὄντα

2258 2522 2525 2592 μυριάδας
2581 2522 2888 2591 στατήρων,
2954 2522 3047 2572 καὶ
3077 2520 3351 2586 ἐπιδείξας
3412 2520 3489 2590 τῷ
3545 2519 3823 2588 βασιλέως

2255 2622 2477 2686 κήρυκι,
2522 2616 2596 2678 ὠς
2630 2616 2849 2684 ἕτοιμος
2883 2614 2984 2682 μὲν
3007 2614 3090 2683 είη
3122 2617 3148 2667 ὁ
3172 2614 3355 2684 φόρος,
3391 2615 3485 2666 καὶ
3537 2614 3613 2676 ὡς
3675 2630 3827 2679 παρ-

2255 2708 2582 2774 εσκεύαστο,
2610 2708 2671 2759 ού
2708 2707 2892 2777 μέντοι
2925 2724 2989 2773 γε
3039 2707 3404 2776 προθυμεῖται
3434 2704 3827 2775 ἐπιπέμποντα

2255 2803 2332 2871 τῷ
2386 2800 2599 2871 βασιλεῖ
2633 2801 2699 2852 τὰ
2759 2800 3040 2869 χρήματα,
3089 2796 3378 2868 στέρεσθαι
3405 2796 3609 2876 τούτων
3653 2796 3828 2850 αὑτὸν

2255 2896 2378 2949 οὐδέ
2409 2898 2458 2947 οἱ
2484 2895 2663 2957 καλῶς
2704 2894 2871 2962 ἔχειν.
2926 2890 3087 2945 Ἀλλὰ
3115 2893 3210 2945 σὺν
3231 2892 3464 2955 τούτοις,
3505 2893 3598 2943 καὶ
3626 2890 3692 2961 ἢν
3727 2909 3827 2943 πο-

2258 2989 2446 3057 λεμεῖν
2476 2989 2592 3057 δέῃ,
2632 2987 2893 3056 πολεμεῖν
2921 2987 2999 3055 τῷ
3028 2983 3244 3053 βασιλεῖ
3268 2984 3507 3043 πόλεμον
3539 2982 3828 3053 ἐπαράμε-

590 3069 744 3122 terim
801 3067 1063 3123 ftederum
1120 3068 1432 3138 religionem
1482 3068 1646 3138 impie
1711 3071 2150 3139 transgrediendo

2261 3096 2371 3142 νον,
2440 3079 2664 3147 ἄμεινον
2696 3077 2761 3130 ἂν
2809 3074 3287 3145 παρασκευάζοιτο
3325 3074 3381 3135 ές
3427 3074 3519 3125 τὸν
3562 3073 3831 3142 πόλεμον.

592 3170 883 3214 temerares
914 3177 930 3214 :
963 3160 1043 3213 sin
1072 3160 1328 3229 cupidine
1364 3160 1554 3214 barum
1609 3177 1771 3229 opum
1804 3163 2024 3224 dlIClUS,
2059 3162 2154 3216 fu:-

592 3255 717 3307 dera
762 3252 966 3307 violare
998 3253 1318 3318 institueris,
1349 3264 1401 3307 et
1432 3253 1557 3307 inde
1610 3253 1704 3308 tibi
1762 3257 1946 3308 nescio
1987 3271 2153 3324 quam

594 3345 900 3399 felicitatem
929 3345 1201 3416 pollicitus
1228 3345 1419 3411 fueris,
1444 3360 1631 3401 vereor
1660 3347 1901 3413 profecto
1941 3356 1999 3400 ut
2030 3362 2159 3400 cou-

595 3434 821 3487 rrarium
879 3434 1114 3490 eveniat.
1148 3432 1284 3488 Nam
1314 3446 1537 3490 auctore
1568 3435 1679 3489 Deo
1713 3437 1990 3504 possidere
2023 3437 2157 3491 istas

592 3541 722 3592 opes
754 3526 1065 3594 neutiquam
1126 3529 1326 3582 malum
1360 3529 1587 3583 duxero.
1651 3528 1919 3583 l‘ra-terea
1959 3531 2151 3585 iisdem

592 3619 784 3686 opibus
814 3630 1036 3674 auctore
1068 3620 1185 3674 Ded
1234 3622 1382 3687 exui,
1427 3622 1585 3691 longe
1632 3624 1897 3690 optimum
1945 3623 2155 3689 judico,

596 3711 775 3778 potius
795 3694 955 3779 quam
987 3713 1334 3766 contumeliis
1360 3722 1412 3767 et
1434 3714 1647 3782 injuriis
1670 3713 1882 3767 allicere
1908 3729 2032 3768 eum
2061 3730 2157 3767 cu-

586 3820 683 3896 lus
714 3803 966 3873 prmsidio
992 3821 1085 3860 eas
1110 3806 1458 3875 acquisieris.

2261 3172 2369 3224 Kal.
2392 3169 2457 3239 ἢν
2484 3169 2578 3239 δὲῃ
2620 3168 2927 3238 ἀπαίροντα
2960 3166 3128 3236 ἄλλην
3183 3164 3308 3217 τινὰ
3360 3164 3677 3217 στέλλεσθαι
3714 3164 3829 3235 χώ-

2260 3281 2387 3333 ραν,
2419 3261 2592 3314 ταῦτα
2629 3261 2821 3330 ἔχοντα
2859 3260 2929 3313 τά
2977 3260 3258 3329 χρήματα,
3294 3257 3520 3327 ἄμεινον
3569 3258 3827 3326 πράξειν.

2261 3357 2365 3409 Τὸν
2397 3356 2501 3429 μὲν
2527 3354 2620 3407 οὖν
2652 3356 2876 3423 κήρυκα
2934 3353 3153 3420 λέγεται
3196 3353 3463 3411 ἐπειπεῖν.
3514 3351 3836 3404 ἀκούσαντα

2264 3448 2388 3510 τοὺς
2414 3446 2606 3512 λόγους
2674 3444 2894 3507 τούτους
2922 3459 2934 3472 ’
2960 3440 3030 3496 Ὠ
3090 3442 3313 3513 βασιλεῦ
3374 3442 3535 3512 τῆσδε
3578 3444 3673 3513 τῆς
3712 3443 3835 3513 χὼ-
3896 3432 3903 3439 ’

2267 3557 2389 3610 ρας,
2423 3540 2560 3593 ἀλλὰ
2586 3538 2764 3591 ταῦτα
2797 3538 2865 3591 τὰ
2893 3541 3157 3607 χρήματα
3191 3537 3370 3600 καλῶς
3415 3539 3525 3607 ἔχει
3550 3537 3697 3605 παρὰ
3747 3539 3837 3589 σοὶ

2269 3632 2413 3688 εἶναι
2468 3633 2543 3704 μὴ
2600 3635 2697 3696 τὰς
2751 3633 2981 3695 σπονδὰς
3039 3632 3452 3700 παραϐαίνοντι.
3497 3632 3598 3683 Ἢν
3639 3629 3694 3681 δὲ
3742 3629 3837 3682 διᾶ

2268 3726 2441 3779 ταῦτα
2496 3725 2857 3794 παραὸαίνων
2890 3724 2979 3794 oin
3036 3723 3261 3792 ἄμεινον
3316 3721 3566 3792 πράξειν,
3611 3719 3839 3771 δέδοικα

2276 3820 2351 3889 μὴ
2405 3818 2587 3888 χεῖρόν
2613 3833 2697 3870 σοι
2733 3818 2961 3901 ,γένοιτο
3010 3818 3100 3870 διὰ
3140 3815 3339 3867 ταῦτα.
3397 3814 3499 3865 Σὺν
3547 3812 3653 3882 γὰρ
3708 3810 3839 3879 Θεῷ

592 3903 690 3956 καὶ
722 3902 894 3957 ταῦτα
932 3902 1078 3971 ἔχειν
1124 3903 1192 3955 τά
1239 3904 1499 3974 Χρήματα
1559 3906 1695 3962 πολὺ
1740 3907 2003 3977 ἄμεινον’
2070 3913 2162 3964 καὶ
2216 3915 2314 3967 σὺν
2361 3915 2439 3986 τῷ
2507 3914 2627 3983 Θεῷ
2691 3912 2898 3965 τούτων
2947 3911 3228 3982 στέρεσθαι
3279 3908 3526 3979 ἄμεινον,
3588 3907 3619 3976 ἢ
3674 3906 3840 3975 ὑϐρί-

592 3998 755 4060 ζοντα
809 3999 866 4059 ἐς
941 3997 1151 4048 ἐκεῖνον
1233 3997 1607 4052 πολλαπλάσια
1686 3999 1906 4054 τούτων
1964 4003 2279 4071 κεκτῆσθαι.

661 4088 960 4158 Hisdictis,
982 4103 1159 4159 praeco
1212 4088 1279 4143 ad
1312 4105 1488 4160 regem
1511 4094 1803 4148 revertitur
1826 4112 1841 4153 :
1862 4107 2165 4164 exponens-

594 4195 702 4249 que
732 4196 851 4249 quae
874 4190 1229 4251 aceepentab
1267 4182 1604 4252 Illyricorum
1633 4201 1777 4257 rege,
1802 4203 1981 4257 regem
2005 4204 2162 4243 com-

596 4277 788 4339 movit,
823 4285 1095 4330 utcontra
1140 4277 1331 4331 ambos
1387 4276 1585 4331 bellum
1642 4280 1967 4349 susciperet.
2027 4278 2160 4335 Nam

599 4366 789 4421 eodem
846 4379 1086 4437 tempore
1147 4368 1311 4421 etiam
1374 4368 1572 4423 bellum
1659 4370 1763 4425 fuit
1792 4385 1918 4425 cum
1990 4370 2163 4427 Dacia:

598 4461 869 4529 principe,
900 4463 993 4529 qui
1026 4460 1283 4529 injuriam
1332 4465 1623 4516 maximam
1652 4464 1813 4534 regiae
1844 4463 2063 4518 familiae
2088 4468 2163 4520 l'e-

601 4560 773 4615 cerat,
796 4551 987 4621 legalis
1018 4551 1138 4619 ejus
1171 4552 1387 4607 violatis
1428 4563 1483 4605 et
1546 4552 1867 4609 interfectis.
1894 4556 2161 4610 Cancrum

604 4643 703 4696 sub
733 4642 872 4696 idem
905 4652 1115 4710 tempus
1152 4657 1261 4711 quo
1290 4641 1464 4697 Dacos
1526 4643 1666 4697 bello
1691 4644 2005 4712 lacessebat,
2048 4647 2170 4715 Illy-

605 4734 702 4786 ι·ιυὶ
754 4749 933 4802 regem
964 4733 1152 4788 ulcisci
1223 4735 1484 4803 nequivit.
1538 4734 1735 4790 Verum
1790 4739 1897 4791 isto
1950 4745 2165 4792 ili-unum

604 4838 749 4877 anno
776 4838 899 4877 cum
929 4826 1205 4878 exercitus
1237 4827 1305 4879 ab
1333 4823 1547 4894 EurOpa
1589 4835 1642 4880 et
1661 4826 1788 4882 Asia
1830 4831 2171 4897 Adrianopo-

610 4918 702 4969 lim
731 4916 907 4969 forent
938 4916 1173 4979 collecti,
1196 4919 1368 4987 primo
1396 4933 1520 4972 vere
1562 4922 1614 4973 in
1673 4920 1915 4991 Illyricos
1980 4924 2170 4985 movit,

607 5009 660 5059 in
695 5007 879 5060 animo
911 5008 1121 5076 agitans
1150 5021 1201 5061 et
1230 5010 1282 5062 in
1315 5010 1562 5065 Sandalis
1616 5016 1888 5082 regionem
1943 5016 2175 5069 irruere.

608 5098 706 5154 llic
740 5116 832 5154 rex
860 5100 1037 5154 fuerat
1062 5101 1206 5157 ﬁlius
1238 5103 1548 5171 illegitimus
1600 5121 1740 5174 regis
1768 5107 1861 5174 qui
1897 5108 2050 5176 prius
2073 5111 2174 5160 im-

609 5194 1183 5262 periotemperaverat
1208 5194 1498 5265 Illyricos:
1551 5210 1603 5251 et
1653 5214 1774 5251 eum
1802 5200 2172 5251 discordi-asa-

608 5296 786 5341 troees
810 5288 1140 5355 interipsum
1165 5298 1217 5341 et
1236 5289 1428 5344 fratres
1475 5291 1592 5359 ejus
1649 5295 1741 5359 qui
1796 5294 1862 5344 ad
1907 5292 2168 5345 ducatum

608 5377 923 5445 aspirabanl
955 5381 1311 5444 exarsissent,
1349 5382 1604 5435 miserunt
1643 5383 1843 5451 legatos
1866 5384 1929 5435 ad
1959 5399 2165 5451 regem,

609 5470 837 5538 ejusque
864 5469 1085 5563 arbitr/io
1112 5486 1220 5524 rem
1260 5482 1424 5526 totam
1459 5473 1856 5542 transigendam
1900 5475 2168 5541 permise-

2340 4098 2526 4153 Ταῦτα
2553 4101 2579 4152 ὁ
2624 4098 2799 4168 κήρνξ
2857 4096 3026 4150 εἰπὼν
3078 4095 3358 4167 ἀπήλαυνε
3402 4096 3550 4166 παρὰ
3587 4094 3841 4163 βασιλέα,

2268 4195 2361 4246 καὶ
2418 4193 2786 4260 ἀπαγγείλας-
2817 4190 2911 4243 τοῦ
2967 4188 3232 4258 Ἰλλυριοῦ
3291 4189 3385 4240 τὸν
3422 4188 3598 4253 λόγον,
3657 4188 3843 4257 ἐπῆρε

2268 4284 2492 4353 βασιλέα
2530 4258 2922 4351 στρατεύέσθαι
2952 4279 3039 4333 ἐπ’
3082 4281 3449 4349 ἀμφοτέρους.
3475 4275 3582 4332 Ἷιν
3606 4278 3651 4331 δ’
3684 4281 3845 4347 αὐτῷ

2267 4374 2573 4446 τηνικαῦτα
2604 4375 2785 4436 ἔλασις
2819 4375 2907 4425 ἐπὶ
2936 4374 3027 4425 τὴν
3062 4372 3266 4434 Δακίας
3314 4370 3575 4441 ἡγεμόνα,
3620 4370 3845 4440 ἐξυϐρίο

2271 4484 2436 4519 σαντα
2476 4467 2725 4536 μεγάλως
2751 4467 2805 4526 ές
2834 4465 2927 4515 τὸν
2952 4463 3046 4515 τοῦ
3084 4462 3352 4532 βασιλέως
3388 4456 3559 4525 οἷκον,
3588 4462 3683 4514 καὶ⁸
3709 4462 3845 4515 ἁνε-

2270 4560 2432 4612 λὸντα
2458 4556 2587 4619 τοὺς
2619 4556 2903 4623 πρέσϐεις,
2947 4555 3111 4607 ’Δλλὰ
3140 4556 3259 4606 τότε
3308 4555 3407 4622 μὲν
3441 4554 3719 4606 ἐλαύνοντι
3744 4556 3846 4606 ἐπὶ

2272 4652 2474 4713 Δᾶκας,
2503 4652 2602 4703 ούκ
2634 4652 2913 4717 ἐξεγένετο
2958 4631 3211 4701 τίσασθαι
3264 4646 3489 4716 βασιλέα
3537 4645 3846 4715 Ἰλλυριῶνο

2273 4742 2349 4811 τῷ
2366 4741 2409 4794 δ’
2431 4742 2661 4808 ἐνιαυτῷ
2680 4741 2871 4809 τούτῳ,
2896 4733 2970 4801 ὡς
2995 4737 3174 4805 παρῆν
3207 4736 3354 4804 αὐτῷ
3371 4736 3437 4788 τὰ
3456 4735 3849 4803 στρατεύματα

2273 4835 2329 4893 ές
2380 4834 2479 4899 τὴν
2542 4828 2989 4900 Ἀδριανούπολιν
3038 4826 3148 4880 ἀπό
3213 4841 3273 4877 τε
3326 4825 3429 4890 τῆς
3503 4824 3690 4875 ’Λείας
3746 4838 3846 4874 και

2278 4924 2374 4988 τῆς
2448 4922 2750 4991 Εὐρώπης,
2822 4919 2957 4988 ἦρος
3025 4914 3466 4983 ἐπιγενομένου,
3542 4912 3843 4980 ἐξήλαυνεν

2280 5014 2374 5066 ἐπὶ
2432 5013 2759 5081 Ἰλλυριοὺς,
2809 5014 2867 5062 ἐν
2936 5009 3010 5079 νῷ
3068 5008 3209 5077 ἒχων
3279 5006 3528 5059 ἐσϐαλεῖν
3566 5004 3698 5082 ,καὶ
3773 5002 3844 5062 t;

2278 5112 2378 5177 τὴν
2405 5109 2683 5162 Σανδάλεω
2711 5108 2912 5177 χώραν.
2948 5105 3051 5158 Τὸν
3079 5105 3133 5157 δὲ
3169 5102 3393 5171 βασιλέα
3425 5102 3636 5162 τοῦτον,
3666 5097 3843 5151 παῖδα

2279 5202 2407 5253 ὄντα
2437 5202 2591 5253 νόθον
2623 5200 2717 5253 τοῦ
2758 5200 3021 5269 πρότερον
3051 5196 3318 5265 βασιλέως
3390 5193 3682 5263 Ἰλλυριῶν,
3738 5194 3846 5242 καὶ

2280 5296 2416 5363 πρὸς
2464 5300 2590 5356 τοὺς
2645 5293 2905 5360 ἀδελφοὺς
2942 5290 3108 5343 αὐτοῦ
3160 5289 3534 5357 διηνεγμὲνον,
3571 5287 3851 5355 ὡρμημέ-

2276 5402 2399 5447 νους
2450 5386 2537 5437 ἐπὶ
2563 5385 2658 5453 τὴν
2696 5385 2796 5451 τῆς
2848 5389 3033 5453 χώρας
3096 5380 3416 5452 ἡγεμονίαν,
3469 5379 3564 5431 καὶ
3612 5378 3851 5446 διαπρε-

2282 5479 2605 5543 σϐευόμενον
2634 5475 2708 5540 ὡς
2738 5477 2979 5546 βασιλέα,
3000 5476 3370 5546 ἐπετράποντο
3396 5471 3544 5542 αύτῷ
3569 5471 3850 5542 διαιτητῇ,

1886 5613 2130 5674 Νοιιιιευ
2164 5616 2567 5693 marginales.

680 5735 758 5808 (9)
790 5732 1118 5804 Stephanum
1146 5738 1504 5809 illegitimum,
1539 5741 1625 5812 qui
1652 5750 1855 5812 patrem
1899 5742 2019 5798 dolo
2072 5757 2233 5815 regno
2260 5745 2508 5815 ejccerat.
2550 5744 2677 5800 \‘ide
2712 5742 2920 5798 Bonlin.
2956 5753 2999 5797 cl
3034 5740 3151 5797 τιον.
