4026 6204
277 312 383 377 525

1276 328 1379 390 DE
1417 332 1663 395 R‘EBUS
1691 334 2050 397 TURCI‘CIS
2080 341 2233 401 LIB.
2267 341 2342 404 X.

3399 353 3502 415 526

279 432 522 498 ἐπεδειξέ
550 451 609 486 τε
645 433 832 488 τοῦτον
869 439 1090 507 βασιλέα
1118 443 1213 511 τῆς
1239 447 1440 515 χώρας.
1474 451 1578 502 Καὶ
1611 454 1821 525 Ἰσαάκτ

1939 469 2088 521 rttut,
2114 461 2207 530 qui
2238 461 2383 516 hunc
2410 463 2642 532 regionis
2693 479 2878 535 regem
2945 466 3261 522 declaravit.
3318 467 3505 523 lsaaca

277 525 352 594 τῷ
379 524 630 577 Σκοπίων
655 527 889 598 ὑπάρχῳ
923 533 1212 602 ὁμοροῦντί
1253 554 1311 588 τε
1329 542 1384 601 ἐς
1418 541 1515 610 τὴν
1547 543 1651 596 τῶν
1675 546 1842 601 Ἰλλυ-

281 613 412 682 ριῶν
440 615 649 684 χώραν,
686 617 840 680 ὅπως
875 622 1022 690 αὐτῷ
1053 629 1317 697 τιμωρῶν
1351 636 1762 691 σωεπιλὰϐοιτο
1785 642 1844 704 ἐς

277 705 373 774 τὴν
397 709 748 774 ἡγεμονείαν.
772 713 881 764 Καὶ
907 717 1138 784 στρατὸν
1168 721 1320 791 αύτῴ
1342 728 1717 797 παρεχόμενος
1748 733 1842 784 ἐπὶ

278 797 402 852 τοὺς
435 799 714 868 ἀδελφοὺς,
749 804 849 866 τήν
885 822 946 857 τε
974 808 1161 878 χώραν
1192 812 1368 882 ἐδῄου,
1431 821 1525 870 καὶ
1567 821 1840 890 ἠνδραποο

278 887 473 950 δίζετο.
501 891 609 942 Καὶ
640 892 806 945 αὑτὸν
838 895 893 957 ἐς
929 899 1030 965 τὴν
1071 900 1352 968 βασιλείαν
1421 914 1841 983 καταστησάμε-

282 997 460 1049 μενος,
482 984 737 1051 ἐπολέμει
766 989 876 1048 sai;
917 988 1186 1058 ἀδελφοῖς,
1212 996 1327 1063 ἅμα
1351 998 1484 1067 τῷδε
1530 1000 1607 1068 τῷ
1673 1002 1837 1056 Ἰλλυ-

282 1074 416 1142 ριῶν
446 1075 674 1145 βασιλεῖ.
731 1079 841 1132 Καὶ
884 1082 1116 1137 πλεῖστα
1166 1087 1222 1139 δὲ
1266 1090 1470 1159 ταύτης
1502 1095 1601 1160 τῆς
1654 1095 1836 1166 χώρας

279 1167 590 1236 ἀνδράποδα
611 1171 868 1239 ἀγόμενοι
899 1175 948 1226 oi
1001 1174 1238 1248 Τοῦρκοι
1263 1180 1336 1244 ⁴³,
1391 1185 1594 1254 ταύτην
1633 1188 1835 1258 ὅμορον

279 1259 551 1350 οἰκοῦντες
581 1261 677 1329 τὴν
708 1264 913 1333 χώραν.
946 1268 1145 1323 Πασῶν
1175 1271 1230 1324 δὲ
1255 1273 1364 1326 τῶν
1396 1276 1604 1329 πόλεων
1625 1279 1834 1350 ἀρχῶν,

275 1342 352 1401 ὧν
386 1339 537 1419 ἡμείς
572 1353 727 1421 ἴσμεν
763 1356 1075 1425 ἀνδράποδα
1107 1361 1166 1425 ἒς
1203 1381 1262 1416 τε
1293 1367 1394 1434 τὴν
1424 1339 1836 1441 Εὐρώπηνῖκῶ

273 1443 331 1504 ἐς
359 1444 454 1512 τὴν
500 1443 682 1497 Ἀσίαν
729 1446 1073 1518 ληϊσάμενοι,
1115 1455 1452 1523 διεϐίϐαζον.
1507 1463 1612 1515 Καὶ
1650 1466 1832 1529 ἐξότου

271 1535 367 1603 τὴν
395 1535 639 1590 Σκοπίων
683 1539 852 1608 ῷκισε
887 1543 1066 1610 πόλιν,
1122 1549 1218 1600 καὶ
1263 1551 1471 1620 Ἰησοῦς
1504 1556 1532 1606 ὁ
1573 1557 1834 1612 Ίσαάκεω

275 1631 395 1690 παῖς
433 1631 812 1718 ἐπιτροπεύων
849 1636 954 1689 ὑπὸ
995 1637 1267 1706 βασιλέως
1291 1645 1495 1717 ταύτην
1515 1649 1616 1718 τὴν
1651 1653 1830 1714 πόλιν,

273 1720 345 1781 ὡς
371 1720 610 1782 πλεῖστα,
663 1717 737 1776 ὢν
785 1726 946 1794 ἡμεῖς
994 1727 1171 1797 ἴσμεν,
1229 1731 1320 1785 διὰ
1369 1735 1565 1789 πολλοῦ
1628 1741 1823 1809 χρόνου

278 1813 506 1881 ἐληίζετο
532 1817 629 1884 τὴν
666 1817 940 1888 Ἱλλυριῶν
968 1823 1176 1891 χώραν,
1198 1826 1292 1878 καὶ
1327 1829 1706 1900 ἀποφέρεσθαι
1728 1833 1824 1884 ἀν·
1857 1817 1902 1874 Β

277 1907 528 1976 δράποδα,
569 1911 668 1963 ὅσα
689 1913 763 1981 μὴ
789 1912 854 1964 ἄν
875 1931 1010 1966 ποτε
1060 1917 1281 1971 ἐλπίσαι
1318 1922 1566 1989 ἐνεγκεῖν
1593 1926 1693 1995 τὴν
1715 1927 1826 1996 χὼ-

285 2017 380 2066 ραν
413 2002 642 2070 ἐκείνην.
667 2004 1014 2075 Πυνθάνομαι
1043 2007 1099 2059 δὲ
1132 2010 1232 2077 τὴν
1259 2011 1445 2082 χώραν
1483 2014 1691 2085 διήκειν
1720 2018 1827 2070 ἀπὸ

279 2091 376 2157 τῆς
415 2093 720 2158 Τριϐαλλῶν
750 2095 956 2165 χώρας,
984 2099 1078 2151 καὶ
1112 2102 1414 2171 Δοροϐίκης
1463 2107 1714 2176 ποταμοῦ
1769 2111 1827 2172 ἐς

279 2185 373 2251 τὴν
403 2184 678 2238 Σανδάλεω
728 2187 934 2259 χώραν,
969 2191 1068 2244 καὶ
1130 2193 1225 2244 ἐπὶ
1269 2195 1358 2247 τὸν
1398 2196 1582 2250 Ἰόνιον
1629 2199 1825 2253 κόλπον

281 2277 521 2342 σταδίους
555 2280 611 2341 ἐς
633 2280 994 2346 ὀκτακοσίους
1022 2283 1068 2315 ⁸⁸
1099 2285 1159 2337 τὸ
1187 2285 1384 2355 μῆκος.
1434 2289 1506 2341 Τὸ
1532 2289 1587 2342 δὲ
1621 2291 1826 2356 πλάτος

283 2369 365 2417 ἐπὶ
385 2368 683 2436 δισχιλίους
712 2371 950 2439 μάλιστά
984 2390 1076 2426 ποι
1108 2376 1358 2439 σταδίους
1407 2383 1677 2450 παρήκειν
1725 2383 1826 2452 τὴν

289 2458 445 2525 χώραν
467 2464 521 2521 ἐς
556 2461 684 2522 τοὺς
712 2463 946 2527 Παίονας
976 2467 1071 2518 καὶ
1096 2467 1151 2529 ἐς
1182 2468 1536 2538 Τριϐαλλούς.
1570 2475 1680 2526 Καὶ
1717 2474 1824 2527 ἀπὸ

295 2549 380 2614 μὲν
423 2552 524 2603 τῶν
583 2553 898 2622 Τριϐαλλῶν
945 2556 1132 2628 ἔχεται
1186 2547 1385 2615 αύτίκα
1429 2565 1463 2634 ἡ
1518 2564 1670 2636 χώρα
1727 2569 1821 2622 τοῦ

303 2639 566 2694 ἰσαάκεωο
605 2647 743 2710 μετὰ
778 2645 836 2698 δέ
862 2650 894 2716 ἡ
928 2647 1020 2700 τοῦ
1052 2648 1268 2703 Παύλου
1317 2653 1492 2722 χώρα,
1521 2656 1615 2708 καὶ
1643 2658 1698 2708 αἱ
1730 2659 1824 2712 πύ-

282 2731 374 2793 λεις
408 2737 835 2805 παρατείνουσιν
896 2741 952 2802 ἐς
982 2740 1157 2810 αὐτὴν
1213 2743 1326 2796 τῶν
1374 2745 1648 2817 Ἰλλυριῶν
1680 2747 1824 2818 βασι-

277 2821 392 2885 λέως
419 2827 638 2895 χώραν,
675 2829 866 2881 Ἐπολέ
879 2848 1014 2901 μουν
1044 2833 1143 2900 μὲν
1171 2829 1431 2890 οὗτοικαὶ
1464 2840 1730 2910 πρότερον
1745 2841 1822 2909 τῷ

273 2915 493 2983 βασιλεῖ.
531 2921 654 2974 ’0τέ
687 2922 788 2990 μὲν
835 2923 891 2986 ἐς
945 2927 1075 2989 τοὺς
1129 2928 1484 2997 Τριϐαλλοὺς,
1518 2934 1604 2985 ὁτὲ
1633 2933 1690 2985 δὲ
1727 2935 1823 2986 καὶ

269 3010 319 3070 ἐς
346 3014 469 3073 τοὺς
527 3015 764 3077 Παίονας
826 3015 1302 3088 ταλαντευόμενοι,
1342 3024 1434 3075 καὶ
1491 3024 1819 3095 ἐπαγόμενοι

266 3103 698 3175 τοὺςτούρκους,
728 3106 1008 3176 ἐληίζοντο
1027 3110 1128 3180 τὴν
1171 3111 1450 3184 Ἱλλυριῶν
1469 3116 1672 3185 ὅμορον
1705 3119 1815 3188 χώ-

266 3211 380 3260 ραν.
427 3197 540 3249 Καὶ
575 3199 714 3266 πρὸς
761 3199 887 3262 τοὺς
927 3199 1259 3271 Τριϐαλλοὺς
1296 3207 1615 3276 ἐπολέμουν,
1660 3212 1753 3263 καὶ
1789 3214 1818 3265 ό

259 3286 364 3338 τῶν
395 3288 721 3357 Τριϐαλλῶν
777 3291 1004 3362 ἡγεμὼν
1051 3295 1549 3368 ἐκστρατευόμενος
1572 3301 1642 3366 ⁸⁵,
1685 3303 1815 3356 ἐπο-

257 3383 468 3449 λιόρκει
523 3382 622 3442 τὰς
677 3384 886 3450 πόλεις,
955 3388 1094 3456 μετά
1143 3389 1200 3440 δέ
1239 3391 1413 3444 ταῦτα
1453 3397 1816 3466 σπεισάμενος

257 3476 487 3544 εἰρήνην
526 3477 673 3543 ἄγειν
697 3480 757 3541 ἐς
789 3480 1034 3543 τούτους.
1062 3481 1174 3535 Καὶ
1197 3483 1472 3554 Σανδάλης
1492 3489 1590 3556 μὲν
1606 3489 1814 3554 τούτοις

259 3570 353 3621 καὶ
384 3571 648 3640 πρότερον
703 3573 987 3643 ἐπολέμει,
1024 3575 1119 3629 καὶ
1185 3579 1529 3647 ἐπαγόμενος
1585 3583 1814 3651 στρατὸν

255 3661 342 3712 τοῦ
382 3662 673 3730 βασιλέως,
706 3665 950 3734 ἐληίζετο
976 3668 1075 3736 τὴν
1121 3669 1306 3740 χώραν
1351 3673 1596 3725 ἐκείνων.
1651 3675 1812 3725 Ὥστε

255 3755 400 3822 μόνοι
433 3756 500 3826 δὴ
547 3751 697 3808 οὗτοι
723 3758 974 3826 ἀλλήλοις
1015 3760 1295 3830 φέροντες,
1347 3767 1440 3816 καὶ
1483 3765 1812 3836 ἐπαγόμενοι

249 3852 478 3919 στρατὸν
505 3851 753 3919 ἐπήλυδα
781 3851 874 3903 τοῦ
917 3852 1206 3921 βασιλέως,
1236 3856 1489 3924 μεγάλως
1528 3857 1592 3926 δὴ
1657 3858 1813 3910 ἔϐλα-

249 3957 376 3994 πτον
400 3941 554 4011 αύτῷ
580 3943 676 4011 τὴν
707 3943 889 4014 χώραν
921 3944 1267 4015 ἀνδραπόδων
1297 3946 1371 4008 ὡς
1409 3949 1674 3999 πλείστων
1705 3948 1810 4001 ὑπὸ

246 4035 351 4087 τῶν
380 4037 635 4104 στρατῶν
663 4039 1028 4108 ἀπαγομένων
1063 4039 1348 4104 ἑκάστοτε,
1386 4041 1481 4092 καὶ
1506 4039 1807 4109 φθειρομέ-

243 4145 335 4195 νης
383 4127 491 4196 τῆς
545 4128 728 4198 χώρας
782 4133 839 4193 ἐς
891 4132 960 4183 τὰ
1025 4131 1290 4201 μάλιστα.
1355 4131 1492 4184 Τότε
1559 4133 1656 4200 μὲν
1712 4125 1808 4185 οὖν

243 4223 336 4274 καὶ
378 4225 407 4275 ὁ
485 4222 766 4292 Ὶσαάκης,
813 4231 908 4277 καὶ
967 4226 995 4277 ό
1052 4224 1282 4286 Παῦλος,
1323 4225 1639 4294 συνθέμενοι
1669 4243 1808 4294 συμ-

245 4316 448 4384 μαχίαν
527 4315 606 4384 τῷ
691 4315 964 4384 Ἰλλυριῶν
1045 4312 1312 4386 βασιλεῖ,
1361 4315 1660 4369 διενοοῦντο
1715 4317 1809 4369 καὶ

242 4407 396 4462 αὐτοὶ
450 4410 692 4476 πόλεμον
755 4409 1042 4462 ἀνελέσθαι
1091 4411 1169 4481 τῷ
1213 4409 1443 4479 βασιλεῖ,
1493 4411 1558 4480 ῆν
1585 4427 1636 4462 τι
1698 4411 1806 4464 ἀπὸ

245 4502 495 4555 Παιόνων
529 4502 927 4574 καταλαμϐάνῃ
960 4507 1085 4566 τοὺς
1121 4505 1417 4574 Τούρκους.

313 4593 580 4656 Βασιλεὺς
628 4597 684 4648 δέ
716 4596 790 4659 ὡς
840 4597 1062 4667 ἡλαυνε,
1110 4599 1261 4666 διέϐη
1315 4597 1415 4666 μέν
1448 4597 1537 4649 τὶν
1593 4595 1806 4649 Δοδοϐί-

239 4701 341 4753 κην
372 4685 420 4714 ⁸⁸
456 4685 722 4752 ποταμὸν,
759 4685 817 4748 ὃς
840 4680 939 4757 τήν
970 4705 1028 4740 τε
1052 4689 1366 4758 Τριϐαλλῶν
1390 4691 1486 4740 καὶ
1529 4689 1802 4758 Ἰλλυριῶν

239 4778 422 4847 χώραν
454 4777 707 4845 διείργει.
738 4780 940 4842 Διαϐὰς
1007 4780 1062 4833 δέ
1101 4781 1194 4833 ἐπὶ
1260 4782 1514 4852 Ἰλλυριὸν
1559 4782 1806 4850 ποταμὸν

239 4870 571 4938 ναυσίπορον
600 4870 751 4935 ὄντα,
791 4872 942 4941 διέϐη
971 4888 984 4902 ⁸
1019 4875 1046 4925 ὁ
1094 4873 1150 4926 δὲ
1207 4875 1370 4938 πεζὸς
1417 4876 1643 4944 στρατὸς
1676 4891 1807 4926 ναυ-

240 4963 343 5023 σὶν,
367 4960 434 5024 ἃς
460 4961 624 5013 αὐτοῦ
651 4963 1054 5032 ναυπηγεῖσθαι
1089 4964 1326 5019 ἐκέλευε.
1361 4965 1498 5028 Τοὺς
1528 4967 1584 5017 δε
1608 4965 1809 5027 ἵππους

237 5053 450 5120 ἁᾷἧκεν
476 5055 532 5114 ἐς
561 5054 651 5105 τὸν
684 5057 951 5125 ποταμὸν,
981 5057 1238 5125 διαϐῆναι
1279 5061 1345 5110 ti
1393 5058 1805 5126 στρατεύματα.

251 5144 501 5212 Ἐγένετο
554 5147 612 5198 δέ
657 5149 685 5199 ὁ
767 5151 1000 5218 στρατὸς
1054 5147 1211 5210 οὗτος
1274 5149 1368 5200 τοῦ
1428 5149 1693 5218 βασιλέως
1751 5152 1808 5211 ἐς

243 5240 645 5293 πεντεκαίδεκα
674 5241 943 5310 μυριάδας
978 5242 1286 5295 ίππέων.’0
1317 5244 1426 5311 γάρ
1467 5242 1531 5312 δὴ
1577 5242 1806 5311 στρατὸς

236 5322 442 5396 οὗτος,-
475 5331 614 5400 πλὴν
681 5334 789 5384 τῶν
849 5332 1142 5403 νεηλύδων,
1209 5339 1302 5386 καὶ⁸
1368 5335 1694 5400 Ἀζαπίδων,
1752 5335 1804 5387 οἳ

237 5422 383 5489 αῴτῴ
416 5425 814 5491 παραγίνονται
851 5428 906 5488 ἐς
936 5428 1028 5476 τὸν
1082 5425 1344 5495 πόλεμον,
1412 5429 1568 5490 πεζοὶ
1623 5427 1799 5491 ὄντες,

236 5513 326 5562 καὶ
365 5515 480 5564 ὅποι
520 5515 866 5585 ὑπουργῆσαι
913 5515 1060 5583 αύτῴ
1108 5517 1176 5568 τὰ
1207 5520 1262 5579 ἐς
1321 5519 1534 5586 χρείαν,
1592 5520 1793 5588 παρείη

1959 552 2280 622 Scopiorutn
2340 554 2736 626 pr:efccto,qui
2768 559 3035 613 ﬁnitimus
3087 571 3204 614 erat
3259 561 3505 632 Illyricis.

1945 645 2107 698 istum
2135 645 2395 714 adjuvare
2428 645 2581 714 jubet
2607 649 2662 701 in
2687 650 3017 717 acquirendo
3045 652 3346 720 principatu
3375 673 3388 718 ;
3419 655 3506 709 hic

1944 736 2243 790 exercitum
2267 739 2511 806 przebens
2535 749 2724 794 contra
2748 740 2968 808 fratres,
3000 757 3188 796 eorum
3220 746 3494 815 regionem

1944 828 2250 891 evastabat,
2275 830 2529 898 plurimis
2585 830 2711 885 inde
2737 832 3026 888 abstractis
3063 837 3373 904 mancipiis.
3405 835 3501 889 lllo

1943 918 2108 988 igitur
2133 935 2256 988 rege
2307 923 2677 990 pronuntiato,
2699 923 2902 979 bellum
2963 927 3186 995 gerebat
3216 943 3338 982 cum
3396 928 3506 983 fra-

1943 1009 2118 1063 tribus
2151 1019 2352 1066 etcum
2380 1011 2684 1083 Illyriorum
2724 1031 2870 1086 rege.
2893 1016 3053 1072 Turci
3086 1020 3178 1088 qui
3214 1019 3496 1073 ﬁnitimam

1939 1101 2101 1172 285
2133 1106 2281 1159 circa
2312 1108 2569 1160 tenebant
2615 1109 2913 1177 regionem,
2959 1111 3192 1179 plurima
3223 1114 3506 1166 nancisce-

1937 1191 2137 1248 bantur
2173 1199 2463 1266 mancipia.
2490 1198 2621 1252 Cum
2647 1209 2830 1253 autem
2860 1205 3066 1270 pianlas
3093 1217 3312 1272 agerent
3349 1222 3505 1258 nian-

1938 1287 2286 1356 cipiorumex
2321 1292 2575 1348 omnibus
2600 1310 2736 1362 quas
2761 1296 2965 1350 scimus
2989 1298 3237 1360 urbibus,
3278 1314 3339 1352 ea
3373 1315 3504 1353 eon-

1935 1381 2086 1434 tinuo
2118 1383 2171 1435 in
2199 1383 2469 1452 Europam
2512 1394 2564 1440 et
2585 1387 2771 1441 Asiam
2827 1391 3286 1444 transmittebant.
3325 1391 3390 1444 Et
3436 1409 3502 1444 ex

1933 1488 2046 1542 quo
2087 1490 2177 1529 rex
2210 1477 2481 1530 coloniam
2506 1478 2558 1532 in
2618 1478 2942 1548 Scopiorum
3004 1483 3190 1536 urbem
3258 1483 3498 1545 deduxit.

1933 1573 1985 1616 et
2015 1563 2181 1621 Josue
2221 1567 2388 1622 lsaaci
2422 1569 2565 1624 ﬁlius
2633 1574 2774 1642 regis
2807 1575 3027 1629 nomine
3076 1591 3193 1628 eam
3263 1576 3501 1629 admini-

1930 1659 2149 1724 stravit,
2184 1660 2415 1727 plurima
2435 1662 2746 1744 abﬁllyrico
2783 1666 3052 1736 mancipia
3089 1677 3216 1722 sunt
3242 1669 3498 1734 abducta,

1935 1759 1990 1802 et
2025 1751 2077 1803 in
2107 1750 2380 1820 EurOpam
2415 1755 2708 1826 Asiamque
2737 1759 3276 1829 translata,§quor1tm
3312 1778 3502 1816 nume-

1930 1859 2025 1898 rus
2050 1845 2224 1913 major
2254 1857 2370 1914 erat
2392 1863 2554 1917 quam
2591 1864 2814 1917 sperare
2845 1852 3115 1921 potuisset
3142 1854 3210 1906 ab
3239 1870 3302 1908 ea
3327 1857 3501 1922 regio-

1930 1952 2017 1991 ne.
2052 1939 2229 1992 Audio
2287 1953 2405 1992 eam
2464 1940 2758 2010 regionem,
2824 1945 2867 1998 si
2928 1946 3052 2014 quis
3101 1947 3496 2016 longitudinem

1928 2030 2255 2095 consideret,
2277 2032 2722 2089 ab'l‘riballorum
2765 2039 2986 2106 regione
3003 2048 3049 2092 et
3078 2038 3353 2111 Dorobyza
3395 2041 3498 2096 llu-

1928 2123 2016 2177 vio
2037 2138 2098 2178 se
2124 2124 2418 2180 extendere
2457 2142 2629 2196 usque
2658 2130 2722 2182 ad
2749 2128 3004 2186 Sandalis
3037 2132 3336 2202 regionem,
3355 2143 3409 2189 et
3427 2135 3494 2188 ad

1925 2214 2138 2269 Ionium
2163 2216 2340 2270 sinum
2385 2218 2575 2272 stadiis
2591 2220 2934 2291 octingentis.
2959 2219 3210 2277 Latitudo
3244 2240 3372 2278 vero
3406 2241 3494 2280 rc-

1926 2307 2123 2377 gionis,
2142 2324 2248 2377 qua
2277 2311 2517 2365 excurrit
2540 2315 2605 2365 ad
2635 2309 2919 2368 Pannones
2941 2323 2994 2368 et
3025 2312 3318 2379 Triballos,
3343 2331 3493 2370 com-

1926 2399 2183 2467 plectitur
2221 2400 2331 2455 duo
2390 2402 2553 2456 millia
2599 2402 2926 2461 stadiorum.
2969 2405 3014 2458 Α
3072 2404 3326 2462 Triballis
3353 2408 3491 2461 inci-

1926 2489 2004 2558 pit
2033 2491 2186 2561 regio
2217 2490 2388 2547 lsaaci
2411 2511 2423 2546 :
2450 2494 2590 2549 hanc
2633 2495 2835 2565 excipit
2895 2495 3090 2552 deinde
3133 2496 3287 2552 Pauli
3320 2500 3487 2570 regio,

1923 2583 2082 2651 cujus
2113 2583 2274 2638 urbes
2296 2599 2354 2639 se
2382 2586 2666 2657 porrigunt
2695 2603 2868 2657 usque
2929 2591 2982 2642 in
3006 2589 3146 2644 hanc
3203 2591 3343 2660 regis
3365 2592 3490 2662 Illy-

1923 2675 2130 2729 riorum
2169 2678 2468 2746 regionem.
2502 2677 2567 2732 lli
2597 2680 2813 2749 quidem
2841 2682 2952 2752 jam
2986 2692 3110 2738 ante
3130 2683 3329 2753 bellum
3369 2702 3487 2754 ges-

1924 2776 2105 2821 serant
2135 2784 2255 2822 cutn
2281 2786 2423 2840 rege,
2451 2787 2597 2826 nunc
2631 2773 2847 2842 quidem
2873 2774 3151 2840 Triballis,
3185 2791 3330 2831 nunc
3362 2793 3488 2830 vero

1924 2859 2274 2916 Panuouibus
2337 2864 2775 2921 ailltrerescentes
2824 2884 2836 2918 :
2905 2877 3102 2922 etcum
3162 2868 3491 2924 adducerent

1923 2948 2153 3016 Tureos,
2193 2955 2468 3023 regionem
2515 2955 2724 3027 lllyiico
2781 2956 3012 3012 aﬂttsam
3066 2960 3487 3030 populabantur,

1921 3042 2232 3111 bellumque
2275 3045 2328 3098 in
2362 3043 2637 3101 Triballos
2691 3050 3030 3104 avertebant.
3062 3049 3330 3106 Caeterum
3362 3053 3489 3106 Tric

1845 3159 1889 3218 ο
1920 3134 2190 3189 bellorum
2228 3137 2478 3205 princeps
2535 3138 2732 3192 bellum
2785 3151 2970 3195 contra
3001 3144 3100 3198 hos
3161 3145 3485 3214 suscipiens.

1923 3225 2084 3279 urbes
2111 3240 2296 3278 eorum
2328 3226 2646 3282 obsidebat:
2677 3240 2731 3283 et
2752 3229 2950 3284 foedera
2975 3247 3097 3285 cum
3131 3234 3196 3286 iis
3223 3248 3484 3304 paugens,

1917 3316 2132 3369 tandem
2164 3333 2221 3370 se
2261 3331 2506 3386 pacatum
2535 3319 2844 3375 exhibebat.
2870 3321 3043 3376 Etiam
3071 3322 3334 3380 Sandales
3388 3329 3486 3382 hcs

1919 3411 2077 3454 antea
2110 3401 2248 3454 bello
2273 3403 2627 3471 oppetiverat,
2658 3413 2712 3459 et
2738 3409 2918 3460 accito
2963 3409 3106 3478 regis
3124 3412 3363 3464 exercitu
3399 3413 3482 3482 ip-

1918 3507 2103 3545 sorum
2129 3509 2288 3563 agros
2319 3497 2625 3549 evastabat.
2661 3496 2796 3550 Cum
2827 3508 3007 3553 autem
3075 3501 3126 3554 hi
3158 3503 3256 3555 soli
3297 3519 3485 3573 perpe-

1917 3585 2025 3640 tuis
2057 3585 2200 3640 inter
2223 3602 2282 3640 se
2334 3588 2663 3644 dissiderent
2713 3591 2937 3653 odiis,et
2989 3594 3130 3663 regis
3171 3599 3484 3668 peregrinos

1913 3689 2276 3743 accerserent,
2333 3682 2564 3749 pmpriae
2612 3683 2816 3752 regioni
2872 3685 3168 3754 plurimum
3199 3689 3485 3743 calamita-

1913 3768 1983 3822 tis
2016 3770 2358 3825 invexerunt.
2395 3771 2526 3826 Nam
2591 3777 2860 3846 mancipia
2911 3779 3142 3847 plurima
3192 3779 3314 3835 belli
3365 3781 3484 3849 jure

1913 3861 2142 3916 subinde
2198 3879 2228 3916 a
2295 3864 2553 3922 militibus
2608 3869 2980 3937 capiebantur,
3033 3872 3479 3941 deportabantur.

1911 3951 2176 4008 Praeterea
2204 3967 2257 4009 et
2297 3971 2360 4011 ea
2415 3957 2565 4022 regio
2618 3961 2704 4015 vel
2763 3963 3056 4016 maximam
3103 3966 3482 4033 experiebatur

1909 4046 2290 4101 vastationem.
2313 4047 2514 4104 Eadem
2551 4059 2870 4122 tempestate
2918 4056 3132 4111 lsaacus
3165 4065 3218 4111 et
3276 4057 3478 4113 Paulus

1912 4136 2226 4192 societatem
2256 4138 2542 4208 facientes,
2579 4144 2847 4198 auxilium
2902 4147 3301 4214 pollicebantur
3355 4149 3480 4221 lily.

1910 4229 2118 4282 riorum
2151 4232 2284 4301 regi.
2317 4232 2448 4287 Nam
2475 4238 2872 4291 constituerant
2893 4247 2947 4292 et
2973 4239 3074 4308 ipsi
3103 4240 3298 4294 bellum
3333 4243 3480 4295 indi-

1897 4315 2039 4378 'cere
2074 4326 2210 4391 regi,
2255 4327 2300 4382 si
2339 4329 2635 4382 Pannones
2661 4331 2864 4400 aliquid
2895 4336 3018 4387 novi
3048 4343 3234 4388 contra
3267 4335 3477 4390 Turcos

1914 4417 2258 4473 molirentur.

1978 4593 2113 4662 Rex,
2162 4594 2214 4649 iu
2264 4596 2508 4651 militiam
2562 4599 2858 4668 profectus,
2898 4603 3108 4674 trajecit
3143 4605 3474 4680 Dorobyzam

1907 4688 2152 4754 ﬂuviunt,
2193 4690 2285 4759 qui
2328 4689 2596 4747 Triballos
2625 4703 2678 4748 et
2706 4693 2913 4766 Illyrios
2961 4700 3186 4753 dirimit.
3222 4703 3477 4773 Progres-

1909 4799 2004 4836 sus
2030 4784 2246 4846 deinde,
2286 4786 2432 4839 venit
2470 4788 2534 4839 ad
2591 4787 2892 4857 lllyrissum
2925 4788 3147 4846 ﬂuvium
3195 4797 3474 4865 navigabi-

1910 4875 2035 4941 lent,
2063 4893 2220 4945 quem
2258 4881 2537 4946 superavit
2583 4880 2816 4949 pedestri
2869 4888 3112 4938 exercitu
3162 4895 3476 4942 transvecti»

1910 4965 2141 5019 navibus
2193 4982 2331 5034 quas
2403 4967 2602 5022 ibidem
2669 4968 2927 5026 fabricari
2979 4973 3238 5043 jusserat.
3291 4975 3474 5045 Equos

1910 5068 2090 5111 autetn
2127 5057 2177 5110 in
2209 5057 2432 5111 ﬂumine
2471 5061 2714 5130 reliquit,
2757 5063 2927 5118 donec
2977 5069 3161 5133 copias
3196 5077 3472 5135 transpor-

1909 5159 2064 5204 taret.
2103 5150 2241 5203 Tum
2291 5155 2553 5221 temporis
2607 5155 2659 5206 itt
2703 5157 2868 5209 armis
2925 5159 3183 5210 habuisse
3228 5160 3472 5212 creditur

1908 5258 2002 5294 rex
2041 5243 2350 5309 quindecim
2382 5245 2652 5314 myriadcs
2689 5249 2954 5316 equitum,
3002 5259 3198 5318 prteter
3229 5257 3472 5320 peregri-

1911 5349 2010 5388 nos
2067 5343 2119 5387 et
2169 5334 2435 5404 Azapidcs
2491 5337 2740 5405 pedestre
2793 5340 2978 5403 robur,
3028 5340 3120 5409 qui
3155 5359 3277 5393 eunt
3325 5343 3376 5394 in
3422 5344 3473 5394 iit

1907 5425 2104 5479 bellum
2137 5428 2526 5496 sequebantur.
2567 5429 2766 5482 Aderat
2808 5441 2859 5483 et
2887 5431 2990 5483 alia
3022 5432 3302 5485 hominum
3335 5438 3474 5486 mul-

1907 5519 2078 5572 tituilo
2110 5519 2316 5573 inutilis
2345 5521 2408 5572 ad
2442 5535 2625 5586 arma;
2651 5537 2771 5590 qua:
2819 5534 3104 5593 oropterea
3130 5526 3468 5581 comitaban-

1505 5654 1750 5717 Notulte
1798 5657 2202 5732 marginales.

301 5777 345 5805 “
385 5776 662 5849 Τούρκων.
739 5781 783 5812 ³⁸
839 5784 1328 5855 Ὀκτακισχιλίους.
1409 5785 1451 5815 ⁸⁸
1493 5785 2010 5855 Ἐλστρατευμένος.
2096 5788 2139 5818 ⁸⁸
2171 5788 2489 5860 Δοϐοϐἔκην.
2540 5788 2627 5844 Sic
2649 5792 2806 5846 etiam
2851 5791 2914 5847 Ιῖ.
