4026 6204
552 318 650 381 527

558 522 873 576 inserviret.
912 518 1174 587 Reliquus
1234 516 1448 571 interim
1504 516 1779 571 exercitus
1835 515 2112 585 equitibus

555 620 790 669 constat.
813 609 922 664 Nec
940 618 1140 679 ‘tamen
1190 624 1322 678 gens
1350 618 1457 673 εει,
1484 620 1542 663 ut
1568 623 1730 677 supra
1770 606 2112 673 edocuimus,

557 704 721 775 286
753 718 872 771 qua:
910 702 1063 769 plura
1114 699 1363 768 jutnenta
1419 700 1473 755 in
1532 700 1901 770 expeditiones
1933 699 2113 753 ducat.

559 796 807 850 Transito
862 793 1123 864 Illyrisso,
1167 793 1424 864 impetum
1478 791 1531 846 in
1560 791 1831 861 regionem
1863 788 2115 846 hostilem

557 888 733 951 dedit;
784 894 833 941 et
881 901 1174 955 aggressus
1205 885 1526 940 Dorobizam
1558 885 1769 949 urbem,
1818 900 1937 939 eam
1971 883 2114 939 omni

500 980 503 983 ’
559 978 931 1033 machinarum
956 992 1151 1046 genere
1180 977 1542 1046 oppugnabat.
1587 973 1727 1029 Urbs
1760 976 1873 1030 haac
1908 984 1990 1030 est
2018 974 2119 1029 sita

557 1073 612 1125 in
640 1071 853 1125 excelso
882 1077 1087 1124 monte.
1123 1069 1461 1139 Quapropter
1498 1076 1690 1121 natura
1730 1067 1833 1121 loci
1875 1066 2119 1120 munitis-

557 1164 692 1216 sima
724 1163 1056 1231 perhibetur.
1105 1163 1173 1216 At
1225 1177 1318 1214 rex
1353 1160 1645 1230 expediens
1692 1158 2016 1213 bombartlas
2067 1168 2123 1216 et

560 1254 841 1319 mortaria,
880 1270 987 1309 non
1036 1254 1290 1309 cessabat
1338 1260 1603 1308 terrorem
1640 1252 1865 1321 injicere
1897 1249 2123 1320 oppida-

561 1346 683 1413 nis;
721 1356 776 1401 et
808 1346 1020 1401 tandem
1057 1345 1191 1399 urbe
1213 1344 1417 1416 potitus
1439 1355 1543 1399 est.
1577 1346 1787 1397 Partem
1818 1342 2121 1408 hominum,

562 1453 704 1508 quos
754 1437 955 1492 ibidem
1010 1437 1268 1507 indeptus
1324 1444 1470 1500 erat,
1530 1434 1584 1489 in
1636 1448 1698 1489 ea
1725 1435 1856 1489 urbe
1888 1434 2123 1504 reliquit,

558 1540 716 1598 parte
753 1529 975 1584 donavit
1001 1528 1300 1584 Turcorum
1332 1529 1637 1598 optimates,
1667 1527 1881 1582 tertiam
1915 1536 2122 1597 partem

560 1623 874 1693 Byzantium
920 1622 1215 1680 transtulit.
1256 1620 1651 1676 Mechumetem
1679 1620 1846 1690 jussit
1891 1620 2127 1690 deligere

560 1717 790 1785 EurOpae
838 1715 1110 1770 exercitus
1173 1714 1363 1776 robur,
1432 1719 1600 1781 atque
1652 1712 1909 1769 feStittare
1964 1712 2127 1767 citato

1616 309 1808 369 LAON
1822 309 1917 367 ICI
1961 306 2617 369 CHALCUCONDYL/E
3631 308 3719 372 {-23

544 443 641 487 itur
670 427 813 498 regia
846 437 1048 491 castra,
1092 435 1150 481 ut
1199 424 1244 480 si
1298 422 1427 493 quid
1479 438 1617 494 Opus
1655 432 1823 489 esset,
1853 422 2116 481 militibus

2232 423 2437 492 ixpsioc
2459 420 2670 489 ὅμιλος,
2696 421 2724 472 ό
2757 417 2944 481 λοιπὸς
2978 417 3073 471 τοῦ
3109 416 3367 487 βασιλέως
3410 420 3617 489 στρατὸς
3648 427 3711 477 in.

2215 515 2373 568 πεύει
2404 514 2639 582 μάλιστα
2668 512 2713 565 δ’
2734 511 3037 582 ἀνθρώπων
3059 506 3135 568 ὧν
3163 513 3321 582 ἡμεῖς
3353 510 3523 582 ῐσμεν.
3560 517 3724 584 ’Δγον.

2215 622 2306 658 ται
2338 604 2508 657 δὲκαὶ
2544 602 2813 667 ὑποζύγια
2858 602 3256 664 πολλαπλάσια,
3303 602 3375 666 ὡς
3417 606 3506 657 καὶ
3555 610 3726 673 πράτε.

2220 696 2311 767 ρόν
2365 713 2457 767 μοι
2500 696 2817 768 δεδήλωται.
2865 694 2952 759 Ὠς
3000 695 3055 747 δὲ
3109 695 3200 749 τὸν
3243 694 3494 763 Ἰλλυριὸν
3545 698 3733 762 διαϐὰς.

2218 787 2475 841 ἐσέϐαλεν
2508 790 2564 850 ὲς
2592 788 2690 857 τὴν
2721 786 2928 857 χώραν,
2958 786 3174 856 πρῶτον
3209 785 3308 855 μὲν
3347 786 3438 840 ἐπὶ
3466 789 3735 858 Δοϐοϐξκην

2219 879 2371 932 πόλιν
2402 878 2496 932 ἐπὶ
2522 881 2588 949 τῇ
2617 878 2813 948 ἐσϐολῇ
2880 879 3157 939 καταστὰς
3214 878 3552 948 ἐπολιόρκει.
3587 880 3646 933 Ἢ
3691 883 3739 935 δὲ

2220 969 2374 1032 πόλις
2395 969 2533 1039 αὕτη
2567 972 2797 1023 οἰκεῖται
2829 968 3042 1041 ἐρυμνὴ
3065 968 3200 1022 οὖσα
3229 970 3324 1022 ἐπὶ
3363 970 3560 1040 ὑψηλοῦ
3580 971 3739 1041 ὅρους.

2220 1061 2547 1131 Τηλεϐόλοις
2576 1061 2947 1131 δεδιττόμενος
2970 1061 3098 1123 τοὺς
3137 1062 3197 1112 ὲν
3227 1064 3292 1131 τῇ
3339 1062 3508 1126 πόλει,
3554 1062 3741 1124 ὑπτίοις

2219 1169 2278 1206 τε
2311 1153 2540 1215 καὶτοῖς
2570 1152 2707 1214 ἴσοις
2726 1192 2742 1218 ,
2773 1152 3163 1223 παρεστήσατο
3193 1151 3292 1218 τὴν
3342 1152 3518 1205 πόλιν.
3550 1153 3649 1207 Καὶ
3692 1156 3743 1207 τὸ

2227 1247 2325 1316 μὲν
2348 1244 2515 1298 αὑτοῦ
2552 1244 2837 1310 κατέλιπε,
2897 1243 2956 1297 τδ
2988 1243 3046 1297 δὲ
3089 1243 3479 1315 δωρησάμενος
3512 1243 3744 1315 Τούρκων

2221 1336 2347 1396 τοὺς
2376 1333 2663 1403 ἀρίστους,
2690 1334 2751 1387 τὸ
2779 1333 2962 1404 τρίτον
2995 1333 3329 1403 ἀπέπεμψεν
3367 1335 3424 1399 ἐς
3454 1333 3744 1399 Βυζάντιον.

2234 1426 2367 1480 Ἀπὸ
2393 1427 2450 1480 δδ
2482 1426 2780 1495 Δοϐοϐίκης
2806 1426 3003 1480 αὐτίκα
3024 1426 3243 1480 ἐκέλευε
3260 1426 3619 1498 Μαχουμούτῃ
3647 1428 3746 1480 ἑπι-

2223 1518 2519 1589 λεξάμενον
2546 1519 2673 1582 τοὺς
2715 1518 2815 1588 τῆς
2840 1516 3113 1589 Εὐρώπης
3135 1519 3415 1587 ἀρίστους.
3451 1520 3682 1594 προξῐέναι
3701 1522 3747 1580 ἐς

2224 1612 2316 1665 τὸν
2341 1613 2537 1683 χῶρον,
2574 1613 2629 1675 ἐς
2654 1611 2713 1664 ὃν
2746 1612 2813 1666 ἂν
2839 1610 3163 1665 πυνθάνοιτο
3187 1613 3232 1644 ⁵⁷
3264 1614 3359 1664 τὸν
3384 1612 3648 1681 Ἱλλυριῶν
3670 1611 3750 1680 βα·

2228 1704 2377 1757 σιλέα
2425 1703 2745 1775 διατρίϐειν,
2796 1706 2927 1774 πρὶν
2978 1703 3041 1773 δὴ
3074 1703 3143 1757 τὰ
3198 1702 3451 1773 βασίλεια
3497 1703 3749 1773 ὐφάὑτὸν

560 1806 772 1876 agmine
800 1807 852 1860 in
881 1821 1002 1860 eum
1027 1806 1205 1859 locum
1240 1804 1294 1858 in
1326 1819 1431 1874 quo
1469 1813 1753 1874 acceperat
1795 1819 1971 1873 regem
1995 1803 2124 1870 Illy-

2232 1796 2581 1869 ποιήσασθαι.
2612 1790 2783 1857 Οὗτος
2812 1796 2912 1863 μὲν
2958 1792 3052 1852 οὖν
3078 1796 3257 1851 λαϐὼν
3311 1797 3550 1859 τούτους,
3576 1797 3748 1865 ἤλαυνε

563 1900 770 1952 riorum
799 1895 1023 1960 morari,
1050 1904 1341 1966 antequam
1371 1895 1573 1963 regiam
1632 1895 1739 1950 sibi
1794 1895 2119 1963 subjiceret;

561 1989 653 2059 qui
704 1989 934 2060 impigre
982 1988 1135 2057 jussa
1197 2001 1525 2057 capessens,
1576 2002 1790 2041 summa
1848 1987 2125 2043 celeritate

560 2079 828 2145 adhibita,
880 2078 1080 2134 ﬁumen
1130 2088 1502 2149 transgressus
1557 2088 1660 2134 est.
1724 2077 1958 2134 Veniens
2003 2078 2127 2133 Gai-

564 2174 716 2239 tiam,
748 2173 959 2242 accepit
1000 2185 1186 2244 regem
1229 2173 1501 2240 proﬁcisci
1548 2172 1780 2241 trajccto
1811 2171 2032 2226 ﬂumine
2072 2173 2124 2227 in

562 2260 775 2315 Clitiam
813 2263 1024 2316 urbem.
1055 2261 1104 2315 Is
1132 2261 1323 2330 igitur,
1361 2259 1497 2314 nihil
1527 2262 1808 2317 remittens
1831 2261 1897 2315 tle
1929 2276 2120 2324 cursu,

565 2352 816 2407 transivit
849 2352 1069 2407 ﬁuviqu
1112 2368 1218 2422 qua
1263 2368 1384 2408 cum
1439 2353 1492 2406 in
1547 2364 1655 2409 tres
1681 2353 1863 2408 alveos
1894 2354 2125 2408 divisum

564 2446 851 2515 cognovit:
920 2446 1022 2501 hoc
1079 2454 1356 2515 superato.
1405 2445 1619 2503 Clitiam
1660 2446 1772 2517 (i0)
1825 2446 1972 2501 venit
2032 2446 2125 2504 die

446 2598 467 2607 χ
563 2536 825 2593 secundo.
860 2538 995 2599 lter.
1045 2537 1277 2593 sublatis
1316 2536 1505 2608 signis,
1560 2536 1792 2592 Gaitiam
1829 2539 2125 2607 contendit,

566 2629 720 2699 regni
753 2628 940 2685 sedem
982 2627 1197 2701 Illyrici.
1234 2627 1353 2695 Quo
1390 2628 1479 2683 ubi
1514 2629 1783 2698 pervenit,
1820 2629 1951 2686 urbs
1985 2630 2129 2685 illico

568 2720 977 2777 conditionibus
1039 2737 1134 2778 seu
1192 2721 1543 2793 pactionibus
1582 2721 1637 2777 in
1693 2721 1953 2776 ditionem
1985 2723 2129 2791 regis

568 2814 739 2868 venit.
792 2811 926 2866 Nam
985 2814 1077 2868 ubi
1135 2812 1276 2866 fama
1312 2811 1601 2874 increbuit,
1660 2811 2132 2868 Dobobicamesse

570 2914 784 2972 captam
844 2921 873 2957 a
910 2919 1054 2970 rege,
1116 2917 1237 2972 quas
1292 2903 1504 2958 urbium
1558 2905 1723 2958 totius
1769 2904 1920 2973 regni
1978 2904 2131 2971 longe

570 3004 690 3051 erat
744 2995 1129 3059 munitissima,
1179 2994 1406 3066 reliqua:
1457 2995 1620 3051 urbes
1668 2995 1815 3051 illico
1842 2996 2039 3050 territae
2077 2996 2129 3050 in

571 3088 844 3144 diversum
885 3087 1319 3157 abripiebantur,
1349 3095 1403 3142 et
1448 3087 1677 3157 quilibet
1722 3102 1819 3158 pro
1852 3103 1911 3143 se
1944 3088 2131 3145 sedqu

570 3183 934 3242 contendebat
976 3191 1032 3237 ut
1072 3181 1219 3251 prior
1263 3180 1587 3235 deditionem
1640 3181 1860 3245 faceret,
1908 3196 2133 3251 sperans

572 3292 631 3331 se
685 3279 739 3330 in
804 3274 951 3330 hunc
1002 3274 1223 3329 modum
1278 3287 1385 3326 non
1445 3287 1666 3342 parvam
1717 3272 1944 3343 gratiam
1991 3275 2133 3343 apud

575 3380 757 3434 regem
792 3363 1077 3418 initurum.
1112 3360 1298 3417 Ga—itiaa
1348 3363 1516 3427 cives,
1554 3376 1680 3417 cum
1709 3362 2137 3432 appropinquas-

575 3464 658 3511 set
685 3470 801 3519 rex,
839 3455 1101 3510 continuo
1143 3455 1407 3525 primores
1448 3453 1687 3509 civitatis
1731 3454 1941 3508 obviam
1974 3456 2137 3511 mise-

578 3555 729 3612 runt,
771 3547 1031 3602 dedentes
1081 3560 1202 3600 sese
1258 3556 1312 3601 ct
1360 3560 1456 3599 sua
1508 3546 1640 3615 regi.
1674 3544 1914 3600 Orabant
1956 3556 2135 3601 autem

576 3654 781 3708 regem,
825 3648 883 3693 ut
929 3639 1063 3708 ipsis
1097 3640 1435 3706 permitteret
1477 3639 1655 3704 patrio
1702 3648 1755 3692 et
1796 3638 1961 3692 solito
1986 3653 2137 3694 more

579 3729 970 3799 rempublicam
995 3727 1403 3782 administrare.
1445 3725 1557 3780 Rex
1587 3741 1775 3797 preces
1804 3742 1993 3781 eorum
2027 3742 2136 3781 non

579 3829 862 3877 aversatus
914 3828 1019 3885 est,
1054 3834 1242 3872 verum
1298 3819 1578 3885 conzinuo,
1632 3821 1775 3889 quod
1811 3819 2136 3891 petiverant,

580 3912 852 3981 praestitit.
888 3909 1087 3964 Deinde
1114 3909 1285 3965 etian.
1319 3925 1507 3965 arcem
1534 3910 1587 3965 in
1621 3910 1950 3967 deditionem
1984 3927 2140 3971 acce-

591 4007 689 4073 pit,
742 4017 906 4071 quam
959 4001 1213 4071 praesidio
1293 4001 1548 4071 imposito
1614 4016 1837 4057 suorum
1888 4004 2135 4060 ﬁrmavit.

583 4093 758 4162 Elegit
784 4092 886 4147 sibi
919 4092 1238 4162 Optimatum
1275 4091 1448 4159 ﬁlios;
1490 4091 1687 4147 dehinc
1735 4092 2003 4162 quosdam
2046 4096 2140 4148 de-

587 4185 739 4252 legit,
798 4197 936 4252 quos
971 4182 1192 4235 donavit
1227 4180 1292 4236 iis
1326 4180 1418 4249 qui
1477 4194 1661 4235 secum
1692 4190 1866 4235 erant.
1900 4179 2002 4237 Ubi
2033 4182 2144 4252 pri-

584 4289 733 4328 mum
772 4287 831 4326 ea
863 4274 994 4328 urbs
1030 4272 1085 4326 in
1130 4271 1429 4327 dominium
1467 4272 1738 4327 concessit
1784 4272 1944 4344 regis,
1978 4287 2143 4343 nego-

590 4366 722 4419 tium
775 4365 958 4419 datnm
1009 4373 1092 4419 est
1146 4363 1495 4429 Maeliumcti,
1530 4363 1823 4433 januarum
1875 4364 2024 4430 duci,
2087 4370 2185 4420 ut'

2224 1893 2364 1946 κατὰ
2414 1893 2634 1963 κράτος,
2682 1889 2946 1959 ἀναϐῆναι
2994 1888 3084 1942 διὰ
3116 1889 3209 1943 τοῦ
3264 1889 3530 1959 ποταμοῦ.
3576 1888 3751 1943 Ἐλθὼν

2222 1983 2280 2037 δὲ
2330 1984 2386 2046 ις
2435 1983 2680 2048 Γαῖτιαν,
2747 1983 2844 2035 καὶ
2889 1981 3295 2052 πυνθανόμενος
3323 1984 3368 2016 ⁸⁵⁸
3423 1982 3496 2046 ώς
3529 1982 3751 2050 βασιλεὺς

2226 2075 2437 2145 προΐοι,
2468 2073 2661 2138 διαϐὰς
2685 2072 2777 2126 τὸν
2815 2076 3063 2143 ποταμὸν
3102 2075 3195 2126 ἐπὶ
3230 2074 3464 2142 Κλιτίην
3486 2074 3652 2132 πόλιν.
3680 2072 3757 2124 oxi-

2223 2165 2309 2220 δὲν
2344 2164 2607 2235 ἐπισχὼν,
2628 2164 2815 2236 δρόμῳ
2844 2165 3033 2235 ἀνέϐη,
3142 2166 3234 2219 τὸν
3263 2183 3335 2218 πο
3351 2165 3521 2235 ταμὸν
3555 2160 3696 2236 εὗρεν
3714 2165 3759 2226 ἐς

2224 2256 2356 2328 τρια
2387 2257 2701 2326 γενόμενον,
2743 2259 2839 2312 καὶ
2874 2258 3085 2322 διαϐὰς,
3120 2259 3363 2326 ἀφίκετο
3415 2260 3508 2312 ἐπὶ
3564 2258 3760 2323 lilii:an

2224 2349 2561 2418 δευτεραῖος.
2590 2350 2856 2414 Βασιλεὺς
2885 2350 2941 2403 δὲ
2963 2350 3101 2420 ἄρας
3133 2352 3420 2417 ἐντεῦθεν,
3449 2351 3661 2420 ἀφίκετο
3681 2350 3762 2401 ἐπὶ

2225 2441 2265 2494 Γ
2269 2441 2470 2506 αἰτίαν,
2500 2441 2569 2495 τὰ
2614 2441 2885 2510 Ἰλλυριῶν
2921 2442 3191 2512 βασίλεια.
3239 2444 3365 2498 Kal
3412 2442 3487 2507 ὡς
3529 2441 3762 2496 ἐπέλασεν

2227 2532 2445 2598 αὐτίκα,
2491 2532 2526 2603 ἠ
2554 2549 2614 2587 τε
2646 2532 2803 2596 πόλις
2860 2532 3249 2605 προσεχώρησε
3299 2536 3436 2589 καθ’
3482 2533 3761 2604 ὁμολογίαν.

2238 2623 2325 2687 Ὦς
2355 2624 2466 2695 γὰρ
2490 2624 2791 2694 Δυϐοϐίκην
2821 2624 3086 2679 ἐπύθοντο
3129 2626 3330 2680 ἁλῶναι
3380 2627 3482 2679 ὑπὸ
3505 2625 3761 2695 βασιλέως.

2229 2718 2418 2774 πασῶν
2444 2719 2499 2772 δὲ
2529 2719 2906 2790 ὀχυρωτάτην,
2938 2719 3134 2777 αὐτίκα
3164 2720 3221 2774 αι
3258 2721 3458 2775 λοιπαὶ
3487 2721 3657 2781 πόλεις
3678 2735 3766 2772 κα-

2230 2810 2481 2864 θίσταντο
2511 2811 2568 2871 ές
2598 2808 2786 2879 φόϐον,
2806 2810 2900 2864 καὶ
2927 2809 3185 2878 ὥρμηντο
3234 2810 3411 2874 αὑτός
3440 2827 3521 2872 τις
3558 2810 3765 2867 ἕκαστος

2230 2901 2452 2969 φθῆναι,
2479 2899 2803 2971 βουλόμενος
2835 2901 3044 2971 βασιλεῖ
3072 2900 3413 2971 χαρίζεσθαι
3440 2898 3766 2970 προσχωρῶν.

2232 2994 2292 3046 Οἱ
2324 2992 2422 3061 μὶν
2453 2992 2546 3046 οὖν
2570 2993 2629 3047 ἐν
2660 2993 2869 3063 Γαῖτέα,
2907 2993 2981 3057 ὡς
3010 2992 3264 3063 βασιλεὺς
3315 2992 3500 3062 ἀγχοῦ
3540 2992 3767 3051 ἑπέλασε,

2157 3120 2201 3177 C
2232 3087 2359 3150 τοὺς
2378 3087 2729 3157 προεστῶτας
2761 3089 2792 3154 ἡ
2823 3087 2982 3150 πόλις
3007 3087 3291 3157 πέμψασα,
3364 3086 3587 3158 βασιλέα
3622 3101 3771 3154 παρε-

2232 3178 2374 3233 δίδου
2427 3195 2487 3231 τε
2518 3180 2676 3246 σφᾶς,
2737 3178 2830 3231 καὶ
2880 3177 3066 3247 ηξὶουν
3103 3177 3323 3231 πολιτεύ
3348 3180 3502 3231 εσθαι
3546 3175 3677 3231 κατὰ
3712 3175 3770 3226 τὰ

2235 3269 2441 3340 πάτρια
2462 3273 2556 3322 καὶ.
2589 3272 2879 3341 συνεχώρει
2913 3270 3014 3338 μὲν
3034 3271 3238 3336 αὐτοῖς,
3266 3269 3419 3326 ἄττα
3441 3270 3619 3341 ἠξίουν
3645 3269 3775 3334 σφίσι

2237 3361 2657 3431 συγχωρηθῆναι
2699 3362 2802 3414 ὑπὸ
2829 3361 3090 3432 βασιλέως
3112 3362 3274 3429 ’μετὰ
3303 3362 3396 3427 δὲ,
3421 3363 3495 3425 ώς
3518 3360 3609 3429 τὴν
3626 3357 3774 3425 ἀκρό-

2235 3454 2390 3509 πολιν
2423 3454 2777 3525 παραλαϐὼν,
2806 3456 3054 3527 φρουρὰν
3080 3455 3302 3524 ἔφαινεν
3336 3458 3401 3509 ἐν
3423 3455 3582 3525 αὐτῇ,
3604 3451 3776 3512 παῖδας

2235 3545 2431 3623 τετῶν
2455 3546 2695 3616 ἀρίστων
2729 3546 3115 3617 ἐπιλεξάμενος
3147 3546 3324 3616 ἑαυτῷ
3369 3565 3430 3604 τε
3464 3549 3558 3601 καὶ
3582 3542 3778 3612 περιεξ-

2236 3636 2513 3707 ελόμενος,
2545 3637 2636 3690 καί
2671 3654 2824 3702 τινας
2876 3639 2985 3700 τοῖς
3013 3637 3149 3707 ἀμφ’
3183 3638 3361 3691 αὐτὸν
3386 3638 3615 3704 διένειμε
3639 3631 3783 3686 ’ταὺ-

2240 3746 2339 3798 την
2372 3729 2472 3791 μὲν
2495 3728 2588 3781 οὖν
2617 3728 2715 3800 τὴν
2740 3730 2917 3792 πόλιν,
2946 3729 3020 3790 ὡς
3073 3729 3275 3783 αὐτίκα
3304 3729 3648 3798 παρέλαϐεν,
3679 3724 3783 3778 ἐκέ-

2242 3817 2400 3869 λευσε
2452 3816 2827 3889 Μαχονμούτῃ
2867 3819 2960 3871 τὸν
2994 3816 3104 3871 τῶν
3145 3816 3324 3886 θυρῶν
3370 3817 3638 3889 ἡγεμόνα,
3672 3816 3785 3869 avo.-

2238 3908 2472 3963 λαϐόντα
2518 3909 2609 3961 τὸν
2645 3909 2742 3981 τῆς
2792 3908 3066 3978 Εὐρώπης
3126 3906 3385 3979 στρατὸν,
3425 3910 3663 3963 ἐλαύνειν
3711 3905 3784 3957 ὃτι

2238 4003 2471 4072 τάχιστα
2507 4002 2600 4056 ἐπὶ
2624 4002 2716 4058 τὸν
2748 4002 2979 4073 βασιλέα
3033 4002 3144 4055 τῶν
3185 4002 3493 4074 Ἰλλυριῶν.
3543 3995 3784 4055 Ἐπυνοάε

2242 4110 2361 4146 νετο
2386 4093 2494 4163 γὰρ
2517 4093 2574 4146 ὲν
2605 4095 2669 4164 τῇ
2700 4092 2850 4147 πόλει
2874 4096 2972 4163 τῆς
2996 4092 3241 4155 Γαῖτίας,
3269 4091 3558 4168 ἀπεχούσῃ
3579 4087 3787 4161 ἡμερῶν

2243 4186 2404 4238 πέντε
2426 4183 2567 4249 ὁδὸν,
2599 4183 2920 4253 διατρίϐειν,
2984 4183 3393 4255 καραδοκοῦντα
3498 4181 3788 4252 ἐγχωρήσει

2241 4276 2311 4329 τὰ
2356 4275 2628 4347 Ἰλλυριῶν
2682 4275 3003 4345 πράγματα.
3060 4274 3127 4325 'Il
3178 4274 3235 4327 δὲ
3266 4275 3430 4336 πόλις
3473 4274 3632 4341 αὓτη,
3663 4272 3719 4319 ὲν
3760 4263 3789 4339 ᾖ

2243 4366 2404 4432 ἔμενε
2472 4365 2745 4436 βασιλεὺς,
2828 4365 3079 4419 καλεῖται
3146 4364 3368 4435 Κλιτίη,
3426 4368 3522 4419 καὶ
3576 4358 3792 4429 ἀδελφοῦ

588 4468 813 4527 accepto
893 4456 1153 4526 Europam
1236 4456 1496 4522 exercitu,
1576 4470 1786 4510 summa
1863 4456 2133 4512 celeritate

2244 4460 2408 4513 αὑτοῦ
2480 4459 2668 4520 παῖδα,
2743 4456 2885 4526 ἀμφὶ
2972 4457 3039 4509 τὰ
3118 4456 3480 4524 τρισκαίδεκα
3554 4456 3649 4523 ἐτη
3714 4467 3796 4519 γε·

588 4558 839 4621 pergerct
862 4550 1121 4604 adversus
1151 4546 1447 4618 Illyriorum
1484 4562 1684 4615 regem.
1726 4546 1859 4601 Nam
1895 4548 2142 4602 audierat

590 4656 713 4693 eum
745 4643 944 4694 morari
1017 4642 1068 4693 in
1130 4654 1193 4693 ea
1251 4640 1383 4693 urbe
1422 4653 1542 4708 qua:
1594 4638 1830 4692 distabat
1869 4640 1936 4692 ab
1967 4636 2142 4694 Gaitia

513 4784 523 4792 ,
593 4731 788 4783 itinere
849 4727 1079 4781 maxime
1143 4726 1385 4797 quinque
1440 4727 1674 4789 dierum,
1736 4732 2141 4793 exspectantem

595 4833 827 4890 quonam
876 4833 963 4872 res
1018 4818 1322 4888 Illyriorum
1377 4826 1557 4872 essent
1584 4829 1848 4870 evasurae.
1882 4814 2012 4884 Ejus
2041 4829 2142 4869 au-

596 4921 703 4962 tem
749 4907 899 4961 urbis
932 4922 1051 4977 qum
1098 4920 1275 4976 regem
1321 4905 1621 4975 Illyriorum
1674 4906 1908 4967 tenebat,
1951 4919 2144 4958 nomen

596 5010 713 5056 erat
746 5000 924 5055 Clitia.
955 5000 1125 5053 Etiam
1174 4997 1357 5052 fratris
1411 4998 1528 5067 ejus
1559 4997 1725 5051 lilium
1773 5008 2018 5066 agentem
2049 5012 2147 5050 an-

593 5109 723 5146 num
760 5092 1029 5146 decimum
1071 5090 1315 5151 tertium,
1362 5088 1559 5141 ibidem
1608 5103 1730 5142 cum
1764 5103 1889 5159 rege
1917 5102 2145 5142 conver-

598 5186 706 5238 sari
734 5184 1042 5236 nuntiatum
1068 5192 1184 5234 erat
1227 5180 1572 5233 Machumeti.
1613 5176 1711 5231 IIic
1744 5192 2051 5239 assumens,
2090 5186 2147 5230 ut

594 5282 777 5345 jussus
821 5283 959 5338 erat,
1001 5272 1320 5335 exercitum,
1373 5272 1609 5324 secundo
1644 5270 1805 5338 287
1840 5269 1925 5322 die
1972 5270 2149 5337 attigit

2245 4550 2477 4617 γονότα,
2563 4547 2860 4617 διατρίϐειν
2959 4546 3325 4615 ἐπηγγέλλετο
3410 4543 3794 4616 Μαχουμούτῃ.

2246 4639 2438 4691 Λαϐὼν
2473 4638 2569 4708 μὲν
2620 4634 2712 4689 οὖν
2748 4638 2838 4689 τὸν
2882 4638 2977 4707 τῆς
3028 4636 3295 4706 Εὐρώπης
3328 4638 3585 4706 στρατὸν,
3632 4635 3801 4687 δευτε-

2249 4731 2397 4799 ραῖος
2458 4728 2763 4797 ἀφικνεῖται
2815 4727 2907 4779 ἐπὶ
2957 4727 3048 4779 τὸν
3092 4731 3361 4795 ποταμὶν,
3404 4725 3641 4796 τοῦνομα
3683 4742 3801 4776 ναυ-

2246 4818 2463 4888 σὶπορον
2494 4819 2561 4883 ⁸⁸,
2598 4811 2641 4885 ᾧ
2674 4819 2737 4886 δὴ
2776 4818 3004 4887 μάλιστα
3056 4817 3274 4888 οαῤῥῶν
3328 4818 3617 4887 Ἱλλυριῶν
3658 4816 3800 4886 βασι-

2245 4908 2369 4969 λεὺς
2433 4909 2745 4977 ναυσιπὸρῳ
2781 4924 2839 4959 τε
2870 4907 3005 4971 ὄντι,
3040 4910 3131 4959 καὶ
3163 4906 3418 4975 μεγάλων
3442 4908 3584 4963 νεῶν
3612 4923 3670 4959 τε
3712 4904 3801 4957 οὐκ

2247 4999 2480 5051 ἑνουσῶν
2510 4999 2584 5065 τῷ
2624 4999 2874 5068 ποταμῷ,
2901 4999 2999 5050 οὐκ
3050 4999 3114 5051 ἄν
3169 5016 3295 5050 ποτε
3337 4998 3485 5069 ῷετο
3520 4998 3801 5054 διαϐάντας

2245 5092 2336 5144 τὸν
2388 5090 2628 5162 ποταμδν
2690 5092 2878 5143 ἐλάσαι
2941 5089 3028 5143 ἐπ’
3080 5091 3262 5144 αὐτόν.
3320 5090 3416 5154 Ὠς
3469 5093 3528 5144 δί
3587 5086 3799 5141 ἐντιῦυα

2247 5182 2507 5236 ἐπέλασεν
2548 5184 2576 5236 ὁ
2612 5183 2837 5253 στρατὸς
2884 5184 2939 5245 ἐς
2969 5183 3060 5235 τὸν
3109 5181 3374 5252 ποταμὸν,
3414 5183 3656 5236 ἐνταῦθα
3690 5182 3800 5230 ἐπι-

2250 5272 2491 5327 σπεύδων
2538 5274 2934 5344 Μαχουμούτης
2966 5273 3093 5336 τοὺς
3127 5272 3220 5325 τοῦ
3279 5276 3657 5343 στρατοπέδου
3692 5266 3800 5337 ἀρε·

1872 5405 2115 5467 Νοιυιω
2147 5413 2548 5489 marginales.

668 5536 777 5605 (10)
799 5536 1034 5604 Clyzam.

671 5694 713 5728 "’
746 5694 810 5751 Β.
843 5697 1191 5767 πυνοάμενοι.
1220 5696 1284 5750 In
1323 5697 1394 5751 al.
1434 5704 1486 5748 ut
1524 5696 1576 5747 in
1602 5709 1648 5747 ι’.
1721 5692 1763 5725 ’⁵⁸
1788 5690 1851 5745 R.
1884 5701 2200 5764 πυθόμενος.

2284 5698 2322 5727 “⁹
2353 5697 2552 5750 Nomen
2577 5695 2728 5761 ﬂuvii
2766 5696 3114 5748 desideratur.
3156 5692 3214 5747 In
3251 5689 3311 5745 ii.
3352 5707 3455 5744 non
3498 5689 3807 5744 estlacuna.
