4026 6204
376 334 487 396 529

372 541 714 609 ἐργάσασθαι
768 547 996 616 βασιλεῖ,
1056 556 1412 627 συλλαϐόντας
1471 541 1741 639 Ἰλλυριῶν
1779 541 1930 644 βασι-

369 632 494 698 λέα,
527 634 677 703 ἔλεγε
728 640 942 694 τοιάδε·
982 645 1210 717 ’Ἄνδρες
1253 651 1503 723 Τοῦρκοι,
1535 632 1627 716 νῦν
1669 680 1751 727 τις
1776 632 1928 736 in.th

368 726 602 791 ἕκαστος
626 731 805 783 αὐτῶν
835 736 1056 804 φανήτω
1083 741 1221 812 ἀνὴρ
1254 746 1477 814 ἀγαθὸς,
1507 755 1752 825 ποταμδν
1774 726 1924 813 τόνδε

369 818 511 889 πεζῇ
560 820 751 887 διαϐάς
782 841 798 856 ·
848 828 910 879 οὐ
950 830 1055 900 γὰρ
1112 835 1335 906 μελήσει
1382 842 1529 912 αὐτῷ
1582 818 1688 899 τινι
1722 850 1923 922 πρώτῳ

366 910 635 977 διαὸάντι,
679 914 752 984 μὴ
788 916 930 985 μέγα
985 938 1036 973 τι
1079 925 1396 983 ἀποίσεσθαι
1439 910 1589 1006 παρά
1638 910 1919 1008 βασιλέως..

369 1002 562 1058 Ταῦτα
599 1009 865 1073 εἰπόντος,
899 1014 1197 1086 ἐπειρῶντο
1247 1022 1545 1079 διαϐαίνειν
1591 1032 1638 1082 oi
1687 1034 1782 1086 τοῦ
1828 1034 1923 1105 βα-

374 1097 592 1160 σιλέως.
640 1101 900 1156 Ἐνταῦθα
940 1106 1003 1177 δὴ
1066 1112 1276 1178 πρῶτος
1319 1114 1535 1184 λέγεται
1595 1097 1839 1197 Ὀμάρης
1894 1133 1923 1183 ό

368 1187 731 1258 Τουραχάνεω
790 1197 937 1257 παῖς,
996 1197 1291 1268 Θετταλίας
1339 1207 1600 1282 ὕπαρχος.
1652 1217 1749 1270 σὺν
1811 1224 1923 1286 τοῖς

364 1278 508 1345 ἀμφ’
554 1281 714 1334 αὐτὸν
754 1284 1068 1352 ἐλαύνοντες
1111 1293 1393 1351 εἰσέπεσον
1439 1278 1516 1364 ἐς-
1538 1305 1631 1357 τὸν
1659 1278 1920 1380 ποταμὸν,

363 1374 464 1423 καὶ
493 1370 665 1441 βραχὺ
693 1388 745 1425 τι
790 1376 1186 1448 διανηχόμενοι,
1217 1385 1505 1446 διέϐαινον.
1540 1396 1646 1450 Καὶ
1672 1399 1700 1450 ὀ
1732 1370 1922 1467 λοιπὸς

359 1464 479 1531 ἅμα
512 1467 741 1535 στρατὸς
787 1470 985 1524 αὐτίκα
1013 1472 1269 1529 διέϐαινε.
1309 1482 1604 1550 Διαϐόιντες
1636 1490 1691 1542 δὲ
1721 1491 1922 1547 αὐτίκα

357 1555 674 1625 ἐπέδραμον
731 1558 951 1629 χώραν,
1011 1563 1149 1618 ὥστε
1207 1568 1299 1622 τὸν
1365 1572 1639 1645 Ἱλλυριῶν
1698 1581 1920 1650 βασιλέα

356 1647 633 1712 δείσαντα,
668 1651 745 1721 μὴ
798 1652 856 1715 ές
898 1655 1074 1725 φυγὴν
1104 1661 1466 1731 τραπόμενον,
1502 1647 1920 1738 ἐπεισπεσόντες

357 1738 411 1789 οἱ
439 1740 786 1810 ἱπποδρόμοι,
816 1746 1186 1813 καταλάϐωσι,
1219 1754 1313 1807 καὶ
1349 1756 1444 1809 ἐπὶ
1483 1757 1726 1815 κίνδυνον
1757 1764 1919 1820 ἔλθω-

366 1849 473 1883 σιν.
508 1833 645 1886 mea
677 1837 826 1904 αὐτῷ
857 1837 931 1907 μὴ
979 1838 1231 1914 ληφθείη,
1259 1845 1537 1915 οἰχόμενος
1580 1853 1918 1919 ἀνασώζεται

361 1924 422 1983 ἐς
458 1926 609 1979 πόλιν
654 1928 815 1980 αὑτοῦ
848 1947 992 1995 τινα,
1024 1932 1194 2003 ὄνομα
1236 1938 1450 2009 Κλιτίη.
1481 1944 1827 2016 Καταιρυγὼν
1863 1951 1918 2005 δὲ

363 2016 731 2085 πολιορκεῖται
761 2021 865 2076 ὑπὸ
914 2025 1341 2098 Μαχουμούτεω.
1388 2033 1454 2088 Ἡ
1482 2035 1539 2089 δὲ
1568 2038 1722 2103 πόλις
1757 2043 1919 2097 οἰκεῖ-

360 2127 455 2161 ται
487 2112 587 2180 μὲν
613 2114 667 2164 ιν
693 2115 873 2185 χωρίῳ
920 2121 1024 2172 τινὶ
1070 2121 1278 2188 ἑλώδει,
1314 2126 1403 2179 καὶ
1451 2126 1548 2201 ἕλη
1581 2132 1711 2204 παρ’
1749 2136 1919 2208 αὐτὴν

353 2204 597 2270 μεγάλα,
641 2205 727 2259 διὰ
770 2209 963 2262 πολλοῦ
1007 2210 1362 2282 διατείναντα,
1391 2220 1593 2291 ἐχυρὰν
1634 2227 1798 2293 ποιεῖ,
1825 2204 1918 2283 και

346 2295 410 2345 οὐ
444 2294 698 2363 βασιμον.
738 2298 869 2351 Τότε
905 2301 962 2354 δὲ
1009 2302 1114 2356 ὑπὸ
1154 2306 1438 2377 καύματος
1464 2313 1912 2387 ἀποξηρούμενόν

350 2403 412 2436 τε
444 2382 512 2456 ἦν
559 2388 621 2441 τὸ
668 2391 863 2459 χωρίον
916 2394 1082 2449 ἆπαν.
1116 2398 1225 2451 Καὶ
1274 2402 1545 2468 ἐπελάσας
1596 2382 1911 2480 ὀῖνστρατὸς,

360 2481 660 2551 ἐπολιόρκει
698 2486 799 2553 τὴν
839 2487 1013 2551 πόλιν,
1050 2492 1143 2544 καὶ
1178 2496 1444 2565 κάλαμον,
1472 2498 1530 2562 ὃς
1576 2500 1807 2569 ἄφθονος
1843 2502 1911 2577 ἦν

368 2573 510 2641 παρὰ
549 2575 650 2644 τὴν
706 2576 879 2644 πόλιν,
936 2581 1318 2649 ἑπιπίπτοντες
1363 2588 1644 2660 διεφόρουν
1700 2599 1759 2659 ἐς
1813 2599 1912 2667 τὴν

359 2666 573 2732 τάφρον,
603 2668 677 2730 ὡς
708 2668 817 2740 πῦρ
849 2673 1133 2740 ὲνήσοντες
1167 2679 1222 2739 ἐς
1251 2679 1342 2731 τὸν
1389 2682 1659 2752 κάλαμον,
1688 2689 1781 2740 καὶ
1824 2666 1910 2745 διὰ

357 2753 443 2804 τοῦ
496 2755 667 2823 πυρὸς
720 2758 1040 2828 αἱρήσοντες
1099 2780 1158 2815 τε
1209 2765 1336 2828 τοὺς
1392 2769 1451 2820 ἐν
1508 2774 1575 2841 τῇ
1613 2774 1785 2839 πόλει,
1819 2775 1910 2848 βίᾳ

344 2844 581 2908 ἄκοντας
627 2849 683 2910 ἐς
732 2850 1019 2918 ὁμολογίαν
1071 2858 1568 2926 παραστησάμενοι.
1601 2860 1783 2918 Ταῦτα
1814 2844 1911 2935 μὲν

346 2938 675 3006 εἰσορῶντες
700 2943 746 2994 oi
776 2941 867 2994 τοῦ
900 2944 1161 3014 Ἰλλυριοῦ
1202 2951 1552 3018 στρατιῶται,
1590 2956 1683 3007 καὶ
1713 2958 1762 3009 oi
1813 2960 1909 3028 τῆς

346 3030 582 3094 πόλεως,
626 3035 719 3084 καὶ
755 3035 991 3103 οἰόμενοι
1025 3039 1099 3107 μὴ
1140 3038 1206 3092 ἂν
1260 3040 1583 3111 δυνήσεσθαι
1631 3046 1722 3099 ἐπὶ
1771 3048 1904 3101 πολὺ

1452 361 1548 421 DE
1588 365 1842 431 REBUS
1880 374 2244 444 TURCICIS
2276 388 2422 455 LIB.
2460 395 2533 459 X;

376 460 561 513 στουςι
594 451 731 506 ὥστε
786 455 1077 524 διαϐάντας
1126 464 1216 520 τὸν
1265 475 1508 540 ποταμὸν
1564 475 1726 548 ἔργον
1785 482 2226 554 μέγαΔΠιιιιιοιι
2274 503 2363 557 cui
2402 520 2598 564 nomen
2622 520 2705 565 est

376 541 712 565 tmen-..“
771 547 797 565 η
898 550 914 565 ς
957 551 979 565 .
1123 556 1169 565 .-
1232 560 1281 565 ,-

3487 423 3600 486 5‘30

2875 515 2924 572 is
2972 517 3170 578 ﬂuvius
3237 527 3456 585 navian
3483 546 3602 588 erat

2030 588 2259 657 patiens,
2303 602 2356 649 et
2407 614 2558 667 spem
2586 617 2801 661 omnem
2835 607 2887 662 in
2919 624 2985 664 eo
3036 612 3196 669 sitam
3227 619 3467 687 ponebat
3497 638 3591 679 rex

2029 678 2350 750 Illyriorum.
2389 687 2525 745 Nam
2574 709 2698 751 cum
2750 699 2908 754 nulla:
2946 718 3112 760 naves
3158 678 3365 778 magna:
3395 724 3597 781 praesto

2028 786 2233 842 essent,
2266 781 2489 848 putabat
2543 802 2724 859 regem
2774 807 3051 865 nunquam
3085 814 3150 854 eo
3176 802 3418 859 audaciae
3459 823 3590 877 pro-

2029 881 2370 937 gressurum,
2418 886 2477 930 ιιι
2513 877 2567 932 id
2612 883 2870 941 transiret
2915 903 3027 957 quo
3061 905 3244 947 secum
3271 894 3470 952 bellum
3502 915 3591 969 ge-

2028 966 2192 1012 reret.
2224 959 2290 1016 Ut
2313 972 2495 1019 autem
2528 984 2650 1023 cum
2685 975 2856 1043 copiis
2883 979 2948 1031 ad
2983 978 3185 1037 ﬂumen
3215 959 3584 1044 Machumeies

2027 1051 2281 1119 accessit,
2336 1055 2470 1111 mire
2521 1058 2854 1132 festinando,
2909 1071 3185 1128 cohortari
3246 1091 3352 1131 non
3381 1076 3590 1133 abstitit

2024 1142 2347 1211 exercitum,
2379 1155 2433 1202 et
2465 1151 2737 1210 exercitus
2766 1155 2958 1224 duces,
2996 1170 3053 1216 ιιι
3084 1166 3590 1234 transgrederentur

2024 1229 2249 1301 ﬂumen,
2282 1240 2503 1310 regique
2535 1261 2671 1315 opus
2701 1250 3135 1316 pulcherrimum
3162 1255 3460 1327 ellicerent,
3497 1276 3590 1316 ca-

2022 1324 2234 1392 pientes
2274 1331 2527 1390 videlicet
2568 1338 2872 1408 Illyriorum
2925 1360 3126 1414 regem.
3156 1346 3247 1403 Sic
3278 1360 3455 1407 autem
3502 1353 3584 1407 lo—

2022 1424 2182 1471 cutus
2230 1418 2449 1480 fertur:
2482 1424 2597 1481 Viri
2632 1428 2818 1499 Turei,
2872 1447 3016 1490 nunc
3065 1438 3294 1504 quilibet
3345 1455 3582 1497 vestrum

2024 1503 2108 1560 fac
2140 1508 2222 1562 vir
2278 1512 2435 1568 fortis
2490 1530 2769 1588 appareat,
2820 1534 2981 1594 atque
3030 1503 3195 1592 pedes
3243 1531 3451 1588 ﬂumen
3485 1536 3588 1588 hoc

2024 1605 2286 1656 transeat.
2317 1605 2640 1677 Neutiquam
2682 1615 2828 1668 enim
2869 1618 3001 1671 mihi
3039 1621 3264 1675 dubium
3305 1635 3409 1686 est.
3447 1626 3579 1695 quin

2023 1691 2258 1748 maxima
2303 1704 2357 1751 et
2392 1700 2672 1767 splendida
2714 1720 2939 1761 munera
2988 1724 3241 1767 maneant
3283 1731 3427 1779 eum,
3462 1732 3586 1787 quae

1952 1778 2089 1874 Bab
2145 1796 2269 1850 rege
2325 1788 2578 1857 accipiet,
2637 1793 2729 1861 qui
2780 1795 2990 1863 primus
3029 1799 3226 1857 ﬂumen
3281 1778 3582 1875 superarit.

2024 1868 2121 1925 His
2151 1874 2332 1940 dictis,
2364 1879 2499 1945 regii
2541 1882 2739 1937 milites
2768 1888 3003 1941 maxime
3028 1894 3207 1946 studio
3242 1868 3585 1965 conabantur

2021 1967 2323 2034 transgredi
2365 1967 2587 2027 ﬂumen.
2642 1973 2715 2029 lbi
2781 1986 2891 2031 tum
2950 1981 3175 2047 primus,
3214 1995 3273 2040 ut
3325 1990 3580 2056 traditur,

2020 2055 2246 2111 Omares
2300 2056 2640 2119 Turacbanis
2692 2064 2856 2131 (ilius,
2914 2069 3207 2128 Thessaliae
3264 2055 3574 2145 praefectus.

2019 2160 2140 2199 cum
2173 2147 2288 2202 suis
2326 2148 2484 2204 irruit
2542 2152 2595 2207 in
2665 2153 2901 2225 ﬂumen;
2962 2163 3055 2230 qui
3110 2166 3385 2233 paululum
3419 2173 3579 2225 modo

2017 2245 2317 2303 natantes,
2425 2240 2626 2299 ﬂumen
2714 2262 3062 2319 superarunt.
3158 2256 3277 2314 .ilos
3357 2273 3583 2317 secutus

2014 2338 2119 2394 est,
2179 2332 2294 2400 pari
2348 2348 2607 2392 successu
2673 2355 2830 2407 usus,
2877 2354 2930 2399 et
2988 2348 3225 2419 reliquus
3284 2356 3577 2411 exercitus.

2015 2417 2233 2486 Egressi
2263 2420 2507 2489 ﬂumine,
2559 2427 2705 2484 illico
2756 2431 3006 2492 invasere
3054 2454 3237 2510 agros.
3303 2444 3444 2500 Hinc
3483 2465 3577 2504 rex

2016 2506 2348 2578 Illyricorum
2417 2516 2637 2586 timens,
2693 2536 2762 2575 ne
2828 2525 2874 2579 si
2931 2527 2985 2581 in
3033 2529 3213 2601 fugam
3247 2543 3576 2603 verteretur,

2012 2601 2252 2666 equitum
2293 2604 2524 2661 adventu
2559 2624 2877 2681 oppressus,
2931 2616 2986 2672 in
3036 2623 3329 2679 maximum
3362 2628 3579 2696 pericu-

2010 2690 2121 2745 lum
2156 2694 2389 2761 veniret,
2423 2714 2481 2754 se
2507 2705 2735 2773 recepit,
2767 2716 2827 2762 ut
2873 2709 3163 2766 incolumis
3198 2731 3438 2785 praesens
3463 2719 3580 2776 dis-

2012 2783 2221 2840 crimen
2277 2790 2548 2858 evaderet,
2603 2795 2657 2849 in
2709 2798 2897 2854 urbem
2934 2804 3220 2870 quamdam
3253 2821 3321 2861 eo
3351 2808 3458 2864 loci
3496 2811 3577 2867 si-

2011 2883 2121 2929 tam
2202 2882 2424 2937 nomine
2477 2884 2717 2943 Clitiam.
2785 2892 2989 2947 Verum
3041 2894 3410 2955 Macbumetes
3451 2917 3572 2957 cum

2010 2968 2255 3024 exercitu
2284 2976 2695 3043 superveniens,
2757 2995 2878 3035 eam
2928 2984 3118 3040 urbem
3159 2988 3445 3046 obsidione
3466 2992 3575 3048 cir-

2011 3060 2303 3117 cumdedit.
2343 3063 2508 3121 Urbis
2555 3068 2677 3138 ejus
2742 3072 2882 3129 situs
2933 3083 3017 3131 est
3076 3078 3129 3132 in
3166 3078 3286 3135 loco
3320 3082 3572 3152 palustri,

343 3125 600 3194 ἀντέχειν
643 3124 1125 3196 πολιορκούμενοι,
1184 3134 1527 3203 προσέφερον
1581 3135 1772 3204 λόγους
1832 3141 1908 3210 τῷ

343 3221 713 3246 ι.,,,,,,,,,,ε,,
789 3223 859 3246 ,σά
904 3228 1038 3246 με-
1098 3243 1144 3246 _,
1215 3229 1264 3246 ,.
1343 3230 1355 3246 ι
1614 3233 1670 3246 μ

2582 3124 2602 3138 ,
2746 3124 2785 3126 -,
2825 3124 2878 3129 τ,
2937 3124 3016 3131 η-
3166 3124 3284 3135 ,νυν
3320 3124 3572 3152 ,,......,....

2011 3161 2063 3206 et
2097 3153 2151 3209 in
2181 3154 2413 3212 circuitu
2442 3160 2668 3229 paludes
2699 3163 2947 3220 visuntur
2991 3168 3151 3241 longe
3179 3172 3414 3243 lateque,
3451 3193 3574 3246 quae

342 3210 738 3295 Μιχουμοὺτῃ,
784 3223 859 3286 ὡς
899 3228 1039 3292 σφᾶς
1093 3243 1150 3280 τε
1205 3229 1401 3293 αὐτοὺς
1455 3233 1901 3302 παραδώσοντας,

343 3314 443 3363 καί
474 3314 556 3381 ἐφ’
583 3308 626 3380 ᾧ
660 3315 886 3384 βασιλέα
918 3317 1069 3386 σφῶν
1112 3320 1292 3374 αὐτῶν
1337 3321 1623 3391 μηδοτιοῦν
1668 3329 1903 3397 χαλεπὸν

344 3402 631 3455 ’πείσεσθαι
660 3405 762 3457 ὑπὸ
790 3406 1070 3475 βασιλέως,
1110 3415 1500 3487 προσχωρῆσαί
1526 3434 1608 3480 τε,
1644 3418 1707 3486 ῆν
1740 3420 1903 3489 ὅρκια

348 3495 564 3559 γένοιτό
610 3496 677 3558 oi,
718 3499 803 3566 ἐφ’
859 3493 903 3565 ᾧ
949 3501 1154 3568 ἀγαθὸν
1197 3503 1318 3570 μὲν,
1361 3506 1593 3575 χαλεπὸν
1637 3509 1690 3562 δὲ
1738 3511 1903 3581 μηδὲν

349 3588 646 3659 ὑποστῆναι
692 3591 796 3643 ὑπὸ
842 3591 1118 3664 Τούρκων.
1149 3595 1333 3649 Ταῦτα
1380 3602 1773 3670 προϊσχομένου
1807 3602 1901 3657 τοῦ

357 3676 639 3747 Ἰλλυριοῦ,
669 3682 877 3753 ἐδέχετό
920 3702 980 3739 τε
1029 3689 1056 3739 ὁ
1106 3689 1506 3760 Μαχουμούτης
1565 3695 1657 3747 καὶ
1702 3695 1899 3748 ἐσπέν-

344 3772 490 3825 δετο.
519 3774 744 3844 Ὅρκιον
774 3776 829 3829 δὲ
857 3778 1002 3847 αὐτῷ
1052 3782 1420 3851 ποιησάμενος
1445 3785 1530 3854 ἐφ’
1560 3781 1641 3850 οἷς
1674 3788 1899 3858 προύτί-

342 3864 489 3927 Θετο,
513 3867 603 3918 τόν
632 3884 690 3921 τε
724 3867 944 3936 βασιλέα
995 3871 1203 3935 ἐξιόντα
1232 3876 1295 3927 ἐκ
1341 3879 1438 3945 τῆς
1469 3878 1698 3942 πόλεως,
1729 3881 1899 3950 παρέ-

340 3956 475 4008 λαὸέ
504 3976 560 4010 τε
594 3959 692 4029 τὴν
725 3962 894 4025 πόλιν,
932 3964 1023 4016 καὶ
1053 3964 1112 4016 τὸ
1141 3964 1241 4034 μὲν
1273 3968 1331 4018 ἐν
1362 3970 1427 4037 τῇ
1458 3970 1611 4022 πόλει
1663 3971 1721 4034 ὲς
1767 3971 1896 4041 τρία

339 4049 666 4119 διελόμενος,
702 4054 761 4106 τὸ
809 4054 909 4124 μὲν
974 4056 1139 4112 αὑτοῦ
1184 4059 1467 4128 κατέλιπε,
1520 4062 1580 4115 τὸ
1630 4064 1686 4117 δὲ
1734 4065 1894 4130 αὐτὸς

344 4140 446 4191 σὺν
475 4143 565 4193 καὶ
593 4147 703 4209 τοῖς
730 4146 971 4214 ἀρίστοις
1001 4146 1433 4219 διανειμάμενος,
1462 4152 1521 4205 τὸ
1552 4154 1735 4223 τρίτον
1759 4157 1895 4211 ἐπά-

340 4247 458 4297 γων
486 4236 563 4305 τῷ
598 4236 807 4304 βασιλεί
838 4240 1168 4309 ἐδωρήσατο.

2008 3244 2191 3300 urbem
2222 3249 2486 3305 munitam
2541 3262 2596 3307 et
2643 3254 2792 3310 aditu
2845 3257 3121 3315 diliicilem
3175 3268 3437 3332 praebent.
3471 3244 3571 3323 7E0

2006 3344 2244 3408 tempore
2272 3339 2425 3396 locus
2471 3343 2563 3398 ille
2612 3347 2898 3404 universus
2924 3352 3196 3409 solaribus
3228 3358 3399 3414 radiis
3431 3375 3568 3414 exu—

2003 3437 2121 3481 stus
2157 3439 2469 3487 exaruerat.
2526 3432 2818 3504 Caeterum,
2878 3438 2961 3492 his
3025 3441 3158 3495 nihil
3198 3446 3333 3500 moti
3368 3448 3568 3504 milites

2003 3514 2378 3589 Machumetis,
2407 3525 2698 3592 accedunt,
2738 3543 2970 3600 eamque
3014 3534 3302 3592 obsidione
3332 3539 3570 3595 circum-

2003 3609 2244 3666 veniunt.
2294 3613 2654 3684 Arundinem,
2686 3634 2807 3690 quae
2839 3622 3067 3692 plurima
3117 3626 3189 3682 ibi
3235 3640 3394 3685 enata
3429 3640 3564 3693 erat.

2005 3701 2339 3768 excidentes,
2394 3711 2812 3778 comportabant
2888 3713 2944 3767 in
3029 3713 3250 3784 fossam,
3326 3729 3386 3775 ut
3444 3723 3568 3792 igne

2000 3793 2194 3850 deinde
2239 3796 2461 3867 injecto,
2505 3799 2587 3855 vel
2632 3802 2686 3858 vi
2735 3805 2951 3860 tandem
2987 3807 3150 3862 etiam
3186 3811 3378 3868 invitos
3412 3813 3567 3882 Oppi-

2001 3886 2169 3941 danos
2198 3886 2250 3940 in
2283 3887 2544 3946 ditionem
2570 3893 2896 3963 redigerent.
2922 3896 3044 3954 Haec
3074 3902 3253 3970 parari
3280 3915 3565 3959 cernentes

1999 3978 2145 4036 cives
2170 3979 2342 4044 urbis,
2384 3990 2438 4036 et
2466 3983 2634 4055 Illyrii
2668 3987 2891 4054 milites,
2919 3991 3320 4061 credentesque
3348 4011 3411 4051 se
3451 4014 3556 4051 non

1999 4069 2089 4122 diu
2121 4086 2280 4139 posse
2311 4074 2566 4130 resistere
2602 4078 2812 4135 viribus
2866 4080 3198 4148 Turcorum,
3234 4088 3441 4157 legatos
3494 4092 3561 4143 ad

2002 4159 2390 4219 Maeliumetem
2432 4169 2647 4222 mittere
2677 4169 2997 4238 decernunt,
3028 4185 3248 4233 orantes
3285 4188 3343 4233 ut
3384 4181 3437 4235 in
3467 4182 3562 4236 de—

2000 4252 2261 4308 ditionem
2304 4256 2720 4326 acciperentur;
2768 4270 3016 4331 petentes
3066 4249 3329 4336 praaterca
3359 4280 3417 4325 ut
3449 4272 3560 4342 regi

345 4326 554 4379 veniam
592 4329 745 4385 daret
775 4332 903 4401 :qui
951 4348 1169 4403 quoque
1211 4340 1558 4408 semetipsum
1608 4340 1891 4400 dediturus
1928 4344 2026 4409 sit,
2070 4346 2119 4400 si
2160 4348 2517 4419 jurisjurandi
2571 4352 2760 4423 religio
2796 4354 3122 4414 interveniat
3153 4379 3167 4415 :
3199 4378 3307 4430 qua
3401 4364 3562 4427 inter—

337 4418 590 4485 cedente,
618 4420 670 4474 in
709 4438 857 4493 spem
895 4426 1151 4497 erigatur,
1188 4443 1248 4482 se
1280 4429 1412 4484 nihil
1446 4430 1575 4486 mali
1605 4435 1672 4487 ab
1711 4432 1897 4490 l‘urcis
1970 4451 2280 4505 passurum.
2352 4418 2719 4499 Macbumetes
2768 4443 2964 4517 Illyrici
3009 4464 3198 4517 preces
3261 4450 3405 4506 baud
3455 4453 3557 4507 ab-

342 4516 486 4569 nuit.
516 4515 714 4575 Foedus
766 4532 850 4577 est
900 4523 1089 4589 ictum,
1135 4525 1519 4598 jusjurandum
1594 4539 1677 4584 est
1739 4531 1952 4598 datum,
1994 4534 2455 4602 quemadmodum
2524 4550 2821 4596 oraveraut
2876 4540 3067 4613 illyrii.
3122 4545 3364 4602 Tandem
3434 4564 3557 4603 cum

342 4609 483 4661 urbe
523 4626 773 4676 egressus
824 4625 969 4669 esset
1038 4632 1156 4680 rex,
1193 4617 1379 4671 urbem
1425 4621 1732 4689 occupavit.
1785 4620 2045 4679 Homines
2086 4626 2257 4693 quiin
2302 4628 2437 4683 urbe
2487 4637 2667 4695 erant,
2750 4632 2804 4685 in
2859 4642 2968 4689 tres
3041 4644 3227 4705 partes
3278 4640 3554 4706 secrevit;

341 4712 505 4751 unam
536 4700 702 4772 288
729 4703 922 4759 ibidem
976 4708 1177 4762 morari
1231 4707 1415 4777 jussit,
1480 4710 1706 4767 alteram
1764 4712 1903 4768 inter
1937 4717 2227 4785 Optimates
2252 4734 2385 4775 suos
2410 4719 2710 4787 distribuit,
2740 4724 2954 4779 tertiam
2983 4726 3213 4783 adduxit
3239 4729 3306 4784 ad
3374 4746 3557 4802 regem

337 4802 400 4846 et
437 4794 608 4850 eidem
639 4799 779 4852 dono
818 4799 986 4855 dedit.

417 4882 568 4937 Οὕτω
617 4888 716 4950 μὲν
769 4885 863 4942 οῦν
911 4891 940 4942 ὁ
988 4890 1263 4963 Ἱλλυριῶν
1324 4890 1580 4964 βασιλεὺς
1636 4899 1779 4954 ἑάλω
1834 4901 1893 4955 ἐν

2066 4900 2123 4955 In
2159 4902 2304 4957 hunc
2332 4903 2549 4957 modum
2608 4904 2807 4977 illyrici
2872 4923 2962 4962 rex
3020 4922 3212 4981 captus
3263 4923 3346 4969 cst
3387 4916 3561 4971 Clitia:

338 4976 556 5048 Κλιτίῃ,
591 4979 684 5033 καὶ
727 4981 955 5050 ἀδελφοῦ
1002 5000 1060 5037 τε
1103 4986 1220 5053 ἅμα
1270 4988 1436 5041 αὐτοῦ
1484 4993 1613 5053 παῖς
1646 4992 1789 5062 ἀμφὶ
1820 4993 1890 5047 τὰ

1994 5009 2100 5047 una
2140 5009 2263 5047 cum
2300 4994 2481 5050 fratris
2528 4998 2659 5063 (ilio,
2719 5002 2813 5069 qui
2868 5003 3012 5058 baud
3051 5006 3178 5061 dum
3242 5007 3560 5076 impleverat

332 5072 690 5138 τρισκαίδεκα
730 5077 824 5143 ἔτη
877 5077 1135 5145 γεγονώς.
1177 5079 1238 5132 Ἢ
1272 5081 1328 5132 δὲ
1377 5081 1514 5151 γυνὴ
1563 5084 1728 5138 αὑτοῦ
1760 5088 1893 5156 πρό-

2011 5085 2167 5139 etatis
2207 5101 2410 5140 annum
2460 5090 2734 5145 decimum
2787 5095 3028 5150 tertium.
3076 5094 3223 5150 Uxor
3274 5099 3417 5165 regis
3445 5100 3556 5168 (ll)

337 5178 498 5231 τερον
524 5165 659 5234 ἔφθη
692 5167 749 5229 ἐς
782 5167 1098 5236 Ῥαγούζιον
1129 5169 1305 5234 πόλιν,
1334 5171 1431 5242 τὴν
1478 5173 1536 5235 ἐς
1582 5173 1673 5226 τὸν
1702 5176 1889 5229 Ἰόνιον

2013 5193 2096 5230 am
2128 5187 2252 5233 ante
2294 5194 2354 5234 se
2404 5182 2708 5238 contulerat
2760 5184 3118 5255 Rliagusium,
3151 5203 3270 5256 quae
3314 5198 3397 5243 est
3427 5192 3556 5245 urbs

328 5253 701 5329 διαφυγοῦσα,
752 5260 846 5310 καὶ
899 5260 1128 5313 πλοῦτον
1196 5263 1364 5315 πολὺν
1429 5265 1887 5338 ἁπενεγκαμένη⁶,

330 5345 578 5415 οἴχεσθαι
644 5349 834 5421 γνώμῃ
886 5353 977 5406 τοῦ
1038 5354 1248 5423 ἀνδρός.
1304 5354 1370 5408 Ἦ
1425 5355 1483 5408 δὲ
1534 5358 1689 5421 πόλις
1743 5360 1885 5428 αῦτη

318 5436 569 5503 ᾤκισται
600 5440 697 5509 μὲν
726 5442 828 5495 ὑπὸ
858 5444 965 5498 τῶν
1013 5447 1182 5518 ταύτῃ
1221 5446 1495 5517 Ἰλλυριῶν
1524 5448 1737 5521 ἀνδρῶν
1767 5452 1885 5503 ἐπι-

1986 5272 2140 5341 juxta
2162 5274 2395 5339 Ionium,
2422 5287 2478 5331 ut
2505 5279 2757 5347 praesenti
2780 5280 3080 5337 discrimini
3115 5281 3550 5337 subtraherctur.

1990 5364 2262 5421 Plurimas
2299 5381 2366 5421 eo
2413 5380 2746 5424 convexerat
2789 5385 2921 5440 opes
2966 5373 3198 5428 consilio
3253 5375 3377 5428 viri.
3419 5374 3551 5429 Eam

1993 5456 2180 5511 urbem
2231 5458 2476 5516 incolunt
2534 5460 2733 5531 lliyrici
2783 5464 2885 5518 viri
2931 5465 3227 5521 admodum
3283 5467 3548 5534 illustres,

1569 5589 1813 5652 Notulae
1845 5595 2249 5674 marginales.

405 5698 451 5802 ξι
474 5698 518 5759 ί)
547 5699 775 5802 Ele'as‘ari
816 5704 1051 5778 despuite
1083 5708 1211 5767 lilia.
1246 5709 1369 5766 ilmc
1395 5710 1459 5765 ad
1494 5712 1701 5767 Sixtum
1758 5714 1823 5769 IV
1864 5715 2017 5773 I‘out.
2053 5720 2119 5777 Μ.
2158 5724 2382 5781 Romam
2414 5725 2669 5798 profugit,
2711 5735 2759 5783 et
2788 5728 2852 5785 ad
2885 5738 3110 5785 mortem
3154 5746 3324 5802 usque
3377 5733 3547 5789 hono-

334 5768 488 5822 rifice
515 5781 593 5822 est
622 5769 824 5826 habita.
