4026 6204
520 362 618 429 Ξ31

1669 363 1973 422 LAONlCl
2024 362 2679 425 CItlALCQCONDYL/E

3611 371 3709 435 532

519 499 586 536 eo
613 495 934 536 convenere.
973 479 1037 535 Et
1068 494 1190 535 cum
1248 478 1541 548 diSriplinze
1585 482 1873 535 sanctitate
1914 479 2082 536 animi

2204 484 2373 551 ρανῶν
2425 485 2480 546 ἐς
2530 484 2696 537 «eam
2746 483 3060 546 συνιόντων,
3094 482 3187 536 xui.
3231 482 3471 552 ἀλλήλοις
3525 504 3578 539 τε
3626 489 3706 542 ιπι

523 574 765 641 ipsorum
824 571 980 625 facile
1039 570 1428 636 coalescerent,
1485 580 1539 626 et
1582 573 1848 627 discordia
1907 573 2087 626 omnis

523 663 777 718 submota
819 662 978 725 foret,
1015 677 1134 716 eam
1165 660 1456 716 admodum
1495 663 1840 718 emunierunt
1866 662 2089 718 validis-

526 760 680 812 simis
711 759 946 827 undique
977 757 1206 826 objectis
1253 757 1447 812 muris.
1480 755 1546 810 Et
1585 757 1993 827 proficiscentes
2033 755 2088 809 in

529 849 901 906 continentem
970 860 1021 903 et
1048 850 1280 913 lenium,
1340 849 1599 904 mercium
1663 849 1857 916 gratia.
1938 847 2087 902 brevi

526 944 714 997 urbem
751 943 952 1010 opibus
990 941 1131 996 haud
1184 942 1595 996 contemnendis
1632 957 1846 996 auxere.
1899 940 2090 1008 llabet,

525 1052 555 1089 a
591 1037 790 1105 quibus
840 1036 1073 1105 regitur,
1114 1035 1260 1105 leges
1317 1035 1552 1104 optimas
1597 1042 1650 1088 et
1677 1034 2090 1099 saluberrimas,

526 1135 581 1182 et
606 1127 657 1180 in
685 1127 1084 1192 aristocratiam
1131 1141 1288 1182 versa
1323 1126 1757 1181 administratur.
1787 1126 1947 1182 Cives
1978 1142 2095 1181 ma-

527 1219 741 1289 gniﬁcis
767 1220 1012 1276 aediliciis
1047 1221 1236 1275 urbem
1263 1221 1402 1276 bane
1431 1230 1789 1286 exornarunt,
1818 1237 1943 1292 qua:
1971 1221 2093 1291 qui-

529 1311 651 1365 dem
683 1313 938 1380 quamvis
984 1313 1218 1368 obseura
1251 1312 1392 1367 fama
1417 1315 1642 1378 feratur,
1669 1324 1840 1368 tamen
1861 1314 2093 1370 celebris

529 1403 783 1470 habetur,
810 1407 1159 1475 producendo
1219 1409 1364 1463 viros
1401 1409 1688 1477 prudentia
1724 1408 1985 1477 insignes.
2017 1408 2094 1464 Ea

530 1498 663 1552 urbs
708 1495 937 1552 ﬁnitima
974 1509 1054 1554 est
1091 1498 1341 1556 Sandalis
1392 1501 1622 1569 regioni.
1658 1500 1794 1556 Cum
1829 1501 1934 1556 hoc
1984 1500 2096 1555 bel-

532 1586 642 1640 lum
679 1587 799 1642 urbi
837 1589 956 1642 fuit.
991 1588 1211 1656 Verum,
1262 1599 1322 1645 ut
1365 1591 1493 1645 mihi
1531 1592 1765 1656 videtur,
1799 1593 2096 1648 discordia-

532 1695 654 1733 rum
713 1695 932 1735 causam
990 1698 1181 1752 parum
1243 1683 1391 1754 juste
1458 1683 1720 1740 Sandales
1785 1686 2094 1750 seminavit,

535 1785 739 1841 eosque
793 1772 995 1828 invitos
1051 1789 1202 1830 arma
1267 1791 1462 1845 capere
1512 1775 1709 1845 coegit.
1767 1774 1902 1830 Nam
1959 1791 2096 1831 uxor

535 1861 791 1917 Sandalis
831 1881 933 1918 una
965 1881 1084 1920 eum
1134 1867 1243 1920 tilio
1274 1867 1640 1935 adolescente,
1669 1879 1888 1939 propter
1913 1869 2096 1924 mariti

535 1955 936 2025 improbitatem
1020 1958 1355 2030 Rbagusium
1427 1961 1768 2032 confugerat.
1839 1964 2100 2019 Sandales

537 2048 846 2119 Rbagusios
907 2051 1092 2108 missis
1171 2053 1362 2123 legatis
1424 2063 1642 2125 rogarat
1694 2064 1752 2108 ut
1816 2056 2101 2112 redderent

539 2159 788 2210 uxorem,
817 2154 868 2199 et
899 2145 1100 2214 lilium;
1133 2146 1332 2216 quibus
1361 2163 1468 2202 non
1513 2147 1926 2203 admittentibus
1975 2163 2101 2218 pre-

533 2253 649 2298 .ees,
685 2238 883 2292 bellum
927 2239 1141 2294 indixit.
1172 2239 1432 2308 Rliagusii
1467 2240 1633 2295 tilium
1675 2241 1924 2296 Sandalis
1952 2256 2102 2296 com-

541 2331 691 2383 m-uni
719 2332 996 2387 sententia
1019 2335 1084 2387 ad
1119 2333 1170 2389 id
1205 2335 1406 2388 bellum
1440 2334 1822 2403 imperatorem
1867 2334 2097 2405 eligunt:

540 2431 1000 2492 suggerentesque
1024 2441 1274 2494 magnam
1310 2428 1552 2497 pecunia:
1591 2427 1723 2492 vim,
1751 2425 1963 2481 fortiter
1992 2425 2104 2480 bel—

537 2512 649 2567 lum
703 2514 783 2568 ab'
817 2513 1048 2572 Sandale
1107 2517 1313 2573 illatum
1380 2519 1702 2588 propulsare
1758 2528 2101 2590 satagerunt.

540 2604 771 2660 Causam
799 2623 918 2678 qua:
961 2606 1174 2678 impulit
1197 2618 1423 2665 matrem
1472 2619 1526 2666 et
1577 2613 1769 2677 tilium,
1797 2621 1857 2666 ut
1888 2611 2104 2678 Rbagu-

539 2697 689 2751 siem
712 2713 770 2751 se
808 2699 1130 2767 reciperent,
1180 2699 1320 2754 hanc
1371 2701 1608 2756 tradunt.
1642 2701 1834 2757 Mulier
1858 2702 2101 2773 qumdam

539 2789 830 2844 excellenti
883 2790 1077 2852 forma.
1145 2800 1399 2847 eat-terum
1470 2793 1724 2848 lascivior
1778 2808 1939 2863 quam
2004 2809 2106 2864 par

541 2894 682 2949 erat,
721 2885 773 2938 in
815 2881 1066 2941 Sandalis
1099 2885 1375 2956 regionem
1411 2886 1478 2940 ab
1508 2886 1781 2941 Florentia
1813 2888 1978 2943 Italia:
2013 2905 2103 2945 ve-

545 2984 716 3032 nerat.
764 2976 896 3032 Cum
943 2977 1235 3032 audivisset
1277 2977 1557 3044 Sandales,
1595 2979 1850 3033 mulieres
1879 2979 2104 3035 Floren-

542 3068 686 3123 tinas
744 3077 857 3122 tum
920 3067 1105 3123 forma:
1156 3073 1912 3154 venustate,tum'prudentia
1946 3074 2102 3129 facile

2191 575 2328 630 πολὺ
2376 577 2801 646 συμφερόμενοι,
2833 577 2930 641 τήν
2973 591 3029 628 τε
3069 572 3220 627 πόλιν
3261 575 3576 645 έδήμαντο⁸⁹
3599 580 3711 648 όχυ-

2193 668 2312 737 ρὰν,
2346 669 2439 721 καὶ
2475 668 2629 738 τείχη
2682 667 3100 732 περιεὸἇιλλοντο
3158 668 3429 735 καρτερά·
3471 669 3717 739 ἐμπορίαν

2191 760 2248 811 δὲ
2292 761 2392 830 τήν
2450 777 2508 812 τε
2560 759 2680 812 κατ’
2746 759 2992 830 ἤπειρον,
3024 759 3118 811 καὶ
3174 758 3271 828 τὴν
3325 761 3382 821 ἐς
3436 759 3521 812 τὸν
3555 758 3718 813 Ἰόνιον

2197 852 2494 922 μετιόντες,
2532 851 2626 905 ἐπὶ
2663 851 2802 920 μέγα
2850 849 3101 902 πλεῖστον
3148 849 3322 924 ταύτῃ
3377 850 3576 912 πόλεως
3611 852 3721 918 ἀφι-

2195 921 2419 1012 κομένη,
2457 943 2689 1011 μάλιστά
2737 961 2796 994 τε
2842 941 2955 1011 ἅμα
3004 941 3101 994 καὶ
3140 921 3410 1010 εὐδομήθη
3445 942 3499 1003 ἐς
3527 942 3722 1011 ἀριστο-

2194 1036 2427 1106 κρατίαν
2477 1035 2843 1105 διιουνομένη,
2907 1034 3241 1103 οἰκοδομίαις
3296 1049 3354 1085 τε
3419 1031 3724 1102 κοσμοῦντες

2194 1128 2295 1199 τὴν
2337 1128 2486 1195 σφῶν
2521 1127 2696 1190 πόλιν,
2727 1126 2975 1196 ἀμυδρὰν
3027 1127 3124 1195 μέν
3159 1142 3282 1178 τινα
3337 1121 3515 1189 οὖσαν,
3536 1125 3727 1193 ἀγαθὴν

2193 1221 2248 1274 δὲ
2283 1222 2341 1284 ἐς
2368 1221 2564 1292 ἄνδρας
2610 1220 2872 1291 φέρεσθαι
2903 1221 2947 1253 ³⁵
2978 1218 3214 1287 ἀγαθοὺς
3277 1219 3343 1270 τὰ
3399 1218 3450 1278 ἐς
3510 1215 3725 1268 σύνεσιν.

2206 1312 2434 1383 Ὀμορεϊ
2464 1314 2560 1382 μὲν
2605 1308 2697 1367 οὖν
2745 1311 2880 1381 αὕτη
2915 1311 2948 1381 ἡ
2977 1311 3127 1372 πόλις
3163 1312 3228 1380 τῇ
3270 1308 3546 1362 Σανδάλεω
3571 1306 3728 1377 χώρᾳ,

2196 1410 2292 1463 καὶ
2348 1407 2582 1476 πόλεμον
2631 1404 3001 1478 ἀναιρουμένη
3051 1403 3201 1468 αὐτῷ
3249 1402 3404 1470 ἔχετο
3449 1400 3498 1431 ⁸⁸
3538 1399 3591 1460 ἐς
3629 1398 3732 1451 δια-

2196 1499 2391 1571 φορὰν,
2421 1499 2510 1551 καὶ
2556 1498 2833 1564 ἐπολέμει.
2857 1495 2967 1564 Τὴν
3018 1494 3116 1564 μὲν
3151 1488 3245 1547 οὖν
3277 1490 3458 1545 αἰτίαν
3491 1489 3587 1555 τῆς
3629 1488 3732 1540 δια-

2199 1595 2393 1664 φορᾶς,
2424 1592 2497 1654 ὡς
2550 1591 2735 1660 ἔμοιγε
2764 1589 2930 1652 δοκεῖ,
2980 1587 3378 1656 ἐπιφερόμενον
3417 1585 3508 1636 τόν
3549 1580 3734 1634 Σανδὰο

2197 1687 2317 1758 λην,
2349 1685 2551 1746 ἀδίκως
2579 1682 2881 1747 ἀναγκάσαι
2913 1679 3051 1747 σφᾶς
3097 1679 3155 1741 ἐς
3201 1676 3261 1729 τὸ
3295 1674 3616 1742 πολεμῆσαι.
3645 1671 3738 1722 Τὸν

2203 1779 2384 1848 μέντοι
2420 1777 2584 1830 παῖδα
2635 1775 2826 1828 τούτου
2885 1772 3106 1839 νεανίαν
3157 1771 3256 1823 οὐκ
3319 1767 3510 1837 ἀγενῆ,
3555 1767 3645 1818 σὺν
3679 1764 3738 1832 τῇ

2205 1871 2373 1942 μητρὶ
2429 1867 2814 1935 καταφυγόντα
2870 1868 2928 1927 ἐς
2984 1862 3344 1931 Ῥαγούζιον,
3385 1861 3480 1912 καὶ
3533 1858 3603 1927 μὴ
3653 1856 3740 1908 οὐκ

2202 1963 2512 2022 ἐκδιδόντας
2557 1958 2927 2028 ἐξαιτουμένῳ
2975 1957 3194 2018 αὐτοὺς.
3229 1951 3468 2021 πόλεμόν
3517 1967 3571 2003 τε
3623 1948 3742 2012 ἐπή-

2201 2073 2386 2125 νεγκε,
2421 2055 2515 2108 καὶ⁹
2580 2054 2678 2123 τὴν
2717 2051 2834 2120 γῆν
2888 2049 3101 2118 ἔτεμεν.
3135 2043 3296 2102 Οὗτοι
3365 2043 3464 2114 μὲν
3529 2041 3617 2095 οὖν
3665 2039 3743 2091 τὸν

2200 2151 2368 2204 παῖδα
2419 2147 2584 2202 αὑτοῦ
2641 2144 2944 2216 στρατηγὸν
3013 2142 3280 2210 ἑλόμενοι,
3352 2140 3452 2192 καὶ
3505 2136 3745 2206 χρήματα

2202 2241 2568 2312 παρεχόμενοι
2621 2238 2848 2307 ἄφθονα,
2879 2235 3180 2304 ἐπολέμουν
3221 2232 3302 2303 τῷ
3354 2230 3591 2300 Σανδάλῃ
3642 2228 3745 2279 δια·

2205 2335 2464 2404 φέροντες
2509 2333 2600 2385 τὸν
2636 2329 2892 2398 πόλεμον.
2918 2329 3030 2399 Τὴν
3071 2328 3126 2380 δέ
3153 2326 3340 2380 αἰτῖαν
3376 2324 3547 2395 ταύτῃ
3577 2320 3745 2389 φασὶν,

2204 2425 2297 2492 ἀφ’
2327 2419 2392 2496 ἧς
2425 2425 2453 2477 ὅ
2505 2441 2562 2475 τε
2623 2423 2750 2481 παῖς
2809 2419 2994 2484 αὑτοῦ,
3043 2420 3136 2471 καὶ
3195 2419 3227 2487 ἡ
3278 2416 3416 2486 γυνῆ
3477 2412 3747 2481 φεύγοντες

2205 2514 2614 2586 ἀπηλλάσσοντο
2663 2515 2721 2576 ἐς
2767 2511 2970 2579 ταύτην
3015 2509 3113 2580 τὴν
3163 2507 3344 2570 πόλιν,
3386 2503 3612 2576 γυναῖκα
3640 2517 3747 2554 τινα

2204 2601 2281 2679 τῷ
2308 2609 2434 2662 εἴδει
2473 2607 2722 2676 εὐπρεπῆ
2754 2603 3075 2673 λεγομένην,
3110 2601 3199 2654 τόν
3227 2601 3285 2662 δὲ
3317 2601 3433 2671 βίον
3472 2598 3752 2652 ἀκόλαστον

2204 2701 2387 2766 οὖσαν,
2413 2696 2867 2769 παραγενομένην
2895 2694 3001 2748 ἀπὸ
3031 2693 3379 2762 Φλωρεντίας
3407 2691 3504 2760 τῆς
3542 2687 3751 2746 Ἰταλίας

2204 2795 2263 2858 ἐς
2290 2795 2389 2864 τὴν
2422 2791 2611 2845 ἑαυτοῦ
2654 2789 2857 2859 χώραν,
2883 2788 2957 2851 ὡς
3003 2786 3342 2839 ἐπυνθάνετο
3392 2783 3488 2846 τὰς
3535 2782 3591 2833 ἐν
3618 2778 3754 2831 Φλω-

2206 2886 2390 2958 ρεντίᾳ
2438 2887 2701 2954 γυναῖκας
2750 2881 2936 2934 κάλλει
2985 2879 3196 2932 πολλῶν
3246 2874 3638 2948 διαφερούσας,
3666 2868 3752 2921 καὶ

2207 2980 2439 3044 συνέσει,
2472 2975 2697 3030 ἐκάλεσέ
2745 2991 2803 3027 τε
2855 2975 2913 3034 ἐς
2967 2971 3087 3043 ὄψιν
3128 2971 3225 3043 τὴν
3284 2969 3505 3034 ἑαυτοῦ,
3543 2967 3664 3020 ἰδεῖν
3698 2979 3750 3016 τε

2207 3062 2572 3142 ἱμείρόμενος.
2605 3066 2713 3122 Καὶ
2742 3066 2816 3128 ῶς
2841 3065 3122 3124 ἐθεάσατο.
3152 3064 3224 3126 ὡς
3274 3063 3574 3130 καλλίστην
3601 3053 3750 3120 εἶναι,

539 3159 683 3212 inter
705 3173 892 3213 omnes
946 3160 1150 3229 primas
1199 3176 1340 3224 esse,
1391 3165 1510 3234 eius
1561 3145 1808 3222 m'ulieris
1863 3169 2100 3225 visenda:

2204 3165 2441 3238 ἠρκέσθη
2478 3181 2535 3215 τε
2581 3165 2678 3230 τῆς
2727 3159 3015 3229 γυναικὸς,
3061 3157 3157 3211 καὶ
3196 3155 3477 3226 ἐρασοεὶς,
3535 3149 3648 3220 μετ’
3697 3145 3755 3200 οὐ

540 3251 786 3321 cupidus,
821 3267 938 3307 eam
966 3254 1031 3306 ad
1064 3269 1146 3332 .se
1191 3257 1370 3310 vocari
1394 3257 1566 3327 jubet.
1594 3259 1722 3325 Quae
1753 3261 1842 3316 ubi
1876 3261 1928 3316 in
1968 3277 2100 3318 con-

541 3352 787 3409 spectum
821 3347 992 3411 venit,
1034 3363 1100 3402 eo
1147 3347 1288 3417 quod
1345 3349 1712 3417 pulcherrima
1745 3365 1910 3416 esset.
1967 3354 2102 3409 San-

539 3437 690 3491 dales
744 3438 932 3492 uxoris
981 3453 1163 3492 amore
1230 3440 1478 3502 satiatus,
1535 3457 1654 3498 eam
1713 3446 1937 3515 sprevit.
1993 3447 2102 3502 Nec

541 3529 714 3584 multo
747 3539 868 3598 post
903 3546 1087 3586 amore
1128 3533 1423 3600 peregrina:
1454 3549 1641 3590 amens
1673 3549 1726 3590 et
1757 3537 1953 3593 ardens
1978 3555 2100 3605 eum

541 3635 607 3689 ea
658 3623 970 3688 concubuit,
1035 3625 1320 3693 plurimum
1379 3643 1564 3681 amore
1619 3637 1877 3685 aestuans.
1910 3631 2102 3686 Adita":-

543 3727 768 3768 rcsceus
798 3723 975 3768 autem
1015 3720 1310 3788 peregrinae
1353 3719 1587 3783 mulieri,
1623 3725 1774 3776 uxori
1808 3723 2100 3778 admodum

541 3807 811 3862 molestus
840 3819 976 3872 erat,
1035 3824 1196 3878 quam
1253 3812 1600 3881 despiciebat,
1655 3823 1710 3869 et
1753 3831 1972 3884 prorsus
2012 3833 2105 3872 ne-

547 3899 800 3970 gligebat.
833 3900 1024 3956 Mulier
1068 3912 1248 3956 autem
1286 3903 1372 3957 illa
1424 3915 1541 3959 erat
1583 3895 2103 3963 mercatorumFloo

547 3994 902 4056 rentinomm,
934 4005 983 4057 et
1038 3995 1090 4049 in
1117 3997 1254 4052 hanc
1306 3999 1573 4068 regionem
1624 4001 1918 4070 appulerat.
1956 4001 2104 4056 Con-

544 4102 774 4144 versans
803 4091 984 4157 itaque
1035 4090 1325 4159 plurimum
1371 4109 1494 4146 ettm
1524 4094 1623 4147 huc
1654 4095 1902 4159 muliere,
1935 4095 2107 4149 infen-

547 4193 642 4233 sus
669 4188 722 4233 et
763 4180 1022 4236 tnolestus
1068 4193 1184 4236 erat
1213 4198 1321 4238 sum
1363 4185 1539 4238 uxori.
1578 4185 1744 4249 Uxor,
1793 4203 1898 4240 non
1930 4187 2108 4240 lereus

546 4270 785 4339 amplius
827 4273 990 4328 hasce
1034 4273 1388 4346 indignitates
1431 4277 1666 4331 maxime
1697 4277 1860 4347 289
1893 4286 2108 4346 propter

549 4360 720 4415 lilium
754 4376 908 4416 suum
941 4361 1363 4425 adolescentem,
1409 4380 1515 4417 una
1551 4380 1672 4418 cum
1713 4371 1776 4415 eo
1801 4367 1937 4417 (:latn
1967 4362 2110 4417 Rha-

548 4450 761 4517 gusium
811 4449 1068 4521 profugit.
1109 4451 1392 4516 Sandales,
1449 4455 1632 4508 missis
1667 4454 1855 4522 legatis
1886 4469 2104 4507 uxorem

493 4573 496 4576 -
545 4542 798 4610 rogabat.
834 4550 892 4594 ut
937 4551 1299 4598 reverteretur
1356 4545 1406 4599 iu
1463 4561 1616 4599 suam
1676 4548 1976 4616 regionem,
2011 4561 2108 4602 nec

547 4629 602 4681 in
648 4630 822 4684 aliena
870 4631 1110 4698 degeret,
1158 4634 1384 4702 vulgans
1433 4637 1785 4704 opprobrium
1839 4653 1996 4691 suum
2053 4637 2104 4690 in

549 4716 814 4774 homines.
843 4721 912 4776 At
943 4738 1080 4777 uxor
1107 4740 1212 4778 non
1248 4727 1660 4794 obtemperabat
1692 4727 1872 4783 verbis
1905 4728 2106 4794 mariti,

547 4809 645 4865 sed
679 4810 733 4866 in
767 4812 911 4868 hunc
954 4815 1174 4870 modum
1213 4818 1518 4888 respondit;
1551 4835 1606 4873 se
1646 4835 1752 4874 non
1793 4821 2104 4885 redituram,

538 4899 654 4954 nisi
687 4901 921 4958 dimittat
983 4907 1261 4963 mulierem
1309 4909 1451 4964 illam
1511 4909 1905 4965 Florentinam.
1956 4911 2106 4978 Quod

547 4990 594 5044 si
634 4993 813 5048 lacere
848 4997 1119 5058 omiserit.
1175 4999 1388 5056 fruatur
1437 5005 1720 5074 peregrina
1770 5005 1994 5058 muliere
2041 5004 2107 5057 ad

548 5081 781 5138 libitum.
843 5084 965 5142 "me
1017 5088 1233 5157 quidem
1285 5091 1351 5144 ad
1400 5107 1522 5147 eum
1570 5094 1785 5148 modum
1822 5093 2113 5163 contigisse

549 5185 942 5232 memorantur.
989 5179 1494 5240 Filiudinimioitias
1534 5202 1728 5255 gerens
1773 5201 1894 5242 eum
1938 5196 2110 5254 palt‘t‘.

548 5275 607 5318 et
633 5265 758 5322 belli
795 5269 902 5325 dux
941 5285 970 5323 a
1027 5273 1314 5344 Rbagusiis
1368 5279 1776 5344 pronuntiatus,
1817 5279 1960 5332 bello
2013 5279 2110 5350 ad-

548 5363 706 5410 ortus
760 5369 842 5414 est
889 5371 1120 5428 patrem.
1164 5369 1458 5438 prtelioque
1512 5369 1645 5422 inito
1677 5381 1880 5438 patrem
1927 5368 2104 5433 fugam

551 5450 800 5519 arripere
853 5457 1132 5525 compulit,
1187 5460 1432 5529 plurimis
1491 5462 1555 5516 de
1597 5465 1834 5516 exercitu
1876 5463 1927 5515 in
1981 5462 2103 5531 fuga

2205 3260 2337 3312 πολὺ
2383 3256 2718 3324 συνεγένετο,
2764 3252 2856 3306 καὶ
2893 3249 2969 3320 τῷ
3015 3249 3180 3320 ἔρωτι
3227 3247 3487 3318 χαλεπῶς
3535 3239 3751 3307 ἐλαμῦὰ-

2202 3369 2318 3404 νετο
2342 3367 2354 3380 ·
2389 3349 2481 3401 καὶ
2516 3345 2746 3416 συνῴκει
2794 3345 2859 3414 τῇ
2905 3341 3129 3411 γυναικί
3158 3357 3173 3372 ⁸
3228 3342 3330 3394 καὶ
3360 3331 3757 3405 δυσανασχετῶν

2203 3441 2302 3512 ἤδη
2329 3439 2406 3509 τῷ
2433 3439 2592 3508 ἔρωτι
2633 3438 2730 3503 τῆς
2765 3435 3044 3505 γυναικὸς,
3075 3431 3355 3502 ὠλιγώρει
3409 3449 3468 3483 τε
3511 3431 3642 3498 ἅμα,
3668 3423 3753 3478 καὶ

2202 3534 2393 3604 ἠμέλει
2428 3534 2526 3598 τῆς
2572 3528 2769 3583 ἑαυτοῦ
2812 3517 3107 3600 κουρίδὶοις
3157 3527 3203 3558 ⁸⁸
3236 3524 3527 3593 γυναικός.
3561 3518 3665 3587 Τὴν
3704 3513 3754 3566 δὲ

2205 3626 2435 3695 γυναῖκά
2468 3641 2598 3692 φασι
2627 3622 2734 3674 τῶν
2763 3621 3024 3690 ἐμπόρων
3056 3619 3354 3687 ἐσομένην,
3392 3615 3502 3670 ἀπὸ
3533 3613 3758 3678 Φλωρεν-

2203 3720 2321 3780 ttat;
2353 3717 2576 3785 ἀφῖχθαι
2631 3715 2685 3778 ἐς
2718 3713 2819 3784 τὴν
2867 3711 3069 3781 χώραν.
3103 3709 3289 3781 Ταύτῃ
3341 3710 3443 3778 μὲν
3469 3702 3562 3760 οὖν
3601 3717 3762 3756 συνοι-

2205 3812 2316 3864 κῶν
2344 3813 2370 3863 ό
2396 3808 2665 3876 Σανδάλης
2699 3807 2764 3876 τῇ
2800 3805 3044 3873 γυναικὶ,
3073 3801 3321 3872 ἐπαχθὴς
3349 3797 3420 3872 ἦν
3454 3799 3550 3852 καὶ
3570 3796 3758 3864 ἀφόρη-

2204 3921 2315 3966 τος.
2345 3877 2422 3954 Δι’
2470 3900 2505 3954 ἃ
2556 3899 2620 3968 δὴ
2665 3899 2766 3951 οὐκ
2819 3895 3164 3966 ἀνασχομένη
3209 3895 3307 3946 ἐπὶ
3364 3891 3522 3945 παιδὶ⁹
3566 3887 3758 3954 νεανίᾳ,

2205 3998 2432 4050 τοιαῦτα
2475 3992 2767 4062 ἀνέχεσθαι
2805 3989 2952 4043 δεινά
2999 3985 3320 4055 ποιουμένη,
3361 3983 3505 4054 μετὰ
3533 3979 3622 4034 τοῦ
3650 3992 3764 4028 παι·

2207 4090 2292 4150 δὺς
2340 4087 2508 4155 αὐτῆς
2554 4084 2741 4155 κρύφα
2791 4083 2848 4146 ἐς
2880 4080 2978 4152 τὴν
3026 4075 3349 4146 Ῥαγουζίου
3396 4075 3555 4128 πόλιν
3605 4066 3767 4136 ἀπηλ-

2207 4182 2458 4236 λάσσετο.
2515 4178 2681 4240 Οὗτος
2753 4176 2851 4245 μὲν
2916 4172 3009 4226 οὖν
3077 4169 3561 4240 διαπρεσϐεύσας,
3618 4159 3762 4230 ἠξίου

2209 4273 2568 4343 ὑποστρέφειν
2613 4271 2669 4331 ἐς
2709 4269 2806 4340 τὴν
2841 4265 3023 4336 χώραν
3054 4263 3241 4323 αὐτοῦ,
3271 4264 3367 4315 καὶ
3406 4263 3482 4332 μὴ
3523 4261 3581 4311 ἐν
3624 4253 3766 4343 ἁλλο-

2209 4366 2336 4436 τρία
2368 4342 2521 4435 χώρα
2553 4359 2869 4430 διατρίϐειν,
2901 4352 3089 4425 αἶσχος
3138 4355 3199 4407 ὃν
3255 4355 3375 4406 τόδε
3405 4349 3688 4417 ἐπιφέρειν
3713 4342 3766 4402 ὲς

2210 4458 2334 4520 τοὺς
2381 4455 2718 4525 ἀνθρώπους.
2761 4451 2829 4503 Ἦ
2867 4451 2962 4517 μὲν
3018 4445 3113 4501 οὖν
3155 4446 3291 4515 γυνὴ
3347 4445 3452 4497 οὐκ
3507 4437 3768 4497 ἐπείθετο,

2208 4550 2316 4617 οὐδ’
2346 4546 2706 4617 ὑποστρέφειν
2733 4545 2991 4611 ἔφασκεν,
3027 4542 3093 4594 ἂν
3124 4539 3198 4609 μὴ
3231 4538 3330 4608 τὴν
3371 4535 3612 4605 γυναῖκα
3639 4530 3769 4582 ἁπο-

2209 4641 2492 4710 πέμψηται
2519 4641 2572 4700 ἐς
2603 4635 2965 4706 Φλωρεντίαν,
2994 4633 3026 4702 ἦ
3061 4633 3198 4702 αὐτῇ
3225 4629 3362 4700 παρ’
3396 4627 3548 4694 αὐτῷ
3574 4623 3775 4695 χρήση-

2209 4751 2321 4795 ται,
2352 4732 2426 4795 ὡς
2458 4733 2521 4784 ἂν
2553 4729 2808 4800 βούληται
2839 4728 2906 4780 ⁸⁸.
2939 4726 3122 4779 Ταῦτα
3163 4725 3267 4791 μὲν
3322 4721 3474 4774 οὕτω
3525 4713 3772 4786 γενέσθαι

2210 4824 2467 4891 λέγεται·
2495 4825 2584 4874 τὸν
2626 4820 2683 4872 δὲ
2732 4819 2898 4873 παῖδα
2933 4816 3098 4872 αὐτοῦ
3136 4813 3512 4883 διενεχθέντα,
3551 4809 3648 4863 καὶ
3677 4802 3775 4858 ὑπὸ

2219 4915 2558 4985 Ῥαγουζίων
2607 4912 2917 4983 στρατηγὸν
2975 4908 3346 4971 καταστάντα,
3396 4902 3657 4973 πολεμεῖν
3701 4893 3772 4964 τῷ

2214 5008 2405 5075 πατρὶ,
2444 5004 2821 5074 μαχεσάμενόν
2859 5018 2918 5054 τε
2967 5000 3048 5070 τῷ
3085 4997 3273 5068 πατρί,
3307 4990 3403 5049 οἷα
3440 4993 3773 5075 ἀμυνόμενον

2210 5101 2269 5161 ἐς
2325 5074 2426 5164 τὴν
2477 5096 2658 5165 φύσιν,
2711 5092 3013 5166 τρέψασθαι
3075 5108 3135 5144 τε
3193 5088 3358 5144 αὑτὸν
3415 5085 3632 5154 πατέρα
3684 5074 3770 5131 καὶ

2213 5189 2442 5257 συχνοὺς
2493 5185 2749 5239 ἀνελόντα
2819 5185 2913 5237 τοῦ
2970 5181 3205 5252 στρατοῦ
3275 5179 3487 5241 αὑτοῦ,
3547 5174 3768 5257 ἀθέμιτα

2216 5279 2661 5348 προσφερόμενον
2715 5276 2793 5343 τῷ
2852 5275 3020 5346 πατρὶ
3076 5272 3263 5336 αὐτοῦ,
3323 5268 3424 5321 καὶ
3483 5255 3768 5348 ὑπεναντία

2215 5342 2310 5440 τῆς
2345 5342 2520 5439 δτίκῖηςξ
2573 5342 2977 5441 Ἐπρεσϐεὑετον
3020 5367 3116 5434 μὲν
3167 5360 3260 5416 οὖν
3292 5361 3392 5414 καὶ
3439 5352 3597 5418 οὗτος
3631 5342 3770 5416 θαμὰ

2215 5466 2287 5528 ὡς
2314 5465 2404 5517 τὸν
2450 5440 2696 5531 βασιλέα,
2739 5461 3043 5527 συνεξελεῖν
3081 5460 3169 5512 τὸν
3209 5453 3496 5524 Ἰλλυριῶν
3536 5440 3772 5520 βασιλέα.

1817 5626 2059 5689 Nolulzn
2108 5625 2508 5697 marginales.

620 5741 668 5825 ξθ
703 5741 1038 5825 Ἐδεεμαντο.
1074 5747 1133 5800 R.
1167 5759 1223 5804 ut
1258 5752 1308 5804 in
1335 5768 1379 5808 c.
1461 5755 1510 5787 "‘
1543 5753 1604 5809 In
1639 5769 1760 5818 uno,
1790 5753 2031 5825 φὲρεται.

2209 5753 2344 5820 Εσχε
2380 5767 2460 5803 τε.
2499 5750 2588 5806 Sic
2619 5748 2777 5802 etiam
2807 5745 2866 5802 Β.
2946 5747 2990 5779 ⁸³
3021 5743 3336 5815 Κονριδίης.
3360 5740 3454 5796 Sic
3487 5737 3650 5793 etiam
3674 5728 3748 5789 R.

546 5810 674 5865 “In
710 5830 831 5878 uno,
851 5810 1124 5882 βούλεται.
