4026 6204
258 333 355 396 Ξ33
1356 337 1454 396 DE
1493 337 1743 398 ΗΕΒΟὸ
1781 337 1826 396 T

1928 338 2144 398 ICICIS
2176 339 2318 404 LIB.
2361 340 2440 404 X.
3369 336 3476 399 5'34

256 445 347 497 καὶ
400 442 634 511 στρατὸν
707 443 882 514 ἐπῆγε
949 447 1242 515 Τούρκων,
1298 450 1393 499 καὶ
1455 447 1652 500 ἐκάκου
1713 449 1808 516 τὴν

1928 451 2093 515 'msis;
2149 459 2300 506 certe
2349 452 2403 506 in
2459 460 2665 522 patrem
2715 451 2876 522 impia
2917 462 2971 508 ct
3028 450 3234 508 nefaria
3287 465 3483 510 ausus.

258 533 457 604 χώραν.
489 535 621 587 Τότε
652 535 728 597 ὡς
759 539 927 589 ἐπιὼν
967 539 994 590 ὁ
1038 538 1287 606 βασιλεὺς
1323 539 1688 607 ἐπηγγέλλετο
1720 542 1811 593 ἐπὶ

1928 541 2158 596 llittebat
2195 543 2240 597 is
2287 544 2599 611 frequenter
2629 545 2834 614 legatos
2864 545 2928 598 ad
2958 559 3161 611 regem,
3190 543 3484 597 consulens

257 626 351 693 τὴν
402 625 680 696 Ἰλλυριῶν
728 626 933 700 χώραν,
982 631 1429 698 παρεσκευάζετο
1473 635 1571 688 καὶ
1627 635 1809 698 αὐτὸς,

1928 643 1976 685 ιιι
2027 634 2232 701 junctis
2293 635 2463 704 copiis
2526 633 2830 705 Illyriorum
2897 650 3077 703 regem
3123 634 3484 688 debellarent.
3536 666 3542 696 -_

256 715 328 777 ώς
359 717 426 785 ἦν
475 733 526 768 τι
577 716 797 770 δύναιτο
849 720 1211 789 ἀμυνόμενος,
1244 723 1309 792 ἣν
1357 725 1412 786 ἐς
1463 723 1563 792 τὴν
1617 723 1809 776 ἑαυτοῦ

1928 725 2156 780 Tandem
2201 727 2470 782 monendo
2512 737 2566 781 et
2618 727 2956 783 consulendo
2980 736 3187 782 tantum
3229 725 3486 795 profecit,

259 808 467 881 ἐσϐάλῃ
500 809 530 862 ὀ
567 809 662 863 τοῦ
693 811 960 880 βασιλέως
1003 816 1254 886 στρατός.
1297 816 1586 885 Ἐπάνειμι
1633 816 1688 869 δὲ
1727 814 1814 867 ἐπ’

1928 827 1981 872 ut
2035 816 2336 873 Turcorum
2402 820 2676 874 exercitus
2731 820 3032 882 adveniret,
3093 827 3146 874 et
3212 818 3485 882 regionem

262 899 438 956 ἐκεῖνο
463 901 557 954 τοῦ
581 901 763 969 λόγου,
868 905 1129 974 πρότερον
1164 924 1254 976 μοι
1288 906 1604 978 ἐδεὸήλωτο.

1928 907 2066 976 regis
2101 907 2336 972 graviter
2386 909 2697 978 populando
2741 915 3137 978 corrumperet.
3186 906 3300 960 Sub
3344 905 3486 957 idem

265 1004 478 1064 tempus
508 1013 629 1051 cum
654 997 790 1052 fama
819 1000 1044 1064 volaret,
1070 1003 1208 1072 regis
1233 1003 1416 1073 copias
1441 1005 1700 1060 accedere
1739 1013 1939 1058 contra-
1959 1004 2264 1074 Illyriorqu
2294 1021 2498 1076 regem,
2538 1021 2636 1060 nec
2691 1006 2804 1074 ipse
2840 1021 2900 1060 se
2945 1019 3138 1074 parare
3175 1001 3486 1061 intermisit,

267 1099 326 1140 nt
353 1089 558 1158 regium
582 1092 899 1155 exercitum,
924 1093 968 1146 si
997 1095 1048 1148 in
1074 1111 1227 1149 suam
1271 1098 1542 1166 regionem
1574 1099 1990 1168 populabundus
2022 1098 2419 1167 ingrederetur,
2446 1100 2490 1154 si
2528 1100 2656 1168 quid
2681 1109 2860 1169 posset
2889 1099 3079 1164 armis,
3119 1113 3148 1151 a
3183 1095 3489 1166 populatio-

270 1183 435 1237 nibus
462 1187 786 1254 proliiberet,
827 1204 1063 1260 eumque
1111 1194 1468 1262 propulsaret.
1503 1195 1658 1250 Nunc
1699 1209 1764 1250 eo
1798 1195 1976 1249 redire
2005 1193 2159 1260 libet,
2195 1197 2337 1250 unde
2366 1195 2420 1249 in
2457 1196 2602 1250 hunc
2676 1211 2983 1250 sermonem
3019 1194 3322 1266 [digressus
3345 1205 3486 1244 sum.

351 1284 441 1347 Ὠς
476 1291 594 1341 ἐπεὶ
637 1289 728 1340 τὸν
771 1288 995 1357 βασιλέα
1027 1293 1306 1359 παρέλαϐε
1350 1295 1754 1365 Μαχουμούτης
1791 1299 1820 1350 ὁ

271 1379 568 1448 Μιχαὴλου,
603 1381 700 1434 σὺν
756 1382 931 1449 τούτῳ
983 1384 1213 1453 περιιὼν
1256 1387 1356 1439 τὰς
1399 1387 1565 1449 ἄλλας
1610 1389 1818 1452 πόλεις,

269 1474 610 1528 ἐπεδείκνυτο
653 1493 712 1527 τε
755 1477 1124 1546 τὸνβασιλέα,
1172 1481 1266 1532 καὶ
1301 1480 1706 1552 προσεχώρουν.
1760 1483 1818 1536 ’0

275 1565 370 1634 μὲν
402 1565 464 1635 δὴ
495 1567 904 1637 Μαχουμούτης
931 1570 1073 1639 ἀμφὶ
1098 1572 1166 1624 τὰ
1197 1573 1421 1626 τοιαῦτα
1443 1570 1610 1644 εἶχεν.
1653 1575 1822 1641 Ὀλιά-

275 1678 370 1729 ρην
393 1660 566 1756 eam
590 1660 955 1732 Τουραχάνεω
985 1663 1221 1733 πέμπων
1251 1668 1342 1719 ἐπὶ
1373 1668 1470 1730 τὰς
1504 1667 1696 1731 λοιπὰς
1721 1669 1823 1734 τῆς
1849 1697 1898 1756 Β

286 1738 549 1823 Ἰλλυρῖὦν
571 1755 758 1824 χώρας
786 1754 990 1818 πόλεις,
1020 1755 1181 1819 αὐτὸς
1212 1756 1444 1826 ἤλαυνεν
1473 1758 1564 1811 ἐπὶ
1587 1760 1645 1812 τὸ
1675 1759 1823 1828 βασι-

277 1847 410 1907 λέως
444 1847 822 1913 στρατόπεδον.
876 1849 985 1901 Καὶ
1026 1851 1054 1902 ὁ
1105 1850 1205 1919 μὲν
1252 1851 1508 1920 βασιλεὺς
1553 1855 1751 1924 ἤχθετό
1777 1857 1822 1887 ⁸⁸

282 1956 340 1990 τε
368 1939 442 2007 τῷ
469 1942 630 2008 ὅρκῳ,
681 1942 774 1992 καὶ
826 1941 1206 2009 ἐχαλέπαινεν,
1259 1943 1334 2006 ὡς
1384 1946 1484 1998 οὐκ
1540 1948 1596 1998 ὲν
1653 1947 1822 2000 δέοντι

285 2033 566 2097 ποιήσαιτο
596 2033 678 2084 τὸν
707 2036 869 2100 ὅρκον
897 2035 976 2102 τῷ
1005 2034 1215 2102 βασιλεῖ
1244 2037 1354 2089 τῶν
1384 2036 1685 2107 Ἰλλυριῶν.
1721 2041 1826 2091 Τὸν

288 2123 464 2191 μέντοι
497 2123 714 2193 βασιλέα
744 2126 801 2186 ἐς
833 2126 1081 2195 φυλακὴν
1126 2126 1518 2197 ποιησάμενος,
1563 2128 1825 2198 περιῆγεν

280 2213 508 2266 ἐλαύνων
531 2216 617 2267 δτὰ
662 2216 759 2285 τῆς
806 2217 1088 2270 Σανδὰλεω
1136 2219 1338 2287 χώρας.
1385 2220 1468 2278 Ἐς
1507 2221 1554 2250 ⁸⁸
1589 2220 1695 2288 γὰρ
1726 2219 1826 2290 τὴν

289 2311 556 2380 Ἰλλυριῶν
591 2313 659 2364 τὰ
689 2313 788 2378 μὲν
821 2313 982 2376 αὐτὸς
1017 2315 1270 2383 βασιλεὺς
1310 2317 1825 2387 καταστρεψάμενος

289 2402 604 2470 ὑπηγάγετο,
656 2403 725 2456 τὰ
750 2405 804 2457 δὲ
846 2405 1258 2472 Μαχουμούτεω
1303 2411 1823 2478 παραστησαμένου,

295 2493 374 2543 καὶ
397 2493 668 2563 Ὀμάρεω.
705 2495 872 2548 Ἔνθα
897 2495 958 2565 δὴ
984 2496 1079 2548 καὶ
1106 2497 1353 2567 Ὀμάρης
1388 2501 1622 2568 σπουδὴν
1648 2502 1826 2555 ποιού-

300 2602 456 2650 μενος,
480 2585 579 2656 τὴν
605 2584 787 2655 χώραν
814 2588 911 2656 ὅση
939 2588 1230 2743 ύτέόλοιπος
1258 2584 1347 2657 ἦν,
1380 2590 1484 2644 ὑπὸ
1514 2591 1592 2661 τῷ
1619 2592 1828 2661 βασιλεῖ

300 2676 546 2740 γενέσθαι,
579 2678 718 2743 ἀνήρ
764 2694 821 2730 τε
873 2678 978 2732 ἔδει
1016 2696 1039 2730 ε
1067 2679 1116 2712 ⁸⁷
1141 2680 1250 2733 τῶν
1291 2682 1349 2733 ἐν
1394 2685 1515 2743 ταῖς
1561 2683 1826 2743 βασιλέως

295 2676 546 2740 γενέσθαι,
579 2678 718 2746 ἀνήρ
764 2694 821 2730 τε
873 2676 1039 2743 ἔδειξε
1067 2679 1116 2712 ⁸⁷
1141 2680 1250 2733 τῶν
1291 2682 1349 2733 ἐν
1394 2685 1515 2744 ταῖς
1561 2683 1826 2753 βασιλέως

286 2766 462 2834 Θύραις
496 2768 934 2839 εὐδοκιμούντων
987 2772 1280 2841 κράτιστον
1311 2775 1377 2840 ³³,
1440 2778 1651 2843 μεγάλα
1701 2778 1828 2832 ἐπε-

281 2861 517 2914 δείκνυτο
571 2863 727 2930 ἕργα,
782 2865 1175 2935 καὶπρότερον
1226 2867 1438 2937 βασιλεῖ
1491 2869 1713 2940 δόκιμος
1767 2872 1826 2924 ὲν

281 2955 484 3017 πολλοῖς
520 2955 700 3017 ἄλλοις
735 2957 1046 3026 γενόμενος.
1084 2959 1268 3014 Ταῦτα
1299 2963 1400 3030 μὲν
1431 2957 1523 3015 οὖν
1552 2963 1612 3026 ὲς
1643 2963 1826 3017 τοσοῦ-

1997 1291 2290 1361 Postquam
2324 1307 2502 1358 regem
2530 1291 2837 1363 Illyriorum
2860 1291 3220 1345 Macltuznctes
3257 1285 3491 1339 Michae-

1927 1384 1992 1437 lis
2027 1385 2171 1439 lilius
2215 1383 2270 1438 in
2298 1384 2564 1438 ditionem
2590 1383 2821 1455 accepit,
2867 1399 2991 1437 cum
3045 1397 3110 1436 eo
3153 1380 3489 1435 circumiens

1923 1476 2086 1530 etiam
2133 1485 2363 1532 exteras
2412 1477 2576 1532 urbes
2624 1477 2736 1546 regi
2774 1475 3078 1531 Turcorum
3143 1472 3486 1541 subjiciebat.

1926 1571 1985 1625 Et
2005 1569 2221 1639 quidem
2243 1570 2387 1624 circa
2419 1569 2534 1624 haec
2558 1569 2880 1624 versabatur
2909 1566 3300 1621 Mat-ltumetes.
3323 1563 3490 1617 Omao

1927 1678 2041 1716 rem
2086 1673 2267 1716 autem
2302 1661 2642 1717 Turacbanis
2693 1660 2862 1715 lilium
2894 1659 3117 1731 jubebat
3171 1673 3294 1713 cum
3323 1671 3488 1710 exer-

1924 1753 2034 1807 citu
2097 1767 2320 1822 pergere
2379 1763 2569 1808 contra
2632 1762 2856 1807 exteras
2914 1751 3222 1823 Illyriorum
3298 1747 3485 1804 urbes.

1925 1854 2184 1899 eteterum
2234 1845 2352 1915 ipse
2399 1844 2453 1899 in
2506 1845 2654 1916 regia
2707 1843 3069 1900 contendebat
3115 1853 3318 1896 castra.
3373 1839 3484 1892 llex

1925 1929 2232 1986 Turcorum
2287 1933 2722 1988 discruciabatur
2773 1932 2937 1986 animi
2968 1930 3489 2001 prnpterjnramcn-

1927 2032 2041 2077 tum
2093 2023 2402 2095 Illyriorum
2482 2025 2592 2093 regi
2646 2026 2946 2095 praestitum
3002 2025 3068 2078 ab
3122 2023 3482 2078 Macbnmt-te.

1925 2113 2173 2170 Graviter
2227 2131 2450 2187 quoque
2491 2115 2816 2172 Macbumeti
2867 2115 3278 2186 indignabatur,
3307 2115 3483 2182 utqui

1925 2222 2114 2276 parum
2173 2219 2476 2277 opportune
2506 2209 2639 2263 huic
2685 2209 2799 2280 regi
2832 2208 3028 2265 salutis
3079 2223 3253 2277 spem,
3311 2207 3488 2259 inter—

1925 2299 2101 2369 posita
2163 2299 2536 2370 jurisjuraudi
2596 2300 2858 2370 religione
2924 2299 3231 2353 obtulisset.
3283 2296 3485 2366 Regem

1925 2391 2144 2459 quidem
2187 2391 2436 2464 Illyrium
2485 2391 2724 2447 vinculis
2781 2390 3057 2462 illigatum
3097 2387 3488 2449 circumduxit,

1929 2498 2230 2554 peragrans
2268 2481 2524 2538 Sandalis
2558 2483 2864 2553 regionem.
2921 2482 3053 2536 Nam
3110 2481 3321 2552 Illyrios
3364 2495 3487 2550 par-

1928 2575 2023 2628 tim
2076 2574 2295 2643 quidem
2348 2574 2483 2644 ipse,
2541 2575 2738 2644 partim
2827 2588 2954 2627 vero
3023 2572 3380 2626 Blacltumetis
3433 2579 3490 2623 ct

1928 2667 2138 2722 Omaris
2188 2679 2358 2722 marte
2409 2667 2737 2738 perdomuit.
2781 2665 3009 2722 Omares
3054 2681 3268 2721 summo
3303 2665 3489 2720 studio

1929 2759 2302 2824 annitebatur,
2364 2767 2426 2814 ut
2454 2774 2576 2815 eam
2607 2760 2887 2829 regionem
2938 2775 3062 2828 quae
3093 2756 3337 2812 nondum
3364 2757 3492 2812 snb-

1923 2851 2064 2922 jecta
2109 2859 2245 2914 erat,
2278 2861 2497 2921 cogeret
2525 2853 2666 2923 regis
2695 2852 2974 2921 suscipere
3009 2851 3320 2919 imperimn.
3369 2849 3486 2914 Hic,

1929 2959 2055 3000 cum
2093 2944 2418 3000 fortitudine
2486 2944 2651 3000 facile
2720 2953 3004 3016 superaret
3071 2959 3284 3008 omnes,
3330 2951 3492 3012 quot-

277 3063 358 3098 τον
390 3049 610 3116 ἐγένετο
641 3040 1146 3124 καταστρεψαμένῳ
1176 3054 1387 3124 βασιλεῖ
1419 3058 1516 3121 τὰς
1547 3053 1822 3130 Ἰλλυριῶν

1928 3049 2064 3110 quot
2108 3039 2160 3093 in
2244 3039 2430 3109 januis
2474 3038 2816 3095 fortitudinis
2868 3040 3227 3109 praerogativa
3287 3037 3490 3106 gaude-

277 3140 475 3202 πόλεις.
507 3141 792 3195 Ἐντεῦθεν
824 3144 1116 3214 πρεσϐείαν
1140 3146 1373 3216 πέμπων
1398 3148 1442 3179 ⁵⁸
1470 3151 1562 3203 ἐπὶ
1597 3151 1827 3220 Ῥαγού-

276 3234 382 3296 ζιον
431 3235 605 3299 πόλιν,
663 3235 844 3307 ἐζήτει
878 3237 976 3306 τὴν
1031 3237 1296 3308 βασιλέως
1356 3245 1611 3310 γυναῖκα.
1659 3246 1721 3300 Ἠ
1770 3245 1827 3299 δὲ

274 3326 550 3395 προεξῄει,
583 3326 824 3381 ἀπιοῦσα
871 3331 934 3382 ὲκ
975 3330 1070 3399 τῆς
1105 3331 1311 3396 πόλεως
1347 3334 1405 3397 ἐς
1446 3334 1698 3391 Ἰταλίαν.
1738 3337 1826 3402 Ὠς

272 3419 381 3486 γὰρ
411 3420 736 3474 ἐπυνθάνετο
760 3420 858 3490 τὴν
883 3421 1177 3491 ξύμπασαν
1209 3423 1394 3494 χώραν
1422 3426 1675 3492 γενέσθαι
1723 3429 1829 3481 ὑπὸ

276 3508 508 3576 βασιλεῖ,
531 3509 598 3572 ὡς
626 3505 739 3579 εἶχε
774 3511 1004 3580 τάχιστα
1057 3515 1120 3565 ἐκ
1169 3513 1270 3582 τῆς
1313 3514 1520 3578 πόλεως
1555 3516 1827 3586 ἀπηλλάτ-

272 3616 417 3661 τετο,
455 3603 704 3672 οἰχομένη
731 3604 788 3666 ἐς
811 3604 907 3669 τὴν
943 3602 1188 3658 Ἰταλίαν.
1217 3603 1284 3659 Ol
1313 3604 1410 3675 μὲν
1434 3603 1526 3660 οὖν
1549 3608 1826 3677 πρέσϐεις,

267 3691 340 3752 ὡς
359 3691 423 3744 ού
448 3691 744 3744 κατέλαϐον
773 3693 940 3745 αὐτοῦ
965 3693 1138 3765 ταύτῃ
1161 3696 1258 3764 τὴν
1290 3695 1551 3764 βασιλέως
1570 3701 1824 3764 γυναῖκα,

265 3781 638 3852 ἀπεχώρησαν
714 3782 1016 3852 ἄπρακτοι.
1082 3783 1364 3838 Ἐντεῦθεν
1421 3786 1672 3856 βασιλεὺς
1738 3807 1825 3843 συ-

267 3876 714 3943 σκευασάμενος,
741 3875 1030 3928 ἐσέϐαλλεν
1065 3879 1120 3939 ἐς
1160 3878 1260 3948 τὴν
1292 3879 1571 3933 Σανδάλεω
1618 3881 1824 3951 χώραν,

262 3970 353 4019 καὶ
382 3968 562 4037 ἐδῄου.
616 3968 1012 4036 Ἰπποδρόμους
1041 3968 1086 4019 δ’
1112 3971 1362 4035 ἐπαφεὶς,
1395 3972 1704 4042 ἐπέδραμον
1727 3976 1826 4044 τὴν

263 4060 451 4129 χώραν
472 4058 630 4112 αὐτοῦ
668 4060 984 4130 σύμπασαν.
1015 4063 1169 4114 Μετὰ
1207 4063 1262 4115 δὲ
1293 4064 1487 4124 ἐπιὼν,
1513 4066 1612 4129 τὰς
1643 4067 1826 4131 πόλεις

259 4151 595 4220 ἐπολιόρκει.
626 4153 732 4205 Καὶ
763 4153 812 4204 οἱ
847 4152 943 4204 τοῦ
999 4153 1280 4208 Σανδάλεω
1326 4156 1587 4209 ἐπέθεντο
1621 4159 1698 4226 τῷ
1733 4159 1825 4228 βα-

258 4243 462 4303 σιλέως
495 4241 735 4304 κοιτῶνι,
766 4240 1079 4310 ὁρμώμενοι
1107 4244 1169 4296 ὲκ
1199 4243 1306 4295 τῶν
1326 4244 1518 4314 ὀρέων.
1543 4248 1650 4300 Καὶ
1679 4246 1826 4300 ἐστιν

255 4332 292 4385 ἃ.
323 4333 753 4400 διαρπάσαντες,
779 4331 933 4408 αὖθις
964 4334 1055 4384 ἐπὶ
1084 4333 1190 4386 τῶν
1219 4334 1390 4403 ὀρέων
1415 4337 1623 4404 οἴχοντο
1651 4339 1827 4390 ἁπαλ-

259 4425 613 4494 λασσόμενοι.
651 4423 810 4477 Ἔστι
840 4424 885 4475 δ’
928 4427 960 4493 ἡ
1001 4425 1152 4494 χώρα
1197 4427 1297 4495 οὐχ
1335 4423 1496 4496 ἦττον
1535 4427 1739 4498 ἕρημος
1790 4431 1822 4500 ἢ

256 4516 369 4568 τῶν
424 4513 698 4584 Ἰλλυριῶν
753 4517 926 4584 χώρα.
974 4513 1280 4578 Ἐπελάσας
1337 4516 1437 4585 μὲν
1493 4515 1586 4570 οὖν
1639 4518 1822 4586 αὐτὸς,

256 4609 576 4679 {mle/ipa;
606 4609 866 4678 πολίχνην
899 4609 998 4678 τὴν
1048 4608 1330 4662 Σανδάλεω
1376 4611 1469 4663 ἐπὶ
1503 4611 1719 4682 ἡμέρας
1747 4630 1826 4664 τι-

258 4702 376 4763 νας.
420 4703 526 4754 Καὶ
554 4700 630 4764 ώς
667 4701 726 4755 οὐ
778 4702 1085 4769 προεχώρει
1132 4701 1284 4771 αὐτῷ
1315 4703 1346 4772 ἡ
1377 4702 1474 4771 τῆς
1505 4704 1710 4766 πόλεως
1743 4705 1826 4758 ati-

260 4809 442 4863 μοις,
471 4793 744 4860 ἀπήλαυνε
767 4793 858 4844 διὰ
878 4792 976 4860 τῆς
1000 4791 1096 4844 τοῦ
1127 4793 1398 4857 Στάντεω,
1429 4794 1522 4846 καὶ
1548 4795 1821 4861 Κραῖκου,

257 4886 359 4937 καὶ
389 4884 628 4947 Παύλου,
669 4883 780 4936 τῶν
827 4883 1000 4953 ταύτῃ
1029 4882 1193 4935 αὑτοῦ
1228 4883 1513 4953 ἡγεμόνων
1539 4884 1721 4954 χώρας
1756 4887 1821 4939 ⁶¹’.

261 4976 498 5043 Κήρυκα
544 4974 588 5024 δ’
638 4973 853 5041 ἔπεμπε
895 4971 1130 5024 κελεύων
1183 4972 1282 5037 τήν
1319 4988 1377 5022 τε
1421 4970 1604 5024 αὐτῶν
1640 4971 1826 5040 χώραν

261 5065 642 5134 παραδιδόναι,
699 5065 792 5115 καὶ
849 5063 1036 5124 αὐτοῖς
1089 5061 1346 5128 γενέσθαι
1400 5061 1506 5113 ὑπὸ
1564 5061 1825 5131 βασιλέως

257 5158 434 5226 ἄλλην
472 5157 594 5209 ἀντὶ
625 5156 830 5224 ταύτης
887 5159 941 5206 ὲν
975 5156 1040 5224 τῇ
1079 5153 1337 5223 Εὐρώπῃ.
1385 5147 1547 5206 Οὗτοι
1593 5155 1694 5225 μὲν
1729 5150 1823 5207 οὖν

259 5247 411 5299 οὕτω
444 5247 778 5309 πεισθέντες,
815 5244 1118 5314 παρέδοσαν
1164 5261 1225 5296 τε
1275 5244 1416 5312 σφᾶς
1464 5242 1660 5305 αὐτοὺς
1704 5241 1818 5311 ἅμα

269 5338 339 5408 τῷ
379 5337 629 5406 βασιλεῖ,
670 5337 762 5388 καὶ
803 5335 901 5405 τὴν
949 5335 1133 5406 χώραν
1157 5374 1174 5400 ,
1218 5332 1527 5397 ἐννοοῦντες
1583 5333 1822 5388 ἀδύνατα

1928 3142 2070 3198 rent,
2144 3131 2403 3202 praeclara
2463 3133 2714 3187 militaris
2779 3133 2994 3187 virtutis
3049 3132 3244 3186 edebat
3300 3144 3485 3197 opera,

1928 3239 2050 3278 cum
2095 3234 2286 3278 caetera
2315 3239 2536 3294 quoque
2564 3224 2696 3278 satis
2725 3232 3001 3291 spectatus
3037 3223 3146 3292 regi
3171 3222 3485 3276 exsisteret.

1930 3311 2052 3368 Haec
2088 3315 2347 3369 hactenus
2383 3313 2451 3368 ab
2479 3328 2602 3382 rege
2632 3313 2875 3383 Illyricas
2935 3313 3098 3366 urbes
3168 3310 3488 3379 subjugante

1930 3414 2079 3473 gesta
2161 3416 2314 3462 sunt.
2379 3404 2589 3471 Quibus
2659 3403 2917 3473 peractis,
2966 3404 3169 3470 legatos
3218 3406 3297 3455 ire
3336 3402 3487 3470 jubet

1930 3497 2268 3568 llbagusium
2311 3497 2526 3561 urbem,
2562 3495 2852 3566 quaesitum
2903 3495 3044 3565 regis
3077 3508 3327 3548 uxorem.
3361 3491 3488 3546 Ilaec.

1930 3605 2107 3661 regem
2163 3598 2528 3651 antevertens,
2582 3595 2894 3642 excesserat
2971 3586 3132 3656 290
3173 3585 3382 3648 urbem,
3435 3591 3490 3636 ct

1931 3685 1984 3738 in
2036 3682 2244 3737 Italiam
2279 3680 2509 3735 abierat.
2547 3677 2680 3734 Nam
2703 3695 2826 3734 cum
2855 3677 2995 3730 fama
3033 3685 3204 3746 capta:
3252 3675 3489 3746 regionis

1928 3776 1993 3829 ad
2024 3775 2193 3844 ipsam
2230 3774 2390 3828 allata
2421 3782 2558 3837 eset,
2587 3771 2734 3826 omni
2799 3785 2947 3824 mera
2994 3769 3164 3839 posita
3214 3755 3489 3837 rc'linque-

1929 3864 2018 3920 bat
2061 3868 2274 3929 urbem,
2303 3874 2356 3920 et
2391 3866 2442 3918 in
2499 3863 2704 3917 Italiam
2763 3862 3110 3934 properabat.
3153 3861 3336 3930 Legati
3363 3875 3486 3912 cum

1927 3973 2044 4010 eam
2106 3957 2248 4010 baud
2295 3955 2629 4025 reperissent
2659 3954 2712 4006 in
2757 3954 2862 4007 ista
2918 3952 3072 4014 urbe,
3129 3950 3385 4004 abierunt
3431 3965 3489 4002 re

1932 4049 2056 4104 infe:
2079 4058 2152 4102 ta.
2212 4049 2350 4112 Rex,
2384 4047 2638 4102 omnibus
2663 4049 2715 4099 in
2758 4061 2926 4100 unum
2955 4043 3258 4099 contractis
3286 4044 3484 4112 capiis.

1929 4143 2129 4196 invasit
2183 4139 2436 4194 Saudalis
2493 4141 2797 4209 regionem,
2858 4153 3022 4206 quam
3103 4138 3300 4191 misere
3362 4150 3487 4190 cra-

1928 4233 2111 4289 stavit.
2149 4233 2284 4287 Nam
2329 4231 2540 4300 equites
2563 4246 2658 4299 per
2680 4230 2997 4283 universam
3026 4231 3303 4298 regionem
3337 4239 3486 4295 gras-

1929 4336 2130 4388 santes,
2178 4341 2298 4379 eam
2330 4323 2569 4394 graviter
2621 4321 2882 4375 aiﬂixerc.
2937 4319 3064 4375 Inde
3126 4335 3227 4373 nec
3274 4317 3488 4386 oppidis

1931 4419 2231 4473 abstinuit:
2262 4432 2386 4483 qua;
2427 4414 2718 4476 accedens,
2761 4413 3013 4468 obsidere
3063 4411 3207 4466 baud
3277 4408 3486 4463 omisit;

1933 4511 2185 4566 Sauda'is
2239 4509 2459 4572 milites,
2521 4494 2710 4577 qui'in
2742 4497 3008 4560 montium
3058 4504 3207 4574 jugis
3234 4520 3293 4557 se
3342 4513 3491 4556 tene-

1932 4605 2081 4667 bant,
2135 4603 2407 4658 montibus
2462 4601 2715 4672 digressi,
2773 4600 3171 4655 insidiabantur
3236 4595 3490 4652 cubiculo

1928 4698 2044 4750 sive
2077 4697 2314 4750 tentorio
2369 4695 2534 4765 regis.
2599 4693 2665 4748 Et
2715 4708 2839 4748 cum
2882 4691 3130 4762 quaedam
3193 4690 3318 4744 inde
3361 4689 3490 4742 diri.-

1928 4786 2193 4853 plliSScltl,
2236 4783 2378 4837 illico
2432 4791 2577 4837 retro
2624 4781 2680 4835 in
2718 4790 2934 4835 montes
2969 4779 3113 4833 unde
3152 4785 3491 4832 venerantse

1940 4887 2289 4945 receperunt.
2357 4875 2524 4946 Regio
2565 4875 2679 4928 lucc
2725 4889 2830 4928 non
2875 4890 3036 4928 secus
3080 4888 3142 4926 ac
3185 4871 3490 4942 Illyriorum

1931 4968 2144 5023 deserta
2175 4978 2228 5022 et
2274 4979 2420 5022 vasta
2451 4975 2560 5020 est.
2601 4967 2714 5020 Rex
2749 4976 2928 5020 castra
2958 4980 3182 5019 movens
3231 4964 3296 5015 a'l
3346 4960 3490 5014 San-

1931 5059 2070 5114 dalis
2113 5058 2329 5122 urbem,
2379 5074 2497 5112 eam
2531 5056 2725 5112 diebus
2763 5058 2969 5126 aliquot
3017 5054 3319 5111 obsidebat.
3351 5052 3486 5104 Cum

1934 5164 2060 5202 vero
2117 5147 2269 5200 urbis
2318 5146 2650 5216 oppugnatio
2707 5163 2812 5200 non
2847 5145 3160 5200 succederet
3199 5158 3263 5194 ex
3317 5139 3484 5192 animi

1932 5239 2227 5308 sententia,
2281 5237 2433 5301 abiit,
2497 5239 2703 5292 ducens
2770 5237 3067 5289 exercitum
3108 5247 3204 5302 per
3256 5230 3481 5290 Stantis,

1929 5331 2131 5395 Crait‘i,
2167 5340 2221 5385 et
2245 5329 2546 5399 PauliU‘l),
2578 5328 2972 5398 quiprittcipcs
3007 5335 3178 5389 crant,
3208 5325 3482 5395 regiones.

1544 5449 1792 5510 Notulaa
1825 5448 2223 5525 marginales.

337 5551 1257 5625 (l2)Constantini,Caragusii,qui
1282 5549 1823 5621 [lcposius,liliorutn
1868 5549 2042 5601 llianis
2067 5547 2364 5607 Castriutm,
2398 5554 2450 5598 et
2485 5544 2633 5598 Pauli
2668 5543 2950 5624 Duebaini.

1122 5689 1182 5727 ³⁸
1211 5690 1273 5744 In
1318 5708 1440 5749 uno.
1483 5690 1576 5750 ὡς.

336 5697 387 5727 ⁸⁵
422 5692 484 5747 In
514 5712 637 5756 uno,
667 5693 804 5763 ἤχθη
848 5712 903 5746 τε
936 5692 1032 5760 τῷ.
1124 5692 1182 5727 ³⁸
1211 5692 1273 5744 In
1318 5708 1440 5749 uno.
1483 5692 1576 5750 ὡς.
1692 5692 1721 5719 δ’

339 5765 618 5832 αγούζιον.
654 5765 740 5819 Stc
763 5767 920 5819 ctiam
955 5764 1020 5818 Ii.
1098 5765 1139 5796 ⁶⁰
1171 5764 1386 5832 Χώραν.
1423 5761 1481 5815 Il.
1521 5770 1575 5814 ut
1617 5760 1666 5813 in
1696 5776 1721 5813 c

272 5765 618 5832 Ῥαγούζιον.
654 5765 740 5819 Stc
763 5767 920 5819 ctiam
955 5764 1020 5818 li.

1692 5689 1736 5719 υτ
1779 5687 1818 5741 It

1943 5687 2038 5754 25:.
2160 5687 2203 5718 ⁵⁸
2235 5683 2298 5737 In
2338 5698 2460 5751 uno,
2509 5680 2816 5752 κράτιστος.
2941 5679 2958 5709 ³
3019 5675 3376 5748 Ἐπιπὲμπων
3415 5674 3470 5735 ἐς
