4026 6204
533 304 637 368 535

1636 305 1943 366 LAONICI
1978 303 2641 365 CHALCOCONDYL/E

3633 293 3741 356 5'36

533 417 616 472 Ad
661 417 760 472 bos
791 431 1069 487 praecones
1114 415 1342 480 dimisit,
1397 416 1486 486 qui
1517 417 1772 487 juberent
1818 426 1878 471 ut
1929 432 2080 470 suam

2186 415 2403 470 ἔσεσθαι
2437 417 2635 478 αὐτοὺς
2667 417 2726 469 ἐν
2759 413 2910 484 μέσῳ
2931 410 3027 480 τῆς
3057 407 3320 480 βασιλέως
3359 405 3540 476 χώρας
3584 404 3738 458 em.

533 509 729 579 singuli
780 510 1050 578 regionem
1087 508 1198 580 regi
1228 508 1500 564 traderent
1527 525 1542 562 :
1565 507 1707 577 quod
1741 506 1787 562 si
1823 505 2088 573 facerent,

532 601 654 656 {ore
681 608 742 664 ut
782 601 982 671 singuli
1016 579 1176 654 aliam
1213 601 1489 669 regionem
1532 601 1584 654 in
1617 579 1931 669 Europa'ab
1964 613 2088 670 rege

530 693 862 761 acciperent.
924 691 1211 761 Drincipes
1286 692 1387 758 illi,
1445 691 1692 762 persuasi
1775 704 2085 760 prmeonum

525 785 730 848 verbis,
783 785 1109 851 semetipsos
1134 792 1189 838 et
1219 783 1494 854 regionem
1526 783 1642 853 regi
1684 781 2089 852 manciparent.

527 875 849 944 Cogitabant
923 875 1071 929 enim
1127 873 1466 944 impossibile
1515 873 1652 941 fore,
1705 883 1762 927 ut
1803 872 1858 926 in
1907 881 2086 943 poste-

523 979 648 1019 rum
693 965 970 1034 regiOnem
1022 979 1177 1019 suam
1211 964 1502 1020 defendere
1536 973 1589 1020 et
1646 964 1808 1018 tutari
1843 969 2084 1032 possent,

527 1072 652 1111 cum
699 1058 935 1122 undique
979 1060 1326 1129 cingercntur
1385 1059 1524 1128 regis
1551 1057 1793 1128 regione,
1825 1056 1981 1126 quasi
2017 1057 2070 1109 in

520 1146 703 1202 medio
757 1148 1083 1204 habitantes.
1145 1147 1341 1203 Verum
1403 1148 1630 1218 protecti
1663 1149 1716 1202 in
1752 1147 1952 1218 januas
2001 1161 2085 1202 rc-

522 1240 628 1306 gis,
685 1240 788 1294 hac
839 1241 1150 1295 conditione
1185 1241 1432 1305 adducti,
1463 1240 1804 1296 deditionem
1840 1240 2080 1302 faciunt,

523 1341 582 1385 ιιι
621 1331 725 1385 alia
775 1333 993 1401 regione
1035 1349 1133 1402 pro
1191 1346 1288 1388 sua
1312 1335 1535 1404 ahregc
1566 1332 1926 1387 donarentur.
1972 1329 2082 1386 Nec

521 1425 703 1478 multo
734 1433 856 1492 post
903 1424 1003 1478 hos
1060 1424 1412 1491 compedibus
1455 1424 1791 1495 compeditos
1855 1424 2082 1478 abduxit

520 1520 762 1583 dmuum,
827 1517 991 1574 simul
1043 1517 1204 1572 etiam
1253 1517 1552 1571 exercitum
1603 1516 1833 1572 dimisit.
1878 1515 2078 1586 Regem

518 1605 862 1678 Illyricorum
911 1624 1068 1662 mane
1103 1623 1224 1662 cum
1276 1608 1330 1661 in
1389 1606 1968 1676 castrisquiesceret,
2026 1615 2080 1659 et

518 1699 723 1753 abitum
755 1699 1072 1764 moliretur,
1114 1699 1398 1753 accersivit
1430 1697 1483 1752 in
1513 1707 1862 1766 conspectum
1898 1711 2076 1752 suum.

517 1791 622 1856 Qui
664 1808 783 1845 cum
803 1788 1149 1858 intelligeret,
1180 1807 1247 1846 eo
1275 1807 1467 1861 parum
1495 1790 1682 1845 favore
1704 1789 1845 1860 regis
1869 1788 2077 1852 vocari,

514 1894 708 1938 tenens
771 1901 932 1938 manu
990 1885 1216 1947 litteras,
1272 1884 1470 1952 quibus
1530 1883 1908 1940 continebatur
1956 1883 2080 1953 jus-

511 1975 809 2041 jurandum
870 1975 936 2028 ab
968 1975 1307 2031 Maeliumete
1327 1976 1534 2042 datum,
1565 1976 1816 2046 prodibat
1859 1981 1912 2030 in
1951 1991 2084 2031 con-

2188 526 2302 578 χειν
2357 509 2412 570 ἐς
2441 507 2610 570 τέλος.
2646 503 3058 559 Ἀναπείθονται
3091 498 3183 556 οὖν
3230 499 3313 570 ἐφ’
3340 493 3384 567 ᾧ
3413 499 3583 568 ἄλλην
3619 499 3744 552 ἀντὶ

2186 599 2284 666 τῆς
2319 599 2592 666 σφετέρας
2623 596 2800 650 αὐτῶν
2837 612 2988 663 σφισι
3019 593 3273 663 γενέσθαι
3317 592 3421 644 ὑπὸ
3455 591 3742 662 βασιλέως.

2187 689 2298 744 Καὶ
2323 690 2649 759 ἀφικόμενοι
2685 691 2740 753 ἐς
2767 689 2863 751 τὰς
2891 687 3086 757 θύρας,
3123 686 3220 756 τήν
3253 701 3312 738 τε
3342 684 3526 754 χώραν
3575 681 3744 750 παρέ-

2186 780 2368 835 δοσαν.
2405 781 2512 835 Καὶ
2536 781 2595 834 οὗ
2628 779 2808 851 πολλῷ
2847 779 3094 848 ὕστερον,
3146 778 3342 840 αὐτοὺς
3384 779 3440 841 ἐς
3489 772 3743 844 φυλακὴν

2185 872 2575 942 ποιησάμενος,
2628 853 3002 942 εἰσεκομίζετο
3055 871 3141 924 ἐπ’
3193 871 3358 933 οἰκον,
3415 867 3506 921 καὶ
3540 865 3634 936 τόν
3679 881 3742 917 τε

2187 965 2417 1035 στρατὸν
2452 964 2569 1034 ἅμα
2604 964 2782 1033 διῆκε.
2816 964 2919 1018 Τὸν
2966 964 3150 1035 μέντοι
3194 961 3414 1034 βασιλέα
3440 958 3743 1028 Ἰλλυριῶν,

2185 1056 2504 1109 ἀπελαύνων
2542 1057 2606 1108 ἐκ
2651 1056 2749 1124 τῆς
2789 1057 2995 1126 χώρας,
3050 1055 3242 1120 ἕωθεν,
3278 1053 3352 1110 ὡς
3383 1053 3442 1105 ἐν
3473 1051 3551 1120 τῷ
3579 1067 3742 1119 στρα-

2184 1147 2397 1218 τοπέδῳ
2425 1148 2748 1212 ἀνεπαύετο,
2793 1146 3290 1218 μεταπεμψάμενος
3314 1145 3496 1198 ἐκάλει
3527 1145 3582 1206 ἐς
3615 1141 3743 1210 δψιν

2182 1239 2282 1308 τὴν
2313 1238 2530 1292 ἑαυτοῦ.
2578 1238 2641 1292 ’0
2670 1238 2726 1290 δὲ
2763 1237 2989 1299 συνιεὶς,
3006 1236 3093 1300 ,ὡς
3121 1237 3219 1289 ούκ
3246 1235 3335 1287 ἐπ’
3355 1231 3544 1302 ἀγαθῷ
3573 1247 3739 1300 μετα-

2184 1332 2463 1402 πέμπεται
2487 1330 2669 1396 αὐτὸν,
2695 1329 2764 1382 τὰ
2789 1330 2952 1400 ὅρκια
2971 1330 3029 1382 ἐν
3058 1330 3243 1399 χερσὶ)
3269 1326 3426 1396 ἔχων,
3465 1321 3740 1391 ἐξηγέρθη

2180 1443 2262 1491 τε,
2299 1425 2391 1478 καὶ
2426 1424 2497 1488 ὡς
2532 1423 2750 1494 ἀπήχθη
2784 1425 2840 1486 ἐς
2871 1422 2994 1493 δψιν
3017 1421 3112 1490 τὴν
3142 1419 3426 1490 βασιλέως,
3460 1415 3740 1485 ἀπέταμόν

2180 1533 2240 1570 τε
2273 1514 2438 1570 αύτοῦ
2473 1516 2573 1586 τὴν
2621 1514 2860 1586 κεφαλὴν
2915 1513 3276 1578 ἐπιτάξαντος
3329 1509 3611 1579 βασιλέως.
3642 1507 3744 1560 Λέ-

2181 1625 2336 1676 γεται
2389 1608 2444 1661 δὲ
2498 1607 2594 1660 καὶ
2645 1606 2952 1675 διδασκάλῳ
2999 1603 3163 1658 αὑτοῦ
3206 1602 3283 1673 τῷ
3338 1602 3528 1673 Πέρσῃ
3554 1599 3748 1652 τοῦτον

2183 1701 2509 1771 παρασχεῖν,
2538 1697 2679 1753 ῶστε
2707 1697 3132 1770 διαχρήσασθαι.
3166 1696 3228 1751 ΟΞ
3268 1697 3323 1748 δέ
3359 1694 3622 1764 μάγειρον
3650 1693 3747 1744 αὐ-

2180 1791 2274 1846 τοῦ
2333 1791 2701 1861 αἰτησάμενον
2755 1792 2988 1856 ἀνελεῖν,
3050 1789 3396 1859 διενεχθέντα
3443 1786 3499 1839 δέ
3548 1783 3746 1855 γνώμῃ

2183 1885 2321 1954 πρὸς
2346 1883 2749 1955 Μαχουμούτην
2779 1885 2872 1938 τδν
2901 1884 3212 1953 Μιχαήλου,
3262 1882 3482 1948 λέγεται
3535 1876 3745 1934 ἀνελεῖν

2185 1977 2440 2033 κελεῦσαι
2469 1978 2558 2032 τὸν
2599 1976 2820 2048 βασιλέα
2847 1976 3141 2047 Ἰλλυριῶν.
3180 1965 3348 2038 Οὗτος
3385 1974 3483 2044 μὲν
3511 1971 3574 2040 δὴ
3599 1969 3750 2022 οὕτω

515 2074 764 2134 spectqu
801 2069 965 2137 regis.
992 2069 1062 2124 Ut
1092 2069 1145 2120 in
1179 2079 1526 2137 conspectum
1573 2068 1716 2135 regis
1752 2069 1919 2132 venit,
1961 2083 2082 2139 rege

2187 2068 2405 2136 λέγεται
2436 2067 2762 2136 τελευτῆσαι
2795 2067 2931 2137 μετὰ
2960 2069 3058 2137 τῆς
3086 2065 3411 2136 ἠγεμονείας
3443 2059 3607 2115 αὐτοῦ
3640 2056 3748 2112 ὑπὸ

513 2158 815 2227 imperante
839 2161 1130 2230 caputejus
1160 2161 1443 2232 praecisum
1470 2168 1546 2215 est
1573 2160 1704 2232 (l5).
1737 2157 1980 2215 Tratlunt
2005 2177 2082 2215 τοι

2191 2157 2448 2233 βασιλέως
2479 2160 2884 2230 καταστροφήν.

515 2270 634 2326 gem
661 2254 978 2324 proninasse
1013 2256 1446 2312 interﬁciendum
1475 2256 1779 2327 Illyriorum
1803 2253 2201 2325 regem,Persze
2221 2255 2541 2326 praeceptori
2559 2269 2677 2310 suo.
2705 2255 2844 2309 Sunt
2862 2256 2954 2326 qui
2975 2256 3241 2316 referunt,
3264 2265 3500 2322 coquum
3533 2246 3743 2317 regium

515 2353 682 2407 istum
709 2352 908 2416 virum,
969 2353 1158 2408 nescio
1189 2353 1333 2420 quod
1385 2352 1589 2406 crimen
1662 2353 1716 2405 in
1787 2366 1909 2406 eum
1959 2351 2345 2413 intendentem,
2401 2349 2723 2406 confecisse.
2778 2347 2914 2405 Nam
2970 2351 3038 2418 is,
3074 2364 3196 2405 cum
3244 2347 3536 2418 plurimum
3586 2342 3746 2397 dissi-

513 2445 667 2499 deret
722 2460 760 2499 av
819 2446 1085 2500 sententia
1121 2443 1474 2500 Machumetis
1503 2444 1593 2499 lilii
1626 2443 1925 2510 Michaelis,
1946 2444 2088 2512 regis
2111 2444 2270 2511 jussu
2299 2444 2603 2515 Illyriorum
2622 2458 2802 2514 regem
2851 2443 2999 2499 letho
3055 2443 3224 2498 dedit.
3266 2441 3324 2496 ln
3353 2440 3496 2494 hunc
3525 2434 3746 2492 modum

517 2539 797 2594 memor-ia:
822 2537 1092 2608 proditum
1128 2546 1233 2605 est,
1292 2539 1563 2595 occidisse
1594 2538 1896 2609 Illyriorum
1934 2551 2138 2606 regem,
2171 2546 2438 2608 occupato
2481 2553 2647 2607 regno
2683 2537 2798 2606 ejus
2824 2536 2892 2592 ab
2925 2552 3048 2607 rege
3073 2535 3395 2590 Tureorum.

583 2635 774 2692 Veneti
800 2647 856 2693 et
891 2638 1189 2695 Pannones
1215 2639 1432 2709 cognito
1465 2638 1746 2709 regionem
1770 2636 2079 2710 Illyriorum

513 2732 572 2786 in
601 2731 862 2785 ditionem
889 2733 1106 2785 venisse
1135 2732 1298 2803 regis,
1338 2747 1630 2802 regemque
1687 2731 1932 2804 Illyrium
1989 2747 2082 2788 cavo

513 2833 665 2892 ptum
689 2822 756 2877 ab
778 2821 959 2877 Tureo
987 2825 1329 2888 occubuisse,
1363 2834 1650 2894 propterea
1707 2826 1947 2894 reliquos
1987 2839 2078 2879 re-

515 2912 694 2980 gionis
721 2913 995 2982 principes
1027 2913 1390 2969 miserandam
1417 2913 1636 2984 291m
1666 2914 1894 2969 vinculis
1920 2929 2081 2985 agere

515 3004 702 3068 vitam,
740 3005 854 3057 haec
877 3004 1190 3073 neutiquam
1223 3005 1426 3060 diutius
1447 3004 1668 3060 ferenda
1704 3019 1828 3061 esse
1853 3021 2082 3060 censue-

513 3105 675 3151 runt:
702 3111 768 3151 ac
798 3095 1087 3151 formidine
1114 3111 1310 3166 magna
1335 3096 1703 3162 tentabantur,
1725 3112 1850 3152 cum
1877 3097 2077 3152 animis

2217 2641 2220 2643 “
2269 2635 2357 2698 Ὠς
2385 2636 2482 2705 μὲν
2504 2633 2598 2691 οὖν
2624 2638 2764 2692 ἑάλω
2793 2640 2824 2709 ἡ
2863 2637 2970 2690 τῶν
2987 2627 3276 2704 Ἲλλυριῶν
3301 2631 3472 2702 χώρα,
3497 2631 3592 2685 καὶ
3623 2631 3653 2684 ὃ
3682 2649 3743 2685 τε

2185 2725 2442 2795 βασιλεὺς
2469 2728 2821 2797 ἐτελεύτησεν
2853 2729 3035 2792 ἁλοὺς,
3068 2727 3162 2779 καὶ
3191 2726 3240 2778 oi
3269 2724 3446 2777 λοιποὶ
3475 2722 3747 2794 ήγεμόνες

2187 2816 2395 2885 εἴχοντο
2427 2819 2484 2871 ἐν
2510 2818 2750 2890 φυλακῇ,
2783 2817 3078 2887 πυθόμενοι
3106 2814 3278 2868 ταῦτα
3311 2813 3365 2866 οἴ
3401 2829 3459 2866 τε
3495 2811 3748 2865 Ούενετοὶ

2186 2909 2283 2962 καὶ
2318 2908 2566 2974 Παίονες,
2603 2904 2777 2964 δεινὸν
2808 2910 3116 2975 ἐποιοῦντο,
3163 2909 3256 2963 καὶ
3293 2911 3349 2968 ἐς
3379 2905 3545 2974 φόϐον
3590 2903 3752 2958 καθί-

2188 3019 2384 3059 σταντο
2415 3005 2611 3072 μέγαν,
2661 3005 2860 3060 αὐτίκα
2903 3005 3145 3074 οἰόμενοι
3182 3003 3274 3058 ἐπί
3313 3005 3454 3072 σφᾶς
3499 3001 3652 3071 ἥξειν
3685 2999 3747 3052 τὸ

2184 3098 2377 3153 δεινόν.
2410 3098 2520 3150 Καὶ
2565 3099 2614 3151 οἱ
2667 3097 2765 3166 μὲν
2797 3097 3050 3151 Οὐενετολ
3080 3096 3458 3166 ἐχαλέπαινον,
3489 3095 3747 3164 ἐπιφερο-

516 3195 857 3256 reputarent,
919 3187 1070 3242 brevi
1121 3187 1238 3243 lore
1266 3198 1322 3243 ut
1410 3187 1550 3243 idem
1594 3190 1818 3244 exitium
1887 3203 2080 3258 parum

2188 3191 2366 3259 μένων
2398 3191 2549 3259 σφῖσι
2582 3191 2692 3244 τῶν
2729 3190 2991 3260 βασιλέως
3041 3191 3302 3261 ὑπάρχων
3348 3189 3443 3242 κοιλΙ
3491 3185 3744 3258 χαλεπῶν

515 3281 749 3334 feliciter
802 3281 1202 3350 experirentur.
1265 3282 1457 3359 veneti
1509 3283 1743 3353 graviter
1797 3280 2078 3344 ferebant,

517 3373 806 3443 praefectos
871 3373 1049 3442 regios
1095 3383 1286 3428 contra
1324 3375 1472 3444 ipsos
1509 3374 1814 3443 insurgere,
1867 3379 1922 3427 et
1957 3373 2083 3426 sub-

515 3466 646 3522 ditis
708 3481 898 3522 eorum
965 3467 1224 3522 molestos
1276 3477 1329 3522 et
1384 3466 1758 3522 intolerandus
1803 3477 1948 3520 esse.
2000 3465 2083 3518 hr-

517 3560 676 3614 terim
705 3569 885 3614 tamen
919 3558 1186 3615 foederum
1219 3560 1566 3615 sanctitatem
1595 3559 1734 3613 bona
1770 3557 1870 3612 ﬁde
1891 3557 2082 3612 colue-

517 3662 672 3714 runt,
694 3653 945 3722 suspensi
977 3654 1387 3723 exspectatione
1417 3661 1644 3706 eventus
1682 3665 1890 3705 rerum.
1917 3648 2083 3706 Josue

517 3744 742 3799 Albanis
767 3744 908 3798 illius
943 3746 1086 3814 regis
1108 3745 1419 3814 praefectus,
1450 3745 1620 3812 Argos
1641 3742 1694 3796 in
1711 3740 2082 3810 Peloponneso

520 3850 616 3906 per
655 3836 1016 3906 proditionem
1036 3825 1360 3899 sacerdotis,
1387 3835 1480 3906 qui
1499 3849 1563 3889 ea
1597 3836 1649 3888 in
1673 3834 1807 3888 urbe
1840 3833 2082 3887 moraba-

520 3937 633 3994 tur,
657 3937 976 3993 metusest,
1003 3937 1056 3982 et
1084 3943 1147 3983 ex
1202 3935 1388 3994 aperto
1422 3927 1535 3996 jam
1594 3927 1794 3980 bellum
1836 3924 2080 3992 gerebat.

524 4016 749 4072 Omares
777 4002 1115 4075 Turachanis
1148 4019 1316 4083 illius,
1369 4019 1740 4073 incursionem
1775 4017 1827 4072 in
1871 4016 2081 4086 Naupa-

521 4121 667 4165 ctum
711 4111 859 4179 fecit,
893 4126 997 4168 nee
1043 4111 1208 4166 etiam
1247 4111 1314 4166 ab
1361 4110 1580 4181 regione
1603 4111 1659 4165 in
1709 4108 2083 4178 Peloponneso

520 4203 849 4258 Venetorum
901 4204 1046 4259 circa
1070 4203 1406 4266 Methonam,
1441 4202 1572 4270 regii
1598 4202 1688 4270 jus
1722 4201 1849 4255 belli
1906 4200 2082 4256 absti-

522 4305 786 4350 nuerunt.
844 4295 938 4350 llis
971 4295 1186 4349 accensi
1229 4294 1440 4357 Veneti,
1468 4293 1612 4348 baud
1675 4294 1908 4363 amplius
1951 4308 2083 4347 cun-

520 4386 776 4442 ctandum
820 4397 873 4441 et
897 4386 1178 4442 terendum
1211 4387 1335 4453 rati,
1377 4386 1442 4441 ad
1493 4386 1910 4442 consultandum
1953 4385 2082 4456 quid

2183 3283 2355 3337 ὄντων
2397 3286 2511 3347 τοῖς
2543 3284 2826 3353 ὑπηκόοις
2861 3283 3111 3354 ἐνέμενον
3147 3283 3194 3336 δ’
3229 3283 3378 3354 ὅμως
3425 3283 3546 3345 ταῖς
3583 3296 3750 3333 σπον-

2182 3378 2324 3440 δαῖς,
2357 3377 2786 3448 καραδοκοῦντες
2880 3377 3218 3446 ἁποόήσεται
3258 3376 3412 3444 σφίσι
3453 3375 3522 3428 τὰ
3565 3373 3747 3442 πράγ-

2185 3489 2352 3540 ματα.
2401 3471 2488 3534 Ὠς
2522 3472 2579 3524 δὲ
2606 3470 2664 3524 τό
2688 3488 2746 3524 τε
2774 3471 2832 3523 ἐν
2865 3470 3258 3538 Πελοποννήσῳ
3295 3470 3519 3539 Ἄργος,
3552 3465 3744 3536 ἱερέως

2183 3563 2292 3616 τῶν
2313 3559 2380 3615 ’ἐν
2405 3565 2471 3633 τῇ
2504 3562 2660 3615 πόλει
2698 3561 3032 3632 παραδόντος
3059 3560 3341 3632 προδοσίᾳ,
3371 3559 3560 3613 ἐλαϐεν
3588 3559 3616 3611 ὁ
3652 3556 3745 3611 τοῦ

2186 3655 2454 3725 βασιλέως
2483 3654 2729 3726 ὕπαρχος
2753 3654 3028 3708 Ἀλϐἀνεω
3059 3656 3210 3720 παῖς,
3235 3652 3474 3722 τοῦνομα
3512 3651 3746 3720 Ἰησοῦς,

2183 3747 2275 3800 καὶ
2308 3746 2530 3800 ἐπέθετο
2570 3749 2882 3815 περιφανῶς
2923 3746 3024 3817 ἥδη
3069 3747 3342 3813 πολεμεῖν·
3385 3745 3481 3798 καὶ
3525 3743 3751 3799 Ναύπα-

2182 3855 2309 3892 κτον
2332 3839 2430 3906 μὲν
2451 3838 2753 3908 ἐπέδραμεν
2787 3837 3029 3910 Ὀμάρης
3048 3840 3076 3892 ὁ
3095 3837 3472 3908 Τουραχάνεωο
3493 3837 3590 3907 τὴν
3611 3835 3668 3888 δέ
3691 3837 3752 3888 ἐν

2183 3927 2580 3997 Πελοποννήσῳ
2601 3926 2784 3999 χώραν
2816 3927 3118 3989 Ούενετῶν,
3145 3928 3244 3998 τὴν
3277 3928 3405 3998 περὶ⁸
3451 3925 3745 3996 Μεθώνην,

2185 4020 2587 4083 καταλαόὁντες
2616 4021 2665 4073 οἱ
2709 4019 2801 4073 τοῦ
2831 4019 3120 4089 βασιλέως,
3151 4019 3254 4072 οὐκ
3287 4018 3591 4072 ἐνεδίδοσαν
3615 4034 3630 4050 ο
3661 4019 3749 4072 ἐν·

2183 4111 2356 4164 ταῦθα
2381 4110 2482 4164 ούκ
2506 4111 2587 4164 ἔτι
2627 4112 2924 4180 ἀνασχετὸν
2970 4109 3256 4163 ἐποιοῦντο
3287 4111 3522 4181 ήσυχῖαν
3565 4109 3748 4175 ἄγειν.

2198 4205 2336 4258 Ἀλλ’
2369 4203 2720 4259 ἐϐουλεύοντο
2760 4205 2856 4271 μὲν
2887 4203 2976 4255 ἐπ’
3004 4203 3291 4273 ἀμφότερα
3318 4203 3594 4270 γινόμενοι
3628 4201 3755 4264 ταῖς

2184 4295 2454 4368 γνώμαις.
2494 4297 2860 4364 Καταστάσης
2915 4295 2970 4348 δὲ
3019 4294 3258 4366 πολλαχῆ
3306 4294 3601 4364 ἐκκλησίας
3637 4292 3755 4346 τῶν

2187 4387 2418 4456 Κλητῶν
2448 4386 2823 4455 καλουμένων,
2854 4385 3071 4456 Βίκτωρ
3095 4384 3204 4438 τῶν
3230 4382 3530 4438 Καπέλλων
3549 4381 3750 4445 οἰκίας,

523 4494 746 4552 agerent
778 4484 1146 4551 potissimum,
1205 4481 1621 4546 conveniebant,
1676 4482 1963 4536 sententiis
2026 4481 2080 4534 in

2187 4479 2323 4548 ἀνὴρ
2358 4479 2575 4550 πλούτῳ
2609 4496 2667 4531 τε
2715 4479 2810 4532 καὶ
2841 4475 3111 4548 ἀξιώματι
3141 4477 3408 4547 προέχων,
3448 4475 3541 4529 καὶ
3593 4473 3754 4542 ἄγειν

522 4586 811 4646 utramque
846 4587 1050 4647 partem
1080 4576 1246 4647 probe
1279 4575 1656 4644 pensiculatis,
1690 4590 1813 4630 cum
1836 4576 1947 4646 jam
1977 4591 2082 4628 sa:-

525 4670 649 4736 pius
681 4669 1087 4723 consultassent
1108 4678 1392 4722 senatores
1422 4668 1513 4735 qui
1548 4667 1764 4721 Evocati
1799 4667 2079 4722 dicuntur.

530 4761 714 4814 Victor
745 4762 810 4815 de
842 4760 1049 4815 familia
1075 4760 1417 4828 Capellarum
1447 4759 1588 4829 (l4),
1642 4759 1722 4813 vir
1772 4758 1973 4814 divitiis
2029 4767 2084 4814 et

523 4854 785 4925 dignitate
817 4853 1151 4924 praecellens,
1181 4853 1386 4924 quique
1419 4852 1606 4907 urbem
1636 4867 1820 4922 regere
1847 4851 2086 4921 optimus

525 4948 874 5012 censebatur,
893 4947 1138 5008 adductis
1167 4949 1220 5002 in
1240 4962 1396 5001 suam
1415 4949 1734 5002 sententiam
1769 4946 2088 5017 propinquis

524 5051 580 5097 et
614 5043 883 5111 cognatis.
912 5041 1289 5096 conscendens
1325 5040 1584 5104 tribunal,
1609 5039 1768 5094 talem
1787 5039 2086 5094 orationem

523 5135 780 5190 habuisse
813 5135 1021 5190 fertur:
1053 5135 1166 5189 Viri
1198 5134 1409 5199 Veneti,
1447 5135 1648 5203 saepius
1691 5133 1825 5190 alias
1858 5133 2086 5203 cognovi

525 5229 692 5282 certis
721 5228 1137 5297 experimentis,
1172 5229 1335 5294 hujus
1360 5226 1606 5281 civitatis
1637 5227 1844 5282 incolas
1877 5241 2085 5294 nequa-

526 5335 692 5388 quam
712 5323 904 5375 cedere
933 5321 1153 5387 animis,
1185 5321 1231 5377 si
1290 5321 1510 5390 quando
1559 5320 1842 5375 instituant
1899 5331 2078 5372 rerum

530 5413 986 5479 necessariarum,
1047 5429 1168 5482 qua:
1219 5415 1286 5467 ad
1339 5412 1730 5482 rempublicam
1792 5410 2084 5480 pertinent,

439 5557 450 5571 ,
528 5506 1008 5560 consultationem.
1042 5505 1380 5576 Quapropter
1411 5509 1596 5576 paucis
1640 5521 1735 5560 vos
1758 5505 2087 5574 compellan-

2189 4573 2360 4627 δοκῶν
2398 4575 2497 4640 τὴν
2528 4573 2687 4627 πόλιν
2717 4574 3043 4643 κράτιστος,
3070 4571 3605 4643 προσπαρακαλέσας
3653 4575 3756 4623 καὶ

2187 4669 2313 4727 τοὺς
2347 4667 2726 4738 προσήκοντας
2767 4667 2914 4736 αὐτῷ
2973 4669 3070 4718 καὶ
3101 4669 3382 4734 συγγενεῖς
3409 4667 3466 4726 ἐς
3495 4665 3593 4734 τὴν
3625 4664 3758 4716 ἐαυ-

2188 4760 2283 4813 τοῦ
2309 4760 2509 4829 ψῆςρον,
2543 4758 2760 4830 παριὼν
2800 4760 2891 4812 sui
2933 4761 2992 4813 τὸ
3024 4759 3175 4830 βῆμα
3206 4759 3357 4821 ἔλεγε
3383 4757 3582 4812 τοιάδε·
3623 4757 3756 4810 Ἀν-

2189 4853 2311 4924 δρες
2341 4853 2616 4917 Ούενετοὶ,
2643 4853 2886 4923 πολλαχῆ
2921 4855 3018 4922 μὲν
3048 4853 3142 4906 καὶ
3171 4853 3361 4906 ἄλλοτε
3405 4850 3578 4903 δοκῶν
3623 4849 3755 4912 τοὺς

2185 4947 2530 5008 ἐνοικοῦντας
2571 4945 2632 4998 τὸ
2662 4945 2796 4997 ἄστυ
2825 4945 2942 4997 τόδε
2985 4945 3059 5015 μὴ
3099 4945 3414 4998 διαπίπτειν
3466 4940 3753 5010 λογιζομέο

2184 5057 2306 5101 νους
2333 5039 2400 5090 τὰ
2436 5039 2643 5099 δέοντα,
2674 5036 2866 5106 βραχεῖ
2928 5054 3038 5091 τινι
3070 5036 3215 5108 λόγῳ
3249 5035 3496 5105 ἐνὸμιξον
3542 5033 3749 5087 δεῖσθαι

2183 5132 2242 5195 ἐς
2275 5132 2438 5201 ὑμᾶς·
2469 5130 2648 5184 πάντα
2670 5131 2729 5184 δέ
2757 5130 2824 5184 τὰ
2848 5129 3173 5201 πράγματα,
3193 5125 3283 5183 οἷα
3314 5125 3746 5198 προτρέπεσθαι,

2183 5225 2278 5280 καὶ
2312 5226 2386 5296 μὴ
2427 5222 2920 5296 προθυμουμένους
2967 5223 3062 5277 ἐπὶ
3114 5223 3203 5284 τὸν
3255 5222 3492 5292 πόλεμον
3539 5219 3746 5283 τοῦτον,

2187 5318 2311 5370 ἐπεὶ
2358 5316 2416 5371 δὲ
2461 5317 2558 5370 καὶ
2606 5308 2714 5369 τῶν
2767 5316 3070 5386 πρωτεύειν
3119 5314 3419 5381 ἀξιούντων
3453 5310 3583 5384 παρ’
3618 5313 3748 5382 ἡμῖν

2195 5409 2294 5462 οὐκ
2327 5408 2547 5477 ὀλίγων,
2577 5407 2868 5478 παριόντες
2903 5405 3216 5461 κελεύουσιν
3267 5408 3409 5477 ὑμᾶς
3452 5405 3528 5477 μὴ
3575 5402 3749 5464 οὕτως

2197 5501 2454 5572 ἐπαχθῶς
2505 5502 2634 5573 περὶ
2686 5501 2937 5572 μεγάλων
2989 5500 3344 5572 βουλεύεσθαι
3385 5512 3747 5572 πραγματων,

1792 5617 2043 5681 Νοιιιιω
2069 5617 2478 5695 marginales.

600 5767 711 5840 (l5)
743 5770 845 5826 Alii
884 5769 1217 5848 cxcoriatum
1245 5769 1510 5836 scribunt,
1551 5769 1704 5826 1465.

2255 5765 2365 5839 (ιιι)
2399 5766 2474 5824 De
2503 5766 2772 5824 Caselliis.
