4026 6204
307 327 402 417 53⁵1

1333 350 1430 409 DE
1457 349 1707 412 REBUS
1745 350 2097 413 TURCICIS
2129 354 2270 418 LIB.
2316 356 2387 417 X.

3407 360 3509 423 Ε’ἳὸ

303 470 406 525 ἀλλ’
434 467 723 538 ἀνέχεσθαι
749 467 974 537 μᾶλλον,
1006 466 1304 537 πρεσϐείαν
1328 470 1644 538 πέμποντας
1666 469 1723 531 ἐς
1750 468 1841 521 τὸν

1956 468 2041 525 los
2089 469 2421 535 existimavi,
2448 485 2571 525 cum
2601 470 2808 526 videam
2842 470 3005 525 etiam
3033 470 3219 525 invitis
3269 480 3324 525 et
3354 481 3507 525 arma

304 562 566 631 βάρϐαρον
599 559 732 630 περὶ
761 559 872 613 τῶν
902 558 1161 627 σπονδῶν,
1195 560 1267 624 ὡς
1296 560 1356 614 οὐ
1401 560 1585 614 δίκαια
1618 561 1849 630 πράττοι

307 654 647 722 παραϐαίνων
683 653 812 715 τοὺς
840 653 1054 722 ὅρκους,
1095 654 1185 706 καὶ
1206 652 1304 716 τὰς
1329 655 1579 718 σπονδὰς,
1606 655 1699 708 καὶ
1724 670 1850 707 νου-

307 744 470 795 θετεῖν
495 742 658 795 αὐτὸν
692 742 759 794 τὰ
787 741 995 804 δέοντα,
1032 741 1100 811 ἢν
1130 741 1223 813 δέῃ
1262 742 1602 812 πεισόμενον.
1639 742 1767 795 Ἐὰν
1793 742 1852 795 δὲ

308 835 639 905 ἀναιρεῖσθαι
670 835 929 904 πόλεμον,
954 835 1250 902 ἀναγκαῖον
1276 834 1431 900 λόγον
1469 836 1597 902 περὶ
1623 835 1720 890 ,τοῦ
1753 851 1853 887 πα-

312 929 489 999 ρόντος
525 926 784 996 πολέμου,
815 926 1254 995 ἐπιμνησὰμενον
1282 927 1488 989 ἱκανὸν,
1516 924 1685 990 οὕτως
1714 927 1847 980 ίὲναι

309 1020 400 1072 ἐπὶ
430 1020 524 1087 τὴν
555 1018 754 1093 ψῆφον.
786 1020 877 1070 Δεῖ
914 1017 968 1070 δὲ
998 1017 1204 1070 ἕκαστα
1232 1017 1604 1087 λογιζομένοις
1634 1020 1701 1073 τὰ
1754 1036 1851 1089 χα-

312 1110 447 1162 λεπά
503 1110 839 1179 μετριώτερα
911 1108 1247 1179 φαινομένων
1298 1109 1507 1162 τούτων
1573 1111 1849 1179 αἱρεῖσθαι

317 1202 739 1270 ἐπιλεγομένους.
794 1201 1014 1271 Πρῶτον
1066 1201 1122 1254 δὲ
1174 1202 1473 1267 ἀναγκαῖον
1518 1201 1851 1272 προθέμενον

314 1294 502 1363 ψῆφον,
536 1294 755 1361 γνώμην
780 1293 983 1361 ταύτην
1006 1292 1079 1354 ὡς
1120 1292 1323 1345 ἕκαστα
1347 1293 1684 1348 ἀποϐαίνειν.
1714 1294 1854 1347 Φασὶ

314 1388 415 1453 γὰρ
442 1380 603 1444 οὗτοι.
633 1386 716 1437 ὅτι
746 1387 793 1437 εἰ
822 1384 1229 1454 πολεμήσομεν,
1257 1387 1308 1438 αἱ
1336 1386 1479 1439 κατὰ
1506 1385 1601 1455 τὴν
1625 1387 1851 1455 ἡπειρον

312 1478 482 1538 πόλεις
514 1475 694 1545 ἡμῶν,
723 1475 778 1537 ἐς
805 1493 863 1527 τε
892 1476 983 1529 τὸν
1012 1474 1212 1542 Ἰὖνιον,
1240 1478 1335 1529 καὶ
1376 1479 1433 1539 ἐς
1456 1476 1554 1547 τὴν
1587 1477 1853 1530 Πελοπόν-

312 1585 481 1634 νησον,
512 1568 609 1619 καὶ
639 1566 736 1636 τὴν
781 1566 949 1636 ἀλλην
983 1568 1214 1638 ἧπειρον
1260 1569 1459 1632 πόλεις,
1500 1570 1597 1640 οὐχ
1641 1569 1854 1634 ἕξουσιν

312 1662 446 1721 ὅπως
476 1658 840 1728 διαρκὲσωσιν
866 1659 958 1712 ἐπὶ
1004 1661 1193 1731 χρόνον
1231 1664 1372 1724 τινὰ,
1420 1661 1537 1715 ἀλλ’
1584 1662 1851 1731 ἐπιλείψει

316 1769 370 1803 τε
403 1752 560 1813 αὐτας
594 1751 663 1804 τὰ
713 1750 1015 1821 ἐπιτήδεια,
1065 1754 1156 1805 καὶ
1186 1753 1512 1807 ἀπολοῦνται
1550 1756 1615 1824 ἣν
1646 1772 1696 1808 τι
1723 1754 1849 1825 ἐπίῃ

320 1846 373 1906 ἐς
394 1844 549 1906 αὐτας
585 1844 838 1913 χαλεπόν.
887 1845 995 1898 Καὶ
1036 1847 1132 1916 τῆς
1173 1863 1232 1898 τε
1262 1847 1531 1918 ἐμπορίας
1561 1849 1656 1918 τῆς
1687 1847 1849 1901 αὐτοῦ

322 1937 488 2006 χώρας
526 1937 909 2009 στερουμένης,
936 1939 1081 2007 ἡμᾶς
1108 1955 1241 2006 φασι
1285 1939 1494 2007 μεγάλα
1528 1940 1592 1993 ἂν
1625 1940 1852 2008 βλάπτε-

327 2030 444 2080 σθαι
478 2026 569 2080 τοῦ
598 2028 803 2081 λοιποῦ.
856 2028 1171 2098 Ἀνέχεσθαι
1201 2028 1282 2082 δεῖ
1308 2025 1399 2083 οὖν
1430 2029 1517 2082 διὰ
1537 2028 1727 2094 ταῦτα,
1761 2031 1852 2082 καὶ

327 2119 605 2187 πρεσϐείαν
655 2121 892 2189 πέμπειν
937 2120 1405 2191 διισχυριζομένῳ)
1453 2123 1529 2185 ὡς
1594 2123 1735 2184 είκδς
1784 2121 1853 2174 τὰ

318 2210 549 2263 τοιαῦτα.
580 2210 738 2262 Ἀλλὰ
765 2212 896 2279 περὶ
940 2212 1036 2281 μὲν
1074 2213 1171 2281 τῆς
1207 2210 1502 2281 πρεσϐείας
1530 2213 1741 2282 πρῶτον
1764 2211 1852 2281 ερ-

315 2319 465 2370 χομαι
496 2301 659 2369 ἐρῶν,
705 2301 781 2364 ὡς
830 2302 1178 2371 ἀφικομένων
1204 2302 1311 2355 τῶν
1344 2301 1627 2371 πρέσϐεων
1675 2302 1849 2371 ἡμῶν,

318 2394 597 2463 ἐλλογίμων
620 2394 788 2447 ὄντων
811 2395 948 2464 ἅμα,
973 2397 1065 2449 καὶ
1089 2394 1341 2460 ξυνετῶν,
1373 2395 1495 2448 οὔτε
1520 2393 1853 2465 ἐπιστροφὴν

325 2487 587 2554 ἐποιήσατο
614 2487 723 2539 τῶν
751 2487 1054 2556 πρέσϐεων,
1107 2488 1458 2559 ἐξαπατήσας
1487 2505 1548 2541 τε
1576 2488 1653 2558 τῷ
1686 2487 1849 2558 λόγῳ,

329 2578 385 2627 τὰ
415 2579 619 2631 ἐναντία
654 2579 900 2647 φαίνεται
957 2578 1297 2649 πεποιηκώς.
1355 2581 1512 2634 Ὥστε
1558 2580 1658 2634 οὐκ
1708 2577 1849 2644 οἶδα,

324 2669 346 2719 ὁ
374 2686 414 2721 τι
442 2674 509 2725 ἂν
539 2674 713 2741 ἔχοιεν
742 2672 888 2743 αὐτῷ
920 2674 1097 2740 λέγειν
1128 2678 1174 2727 oi
1202 2674 1478 2744 πρέσϐεις,
1501 2674 1854 2745 ἐπικαιρότα-

316 2778 393 2813 τον
417 2755 489 2815 ὧν
528 2763 768 2833 πρόσθεν
791 2766 1111 2835 ἀφικόμενοι
1150 2765 1539 2835 ἐχρημάτιζον,
1589 2768 1637 2818 εί
1670 2764 1744 2835 μὴ
1773 2767 1853 2818 ὅτι

310 2856 685 2920 ἀδυνατοῦντες
731 2857 962 2925 πόλεμον
995 2858 1296 2927 ἐπιφέρειν,
1344 2858 1606 2927 πρέσϐεσι
1650 2858 1853 2910 διαλύε-

310 2950 417 3001 σθαι
460 2948 747 3019 βούλεσθαι
778 2951 817 2980 ⁶¹
852 2951 998 3019 ἡμᾶς
1030 2951 1097 3002 τὰ
1128 2951 1471 3019 ἐγκλήματα,
1511 2952 1567 3013 ἐς
1603 2948 1853 3003 τοσοῦτον

305 3044 441 3113 αὐτῷ
476 3038 881 3114 προσφέρεσθαι
911 3045 1041 3112 περὶ
1080 3044 1187 3096 τῶν
1216 3044 1518 3114 ἡμετέρων.
1549 3043 1731 3096 Ταῦτα
1771 3040 1848 3106 δὲ,

1956 560 2378 616 detrectantibus
2407 563 2529 617 belli
2557 563 2934 618 necessitatem
2958 563 3183 632 imponi.
3203 562 3335 617 Nam
3365 564 3514 616 vitle-

1957 651 2087 704 mini
2123 652 2252 707 mihi
2284 654 2669 723 rempublicam
2709 654 3024 724 planissime
3054 654 3304 723 prodere,
3378 654 3507 708 dum

1956 744 2290 798 cunctamini
2315 760 2463 800 arma
2492 745 2545 799 in
2573 746 2989 814 praesentiarum
3015 739 3278 801 adversus
3318 746 3516 801 barba-

1956 848 2073 886 rum
2109 849 2323 903 capere.
2366 834 2648 905 Siquidem
2678 838 2734 891 hi
2775 838 2866 907 qui
2908 838 3051 907 apud
3093 852 3190 892 vos
3222 837 3510 906 nonpauci

1957 927 2161 993 primas
2189 935 2392 992 tenent,
2420 940 2663 993 monent,
2692 945 2758 984 ne
2796 941 2997 984 temere
3023 939 3078 985 et
3116 930 3306 985 odiose
3333 930 3399 983 de
3431 945 3515 982 re-

1956 1020 2056 1071 bus
2085 1018 2219 1072 adeo
2244 1019 2431 1074 arduis
2454 1022 2808 1076 eonsultetis:
2853 1037 3041 1078 verum
3077 1032 3304 1077 censent
3359 1021 3508 1089 lega-

1957 1116 2041 1163 tos
2075 1108 2365 1164 mittendos
2395 1114 2461 1164 ad
2488 1111 2780 1166 barbarum
2804 1127 2965 1182 super
3017 1113 3223 1168 [aedere
3259 1124 3515 1181 expostu-

1956 1198 2148 1266 lantes,
2178 1209 2234 1254 ut
2263 1202 2353 1270 qui
2394 1202 2592 1271 injuste
2615 1214 2757 1271 agat,
2787 1204 3053 1259 fcederum
3075 1215 3127 1259 et
3155 1202 3514 1274 iurisiurandi

1957 1290 2272 1361 religionem
2297 1296 2624 1364 abrumpens
2648 1314 2664 1361 ;
2693 1298 3022 1351 monendum
3056 1310 3274 1366 quoque
3295 1311 3435 1360 esse,
3460 1302 3519 1347 ut

1956 1398 2160 1450 pacem,
2183 1387 2633 1454 quemadmodum
2652 1391 2988 1457 convenerit,
3028 1390 3299 1452 observet,
3323 1390 3366 1441 si
3396 1403 3523 1440 ver-

1957 1476 2043 1531 bis
2061 1478 2238 1544 potius
2258 1495 2419 1548 quam
2439 1480 2607 1536 armis
2630 1496 2660 1534 a
2682 1482 2873 1550 cceptis
2896 1498 3019 1535 eum
3043 1483 3313 1536 deterrere
3335 1480 3515 1549 possi-

1957 1584 2094 1623 mus.
2119 1570 2270 1635 Quod
2302 1571 2345 1625 si
2379 1572 2460 1625 his
2491 1574 2622 1627 nihil
2644 1575 2782 1643 apud
2811 1575 3097 1629 barbarum
3120 1572 3369 1629 eﬂectum
3399 1572 3519 1625 fue-

1955 1662 2046 1724 rit,
2077 1672 2187 1716 tum
2216 1662 2433 1716 demum
2459 1666 2762 1720 necessaria
2783 1670 2885 1721 erit
2902 1668 3079 1721 oratio
3098 1679 3218 1736 qua
3236 1666 3301 1721 ad
3319 1666 3518 1720 bellum

1955 1755 2182 1809 barbaro
2204 1754 2541 1810 inferendum
2574 1773 2674 1813 nos
2710 1761 2762 1812 in
2796 1759 3047 1829 sull‘ragia
3078 1760 3268 1813 mittet.
3297 1758 3522 1827 Oportet

1954 1863 2084 1902 sane
2114 1863 2208 1903 eos
2238 1849 2329 1917 qui
2364 1850 2604 1918 pericula
2639 1861 2917 1919 reputant,
2946 1866 3008 1905 ea
3040 1853 3178 1905 inter
3206 1867 3265 1906 se
3294 1866 3509 1919 compa-

1952 1956 2107 1994 rare:
2144 1949 2200 1995 et
2234 1956 2353 2009 quae
2380 1941 2583 1995 minora
2613 1944 2978 2011 apparuerint,
3012 1942 3230 2012 eligere.
3271 1943 3403 1995 Eum
3428 1940 3520 2009 qui

1951 2031 2263 2117 suﬂragiutn
2300 2033 2423 2096 fert,
2460 2037 2606 2089 circa
2642 2035 2861 2104 singula
2897 2035 3035 2088 hanc
3064 2035 3387 2088 sententiam
3435 2046 3519 2087 te-

1888 2173 1896 2181 .
1951 2140 2078 2180 nere
2094 2128 2360 2181 convenit.
2386 2125 2516 2182 Nam
2548 2127 2841 2182 adversarii
2870 2129 3036 2183 nostri
3055 2129 3227 2190 aiunt.
3248 2128 3292 2182 si
3325 2127 3519 2182 bellum

1951 2218 2301 2281 moverimus,
2322 2220 2481 2275 urbes
2506 2229 2701 2273 nostra:
2726 2221 2777 2273 in
2812 2221 3146 2281 continente,
3168 2234 3288 2288 quae
3316 2227 3525 2285 spectat

1954 2307 2159 2362 lonium
2217 2318 2270 2363 et
2320 2308 2781 2379 Peloponnesum.
2841 2326 3052 2364 necnon
3089 2309 3248 2378 292
3302 2309 3523 2378 reliquae

1951 2401 2279 2456 continentis
2310 2401 2492 2466 urbes,
2530 2402 2670 2456 haud
2702 2402 2978 2457 habebunt
3001 2403 3200 2472 quibus
3222 2418 3281 2457 se
3304 2411 3524 2456 susten-

1953 2502 2064 2549 tent
2089 2494 2152 2548 ad
2180 2493 2343 2549 breve
2383 2494 2670 2550 admodum
2715 2503 2950 2565 tempus.
2993 2496 3185 2549 Verum
3220 2494 3522 2550 necessaria

1951 2600 2046 2639 eos
2085 2584 2413 2639 destituent:
2449 2595 2503 2638 et
2546 2584 2821 2654 peribunt,
2865 2586 2909 2640 si
2957 2584 3255 2654 periculum
3303 2584 3519 2653 aliquod

1954 2660 2232 2747 ingruerit.
2256 2679 2519 2732 Praeterea
2546 2679 2589 2731 si
2619 2677 2868 2746 pranlicta
2894 2678 3040 2746 regio
3063 2677 3331 2733 mercibus
3358 2676 3522 2731 fuerit

1951 2772 2235 2834 exhausta,
2271 2780 2323 2823 et
2360 2768 2678 2839 despoliata,
2717 2770 2880 2823 etiam
2920 2769 3178 2839 deindeps
3222 2779 3275 2822 et
3319 2769 3373 2822 in
3422 2782 3521 2821 nos

1953 2860 2147 2916 damna
2193 2861 2428 2915 maxima
2492 2860 2887 2933 redundabunt.
2937 2861 3271 2930 Quapropter
3317 2859 3515 2914 beilum

1952 2954 2326 3024 prolatandum
2376 2964 2479 3017 est,
2524 2961 2577 3008 et
2622 2953 2815 3022 legatio
2895 2952 3177 3017 mittenda,
3246 2966 3363 3021 qua:
3418 2952 3520 3004 ista

1954 3045 2165 3101 elllciet.
2198 3046 2271 3100 De
2297 3046 2563 3117 legatione
2584 3049 2756 3115 primo
2785 3045 2946 3098 verba
2978 3043 3192 3098 faciant.
3229 3043 3361 3096 Nam
3396 3057 3516 3095 cum

302 3135 466 3207 οἶμαι,
495 3138 671 3203 καλῶς
708 3136 851 3210 εἶχεν
874 3140 1022 3210 αὑτῷ
1050 3140 1322 3208 λέγεσθαι,
1348 3140 1413 3209 ἢν
1448 3140 1521 3211 μὴ
1549 3138 1608 3192 τὸ
1649 3139 1852 3209 Ἀργος

1956 3138 2110 3211 legati
2144 3139 2334 3203 nostri,
2368 3140 2464 3192 viri
2496 3144 2784 3209 prudentes
2814 3148 2863 3191 et
2886 3137 3268 3206 intelligentes,
3296 3136 3360 3189 ad
3395 3150 3519 3188 eum

302 3231 652 3300 παραλαϐὼν,
697 3233 929 3301 πόλεμον
971 3226 1101 3301 ἡμῖν
1151 3232 1461 3300 περιφανῶς
1515 3232 1850 3304 ἀπαγγέλλῃ.

310 3322 601 3393 Ἐπειρᾶτο
635 3326 732 3394 μὲν
766 3326 956 3395 μέχρις
984 3322 1042 3379 οὗ
1076 3324 1248 3379 ταῦτα
1278 3325 1341 3378 ἂν
1374 3325 1654 3394 φέροιμεν,
1682 3326 1776 3378 καὶ
1806 3325 1853 3376 εἰ

305 3415 398 3482 μὲν
426 3416 745 3484 ἀνεχόμεθα,
776 3417 876 3485 ήδη
922 3419 1117 3487 χωρεῖν
1144 3417 1303 3468 αὐτὸν
1350 3416 1445 3469 καὶ
1472 3418 1561 3467 ἐπὶ
1592 3415 1661 3468 τὰ
1694 3416 1857 3469 λοιπά

299 3503 497 3566 ἀδεῶς·
526 3507 574 3556 εἰ
603 3505 653 3557 δὲ
689 3505 786 3574 μὴ,
834 3505 1134 3575 ὑποχωρεῖν
1182 3506 1283 3575 ἤδη
1319 3507 1373 3567 ἐς
1418 3506 1540 3558 ὅσον
1581 3506 1727 3576 αὐτῷ
1767 3505 1857 3575 ὑφ’

298 3596 331 3666 ἡ
340 3596 455 3664 μῶν
485 3601 832 3668 συγχωροῖεν).
859 3597 962 3651 Καὶ
986 3600 1041 3650 ἐν
1072 3598 1242 3668 τούτῳ
1264 3598 1360 3668 τὴν
1388 3599 1616 3669 ἀπορίαν
1636 3600 1678 3631 ⁸⁸
1704 3616 1859 3669 ποιη-

296 3689 545 3758 σόμενος,
577 3691 725 3743 οὐδὲν
763 3691 939 3759 μέντοι
963 3685 1121 3760 ἦττον
1165 3693 1431 3761 χωρήσων
1460 3690 1550 3743 ἐπὶ
1582 3690 1671 3743 τὸν
1704 3689 1857 3743 πόλε-

299 3800 416 3851 μον.
452 3782 519 3835 Εἰ
566 3782 622 3834 δέ
673 3781 768 3852 μὴ,
827 3782 1031 3849 λεγέτω
1081 3784 1177 3853 μέν
1231 3800 1341 3853 μοι,
1387 3784 1479 3837 xui.
1524 3781 1738 3854 πρῶτον
1767 3782 1858 3835 ἐπὶ

295 3873 703 3945 Πελοπόννησον
743 3876 1091 3943 ἀφικόμενος,
1126 3875 1226 3943 τήν
1273 3891 1332 3928 τε
1383 3874 1612 3929 Εὔϐοιαν
1656 3875 1856 3945 ἐπέστη

290 3967 576 4035 ὀψόμενος,
599 3968 714 4031 οἴω,
749 3971 841 4022 καὶ
865 3971 956 4022 ἐπὶ
984 3972 1081 4040 τὴν
1113 3971 1350 4041 Εὐρίπου
1374 3972 1545 4026 πόλιν.
1577 3973 1683 4026 Καὶ
1701 3971 1861 4037 ἐξιὼν

287 4055 444 4123 αὖθις
479 4061 591 4113 ἀπὸ
624 4059 1050 4131 Πελοποννήσου,
1094 4063 1190 4115 καὶ
1214 4062 1271 4115 τὸ
1294 4061 1543 4132 δεύτερον
1572 4062 1672 4133 ἥδη
1706 4061 1862 4116 ἐλαύ-

286 4169 391 4205 νων
422 4155 527 4207 σὺν
560 4156 668 4218 τοῖς
708 4153 1126 4224 πειρασομένοις
1175 4153 1267 4207 τοῦ
1308 4155 1496 4225 πόρου,
1543 4155 1767 4222 ἀφίκετο
1803 4156 1861 4219 ἐς

287 4246 412 4317 ὄψιν
443 4248 551 4316 τῆς
584 4246 814 4311 πόλεως,
841 4247 985 4311 ὅπως
1014 4246 1077 4300 ἂν
1101 4246 1196 4319 τὴν
1228 4245 1534 4319 προσϐολὴν
1557 4249 1857 4316 ποιήσαιτο,

283 4338 461 4391 ἐπιὼν
502 4337 597 4391 ἐπὶ
628 4337 725 4408 τὴν
773 4338 947 4393 πόλιν.
982 4340 1089 4393 Καὶ
1120 4340 1148 4392 ὁ
1198 4340 1297 4409 μὲν
1344 4338 1500 4409 ,ἵππῳ
1538 4337 1728 4402 διαϐὰς
1770 4338 1861 4391 τὸν

281 4426 535 4500 Εὔριπον
560 4433 759 4484 συνίδοι
778 4432 823 4463 ⁸³
846 4432 993 4495 ὅπως
1017 4430 1225 4501 βασιμά
1246 4448 1303 4484 τε
1322 4431 1408 4500 είη
1424 4429 1571 4500 αὐτῷ
1594 4429 1859 4500 προσϐάλ-

1958 3233 2354 3295 convenissent,
2390 3248 2575 3286 eorum
2626 3232 2825 3283 nullam
2865 3231 3146 3284 rationem'
3173 3228 3392 3282 habuit:
3428 3242 3521 3280 ve-

1957 3341 2073 3379 rum
2102 3323 2462 3378 fraudulentis
2479 3332 2529 3376 et
2549 3322 2750 3377 dolosis
2767 3321 3106 3377 εοτιιιοιιίὺυε
3132 3334 3282 3380 usus,
3308 3327 3517 3372 contra-

1956 3418 2058 3476 ria.
2080 3431 2239 3484 quant
2276 3430 2376 3468 nos
2411 3413 2859 3475 existimavimus,
2884 3411 3079 3467 fecisse
3104 3411 3368 3481 apparuit.
3400 3409 3515 3463 Non

1958 3509 2136 3578 itaque.
2175 3508 2304 3562 satis
2334 3507 2473 3576 apud
2506 3522 2588 3561 me
2635 3514 2865 3569 Constat,
2900 3505 3154 3576 quidnam
3188 3502 3520 3573 principalis-

1958 3601 2150 3656 simum
2170 3616 2351 3655 eorum
2374 3616 2536 3669 super
2552 3597 2749 3671 quibus
2779 3601 2843 3652 ad
2875 3614 2999 3653 eum
3022 3606 3303 3658 venerant,
3331 3612 3515 3651 coram

1958 3709 2023 3750 eo
2059 3709 2372 3762 expromere
2398 3692 2647 3760 debeant,
2687 3694 2732 3747 si
2759 3693 2937 3747 denuo
2978 3692 3300 3765 legationem
3336 3705 3519 3745 susce—

1959 3786 2154 3854 perint,
2178 3800 2336 3854 quam
2357 3783 2484 3837 illud
2513 3799 2527 3835 :
2557 3799 2681 3849 no-‘,
2703 3798 2824 3837 cum
2845 3799 2950 3835 non
2973 3788 3261 3851 suppetant
3286 3780 3425 3834 vires
3450 3779 3517 3831 ad

1960 3877 2183 3944 bellum,
2210 3876 2344 3930 velle
2376 3875 2738 3946 legationibus
2790 3890 2901 3928 rem
2949 3888 3157 3943 gerere,
3195 3881 3249 3926 et
3276 3872 3339 3923 ad
3373 3872 3517 3924 hunc

1962 3970 2180 4024 modum
2214 3968 2440 4039 injurias
2473 3969 2815 4039 propulsare,
2837 3976 2891 4022 et
2916 3966 3149 4021 crimina
3181 3963 3515 4018 dissolvere:

1961 4065 2095 4118 adeo
2130 4080 2225 4118 nos
2262 4078 2381 4118 esse
2411 4071 2688 4133 promptos
2746 4070 2799 4115 et
2834 4070 3049 4130 paratos
3078 4075 3173 4127 pro
3224 4057 3394 4124 ipsius
3430 4070 3520 4108 ar-

1959 4155 2123 4210 bitrio
2146 4170 2269 4209 cum
2303 4138 2429 4224 ipso
2457 4169 2635 4226 agere.
2674 4153 2794 4207 llaec
2826 4152 3045 4221 quidem
3094 4151 3322 4204 honesta
3378 4148 3517 4201 ratio

1961 4255 2066 4311 est,
2106 4245 2213 4300 dici
2248 4243 2539 4315 possetzsi
2581 4259 2686 4298 non
2736 4253 3005 4311 occupato
3069 4243 3236 4311 Argo,
3282 4239 3392 4310 jam
3452 4254 3519 4293 ex

1965 4348 2149 4407 apC‘to
2177 4335 2334 4390 nobis
2404 4335 2601 4390 bellum
2632 4336 2947 4389 intentaret.
3002 4332 3226 4387 Animos
3275 4330 3519 4401 profecto

1967 4436 2186 4482 nostros
2219 4427 2271 4481 in
2305 4426 2451 4481 hunc
2471 4426 2691 4480 modum
2722 4433 3013 4495 pertentat,
3039 4422 3280 4493 quandiu
3304 4423 3519 4475 tandem

280 4522 429 4575 λοντι
460 4521 532 4588 ⁸⁸,
568 4522 663 4574 καὶ
695 4522 1104 4593 εὐεπιχείρητα.
1151 4522 1333 4575 Ταῦτα
1371 4522 1468 4591 μὲν
1499 4518 1591 4575 οὖν
1640 4521 1713 4591 μὴ
1765 4538 1854 4574 πο-

1965 4522 2063 4576 ista
2096 4521 2299 4590 perpeti
2328 4521 2574 4574 velimus.
2611 4519 2667 4572 Si
2697 4518 2952 4589 patimur,
2994 4518 3157 4572 etiam
3208 4517 3272 4568 ad
3305 4514 3511 4584 reliqua

280 4613 455 4682 λέμου
485 4614 763 4684 τεκμήριά
787 4614 902 4667 ἐστι
930 4615 1224 4684 περιφανῆ,
1257 4614 1349 4683 ἀφ’
1375 4608 1449 4667 ὧν
1493 4612 1558 4667 ἄν
1588 4630 1668 4676 τις
1701 4612 1860 4665 αὑτὸν

279 4704 379 4757 ἐπὶ
404 4705 505 4756 τὸν
533 4705 769 4774 πόλεμον
817 4706 1373 4777 παρασκευασάμενον
1418 4704 1522 4757 ἀπὸ
1556 4704 1748 4759 πολλοῦ
1778 4704 1859 4756 δι-

282 4800 655 4869 ισχυρίσαιτο,
678 4798 1079 4867 διαμαχόμενον
1111 4801 1220 4861 τοῖς
1251 4798 1418 4862 οὕτως
1448 4797 1703 4860 ἐπιεικῶς
1740 4796 1860 4864 βου-

275 4894 632 4958 lawgiver“
671 4888 813 4943 Ἀλλ’
849 4892 973 4943 ἐπεὶ
1007 4891 1242 4959 πόλεμος
1283 4890 1379 4959 μὲν
1414 4891 1544 4959 ἡμῖν
1596 4889 1858 4960 κηρύττε-

275 5004 369 5040 ται
421 4990 489 5040 ἐκ
520 4985 715 5038 πολλοῦ
750 4985 975 5055 προῖὼν,
1013 4984 1079 5037 τά
1127 4985 1221 5053 μὲν
1267 4981 1357 5051 ὑᾷ
1406 4980 1568 5035 αὐτοῦ
1604 4980 1649 5014 ⁸⁵
1676 4982 1857 5035 ποιού-

278 5094 473 5145 μενος,
511 5077 823 5145 ἀφαιρεῖται
858 5076 1029 5145 ἡμᾶς’
1059 5074 1127 5126 τὰ
1163 5073 1219 5126 δὲ
1265 5075 1356 5125 καὶ
1390 5070 1688 5126 διαϐάλλων
1731 5072 1857 5135 τοὺς

275 5169 588 5233 ἐπιστάτας
624 5169 793 5240 αὐτῷ,
833 5170 901 5222 τὰ
935 5168 1220 5237 πρόσφορα
1248 5164 1580 5235 ἐπιτηδεύει,
1605 5164 1858 5218 καὶκατὰ

275 5261 465 5331 βραχὺ
500 5260 715 5330 μεγαλα
747 5258 1233 5330 προσποιούμενος,
1257 5258 1409 5326 ἄφνω
1434 5255 1856 5326 ἀπαρασκεύοις,

272 5356 321 5407 εἰ
353 5353 601 5413 δύναιτο,
640 5354 1013 5414 ἐπεισπεσεῖν,
1041 5348 1434 5420 παραλαϐὼν⁶⁸
1467 5349 1583 5401 ἃττ’
1614 5347 1679 5401 ἂν
1706 5347 1852 5417 αὖτῷ

271 5444 519 5515 δύναμιν
549 5446 811 5515 ἀξιόχρεω
831 5443 1268 5515 περιποιήσαιτο.
1287 5439 1430 5511 Φημὶ
1448 5440 1562 5504 οὖν,
1584 5439 1631 5491 εί
1662 5437 1736 5508 μὴ
1760 5438 1854 5489 πό-

1966 4613 2299 4667 coutidenter
2323 4621 2377 4666 et
2434 4613 2687 4666 audacter
2717 4608 2987 4680 procedet.
3026 4606 3119 4662 Sin
3166 4604 3522 4661 restiteritnus

1967 4703 2198 4768 fortiter,
2251 4703 2461 4758 recedet
2514 4717 2621 4771 quo
2666 4717 2757 4772 per
2806 4716 2904 4754 nos
2958 4698 3007 4754 ei
3043 4697 3293 4753 licuerit':
3351 4704 3404 4750 et
3462 4694 3515 4749 in

1964 4797 2122 4853 trivio
2192 4795 2368 4868 (quod
2425 4797 2614 4862 aiunt)
2643 4794 2971 4849 constitutus
2998 4831 3014 4857 ,
3047 4789 3249 4845 bellum
3295 4786 3523 4860 posthac

1964 4888 2200 4942 omittet.
2255 4885 2308 4940 Si
2347 4900 2503 4941 secus
2562 4885 2873 4948 fecerimus,
2934 4896 3127 4938 vereor
3182 4894 3360 4936 seram
3424 4877 3522 4931 ali-

1960 4980 2176 5048 quando
2256 4977 2630 5046 poeuitcntiam
2701 4986 3011 5030 venturam.
3073 4971 3277 5025 Ferunt
3326 4969 3524 5024 barba-

1961 5084 2104 5135 rum,
2134 5066 2223 5122 ubi
2262 5069 2496 5138 primum
2552 5068 2604 5121 in
2656 5064 3095 5137 Peloponnesum
3163 5061 3518 5132 pervenisset,

1958 5161 2122 5215 etiam
2166 5158 2430 5214 Euboiam
2476 5160 2793 5223 accessisse,
2830 5158 3072 5214 visurum
3094 5153 3277 5223 Euripi
3308 5152 3519 5206 urbem.

1959 5252 2225 5323 Egressus
2273 5253 2469 5307 iterum
2537 5251 2937 5322 Peloponneso,
3004 5248 3277 5317 profectus
3331 5256 3413 5300 est
3461 5255 3520 5299 ut

1959 5352 2190 5399 tentaret
2235 5344 2521 5397 transitum
2549 5382 2565 5407 ,
2597 5347 2845 5410 venitque
2894 5336 2946 5390 in
2979 5345 3326 5400 conspectum
3365 5331 3523 5387 urbis

1959 5451 2023 5492 eo
2052 5436 2254 5503 animo,
2293 5446 2350 5491 ut
2371 5451 2488 5493 eam
2522 5434 2784 5490 hostiliter
2814 5430 3219 5502 aggrederetur.
3273 5424 3338 5481 Et
3388 5424 3517 5496 qui-

1550 5583 1798 5646 Notulte
1837 5584 2242 5661 marginales.

350 5739 395 5772 "
431 5734 506 5791 In
543 5755 664 5802 uno,
701 5738 1035 5794 Ἐϐούλεσθε.

1112 5738 1155 5770 ⁸³
1185 5738 1294 5792 Καὶ
1320 5740 1376 5790 ὲν
1411 5737 1619 5798 τούτοις
1650 5735 1747 5804 τὴν
1770 5738 2094 5805 ἀπόπειραν.

2172 5740 2215 5772 ⁶³
2250 5737 2312 5795 In
2342 5755 2463 5805 una,
2494 5736 2713 5792 συνίδει.
2818 5735 2858 5766 ⁵⁵
2913 5730 3296 5803 Προεϐαλὸιτε.
3337 5724 3423 5782 Stc
3458 5728 3527 5779 ita

274 5822 410 5877 tuo,
447 5811 505 5862 in
551 5811 621 5863 al.
656 5821 709 5863 ut
736 5828 780 5864 c.
860 5812 904 5844 ⁸⁵
937 5810 1028 5864 Al.
1066 5808 1232 5882 αὐτῷ.
1310 5810 1353 5840 ⁸⁸
1384 5806 1447 5862 lu
1475 5823 1573 5860 uno
1599 5809 2035 5879 παραλαϐἐσθαι.
