4026 6204
519 331 624 395 539

1628 329 1940 396 LAONICI
1974 328 2647 395 CHALCOCONDYLzﬁ

3605 344 3700 410 £40

519 451 642 497 dem
676 444 790 511 ipse
812 456 954 512 equo
977 451 1321 501 transvectus
1353 443 1642 516 Euripum,
1689 445 2078 514 speculabatur

2190 449 2344 518 λεμον
2369 450 2586 504 ἔσεσθαι
2627 451 2761 522 ἡμῖν
2799 452 2934 522 πρὸς
2979 453 3072 507 τοῦ
3111 453 3389 525 βασιλέως,
3419 457 3702 527 ύπισχνοῖν-

520 551 627 604 qua
656 536 943 589 commode
969 536 1143 604 copiis
1177 537 1434 603 transire,
1464 548 1519 593 ct
1555 540 1741 594 urbem
1765 556 2082 611 oppugnare

518 637 722 696 posset.
756 626 880 682 Haec
913 627 1155 696 profecto
1219 631 1503 686 manifesta
1541 632 1666 687 belli
1718 643 1846 688 sunt
1905 634 2080 702 signa,

518 737 583 773 ex
615 721 810 788 quibus
843 722 976 775 satis
1017 721 1140 791 quis
1169 724 1401 792 probare
1429 734 1626 796 potest,
1690 742 1815 782 eum
1865 727 2084 796 jamdu-

519 815 646 864 dum
690 811 1004 868 decrevisse
1046 815 1183 870 satis
1218 829 1574 886 pra-paratum
1630 818 1898 874 adversus
1947 825 2083 875 adeo

517 905 776 957 decenter
802 905 1171 962 deliberantes
1205 924 1470 978 pugnare.
1523 910 1601 966 Eo
1648 913 1702 967 in
1732 911 1894 976 bello,
1937 913 2082 982 quod

520 995 801 1050 nuntiatur
821 996 1144 1065 jamdudum
1180 1001 1444 1055 adversus
1469 1017 1567 1057 nos
1609 1003 1926 1074 sumpsisse,
1947 1015 2085 1060 stre-

519 1103 627 1143 nue
656 1100 864 1160 perget,
901 1092 1152 1160 qu:edam
1181 1093 1287 1148 sibi
1319 1095 1606 1164 subigens,
1663 1097 1932 1168 nobisque
1983 1115 2082 1153 au-

519 1179 1034 1250 l'crcuszqutedam,
1065 1186 1348 1254 przefectos
1404 1190 1651 1259 culpans,
1709 1192 1980 1260 subjiciet.
2031 1202 2085 1247 et

519 1273 964 1330 commodissima
992 1294 1221 1348 qumque
1249 1282 1568 1337 sectabitur.
1625 1283 1747 1339 Mox
1778 1285 1869 1340 isti
1925 1301 2083 1346 nemo

517 1381 578 1418 sc
606 1370 940 1436 opposuerit,
975 1386 1169 1442 magna
1199 1378 1440 1448 potentia
1466 1379 1803 1444 succinctus.
1861 1384 2070 1450 subito,

519 1457 562 1510 si
597 1460 813 1526 poterit,
851 1462 1149 1532 imparatos
1197 1470 1488 1537 opprimet.
1543 1470 1679 1528 Nam
1715 1491 1937 1546 magnas
1977 1477 2078 1531 sibi

520 1553 764 1606 conflare
795 1555 991 1622 poterit
1020 1558 1225 1627 copias,
1276 1575 1401 1615 cum
1436 1578 1542 1616 non
1601 1576 1778 1620 cesset
1813 1567 2083 1634 plurimos

519 1658 621 1695 suo
658 1644 901 1700 dominio
969 1664 1139 1719 usque
1161 1650 1477 1722 adjungere.
1512 1655 1694 1711 Dicam
1729 1658 1910 1730 igitur,
1930 1660 2083 1717 nobis

517 1751 624 1790 non
649 1735 764 1791 fore
786 1738 982 1794 bellum
1009 1757 1127 1796 cum
1153 1746 1316 1814 rege?
1338 1745 1594 1814 Quidam,
1619 1754 1760 1820 quod
1780 1752 1915 1818 scio,
1940 1770 2076 1809 vana
2109 1790 2152 1846 Β

518 1843 613 1896 spe
635 1830 958 1900 semetipsos
980 1834 1140 1905 293
1173 1846 1226 1891 et
1259 1837 1396 1892 alios
1429 1839 1650 1907 lactant,
1678 1844 1922 1900 dicentes
1953 1862 2077 1902 eum

518 1935 628 1974 nun
647 1937 795 1990 luam
817 1925 866 1978 in
889 1940 986 1980 nos
1004 1943 1318 1984 aversurum
1342 1931 1466 1988 belli
1499 1945 1888 2006 tempestatem,
1914 1956 2088 2010 neque

517 2026 618 2066 nos
645 2024 833 2071 nostro
863 2018 1278 2077 deturbaturum
1317 2026 1644 2097 principatu,
1671 2033 1920 2099 quamvis
1945 2033 1996 2089 id
2021 2051 2086 2089 ex

519 2101 665 2158 facili
699 2117 902 2176 posset.
950 2110 1297 2183 Quapropter
1349 2133 1380 2172 a
1412 2119 1550 2173 bello
1610 2121 1766 2179 nobis
1825 2133 2086 2194 tempere-

518 2214 658 2261 mus.
701 2215 995 2274 pacemque
1030 2215 1082 2260 et
1109 2210 1554 2278 tranquillitatem
1588 2217 2083 2287 apprehendamus,

519 2291 653 2345 nihil
677 2292 894 2348 interim
921 2297 999 2351 rei
1043 2301 1368 2358 necessaria:
1396 2306 1702 2362 oscitanter
1737 2311 2083 2369 outittcntes.
2151 2304 2156 2309 ’

517 2381 716 2466 Verum
755 2387 1034 2444 enimvero
1081 2392 1126 2446 si
1152 2408 1216 2448 ex
1273 2396 1546 2464 praedictis
1573 2399 1685 2466 jam
1731 2403 1890 2470 plane
1943 2405 2082 2473 apud

515 2463 705 2533 omnes
736 2478 790 2534 in
821 2482 1074 2536 confesso
1099 2495 1200 2548 est,
1219 2501 1339 2541 eum
1360 2488 1675 2555 jamdudum
1706 2497 1862 2552 nobis
1887 2498 2082 2554 bellum

517 2569 801 2637 indixisse,
833 2585 1014 2629 utrum
1047 2577 1204 2633 nobis
1233 2582 1644 2642 conducibilius
1675 2599 1729 2644 ct
1788 2591 2084 2663 eligibilius

519 2663 640 2715 fore
683 2663 960 2733 iudicatis,
1019 2671 1336 2738 quietemne
1397 2678 1650 2749 ampleCIi
1701 2692 1753 2737 et
1803 2689 2082 2756 regionem

519 2764 762 2809 nostram
809 2760 970 2814 nobis
1008 2765 1115 2830 puti
1163 2767 1346 2834 eripi:
1399 2784 1466 2822 an
1531 2787 1594 2825 ex
1640 2786 1828 2844 aperto
1885 2779 2082 2836 bellum

517 2847 837 2918 inferentes,
865 2855 1154 2911 ostendere
1186 2859 1438 2927 barbaro,
1467 2877 1671 2934 quanta
1708 2871 1872 2925 etiam
1899 2887 2086 2931 nostra

515 2943 588 2996 sit
612 2944 868 3011 potentia,
897 2958 1223 3018 quantaeque
1261 2953 1402 3009 vires
1435 2956 1458 3009 ἳ
1485 2956 1620 3012 Nam
1650 2961 1703 3015 in
1738 2965 2083 3024 manifestum

518 3038 562 3090 si
602 3037 1046 3098 descenderimus
1079 3043 1296 3112 bellum,
1329 3063 1451 3104 eum
1485 3052 1712 3127 ejusque
1751 3057 1976 3117 insidias
1998 3081 2088 3119 ca-

2183 559 2251 595 τα
2281 542 2492 609 τοῦτον,
2533 545 2606 613 μὴ
2642 544 2990 617 ἀναιρεῖσθαι
3027 549 3321 618 φάσκοντες
3355 551 3444 604 τὸν
3477 552 3703 622 πόλεμον,

2183 633 2278 686 καὶ
2327 635 2462 704 μηδὲ
2491 635 2536 668 ⁸⁷
2577 639 3021 710 παραιρούμενον
3069 643 3167 711 τῆς
3220 643 3489 715 ἡμετέρας
3533 647 3706 714 ἀρχῆς,

2185 729 2302 780 ἄττ’
2338 728 2404 781 ἂν
2444 730 2625 802 δοκοίη
2670 734 2829 804 ῥᾴδια
2876 737 3266 807 προσχωρῆσαι
3301 739 3466 810 αύτῷ,
3499 741 3711 806 πόλεμον

2187 820 2288 890 μὲν
2316 822 2390 893 μὴ
2421 824 2714 888 ποιεῖσθαι,
2736 827 2962 897 ἡσυχίαν
2984 828 3040 882 δὲ
3069 829 3244 898 ἀγειν,
3279 830 3556 899 μηδοτιοῦν
3579 833 3712 903 αύτῷ

2184 917 2291 970 τῶν
2340 917 2570 973 δεόντων
2616 923 3069 991 προϊσχομένους.
3123 924 3184 976 Εἰ
3215 923 3272 975 δὲ
3304 924 3497 985 πάντες
3544 924 3714 978 τοῦτον

2186 1009 2610 1078 ξυνομο).ογοῦσι
2641 1011 2814 1082 δήπου
2847 1014 2977 1082 ἡμῖν
3001 1012 3074 1076 ὡς
3103 1012 3316 1083 πολεμη
3328 1012 3502 1080 μένον,
3529 1011 3714 1064 ἕκαστα

2187 1101 2407 1156 πάντων
2443 1104 2680 1173 πρόσθεν
2729 1106 3179 1176 ἀποπειρώμενος
3223 1104 3284 1161 ού
3317 1103 3568 1168 παύεται,
3595 1104 3713 1174 πρόο

2184 1214 2319 1266 τερα
2363 1196 2568 1250 τούτων
2614 1198 2952 1268 αἱρετώτερα
2991 1199 3146 1268 ἡμῖν,
3189 1196 3419 1267 ἡσυχίαν
3453 1196 3548 1264 μὲν
3591 1195 3719 1263 ὑμᾶς

2185 1292 2418 1360 ἄγοντας
2475 1290 2828 1361 ἀφαιρεῖσθαι
2874 1289 2974 1360 τὴν
3011 1290 3214 1360 χώραν,
3258 1293 3354 1343 καὶ
3401 1289 3475 1351 tiu;
3504 1287 3718 1356 πολεμή-

2187 1403 2386 1448 σαντας
2435 1383 2663 1454 at)an
2699 1384 2936 1452 πόλεμον
2973 1384 3193 1453 ἐμφανῆ
3228 1383 3426 1436 αὐτίκα
3477 1381 3718 1433 καθιστα-

2188 1480 2403 1548 μένους,
2434 1476 2805 1532 ἐνδείκνυσθαι
2849 1477 3000 1546 αύτῷ
3028 1478 3128 1545 τῆς
3159 1477 3434 1544 ἡμετέρας
3462 1473 3717 1539 δυνάμεως

2184 1574 2284 1626 ὅσα
2331 1571 2564 1642 ἐχώρει;
2593 1571 2652 1624 ἐν
2696 1572 2804 1641 γὰρ
2847 1570 2928 1640 τῷ
2975 1569 3196 1639 πολέμῳ
3235 1569 3332 1621 καὶ
3378 1563 3718 1634 φυλάττεσθαι

2185 1666 2346 1719 αὑτὸν
2379 1664 2607 1729 ἔξεστιν,
2636 1665 2700 1717 ἐκ
2733 1662 2826 1717 τοῦ
2854 1661 3090 1733 φανεροῦ
3128 1658 3718 1728 παρασκευαζομένους,

2185 1759 2280 1813 καὶ
2345 1755 2744 1828 ἐπιτηροῦντας
2815 1755 2979 1809 αὑτὸν
3034 1754 3078 1788 ⁸⁸
3122 1749 3719 1824 στρατεύσεταιοὴπει-

2190 1851 2432 1922 ρώμενον
2463 1851 2529 1902 ἐκ
2579 1849 2675 1902 τοῦ
2713 1846 2980 1917 ἀφανοῦς,
3018 1845 3374 1917 ἀφαιρεῖσθαι
3422 1843 3518 1911 τὴν
3560 1842 3722 1910 χώραν

2186 1945 2365 2016 ἡμῶν,
2391 1943 2467 2013 μὴ
2489 1941 2894 2013 προσφέρεσθαι
2924 1939 2998 2003 ὡς
3035 1939 3297 2016 πολεμίῳ.
3328 1937 3470 1990 δυοῖν
3492 1936 3548 1986 ἐν
3571 1931 3724 1998 τούτῳ

2188 2038 2510 2108 προέχοντι;
2544 2035 2646 2089 Ἢν
2680 2036 2778 2103 μὲν
2827 2032 3098 2104 ἀποϐαίνῃ
3135 2028 3298 2099 Δαὐτῷ
3349 2027 3492 2080 κατὰ
3523 2023 3728 2094 γνώμην

2186 2128 2575 2202 ἐπιχειροῦντι,
2615 2125 2935 2179 πιστεύουσί
2973 2141 3032 2176 τε
3071 2125 3253 2184 αὐτοῖς
3288 2122 3372 2182 ὡς
3419 2120 3608 2189 φίλοις,
3647 2113 3733 2219 (at:

2188 2222 2376 2295 ρεσθαι
2402 2221 2561 2274 τοῦτό
2587 2221 2635 2273 oi
2662 2218 2872 2290 κέρδος.
2928 2217 3028 2269 Ἦν
3071 2217 3127 2268 δὲ
3163 2214 3336 2285 μηδέν
3373 2231 3423 2265 τι
3454 2211 3613 2264 κακον
3639 2205 3733 2260 ἀπὸ

2185 2315 2374 2370 τούτου
2407 2314 2678 2386 ξυμϐαίνῃ
2709 2312 2949 2381 αύτῷ....
2973 2310 3034 2362 Εἰ
3072 2309 3169 2378 μέν
3204 2307 3296 2361 οὖν
3323 2305 3503 2359 ταῦτα
3521 2301 3729 2372 ἀμείνω,

2187 2413 2232 2445 ιο
2264 2412 2440 2481 αἱρεῖν
2479 2411 2544 2463 ἂν
2576 2409 2683 2476 πρὸ
2716 2406 2825 2459 τῶν
2861 2404 3035 2458 ἄλλων
3069 2403 3177 2456 δέοι
3228 2402 3435 2473 ταύτῃ.
3475 2399 3534 2452 Ei
3561 2397 3614 2450 δὲ
3645 2394 3728 2464 μὴ.

2185 2506 2395 2575 ἀμείνω
2440 2503 2575 2558 ἄλλα
2623 2502 2868 2571 ἔχοντας,
2921 2497 3154 2569 ἡσυχίαν
3211 2493 3528 2563 ἀνέχεσθαι,
3571 2490 3733 2542 ἐκεῖνα

2186 2601 2326 2652 ἔστω
2357 2599 2489 2666 ἡμῖν
2540 2592 2901 2664 αἱρετώτερα.
2946 2590 3057 2659 Τὴν
3095 2585 3366 2658 μέλλησιν
3413 2601 3549 2654 φημι
3577 2582 3732 2648 ἔγωγε

2188 2689 2330 2761 μέγα
2363 2688 2460 2758 μὲν
2497 2686 2717 2758 βλάψαι,
2748 2688 2843 2738 καὶ
2873 2683 3100 2744 πολλοὺς
3133 2678 3240 2734 τῶν
3272 2677 3427 2730 κειτᾶ
3459 2676 3553 2744 τὴν
3579 2674 3736 2726 οἰκου-

2190 2787 2380 2854 μένην,
2411 2786 2503 2836 καὶ
2527 2784 2661 2852 ἡμῖν
2685 2782 2741 2831 ἐν
2762 2780 2838 2850 τῷ
2864 2777 3112 2847 παρόντι,
3142 2774 3404 2844 μεγάλ-ην
3421 2773 3465 2805 ⁷ο
3489 2770 3738 2839 ἐπήνεγκε

2189 2877 2417 2948 βλάϐην,
2442 2873 2803 2946 προϊεμένους
2853 2872 2962 2941 τὴν·
3003 2869 3199 2939 ἀρχὴν,
3231 2868 3318 2919 ὅτε
3391 2865 3740 2933 ἐπολιορκεῖτο

2188 2967 2778 3031 Κωνσταντινούπολις,
2809 2963 3080 3034 Ἕλληνάς
3109 2978 3168 3014 τε
3208 2960 3304 3014 καὶ
3362 2959 3629 3027 Ἑλλήνων
3653 2953 3739 3023 βα-

2191 3067 2363 3130 σιλέα,
2405 3064 2499 3132 ἀφ’
2543 3055 2618 3116 ὧν
2673 3060 2742 3114 τά
2786 3077 2846 3111 τε
2902 3057 3145 3128 ἐμπόρια
3185 3055 3314 3125 ἡμῖν
3366 3051 3572 3124 μεγάλα
3599 3044 3741 3116 ἐπῄει

519 3146 644 3187 vere
670 3135 970 3202 poterimus
1008 3140 1226 3206 armati,
1261 3144 1468 3200 ctsatis
1503 3148 1755 3207 instructi
1789 3153 1840 3208 in
1868 3171 2081 3214 omnem

2190 3158 2556 3226 αὐξανόμενα·
2604 3153 2743 3225 μετὰ
2789 3151 2845 3204 δὲ
2888 3145 3453 3220 διαπρεσϐευομένων
3503 3142 3610 3195 τῶν
3654 3139 3741 3191 Πε-

519 3234 802 3292 eventum,
842 3229 1033 3284 sedulo
1076 3233 1435 3292 observantes
1467 3254 1757 3310 quemnam
1796 3250 2083 3305 castrislo-

519 3336 645 3374 cum
681 3323 880 3391 capiat.
910 3325 990 3379 Au
1018 3342 1123 3381 non
1158 3327 1202 3382 is
1230 3344 1328 3398 pro
1356 3331 1513 3389 bosle
1552 3337 1766 3394 tandem
1803 3341 2085 3401 habendus

517 3424 623 3476 cst,
652 3414 742 3481 qui
771 3417 986 3472 insidiis
1015 3422 1289 3491 regionem
1345 3437 1587 3484 nostram
1645 3438 1936 3504 prteripere
1966 3447 2086 3493 ten-

522 3515 623 3568 tat,
650 3516 704 3560 ct
729 3507 943 3564 duobus
966 3510 1050 3566 his
1078 3515 1331 3570 excellit?
1355 3517 1410 3573 Si
1436 3518 1592 3577 felice
1621 3533 1674 3577 et
1703 3541 1959 3598 prospero
1991 3546 2084 3586 rex

521 3609 709 3656 utatur
735 3617 1020 3669 successu,
1067 3607 1323 3666 Barbaris
1368 3614 1614 3674 homines
1636 3621 1864 3677 credunt
1903 3639 1980 3690 se,
2029 3635 2089 3680 ut

521 3695 726 3748 amicos
757 3697 1007 3753 nonnihil
1039 3701 1176 3756 lucri
1201 3702 1325 3759 inde
1358 3717 1753 3778 percepturos:
1785 3714 1868 3768 sin
1903 3725 2085 3771 autem

525 3787 650 3841 mali
706 3789 842 3844 nihil
893 3790 1022 3847 inde
1059 3793 1382 3852 redundarit
1437 3800 1490 3854 in
1552 3802 1842 3860 barbarum
1882 3847 1896 3861 .
1933 3845 1947 3860 .
1976 3849 1992 3865 .
2029 3809 2086 3864 Si

522 3880 705 3949 itaque
736 3883 851 3939 haec
877 3885 1108 3956 reliquis
1163 3894 1544 3960 praestantiora
1594 3907 1742 3961 sunt,
1776 3901 1900 3969 quis
1951 3903 2089 3960 adeo

522 3983 605 4028 cst
642 3989 843 4041 caecus,
890 3986 948 4032 ut
1000 3995 1108 4034 non
1159 3993 1349 4038 cernat
1390 4001 1452 4040 ea
1499 4001 1620 4042 esse
1657 3989 1952 4059 eligenda?
2003 3995 2088 4049 sin

523 4084 723 4129 cmcus,
743 4069 970 4126 meliora
992 4072 1275 4143 habentes,
1311 4079 1547 4146 quietem
1569 4083 1821 4152 amplecti
1853 4097 2092 4155 oportet.

523 4161 617 4215 Illa
648 4179 884 4234 namque
911 4166 1068 4223 nobis
1089 4169 1417 4238 eligibiliora
1441 4172 1649 4242 judico.
1671 4178 2088 4237 Cunctatiouem

524 4256 612 4309 aio
637 4257 868 4312 multum
905 4259 1092 4316 multis
1125 4278 1220 4333 per
1256 4265 1444 4320 orbem
1475 4268 1793 4325 damnosam
1823 4288 1947 4328 esse
1987 4291 2002 4329 :
2038 4283 2093 4331 et

526 4352 682 4407 nobis
707 4353 1000 4424 plurimum
1027 4356 1210 4412 damni
1237 4357 1404 4419 dedit.
1427 4362 1782 4430 prodentibus
1804 4364 2092 4436 imperium

2185 3251 2518 3321 λοποννήσου
2539 3248 2839 3320 ἡγεμόνων,
2867 3244 3007 3299 ὥστε
3029 3244 3288 3314 τιμωρεῖν
3309 3240 3477 3312 σφίσι
3497 3237 3744 3336 πολεμουὶ

2191 3347 2394 3416 μένοις,
2433 3343 2781 3414 περιείδομεν
2831 3340 2933 3409 τήν
2987 3354 3046 3391 τε
3086 3336 3508 3405 Πελοπᾶννησον
3546 3329 3644 3429 ὑπὸ
3676 3329 3745 3429 vti.)

2189 3439 2399 3510 βασιλεῖ
2429 3439 2561 3507 τῷδε
2588 3435 2888 3490 ἀνάστατον
2920 3431 3242 3502 γενομένην.
3274 3430 3318 3482 Κ
3344 3430 3401 3484 αἱ
3431 3429 3554 3499 ἄρτι
3579 3422 3631 3477 δὲ
3665 3422 3744 3474 τοῦ

2199 3511 2472 3604 Ἰλλυριῶν
2503 3529 2770 3601 βασιλέως
2823 3525 3138 3588 κελεύοντος
3183 3522 3426 3593 ἀμύνειν
3469 3517 3631 3587 αὐτῷ,
3667 3512 3748 3567 καὶ

2189 3629 2351 3698 χάριν
2381 3622 2768 3680 κατατίθεσθαι
2803 3620 2863 3673 οὗ
2911 3621 3116 3690 μικρὰν
3144 3621 3242 3688 τῆς
3274 3614 3545 3686 βοηθείας
3575 3611 3746 3664 ἕνεκα.

2191 3719 2539 3791 περιείδομεν
2573 3716 2667 3768 καὶ
2712 3714 2877 3767 αὑτὸν
2905 3711 3278 3780 διαφθαρέντα
3341 3709 3448 3762 ὑπὸ
3489 3703 3745 3773 Τούρκων.

2190 3813 2408 3868 Τούτων
2445 3811 2654 3863 ἕκαστα
2679 3807 2770 3878 ὑφ’
2802 3805 2960 3876 ἡμῶν
2984 3803 3337 3875 προϊεμένων
3368 3798 3631 3871 αἰσχύνην
3664 3791 3749 3860 φί-

2193 3925 2277 3979 ρει
2314 3905 2406 3958 καὶ
2436 3903 2634 3964 ὖνειδος
2665 3903 2721 3964 ἐς
2745 3901 2871 3963 τοὺς
2894 3897 3091 3959 ἄλλους
3117 3895 3246 3957 τοὺς
3275 3896 3432 3948 κατὰ
3456 3895 3554 3961 τὴν
3581 3884 3750 3956 Εύρώο

2191 4015 2322 4071 πην,
2356 3997 2431 4058 ὡς
2456 3993 2564 4048 τῶν
2591 3990 2873 4062 ἐμπορίων
2898 3989 3084 4051 ἕνεκα,
3117 3987 3212 4039 καὶ
3240 3983 3477 4056 αἰσχροῦ
3512 3979 3747 4081 κέρδονξο

2194 4086 2502 4157 προϊέμεθα
2535 4084 2669 4152 γένη
2717 4081 2997 4151 ὁμότροπα
3029 4078 3134 4131 ὑπὸ
3165 4075 3262 4130 τοῦ
3301 4074 3571 4146 βασιλέως
3609 4074 3750 4123 τοῦδε

2192 4180 2543 4250 φθειρόμενα.
2585 4173 2881 4229 Ξυνελόντα
2913 4172 2969 4224 δέ
3009 4172 3083 4234 ὡς
3132 4171 3310 4223 ἔνεστι
3343 4170 3534 4268 φάναι,
3575 4161 3751 4268 εἰμὲν

2191 4275 2304 4336 τοῖς
2334 4270 2562 4326 Παίοσιν
2587 4265 2785 4322 αὐτίκα
2831 4263 3150 4334 συνθέμενοι
3191 4262 3308 4332 ἅμα
3358 4261 3601 4330 πόλεμον
3637 4261 3754 4308 ἀνε-

2193 4364 2434 4434 λώμεθα,
2471 4361 2626 4414 ἐσται
2655 4360 2788 4429 ἡμῖν
2821 4353 3166 4427 καρποῦσθαι
3203 4357 3321 4416 τοῖς
3350 4350 3646 4424 ἡμετέροις
3671 4363 3683 4375 ·
3708 4343 3755 4396 εί

523 4444 744 4500 Graecos
783 4453 836 4500 et
861 4445 1174 4503 Graecorum
1201 4465 1407 4519 regem,
1447 4454 1666 4517 quando
1695 4453 1960 4509 barbarus
2001 4455 2086 4510 in-

2193 4458 2250 4512 δὲ
2285 4455 2602 4525 ἀνεχόμενοι
2649 4448 2885 4521 ἡσυχίαν
2925 4447 3174 4515 ἄγωμεν,
3221 4445 3278 4498 ἐν
3318 4445 3519 4547 βραχεῖ
3570 4434 3759 4547 δψεσθε

528 4535 696 4593 frstos
755 4539 959 4596 arietes
1019 4542 1493 4612 Constantinopoli
1551 4544 1892 4601 admovebat.
1954 4547 2087 4604 Nam

2190 4549 2610 4625 ἀπαρασκεύους
2641 4546 2984 4616 ἐπιθέμενον,
3027 4540 3513 4614 ἅφαιρησομένους
3541 4535 3637 4606 τὴν
3662 4535 3762 4603 χώ-

525 4644 742 4684 merces
779 4639 982 4686 nostrae
1009 4633 1305 4700 plurimum
1339 4635 1408 4688 ab
1433 4634 1636 4690 Graacis
1667 4637 2000 4706 juvabautur
2039 4650 2095 4697 et

525 4722 883 4790 augebantur.
901 4725 1103 4780 Deinde
1123 4727 1551 4797 contempsimus
1571 4739 1625 4786 et
1644 4731 1880 4786 aversati
1907 4747 2099 4789 sumus

525 4829 715 4884 preces
737 4815 934 4871 ducum
968 4816 1582 4890 Peloponnesiacorutn,
1621 4823 1713 4892 qui
1766 4823 2100 4894 impensissi-

525 4908 630 4962 mis
660 4909 913 4978 precibus
943 4911 1207 4966 auxilium
1241 4921 1487 4968 nostrum
1518 4915 1902 4984 implorabant.
1926 4914 2098 4970 Etiam

525 5017 620 5071 per
646 5011 885 5058 nostram
914 5005 1219 5061 socordiam
1246 5007 1479 5062 vidimus
1502 5019 1556 5063 et
1578 5006 2007 5078 Peloponnesum
2030 5009 2100 5065 ab

527 5097 631 5152 isto
676 5113 800 5169 rege
839 5098 1133 5156 devictam.
1175 5098 1360 5172 Nuper
1403 5103 1716 5163 admodum.
1742 5117 1866 5157 cum
1899 5104 2103 5174 Illyrio-

533 5206 652 5244 rum
683 5207 774 5245 rex
810 5202 1057 5248 nostrum
1088 5195 1350 5250 auxilium
1399 5195 1626 5266 supplex
1679 5206 1882 5259 oraret,
1914 5197 2099 5251 et-lati

528 5281 715 5337 auxilii
746 5299 857 5339 non
894 5285 1222 5344 mediocrem
1251 5287 1480 5357 gratiam
1524 5303 1585 5344 se
1624 5289 1921 5344 relaturum
1978 5305 2102 5360 pro-

530 5379 792 5442 mitteret,
849 5393 972 5432 cum
1002 5380 1071 5435 ab
1122 5378 1319 5436 Turcis
1378 5381 1671 5436 crudeliter
1723 5381 1904 5436 necari
1953 5383 2100 5452 passi

533 5485 747 5526 sumus.
782 5471 878 5528 llis
903 5473 1181 5544 sigillatiur
1221 5474 1272 5528 in
1303 5474 1449 5529 hunc
1478 5475 1698 5530 modum
1725 5490 1753 5527 a
1783 5474 1944 5528 nobis
1976 5489 2101 5543 pro-

2195 4667 2313 4723 ραν,
2360 4648 2459 4712 ὅση
2513 4641 2658 4713 αὐτῷ
2710 4642 2911 4709 ὅμορος
2945 4632 3081 4692 οὖσα
3109 4634 3392 4705 τυγχάνει.
3455 4631 3616 4723 Δοκεῖ
3654 4625 3761 4687 οὖν,

2195 4722 2320 4814 ἐμοὶ
2342 4737 2604 4811 πρέσϐεις
2627 4752 2684 4788 τε
2709 4734 2805 4788 ἐπὶ
2831 4730 3075 4824 Παίονας
3101 4730 3368 4824 πέμπεινζ
3391 4725 3491 4824 καὶ
3515 4722 3766 4824 χρήματα

2199 4811 2295 4888 καὶ
2347 4831 2546 4892 αὐτοὺς
2581 4823 2922 4897 πληροῦντας
2955 4820 3091 4889 νῆας
3125 4819 3216 4872 ἐπὶ
3271 4819 3396 4880 ταῖς
3430 4813 3618 4874 οὔσαις
3643 4811 3769 4880 ἡμῖν

2202 4927 2368 4988 ἀλλας
2417 4923 2548 4984 ὅσας
2593 4920 2660 4975 ἂν
2707 4915 3026 4986 δυναίμεθα.
3081 4908 3666 4981 Συμπαραλαμὸἀνειν
3714 4899 3768 4954 δὲ

2201 5022 2297 5074 καὶ
2349 5018 2440 5071 τὸν
2495 5013 2666 5084 μέγαν
2715 5012 2977 5081 ἀρχιερέα
3010 5006 3103 5060 ἐπὶ
3158 5005 3251 5057 τὸν
3301 5002 3570 5099 πόλεμον-
3606 4995 3766 5099 τένδει

2200 5114 2448 5184 ἡγεμόνα
2488 5125 2548 5161 τε
2577 5106 2671 5161 τοῦ
2718 5105 2918 5164 παντὸς
2964 5099 3346 5198 ποιουμένους.
3525 5093 3584 5198 δέ
3622 5093 3774 5198 Πελασ-

2204 5183 2469 5274 πόννησον
2517 5198 2822 5267 ἀποστῆναι
2860 5193 3180 5264 πειρᾶσθαι.
3231 5191 3289 5242 Εἰ
3347 5189 3466 5258 γὰρ
3517 5187 3626 5240 τῶν
3653 5183 3773 5278 ἡγεῖ

2209 5268 2386 5367 μόνων
2412 5293 2489 5362 τῷ
2518 5292 2689 5362 ἑτέρῳ
2718 5286 3049 5356 ἀφεστηκότι
3081 5284 3188 5337 ἀπὸ
3233 5280 3325 5336 τοῦ
3366 5279 3665 5350 βασιλέως,
3685 5268 3775 5354 καὶ

2214 5388 2448 5458 μετρίως
2482 5384 2659 5454 ἔχοντι
2715 5381 2856 5448 βίου,
2895 5380 3210 5434 συνείποντο
3244 5377 3298 5439 ἐς
3339 5375 3451 5442 τὴν
3485 5373 3778 5466 ἀπόστασιν

2211 5477 2457 5539 ἐλθόντες
2507 5476 2554 5528 οἱ
2606 5468 3126 5541 Πε).οποννήσιοι,οί
3186 5467 3281 5536 μὲν
3331 5462 3658 5520 ἐκλιπόντες
3688 5467 3780 5522 την

1823 5613 2070 5677 Νοιυιω
2116 5612 2520 5693 marginales.

1695 5693 1715 5721 Ι

608 5747 651 5776 ⁵⁷
699 5747 1150 5816 ’.ὶςαιρούμενςν⁸
1186 5747 1249 5801 li.
1281 5760 1333 5800 ut
1371 5749 1420 5800 in
1444 5764 1491 5800 τ.
1561 5746 1603 5774 ⁸⁸
1643 5741 2028 5814 Στρατεύεται.
2060 5741 2119 5796 Π.
2157 5741 2293 5816 utin
2320 5742 2774 5816 c._i;7:z_t_90)gté‘/c's
2812 5738 2972 5794 αὖτιῦ
3003 5739 3096 5809 ἀφ.

3196 5737 3237 5767 δι’
3267 5729 3368 5785 llic
3395 5742 3574 5798 pauca
3613 5723 3786 5777 duas:

535 5811 797 5875 titleutur.
829 5811 894 5872 Ιξ.
934 5811 1063 5873 utin
1102 5836 1149 5872 c.
1195 5819 1487 5890 αἱρεῖσθαι.
1523 5811 1727 5871 ταῦτα(
1792 5815 2090 5882 "in:va

2191 5812 2277 5867 Sic
2312 5811 2470 5866 ctiam
2499 5812 2558 5868 li.
