  <div class='ocr_page' id='page_1' title='image "/cluster/home/n/w/nwhite01/storage/ocr_20150623/159/hvd.32044073502684/316.png"; bbox 0 0 4026 6204; ppageno 0'>
   <div class='ocr_carea' id='block_1_1' title="bbox 240 327 329 393">
    <p class='ocr_par' dir='ltr' id='par_1_1' title="bbox 240 327 329 393">
     <span class='ocr_line' id='line_1_1' title="bbox 240 327 329 393; baseline -0.022 0"><span class='ocrx_word' id='word_1_1' title='bbox 240 327 329 393; x_wconf 67' lang='grc' dir='ltr'><strong>ειι</strong></span> 
     </span>
    </p>
   </div>
   <div class='ocr_carea' id='block_1_2' title="bbox 1328 324 2417 389">
    <p class='ocr_par' dir='ltr' id='par_1_2' title="bbox 1328 324 2417 389">
     <span class='ocr_line' id='line_1_2' title="bbox 1328 324 2417 389; baseline 0.002 -2"><span class='ocrx_word' id='word_1_2' title='bbox 1328 324 1438 387; x_wconf 77' lang='grc' dir='ltr'><strong>ΒΕ</strong></span> <span class='ocrx_word' id='word_1_3' title='bbox 1482 324 1729 386; x_wconf 81' lang='lat' dir='ltr'><strong>REBUS</strong></span> <span class='ocrx_word' id='word_1_4' title='bbox 1765 324 2120 386; x_wconf 79' lang='lat' dir='ltr'><strong>TURCICIS</strong></span> <span class='ocrx_word' id='word_1_5' title='bbox 2159 325 2305 389; x_wconf 80' lang='lat' dir='ltr'><strong>LIB.</strong></span> <span class='ocrx_word' id='word_1_6' title='bbox 2346 328 2417 389; x_wconf 73' lang='grc' dir='ltr'><strong>Χ.</strong></span> 
     </span>
    </p>
   </div>
   <div class='ocr_carea' id='block_1_3' title="bbox 3356 326 3463 391">
    <p class='ocr_par' dir='ltr' id='par_1_3' title="bbox 3356 326 3463 391">
     <span class='ocr_line' id='line_1_3' title="bbox 3356 326 3463 391; baseline -0.019 0"><span class='ocrx_word' id='word_1_7' title='bbox 3356 326 3463 391; x_wconf 78' lang='grc'><strong>542</strong></span> 
     </span>
    </p>
   </div>
   <div class='ocr_carea' id='block_1_4' title="bbox 239 440 1815 514">
    <p class='ocr_par' dir='ltr' id='par_1_4' title="bbox 239 440 1793 513">
     <span class='ocr_line' id='line_1_4' title="bbox 239 440 1793 513; baseline -0.004 -13"><span class='ocrx_word' id='word_1_8' title='bbox 239 446 491 503; x_wconf 74' lang='grc' dir='ltr'>πόλιν,.οί</span> <span class='ocrx_word' id='word_1_9' title='bbox 526 445 579 498; x_wconf 77' lang='grc' dir='ltr'><strong>δὲ</strong></span> <span class='ocrx_word' id='word_1_10' title='bbox 633 446 689 508; x_wconf 80' lang='grc' dir='ltr'>ἐς</span> <span class='ocrx_word' id='word_1_11' title='bbox 737 447 843 499; x_wconf 73' lang='grc' dir='ltr'><strong>πᾶν</strong></span> <span class='ocrx_word' id='word_1_12' title='bbox 895 445 987 499; x_wconf 77' lang='grc' dir='ltr'>τοῦ</span> <span class='ocrx_word' id='word_1_13' title='bbox 1042 440 1212 499; x_wconf 80' lang='grc' dir='ltr'>κακοῦ</span> <span class='ocrx_word' id='word_1_14' title='bbox 1248 442 1587 513; x_wconf 69' lang='grc' dir='ltr'>ἀφικόμενοι,</span> <span class='ocrx_word' id='word_1_15' title='bbox 1617 440 1793 512; x_wconf 80' lang='grc' dir='ltr'><strong>πολλῷ</strong></span> 
     </span>
    </p>
   </div>
   <div class='ocr_carea' id='block_1_5' title="bbox 1917 440 3461 514">
    <p class='ocr_par' dir='ltr' id='par_1_5' title="bbox 1917 440 3461 514">
     <span class='ocr_line' id='line_1_5' title="bbox 1917 440 3461 514; baseline 0.001 -17"><span class='ocrx_word' id='word_1_16' title='bbox 1917 443 2046 506; x_wconf 90' lang='lat' dir='ltr'><strong>litis,</strong></span> <span class='ocrx_word' id='word_1_17' title='bbox 2077 459 2182 497; x_wconf 88' lang='lat' dir='ltr'><strong>non</strong></span> <span class='ocrx_word' id='word_1_18' title='bbox 2234 459 2524 513; x_wconf 86' lang='lat' dir='ltr'><strong>possumus</strong></span> <span class='ocrx_word' id='word_1_19' title='bbox 2562 440 2841 497; x_wconf 79' lang='lat' dir='ltr'><strong>infamiam</strong></span> <span class='ocrx_word' id='word_1_20' title='bbox 2906 441 3047 512; x_wconf 90' lang='lat' dir='ltr'><strong>apud</strong></span> <span class='ocrx_word' id='word_1_21' title='bbox 3095 442 3331 513; x_wconf 86' lang='lat' dir='ltr'><strong>reliquas</strong></span> <span class='ocrx_word' id='word_1_22' title='bbox 3366 462 3461 514; x_wconf 86' lang='lat' dir='ltr'><strong>per</strong></span> 
     </span>
    </p>
   </div>
   <div class='ocr_carea' id='block_1_6' title="bbox 239 533 1794 607">
    <p class='ocr_par' dir='ltr' id='par_1_6' title="bbox 239 533 1794 607">
     <span class='ocr_line' id='line_1_6' title="bbox 239 533 1794 607; baseline -0.003 -17"><span class='ocrx_word' id='word_1_23' title='bbox 239 538 299 590; x_wconf 71' lang='grc' dir='ltr'>ἂι</span> <span class='ocrx_word' id='word_1_24' title='bbox 332 536 534 607; x_wconf 77' lang='grc' dir='ltr'>μᾶλλον</span> <span class='ocrx_word' id='word_1_25' title='bbox 573 537 791 589; x_wconf 71' lang='grc' dir='ltr'>ἕποιντο</span> <span class='ocrx_word' id='word_1_26' title='bbox 818 536 1050 607; x_wconf 76' lang='grc' dir='ltr'>δύναμίν</span> <span class='ocrx_word' id='word_1_27' title='bbox 1095 553 1155 589; x_wconf 88' lang='grc' dir='ltr'><strong>τε</strong></span> <span class='ocrx_word' id='word_1_28' title='bbox 1192 534 1456 606; x_wconf 84' lang='grc' dir='ltr'><strong>ἀξιόχρεω</strong></span> <span class='ocrx_word' id='word_1_29' title='bbox 1484 534 1572 586; x_wconf 76' lang='grc' dir='ltr'><strong>διὰ</strong></span> <span class='ocrx_word' id='word_1_30' title='bbox 1604 533 1794 587; x_wconf 81' lang='grc' dir='ltr'>θαλάτ-</span> 
     </span>
    </p>
   </div>
   <div class='ocr_carea' id='block_1_7' title="bbox 236 626 1796 699">
    <p class='ocr_par' dir='ltr' id='par_1_7' title="bbox 236 626 1796 699">
     <span class='ocr_line' id='line_1_7' title="bbox 236 626 1796 699; baseline -0.001 -19"><span class='ocrx_word' id='word_1_31' title='bbox 236 648 329 695; x_wconf 74' lang='grc' dir='ltr'>της</span> <span class='ocrx_word' id='word_1_32' title='bbox 373 628 625 696; x_wconf 77' lang='grc' dir='ltr'>ὁρῶντες,</span> <span class='ocrx_word' id='word_1_33' title='bbox 658 628 753 681; x_wconf 76' lang='grc' dir='ltr'>καὶ</span> <span class='ocrx_word' id='word_1_34' title='bbox 775 629 896 681; x_wconf 80' lang='grc' dir='ltr'>κατ’</span> <span class='ocrx_word' id='word_1_35' title='bbox 925 630 1148 699; x_wconf 75' lang='grc' dir='ltr'>ἦπειρον</span> <span class='ocrx_word' id='word_1_36' title='bbox 1174 627 1417 696; x_wconf 75' lang='grc' dir='ltr'><strong>κομίζειν</strong></span> <span class='ocrx_word' id='word_1_37' title='bbox 1448 626 1555 679; x_wconf 82' lang='grc' dir='ltr'><strong>τῶν</strong></span> <span class='ocrx_word' id='word_1_38' title='bbox 1583 626 1796 679; x_wconf 79' lang='grc' dir='ltr'><strong>ἱππέων</strong></span> 
     </span>
    </p>
   </div>
   <div class='ocr_carea' id='block_1_8' title="bbox 237 720 1796 791">
    <p class='ocr_par' dir='ltr' id='par_1_8' title="bbox 237 720 1796 791">
     <span class='ocr_line' id='line_1_8' title="bbox 237 720 1796 791; baseline 0 -18"><span class='ocrx_word' id='word_1_39' title='bbox 237 724 457 787; x_wconf 78' lang='grc' dir='ltr'><strong>ὁπλίτας</strong></span> <span class='ocrx_word' id='word_1_40' title='bbox 478 724 581 775; x_wconf 81' lang='grc' dir='ltr'>τῶν</span> <span class='ocrx_word' id='word_1_41' title='bbox 628 722 906 775; x_wconf 78' lang='grc' dir='ltr'><strong>Ἰταλικῶν</strong></span> <span class='ocrx_word' id='word_1_42' title='bbox 935 724 989 784; x_wconf 75' lang='grc' dir='ltr'>ἐς</span> <span class='ocrx_word' id='word_1_43' title='bbox 1020 722 1334 791; x_wconf 77' lang='grc' dir='ltr'><strong>δισχιλίους.</strong></span> <span class='ocrx_word' id='word_1_44' title='bbox 1372 721 1689 790; x_wconf 69' lang='grc' dir='ltr'>Πέμπεσθαι</span> <span class='ocrx_word' id='word_1_45' title='bbox 1737 720 1796 773; x_wconf 73' lang='grc' dir='ltr'><strong>δὲ</strong></span> 
     </span>
    </p>
   </div>
   <div class='ocr_carea' id='block_1_9' title="bbox 240 812 1796 882">
    <p class='ocr_par' dir='ltr' id='par_1_9' title="bbox 240 812 1796 882">
     <span class='ocr_line' id='line_1_9' title="bbox 240 812 1796 882; baseline -0.001 -17"><span class='ocrx_word' id='word_1_46' title='bbox 240 816 294 876; x_wconf 74' lang='grc' dir='ltr'>ἐς</span> <span class='ocrx_word' id='word_1_47' title='bbox 324 815 729 881; x_wconf 77' lang='grc' dir='ltr'>Πελοπόννησον</span> <span class='ocrx_word' id='word_1_48' title='bbox 764 814 860 866; x_wconf 67' lang='grc' dir='ltr'>καὶ</span> <span class='ocrx_word' id='word_1_49' title='bbox 902 815 1025 876; x_wconf 73' lang='grc' dir='ltr'>τοὺς</span> <span class='ocrx_word' id='word_1_50' title='bbox 1070 817 1125 866; x_wconf 80' lang='grc' dir='ltr'>ὲν</span> <span class='ocrx_word' id='word_1_51' title='bbox 1154 816 1266 875; x_wconf 78' lang='grc' dir='ltr'>τοῖς</span> <span class='ocrx_word' id='word_1_52' title='bbox 1305 813 1615 882; x_wconf 67' lang='grc' dir='ltr'>ἐγκλήμασι</span> <span class='ocrx_word' id='word_1_53' title='bbox 1648 812 1796 882; x_wconf 80' lang='grc' dir='ltr'><strong>Κρῆ-</strong></span> 
     </span>
    </p>
   </div>
   <div class='ocr_carea' id='block_1_10' title="bbox 242 905 1797 976">
    <p class='ocr_par' dir='ltr' id='par_1_10' title="bbox 242 905 1797 976">
     <span class='ocr_line' id='line_1_10' title="bbox 242 905 1797 976; baseline -0.001 -17"><span class='ocrx_word' id='word_1_54' title='bbox 242 925 336 968; x_wconf 86' lang='grc' dir='ltr'><strong>τας</strong></span> <span class='ocrx_word' id='word_1_55' title='bbox 369 908 459 959; x_wconf 70' lang='grc' dir='ltr'><strong>ἐπὶ</strong></span> <span class='ocrx_word' id='word_1_56' title='bbox 494 906 732 960; x_wconf 71' lang='grc' dir='ltr'>διαλύσει</span> <span class='ocrx_word' id='word_1_57' title='bbox 764 905 869 957; x_wconf 84' lang='grc' dir='ltr'>τῶν</span> <span class='ocrx_word' id='word_1_58' title='bbox 920 906 1297 976; x_wconf 76' lang='grc' dir='ltr'><strong>ἐγκλημάτων.</strong></span> <span class='ocrx_word' id='word_1_59' title='bbox 1340 905 1521 959; x_wconf 83' lang='grc' dir='ltr'>Ταῦτα</span> <span class='ocrx_word' id='word_1_60' title='bbox 1555 905 1612 957; x_wconf 77' lang='grc' dir='ltr'><strong>δὲ</strong></span> <span class='ocrx_word' id='word_1_61' title='bbox 1662 905 1797 958; x_wconf 79' lang='grc' dir='ltr'><strong>ἐπᾶ-</strong></span> 
     </span>
    </p>
   </div>
   <div class='ocr_carea' id='block_1_11' title="bbox 245 997 1800 1067">
    <p class='ocr_par' dir='ltr' id='par_1_11' title="bbox 245 997 1800 1067">
     <span class='ocr_line' id='line_1_11' title="bbox 245 997 1800 1067; baseline -0.001 -16"><span class='ocrx_word' id='word_1_62' title='bbox 245 1017 439 1067; x_wconf 66' lang='grc' dir='ltr'>γοντας</span> <span class='ocrx_word' id='word_1_63' title='bbox 472 1000 613 1067; x_wconf 76' lang='grc' dir='ltr'>ὑμᾶς</span> <span class='ocrx_word' id='word_1_64' title='bbox 636 998 866 1067; x_wconf 74' lang='grc' dir='ltr'>ὁρῶντες</span> <span class='ocrx_word' id='word_1_65' title='bbox 894 997 1112 1066; x_wconf 59' lang='lat' dir='ltr'><strong>Bal/avni</strong></span> <span class='ocrx_word' id='word_1_66' title='bbox 1142 1015 1201 1051; x_wconf 87' lang='grc' dir='ltr'><strong>τε</strong></span> <span class='ocrx_word' id='word_1_67' title='bbox 1258 998 1478 1061; x_wconf 78' lang='grc' dir='ltr'>αὐτίκα,</span> <span class='ocrx_word' id='word_1_68' title='bbox 1514 998 1605 1049; x_wconf 71' lang='grc' dir='ltr'>καὶ</span> <span class='ocrx_word' id='word_1_69' title='bbox 1636 1013 1800 1067; x_wconf 86' lang='grc' dir='ltr'>μετα-</span> 
     </span>
    </p>
   </div>
   <div class='ocr_carea' id='block_1_12' title="bbox 248 1086 1801 1159">
    <p class='ocr_par' dir='ltr' id='par_1_12' title="bbox 248 1086 1801 1159">
     <span class='ocr_line' id='line_1_12' title="bbox 248 1086 1801 1159; baseline -0.004 -15"><span class='ocrx_word' id='word_1_70' title='bbox 248 1093 471 1153; x_wconf 77' lang='grc' dir='ltr'><strong>στάντες</strong></span> <span class='ocrx_word' id='word_1_71' title='bbox 522 1092 607 1158; x_wconf 80' lang='grc' dir='ltr'><strong>ὲφ⁹</strong></span> <span class='ocrx_word' id='word_1_72' title='bbox 648 1090 814 1159; x_wconf 71' lang='grc' dir='ltr'>ἡμᾶς,</span> <span class='ocrx_word' id='word_1_73' title='bbox 848 1088 1175 1157; x_wconf 72' lang='grc' dir='ltr'><strong>παρέξουσιν</strong></span> <span class='ocrx_word' id='word_1_74' title='bbox 1223 1088 1534 1157; x_wconf 83' lang='grc' dir='ltr'>ὑποχείριον</span> <span class='ocrx_word' id='word_1_75' title='bbox 1568 1086 1665 1156; x_wconf 75' lang='grc' dir='ltr'>τὴν</span> <span class='ocrx_word' id='word_1_76' title='bbox 1698 1088 1801 1139; x_wconf 84' lang='grc' dir='ltr'><strong>Πε-</strong></span> 
     </span>
    </p>
   </div>
   <div class='ocr_carea' id='block_1_13' title="bbox 246 1172 1796 1249">
    <p class='ocr_par' dir='ltr' id='par_1_13' title="bbox 246 1172 1796 1249">
     <span class='ocr_line' id='line_1_13' title="bbox 246 1172 1796 1249; baseline -0.002 -17"><span class='ocrx_word' id='word_1_77' title='bbox 246 1183 596 1249; x_wconf 74' lang='grc' dir='ltr'>λοπόννησον.</span> <span class='ocrx_word' id='word_1_78' title='bbox 656 1182 771 1248; x_wconf 69' lang='grc' dir='ltr'><strong>Ἀφ’</strong></span> <span class='ocrx_word' id='word_1_79' title='bbox 825 1172 890 1249; x_wconf 77' lang='grc' dir='ltr'>ἦς</span> <span class='ocrx_word' id='word_1_80' title='bbox 940 1178 1092 1231; x_wconf 73' lang='grc' dir='ltr'>ἔσται</span> <span class='ocrx_word' id='word_1_81' title='bbox 1153 1180 1282 1248; x_wconf 84' lang='grc' dir='ltr'><strong>ἡμῖν</strong></span> <span class='ocrx_word' id='word_1_82' title='bbox 1339 1177 1697 1247; x_wconf 68' lang='grc' dir='ltr'><strong>ταμιεύεσθαι</strong></span> <span class='ocrx_word' id='word_1_83' title='bbox 1731 1180 1796 1246; x_wconf 78' lang='grc' dir='ltr'>τῇ</span> 
     </span>
    </p>
   </div>
   <div class='ocr_carea' id='block_1_14' title="bbox 252 1269 1801 1343">
    <p class='ocr_par' dir='ltr' id='par_1_14' title="bbox 252 1269 1801 1343">
     <span class='ocr_line' id='line_1_14' title="bbox 252 1269 1801 1343; baseline -0.002 -17"><span class='ocrx_word' id='word_1_84' title='bbox 252 1277 453 1327; x_wconf 65' lang='grc' dir='ltr'>ἐκείνου</span> <span class='ocrx_word' id='word_1_85' title='bbox 470 1273 637 1343; x_wconf 72' lang='grc' dir='ltr'>χώρα,</span> <span class='ocrx_word' id='word_1_86' title='bbox 658 1274 750 1325; x_wconf 76' lang='grc' dir='ltr'>καὶ</span> <span class='ocrx_word' id='word_1_87' title='bbox 769 1272 973 1324; x_wconf 76' lang='grc' dir='ltr'>εἴσοδον</span> <span class='ocrx_word' id='word_1_88' title='bbox 996 1270 1184 1341; x_wconf 78' lang='grc' dir='ltr'>ἱκανὴν</span> <span class='ocrx_word' id='word_1_89' title='bbox 1210 1271 1597 1340; x_wconf 53' lang='grc' dir='ltr'>ἀπορέρεσθαι.</span> <span class='ocrx_word' id='word_1_90' title='bbox 1617 1269 1801 1323; x_wconf 78' lang='grc' dir='ltr'>Ταῦτα</span> 
     </span>
    </p>
   </div>
   <div class='ocr_carea' id='block_1_15' title="bbox 249 1361 1797 1432">
    <p class='ocr_par' dir='ltr' id='par_1_15' title="bbox 249 1361 1797 1432">
     <span class='ocr_line' id='line_1_15' title="bbox 249 1361 1797 1432; baseline -0.003 -13"><span class='ocrx_word' id='word_1_91' title='bbox 249 1368 303 1419; x_wconf 72' lang='grc' dir='ltr'>δέ</span> <span class='ocrx_word' id='word_1_92' title='bbox 345 1366 697 1432; x_wconf 66' lang='grc' dir='ltr'><strong>συνθεμένους</strong></span> <span class='ocrx_word' id='word_1_93' title='bbox 730 1367 839 1425; x_wconf 67' lang='grc' dir='ltr'>τοῖς</span> <span class='ocrx_word' id='word_1_94' title='bbox 874 1366 1119 1425; x_wconf 85' lang='grc' dir='ltr'>Παίοσιν.</span> <span class='ocrx_word' id='word_1_95' title='bbox 1165 1363 1404 1425; x_wconf 72' lang='grc' dir='ltr'>ἐκείνους</span> <span class='ocrx_word' id='word_1_96' title='bbox 1428 1364 1525 1432; x_wconf 73' lang='grc' dir='ltr'>μὲν</span> <span class='ocrx_word' id='word_1_97' title='bbox 1568 1364 1673 1415; x_wconf 66' lang='grc' dir='ltr'><strong>ἀπὸ</strong></span> <span class='ocrx_word' id='word_1_98' title='bbox 1703 1361 1797 1415; x_wconf 79' lang='grc' dir='ltr'>τοῦ</span> 
     </span>
    </p>
   </div>
   <div class='ocr_carea' id='block_1_16' title="bbox 255 1456 1799 1528">
    <p class='ocr_par' dir='ltr' id='par_1_16' title="bbox 255 1456 1799 1528">
     <span class='ocr_line' id='line_1_16' title="bbox 255 1456 1799 1528; baseline -0.002 -17"><span class='ocrx_word' id='word_1_99' title='bbox 255 1461 481 1527; x_wconf 72' lang='grc' dir='ltr'>Ἱςτρου,</span> <span class='ocrx_word' id='word_1_100' title='bbox 507 1459 655 1528; x_wconf 69' lang='grc' dir='ltr'><strong>ἡμᾶς</strong></span> <span class='ocrx_word' id='word_1_101' title='bbox 687 1457 743 1509; x_wconf 71' lang='grc' dir='ltr'><strong>δὲ</strong></span> <span class='ocrx_word' id='word_1_102' title='bbox 794 1458 900 1510; x_wconf 75' lang='grc' dir='ltr'><strong>ἀπὸ</strong></span> <span class='ocrx_word' id='word_1_103' title='bbox 944 1457 1043 1524; x_wconf 78' lang='grc' dir='ltr'>τῆς</span> <span class='ocrx_word' id='word_1_104' title='bbox 1081 1456 1489 1527; x_wconf 75' lang='grc' dir='ltr'>Πελοποννήσου</span> <span class='ocrx_word' id='word_1_105' title='bbox 1532 1456 1799 1526; x_wconf 77' lang='grc' dir='ltr'><strong>ὼρμημὲο</strong></span> 
     </span>
    </p>
   </div>
   <div class='ocr_carea' id='block_1_17' title="bbox 253 1548 1801 1619">
    <p class='ocr_par' dir='ltr' id='par_1_17' title="bbox 253 1548 1801 1619">
     <span class='ocr_line' id='line_1_17' title="bbox 253 1548 1801 1619; baseline -0.001 -18"><span class='ocrx_word' id='word_1_106' title='bbox 253 1567 388 1609; x_wconf 74' lang='grc' dir='ltr'>νους,</span> <span class='ocrx_word' id='word_1_107' title='bbox 422 1551 719 1617; x_wconf 78' lang='grc' dir='ltr'>ἐπιχειρεῖν</span> <span class='ocrx_word' id='word_1_108' title='bbox 747 1552 809 1619; x_wconf 80' lang='grc' dir='ltr'>τῇ</span> <span class='ocrx_word' id='word_1_109' title='bbox 848 1550 1054 1601; x_wconf 77' lang='grc' dir='ltr'>ἐκείνου</span> <span class='ocrx_word' id='word_1_110' title='bbox 1103 1550 1267 1618; x_wconf 79' lang='grc' dir='ltr'>ἀρχῇ.</span> <span class='ocrx_word' id='word_1_111' title='bbox 1328 1550 1435 1601; x_wconf 76' lang='grc' dir='ltr'><strong>Καὶ</strong></span> <span class='ocrx_word' id='word_1_112' title='bbox 1470 1549 1545 1619; x_wconf 81' lang='grc' dir='ltr'><strong>μὴ</strong></span> <span class='ocrx_word' id='word_1_113' title='bbox 1574 1548 1801 1613; x_wconf 79' lang='grc' dir='ltr'>καθεζο-</span> 
     </span>
    </p>
   </div>
   <div class='ocr_carea' id='block_1_18' title="bbox 258 1639 1800 1713">
    <p class='ocr_par' dir='ltr' id='par_1_18' title="bbox 258 1639 1800 1713">
     <span class='ocr_line' id='line_1_18' title="bbox 258 1639 1800 1713; baseline 0.002 -24"><span class='ocrx_word' id='word_1_114' title='bbox 258 1639 436 1711; x_wconf 52' lang='grc' dir='ltr'>μένους</span> <span class='ocrx_word' id='word_1_115' title='bbox 469 1644 736 1712; x_wconf 61' lang='grc' dir='ltr'>περιορᾷ]</span> <span class='ocrx_word' id='word_1_116' title='bbox 772 1642 868 1711; x_wconf 83' lang='grc' dir='ltr'>τὴν</span> <span class='ocrx_word' id='word_1_117' title='bbox 906 1640 1087 1711; x_wconf 82' lang='grc' dir='ltr'>χώραν</span> <span class='ocrx_word' id='word_1_118' title='bbox 1138 1640 1292 1711; x_wconf 75' lang='grc' dir='ltr'>ἡμῶν</span> <span class='ocrx_word' id='word_1_119' title='bbox 1344 1641 1668 1713; x_wconf 69' lang='grc' dir='ltr'>δῃουμένην,</span> <span class='ocrx_word' id='word_1_120' title='bbox 1706 1642 1800 1694; x_wconf 74' lang='grc' dir='ltr'>καὶ</span> 
     </span>
    </p>
   </div>
   <div class='ocr_carea' id='block_1_19' title="bbox 257 1735 1795 1806">
    <p class='ocr_par' dir='ltr' id='par_1_19' title="bbox 257 1735 1795 1806">
     <span class='ocr_line' id='line_1_19' title="bbox 257 1735 1795 1806; baseline 0.002 -21"><span class='ocrx_word' id='word_1_121' title='bbox 257 1735 312 1797; x_wconf 71' lang='grc' dir='ltr'>ἐς</span> <span class='ocrx_word' id='word_1_122' title='bbox 341 1735 765 1803; x_wconf 68' lang='grc' dir='ltr'>ἀνδραποδισμῖν</span> <span class='ocrx_word' id='word_1_123' title='bbox 792 1739 913 1800; x_wconf 78' lang='grc' dir='ltr'>τοὺς</span> <span class='ocrx_word' id='word_1_124' title='bbox 968 1737 1242 1805; x_wconf 77' lang='grc' dir='ltr'><strong>ὑπηκόους</strong></span> <span class='ocrx_word' id='word_1_125' title='bbox 1282 1737 1439 1806; x_wconf 81' lang='grc' dir='ltr'>ἡμῶν</span> <span class='ocrx_word' id='word_1_126' title='bbox 1472 1736 1795 1805; x_wconf 78' lang='grc' dir='ltr'>ἀγομένους,</span> 
     </span>
    </p>
   </div>
   <div class='ocr_carea' id='block_1_20' title="bbox 262 1830 1798 1901">
    <p class='ocr_par' dir='ltr' id='par_1_20' title="bbox 262 1830 1798 1901">
     <span class='ocr_line' id='line_1_20' title="bbox 262 1830 1798 1901; baseline 0.003 -21"><span class='ocrx_word' id='word_1_127' title='bbox 262 1830 663 1897; x_wconf 72' lang='grc' dir='ltr'>ἀναγκασθῆναί</span> <span class='ocrx_word' id='word_1_128' title='bbox 696 1848 827 1883; x_wconf 88' lang='grc' dir='ltr'>ποτε</span> <span class='ocrx_word' id='word_1_129' title='bbox 866 1831 1079 1883; x_wconf 75' lang='grc' dir='ltr'><strong>ἑλέσθαι</strong></span> <span class='ocrx_word' id='word_1_130' title='bbox 1106 1833 1288 1899; x_wconf 67' lang='grc' dir='ltr'>σφίσιν</span> <span class='ocrx_word' id='word_1_131' title='bbox 1320 1832 1527 1901; x_wconf 76' lang='grc' dir='ltr'>αἵρεσίν</span> <span class='ocrx_word' id='word_1_132' title='bbox 1560 1850 1679 1885; x_wconf 89' lang='grc' dir='ltr'>τινα</span> <span class='ocrx_word' id='word_1_133' title='bbox 1705 1832 1798 1886; x_wconf 74' lang='grc' dir='ltr'><strong>ἄλ-</strong></span> 
     </span>
    </p>
   </div>
   <div class='ocr_carea' id='block_1_21' title="bbox 264 1917 1261 1990">
    <p class='ocr_par' dir='ltr' id='par_1_21' title="bbox 264 1917 1261 1990">
     <span class='ocr_line' id='line_1_21' title="bbox 264 1917 1261 1990; baseline 0.006 -22"><span class='ocrx_word' id='word_1_134' title='bbox 264 1917 381 1986; x_wconf 81' lang='grc' dir='ltr'>λην,</span> <span class='ocrx_word' id='word_1_135' title='bbox 406 1921 764 1987; x_wconf 63' lang='grc' dir='ltr'>τρεπομένους</span> <span class='ocrx_word' id='word_1_136' title='bbox 794 1922 853 1982; x_wconf 80' lang='grc' dir='ltr'>ἐς</span> <span class='ocrx_word' id='word_1_137' title='bbox 881 1921 970 1974; x_wconf 70' lang='grc' dir='ltr'>τὸν</span> <span class='ocrx_word' id='word_1_138' title='bbox 1003 1922 1261 1990; x_wconf 82' lang='grc' dir='ltr'>πόλεμον.</span> 
     </span>
    </p>
   </div>
   <div class='ocr_carea' id='block_1_22' title="bbox 1897 536 3461 607">
    <p class='ocr_par' dir='ltr' id='par_1_22' title="bbox 1897 536 3461 607">
     <span class='ocr_line' id='line_1_22' title="bbox 1897 536 3461 607; baseline 0 -16"><span class='ocrx_word' id='word_1_139' title='bbox 1897 537 2169 606; x_wconf 80' lang='lat' dir='ltr'><strong>Europam</strong></span> <span class='ocrx_word' id='word_1_140' title='bbox 2204 547 2391 607; x_wconf 83' lang='lat' dir='ltr'><strong>gentes</strong></span> <span class='ocrx_word' id='word_1_141' title='bbox 2417 536 2673 606; x_wconf 63' lang='lat' dir='ltr'><strong>effugere,</strong></span> <span class='ocrx_word' id='word_1_142' title='bbox 2703 536 2835 607; x_wconf 90' lang='lat' dir='ltr'><strong>quin</strong></span> <span class='ocrx_word' id='word_1_143' title='bbox 2863 536 3067 602; x_wconf 83' lang='lat' dir='ltr'><strong>dicant,</strong></span> <span class='ocrx_word' id='word_1_144' title='bbox 3104 551 3204 591; x_wconf 91' lang='lat' dir='ltr'><strong>nos</strong></span> <span class='ocrx_word' id='word_1_145' title='bbox 3248 553 3461 592; x_wconf 88' lang='lat' dir='ltr'><strong>merea-</strong></span> 
     </span>
    </p>
   </div>
   <div class='ocr_carea' id='block_1_23' title="bbox 1897 628 3460 697">
    <p class='ocr_par' dir='ltr' id='par_1_23' title="bbox 1897 628 3460 697">
     <span class='ocr_line' id='line_1_23' title="bbox 1897 628 3460 697; baseline 0 -15"><span class='ocrx_word' id='word_1_146' title='bbox 1897 638 2032 682; x_wconf 69' lang='lat' dir='ltr'><strong>tura:</strong></span> <span class='ocrx_word' id='word_1_147' title='bbox 2052 639 2105 683; x_wconf 84' lang='lat' dir='ltr'><strong>et</strong></span> <span class='ocrx_word' id='word_1_148' title='bbox 2150 630 2324 697; x_wconf 91' lang='lat' dir='ltr'><strong>turpis</strong></span> <span class='ocrx_word' id='word_1_149' title='bbox 2385 629 2521 683; x_wconf 90' lang='lat' dir='ltr'><strong>lucri</strong></span> <span class='ocrx_word' id='word_1_150' title='bbox 2554 630 2741 682; x_wconf 79' lang='lat' dir='ltr'><strong>avidos</strong></span> <span class='ocrx_word' id='word_1_151' title='bbox 2785 628 3087 697; x_wconf 78' lang='lat' dir='ltr'><strong>neglexisse</strong></span> <span class='ocrx_word' id='word_1_152' title='bbox 3125 638 3312 695; x_wconf 77' lang='lat' dir='ltr'><strong>gentes</strong></span> <span class='ocrx_word' id='word_1_153' title='bbox 3366 644 3460 682; x_wconf 87' lang='lat' dir='ltr'><strong>eo-</strong></span> 
     </span>
    </p>
   </div>
   <div class='ocr_carea' id='block_1_24' title="bbox 1900 719 3457 789">
    <p class='ocr_par' dir='ltr' id='par_1_24' title="bbox 1900 719 3457 789">
     <span class='ocr_line' id='line_1_24' title="bbox 1900 719 3457 789; baseline 0 -16"><span class='ocrx_word' id='word_1_154' title='bbox 1900 720 2146 774; x_wconf 88' lang='lat' dir='ltr'><strong>rumdem</strong></span> <span class='ocrx_word' id='word_1_155' title='bbox 2177 720 2463 775; x_wconf 87' lang='lat' dir='ltr'><strong>nobiscum</strong></span> <span class='ocrx_word' id='word_1_156' title='bbox 2490 735 2727 785; x_wconf 85' lang='lat' dir='ltr'><strong>morum,</strong></span> <span class='ocrx_word' id='word_1_157' title='bbox 2747 719 3099 788; x_wconf 85' lang='lat' dir='ltr'><strong>ejusdemque</strong></span> <span class='ocrx_word' id='word_1_158' title='bbox 3128 719 3409 789; x_wconf 75' lang='lat' dir='ltr'><strong>religionis</strong></span> <span class='ocrx_word' id='word_1_159' title='bbox 3441 736 3457 773; x_wconf 89' lang='lat'><strong>:</strong></span> 
     </span>
    </p>
   </div>
   <div class='ocr_carea' id='block_1_25' title="bbox 1896 809 3458 881">
    <p class='ocr_par' dir='ltr' id='par_1_25' title="bbox 1896 809 3458 881">
     <span class='ocr_line' id='line_1_25' title="bbox 1896 809 3458 881; baseline -0.001 -17"><span class='ocrx_word' id='word_1_160' title='bbox 1896 819 1945 864; x_wconf 90' lang='lat' dir='ltr'><strong>et</strong></span> <span class='ocrx_word' id='word_1_161' title='bbox 1967 812 2118 880; x_wconf 87' lang='lat' dir='ltr'><strong>quasi</strong></span> <span class='ocrx_word' id='word_1_162' title='bbox 2146 823 2443 881; x_wconf 80' lang='lat' dir='ltr'><strong>spectasse,</strong></span> <span class='ocrx_word' id='word_1_163' title='bbox 2474 822 2533 865; x_wconf 94' lang='lat' dir='ltr'><strong>ut</strong></span> <span class='ocrx_word' id='word_1_164' title='bbox 2580 812 2841 866; x_wconf 83' lang='lat' dir='ltr'><strong>caderent</strong></span> <span class='ocrx_word' id='word_1_165' title='bbox 2902 809 3209 864; x_wconf 84' lang='lat' dir='ltr'><strong>Tureorum</strong></span> <span class='ocrx_word' id='word_1_166' title='bbox 3262 819 3458 863; x_wconf 86' lang='lat' dir='ltr'><strong>marte.</strong></span> 
     </span>
    </p>
   </div>
   <div class='ocr_carea' id='block_1_26' title="bbox 1897 901 3463 972">
    <p class='ocr_par' dir='ltr' id='par_1_26' title="bbox 1897 901 3463 972">
     <span class='ocr_line' id='line_1_26' title="bbox 1897 901 3463 972; baseline 0.002 -18"><span class='ocrx_word' id='word_1_167' title='bbox 1897 901 2147 966; x_wconf 79' lang='lat' dir='ltr'><strong>Proinde,</strong></span> <span class='ocrx_word' id='word_1_168' title='bbox 2180 913 2235 955; x_wconf 92' lang='lat' dir='ltr'><strong>ut</strong></span> <span class='ocrx_word' id='word_1_169' title='bbox 2260 904 2325 956; x_wconf 81' lang='lat' dir='ltr'><strong>ad</strong></span> <span class='ocrx_word' id='word_1_170' title='bbox 2358 918 2528 972; x_wconf 83' lang='lat' dir='ltr'><strong>pauca</strong></span> <span class='ocrx_word' id='word_1_171' title='bbox 2558 903 2857 964; x_wconf 88' lang='lat' dir='ltr'><strong>redeam,si</strong></span> <span class='ocrx_word' id='word_1_172' title='bbox 2887 904 3127 971; x_wconf 85' lang='lat' dir='ltr'><strong>adjuneti</strong></span> <span class='ocrx_word' id='word_1_173' title='bbox 3166 903 3463 957; x_wconf 81' lang='lat' dir='ltr'><strong>Pannoniis</strong></span> 
     </span>
    </p>
   </div>
   <div class='ocr_carea' id='block_1_27' title="bbox 1898 994 3460 1063">
    <p class='ocr_par' dir='ltr' id='par_1_27' title="bbox 1898 994 3460 1063">
     <span class='ocr_line' id='line_1_27' title="bbox 1898 994 3460 1063; baseline 0.001 -16"><span class='ocrx_word' id='word_1_174' title='bbox 1898 1009 2046 1047; x_wconf 89' lang='lat' dir='ltr'><strong>arma</strong></span> <span class='ocrx_word' id='word_1_175' title='bbox 2082 994 2497 1063; x_wconf 87' lang='lat' dir='ltr'><strong>arripuerimus,</strong></span> <span class='ocrx_word' id='word_1_176' title='bbox 2529 996 2732 1049; x_wconf 91' lang='lat' dir='ltr'><strong>nostris</strong></span> <span class='ocrx_word' id='word_1_177' title='bbox 2765 996 2920 1051; x_wconf 86' lang='lat' dir='ltr'><strong>nobis</strong></span> <span class='ocrx_word' id='word_1_178' title='bbox 2946 995 3050 1049; x_wconf 88' lang='lat' dir='ltr'><strong>frui</strong></span> <span class='ocrx_word' id='word_1_179' title='bbox 3078 996 3281 1050; x_wconf 92' lang='lat' dir='ltr'><strong>licebit.</strong></span> <span class='ocrx_word' id='word_1_180' title='bbox 3305 996 3460 1061; x_wconf 82' lang='lat' dir='ltr'><strong>Quod</strong></span> 
     </span>
    </p>
   </div>
   <div class='ocr_carea' id='block_1_28' title="bbox 1900 1087 3462 1156">
    <p class='ocr_par' dir='ltr' id='par_1_28' title="bbox 1900 1087 3462 1156">
     <span class='ocr_line' id='line_1_28' title="bbox 1900 1087 3462 1156; baseline 0.001 -14"><span class='ocrx_word' id='word_1_181' title='bbox 1900 1087 1944 1142; x_wconf 86' lang='lat' dir='ltr'><strong>si</strong></span> <span class='ocrx_word' id='word_1_182' title='bbox 1979 1088 2217 1141; x_wconf 82' lang='lat' dir='ltr'><strong>cunctati</strong></span> <span class='ocrx_word' id='word_1_183' title='bbox 2247 1097 2301 1143; x_wconf 90' lang='lat' dir='ltr'><strong>et</strong></span> <span class='ocrx_word' id='word_1_184' title='bbox 2323 1089 2561 1156; x_wconf 87' lang='lat' dir='ltr'><strong>quietem</strong></span> <span class='ocrx_word' id='word_1_185' title='bbox 2590 1088 2763 1143; x_wconf 77' lang='lat' dir='ltr'><strong>secuti</strong></span> <span class='ocrx_word' id='word_1_186' title='bbox 2790 1087 3072 1149; x_wconf 79' lang='lat' dir='ltr'><strong>fuerimus.</strong></span> <span class='ocrx_word' id='word_1_187' title='bbox 3130 1090 3277 1143; x_wconf 87' lang='lat' dir='ltr'><strong>brevi</strong></span> <span class='ocrx_word' id='word_1_188' title='bbox 3316 1090 3462 1143; x_wconf 89' lang='lat' dir='ltr'><strong>vide-</strong></span> 
     </span>
    </p>
   </div>
   <div class='ocr_carea' id='block_1_29' title="bbox 1900 1178 3461 1249">
    <p class='ocr_par' dir='ltr' id='par_1_29' title="bbox 1900 1178 3461 1249">
     <span class='ocr_line' id='line_1_29' title="bbox 1900 1178 3461 1249; baseline 0 -16"><span class='ocrx_word' id='word_1_189' title='bbox 1900 1178 2079 1234; x_wconf 90' lang='lat' dir='ltr'><strong>bimus</strong></span> <span class='ocrx_word' id='word_1_190' title='bbox 2108 1194 2230 1233; x_wconf 90' lang='lat' dir='ltr'><strong>eum</strong></span> <span class='ocrx_word' id='word_1_191' title='bbox 2260 1180 2555 1248; x_wconf 82' lang='lat' dir='ltr'><strong>imparatos</strong></span> <span class='ocrx_word' id='word_1_192' title='bbox 2584 1195 2999 1249; x_wconf 84' lang='lat' dir='ltr'><strong>oppressurum,</strong></span> <span class='ocrx_word' id='word_1_193' title='bbox 3035 1191 3087 1234; x_wconf 88' lang='lat' dir='ltr'><strong>et</strong></span> <span class='ocrx_word' id='word_1_194' title='bbox 3114 1191 3461 1235; x_wconf 73' lang='lat' dir='ltr'><strong>extortnrum</strong></span> 
     </span>
    </p>
   </div>
   <div class='ocr_carea' id='block_1_30' title="bbox 1900 1272 3464 1343">
    <p class='ocr_par' dir='ltr' id='par_1_30' title="bbox 1900 1272 3464 1343">
     <span class='ocr_line' id='line_1_30' title="bbox 1900 1272 3464 1343; baseline -0.001 -19"><span class='ocrx_word' id='word_1_195' title='bbox 1900 1273 2054 1326; x_wconf 83' lang='lat' dir='ltr'><strong>nobis</strong></span> <span class='ocrx_word' id='word_1_196' title='bbox 2084 1272 2359 1337; x_wconf 80' lang='lat' dir='ltr'><strong>regionem</strong></span> <span class='ocrx_word' id='word_1_197' title='bbox 2387 1272 2551 1343; x_wconf 62' lang='grc'><strong>294</strong></span> <span class='ocrx_word' id='word_1_198' title='bbox 2582 1282 2847 1336; x_wconf 89' lang='lat' dir='ltr'><strong>nostram,</strong></span> <span class='ocrx_word' id='word_1_199' title='bbox 2882 1290 2986 1341; x_wconf 85' lang='lat' dir='ltr'><strong>qua</strong></span> <span class='ocrx_word' id='word_1_200' title='bbox 3017 1274 3065 1326; x_wconf 87' lang='lat' dir='ltr'><strong>ei</strong></span> <span class='ocrx_word' id='word_1_201' title='bbox 3096 1273 3323 1327; x_wconf 85' lang='lat' dir='ltr'><strong>finitima</strong></span> <span class='ocrx_word' id='word_1_202' title='bbox 3354 1281 3464 1325; x_wconf 91' lang='lat' dir='ltr'><strong>est.</strong></span> 
     </span>
    </p>
   </div>
   <div class='ocr_carea' id='block_1_31' title="bbox 1898 1365 3467 1437">
    <p class='ocr_par' dir='ltr' id='par_1_31' title="bbox 1898 1365 3467 1437">
     <span class='ocr_line' id='line_1_31' title="bbox 1898 1365 3467 1437; baseline -0.002 -17"><span class='ocrx_word' id='word_1_203' title='bbox 1898 1366 2138 1420; x_wconf 91' lang='lat' dir='ltr'><strong>Consulo</strong></span> <span class='ocrx_word' id='word_1_204' title='bbox 2191 1365 2377 1434; x_wconf 84' lang='lat' dir='ltr'><strong>igitur,</strong></span> <span class='ocrx_word' id='word_1_205' title='bbox 2415 1378 2475 1420; x_wconf 90' lang='lat' dir='ltr'><strong>ut</strong></span> <span class='ocrx_word' id='word_1_206' title='bbox 2538 1370 2740 1435; x_wconf 86' lang='lat' dir='ltr'><strong>legatos</strong></span> <span class='ocrx_word' id='word_1_207' title='bbox 2788 1383 2910 1420; x_wconf 91' lang='lat' dir='ltr'><strong>cum</strong></span> <span class='ocrx_word' id='word_1_208' title='bbox 2970 1382 3164 1437; x_wconf 89' lang='lat' dir='ltr'><strong>magna</strong></span> <span class='ocrx_word' id='word_1_209' title='bbox 3225 1366 3467 1431; x_wconf 70' lang='lat' dir='ltr'><strong>pCCunitn</strong></span> 
     </span>
    </p>
   </div>
   <div class='ocr_carea' id='block_1_32' title="bbox 1897 1458 3468 1531">
    <p class='ocr_par' dir='ltr' id='par_1_32' title="bbox 1897 1458 3468 1531">
     <span class='ocr_line' id='line_1_32' title="bbox 1897 1458 3468 1531; baseline -0.001 -20"><span class='ocrx_word' id='word_1_210' title='bbox 1897 1460 1948 1512; x_wconf 93' lang='lat' dir='ltr'><strong>vi</strong></span> <span class='ocrx_word' id='word_1_211' title='bbox 1992 1461 2077 1514; x_wconf 90' lang='lat' dir='ltr'><strong>ire</strong></span> <span class='ocrx_word' id='word_1_212' title='bbox 2099 1459 2391 1531; x_wconf 83' lang='lat' dir='ltr'><strong>jubeamus</strong></span> <span class='ocrx_word' id='word_1_213' title='bbox 2420 1460 2486 1515; x_wconf 87' lang='lat' dir='ltr'><strong>ad</strong></span> <span class='ocrx_word' id='word_1_214' title='bbox 2520 1460 2827 1515; x_wconf 87' lang='lat' dir='ltr'><strong>Pannones.</strong></span> <span class='ocrx_word' id='word_1_215' title='bbox 2863 1458 3149 1523; x_wconf 80' lang='lat' dir='ltr'><strong>Pra-terea,</strong></span> <span class='ocrx_word' id='word_1_216' title='bbox 3187 1468 3244 1511; x_wconf 93' lang='lat' dir='ltr'><strong>ut</strong></span> <span class='ocrx_word' id='word_1_217' title='bbox 3275 1468 3468 1527; x_wconf 71' lang='lat' dir='ltr'><strong>przeter</strong></span> 
     </span>
    </p>
   </div>
   <div class='ocr_carea' id='block_1_33' title="bbox 1898 1552 3469 1622">
    <p class='ocr_par' dir='ltr' id='par_1_33' title="bbox 1898 1552 3469 1622">
     <span class='ocr_line' id='line_1_33' title="bbox 1898 1552 3469 1622; baseline -0.003 -16"><span class='ocrx_word' id='word_1_218' title='bbox 1898 1566 2064 1607; x_wconf 89' lang='lat' dir='ltr'><strong>naves</strong></span> <span class='ocrx_word' id='word_1_219' title='bbox 2092 1567 2213 1622; x_wconf 68' lang='lat' dir='ltr'><strong>qua:</strong></span> <span class='ocrx_word' id='word_1_220' title='bbox 2269 1553 2427 1607; x_wconf 91' lang='lat' dir='ltr'><strong>nobis</strong></span> <span class='ocrx_word' id='word_1_221' title='bbox 2486 1562 2683 1621; x_wconf 65' lang='lat' dir='ltr'><strong>praesto</strong></span> <span class='ocrx_word' id='word_1_222' title='bbox 2722 1563 2868 1615; x_wconf 88' lang='lat' dir='ltr'><strong>sunt,</strong></span> <span class='ocrx_word' id='word_1_223' title='bbox 2915 1553 3078 1606; x_wconf 89' lang='lat' dir='ltr'><strong>etiam</strong></span> <span class='ocrx_word' id='word_1_224' title='bbox 3137 1552 3273 1605; x_wconf 88' lang='lat' dir='ltr'><strong>alias</strong></span> <span class='ocrx_word' id='word_1_225' title='bbox 3313 1558 3469 1617; x_wconf 88' lang='lat' dir='ltr'><strong>quot—</strong></span> 
     </span>
    </p>
   </div>
   <div class='ocr_carea' id='block_1_34' title="bbox 1906 1645 3468 1719">
    <p class='ocr_par' dir='ltr' id='par_1_34' title="bbox 1906 1645 3468 1719">
     <span class='ocr_line' id='line_1_34' title="bbox 1906 1645 3468 1719; baseline -0.004 -17"><span class='ocrx_word' id='word_1_226' title='bbox 1906 1658 2044 1716; x_wconf 87' lang='lat' dir='ltr'><strong>quot</strong></span> <span class='ocrx_word' id='word_1_227' title='bbox 2068 1664 2379 1719; x_wconf 83' lang='lat' dir='ltr'><strong>possumus,</strong></span> <span class='ocrx_word' id='word_1_228' title='bbox 2430 1649 2755 1716; x_wconf 81' lang='lat' dir='ltr'><strong>impleamus</strong></span> <span class='ocrx_word' id='word_1_229' title='bbox 2817 1649 3105 1703; x_wconf 82' lang='lat' dir='ltr'><strong>militibus.</strong></span> <span class='ocrx_word' id='word_1_230' title='bbox 3140 1645 3248 1701; x_wconf 86' lang='lat' dir='ltr'><strong>Nec</strong></span> <span class='ocrx_word' id='word_1_231' title='bbox 3302 1648 3468 1701; x_wconf 81' lang='lat' dir='ltr'><strong>etiam</strong></span> 
     </span>
    </p>
   </div>
   <div class='ocr_carea' id='block_1_35' title="bbox 1901 1739 3471 1809">
    <p class='ocr_par' dir='ltr' id='par_1_35' title="bbox 1901 1739 3471 1809">
     <span class='ocr_line' id='line_1_35' title="bbox 1901 1739 3471 1809; baseline 0 -20"><span class='ocrx_word' id='word_1_232' title='bbox 1901 1740 2305 1806; x_wconf 67' lang='lat' dir='ltr'><strong>praetereundus</strong></span> <span class='ocrx_word' id='word_1_233' title='bbox 2330 1749 2412 1794; x_wconf 90' lang='lat' dir='ltr'><strong>est</strong></span> <span class='ocrx_word' id='word_1_234' title='bbox 2438 1740 2681 1809; x_wconf 79' lang='lat' dir='ltr'><strong>pontifex</strong></span> <span class='ocrx_word' id='word_1_235' title='bbox 2730 1739 3019 1803; x_wconf 82' lang='lat' dir='ltr'><strong>maximus,</strong></span> <span class='ocrx_word' id='word_1_236' title='bbox 3067 1740 3181 1807; x_wconf 85' lang='lat' dir='ltr'><strong>qui,</strong></span> <span class='ocrx_word' id='word_1_237' title='bbox 3221 1752 3471 1806; x_wconf 81' lang='lat' dir='ltr'><strong>quoquo-</strong></span> 
     </span>
    </p>
   </div>
   <div class='ocr_carea' id='block_1_36' title="bbox 1903 1831 3473 1901">
    <p class='ocr_par' dir='ltr' id='par_1_36' title="bbox 1903 1831 3473 1901">
     <span class='ocr_line' id='line_1_36' title="bbox 1903 1831 3473 1901; baseline -0.001 -17"><span class='ocrx_word' id='word_1_238' title='bbox 1903 1831 2063 1885; x_wconf 85' lang='lat' dir='ltr'><strong>modo</strong></span> <span class='ocrx_word' id='word_1_239' title='bbox 2089 1831 2202 1886; x_wconf 80' lang='lat' dir='ltr'><strong>fieri</strong></span> <span class='ocrx_word' id='word_1_240' title='bbox 2227 1842 2426 1901; x_wconf 88' lang='lat' dir='ltr'><strong>potest,</strong></span> <span class='ocrx_word' id='word_1_241' title='bbox 2449 1832 2502 1885; x_wconf 93' lang='lat' dir='ltr'><strong>in</strong></span> <span class='ocrx_word' id='word_1_242' title='bbox 2525 1832 2647 1886; x_wconf 90' lang='lat' dir='ltr'><strong>belli</strong></span> <span class='ocrx_word' id='word_1_243' title='bbox 2678 1832 2992 1886; x_wconf 88' lang='lat' dir='ltr'><strong>societatem</strong></span> <span class='ocrx_word' id='word_1_244' title='bbox 3026 1831 3390 1890; x_wconf 81' lang='lat' dir='ltr'><strong>adhibendus,</strong></span> <span class='ocrx_word' id='word_1_245' title='bbox 3417 1842 3473 1882; x_wconf 85' lang='lat' dir='ltr'><strong>et</strong></span> 
     </span>
    </p>
   </div>
   <div class='ocr_carea' id='block_1_37' title="bbox 1904 1923 3468 1988">
    <p class='ocr_par' dir='ltr' id='par_1_37' title="bbox 1904 1923 3468 1988">
     <span class='ocr_line' id='line_1_37' title="bbox 1904 1923 3468 1988; baseline -0.004 -11"><span class='ocrx_word' id='word_1_246' title='bbox 1904 1924 2075 1978; x_wconf 87' lang='lat' dir='ltr'><strong>totius</strong></span> <span class='ocrx_word' id='word_1_247' title='bbox 2107 1924 2229 1977; x_wconf 88' lang='lat' dir='ltr'><strong>belli</strong></span> <span class='ocrx_word' id='word_1_248' title='bbox 2280 1924 2392 1978; x_wconf 87' lang='lat' dir='ltr'><strong>dux</strong></span> <span class='ocrx_word' id='word_1_249' title='bbox 2435 1924 2798 1978; x_wconf 86' lang='lat' dir='ltr'><strong>declarandus</strong></span> <span class='ocrx_word' id='word_1_250' title='bbox 2848 1933 2951 1977; x_wconf 89' lang='lat' dir='ltr'><strong>est.</strong></span> <span class='ocrx_word' id='word_1_251' title='bbox 2994 1923 3072 1977; x_wconf 78' lang='lat' dir='ltr'><strong>Ad</strong></span> <span class='ocrx_word' id='word_1_252' title='bbox 3120 1924 3253 1983; x_wconf 72' lang='lat' dir='ltr'><strong>luce.</strong></span> <span class='ocrx_word' id='word_1_253' title='bbox 3301 1935 3468 1988; x_wconf 83' lang='lat' dir='ltr'><strong>opera</strong></span> 
     </span>
    </p>
   </div>
   <div class='ocr_carea' id='block_1_38' title="bbox 268 2010 3474 2083">
    <p class='ocr_par' dir='ltr' id='par_1_38' title="bbox 268 2010 3474 2083">
     <span class='ocr_line' id='line_1_38' title="bbox 268 2010 3474 2083; baseline 0.001 -23"><span class='ocrx_word' id='word_1_254' title='bbox 268 2010 435 2063; x_wconf 79' lang='lat' dir='ltr'><strong>danda</strong></span> <span class='ocrx_word' id='word_1_255' title='bbox 470 2021 569 2071; x_wconf 80' lang='lat' dir='ltr'><strong>est,</strong></span> <span class='ocrx_word' id='word_1_256' title='bbox 622 2022 674 2064; x_wconf 91' lang='lat' dir='ltr'><strong>ut</strong></span> <span class='ocrx_word' id='word_1_257' title='bbox 716 2011 1125 2080; x_wconf 72' lang='lat' dir='ltr'><strong>Peloponnesus</strong></span> <span class='ocrx_word' id='word_1_258' title='bbox 1156 2013 1221 2067; x_wconf 87' lang='lat' dir='ltr'><strong>ad</strong></span> <span class='ocrx_word' id='word_1_259' title='bbox 1274 2012 1639 2067; x_wconf 72' lang='lat' dir='ltr'><strong>defectionem</strong></span> <span class='ocrx_word' id='word_1_260' title='bbox 1695 2012 2043 2068; x_wconf 85' lang='lat' dir='ltr'><strong>sollieitetur.</strong></span> <span class='ocrx_word' id='word_1_261' title='bbox 2070 2012 2136 2066; x_wconf 83' lang='lat' dir='ltr'><strong>Et</strong></span> <span class='ocrx_word' id='word_1_262' title='bbox 2166 2013 2215 2067; x_wconf 91' lang='lat' dir='ltr'><strong>id</strong></span> <span class='ocrx_word' id='word_1_263' title='bbox 2245 2014 2467 2081; x_wconf 81' lang='lat' dir='ltr'><strong>quidem</strong></span> <span class='ocrx_word' id='word_1_264' title='bbox 2530 2013 2584 2068; x_wconf 93' lang='lat' dir='ltr'><strong>in</strong></span> <span class='ocrx_word' id='word_1_265' title='bbox 2640 2014 2866 2083; x_wconf 81' lang='lat' dir='ltr'><strong>proclivi</strong></span> <span class='ocrx_word' id='word_1_266' title='bbox 2916 2022 3041 2077; x_wconf 87' lang='lat' dir='ltr'><strong>est;</strong></span> <span class='ocrx_word' id='word_1_267' title='bbox 3095 2012 3140 2067; x_wconf 91' lang='lat' dir='ltr'><strong>si</strong></span> <span class='ocrx_word' id='word_1_268' title='bbox 3209 2012 3355 2065; x_wconf 89' lang='lat' dir='ltr'><strong>enim</strong></span> <span class='ocrx_word' id='word_1_269' title='bbox 3398 2011 3474 2063; x_wconf 86' lang='lat' dir='ltr'><strong>al-</strong></span> 
     </span>
    </p>
   </div>
   <div class='ocr_carea' id='block_1_39' title="bbox 270 2104 3475 2177">
    <p class='ocr_par' dir='ltr' id='par_1_39' title="bbox 270 2104 3475 2177">
     <span class='ocr_line' id='line_1_39' title="bbox 270 2104 3475 2177; baseline 0 -24"><span class='ocrx_word' id='word_1_270' title='bbox 270 2111 433 2157; x_wconf 90' lang='lat' dir='ltr'><strong>terum</strong></span> <span class='ocrx_word' id='word_1_271' title='bbox 464 2104 527 2155; x_wconf 89' lang='lat' dir='ltr'><strong>de</strong></span> <span class='ocrx_word' id='word_1_272' title='bbox 547 2105 732 2157; x_wconf 89' lang='lat' dir='ltr'><strong>ducum</strong></span> <span class='ocrx_word' id='word_1_273' title='bbox 760 2120 1004 2167; x_wconf 91' lang='lat' dir='ltr'><strong>numero,</strong></span> <span class='ocrx_word' id='word_1_274' title='bbox 1030 2104 1122 2175; x_wconf 91' lang='lat' dir='ltr'><strong>qui</strong></span> <span class='ocrx_word' id='word_1_275' title='bbox 1148 2105 1378 2160; x_wconf 84' lang='lat' dir='ltr'><strong>descivit</strong></span> <span class='ocrx_word' id='word_1_276' title='bbox 1402 2107 1469 2160; x_wconf 91' lang='lat' dir='ltr'><strong>ab</strong></span> <span class='ocrx_word' id='word_1_277' title='bbox 1495 2122 1641 2175; x_wconf 82' lang='lat' dir='ltr'><strong>rege,</strong></span> <span class='ocrx_word' id='word_1_278' title='bbox 1664 2117 1876 2161; x_wconf 89' lang='lat' dir='ltr'><strong>tenuem</strong></span> <span class='ocrx_word' id='word_1_279' title='bbox 1900 2116 2145 2176; x_wconf 88' lang='lat' dir='ltr'><strong>agentem</strong></span> <span class='ocrx_word' id='word_1_280' title='bbox 2174 2109 2333 2162; x_wconf 88' lang='lat' dir='ltr'><strong>vitam</strong></span> <span class='ocrx_word' id='word_1_281' title='bbox 2355 2107 2795 2177; x_wconf 82' lang='lat' dir='ltr'><strong>Peloponnesiaci</strong></span> <span class='ocrx_word' id='word_1_282' title='bbox 2822 2106 2995 2161; x_wconf 86' lang='lat' dir='ltr'><strong>secuti</strong></span> <span class='ocrx_word' id='word_1_283' title='bbox 3031 2114 3177 2167; x_wconf 89' lang='lat' dir='ltr'><strong>sunt,</strong></span> <span class='ocrx_word' id='word_1_284' title='bbox 3206 2119 3328 2158; x_wconf 91' lang='lat' dir='ltr'><strong>cum</strong></span> <span class='ocrx_word' id='word_1_285' title='bbox 3355 2106 3475 2172; x_wconf 87' lang='lat' dir='ltr'><strong>qni-</strong></span> 
     </span>
    </p>
   </div>
   <div class='ocr_carea' id='block_1_40' title="bbox 266 2198 3471 2273">
    <p class='ocr_par' dir='ltr' id='par_1_40' title="bbox 266 2198 3471 2273">
     <span class='ocr_line' id='line_1_40' title="bbox 266 2198 3471 2273; baseline 0.001 -25"><span class='ocrx_word' id='word_1_286' title='bbox 266 2198 382 2252; x_wconf 86' lang='lat' dir='ltr'><strong>dam</strong></span> <span class='ocrx_word' id='word_1_287' title='bbox 410 2200 715 2254; x_wconf 66' lang='lat' dir='ltr'><strong>desererent</strong></span> <span class='ocrx_word' id='word_1_288' title='bbox 758 2202 942 2261; x_wconf 85' lang='lat' dir='ltr'><strong>urbes.</strong></span> <span class='ocrx_word' id='word_1_289' title='bbox 968 2203 1056 2255; x_wconf 83' lang='lat' dir='ltr'><strong>alii</strong></span> <span class='ocrx_word' id='word_1_290' title='bbox 1086 2204 1280 2257; x_wconf 87' lang='lat' dir='ltr'><strong>veroin</strong></span> <span class='ocrx_word' id='word_1_291' title='bbox 1323 2220 1531 2258; x_wconf 89' lang='lat' dir='ltr'><strong>summa</strong></span> <span class='ocrx_word' id='word_1_292' title='bbox 1551 2205 1799 2259; x_wconf 89' lang='lat' dir='ltr'><strong>venirent</strong></span> <span class='ocrx_word' id='word_1_293' title='bbox 1836 2204 2103 2273; x_wconf 88' lang='lat' dir='ltr'><strong>pericula,</strong></span> <span class='ocrx_word' id='word_1_294' title='bbox 2136 2205 2263 2272; x_wconf 86' lang='lat' dir='ltr'><strong>quid</strong></span> <span class='ocrx_word' id='word_1_295' title='bbox 2293 2204 2532 2258; x_wconf 89' lang='lat' dir='ltr'><strong>futurum</strong></span> <span class='ocrx_word' id='word_1_296' title='bbox 2579 2204 2823 2267; x_wconf 87' lang='lat' dir='ltr'><strong>creditis,</strong></span> <span class='ocrx_word' id='word_1_297' title='bbox 2899 2203 2944 2257; x_wconf 84' lang='lat' dir='ltr'><strong>si</strong></span> <span class='ocrx_word' id='word_1_298' title='bbox 2997 2200 3231 2255; x_wconf 81' lang='lat' dir='ltr'><strong>viderint</strong></span> <span class='ocrx_word' id='word_1_299' title='bbox 3291 2208 3471 2253; x_wconf 86' lang='lat' dir='ltr'><strong>tantas</strong></span> 
     </span>
    </p>
   </div>
   <div class='ocr_carea' id='block_1_41' title="bbox 271 2292 3468 2367">
    <p class='ocr_par' dir='ltr' id='par_1_41' title="bbox 271 2292 3468 2367">
     <span class='ocr_line' id='line_1_41' title="bbox 271 2292 3468 2367; baseline 0.001 -24"><span class='ocrx_word' id='word_1_300' title='bbox 271 2292 435 2359; x_wconf 86' lang='lat' dir='ltr'><strong>copias</strong></span> <span class='ocrx_word' id='word_1_301' title='bbox 460 2302 598 2346; x_wconf 87' lang='lat' dir='ltr'><strong>terra</strong></span> <span class='ocrx_word' id='word_1_302' title='bbox 635 2294 877 2362; x_wconf 88' lang='lat' dir='ltr'><strong>marique</strong></span> <span class='ocrx_word' id='word_1_303' title='bbox 903 2293 1166 2350; x_wconf 83' lang='lat' dir='ltr'><strong>adversus</strong></span> <span class='ocrx_word' id='word_1_304' title='bbox 1191 2295 1478 2350; x_wconf 89' lang='lat' dir='ltr'><strong>barbarum</strong></span> <span class='ocrx_word' id='word_1_305' title='bbox 1499 2297 1829 2351; x_wconf 80' lang='lat' dir='ltr'><strong>adventare?</strong></span> <span class='ocrx_word' id='word_1_306' title='bbox 1866 2296 2070 2352; x_wconf 89' lang='lat' dir='ltr'><strong>Censeo</strong></span> <span class='ocrx_word' id='word_1_307' title='bbox 2096 2298 2315 2366; x_wconf 90' lang='lat' dir='ltr'><strong>insuper</strong></span> <span class='ocrx_word' id='word_1_308' title='bbox 2359 2297 2571 2367; x_wconf 88' lang='lat' dir='ltr'><strong>equites</strong></span> <span class='ocrx_word' id='word_1_309' title='bbox 2613 2305 2667 2350; x_wconf 92' lang='lat' dir='ltr'><strong>et</strong></span> <span class='ocrx_word' id='word_1_310' title='bbox 2688 2304 2929 2349; x_wconf 89' lang='lat' dir='ltr'><strong>armatos</strong></span> <span class='ocrx_word' id='word_1_311' title='bbox 2953 2294 3167 2349; x_wconf 84' lang='lat' dir='ltr'><strong>Italicos</strong></span> <span class='ocrx_word' id='word_1_312' title='bbox 3192 2295 3272 2347; x_wconf 84' lang='lat' dir='ltr'><strong>bis</strong></span> <span class='ocrx_word' id='word_1_313' title='bbox 3323 2293 3468 2346; x_wconf 89' lang='lat' dir='ltr'><strong>mille</strong></span> 
     </span>
    </p>
   </div>
   <div class='ocr_carea' id='block_1_42' title="bbox 279 2384 3464 2461">
    <p class='ocr_par' dir='ltr' id='par_1_42' title="bbox 279 2384 3464 2461">
     <span class='ocr_line' id='line_1_42' title="bbox 279 2384 3464 2461; baseline 0.001 -24"><span class='ocrx_word' id='word_1_314' title='bbox 279 2385 548 2441; x_wconf 85' lang='lat' dir='ltr'><strong>mittendos</strong></span> <span class='ocrx_word' id='word_1_315' title='bbox 595 2388 650 2441; x_wconf 90' lang='lat' dir='ltr'><strong>in</strong></span> <span class='ocrx_word' id='word_1_316' title='bbox 710 2389 1160 2459; x_wconf 85' lang='lat' dir='ltr'><strong>Peloponnesum.</strong></span> <span class='ocrx_word' id='word_1_317' title='bbox 1218 2390 1563 2447; x_wconf 82' lang='lat' dir='ltr'><strong>Cretensibus</strong></span> <span class='ocrx_word' id='word_1_318' title='bbox 1625 2408 1837 2461; x_wconf 89' lang='lat' dir='ltr'><strong>quoque</strong></span> <span class='ocrx_word' id='word_1_319' title='bbox 1878 2384 2036 2447; x_wconf 76' lang='lat' dir='ltr'><strong>venia</strong></span> <span class='ocrx_word' id='word_1_320' title='bbox 2095 2401 2149 2448; x_wconf 88' lang='lat' dir='ltr'><strong>et</strong></span> <span class='ocrx_word' id='word_1_321' title='bbox 2196 2393 2486 2447; x_wconf 91' lang='lat' dir='ltr'><strong>criminum</strong></span> <span class='ocrx_word' id='word_1_322' title='bbox 2538 2391 2764 2447; x_wconf 88' lang='lat' dir='ltr'><strong>abolitio</strong></span> <span class='ocrx_word' id='word_1_323' title='bbox 2803 2389 2982 2445; x_wconf 89' lang='lat' dir='ltr'><strong>danda</strong></span> <span class='ocrx_word' id='word_1_324' title='bbox 3048 2400 3155 2444; x_wconf 84' lang='lat' dir='ltr'><strong>est:</strong></span> <span class='ocrx_word' id='word_1_325' title='bbox 3223 2388 3347 2443; x_wconf 70' lang='lat' dir='ltr'><strong>Hzec</strong></span> <span class='ocrx_word' id='word_1_326' title='bbox 3372 2388 3464 2440; x_wconf 90' lang='lat' dir='ltr'><strong>ubi</strong></span> 
     </span>
    </p>
   </div>
   <div class='ocr_carea' id='block_1_43' title="bbox 286 2483 3479 2562">
    <p class='ocr_par' dir='ltr' id='par_1_43' title="bbox 286 2483 3479 2562">
     <span class='ocr_line' id='line_1_43' title="bbox 286 2483 3479 2562; baseline 0 -28"><span class='ocrx_word' id='word_1_327' title='bbox 286 2496 374 2536; x_wconf 88' lang='lat' dir='ltr'><strong>nos</strong></span> <span class='ocrx_word' id='word_1_328' title='bbox 405 2500 554 2562; x_wconf 70' lang='lat' dir='ltr'><strong>agere.</strong></span> <span class='ocrx_word' id='word_1_329' title='bbox 578 2488 839 2553; x_wconf 77' lang='lat' dir='ltr'><strong>viderint,</strong></span> <span class='ocrx_word' id='word_1_330' title='bbox 892 2489 1151 2543; x_wconf 89' lang='lat' dir='ltr'><strong>continuo</strong></span> <span class='ocrx_word' id='word_1_331' title='bbox 1182 2490 1247 2543; x_wconf 90' lang='lat' dir='ltr'><strong>ad</strong></span> <span class='ocrx_word' id='word_1_332' title='bbox 1292 2505 1391 2543; x_wconf 93' lang='lat' dir='ltr'><strong>nos</strong></span> <span class='ocrx_word' id='word_1_333' title='bbox 1446 2489 1819 2545; x_wconf 87' lang='lat' dir='ltr'><strong>transitionem</strong></span> <span class='ocrx_word' id='word_1_334' title='bbox 1860 2488 2078 2553; x_wconf 79' lang='lat' dir='ltr'><strong>facient,</strong></span> <span class='ocrx_word' id='word_1_335' title='bbox 2127 2499 2180 2545; x_wconf 88' lang='lat' dir='ltr'><strong>et</strong></span> <span class='ocrx_word' id='word_1_336' title='bbox 2223 2490 2660 2557; x_wconf 86' lang='lat' dir='ltr'><strong>Poloponnesum</strong></span> <span class='ocrx_word' id='word_1_337' title='bbox 2739 2486 3047 2554; x_wconf 88' lang='lat' dir='ltr'><strong>subjicient,</strong></span> <span class='ocrx_word' id='word_1_338' title='bbox 3098 2486 3241 2538; x_wconf 86' lang='lat' dir='ltr'><strong>unde</strong></span> <span class='ocrx_word' id='word_1_339' title='bbox 3296 2483 3479 2537; x_wconf 86' lang='lat' dir='ltr'><strong>licebit</strong></span> 
     </span>
    </p>
   </div>
   <div class='ocr_carea' id='block_1_44' title="bbox 287 2584 3183 2657">
    <p class='ocr_par' dir='ltr' id='par_1_44' title="bbox 287 2584 3183 2657">
     <span class='ocr_line' id='line_1_44' title="bbox 287 2584 3183 2657; baseline -0 -22"><span class='ocrx_word' id='word_1_340' title='bbox 287 2584 467 2648; x_wconf 75' lang='lat' dir='ltr'><strong>negotia</strong></span> <span class='ocrx_word' id='word_1_341' title='bbox 499 2586 613 2653; x_wconf 85' lang='lat' dir='ltr'><strong>regi</strong></span> <span class='ocrx_word' id='word_1_342' title='bbox 646 2584 936 2641; x_wconf 81' lang='lat' dir='ltr'><strong>facessere.</strong></span> <span class='ocrx_word' id='word_1_343' title='bbox 968 2586 1100 2641; x_wconf 88' lang='lat' dir='ltr'><strong>Nam</strong></span> <span class='ocrx_word' id='word_1_344' title='bbox 1132 2588 1199 2641; x_wconf 88' lang='lat' dir='ltr'><strong>ab</strong></span> <span class='ocrx_word' id='word_1_345' title='bbox 1241 2587 1616 2657; x_wconf 81' lang='lat' dir='ltr'><strong>Peloponneso</strong></span> <span class='ocrx_word' id='word_1_346' title='bbox 1658 2587 1999 2641; x_wconf 88' lang='lat' dir='ltr'><strong>commodius</strong></span> <span class='ocrx_word' id='word_1_347' title='bbox 2024 2589 2081 2640; x_wconf 91' lang='lat' dir='ltr'><strong>in</strong></span> <span class='ocrx_word' id='word_1_348' title='bbox 2114 2589 2233 2653; x_wconf 85' lang='lat' dir='ltr'><strong>ejus</strong></span> <span class='ocrx_word' id='word_1_349' title='bbox 2260 2588 2542 2655; x_wconf 81' lang='lat' dir='ltr'><strong>regionem</strong></span> <span class='ocrx_word' id='word_1_350' title='bbox 2602 2584 2824 2639; x_wconf 84' lang='lat' dir='ltr'><strong>dabitur</strong></span> <span class='ocrx_word' id='word_1_351' title='bbox 2903 2597 3183 2637; x_wconf 89' lang='lat' dir='ltr'><strong>accessus.</strong></span> 
     </span>
    </p>
   </div>
   <div class='ocr_carea' id='block_1_45' title="bbox 3275 2578 3481 2644">
    <p class='ocr_par' dir='ltr' id='par_1_45' title="bbox 3275 2578 3481 2644">
     <span class='ocr_line' id='line_1_45' title="bbox 3275 2578 3481 2644; baseline -0.015 -12"><span class='ocrx_word' id='word_1_352' title='bbox 3275 2578 3333 2632; x_wconf 85' lang='lat' dir='ltr'><strong>Si</strong></span> <span class='ocrx_word' id='word_1_353' title='bbox 3382 2579 3481 2644; x_wconf 75' lang='lat' dir='ltr'><strong>igi-</strong></span> 
     </span>
    </p>
   </div>
   <div class='ocr_carea' id='block_1_46' title="bbox 282 2675 3477 2749">
    <p class='ocr_par' dir='ltr' id='par_1_46' title="bbox 282 2675 3477 2749">
     <span class='ocr_line' id='line_1_46' title="bbox 282 2675 3477 2749; baseline -0.001 -21"><span class='ocrx_word' id='word_1_354' title='bbox 282 2686 354 2728; x_wconf 85' lang='lat' dir='ltr'><strong>tur</strong></span> <span class='ocrx_word' id='word_1_355' title='bbox 379 2680 687 2733; x_wconf 87' lang='lat' dir='ltr'><strong>societatem</strong></span> <span class='ocrx_word' id='word_1_356' title='bbox 720 2680 1047 2735; x_wconf 83' lang='lat' dir='ltr'><strong>coiverimus</strong></span> <span class='ocrx_word' id='word_1_357' title='bbox 1073 2682 1593 2745; x_wconf 85' lang='lat' dir='ltr'><strong>cumPannouibus,</strong></span> <span class='ocrx_word' id='word_1_358' title='bbox 1643 2682 1929 2736; x_wconf 89' lang='lat' dir='ltr'><strong>Pannones</strong></span> <span class='ocrx_word' id='word_1_359' title='bbox 1994 2682 2063 2735; x_wconf 88' lang='lat' dir='ltr'><strong>ab</strong></span> <span class='ocrx_word' id='word_1_360' title='bbox 2116 2680 2277 2747; x_wconf 88' lang='lat' dir='ltr'><strong>Istro,</strong></span> <span class='ocrx_word' id='word_1_361' title='bbox 2336 2695 2437 2734; x_wconf 88' lang='lat' dir='ltr'><strong>nos</strong></span> <span class='ocrx_word' id='word_1_362' title='bbox 2476 2682 2543 2736; x_wconf 90' lang='lat' dir='ltr'><strong>ab</strong></span> <span class='ocrx_word' id='word_1_363' title='bbox 2584 2681 2954 2749; x_wconf 87' lang='lat' dir='ltr'><strong>Peloponneso</strong></span> <span class='ocrx_word' id='word_1_364' title='bbox 3020 2676 3240 2730; x_wconf 87' lang='lat' dir='ltr'><strong>Barbari</strong></span> <span class='ocrx_word' id='word_1_365' title='bbox 3301 2675 3477 2740; x_wconf 79' lang='lat' dir='ltr'><strong>regiu-</strong></span> 
     </span>
    </p>
   </div>
   <div class='ocr_carea' id='block_1_47' title="bbox 274 2766 3482 2845">
    <p class='ocr_par' dir='ltr' id='par_1_47' title="bbox 274 2766 3482 2845">
     <span class='ocr_line' id='line_1_47' title="bbox 274 2766 3482 2845; baseline -0 -24"><span class='ocrx_word' id='word_1_366' title='bbox 274 2786 377 2824; x_wconf 85' lang='lat' dir='ltr'><strong>nem</strong></span> <span class='ocrx_word' id='word_1_367' title='bbox 407 2769 811 2838; x_wconf 87' lang='lat' dir='ltr'><strong>populabimur.</strong></span> <span class='ocrx_word' id='word_1_368' title='bbox 854 2770 959 2825; x_wconf 84' lang='lat' dir='ltr'><strong>Nec</strong></span> <span class='ocrx_word' id='word_1_369' title='bbox 999 2771 1226 2839; x_wconf 82' lang='lat' dir='ltr'><strong>pressis,</strong></span> <span class='ocrx_word' id='word_1_370' title='bbox 1250 2774 1394 2841; x_wconf 90' lang='lat' dir='ltr'><strong>quod</strong></span> <span class='ocrx_word' id='word_1_371' title='bbox 1419 2774 1592 2835; x_wconf 88' lang='lat' dir='ltr'><strong>aiunt,</strong></span> <span class='ocrx_word' id='word_1_372' title='bbox 1622 2772 1873 2827; x_wconf 87' lang='lat' dir='ltr'><strong>sedentes</strong></span> <span class='ocrx_word' id='word_1_373' title='bbox 1934 2774 2183 2829; x_wconf 88' lang='lat' dir='ltr'><strong>manibus</strong></span> <span class='ocrx_word' id='word_1_374' title='bbox 2215 2814 2229 2836; x_wconf 90' lang='lat'><strong>,</strong></span> <span class='ocrx_word' id='word_1_375' title='bbox 2264 2774 2599 2843; x_wconf 78' lang='lat' dir='ltr'><strong>negligemus</strong></span> <span class='ocrx_word' id='word_1_376' title='bbox 2650 2776 2922 2845; x_wconf 77' lang='lat' dir='ltr'><strong>regionem</strong></span> <span class='ocrx_word' id='word_1_377' title='bbox 2978 2781 3218 2825; x_wconf 85' lang='lat' dir='ltr'><strong>nostram</strong></span> <span class='ocrx_word' id='word_1_378' title='bbox 3278 2766 3482 2822; x_wconf 78' lang='lat' dir='ltr'><strong>vastari</strong></span> 
     </span>
    </p>
   </div>
   <div class='ocr_carea' id='block_1_48' title="bbox 270 2862 3481 2936">
    <p class='ocr_par' dir='ltr' id='par_1_48' title="bbox 270 2862 3481 2936">
     <span class='ocr_line' id='line_1_48' title="bbox 270 2862 3481 2936; baseline -0.002 -17"><span class='ocrx_word' id='word_1_379' title='bbox 270 2876 316 2919; x_wconf 89' lang='lat' dir='ltr'><strong>et</strong></span> <span class='ocrx_word' id='word_1_380' title='bbox 334 2867 572 2920; x_wconf 87' lang='lat' dir='ltr'><strong>subditos</strong></span> <span class='ocrx_word' id='word_1_381' title='bbox 608 2875 824 2920; x_wconf 88' lang='lat' dir='ltr'><strong>nostros</strong></span> <span class='ocrx_word' id='word_1_382' title='bbox 851 2862 1156 2918; x_wconf 85' lang='lat' dir='ltr'><strong>Tureorum</strong></span> <span class='ocrx_word' id='word_1_383' title='bbox 1210 2866 1479 2935; x_wconf 87' lang='lat' dir='ltr'><strong>mancipia</strong></span> <span class='ocrx_word' id='word_1_384' title='bbox 1530 2866 1666 2921; x_wconf 85' lang='lat' dir='ltr'><strong>fieri.</strong></span> <span class='ocrx_word' id='word_1_385' title='bbox 1701 2864 1896 2919; x_wconf 82' lang='lat' dir='ltr'><strong>Verum</strong></span> <span class='ocrx_word' id='word_1_386' title='bbox 1937 2868 2019 2922; x_wconf 86' lang='lat' dir='ltr'><strong>his</strong></span> <span class='ocrx_word' id='word_1_387' title='bbox 2042 2871 2259 2923; x_wconf 88' lang='lat' dir='ltr'><strong>tandem</strong></span> <span class='ocrx_word' id='word_1_388' title='bbox 2287 2877 2540 2924; x_wconf 87' lang='lat' dir='ltr'><strong>auctores</strong></span> <span class='ocrx_word' id='word_1_389' title='bbox 2592 2868 2819 2933; x_wconf 89' lang='lat' dir='ltr'><strong>erimus,</strong></span> <span class='ocrx_word' id='word_1_390' title='bbox 2882 2877 2940 2922; x_wconf 90' lang='lat' dir='ltr'><strong>ut</strong></span> <span class='ocrx_word' id='word_1_391' title='bbox 3005 2865 3299 2936; x_wconf 85' lang='lat' dir='ltr'><strong>aliquando</strong></span> <span class='ocrx_word' id='word_1_392' title='bbox 3337 2862 3481 2915; x_wconf 82' lang='lat' dir='ltr'><strong>aliud</strong></span> 
     </span>
    </p>
   </div>
   <div class='ocr_carea' id='block_1_49' title="bbox 268 2959 2205 3025">
    <p class='ocr_par' dir='ltr' id='par_1_49' title="bbox 268 2959 2205 3025">
     <span class='ocr_line' id='line_1_49' title="bbox 268 2959 2205 3025; baseline 0.002 -10"><span class='ocrx_word' id='word_1_393' title='bbox 268 2961 546 3015; x_wconf 80' lang='lat' dir='ltr'><strong>consilium</strong></span> <span class='ocrx_word' id='word_1_394' title='bbox 584 2968 823 3025; x_wconf 81' lang='lat' dir='ltr'><strong>captent,</strong></span> <span class='ocrx_word' id='word_1_395' title='bbox 847 2968 898 3011; x_wconf 86' lang='lat' dir='ltr'><strong>et</strong></span> <span class='ocrx_word' id='word_1_396' title='bbox 939 2960 1108 3013; x_wconf 91' lang='lat' dir='ltr'><strong>armis</strong></span> <span class='ocrx_word' id='word_1_397' title='bbox 1128 2959 1359 3013; x_wconf 87' lang='lat' dir='ltr'><strong>barbaro</strong></span> <span class='ocrx_word' id='word_1_398' title='bbox 1382 2960 1591 3015; x_wconf 86' lang='lat' dir='ltr'><strong>fortiter</strong></span> <span class='ocrx_word' id='word_1_399' title='bbox 1610 2961 1863 3015; x_wconf 88' lang='lat' dir='ltr'><strong>resistere</strong></span> <span class='ocrx_word' id='word_1_400' title='bbox 1901 2962 2205 3018; x_wconf 83' lang='lat' dir='ltr'><strong>instituant.</strong></span> 
     </span>
    </p>
   </div>
   <div class='ocr_carea' id='block_1_50' title="bbox 328 3050 1810 3119">
    <p class='ocr_par' dir='ltr' id='par_1_50' title="bbox 328 3050 1810 3119">
     <span class='ocr_line' id='line_1_50' title="bbox 328 3050 1810 3119; baseline 0 -14"><span class='ocrx_word' id='word_1_401' title='bbox 328 3054 511 3107; x_wconf 77' lang='grc' dir='ltr'>Ταῦτα</span> <span class='ocrx_word' id='word_1_402' title='bbox 539 3051 783 3113; x_wconf 79' lang='grc' dir='ltr'>εἰπόντος</span> <span class='ocrx_word' id='word_1_403' title='bbox 810 3050 902 3102; x_wconf 78' lang='grc' dir='ltr'>τοῦ</span> <span class='ocrx_word' id='word_1_404' title='bbox 931 3050 1227 3118; x_wconf 83' lang='grc' dir='ltr'>Βίκτωρος,</span> <span class='ocrx_word' id='word_1_405' title='bbox 1264 3052 1581 3105; x_wconf 74' lang='grc' dir='ltr'>συνέπαινοι</span> <span class='ocrx_word' id='word_1_406' title='bbox 1606 3069 1664 3104; x_wconf 89' lang='grc' dir='ltr'><strong>τε</strong></span> <span class='ocrx_word' id='word_1_407' title='bbox 1688 3052 1810 3119; x_wconf 77' lang='grc' dir='ltr'><strong>ἐγέ-</strong></span> 
     </span>
    </p>
   </div>
   <div class='ocr_carea' id='block_1_51' title="bbox 266 3140 1812 3210">
    <p class='ocr_par' dir='ltr' id='par_1_51' title="bbox 266 3140 1812 3210">
     <span class='ocr_line' id='line_1_51' title="bbox 266 3140 1812 3210; baseline -0.002 -14"><span class='ocrx_word' id='word_1_408' title='bbox 266 3162 407 3196; x_wconf 87' lang='grc' dir='ltr'>νοντο</span> <span class='ocrx_word' id='word_1_409' title='bbox 438 3146 535 3196; x_wconf 79' lang='grc' dir='ltr'>καὶ</span> <span class='ocrx_word' id='word_1_410' title='bbox 578 3143 627 3194; x_wconf 74' lang='grc' dir='ltr'><strong>οἱ</strong></span> <span class='ocrx_word' id='word_1_411' title='bbox 674 3140 891 3203; x_wconf 83' lang='grc' dir='ltr'>πλείους</span> <span class='ocrx_word' id='word_1_412' title='bbox 938 3142 984 3171; x_wconf 80' lang='grc'><strong>⁷⁸</strong></span> <span class='ocrx_word' id='word_1_413' title='bbox 1034 3140 1090 3191; x_wconf 80' lang='grc' dir='ltr'>ἐν</span> <span class='ocrx_word' id='word_1_414' title='bbox 1134 3141 1303 3210; x_wconf 79' lang='grc' dir='ltr'>αὐτῷ.</span> <span class='ocrx_word' id='word_1_415' title='bbox 1341 3142 1634 3205; x_wconf 82' lang='grc' dir='ltr'>Ἰσοπαλετς</span> <span class='ocrx_word' id='word_1_416' title='bbox 1668 3142 1723 3194; x_wconf 82' lang='grc' dir='ltr'><strong>δὲ</strong></span> <span class='ocrx_word' id='word_1_417' title='bbox 1755 3142 1812 3195; x_wconf 75' lang='lat' dir='ltr'><strong>ai</strong></span> 
     </span>
    </p>
   </div>
   <div class='ocr_carea' id='block_1_52' title="bbox 1985 3050 3479 3122">
    <p class='ocr_par' dir='ltr' id='par_1_52' title="bbox 1985 3050 3479 3122">
     <span class='ocr_line' id='line_1_52' title="bbox 1985 3050 3479 3122; baseline -0.006 -11"><span class='ocrx_word' id='word_1_418' title='bbox 1985 3054 2187 3120; x_wconf 82' lang='lat' dir='ltr'><strong>Victor,</strong></span> <span class='ocrx_word' id='word_1_419' title='bbox 2223 3052 2859 3122; x_wconf 80' lang='lat' dir='ltr'><strong>liujuseemodinratione</strong></span> <span class='ocrx_word' id='word_1_420' title='bbox 2892 3050 3093 3113; x_wconf 86' lang='lat' dir='ltr'><strong>habita,</strong></span> <span class='ocrx_word' id='word_1_421' title='bbox 3119 3051 3382 3121; x_wconf 90' lang='lat' dir='ltr'><strong>plurimos</strong></span> <span class='ocrx_word' id='word_1_422' title='bbox 3427 3052 3479 3103; x_wconf 92' lang='lat' dir='ltr'><strong>in</strong></span> 
     </span>
    </p>
   </div>
   <div class='ocr_carea' id='block_1_53' title="bbox 1918 3145 3484 3210">
    <p class='ocr_par' dir='ltr' id='par_1_53' title="bbox 1918 3145 3484 3210">
     <span class='ocr_line' id='line_1_53' title="bbox 1918 3145 3484 3210; baseline -0.004 -9"><span class='ocrx_word' id='word_1_423' title='bbox 1918 3162 2072 3201; x_wconf 88' lang='lat' dir='ltr'><strong>suam</strong></span> <span class='ocrx_word' id='word_1_424' title='bbox 2104 3148 2427 3200; x_wconf 88' lang='lat' dir='ltr'><strong>sententiam</strong></span> <span class='ocrx_word' id='word_1_425' title='bbox 2485 3146 2671 3200; x_wconf 66' lang='lat' dir='ltr'><strong>traxit.</strong></span> <span class='ocrx_word' id='word_1_426' title='bbox 2723 3145 2923 3200; x_wconf 87' lang='lat' dir='ltr'><strong>Calculi</strong></span> <span class='ocrx_word' id='word_1_427' title='bbox 2966 3154 3145 3198; x_wconf 85' lang='lat' dir='ltr'><strong>autem</strong></span> <span class='ocrx_word' id='word_1_428' title='bbox 3196 3161 3319 3198; x_wconf 88' lang='lat' dir='ltr'><strong>cum</strong></span> <span class='ocrx_word' id='word_1_429' title='bbox 3355 3162 3484 3210; x_wconf 79' lang='lat' dir='ltr'><strong>prn-</strong></span> 
     </span>
    </p>
   </div>
   <div class='ocr_carea' id='block_1_54' title="bbox 267 3234 1815 3326">
    <p class='ocr_par' dir='ltr' id='par_1_54' title="bbox 267 3234 1815 3307">
     <span class='ocr_line' id='line_1_54' title="bbox 267 3234 1815 3307; baseline -0.003 -16"><span class='ocrx_word' id='word_1_430' title='bbox 267 3239 429 3307; x_wconf 65' lang='grc' dir='ltr'>ψῆφοι</span> <span class='ocrx_word' id='word_1_431' title='bbox 477 3237 657 3301; x_wconf 78' lang='grc' dir='ltr'>οὖσαι,</span> <span class='ocrx_word' id='word_1_432' title='bbox 686 3236 833 3304; x_wconf 80' lang='grc' dir='ltr'><strong>ὅμως</strong></span> <span class='ocrx_word' id='word_1_433' title='bbox 896 3234 1277 3304; x_wconf 78' lang='grc' dir='ltr'><strong>ἐπεκράτησαν</strong></span> <span class='ocrx_word' id='word_1_434' title='bbox 1336 3235 1390 3287; x_wconf 76' lang='grc' dir='ltr'>αἱ</span> <span class='ocrx_word' id='word_1_435' title='bbox 1443 3234 1534 3287; x_wconf 74' lang='grc' dir='ltr'>τὸν</span> <span class='ocrx_word' id='word_1_436' title='bbox 1580 3234 1815 3302; x_wconf 87' lang='grc' dir='ltr'>πόλεμον</span> 
     </span>
    </p>
   </div>
   <div class='ocr_carea' id='block_1_55' title="bbox 1917 3234 3483 3326">
    <p class='ocr_par' dir='ltr' id='par_1_55' title="bbox 1918 3237 3483 3308">
     <span class='ocr_line' id='line_1_55' title="bbox 1918 3237 3483 3308; baseline -0.001 -17"><span class='ocrx_word' id='word_1_437' title='bbox 1918 3240 2206 3308; x_wconf 84' lang='lat' dir='ltr'><strong>pemodum</strong></span> <span class='ocrx_word' id='word_1_438' title='bbox 2235 3239 2488 3307; x_wconf 87' lang='lat' dir='ltr'><strong>utrinque</strong></span> <span class='ocrx_word' id='word_1_439' title='bbox 2512 3247 2697 3293; x_wconf 78' lang='lat' dir='ltr'><strong>essent</strong></span> <span class='ocrx_word' id='word_1_440' title='bbox 2749 3237 2986 3305; x_wconf 61' lang='lat' dir='ltr'><strong>aequales</strong></span> <span class='ocrx_word' id='word_1_441' title='bbox 3018 3253 3263 3298; x_wconf 83' lang='lat' dir='ltr'><strong>numero,</strong></span> <span class='ocrx_word' id='word_1_442' title='bbox 3306 3238 3483 3291; x_wconf 79' lang='lat' dir='ltr'><strong>vicere</strong></span> 
     </span>
    </p>
   </div>
   <div class='ocr_carea' id='block_1_56' title="bbox 266 3325 1817 3397">
    <p class='ocr_par' dir='ltr' id='par_1_56' title="bbox 266 3325 1817 3397">
     <span class='ocr_line' id='line_1_56' title="bbox 266 3325 1817 3397; baseline -0.005 -13"><span class='ocrx_word' id='word_1_443' title='bbox 266 3330 726 3397; x_wconf 75' lang='grc' dir='ltr'>ἀπαγγέλλουσαι.</span> <span class='ocrx_word' id='word_1_444' title='bbox 771 3326 923 3381; x_wconf 81' lang='grc' dir='ltr'>Μετὰ</span> <span class='ocrx_word' id='word_1_445' title='bbox 974 3326 1031 3379; x_wconf 78' lang='grc' dir='ltr'><strong>δὲ</strong></span> <span class='ocrx_word' id='word_1_446' title='bbox 1078 3327 1273 3378; x_wconf 78' lang='grc' dir='ltr'>αὐτίκα</span> <span class='ocrx_word' id='word_1_447' title='bbox 1327 3326 1501 3378; x_wconf 76' lang='grc' dir='ltr'>ἐδόκει</span> <span class='ocrx_word' id='word_1_448' title='bbox 1558 3325 1817 3396; x_wconf 72' lang='grc' dir='ltr'>πρέσϐεις</span> 
     </span>
    </p>
   </div>
   <div class='ocr_carea' id='block_1_57' title="bbox 274 3416 1819 3492">
    <p class='ocr_par' dir='ltr' id='par_1_57' title="bbox 274 3416 1819 3492">
     <span class='ocr_line' id='line_1_57' title="bbox 274 3416 1819 3492; baseline -0.005 -17"><span class='ocrx_word' id='word_1_449' title='bbox 274 3425 372 3492; x_wconf 70' lang='grc' dir='ltr'><strong>μὲν</strong></span> <span class='ocrx_word' id='word_1_450' title='bbox 404 3425 459 3479; x_wconf 73' lang='grc' dir='ltr'>ἐς</span> <span class='ocrx_word' id='word_1_451' title='bbox 492 3423 581 3473; x_wconf 69' lang='grc' dir='ltr'>τίιν</span> <span class='ocrx_word' id='word_1_452' title='bbox 622 3421 795 3490; x_wconf 81' lang='grc' dir='ltr'>μέγαν</span> <span class='ocrx_word' id='word_1_453' title='bbox 826 3418 1089 3487; x_wconf 82' lang='grc' dir='ltr'>ἀρχιερέα</span> <span class='ocrx_word' id='word_1_454' title='bbox 1120 3418 1381 3487; x_wconf 79' lang='grc' dir='ltr'><strong>πέμπειν,</strong></span> <span class='ocrx_word' id='word_1_455' title='bbox 1410 3418 1506 3470; x_wconf 55' lang='grc' dir='ltr'><strong>καί¹</strong></span> <span class='ocrx_word' id='word_1_456' title='bbox 1533 3418 1624 3469; x_wconf 61' lang='grc' dir='ltr'><strong>ἐπὶ</strong></span> <span class='ocrx_word' id='word_1_457' title='bbox 1656 3416 1819 3469; x_wconf 63' lang='grc' dir='ltr'>Παίου</span> 
     </span>
    </p>
   </div>
   <div class='ocr_carea' id='block_1_58' title="bbox 272 3511 1818 3584">
    <p class='ocr_par' dir='ltr' id='par_1_58' title="bbox 272 3511 1818 3584">
     <span class='ocr_line' id='line_1_58' title="bbox 272 3511 1818 3584; baseline -0.006 -14"><span class='ocrx_word' id='word_1_458' title='bbox 272 3536 370 3580; x_wconf 89' lang='grc' dir='ltr'><strong>νας</strong></span> <span class='ocrx_word' id='word_1_459' title='bbox 402 3518 594 3569; x_wconf 76' lang='grc' dir='ltr'>αὐτίκα</span> <span class='ocrx_word' id='word_1_460' title='bbox 649 3514 910 3584; x_wconf 73' lang='grc' dir='ltr'>πρέσϐεις</span> <span class='ocrx_word' id='word_1_461' title='bbox 964 3514 1205 3581; x_wconf 84' lang='grc' dir='ltr'>πέμπειν</span> <span class='ocrx_word' id='word_1_462' title='bbox 1243 3512 1520 3574; x_wconf 80' lang='grc' dir='ltr'><strong>ὡσαύτως,</strong></span> <span class='ocrx_word' id='word_1_463' title='bbox 1558 3511 1818 3581; x_wconf 83' lang='grc' dir='ltr'>χρήματα</span> 
     </span>
    </p>
   </div>
   <div class='ocr_carea' id='block_1_59' title="bbox 268 3602 1818 3680">
    <p class='ocr_par' dir='ltr' id='par_1_59' title="bbox 268 3602 1818 3680">
     <span class='ocr_line' id='line_1_59' title="bbox 268 3602 1818 3680; baseline -0.006 -17"><span class='ocrx_word' id='word_1_464' title='bbox 268 3613 509 3680; x_wconf 78' lang='grc' dir='ltr'>ἔχοντας.</span> <span class='ocrx_word' id='word_1_465' title='bbox 562 3610 625 3663; x_wconf 79' lang='lat' dir='ltr'><strong>Oi</strong></span> <span class='ocrx_word' id='word_1_466' title='bbox 685 3610 782 3678; x_wconf 80' lang='grc' dir='ltr'><strong>μὲν</strong></span> <span class='ocrx_word' id='word_1_467' title='bbox 815 3608 907 3661; x_wconf 75' lang='grc' dir='ltr'>οὖν</span> <span class='ocrx_word' id='word_1_468' title='bbox 960 3607 1220 3677; x_wconf 76' lang='grc' dir='ltr'>πρέσϐεις</span> <span class='ocrx_word' id='word_1_469' title='bbox 1280 3605 1601 3673; x_wconf 78' lang='grc' dir='ltr'>ἀφικόμενοι</span> <span class='ocrx_word' id='word_1_470' title='bbox 1632 3604 1687 3665; x_wconf 82' lang='grc' dir='ltr'>ὲς</span> <span class='ocrx_word' id='word_1_471' title='bbox 1727 3602 1818 3654; x_wconf 77' lang='grc' dir='ltr'>τὸν</span> 
     </span>
    </p>
   </div>
   <div class='ocr_carea' id='block_1_60' title="bbox 269 3696 1819 3771">
    <p class='ocr_par' dir='ltr' id='par_1_60' title="bbox 269 3696 1819 3771">
     <span class='ocr_line' id='line_1_60' title="bbox 269 3696 1819 3771; baseline -0.006 -14"><span class='ocrx_word' id='word_1_472' title='bbox 269 3707 434 3764; x_wconf 77' lang='grc' dir='ltr'>ἄκρον</span> <span class='ocrx_word' id='word_1_473' title='bbox 472 3701 751 3771; x_wconf 75' lang='grc' dir='ltr'>ἀρχιερέα,</span> <span class='ocrx_word' id='word_1_474' title='bbox 801 3701 982 3763; x_wconf 76' lang='grc' dir='ltr'>ελεγον</span> <span class='ocrx_word' id='word_1_475' title='bbox 1020 3701 1085 3751; x_wconf 67' lang='grc' dir='ltr'><strong>τὰ</strong></span> <span class='ocrx_word' id='word_1_476' title='bbox 1118 3699 1427 3767; x_wconf 79' lang='grc' dir='ltr'>καθήκοντα</span> <span class='ocrx_word' id='word_1_477' title='bbox 1458 3698 1567 3759; x_wconf 78' lang='grc' dir='ltr'>τοῖς</span> <span class='ocrx_word' id='word_1_478' title='bbox 1620 3696 1819 3748; x_wconf 77' lang='grc' dir='ltr'>Οὐενε-</span> 
     </span>
    </p>
   </div>
   <div class='ocr_carea' id='block_1_61' title="bbox 268 3789 1821 3862">
    <p class='ocr_par' dir='ltr' id='par_1_61' title="bbox 268 3789 1821 3862">
     <span class='ocr_line' id='line_1_61' title="bbox 268 3789 1821 3862; baseline -0.005 -15"><span class='ocrx_word' id='word_1_479' title='bbox 268 3797 396 3855; x_wconf 75' lang='grc' dir='ltr'>τοίς.</span> <span class='ocrx_word' id='word_1_480' title='bbox 428 3795 502 3855; x_wconf 86' lang='grc' dir='ltr'>ὼς</span> <span class='ocrx_word' id='word_1_481' title='bbox 548 3798 605 3846; x_wconf 83' lang='grc' dir='ltr'>ἐν</span> <span class='ocrx_word' id='word_1_482' title='bbox 658 3793 835 3862; x_wconf 81' lang='grc' dir='ltr'>καιρῷ</span> <span class='ocrx_word' id='word_1_483' title='bbox 877 3792 1015 3845; x_wconf 81' lang='grc' dir='ltr'>πάνυ</span> <span class='ocrx_word' id='word_1_484' title='bbox 1052 3793 1133 3856; x_wconf 75' lang='grc' dir='ltr'>εἴη</span> <span class='ocrx_word' id='word_1_485' title='bbox 1171 3791 1284 3857; x_wconf 73' lang='grc' dir='ltr'>ἃμα</span> <span class='ocrx_word' id='word_1_486' title='bbox 1319 3791 1504 3851; x_wconf 73' lang='grc' dir='ltr'>αὐτοῖς</span> <span class='ocrx_word' id='word_1_487' title='bbox 1538 3790 1626 3841; x_wconf 72' lang='grc' dir='ltr'><strong>τὸν</strong></span> <span class='ocrx_word' id='word_1_488' title='bbox 1664 3789 1821 3841; x_wconf 82' lang='grc' dir='ltr'>πόλε-</span> 
     </span>
    </p>
   </div>
   <div class='ocr_carea' id='block_1_62' title="bbox 270 3880 1818 3953">
    <p class='ocr_par' dir='ltr' id='par_1_62' title="bbox 270 3880 1818 3953">
     <span class='ocr_line' id='line_1_62' title="bbox 270 3880 1818 3953; baseline -0.005 -15"><span class='ocrx_word' id='word_1_489' title='bbox 270 3904 366 3953; x_wconf 85' lang='grc' dir='ltr'>μον</span> <span class='ocrx_word' id='word_1_490' title='bbox 418 3885 815 3953; x_wconf 73' lang='grc' dir='ltr'>ἀναιρούμενον</span> <span class='ocrx_word' id='word_1_491' title='bbox 867 3886 977 3943; x_wconf 75' lang='grc' dir='ltr'>τοῖς</span> <span class='ocrx_word' id='word_1_492' title='bbox 1016 3883 1324 3953; x_wconf 71' lang='grc' dir='ltr'>Βαρϐἀροις</span> <span class='ocrx_word' id='word_1_493' title='bbox 1370 3880 1818 3949; x_wconf 78' lang='grc' dir='ltr'>διαπράττεσθαι,</span> 
     </span>
    </p>
   </div>
   <div class='ocr_carea' id='block_1_63' title="bbox 268 3974 1822 4045">
    <p class='ocr_par' dir='ltr' id='par_1_63' title="bbox 268 3974 1822 4045">
     <span class='ocr_line' id='line_1_63' title="bbox 268 3974 1822 4045; baseline -0.003 -14"><span class='ocrx_word' id='word_1_494' title='bbox 268 3978 381 4031; x_wconf 78' lang='grc' dir='ltr'>ἃττ’</span> <span class='ocrx_word' id='word_1_495' title='bbox 407 3978 477 4030; x_wconf 78' lang='grc' dir='ltr'>ἂν</span> <span class='ocrx_word' id='word_1_496' title='bbox 509 3975 660 4045; x_wconf 78' lang='grc' dir='ltr'>αὐτῷ</span> <span class='ocrx_word' id='word_1_497' title='bbox 698 3977 791 4027; x_wconf 68' lang='grc' dir='ltr'><strong>καὶ</strong></span> <span class='ocrx_word' id='word_1_498' title='bbox 822 3978 1086 4044; x_wconf 85' lang='grc' dir='ltr'>πρότερον</span> <span class='ocrx_word' id='word_1_499' title='bbox 1118 3977 1173 4025; x_wconf 84' lang='grc' dir='ltr'>ἐν</span> <span class='ocrx_word' id='word_1_500' title='bbox 1220 3974 1444 4045; x_wconf 76' lang='grc' dir='ltr'>Μαντύῃ</span> <span class='ocrx_word' id='word_1_501' title='bbox 1481 3976 1822 4041; x_wconf 81' lang='grc' dir='ltr'>ἐπετήδευτο.</span> 
     </span>
    </p>
   </div>
   <div class='ocr_carea' id='block_1_64' title="bbox 274 4067 1824 4140">
    <p class='ocr_par' dir='ltr' id='par_1_64' title="bbox 274 4067 1824 4140">
     <span class='ocr_line' id='line_1_64' title="bbox 274 4067 1824 4140; baseline -0.003 -17"><span class='ocrx_word' id='word_1_502' title='bbox 274 4072 334 4123; x_wconf 85' lang='grc' dir='ltr'>ὐ</span> <span class='ocrx_word' id='word_1_503' title='bbox 357 4070 404 4123; x_wconf 78' lang='grc' dir='ltr'><strong>δ’</strong></span> <span class='ocrx_word' id='word_1_504' title='bbox 427 4072 715 4140; x_wconf 81' lang='grc' dir='ltr'>ἀρχιερεὺς</span> <span class='ocrx_word' id='word_1_505' title='bbox 740 4068 1022 4122; x_wconf 70' lang='grc' dir='ltr'>ὑπολαϐων</span> <span class='ocrx_word' id='word_1_506' title='bbox 1038 4068 1241 4135; x_wconf 74' lang='grc' dir='ltr'>ἔλεγεν,</span> <span class='ocrx_word' id='word_1_507' title='bbox 1261 4069 1335 4128; x_wconf 80' lang='grc' dir='ltr'><strong>ὡς</strong></span> <span class='ocrx_word' id='word_1_508' title='bbox 1357 4068 1653 4134; x_wconf 77' lang='grc' dir='ltr'>ἀναγκαῖον</span> <span class='ocrx_word' id='word_1_509' title='bbox 1674 4067 1824 4134; x_wconf 75' lang='grc' dir='ltr'>πρῶ-</span> 
     </span>
    </p>
   </div>
   <div class='ocr_carea' id='block_1_65' title="bbox 262 4160 1823 4231">
    <p class='ocr_par' dir='ltr' id='par_1_65' title="bbox 262 4160 1823 4231">
     <span class='ocr_line' id='line_1_65' title="bbox 262 4160 1823 4231; baseline -0.001 -19"><span class='ocrx_word' id='word_1_510' title='bbox 262 4180 352 4215; x_wconf 81' lang='grc' dir='ltr'><strong>τον</strong></span> <span class='ocrx_word' id='word_1_511' title='bbox 381 4163 546 4217; x_wconf 74' lang='grc' dir='ltr'>αὐτὸν</span> <span class='ocrx_word' id='word_1_512' title='bbox 575 4162 664 4214; x_wconf 75' lang='grc' dir='ltr'><strong>τὸν</strong></span> <span class='ocrx_word' id='word_1_513' title='bbox 691 4162 883 4231; x_wconf 74' lang='grc' dir='ltr'>μικρὸν</span> <span class='ocrx_word' id='word_1_514' title='bbox 910 4162 1191 4229; x_wconf 72' lang='grc' dir='ltr'>Βάρεαοον</span> <span class='ocrx_word' id='word_1_515' title='bbox 1220 4161 1282 4211; x_wconf 76' lang='grc' dir='ltr'>ἐκ</span> <span class='ocrx_word' id='word_1_516' title='bbox 1320 4160 1489 4227; x_wconf 81' lang='grc' dir='ltr'>μέσου</span> <span class='ocrx_word' id='word_1_517' title='bbox 1532 4161 1823 4224; x_wconf 81' lang='grc' dir='ltr'>ποιεῖσθαι,</span> 
     </span>
    </p>
   </div>
   <div class='ocr_carea' id='block_1_66' title="bbox 264 4256 1825 4325">
    <p class='ocr_par' dir='ltr' id='par_1_66' title="bbox 264 4256 1825 4325">
     <span class='ocr_line' id='line_1_66' title="bbox 264 4256 1825 4325; baseline -0.001 -17"><span class='ocrx_word' id='word_1_518' title='bbox 264 4257 362 4309; x_wconf 77' lang='grc' dir='ltr'>εἶθ’</span> <span class='ocrx_word' id='word_1_519' title='bbox 409 4257 587 4320; x_wconf 72' lang='grc' dir='ltr'>οὕτως</span> <span class='ocrx_word' id='word_1_520' title='bbox 623 4257 759 4310; x_wconf 78' lang='grc' dir='ltr'>ξέναι</span> <span class='ocrx_word' id='word_1_521' title='bbox 815 4258 907 4310; x_wconf 74' lang='grc' dir='ltr'>καὶ</span> <span class='ocrx_word' id='word_1_522' title='bbox 940 4257 1029 4309; x_wconf 79' lang='grc' dir='ltr'><strong>ἐπὶ</strong></span> <span class='ocrx_word' id='word_1_523' title='bbox 1053 4258 1143 4309; x_wconf 68' lang='grc' dir='ltr'><strong>τὸν</strong></span> <span class='ocrx_word' id='word_1_524' title='bbox 1174 4261 1344 4325; x_wconf 66' lang='grc' dir='ltr'>μέγαν</span> <span class='ocrx_word' id='word_1_525' title='bbox 1366 4276 1380 4287; x_wconf 89' lang='grc'><strong>·</strong></span> <span class='ocrx_word' id='word_1_526' title='bbox 1411 4257 1688 4325; x_wconf 76' lang='grc' dir='ltr'>σημαίνων</span> <span class='ocrx_word' id='word_1_527' title='bbox 1737 4256 1825 4306; x_wconf 71' lang='grc' dir='ltr'><strong>τὸν</strong></span> 
     </span>
    </p>
   </div>
   <div class='ocr_carea' id='block_1_67' title="bbox 265 4346 1826 4421">
    <p class='ocr_par' dir='ltr' id='par_1_67' title="bbox 265 4346 1826 4421">
     <span class='ocr_line' id='line_1_67' title="bbox 265 4346 1826 4421; baseline -0.003 -18"><span class='ocrx_word' id='word_1_528' title='bbox 265 4350 563 4420; x_wconf 75' lang='grc' dir='ltr'>Ἀριμήνου</span> <span class='ocrx_word' id='word_1_529' title='bbox 582 4350 845 4420; x_wconf 71' lang='grc' dir='ltr'>ἡγεμόνα,</span> <span class='ocrx_word' id='word_1_530' title='bbox 880 4351 1008 4421; x_wconf 68' lang='grc' dir='ltr'>πρὸς,</span> <span class='ocrx_word' id='word_1_531' title='bbox 1035 4352 1090 4402; x_wconf 79' lang='grc' dir='ltr'>ὃν</span> <span class='ocrx_word' id='word_1_532' title='bbox 1109 4350 1340 4419; x_wconf 85' lang='grc' dir='ltr'>πόλεμος</span> <span class='ocrx_word' id='word_1_533' title='bbox 1359 4346 1424 4419; x_wconf 83' lang='grc' dir='ltr'>ἦν</span> <span class='ocrx_word' id='word_1_534' title='bbox 1462 4350 1627 4418; x_wconf 78' lang='grc' dir='ltr'>αὐτῷ,</span> <span class='ocrx_word' id='word_1_535' title='bbox 1659 4348 1826 4402; x_wconf 79' lang='grc' dir='ltr'>διενε-</span> 
     </span>
    </p>
   </div>
   <div class='ocr_carea' id='block_1_68' title="bbox 264 4438 1827 4513">
    <p class='ocr_par' dir='ltr' id='par_1_68' title="bbox 264 4438 1827 4513">
     <span class='ocr_line' id='line_1_68' title="bbox 264 4438 1827 4513; baseline -0.001 -20"><span class='ocrx_word' id='word_1_536' title='bbox 264 4444 469 4511; x_wconf 79' lang='grc' dir='ltr'>χθέντα</span> <span class='ocrx_word' id='word_1_537' title='bbox 518 4443 611 4494; x_wconf 73' lang='grc' dir='ltr'>ἐπὶ</span> <span class='ocrx_word' id='word_1_538' title='bbox 661 4443 866 4513; x_wconf 82' lang='grc' dir='ltr'>τρόπῳ,</span> <span class='ocrx_word' id='word_1_539' title='bbox 909 4443 965 4494; x_wconf 79' lang='grc' dir='ltr'>ὃν</span> <span class='ocrx_word' id='word_1_540' title='bbox 1019 4443 1349 4509; x_wconf 83' lang='grc' dir='ltr'>παραλιπεῖν</span> <span class='ocrx_word' id='word_1_541' title='bbox 1404 4442 1574 4506; x_wconf 77' lang='grc' dir='ltr'>ἄξιον.</span> <span class='ocrx_word' id='word_1_542' title='bbox 1619 4440 1716 4493; x_wconf 70' lang='grc' dir='ltr'>Διὰ</span> <span class='ocrx_word' id='word_1_543' title='bbox 1762 4438 1827 4509; x_wconf 83' lang='grc' dir='ltr'><strong>δὴ</strong></span> 
     </span>
    </p>
   </div>
   <div class='ocr_carea' id='block_1_69' title="bbox 265 4530 1827 4599">
    <p class='ocr_par' dir='ltr' id='par_1_69' title="bbox 265 4530 1827 4599">
     <span class='ocr_line' id='line_1_69' title="bbox 265 4530 1827 4599; baseline -0.001 -17"><span class='ocrx_word' id='word_1_544' title='bbox 265 4532 448 4585; x_wconf 74' lang='grc' dir='ltr'>ταῦτα</span> <span class='ocrx_word' id='word_1_545' title='bbox 503 4531 677 4584; x_wconf 80' lang='grc' dir='ltr'>αἰτίαν</span> <span class='ocrx_word' id='word_1_546' title='bbox 736 4530 1014 4599; x_wconf 72' lang='grc' dir='ltr'>ἐπιφέρων</span> <span class='ocrx_word' id='word_1_547' title='bbox 1064 4531 1338 4598; x_wconf 72' lang='grc' dir='ltr'>τοιαύτην,</span> <span class='ocrx_word' id='word_1_548' title='bbox 1379 4530 1658 4598; x_wconf 70' lang='grc' dir='ltr'>ἐπολέμει.</span> <span class='ocrx_word' id='word_1_549' title='bbox 1715 4530 1827 4583; x_wconf 72' lang='grc' dir='ltr'><strong>Καὶ</strong></span> 
     </span>
    </p>
   </div>
   <div class='ocr_carea' id='block_1_70' title="bbox 1919 3329 3480 3400">
    <p class='ocr_par' dir='ltr' id='par_1_70' title="bbox 1919 3329 3480 3400">
     <span class='ocr_line' id='line_1_70' title="bbox 1919 3329 3480 3400; baseline -0.004 -14"><span class='ocrx_word' id='word_1_550' title='bbox 1919 3342 2120 3395; x_wconf 83' lang='lat' dir='ltr'><strong>tamen,</strong></span> <span class='ocrx_word' id='word_1_551' title='bbox 2154 3331 2278 3399; x_wconf 88' lang='lat' dir='ltr'><strong>quia</strong></span> <span class='ocrx_word' id='word_1_552' title='bbox 2339 3331 2618 3400; x_wconf 84' lang='lat' dir='ltr'><strong>aliquanto</strong></span> <span class='ocrx_word' id='word_1_553' title='bbox 2680 3331 2861 3397; x_wconf 87' lang='lat' dir='ltr'><strong>plures</strong></span> <span class='ocrx_word' id='word_1_554' title='bbox 2912 3338 3091 3394; x_wconf 86' lang='lat' dir='ltr'><strong>erant,</strong></span> <span class='ocrx_word' id='word_1_555' title='bbox 3147 3330 3240 3398; x_wconf 90' lang='lat' dir='ltr'><strong>qui</strong></span> <span class='ocrx_word' id='word_1_556' title='bbox 3280 3329 3480 3382; x_wconf 87' lang='lat' dir='ltr'><strong>bellum</strong></span> 
     </span>
    </p>
   </div>
   <div class='ocr_carea' id='block_1_71' title="bbox 1919 3420 3481 3483">
    <p class='ocr_par' dir='ltr' id='par_1_71' title="bbox 1919 3420 3481 3483">
     <span class='ocr_line' id='line_1_71' title="bbox 1919 3420 3481 3483; baseline -0.004 -9"><span class='ocrx_word' id='word_1_557' title='bbox 1919 3421 2263 3475; x_wconf 83' lang='lat' dir='ltr'><strong>nuntiabant.</strong></span> <span class='ocrx_word' id='word_1_558' title='bbox 2294 3421 2603 3476; x_wconf 89' lang='lat' dir='ltr'><strong>Secundum</strong></span> <span class='ocrx_word' id='word_1_559' title='bbox 2630 3421 2744 3474; x_wconf 71' lang='lat' dir='ltr'><strong>haec</strong></span> <span class='ocrx_word' id='word_1_560' title='bbox 2785 3421 3060 3475; x_wconf 91' lang='lat' dir='ltr'><strong>decretum</strong></span> <span class='ocrx_word' id='word_1_561' title='bbox 3116 3420 3316 3473; x_wconf 88' lang='lat' dir='ltr'><strong>factum</strong></span> <span class='ocrx_word' id='word_1_562' title='bbox 3372 3432 3481 3483; x_wconf 80' lang='lat' dir='ltr'><strong>est,</strong></span> 
     </span>
    </p>
   </div>
   <div class='ocr_carea' id='block_1_72' title="bbox 1920 3510 3483 3581">
    <p class='ocr_par' dir='ltr' id='par_1_72' title="bbox 1920 3510 3483 3581">
     <span class='ocr_line' id='line_1_72' title="bbox 1920 3510 3483 3581; baseline -0.003 -14"><span class='ocrx_word' id='word_1_563' title='bbox 1920 3523 1979 3568; x_wconf 92' lang='lat' dir='ltr'><strong>ut</strong></span> <span class='ocrx_word' id='word_1_564' title='bbox 2004 3513 2162 3579; x_wconf 81' lang='lat' dir='ltr'><strong>legati</strong></span> <span class='ocrx_word' id='word_1_565' title='bbox 2203 3514 2415 3567; x_wconf 90' lang='lat' dir='ltr'><strong>abirent</strong></span> <span class='ocrx_word' id='word_1_566' title='bbox 2466 3513 2534 3567; x_wconf 89' lang='lat' dir='ltr'><strong>ad</strong></span> <span class='ocrx_word' id='word_1_567' title='bbox 2584 3512 2897 3581; x_wconf 84' lang='lat' dir='ltr'><strong>pontificem</strong></span> <span class='ocrx_word' id='word_1_568' title='bbox 2942 3528 3222 3581; x_wconf 88' lang='lat' dir='ltr'><strong>magnum,</strong></span> <span class='ocrx_word' id='word_1_569' title='bbox 3267 3522 3320 3565; x_wconf 92' lang='lat' dir='ltr'><strong>et</strong></span> <span class='ocrx_word' id='word_1_570' title='bbox 3385 3510 3483 3563; x_wconf 91' lang='lat' dir='ltr'><strong>alii</strong></span> 
     </span>
    </p>
   </div>
   <div class='ocr_carea' id='block_1_73' title="bbox 1921 3605 3482 3675">
    <p class='ocr_par' dir='ltr' id='par_1_73' title="bbox 1921 3605 3482 3675">
     <span class='ocr_line' id='line_1_73' title="bbox 1921 3605 3482 3675; baseline -0.002 -19"><span class='ocrx_word' id='word_1_571' title='bbox 1921 3622 2079 3673; x_wconf 83' lang='lat' dir='ltr'><strong>porro</strong></span> <span class='ocrx_word' id='word_1_572' title='bbox 2121 3607 2184 3659; x_wconf 89' lang='lat' dir='ltr'><strong>ad</strong></span> <span class='ocrx_word' id='word_1_573' title='bbox 2215 3605 2497 3660; x_wconf 77' lang='lat' dir='ltr'><strong>Pannones</strong></span> <span class='ocrx_word' id='word_1_574' title='bbox 2544 3605 2924 3675; x_wconf 81' lang='lat' dir='ltr'><strong>ablegarentur</strong></span> <span class='ocrx_word' id='word_1_575' title='bbox 2994 3621 3117 3657; x_wconf 89' lang='lat' dir='ltr'><strong>eum</strong></span> <span class='ocrx_word' id='word_1_576' title='bbox 3162 3618 3359 3673; x_wconf 86' lang='lat' dir='ltr'><strong>magna</strong></span> <span class='ocrx_word' id='word_1_577' title='bbox 3393 3618 3482 3671; x_wconf 84' lang='lat' dir='ltr'><strong>pe-</strong></span> 
     </span>
    </p>
   </div>
   <div class='ocr_carea' id='block_1_74' title="bbox 1922 3694 3487 3766">
    <p class='ocr_par' dir='ltr' id='par_1_74' title="bbox 1922 3694 3487 3766">
     <span class='ocr_line' id='line_1_74' title="bbox 1922 3694 3487 3766; baseline -0.003 -16"><span class='ocrx_word' id='word_1_578' title='bbox 1922 3700 2096 3751; x_wconf 59' lang='lat' dir='ltr'><strong>cuniae</strong></span> <span class='ocrx_word' id='word_1_579' title='bbox 2139 3698 2209 3751; x_wconf 89' lang='lat' dir='ltr'><strong>vi.</strong></span> <span class='ocrx_word' id='word_1_580' title='bbox 2262 3696 2445 3766; x_wconf 83' lang='lat' dir='ltr'><strong>Legati</strong></span> <span class='ocrx_word' id='word_1_581' title='bbox 2486 3697 2764 3750; x_wconf 88' lang='lat' dir='ltr'><strong>venientes</strong></span> <span class='ocrx_word' id='word_1_582' title='bbox 2812 3696 2877 3750; x_wconf 87' lang='lat' dir='ltr'><strong>ad</strong></span> <span class='ocrx_word' id='word_1_583' title='bbox 2942 3696 3249 3764; x_wconf 80' lang='lat' dir='ltr'><strong>pontificem</strong></span> <span class='ocrx_word' id='word_1_584' title='bbox 3310 3694 3487 3746; x_wconf 77' lang='lat' dir='ltr'><strong>nuixi-</strong></span> 
     </span>
    </p>
   </div>
   <div class='ocr_carea' id='block_1_75' title="bbox 1923 3786 3486 3856">
    <p class='ocr_par' dir='ltr' id='par_1_75' title="bbox 1923 3786 3486 3856">
     <span class='ocr_line' id='line_1_75' title="bbox 1923 3786 3486 3856; baseline -0.004 -13"><span class='ocrx_word' id='word_1_585' title='bbox 1923 3806 2094 3854; x_wconf 89' lang='lat' dir='ltr'><strong>mum,</strong></span> <span class='ocrx_word' id='word_1_586' title='bbox 2126 3789 2379 3843; x_wconf 78' lang='lat' dir='ltr'><strong>dixerunt</strong></span> <span class='ocrx_word' id='word_1_587' title='bbox 2412 3805 2531 3856; x_wconf 84' lang='lat' dir='ltr'><strong>quae</strong></span> <span class='ocrx_word' id='word_1_588' title='bbox 2559 3786 2794 3843; x_wconf 77' lang='lat' dir='ltr'><strong>Venetos</strong></span> <span class='ocrx_word' id='word_1_589' title='bbox 2843 3789 3025 3843; x_wconf 83' lang='lat' dir='ltr'><strong>dicere</strong></span> <span class='ocrx_word' id='word_1_590' title='bbox 3086 3803 3299 3855; x_wconf 76' lang='lat' dir='ltr'><strong>:equum</strong></span> <span class='ocrx_word' id='word_1_591' title='bbox 3349 3796 3486 3847; x_wconf 88' lang='lat' dir='ltr'><strong>erat,</strong></span> 
     </span>
    </p>
   </div>
   <div class='ocr_carea' id='block_1_76' title="bbox 1921 3882 3485 3949">
    <p class='ocr_par' dir='ltr' id='par_1_76' title="bbox 1921 3882 3485 3949">
     <span class='ocr_line' id='line_1_76' title="bbox 1921 3882 3485 3949; baseline -0.005 -14"><span class='ocrx_word' id='word_1_592' title='bbox 1921 3884 2173 3937; x_wconf 88' lang='lat' dir='ltr'><strong>videlicet</strong></span> <span class='ocrx_word' id='word_1_593' title='bbox 2207 3892 2415 3949; x_wconf 83' lang='lat' dir='ltr'><strong>tempus</strong></span> <span class='ocrx_word' id='word_1_594' title='bbox 2457 3895 2597 3934; x_wconf 91' lang='lat' dir='ltr'><strong>nunc</strong></span> <span class='ocrx_word' id='word_1_595' title='bbox 2636 3882 2864 3944; x_wconf 88' lang='lat' dir='ltr'><strong>instare,</strong></span> <span class='ocrx_word' id='word_1_596' title='bbox 2903 3891 2955 3934; x_wconf 89' lang='lat' dir='ltr'><strong>et</strong></span> <span class='ocrx_word' id='word_1_597' title='bbox 2999 3894 3242 3941; x_wconf 88' lang='lat' dir='ltr'><strong>monere,</strong></span> <span class='ocrx_word' id='word_1_598' title='bbox 3279 3884 3336 3929; x_wconf 92' lang='lat' dir='ltr'><strong>ut</strong></span> <span class='ocrx_word' id='word_1_599' title='bbox 3379 3892 3485 3929; x_wconf 85' lang='lat' dir='ltr'><strong>una</strong></span> 
     </span>
    </p>
   </div>
   <div class='ocr_carea' id='block_1_77' title="bbox 1923 3971 3485 4042">
    <p class='ocr_par' dir='ltr' id='par_1_77' title="bbox 1923 3971 3485 4042">
     <span class='ocr_line' id='line_1_77' title="bbox 1923 3971 3485 4042; baseline -0.005 -15"><span class='ocrx_word' id='word_1_600' title='bbox 1923 3989 2045 4027; x_wconf 92' lang='lat' dir='ltr'><strong>eum</strong></span> <span class='ocrx_word' id='word_1_601' title='bbox 2100 3973 2229 4042; x_wconf 84' lang='lat' dir='ltr'><strong>ipsis</strong></span> <span class='ocrx_word' id='word_1_602' title='bbox 2283 3974 2481 4026; x_wconf 89' lang='lat' dir='ltr'><strong>bellum</strong></span> <span class='ocrx_word' id='word_1_603' title='bbox 2524 3973 2785 4026; x_wconf 89' lang='lat' dir='ltr'><strong>adversus</strong></span> <span class='ocrx_word' id='word_1_604' title='bbox 2834 3971 3100 4024; x_wconf 74' lang='lat' dir='ltr'><strong>Barbaros</strong></span> <span class='ocrx_word' id='word_1_605' title='bbox 3160 3977 3485 4037; x_wconf 87' lang='lat' dir='ltr'><strong>capesseret,</strong></span> 
     </span>
    </p>
   </div>
   <div class='ocr_carea' id='block_1_78' title="bbox 1924 4056 3490 4134">
    <p class='ocr_par' dir='ltr' id='par_1_78' title="bbox 1924 4056 3490 4134">
     <span class='ocr_line' id='line_1_78' title="bbox 1924 4056 3490 4134; baseline -0.004 -19"><span class='ocrx_word' id='word_1_606' title='bbox 1924 4063 2374 4134; x_wconf 87' lang='lat' dir='ltr'><strong>quemadmodum</strong></span> <span class='ocrx_word' id='word_1_607' title='bbox 2420 4062 2649 4116; x_wconf 73' lang='lat' dir='ltr'><strong>Mantua:</strong></span> <span class='ocrx_word' id='word_1_608' title='bbox 2689 4060 3051 4116; x_wconf 90' lang='lat' dir='ltr'><strong>convenisset.</strong></span> <span class='ocrx_word' id='word_1_609' title='bbox 3122 4056 3367 4111; x_wconf 82' lang='lat' dir='ltr'><strong>Pontifex</strong></span> <span class='ocrx_word' id='word_1_610' title='bbox 3403 4072 3490 4109; x_wconf 87' lang='lat' dir='ltr'><strong>re-</strong></span> 
     </span>
    </p>
   </div>
   <div class='ocr_carea' id='block_1_79' title="bbox 1926 4150 3491 4225">
    <p class='ocr_par' dir='ltr' id='par_1_79' title="bbox 1926 4150 3491 4225">
     <span class='ocr_line' id='line_1_79' title="bbox 1926 4150 3491 4225; baseline -0.008 -14"><span class='ocrx_word' id='word_1_611' title='bbox 1926 4157 2198 4225; x_wconf 88' lang='lat' dir='ltr'><strong>spondens</strong></span> <span class='ocrx_word' id='word_1_612' title='bbox 2252 4154 2470 4223; x_wconf 88' lang='lat' dir='ltr'><strong>inquit:</strong></span> <span class='ocrx_word' id='word_1_613' title='bbox 2508 4152 2740 4208; x_wconf 86' lang='lat' dir='ltr'><strong>Necesse</strong></span> <span class='ocrx_word' id='word_1_614' title='bbox 2770 4162 2851 4205; x_wconf 89' lang='lat' dir='ltr'><strong>est</strong></span> <span class='ocrx_word' id='word_1_615' title='bbox 2898 4162 2954 4206; x_wconf 91' lang='lat' dir='ltr'><strong>ut</strong></span> <span class='ocrx_word' id='word_1_616' title='bbox 2989 4152 3137 4220; x_wconf 86' lang='lat' dir='ltr'><strong>prius</strong></span> <span class='ocrx_word' id='word_1_617' title='bbox 3176 4150 3398 4218; x_wconf 89' lang='lat' dir='ltr'><strong>impium</strong></span> <span class='ocrx_word' id='word_1_618' title='bbox 3437 4157 3491 4200; x_wconf 88' lang='lat' dir='ltr'><strong>et</strong></span> 
     </span>
    </p>
   </div>
   <div class='ocr_carea' id='block_1_80' title="bbox 1926 4240 3488 4313">
    <p class='ocr_par' dir='ltr' id='par_1_80' title="bbox 1926 4240 3488 4313">
     <span class='ocr_line' id='line_1_80' title="bbox 1926 4240 3488 4313; baseline -0.004 -13"><span class='ocrx_word' id='word_1_619' title='bbox 1926 4248 2357 4302; x_wconf 89' lang='lat' dir='ltr'><strong>consceleratum</strong></span> <span class='ocrx_word' id='word_1_620' title='bbox 2412 4247 2787 4313; x_wconf 87' lang='lat' dir='ltr'><strong>minoremque</strong></span> <span class='ocrx_word' id='word_1_621' title='bbox 2841 4245 3142 4297; x_wconf 85' lang='lat' dir='ltr'><strong>Barbarum</strong></span> <span class='ocrx_word' id='word_1_622' title='bbox 3209 4257 3239 4296; x_wconf 90' lang='lat' dir='ltr'><strong>e</strong></span> <span class='ocrx_word' id='word_1_623' title='bbox 3308 4240 3488 4293; x_wconf 89' lang='lat' dir='ltr'><strong>medio</strong></span> 
     </span>
    </p>
   </div>
   <div class='ocr_carea' id='block_1_81' title="bbox 1928 4333 3486 4403">
    <p class='ocr_par' dir='ltr' id='par_1_81' title="bbox 1928 4333 3486 4403">
     <span class='ocr_line' id='line_1_81' title="bbox 1928 4333 3486 4403; baseline -0.007 -8"><span class='ocrx_word' id='word_1_624' title='bbox 1928 4341 2132 4395; x_wconf 84' lang='lat' dir='ltr'><strong>tollam.</strong></span> <span class='ocrx_word' id='word_1_625' title='bbox 2184 4338 2384 4392; x_wconf 88' lang='lat' dir='ltr'><strong>Deinde</strong></span> <span class='ocrx_word' id='word_1_626' title='bbox 2428 4338 2532 4392; x_wconf 89' lang='lat' dir='ltr'><strong>diis</strong></span> <span class='ocrx_word' id='word_1_627' title='bbox 2577 4338 2714 4392; x_wconf 87' lang='lat' dir='ltr'><strong>bene</strong></span> <span class='ocrx_word' id='word_1_628' title='bbox 2768 4337 3112 4391; x_wconf 91' lang='lat' dir='ltr'><strong>monentibus</strong></span> <span class='ocrx_word' id='word_1_629' title='bbox 3174 4333 3486 4403; x_wconf 87' lang='lat' dir='ltr'><strong>proficiscar</strong></span> 
     </span>
    </p>
   </div>
   <div class='ocr_carea' id='block_1_82' title="bbox 1927 4425 3480 4503">
    <p class='ocr_par' dir='ltr' id='par_1_82' title="bbox 1927 4425 3480 4503">
     <span class='ocr_line' id='line_1_82' title="bbox 1927 4425 3480 4503; baseline -0.006 -16"><span class='ocrx_word' id='word_1_630' title='bbox 1927 4443 2117 4487; x_wconf 78' lang='lat' dir='ltr'><strong>contra</strong></span> <span class='ocrx_word' id='word_1_631' title='bbox 2159 4447 2411 4503; x_wconf 80' lang='lat' dir='ltr'><strong>magnum</strong></span> <span class='ocrx_word' id='word_1_632' title='bbox 2444 4431 2770 4484; x_wconf 89' lang='lat' dir='ltr'><strong>Barbarum.</strong></span> <span class='ocrx_word' id='word_1_633' title='bbox 2803 4432 2870 4483; x_wconf 87' lang='lat' dir='ltr'><strong>At</strong></span> <span class='ocrx_word' id='word_1_634' title='bbox 2900 4425 3480 4496; x_wconf 79' lang='lat' dir='ltr'><strong>intelligebatArimini</strong></span> 
     </span>
    </p>
   </div>
   <div class='ocr_carea' id='block_1_83' title="bbox 1928 4518 3482 4593">
    <p class='ocr_par' dir='ltr' id='par_1_83' title="bbox 1928 4518 3482 4593">
     <span class='ocr_line' id='line_1_83' title="bbox 1928 4518 3482 4593; baseline -0.004 -15"><span class='ocrx_word' id='word_1_635' title='bbox 1928 4526 2143 4587; x_wconf 87' lang='lat' dir='ltr'><strong>ducem,</strong></span> <span class='ocrx_word' id='word_1_636' title='bbox 2193 4540 2316 4579; x_wconf 89' lang='lat' dir='ltr'><strong>eum</strong></span> <span class='ocrx_word' id='word_1_637' title='bbox 2377 4538 2486 4593; x_wconf 92' lang='lat' dir='ltr'><strong>quo</strong></span> <span class='ocrx_word' id='word_1_638' title='bbox 2532 4522 2730 4576; x_wconf 88' lang='lat' dir='ltr'><strong>bellum</strong></span> <span class='ocrx_word' id='word_1_639' title='bbox 2781 4536 2844 4575; x_wconf 86' lang='lat' dir='ltr'><strong>ea</strong></span> <span class='ocrx_word' id='word_1_640' title='bbox 2894 4528 3207 4587; x_wconf 84' lang='lat' dir='ltr'><strong>tempestate</strong></span> <span class='ocrx_word' id='word_1_641' title='bbox 3243 4518 3482 4585; x_wconf 78' lang='lat' dir='ltr'><strong>gerebat.</strong></span> 
     </span>
    </p>
   </div>
   <div class='ocr_carea' id='block_1_84' title="bbox 264 4605 1815 4692">
    <p class='ocr_par' dir='ltr' id='par_1_84' title="bbox 264 4622 1815 4692">
     <span class='ocr_line' id='line_1_84' title="bbox 264 4622 1815 4692; baseline 0 -16"><span class='ocrx_word' id='word_1_642' title='bbox 264 4623 408 4677; x_wconf 72' lang='grc' dir='ltr'>οὕτω</span> <span class='ocrx_word' id='word_1_643' title='bbox 451 4622 549 4691; x_wconf 78' lang='grc' dir='ltr'><strong>μὲν</strong></span> <span class='ocrx_word' id='word_1_644' title='bbox 579 4625 605 4675; x_wconf 81' lang='grc' dir='ltr'>ὁ</span> <span class='ocrx_word' id='word_1_645' title='bbox 640 4622 929 4692; x_wconf 72' lang='grc' dir='ltr'>ἀρχιερεὺς</span> <span class='ocrx_word' id='word_1_646' title='bbox 986 4624 1339 4690; x_wconf 74' lang='grc' dir='ltr'>διεκρούσατο</span> <span class='ocrx_word' id='word_1_647' title='bbox 1373 4627 1484 4686; x_wconf 86' lang='grc' dir='ltr'>τοῖς</span> <span class='ocrx_word' id='word_1_648' title='bbox 1521 4625 1815 4686; x_wconf 70' lang='grc' dir='ltr'>Οὑενετεῖς,</span> 
     </span>
    </p>
   </div>
   <div class='ocr_carea' id='block_1_85' title="bbox 1917 4605 3489 4692">
    <p class='ocr_par' dir='ltr' id='par_1_85' title="bbox 1932 4612 3489 4686">
     <span class='ocr_line' id='line_1_85' title="bbox 1932 4612 3489 4686; baseline -0.005 -15"><span class='ocrx_word' id='word_1_649' title='bbox 1932 4618 2126 4672; x_wconf 86' lang='lat' dir='ltr'><strong>Verum</strong></span> <span class='ocrx_word' id='word_1_650' title='bbox 2159 4632 2377 4671; x_wconf 89' lang='lat' dir='ltr'><strong>causam</strong></span> <span class='ocrx_word' id='word_1_651' title='bbox 2402 4617 2518 4686; x_wconf 76' lang='lat' dir='ltr'><strong>ejus</strong></span> <span class='ocrx_word' id='word_1_652' title='bbox 2557 4614 2680 4669; x_wconf 89' lang='lat' dir='ltr'><strong>belli</strong></span> <span class='ocrx_word' id='word_1_653' title='bbox 2707 4630 2850 4668; x_wconf 90' lang='lat' dir='ltr'><strong>nunc</strong></span> <span class='ocrx_word' id='word_1_654' title='bbox 2884 4612 3137 4667; x_wconf 88' lang='lat' dir='ltr'><strong>omisisse</strong></span> <span class='ocrx_word' id='word_1_655' title='bbox 3181 4612 3355 4666; x_wconf 90' lang='lat' dir='ltr'><strong>satius</strong></span> <span class='ocrx_word' id='word_1_656' title='bbox 3385 4619 3489 4665; x_wconf 88' lang='lat' dir='ltr'><strong>est.</strong></span> 
     </span>
    </p>
   </div>
   <div class='ocr_carea' id='block_1_86' title="bbox 266 4713 1830 4785">
    <p class='ocr_par' dir='ltr' id='par_1_86' title="bbox 266 4713 1830 4785">
     <span class='ocr_line' id='line_1_86' title="bbox 266 4713 1830 4785; baseline 0 -19"><span class='ocrx_word' id='word_1_657' title='bbox 266 4718 404 4785; x_wconf 75' lang='grc' dir='ltr'>ἔχων</span> <span class='ocrx_word' id='word_1_658' title='bbox 468 4713 725 4783; x_wconf 69' lang='grc' dir='ltr'>ἐμφύλιον</span> <span class='ocrx_word' id='word_1_659' title='bbox 772 4717 970 4767; x_wconf 77' lang='grc' dir='ltr'>οἰκεῖον</span> <span class='ocrx_word' id='word_1_660' title='bbox 1023 4718 1285 4783; x_wconf 53' lang='grc' dir='ltr'>πόλεμον</span> <span class='ocrx_word' id='word_1_661' title='bbox 1339 4717 1477 4784; x_wconf 76' lang='grc' dir='ltr'>μετὰ</span> <span class='ocrx_word' id='word_1_662' title='bbox 1528 4717 1584 4769; x_wconf 81' lang='grc' dir='ltr'><strong>δὲ</strong></span> <span class='ocrx_word' id='word_1_663' title='bbox 1635 4718 1682 4767; x_wconf 86' lang='grc' dir='ltr'>οἱ</span> <span class='ocrx_word' id='word_1_664' title='bbox 1736 4716 1830 4767; x_wconf 77' lang='grc' dir='ltr'><strong>ἐπὶ</strong></span> 
     </span>
    </p>
   </div>
   <div class='ocr_carea' id='block_1_87' title="bbox 270 4804 1831 4877">
    <p class='ocr_par' dir='ltr' id='par_1_87' title="bbox 270 4804 1831 4877">
     <span class='ocr_line' id='line_1_87' title="bbox 270 4804 1831 4877; baseline 0.002 -20"><span class='ocrx_word' id='word_1_665' title='bbox 270 4807 508 4866; x_wconf 80' lang='grc' dir='ltr'>Παίονας</span> <span class='ocrx_word' id='word_1_666' title='bbox 538 4804 901 4873; x_wconf 72' lang='grc' dir='ltr'>πεμφθέντες.</span> <span class='ocrx_word' id='word_1_667' title='bbox 932 4806 1071 4859; x_wconf 80' lang='grc' dir='ltr'>ὥστε</span> <span class='ocrx_word' id='word_1_668' title='bbox 1107 4808 1198 4859; x_wconf 71' lang='grc' dir='ltr'><strong>ἐπὶ</strong></span> <span class='ocrx_word' id='word_1_669' title='bbox 1253 4807 1340 4860; x_wconf 73' lang='grc' dir='ltr'><strong>τὸν</strong></span> <span class='ocrx_word' id='word_1_670' title='bbox 1378 4808 1612 4876; x_wconf 81' lang='grc' dir='ltr'>πόλεμον</span> <span class='ocrx_word' id='word_1_671' title='bbox 1652 4825 1831 4877; x_wconf 86' lang='grc' dir='ltr'>παρα-</span> 
     </span>
    </p>
   </div>
   <div class='ocr_carea' id='block_1_88' title="bbox 269 4897 1833 4968">
    <p class='ocr_par' dir='ltr' id='par_1_88' title="bbox 269 4897 1833 4968">
     <span class='ocr_line' id='line_1_88' title="bbox 269 4897 1833 4968; baseline 0.004 -21"><span class='ocrx_word' id='word_1_672' title='bbox 269 4898 587 4965; x_wconf 72' lang='grc' dir='ltr'>λαμϐάνειν,</span> <span class='ocrx_word' id='word_1_673' title='bbox 610 4900 664 4959; x_wconf 81' lang='grc' dir='ltr'>ἐς</span> <span class='ocrx_word' id='word_1_674' title='bbox 706 4897 827 4966; x_wconf 63' lang='grc' dir='ltr'>ὄψιν</span> <span class='ocrx_word' id='word_1_675' title='bbox 857 4898 1102 4961; x_wconf 68' lang='grc' dir='ltr'>ἐλθόντες</span> <span class='ocrx_word' id='word_1_676' title='bbox 1122 4897 1196 4967; x_wconf 80' lang='grc' dir='ltr'><strong>τῷ</strong></span> <span class='ocrx_word' id='word_1_677' title='bbox 1221 4898 1427 4968; x_wconf 79' lang='grc' dir='ltr'>βασι)ιεῖ</span> <span class='ocrx_word' id='word_1_678' title='bbox 1456 4900 1714 4965; x_wconf 84' lang='grc' dir='ltr'>Παιόνων,</span> <span class='ocrx_word' id='word_1_679' title='bbox 1742 4901 1833 4953; x_wconf 75' lang='grc' dir='ltr'>καὶ</span> 
     </span>
    </p>
   </div>
   <div class='ocr_carea' id='block_1_89' title="bbox 270 4989 1833 5060">
    <p class='ocr_par' dir='ltr' id='par_1_89' title="bbox 270 4989 1833 5060">
     <span class='ocr_line' id='line_1_89' title="bbox 270 4989 1833 5060; baseline 0.001 -20"><span class='ocrx_word' id='word_1_680' title='bbox 270 4992 335 5057; x_wconf 77' lang='grc' dir='ltr'><strong>τῇ</strong></span> <span class='ocrx_word' id='word_1_681' title='bbox 398 4990 707 5059; x_wconf 76' lang='grc' dir='ltr'>συγκλήτῳ,</span> <span class='ocrx_word' id='word_1_682' title='bbox 767 4989 951 5056; x_wconf 74' lang='grc' dir='ltr'>ἔλεγον</span> <span class='ocrx_word' id='word_1_683' title='bbox 1002 4991 1213 5043; x_wconf 73' lang='grc' dir='ltr'>τοιάδε·</span> <span class='ocrx_word' id='word_1_684' title='bbox 1291 4991 1517 5060; x_wconf 68' lang='grc' dir='ltr'>Ἄνδρες</span> <span class='ocrx_word' id='word_1_685' title='bbox 1581 4992 1833 5055; x_wconf 86' lang='grc' dir='ltr'>Παίονες,</span> 
     </span>
    </p>
   </div>
   <div class='ocr_carea' id='block_1_90' title="bbox 272 5076 1832 5157">
    <p class='ocr_par' dir='ltr' id='par_1_90' title="bbox 272 5076 1832 5157">
     <span class='ocr_line' id='line_1_90' title="bbox 272 5076 1832 5157; baseline 0.003 -27"><span class='ocrx_word' id='word_1_686' title='bbox 272 5084 438 5147; x_wconf 65' lang='lat' dir='ltr'><strong>cipit:</strong></span> <span class='ocrx_word' id='word_1_687' title='bbox 477 5080 541 5148; x_wconf 76' lang='grc' dir='ltr'><strong>δὴ</strong></span> <span class='ocrx_word' id='word_1_688' title='bbox 573 5082 728 5147; x_wconf 75' lang='grc' dir='ltr'>ὑμεῖς</span> <span class='ocrx_word' id='word_1_689' title='bbox 762 5081 857 5150; x_wconf 74' lang='grc' dir='ltr'>τὴν</span> <span class='ocrx_word' id='word_1_690' title='bbox 894 5080 1155 5150; x_wconf 72' lang='grc' dir='ltr'>Τοῦρκων</span> <span class='ocrx_word' id='word_1_691' title='bbox 1212 5084 1478 5151; x_wconf 71' lang='grc' dir='ltr'>βασιλέως</span> <span class='ocrx_word' id='word_1_692' title='bbox 1515 5084 1765 5153; x_wconf 77' lang='grc' dir='ltr'>δύναμιν,</span> 
     </span>
    </p>
   </div>
   <div class='ocr_carea' id='block_1_91' title="bbox 276 5173 1838 5245">
    <p class='ocr_par' dir='ltr' id='par_1_91' title="bbox 276 5173 1838 5245">
     <span class='ocr_line' id='line_1_91' title="bbox 276 5173 1838 5245; baseline 0.003 -21"><span class='ocrx_word' id='word_1_693' title='bbox 276 5173 688 5243; x_wconf 77' lang='grc' dir='ltr'>προεχώρησεν,</span> <span class='ocrx_word' id='word_1_694' title='bbox 729 5174 803 5237; x_wconf 88' lang='grc' dir='ltr'>ὡς</span> <span class='ocrx_word' id='word_1_695' title='bbox 853 5175 1139 5244; x_wconf 73' lang='grc' dir='ltr'>δυναστείᾳ</span> <span class='ocrx_word' id='word_1_696' title='bbox 1175 5178 1272 5242; x_wconf 79' lang='grc' dir='ltr'><strong>μὲν</strong></span> <span class='ocrx_word' id='word_1_697' title='bbox 1306 5178 1433 5237; x_wconf 62' lang='grc' dir='ltr'>τοῦς</span> <span class='ocrx_word' id='word_1_698' title='bbox 1470 5177 1527 5229; x_wconf 79' lang='grc' dir='ltr'>ἐν</span> <span class='ocrx_word' id='word_1_699' title='bbox 1559 5178 1624 5245; x_wconf 81' lang='grc' dir='ltr'><strong>τῇ</strong></span> <span class='ocrx_word' id='word_1_700' title='bbox 1656 5179 1838 5229; x_wconf 80' lang='grc' dir='ltr'>οἰκου-</span> 
     </span>
    </p>
   </div>
   <div class='ocr_carea' id='block_1_92' title="bbox 282 5266 1838 5337">
    <p class='ocr_par' dir='ltr' id='par_1_92' title="bbox 282 5266 1838 5337">
     <span class='ocr_line' id='line_1_92' title="bbox 282 5266 1838 5337; baseline 0.002 -22"><span class='ocrx_word' id='word_1_701' title='bbox 282 5266 420 5333; x_wconf 73' lang='grc' dir='ltr'><strong>μένῃ</strong></span> <span class='ocrx_word' id='word_1_702' title='bbox 458 5266 757 5331; x_wconf 63' lang='grc' dir='ltr'>ὁμοφύλους</span> <span class='ocrx_word' id='word_1_703' title='bbox 792 5268 924 5335; x_wconf 40' lang='grc' dir='ltr'>ἡμῖν</span> <span class='ocrx_word' id='word_1_704' title='bbox 973 5267 1405 5334; x_wconf 58' lang='grc' dir='ltr'>κατεστρέᾧατο.</span> <span class='ocrx_word' id='word_1_705' title='bbox 1446 5268 1551 5320; x_wconf 79' lang='grc' dir='ltr'><strong>Καὶ</strong></span> <span class='ocrx_word' id='word_1_706' title='bbox 1583 5269 1738 5337; x_wconf 73' lang='grc' dir='ltr'><strong>ἡμῶν</strong></span> <span class='ocrx_word' id='word_1_707' title='bbox 1781 5267 1838 5320; x_wconf 76' lang='grc' dir='ltr'><strong>δὲ</strong></span> 
     </span>
    </p>
   </div>
   <div class='ocr_carea' id='block_1_93' title="bbox 278 5354 1841 5425">
    <p class='ocr_par' dir='ltr' id='par_1_93' title="bbox 278 5354 1841 5425">
     <span class='ocr_line' id='line_1_93' title="bbox 278 5354 1841 5425; baseline 0 -18"><span class='ocrx_word' id='word_1_708' title='bbox 278 5357 377 5424; x_wconf 75' lang='grc' dir='ltr'>τὴν</span> <span class='ocrx_word' id='word_1_709' title='bbox 412 5354 593 5425; x_wconf 65' lang='grc' dir='ltr'>χώραν</span> <span class='ocrx_word' id='word_1_710' title='bbox 622 5356 693 5415; x_wconf 84' lang='grc' dir='ltr'>ὡς</span> <span class='ocrx_word' id='word_1_711' title='bbox 719 5356 1043 5424; x_wconf 69' lang='grc' dir='ltr'>ληϊζόμενοι,</span> <span class='ocrx_word' id='word_1_712' title='bbox 1081 5356 1424 5425; x_wconf 74' lang='grc' dir='ltr'>ἀνδραπόδων</span> <span class='ocrx_word' id='word_1_713' title='bbox 1456 5358 1549 5424; x_wconf 84' lang='grc' dir='ltr'>τήν</span> <span class='ocrx_word' id='word_1_714' title='bbox 1572 5374 1628 5409; x_wconf 86' lang='grc' dir='ltr'><strong>τε</strong></span> <span class='ocrx_word' id='word_1_715' title='bbox 1658 5357 1841 5409; x_wconf 76' lang='grc' dir='ltr'>Ἀσίαν</span> 
     </span>
    </p>
   </div>
   <div class='ocr_carea' id='block_1_94' title="bbox 278 5445 1839 5516">
    <p class='ocr_par' dir='ltr' id='par_1_94' title="bbox 278 5445 1839 5516">
     <span class='ocr_line' id='line_1_94' title="bbox 278 5445 1839 5516; baseline -0.001 -16"><span class='ocrx_word' id='word_1_716' title='bbox 278 5448 374 5500; x_wconf 75' lang='grc' dir='ltr'>καὶ</span> <span class='ocrx_word' id='word_1_717' title='bbox 424 5445 687 5514; x_wconf 80' lang='grc' dir='ltr'>Εὐρώπην</span> <span class='ocrx_word' id='word_1_718' title='bbox 732 5448 1054 5515; x_wconf 70' lang='grc' dir='ltr'>ἐνέπλησαν.</span> <span class='ocrx_word' id='word_1_719' title='bbox 1093 5450 1200 5500; x_wconf 69' lang='grc' dir='ltr'><strong>Καὶ</strong></span> <span class='ocrx_word' id='word_1_720' title='bbox 1250 5448 1340 5500; x_wconf 71' lang='grc' dir='ltr'><strong>τόν</strong></span> <span class='ocrx_word' id='word_1_721' title='bbox 1386 5466 1446 5516; x_wconf 81' lang='grc' dir='ltr'>γε</span> <span class='ocrx_word' id='word_1_722' title='bbox 1496 5449 1707 5515; x_wconf 83' lang='grc' dir='ltr'>Ἴστρον</span> <span class='ocrx_word' id='word_1_723' title='bbox 1752 5447 1839 5499; x_wconf 75' lang='grc' dir='ltr'><strong>ἀεὶ</strong></span> 
     </span>
    </p>
   </div>
   <div class='ocr_carea' id='block_1_95' title="bbox 282 5536 1832 5612">
    <p class='ocr_par' dir='ltr' id='par_1_95' title="bbox 282 5536 1832 5612">
     <span class='ocr_line' id='line_1_95' title="bbox 282 5536 1832 5612; baseline 0 -22"><span class='ocrx_word' id='word_1_724' title='bbox 282 5536 673 5601; x_wconf 71' lang='grc' dir='ltr'>διαϐαίνοντες,</span> <span class='ocrx_word' id='word_1_725' title='bbox 706 5538 891 5609; x_wconf 73' lang='grc' dir='ltr'>δῃοῦαί</span> <span class='ocrx_word' id='word_1_726' title='bbox 921 5558 975 5592; x_wconf 86' lang='grc' dir='ltr'><strong>τε</strong></span> <span class='ocrx_word' id='word_1_727' title='bbox 1009 5543 1101 5609; x_wconf 77' lang='grc' dir='ltr'>τὴν</span> <span class='ocrx_word' id='word_1_728' title='bbox 1129 5540 1330 5612; x_wconf 81' lang='grc' dir='ltr'>χώραν,</span> <span class='ocrx_word' id='word_1_729' title='bbox 1357 5542 1449 5593; x_wconf 78' lang='grc' dir='ltr'>καὶ</span> <span class='ocrx_word' id='word_1_730' title='bbox 1474 5541 1832 5596; x_wconf 77' lang='grc' dir='ltr'>ὲπικαίουσιν.</span> 
     </span>
    </p>
   </div>
   <div class='ocr_carea' id='block_1_96' title="bbox 1932 4705 3491 4779">
    <p class='ocr_par' dir='ltr' id='par_1_96' title="bbox 1932 4705 3491 4779">
     <span class='ocr_line' id='line_1_96' title="bbox 1932 4705 3491 4779; baseline -0.006 -13"><span class='ocrx_word' id='word_1_731' title='bbox 1932 4711 2139 4779; x_wconf 79' lang='lat' dir='ltr'><strong>Legati,</strong></span> <span class='ocrx_word' id='word_1_732' title='bbox 2186 4710 2276 4777; x_wconf 90' lang='lat' dir='ltr'><strong>qui</strong></span> <span class='ocrx_word' id='word_1_733' title='bbox 2332 4708 2397 4761; x_wconf 89' lang='lat' dir='ltr'><strong>ad</strong></span> <span class='ocrx_word' id='word_1_734' title='bbox 2452 4708 2771 4761; x_wconf 88' lang='lat' dir='ltr'><strong>Pannonum</strong></span> <span class='ocrx_word' id='word_1_735' title='bbox 2826 4706 3041 4760; x_wconf 88' lang='lat' dir='ltr'><strong>animos</strong></span> <span class='ocrx_word' id='word_1_736' title='bbox 3094 4705 3491 4759; x_wconf 88' lang='lat' dir='ltr'><strong>conciliandos.</strong></span> 
     </span>
    </p>
   </div>
   <div class='ocr_carea' id='block_1_97' title="bbox 1933 4798 3495 4873">
    <p class='ocr_par' dir='ltr' id='par_1_97' title="bbox 1933 4798 3495 4873">
     <span class='ocr_line' id='line_1_97' title="bbox 1933 4798 3495 4873; baseline -0.006 -13"><span class='ocrx_word' id='word_1_737' title='bbox 1933 4815 1991 4859; x_wconf 93' lang='lat' dir='ltr'><strong>ut</strong></span> <span class='ocrx_word' id='word_1_738' title='bbox 2027 4802 2257 4873; x_wconf 84' lang='lat' dir='ltr'><strong>prompti</strong></span> <span class='ocrx_word' id='word_1_739' title='bbox 2316 4810 2674 4869; x_wconf 89' lang='lat' dir='ltr'><strong>sequerentur</strong></span> <span class='ocrx_word' id='word_1_740' title='bbox 2736 4800 2792 4853; x_wconf 93' lang='lat' dir='ltr'><strong>in</strong></span> <span class='ocrx_word' id='word_1_741' title='bbox 2866 4798 3151 4853; x_wconf 88' lang='lat' dir='ltr'><strong>Turcicam</strong></span> <span class='ocrx_word' id='word_1_742' title='bbox 3197 4799 3495 4867; x_wconf 79' lang='lat' dir='ltr'><strong>expeditio-</strong></span> 
     </span>
    </p>
   </div>
   <div class='ocr_carea' id='block_1_98' title="bbox 1935 4889 3495 4960">
    <p class='ocr_par' dir='ltr' id='par_1_98' title="bbox 1935 4889 3495 4960">
     <span class='ocr_line' id='line_1_98' title="bbox 1935 4889 3495 4960; baseline -0.004 -11"><span class='ocrx_word' id='word_1_743' title='bbox 1935 4911 2079 4958; x_wconf 89' lang='lat' dir='ltr'><strong>nem,</strong></span> <span class='ocrx_word' id='word_1_744' title='bbox 2114 4895 2267 4946; x_wconf 83' lang='lat' dir='ltr'><strong>missi</strong></span> <span class='ocrx_word' id='word_1_745' title='bbox 2302 4900 2480 4952; x_wconf 88' lang='lat' dir='ltr'><strong>crant,</strong></span> <span class='ocrx_word' id='word_1_746' title='bbox 2507 4890 2836 4960; x_wconf 87' lang='lat' dir='ltr'><strong>prodeuntes</strong></span> <span class='ocrx_word' id='word_1_747' title='bbox 2871 4892 2923 4943; x_wconf 93' lang='lat' dir='ltr'><strong>in</strong></span> <span class='ocrx_word' id='word_1_748' title='bbox 2956 4889 3115 4959; x_wconf 78' lang='lat'><strong>295</strong></span> <span class='ocrx_word' id='word_1_749' title='bbox 3143 4904 3495 4959; x_wconf 86' lang='lat' dir='ltr'><strong>conspectum</strong></span> 
     </span>
    </p>
   </div>
   <div class='ocr_carea' id='block_1_99' title="bbox 1938 4984 3494 5060">
    <p class='ocr_par' dir='ltr' id='par_1_99' title="bbox 1938 4984 3494 5060">
     <span class='ocr_line' id='line_1_99' title="bbox 1938 4984 3494 5060; baseline -0.006 -15"><span class='ocrx_word' id='word_1_750' title='bbox 1938 4990 2081 5060; x_wconf 87' lang='lat' dir='ltr'><strong>regis</strong></span> <span class='ocrx_word' id='word_1_751' title='bbox 2128 4986 2361 5053; x_wconf 69' lang='lat' dir='ltr'><strong>Matltire,</strong></span> <span class='ocrx_word' id='word_1_752' title='bbox 2429 4986 2481 5039; x_wconf 93' lang='lat' dir='ltr'><strong>in</strong></span> <span class='ocrx_word' id='word_1_753' title='bbox 2543 4984 2811 5054; x_wconf 86' lang='lat' dir='ltr'><strong>frequenti</strong></span> <span class='ocrx_word' id='word_1_754' title='bbox 2872 4997 3062 5039; x_wconf 85' lang='lat' dir='ltr'><strong>senatu</strong></span> <span class='ocrx_word' id='word_1_755' title='bbox 3118 4984 3494 5053; x_wconf 75' lang='lat' dir='ltr'><strong>hujuscemodi</strong></span> 
     </span>
    </p>
   </div>
   <div class='ocr_carea' id='block_1_100' title="bbox 1937 5074 3499 5140">
    <p class='ocr_par' dir='ltr' id='par_1_100' title="bbox 1937 5074 3499 5140">
     <span class='ocr_line' id='line_1_100' title="bbox 1937 5074 3499 5140; baseline -0.006 -6"><span class='ocrx_word' id='word_1_756' title='bbox 1937 5081 2236 5134; x_wconf 88' lang='lat' dir='ltr'><strong>orationem</strong></span> <span class='ocrx_word' id='word_1_757' title='bbox 2293 5076 2473 5131; x_wconf 79' lang='lat' dir='ltr'><strong>exorsi</strong></span> <span class='ocrx_word' id='word_1_758' title='bbox 2526 5088 2710 5131; x_wconf 89' lang='lat' dir='ltr'><strong>sunt:</strong></span> <span class='ocrx_word' id='word_1_759' title='bbox 2769 5077 2879 5129; x_wconf 85' lang='lat' dir='ltr'><strong>Viri</strong></span> <span class='ocrx_word' id='word_1_760' title='bbox 2939 5074 3251 5140; x_wconf 87' lang='lat' dir='ltr'><strong>Pannones,</strong></span> <span class='ocrx_word' id='word_1_761' title='bbox 3311 5074 3499 5140; x_wconf 86' lang='lat' dir='ltr'><strong>utique</strong></span> 
     </span>
    </p>
   </div>
   <div class='ocr_carea' id='block_1_101' title="bbox 1938 5164 3497 5237">
    <p class='ocr_par' dir='ltr' id='par_1_101' title="bbox 1938 5164 3497 5237">
     <span class='ocr_line' id='line_1_101' title="bbox 1938 5164 3497 5237; baseline -0.007 -12"><span class='ocrx_word' id='word_1_762' title='bbox 1938 5170 2159 5225; x_wconf 85' lang='lat' dir='ltr'><strong>cernitis</strong></span> <span class='ocrx_word' id='word_1_763' title='bbox 2188 5168 2491 5222; x_wconf 87' lang='lat' dir='ltr'><strong>Turcorum</strong></span> <span class='ocrx_word' id='word_1_764' title='bbox 2541 5168 2685 5237; x_wconf 84' lang='lat' dir='ltr'><strong>regis</strong></span> <span class='ocrx_word' id='word_1_765' title='bbox 2737 5166 3031 5235; x_wconf 88' lang='lat' dir='ltr'><strong>potentiam</strong></span> <span class='ocrx_word' id='word_1_766' title='bbox 3085 5180 3193 5233; x_wconf 87' lang='lat' dir='ltr'><strong>quo</strong></span> <span class='ocrx_word' id='word_1_767' title='bbox 3243 5164 3497 5217; x_wconf 85' lang='lat' dir='ltr'><strong>evaserit.</strong></span> 
     </span>
    </p>
   </div>
   <div class='ocr_carea' id='block_1_102' title="bbox 1942 5256 3503 5332">
    <p class='ocr_par' dir='ltr' id='par_1_102' title="bbox 1942 5256 3503 5332">
     <span class='ocr_line' id='line_1_102' title="bbox 1942 5256 3503 5332; baseline -0.01 -13"><span class='ocrx_word' id='word_1_768' title='bbox 1942 5265 2049 5319; x_wconf 76' lang='lat' dir='ltr'><strong>Eus</strong></span> <span class='ocrx_word' id='word_1_769' title='bbox 2083 5264 2172 5332; x_wconf 91' lang='lat' dir='ltr'><strong>qui</strong></span> <span class='ocrx_word' id='word_1_770' title='bbox 2217 5263 2268 5315; x_wconf 91' lang='lat' dir='ltr'><strong>in</strong></span> <span class='ocrx_word' id='word_1_771' title='bbox 2303 5262 2431 5315; x_wconf 90' lang='lat' dir='ltr'><strong>orbe</strong></span> <span class='ocrx_word' id='word_1_772' title='bbox 2471 5261 2782 5315; x_wconf 87' lang='lat' dir='ltr'><strong>Christiano</strong></span> <span class='ocrx_word' id='word_1_773' title='bbox 2828 5257 3069 5326; x_wconf 76' lang='lat' dir='ltr'><strong>ejusdem</strong></span> <span class='ocrx_word' id='word_1_774' title='bbox 3107 5256 3393 5309; x_wconf 91' lang='lat' dir='ltr'><strong>nobiscum</strong></span> <span class='ocrx_word' id='word_1_775' title='bbox 3448 5263 3503 5308; x_wconf 89' lang='lat' dir='ltr'><strong>et</strong></span> 
     </span>
    </p>
   </div>
   <div class='ocr_carea' id='block_1_103' title="bbox 1946 5347 3503 5422">
    <p class='ocr_par' dir='ltr' id='par_1_103' title="bbox 1946 5347 3503 5422">
     <span class='ocr_line' id='line_1_103' title="bbox 1946 5347 3503 5422; baseline -0.004 -14"><span class='ocrx_word' id='word_1_776' title='bbox 1946 5356 2065 5408; x_wconf 76' lang='lat' dir='ltr'><strong>tidei</strong></span> <span class='ocrx_word' id='word_1_777' title='bbox 2125 5365 2177 5409; x_wconf 89' lang='lat' dir='ltr'><strong>et</strong></span> <span class='ocrx_word' id='word_1_778' title='bbox 2240 5353 2413 5422; x_wconf 79' lang='lat' dir='ltr'><strong>gentis</strong></span> <span class='ocrx_word' id='word_1_779' title='bbox 2466 5362 2612 5417; x_wconf 88' lang='lat' dir='ltr'><strong>sunt,</strong></span> <span class='ocrx_word' id='word_1_780' title='bbox 2680 5366 2834 5404; x_wconf 92' lang='lat' dir='ltr'><strong>suum</strong></span> <span class='ocrx_word' id='word_1_781' title='bbox 2884 5347 3167 5417; x_wconf 83' lang='lat' dir='ltr'><strong>imperium</strong></span> <span class='ocrx_word' id='word_1_782' title='bbox 3217 5348 3503 5417; x_wconf 90' lang='lat' dir='ltr'><strong>suscipere</strong></span> 
     </span>
    </p>
   </div>
   <div class='ocr_carea' id='block_1_104' title="bbox 1947 5438 3503 5515">
    <p class='ocr_par' dir='ltr' id='par_1_104' title="bbox 1947 5438 3503 5515">
     <span class='ocr_line' id='line_1_104' title="bbox 1947 5438 3503 5515; baseline -0.006 -14"><span class='ocrx_word' id='word_1_783' title='bbox 1947 5449 2140 5515; x_wconf 81' lang='lat' dir='ltr'><strong>coegit.</strong></span> <span class='ocrx_word' id='word_1_784' title='bbox 2175 5446 2247 5499; x_wconf 80' lang='lat' dir='ltr'><strong>Ex</strong></span> <span class='ocrx_word' id='word_1_785' title='bbox 2277 5444 2587 5515; x_wconf 84' lang='lat' dir='ltr'><strong>regionibus</strong></span> <span class='ocrx_word' id='word_1_786' title='bbox 2625 5440 2822 5496; x_wconf 86' lang='lat' dir='ltr'><strong>n0stris</strong></span> <span class='ocrx_word' id='word_1_787' title='bbox 2859 5438 3067 5509; x_wconf 62' lang='lat' dir='ltr'><strong>praedas</strong></span> <span class='ocrx_word' id='word_1_788' title='bbox 3108 5455 3293 5509; x_wconf 84' lang='lat' dir='ltr'><strong>agens,</strong></span> <span class='ocrx_word' id='word_1_789' title='bbox 3321 5439 3503 5492; x_wconf 81' lang='lat' dir='ltr'><strong>Asiam</strong></span> 
     </span>
    </p>
   </div>
   <div class='ocr_carea' id='block_1_105' title="bbox 1945 5528 3507 5602">
    <p class='ocr_par' dir='ltr' id='par_1_105' title="bbox 1945 5528 3507 5602">
     <span class='ocr_line' id='line_1_105' title="bbox 1945 5528 3507 5602; baseline -0.006 -11"><span class='ocrx_word' id='word_1_790' title='bbox 1945 5546 1998 5591; x_wconf 88' lang='lat' dir='ltr'><strong>et</strong></span> <span class='ocrx_word' id='word_1_791' title='bbox 2025 5536 2296 5602; x_wconf 79' lang='lat' dir='ltr'><strong>Eumpaxn</strong></span> <span class='ocrx_word' id='word_1_792' title='bbox 2324 5532 2609 5602; x_wconf 87' lang='lat' dir='ltr'><strong>mancipiis</strong></span> <span class='ocrx_word' id='word_1_793' title='bbox 2635 5529 2834 5585; x_wconf 84' lang='lat' dir='ltr'><strong>nostris</strong></span> <span class='ocrx_word' id='word_1_794' title='bbox 2865 5528 3110 5599; x_wconf 85' lang='lat' dir='ltr'><strong>replevit.</strong></span> <span class='ocrx_word' id='word_1_795' title='bbox 3142 5529 3335 5583; x_wconf 84' lang='lat' dir='ltr'><strong>Istrum</strong></span> <span class='ocrx_word' id='word_1_796' title='bbox 3370 5545 3507 5597; x_wconf 65' lang='lat' dir='ltr'><strong>prte-</strong></span> 
     </span>
    </p>
   </div>
   <div class='ocr_carea' id='block_1_106' title="bbox 1551 5651 2234 5731">
    <p class='ocr_par' dir='ltr' id='par_1_106' title="bbox 1551 5651 2234 5731">
     <span class='ocr_line' id='line_1_106' title="bbox 1551 5651 2234 5731; baseline -0.01 -14"><span class='ocrx_word' id='word_1_797' title='bbox 1551 5657 1796 5717; x_wconf 72' lang='lat' dir='ltr'><strong>Notulm</strong></span> <span class='ocrx_word' id='word_1_798' title='bbox 1830 5651 2234 5731; x_wconf 78' lang='lat' dir='ltr'><strong>marginales.</strong></span> 
     </span>
    </p>
   </div>
   <div class='ocr_carea' id='block_1_107' title="bbox 377 5778 800 5834">
    <p class='ocr_par' dir='ltr' id='par_1_107' title="bbox 377 5778 800 5834">
     <span class='ocr_line' id='line_1_107' title="bbox 377 5778 800 5834; baseline 0.007 -2"><span class='ocrx_word' id='word_1_799' title='bbox 377 5779 425 5809; x_wconf 81' lang='grc'><strong>⁷¹</strong></span> <span class='ocrx_word' id='word_1_800' title='bbox 464 5778 532 5833; x_wconf 78' lang='lat' dir='ltr'><strong>In</strong></span> <span class='ocrx_word' id='word_1_801' title='bbox 556 5797 653 5833; x_wconf 85' lang='lat' dir='ltr'><strong>uno</strong></span> <span class='ocrx_word' id='word_1_802' title='bbox 688 5781 800 5834; x_wconf 78' lang='lat' dir='ltr'><strong>des.</strong></span> 
     </span>
    </p>
   </div>
  </div>
