4026 6204
528 321 635 382 553

1648 332 1951 394 LAONICI
1991 334 2645 404 CHALCOCONDYLE

3618 343 3723 407 544

530 448 675 490 terea
724 436 1030 503 {nequeatcr
1061 440 1490 509 transgrediens,
1534 444 1812 513 regionem
1856 447 2081 517 popula-

2198 453 2280 517 Ὠς
2344 453 2402 506 δὲ
2459 454 2621 519 αὐτὸς
2671 458 2700 509 ὁ
2760 455 3061 525 Βάρϐαρος,
3118 455 3217 509 οὐκ
3266 455 3347 508 ἔτι
3402 455 3587 518 διαϐὰς
3645 458 3743 510 τὸν

530 538 638 592 tur,
670 543 933 597 agrosque
963 527 1084 581 urit.
1116 526 1303 598 Itaque
1346 531 1392 585 si
1419 547 1517 587 nos
1547 534 1851 601 audieritis,
1881 536 2081 591 Barba-

530 636 625 674 rus
677 637 782 673 non
850 619 1084 689 amplius
1148 623 1389 690 trajiciet
1452 625 1669 692 Istrum,
1737 638 1797 681 ut
1843 641 2079 685 vestram

531 698 803 782 regionrm
860 712 1157 783 impugnet.
1186 713 1320 769 Nam
1376 717 1720 773 manifestum
1776 736 1901 777 esse
1962 738 2084 777 reor

531 805 802 868 omnibus.
858 807 903 861 si
962 808 1124 864 modo
1189 808 1330 864 vires
1388 810 1693 868 intellectus
1753 830 1847 869 seu
1891 817 2085 870 mentis

536 899 894 961 intenderim,
933 900 1071 968 fore,
1119 902 1165 957 si
1201 918 1298 959 vos
1342 903 1540 959 Istrunt
1570 907 2001 975 transmiseritis,
2032 917 2087 963 et

537 991 591 1044 in
638 990 757 1059 ejus
786 991 1059 1058 regionem
1113 993 1295 1049 hostili
1339 996 1524 1051 animo
1573 997 1784 1054 fueritis
1829 998 2082 1069 ingressi,

528 1090 598 1155 rut
640 1084 935 1137 maximum
976 1086 1266 1140 tumultum
1292 1087 1345 1142 in
1378 1087 1498 1156 ejus
1531 1089 1750 1160 regione
1781 1091 2083 1157 concitetis,

537 1190 732 1243 resque
776 1177 894 1245 ejtts
933 1178 1244 1245 planissime
1277 1181 1637 1236 conturbetis.
1666 1181 1896 1249 Turcus,
1939 1193 1998 1238 ut
2023 1184 2089 1238 Ii-

537 1266 704 1334 quido
731 1276 960 1332 constat,
990 1268 1205 1323 Grmcos
1240 1269 1552 1334 debellavit,
1600 1281 1653 1325 et
1700 1288 1888 1328 eorum
1916 1274 2089 1341 regio-

535 1375 656 1411 nem
712 1374 812 1413 suo
862 1360 1105 1414 dominio
1131 1361 1347 1431 adjecit.
1382 1364 1746 1419 Triballorum
1785 1366 2084 1435 regionem,

531 1462 586 1502 et
618 1452 923 1506 universam
971 1453 1398 1521 Peloponnesum
1453 1457 1538 1512 sui
1575 1457 1721 1527 juris
1772 1459 1923 1513 fecit.
1950 1458 2091 1514 Tra-

535 1547 849 1610 pezuntium
886 1560 1063 1614 regem
1095 1545 1321 1611 domuit,
1366 1547 1595 1617 ejusque
1632 1549 1852 1619 regione
1891 1552 2094 1620 potitus

538 1647 642 1690 cst.
704 1636 876 1691 Daciae
942 1638 1132 1692 ducem
1179 1640 1346 1694 dedit.
1404 1641 1744 1711 Illyricorum
1809 1644 2090 1713 regionem

537 1728 737 1782 misere
764 1732 1055 1795 evastavit;
1094 1746 1392 1801 eorumque
1428 1748 1631 1802 regem,
1661 1735 1837 1788 virum
1876 1752 2090 1806 atquum

536 1829 591 1872 et
648 1820 974 1886 modestum,
1034 1825 1177 1892 cepit
1230 1833 1285 1878 et
1348 1825 1570 1880 occidit.
1614 1825 1748 1881 Eum
1784 1828 1968 1897 igitur.
1997 1830 2092 1898 qui

535 1911 683 1965 brevi
713 1912 999 1968 admodum
1048 1924 1285 1985 tempore
1336 1927 1416 1972 tot
1454 1918 1786 1988 principatus
1810 1929 1865 1976 et
1904 1930 2093 1991 poten-

540 2014 682 2056 tatus
711 2003 1004 2059 demolitus
1069 2016 1174 2072 est,
1238 2008 1369 2077 quid
1432 2024 1598 2078 porro
1647 2011 1917 2066 facturum
1974 2028 2093 2069 cre-

539 2092 707 2146 ditis?
738 2092 889 2148 llaud
944 2094 1112 2165 quieti
1157 2106 1212 2150 et
1263 2098 1491 2167 ignaviae
1525 2114 1584 2155 se
1635 2103 2089 2171 corrumpendum

540 2184 735 2251 tradet,
799 2202 982 2241 verum
1027 2188 1282 2244 ﬁnitimos
1334 2191 1504 2247 armis
1536 2202 1767 2262 appetet,
1795 2209 2095 2265 eorumque

543 2275 793 2345 regiones
821 2293 929 2332 suae
956 2279 1233 2349 adiunget.
1265 2280 1373 2337 Nec
1418 2299 1597 2340 moras
1636 2287 1905 2342 nectendo
1939 2286 2093 2342 sede-

538 2366 654 2431 bit;
694 2383 877 2421 verum
911 2369 1055 2424 illico
1092 2371 1146 2425 in
1177 2371 1436 2431 ﬁnitimos
1465 2391 1615 2431 arma
1642 2379 1899 2437 ribraliit.
1938 2382 2095 2437 Nunc

541 2459 708 2528 igitur
768 2476 867 2516 nec
921 2461 1074 2519 vobis
1129 2464 1326 2521 bellum
1380 2479 1582 2538 parcet.
1626 2469 1759 2527 Nam
1809 2477 2095 2531 conabitur

544 2554 812 2610 universis
843 2555 956 2611 suis
987 2557 1158 2628 sepiis
1189 2558 1380 2627 fretus,
1435 2563 1490 2617 in
1547 2565 1820 2634 regionem
1856 2579 2092 2624 vestram

543 2646 801 2714 impetum
843 2646 1042 2714 facere,
1103 2661 1161 2706 et
1215 2667 1282 2708 ex
1325 2669 1389 2711 ea
1435 2655 1714 2713 hominum
1751 2659 2095 2732 aliarumque

544 2754 725 2793 rerum
775 2740 983 2810 pra-das
1007 2758 1185 2811 agere,
1221 2746 1491 2817 principes
1513 2758 1721 2806 vestros
1772 2752 2096 2823 turpissimae

547 2831 661 2885 neci
701 2832 913 2888 tradere
959 2835 1100 2889 haud
1145 2839 1509 2894 cunctabitur.
1546 2841 1682 2897 Nam
1731 2845 1949 2902 animus
1979 2847 2096 2917 ejus

546 2936 759 2991 semper
786 2933 868 2979 est
905 2924 1264 2995 implacabilis
1298 2944 1423 3000 erga
1459 2942 1693 2999 nostros,
1724 2946 1779 2991 et
1824 2954 1950 3009 erga
1982 2957 2098 2996 om-

548 3028 643 3067 nes
665 3030 759 3069 eos
789 3016 880 3085 qui
920 3017 1242 3076 Christiana:
1271 3024 1518 3094 religioni
1554 3030 1928 3097 acquiescunt.
1955 3034 2099 3087 Prte-

2190 550 2439 620 Ἵστρον,
2494 552 2623 621 περὶ
2671 552 2771 621 τῆς
2826 552 3096 622 ὑμετέρας
3157 552 3340 605 αὐτῶν
3401 553 3495 604 τὸν
3554 552 3743 619 ἀγῶνα

2187 642 2441 706 ποιεῖται,
2472 640 2607 709 δῆλά
2648 642 2764 695 ἐστι
2795 642 3167 711 λογιζομένοις
3202 643 3352 709 ὑμῖν,
3383 642 3465 695 ὅτι
3506 644 3602 696 ἐπὶ
3643 641 3744 711 τὴν

2187 729 2397 784 ἑκείνου
2441 730 2833 796 διαϐαίνοντες,
2866 734 2924 796 ἐς
2958 734 3185 803 θόρυϐον
3213 732 3451 786 ἐτίθεσθε
3479 732 3646 786 αὐτοῦ
3674 735 3745 785 τὰ

2190 823 2518 892 πράγματα.
2541 824 2656 877 Νῦν
2684 825 2741 877 δὲ
2778 823 2905 889 τούς
2951 842 3009 878 τε
3040 824 3312 894 Ἕλληνας
3348 823 3612 888 καθελὼν,
3648 826 3745 879 καὶ

2201 914 2469 984 Ἑλλήνων
2502 914 2742 985 βασιλέα.
2775 915 2930 970 Μετὰ
2958 916 3018 970 δὲ
3064 916 3163 986 τὴν
3198 915 3514 985 Τριϐαλλῶν
3557 914 3743 984 χώραν

2190 1005 2281 1073 ὑφ’
2314 1006 2462 1076 αὑτῷ
2489 1007 2872 1077 ποιησάμενος,
2892 1008 2987 1061 καὶ
3013 1008 3419 1078 Πελοπόννησον
3443 1024 3742 1078 καταστρε-

2189 1096 2431 1166 ψάμενος
2505 1098 2822 1168 σύμπασαν,
2869 1100 2965 1153 καὶ
3041 1100 3267 1170 βασιλέα
3328 1100 3741 1170 Τραπεζοῦντος

2192 1190 2702 1261 παραστησάμενος,
2734 1191 2830 1245 καὶ
2867 1192 2967 1261 τήν
2998 1208 3057 1245 τε
3100 1191 3285 1263 χώραν
3331 1191 3496 1244 αὑτοῦ
3542 1192 3743 1255 ὲπαγόο
3794 1268 3797 1269 ν

2196 1295 2373 1348 μενος,
2405 1281 2541 1351 μετὰ
2572 1282 2627 1335 δὲ
2677 1283 2977 1351 ἐπιστήσας
3029 1282 3262 1352 ἄρχοντα
3307 1284 3373 1351 τῇ
3420 1280 3612 1348 Δακίᾳ,
3648 1280 3743 1333 καὶ

2193 1373 2292 1441 τὴν
2326 1372 2603 1443 Ἰλλυριῶν
2639 1372 2823 1443 χώραν
2879 1374 3247 1446 δῃωσάμενος,
3289 1373 3381 1426 καὶ
3436 1373 3572 1425 ἑλὼν
3625 1372 3741 1440 ἅμα

2194 1462 2288 1514 καὶ
2336 1462 2429 1514 τὸν
2467 1462 2712 1531 βασιλέα,
2759 1463 2927 1533 ἄνδρα
2977 1463 3196 1533 ἐπιεικῆ
3249 1467 3343 1516 καὶ
3373 1464 3639 1533 ’μέτριον,
3686 1463 3742 1513 ἐν

2198 1552 2387 1623 βραχεῖ
2407 1552 2547 1606 οὕτω
2582 1554 2779 1624 χρόνῳ,
2817 1555 3086 1618 τοσαύτας
3112 1555 3433 1616 δυναστείας
3476 1551 3740 1606 καθελών.

2196 1645 2263 1700 Τί
2297 1644 2379 1699 ἔτι
2411 1645 2587 1698 οῑεσθε
2610 1646 2773 1700 αὐτὸν
2800 1646 2892 1699 τοῦ
2922 1646 3109 1699 λοιποῦ
3140 1648 3424 1717 ποιήσειν;
3459 1646 3745 1715 Καθεστή-

2200 1758 2352 1795 σεται
2398 1740 2496 1811 μὲν
2532 1740 2801 1811 οὐδαμῶς,
2831 1741 2947 1795 ἀλλ’
2975 1741 3068 1795 ἐπὶ
3111 1744 3237 1804 τοὺς
3267 1742 3500 1812 ὁμόρους
3541 1740 3747 1794 τούτων

2190 1833 2447 1900 ἐλαύνων,
2476 1834 2798 1903 πειράσεται
2821 1836 2920 1896 τὰς
2942 1833 3121 1886 αὐτῶν
3150 1833 3442 1902 γινομένας
3475 1832 3564 1901 ὑφ’
3593 1829 3747 1898 αὑτῷ

2192 1922 2483 1986 ποιεῖσθαι,
2512 1921 2586 1985 ὡς
2617 1922 2682 1975 ἂν
2728 1923 2945 1976 δύναιτο
2969 1922 3200 1991 τάχιστα
3230 1922 3412 1984 αὐτοῖς
3440 1920 3745 1991 προσφερό-

2193 2032 2373 2085 μενος.
2396 2013 2512 2068 Νῦν
2536 2016 2591 2068 δὲ
2614 2015 2738 2086 ἥκει
2762 2014 2856 2067 καὶ
2887 2014 2972 2083 ἐφ’
3004 2013 3148 2083 ὑμᾶς
3172 2012 3268 2081 οὐχ
3301 2013 3500 2083 ἥκιστα
3529 2014 3557 2064 ὁ
3584 2010 3746 2064 πόλει·

2194 2123 2313 2174 μος,
2347 2106 2442 2159 καὶ
2491 2108 2653 2159 παντὶ
2710 2105 2889 2158 σθένει
2937 2105 3255 2174 πειράσεται
3310 2103 3617 2169 διαϐαίνων,
3647 2104 3747 2173 τήν

2191 2216 2251 2252 τε
2280 2198 2460 2269 χώραν
2492 2196 2643 2266 ὑμῶν
2673 2196 3173 2267 ἀνδραποδίζεσθαι,
3204 2197 3299 2250 καὶ
3326 2198 3449 2259 τοὺς
3477 2195 3748 2267 ἄρχοντας

2193 2291 2456 2360 αἰσχίστῳ
2511 2289 2721 2361 ὀλέθρῳ
2775 2290 3108 2358 διαφθεῖραι.
3159 2290 3235 2343 Οὐ
3295 2290 3402 2359 γὰρ
3451 2288 3518 2342 ἂν
3565 2288 3747 2360 ψυχὴν

2192 2381 2357 2436 αὐτοῦ
2404 2382 2519 2435 ἐστι
2569 2379 2899 2434 διαλλάττειν
2929 2383 2987 2443 ἐς
3024 2381 3152 2444 τοὺς
3203 2380 3503 2451 ὑμετέρους
3547 2397 3606 2433 τε
3651 2381 3745 2433 καὶ

2196 2474 2298 2527 ὑπὸ
2348 2476 2447 2544 τὴν
2500 2472 2770 2544 ἡμετέραν
2818 2472 3115 2543 θρησκείαν
3155 2473 3334 2535 ὄντας.
3395 2471 3536 2525 Ἀλλ’
3587 2472 3746 2541 ἀμεί-

2191 2565 2373 2628 λικτος
2415 2565 2644 2634 πάμπαν
2682 2565 2938 2636 τυγχάνει
2983 2562 3059 2617 ὣν
3085 2564 3285 2631 ὁμοίως
3329 2564 3551 2628 παντὸς,
3570 2563 3650 2632 τῷ
3687 2580 3745 2615 τε

2193 2661 2244 2713 οἱ
2277 2658 2538 2722 ἐπιεικῶς
2570 2659 2877 2729 φερομένῳ.
2923 2655 3265 2709 Πυνθάνεσθε
3299 2654 3406 2725 γὰρ
3440 2655 3614 2724 δήπου
3655 2649 3745 2709 οἷα

2193 2751 2283 2805 τὸν
2312 2750 2608 2804 Λαδισλαον
2641 2748 2865 2819 βασιλέα
2914 2746 3176 2817 πρότερον
3213 2746 3446 2815 ἄρχοντα
3490 2746 3743 2813 ἐποίησε.

2194 2845 2310 2897 Κάν
2343 2841 2518 2912 τούτῳ
2569 2842 2665 2911 μὲν
2714 2842 2844 2903 ἴσως
2896 2838 3227 2909 συγγνώμην
3259 2838 3414 2908 ἔσχεν
3458 2837 3635 2907 ἑαυτῷ
3688 2840 3745 2890 ὲν

2197 2936 2345 3004 μάχῃ
2373 2933 2567 2988 ἁλόντα
2614 2930 2929 2992 ἀπεκτονώς
2951 2946 2965 2961 ·
2997 2930 3088 2982 τὸν
3130 2930 3185 2983 δέ
3222 2946 3282 2997 γε
3331 2928 3553 2998 βασιλέα
3582 2928 3744 2980 Δαϐὶδ

2194 3024 2628 3096 Τραπεζοῦντος,
2652 3025 2745 3077 καὶ
2778 3021 3073 3094 Ἰλλυριῶν,
3102 3022 3195 3076 καὶ
3242 3020 3448 3074 Λέσϐου
3479 3020 3743 3089 ἡγεμόνα,

545 3116 688 3160 terea
722 3123 908 3176 parum
944 3123 1194 3179 pacatum
1245 3116 1484 3171 animum
1511 3119 1649 3188 gerit
1690 3137 1815 3192 erga
1844 3140 1967 3179 eum
2003 3126 2091 3196 qui

2198 3120 2324 3181 τούς
2370 3135 2429 3170 τε
2476 3116 2687 3182 ἄλλους,
2741 3117 2794 3170 τί
2846 3114 3082 3185 χαλεπὸν
3129 3114 3219 3166 ὑπ’
3264 3114 3488 3166 ἐκείνων
3539 3111 3745 3178 παθὼν,

546 3215 605 3253 se
646 3200 963 3263 benevolum
1008 3213 1060 3258 et
1091 3205 1379 3275 benignum
1415 3211 1596 3266 oiIert.
1635 3212 1784 3269 Iland
1830 3217 1974 3271 enim
2006 3234 2099 3274 vos

545 3293 807 3361 praeterit,
861 3292 989 3363 quid
1047 3294 1236 3351 fecerit
1297 3297 1569 3357 Vladislao
1629 3305 1857 3377 principi
1893 3320 2097 3366 vestro.

546 3381 742 3438 Verum
786 3385 1066 3443 enimvero
1116 3388 1328 3443 veniam
1356 3390 1443 3447 hic
1466 3404 1703 3448 meretur
1753 3396 1996 3465 Turcus;
2030 3400 2101 3455 si-

545 3477 763 3545 quidem
792 3475 1101 3535 \'ladislaus
1138 3478 1190 3535 in
1229 3483 1413 3551 praelio
1464 3496 1655 3554 captus
1703 3488 1932 3547 interiit.
1996 3491 2099 3549 Sed

546 3565 676 3633 quid
718 3567 843 3620 mali
879 3583 1068 3635 passus
1102 3581 1205 3636 est,
1238 3582 1331 3627 ant
1375 3591 1666 3644 quamnam
1724 3580 1979 3649 injuriam
2013 3600 2103 3639 ac-

549 3657 690 3726 cepit
720 3657 786 3711 ab
820 3657 1017 3715 Davide
1048 3661 1410 3732 Trapezuntis
1434 3681 1580 3737 rege,
1612 3678 1668 3724 et
1699 3670 1768 3725 ab
1798 3671 2101 3750 Illyriorum

552 3759 606 3804 et
636 3748 793 3805 Lesbi
834 3751 991 3817 duce,
1056 3769 1269 3810 necnon
1335 3756 1403 3811 ab
1464 3759 1685 3829 reliquis
1748 3777 1883 3831 quos
1911 3748 2103 3823 omnes

552 3841 845 3896 crudeliter
870 3844 1126 3899 necavit?
1174 3849 1219 3902 si
1276 3847 1459 3918 itaque
1513 3855 1809 3909 contractis
1846 3856 2017 3925 copiis
2049 3859 2103 3915 in

549 3934 669 4003 ejus
702 3934 979 4005 regionem
1027 3935 1318 4004 irrueritis,
1357 3949 1504 3996 certe
1556 3943 1707 3999 brevi
1737 3948 1960 4016 spiritus
1986 3949 2104 4018 ejus

549 4042 860 4094 generosos,
902 4043 1039 4098 quos
1070 4041 1256 4084 contra
1287 4031 1625 4089 Pannoniam
1664 4039 1932 4109 concepit,
1975 4055 2105 4095 con-

551 4119 822 4176 tnderitis.
859 4121 953 4176 Sin
1004 4133 1182 4178 autem
1223 4125 1490 4193 patienter
1528 4144 1649 4198 qua:
1697 4131 1766 4185 ab
1810 4147 1939 4200 rege
1969 4131 2107 4188 infe-

548 4222 765 4274 runtur.
820 4206 1213 4279 sustinueritis.
1282 4220 1710 4287 transgredietur
1760 4222 1807 4277 is
1864 4223 2104 4279 universi

547 4307 818 4361 exercitus
872 4307 1066 4362 robore
1119 4310 1182 4362 ad
1248 4325 1364 4365 vos.
1397 4310 1601 4366 Vereor
1648 4313 1792 4382 quod
1836 4315 1880 4369 si
1912 4314 2106 4370 deinde

548 4396 716 4452 semel
750 4398 1153 4462 abcrraveritis,
1189 4400 1354 4471 296
1380 4409 1434 4455 et
1466 4418 1659 4472 parum
1716 4403 1944 4460 feliciter
1974 4421 2105 4461 con-

2198 3207 2501 3278 διαφθείρει
2539 3208 2645 3261 αἰεὶ
2684 3207 2816 3277 ὁμοῦ
2867 3208 3111 3270 πάντας;
3167 3205 3227 3257 Εἰ
3287 3204 3387 3273 μὲν
3432 3203 3525 3257 οῦν
3572 3219 3748 3272 παρα-

2201 3299 2527 3361 σκευάζεσθε
2562 3301 2654 3354 ἐπὶ
2685 3300 2785 3369 τὴν
2814 3299 3021 3352 ἐκείνου
3056 3299 3240 3368 χώραν
3280 3296 3523 3350 ἐλαύνειν
3551 3297 3621 3364 τ’,
3656 3298 3747 3349 τὸν

2200 3394 2433 3461 πόλεμον
2483 3392 2745 3456 ποιεῖσθε,
2788 3392 2927 3461 τάχα
2977 3391 3043 3443 ἄν
3105 3408 3157 3442 τι
3207 3389 3607 3457 ὲπικουφίζοιτε
3654 3390 3746 3440 καὶ

2198 3484 2298 3553 τὴν
2340 3483 2432 3536 ἐπὶ
2461 3482 2634 3537 ταῦτα
2682 3483 2942 3552 ἰσομένην
2968 3481 3144 3551 ὁρμὴν
3174 3479 3337 3543 αὐτοῦ
3363 3481 3419 3542 ἐς
3456 3479 3552 3548 τὴν
3580 3479 3745 3531 Παιο-

2200 3572 2317 3627 νίαν
2337 3591 2351 3605 ·
2381 3575 2428 3626 εξ
2456 3575 2512 3626 δὲ
2537 3572 2787 3641 ἀνέχεσθε
2817 3570 3053 3625 τοιαῦτα¹
3074 3570 3397 3639 πάσχοντες,
3428 3569 3747 3638 διαϐήσεται

2199 3663 2255 3717 δὲ
2282 3665 2489 3726 ἐκεῖνος
2519 3663 2684 3715 παντὶ
2711 3661 2788 3732 τῷ
2814 3660 3054 3732 στρατῷ,
3081 3662 3291 3715 δέδοικα
3348 3663 3422 3731 μὴ
3455 3660 3750 3729 σφαλέντες

2202 3755 2365 3820 ἅπαξ,
2395 3756 2517 3809 τάδε
2565 3756 2743 3808 πάντα
2788 3755 2881 3806 ὑπ’
2924 3754 3119 3824 ἐκείνῳ
3169 3755 3411 3824 γένηται,
3460 3756 3555 3807 καὶ
3602 3755 3749 3822 ἡμᾶς

2201 3847 2433 3901 κάκιστα
2467 3846 2728 3918 ἀπολέσῃ.
2761 3844 2945 3898 Ταῦτα
2981 3844 3242 3898 εἰπόντων
3280 3844 3387 3896 τῶν
3417 3846 3693 3897 Οὑενετῶν
3719 3847 3747 3896 ὁ

2204 3936 2450 4008 βασιλεὺς
2482 3936 2723 3989 Παιόνων
2750 3935 3059 4001 ὑπολαϐὼν,
3087 3935 3241 4003 ἔλεγε
3270 3935 3448 3988 τοιάδε
3474 3952 3490 3968 ο
3528 3936 3750 4004 ’Ἄνδρες

2203 4029 2474 4092 Οὑενετοὶ,
2503 4023 2561 4082 εὖ
2612 4045 2670 4080 τε
2708 4027 2919 4096 λέγετε,
2960 4029 3053 4080 καὶ
3084 4028 3287 4081 δοκεῖτε
3337 4027 3470 4098 πρὸς
3496 4027 3665 4079 πολλὰ
3706 4028 3752 4059 ⁷³

2203 4120 2390 4190 ἄνδρες
2426 4113 2567 4172 εἶναι
2599 4119 2698 4172 οὐκ
2724 4119 2994 4185 ἀξύνετοι,
3023 4118 3079 4180 ἐς
3118 4135 3178 4172 τε
3211 4118 3281 4172 τὰ
3311 4118 3447 4172 ἄλλα
3486 4117 3579 4171 τοῦ
3612 4118 3749 4187 βίου,

2204 4212 2297 4267 καὶ
2331 4213 2387 4276 ές
2417 4212 2483 4265 τὰ
2515 4211 2700 4264 δέοντα
2753 4212 2935 4274 αὐτοῖς
2975 4209 3307 4279 λογίζεσθαι.
3352 4211 3556 4265 Ἐκεῖνο
3595 4210 3653 4263 δὲ
3692 4210 3754 4262 οὐ

2204 4303 2409 4358 δοκεῖτε
2439 4302 2573 4375 ἡμῖν
2625 4303 2955 4374 μεμνῆσθαι,
2992 4301 3068 4364 ὡς
3118 4301 3209 4355 τὸν
3243 4302 3470 4356 ἐπὶτῶν
3498 4302 3757 4372 Τούρκων

2208 4397 2436 4469 πόλεμον
2489 4395 3092 4467 συμπαρελαμϐἁνομεν
3156 4395 3415 4458 πολλάκις
3462 4395 3626 4464 ὑμᾶς,
3660 4396 3759 4447 καὶ

551 4499 635 4540 tra
683 4503 805 4543 eum
862 4491 1253 4560 pugnaveritis,
1308 4502 1367 4546 ut
1420 4494 1673 4549 universa
1727 4493 2001 4553 Pannonia
2049 4500 2096 4554 in

2205 4490 2307 4545 οὐκ
2357 4488 2659 4559 ἠθελήσατε
2708 4491 2995 4559 τιμωρεῖν,
3030 4488 3471 4560 παρακαλοῦντος
3512 4488 3629 4557 ἅμα
3663 4488 3755 4538 καὶ

548 4579 666 4644 ejus
721 4580 981 4635 ditionem
1022 4581 1198 4647 cedat,
1232 4593 1286 4637 et
1344 4599 1440 4639 vos
1490 4585 1865 4643 crudelissime
1894 4591 2101 4661 perdat.

550 4668 789 4737 Venetis,
850 4686 971 4725 cum
1038 4671 1253 4726 dicendi
1309 4673 1467 4728 linem
1519 4674 1817 4743 fecissent,
1862 4680 1914 4733 in
1961 4680 2104 4750 hunc

551 4762 767 4814 modum
816 4762 1093 4831 respondit
1146 4761 1467 4818 Pannonunt
1537 4782 1628 4822 rex
1677 4784 1690 4820 :
1730 4766 1845 4824 Viri
1892 4770 2102 4839 Veneti,

550 4868 680 4907 sane
717 4861 859 4908 recte
888 4854 1089 4915 dicitis.
1159 4864 1215 4909 ct
1264 4855 1517 4910 videmini
1582 4860 1633 4913 in
1708 4860 1953 4929 plurimis
1982 4878 2102 4919 esse

548 4942 649 4995 viri
690 4959 794 4997 non
831 4943 1120 4997 admodum
1169 4946 1556 5015 imprudentes,
1593 4964 1691 5004 nec
1734 4951 1907 5006 solum
1948 4954 2001 5007 in
2034 4954 2102 5009 iis

551 5052 670 5104 quae
699 5036 763 5090 ad
798 5036 1130 5107 quotidiana:
1168 5038 1288 5093 vita:
1316 5055 1472 5095 usum
1509 5050 1790 5108 spectant;
1832 5060 2017 5099 verum
2050 5054 2104 5099 et

552 5131 603 5180 in
634 5128 699 5182 iis
736 5144 855 5198 qum
897 5129 1164 5199 publicam
1218 5131 1508 5200 aliquando
1563 5131 1628 5185 de
1660 5132 1822 5187 rebus
1854 5150 2104 5190 necessa-

551 5221 647 5273 riis
690 5219 1141 5276 consultationem
1190 5224 1485 5292 postulant.
1536 5220 1734 5278 Parum
1786 5235 1968 5279 autem
2018 5241 2106 5281 re—

549 5313 873 5379 cordamini,
938 5326 997 5369 ut
1044 5316 1227 5370 videre
1292 5315 1498 5383 videor,
1558 5319 1702 5386 quod
1754 5318 1950 5385 saepius
2010 5334 2107 5373 vos

547 5408 1058 5471 eohortatisumus,
1110 5417 1166 5463 ut
1214 5425 1317 5463 una
1370 5409 1657 5465 nobiscum
1708 5410 2106 5480 expeditionem

546 5500 842 5555 sumeretis
883 5510 1071 5555 contra
1126 5498 1372 5568 Turcos;
1427 5515 1614 5555 verum
1676 5500 2106 5557 coltortationem

2207 4581 2299 4637 τοῦ
2332 4580 2586 4652 μεγίστου
2618 4581 2935 4652 ἀρχιερέως.
2983 4580 3126 4635 Ἀλλ’
3168 4579 3487 4634 ὲσπένδεσθε
3520 4578 3597 4648 τῷ
3627 4581 3757 4648 βαρ-

2209 4676 2379 4746 ϐάρῳ,
2412 4675 2504 4727 καὶ
2534 4672 2691 4744 ἡμῶν
2721 4673 2877 4741 λόγον
2903 4672 3091 4726 οὐδένα
3117 4671 3409 4725 ἐποιεῖσθε.
3459 4670 3760 4738 Ἐφὰσκετε

2205 4767 2283 4835 δὲ,
2325 4767 2399 4831 ὡς
2444 4766 2543 4820 οὐκ
2591 4767 2776 4819 εἰκότα
2821 4764 2972 4835 ὑμῶν
3016 4763 3410 4833 προσδεόμεθα,
3446 4763 3760 4824 κελεύοντες

2206 4858 2524 4929 ἐπαμύνειν,
2570 4856 2850 4927 μηδοτιοῦν
2908 4855 3140 4925 χαλεπὸν
3182 4855 3455 4917 ἐπιδόντες
3503 4854 3609 4906 ὑπὸ
3664 4852 3755 4906 τοῦ

2208 4950 2510 5021 βαρϐάρου.
2546 4950 2654 5002 Καὶ
2691 4950 2851 5019 ἡμεῖς
2888 4947 2952 5016 δὴ
2979 4947 3119 5000 οὕτω
3142 4946 3401 5010 πολλάκις
3428 4945 3519 4998 τὸν
3545 4945 3755 5014 Ἴστρον

2206 5038 2520 5103 διαϐάντες,
2583 5041 2855 5108 ἀνήκεστα
2912 5038 3313 5108 ἐπεπόνθαμεν.
3377 5038 3485 5090 Καὶ
3540 5036 3755 5103 πρῶτον

2212 5133 2310 5203 μὲν
2344 5131 2639 5193 Λαδίσλαος
2670 5133 2697 5183 ὁ
2722 5131 2883 5199 τῆσδε
2916 5130 3015 5198 τῆς
3045 5129 3228 5200 χώρας
3269 5129 3520 5199 βασιλεὺς
3546 5126 3753 5181 ἐτελεύ-

2208 5241 2394 5293 τησεν,
2421 5225 2560 5294 ἀνὴρ
2609 5225 2897 5293 γενόμενος
2941 5222 3169 5290 ἀγαθός.
3205 5220 3278 5274 Τὸ
3308 5220 3557 5290 δεύτερον
3602 5216 3757 5280 αὖθις

2208 5316 2394 5369 πολλοὶ
2422 5333 2481 5368 τε
2513 5316 2627 5384 ἅμα
2655 5316 2748 5368 καὶ
2782 5316 2999 5382 ἀγαθοὶ,
3034 5316 3089 5368 ὲν
3139 5314 3367 5384 Κοσόϐῳ
3397 5314 3492 5382 τῆς
3524 5311 3754 5382 Τριϐαλ-

2204 5407 2312 5460 λῶν
2357 5407 2561 5477 χώρας,
2602 5408 2652 5460 οἱ
2694 5406 2792 5476 μὲν
2822 5409 2878 5460 ὲν
2923 5406 3001 5477 τῷ
3030 5406 3252 5477 πολέμῳ
3296 5406 3585 5468 ἀπέθανον,
3623 5405 3671 5455 oi
3701 5401 3758 5455 δὲ

2208 5501 2303 5553 καὶ
2342 5499 2586 5554 ἑάλωσαν
2621 5498 2725 5552 om
2753 5497 3026 5567 Τούρκων.
3055 5497 3238 5551 Ταῦτα
3286 5497 3386 5569 μέν
3430 5513 3512 5551 τοι
3541 5494 3672 5566 ὑμῖν
3701 5496 3760 5547 ἐν

1824 5635 2067 5699 Νοῑυιεο
2098 5635 2494 5715 marginales.

621 5751 665 5782 “
702 5752 763 5806 In
795 5771 918 5822 uno,
949 5756 1283 5820 ὲλαῦνοντες.
1364 5758 1407 5789 ⁷³
1444 5756 1508 5811 In
1540 5774 1662 5824 uno,
1697 5757 1925 5812 πολλῶν.
