4026 6204
272 280 372 343 545
1342 270 1437 334 DE
1472 268 1723 333 REBUS
1749 270 2105 333 TURCICIS
2139 270 2280 332 LIB.
2317 272 2389 330 Χ.
3391 266 3495 331 HG

269 398 345 467 τῷ
386 394 625 467 παρόντι
678 391 1104 462 ἐπιμεμφόμεθα
1130 407 1143 421 ·
1172 394 1439 460 τιμωρεῖν
1476 390 1533 443 δὲ
1576 390 1827 457 ὕποδεχό.

1932 397 2171 443 nostram
2203 388 2485 443 admittere
2516 383 2829 448 recusastis,
2857 384 3109 454 quamvis
3140 384 3207 438 ad
3244 386 3493 441 eamdem

276 489 417 558 μεθα
454 488 653 542 αὖτίκα
708 486 855 557 μάλα
883 486 1169 547 διαὸάντες
1203 484 1296 537 τὸν
1341 485 1573 553 Ἵστρον,
1606 485 1663 544 ἐς
1704 483 1827 538 ὅσον

1932 494 2046 535 rem
2098 479 2259 534 etiam
2312 480 2551 548 pontifex
2620 476 2886 531 maximus
2938 493 3032 533 vos
3091 480 3492 532 cohortaretur.

271 582 512 650 ἐγχωρεῖ
546 583 607 633 ἐν
646 579 724 648 τῷ
761 579 946 646 τοιῷδε
976 578 1174 647 βλάψαι
1204 576 1299 646 τὴν
1342 574 1523 645 χώραν
1556 572 1653 628 τοῦ
1701 573 1827 642 βαρ·-

1935 570 2135 627 Fwdus
2161 570 2449 639 pepegistis
2485 584 2609 625 cum
2648 568 2907 634 Barbare,
2942 570 3228 638 nostrique
3283 569 3490 625 nullum

275 666 659 740 6άρου.⁹Ηρος
712 669 757 722 δ’
810 669 1196 737 ἐπιγενομένου
1254 664 1695 734 στρατευσόμεθα
1740 664 1833 719 ἐπὶ

272 762 375 833 τὴν
440 763 673 826 ἐκείνου,
734 764 1119 829 πειρασόμενοι
1177 758 1253 821 ὡς
1311 758 1378 813 ἂν
1438 756 1561 826 διδῷ
1611 758 1639 811 6
1680 755 1832 818 Θεὸς.

274 854 466 925 Χρεὼν
490 855 545 908 δὲ
579 855 671 907 καὶ
699 853 842 919 ὑμᾶς
882 851 1000 919 ἅμα
1030 850 1392 911 ἐσϐάλλοντας
1429 850 1485 909 ἐς
1522 848 1620 918 τὴν
1664 849 1831 900 Helo—

274 950 543 1017 πόννησον
574 945 835 1013 βλάπτειν
875 942 1189 1011 πειρᾶσθαι,
1217 942 1315 996 ὃσα
1357 940 1422 995 ἂν
1451 939 1701 996 δόνασθε.
1743 938 1831 1001 Ὠς

276 1041 345 1094 ἂν
386 1039 473 1091 ἐπ’
504 1037 827 1106 ἀμφοτέρων
871 1034 982 1089 τῶν
1028 1034 1245 1104 χωρίων
1289 1034 1627 1102 παρέχοιμεν
1679 1031 1827 1101 αὐτῷ

276 1130 586 1200 πράγματα
634 1126 1013 1197 ἐργαζόμενοι,
1048 1128 1105 1189 ἐς
1157 1125 1444 1193 ἐγγυτάτω
1496 1124 1669 1193 ἴοιμεν
1727 1125 1831 1193 τῆς

276 1223 525 1292 γνώμης,
562 1220 695 1289 ἐμοῦ
736 1220 795 1274 δὲ
843 1220 888 1250 ⁷⁸
917 1219 1224 1287 ἐγχειρίσαι
1266 1218 1397 1286 περὶ
1422 1217 1517 1270 τὸν
1566 1218 1824 1285 πόλεμον.

279 1314 462 1367 Ταῦτα
498 1311 686 1373 εἰπὼν,
725 1310 819 1364 καὶ
868 1310 1428 1379 παρασκευασάμενος
1456 1309 1524 1362 τὰ
1569 1308 1828 1379 χρήματα

276 1404 492 1467 ἐδέξατο
534 1404 590 1465 ἐς
636 1401 957 1470 δισμυρίους
1030 1401 1124 1454 καὶ
1178 1400 1648 1470 πεντακισχιλίους
1697 1416 1829 1470 χρυ-

276 1496 474 1553 σίνους.
508 1487 683 1558 Οὗτος
722 1490 823 1562 μὲν
862 1489 956 1543 οὖν
986 1489 1129 1544 οὕτω
1164 1492 1623 1561 παρεσκευάσατο
1652 1491 1708 1553 ἐς
1738 1488 1827 1543 τὸν

278 1587 529 1653 πόλεμον.

1936 672 2238 732 respectum
2270 663 2477 731 egistis.
2508 663 2586 717 Ad
2624 663 2738 717 hac
2789 672 2968 716 vestra
3007 663 3185 717 oratio
3226 672 3364 726 erat,
3398 676 3499 715 nos

1936 770 2125 824 parum
2184 754 2409 811 honeste
2452 768 2632 824 agere,
2682 754 2933 823 iubentes
2982 768 3078 807 vos
3128 768 3279 807 arma
3306 762 3498 807 contra

1939 846 2233 902 Barbarqu
2270 848 2538 916 arripere.
2579 862 2700 901 cum
2743 845 2903 902 nullae
2948 854 3125 900 tamen
3157 843 3277 912 ejus
3310 844 3361 897 in
3400 859 3497 899 vos

1942 947 2157 996 exstent
2227 939 2461 1008 injuriae.
2509 937 2618 996 Nos
2695 939 2860 1009 igitur
2929 938 3126 1007 saepius
3184 936 3497 1005 trajecimus

1939 1031 2160 1094 Istrum.
2198 1042 2251 1089 et
2284 1034 2549 1088 maximas
2582 1033 2762 1089 clades
2794 1033 3128 1102 accepimus.
3158 1031 3341 1086 Primo
3376 1033 3497 1100 (μιῆς

1934 1124 2059 1181 dem
2102 1123 2408 1181 Vladislaus
2441 1142 2531 1180 rex
2566 1135 2749 1209 nost‘er
2781 1126 2831 1180 in
2885 1126 3229 1194 expeditione
3265 1124 3495 1178 Turcira

1930 1215 2209 1280 occubuit,
2264 1230 2384 1273 cum
2427 1215 2619 1271 fuisset
2656 1215 2737 1268 vir
2776 1215 3035 1286 optimus.
3070 1215 3268 1271 Deinde
3302 1215 3493 1269 iterum

1934 1308 2090 1362 multi
2114 1315 2168 1363 et
2197 1307 2322 1362 boni
2366 1308 2464 1361 viri
2500 1308 2554 1364 in
2591 1308 2806 1364 Cosobo
2848 1309 3080 1377 regionis
3114 1308 3497 1371 Trihallorum,

1933 1399 2128 1466 partim
2160 1400 2310 1464 caesi,
2355 1400 2549 1468 partim
2609 1400 2753 1470 capti
2816 1412 2942 1457 sunt
2993 1402 3062 1456 ab
3122 1401 3337 1457 Turcis.
3374 1401 3497 1456 liae

1932 1490 2148 1558 quidem
2190 1490 2454 1549 hactenus
2490 1492 2647 1551 vobis
2672 1494 3000 1563 exprobrare
3023 1495 3201 1551 libuit.
3227 1494 3493 1549 Caeterum

1935 1581 2108 1648 parati
2132 1590 2187 1635 et
2215 1585 2447 1652 prompti
2496 1598 2685 1641 sumus
2738 1600 2845 1640 una
2905 1585 3183 1641 vobiscum
3221 1588 3497 1651 suscipere

280 1676 493 1739 bellum,
530 1675 795 1731 continuo
824 1658 1169 1730 transeuntes
1217 1679 1453 1737 Istrum;
1502 1680 1557 1728 et
1624 1678 1887 1741 quantum
1948 1685 2259 1740 possumus,
2319 1684 2624 1731 evastata“
2689 1676 2962 1744 regionem
3022 1676 3265 1731 Barbari.
3322 1680 3499 1747 Appe-

282 1780 428 1826 tente
466 1787 590 1827 vere
626 1773 826 1826 bellum
862 1771 1168 1825 indicemus
1224 1770 1337 1840 regi
1370 1786 1385 1824 :
1416 1767 1559 1839 quod
1590 1776 1853 1837 quantum
1899 1764 2046 1823 Deus
2080 1768 2242 1824 nobis
2273 1770 2393 1839 opis
2434 1769 2664 1834 dederit,
2712 1785 2922 1825 summa
2964 1756 3295 1826 fortitudine
3342 1785 3497 1841 gere-

287 1882 428 1922 mus.
454 1866 710 1921 Ceterum
732 1877 786 1922 et
808 1881 904 1922 vos
936 1866 1098 1924 simul
1129 1868 1429 1935 irrumpere
1464 1865 1519 1921 in
1583 1862 2045 1931 Peloponnesum,
2115 1872 2173 1918 et
2254 1867 2513 1921 molestos
2562 1880 2706 1929 esse,
2766 1876 3027 1935 quantum
3080 1870 3312 1933 licuerit,
3384 1879 3495 1936 regi

288 1968 519 2028 oportet,
562 1969 621 2013 ut
664 1960 715 2013 in
755 1961 905 2016 hunc
954 1960 1173 2017 modum
1223 1960 1290 2015 ab
1322 1966 1551 2027 utraque
1609 1956 1827 2025 regione
1866 1955 2082 2022 negotia
2123 1957 2172 2011 ei
2250 1956 2609 2021 facessamus.
2637 1966 2691 2012 ct
2721 1959 2835 2025 pari
2880 1959 3062 2014 animo
3105 1960 3317 2030 utrique
3385 1956 3499 2013 bel-

292 2053 405 2108 lum
435 2053 823 2122 aggrediamur.

360 2144 683 2214 Συνατείρας
739 2146 798 2199 δὲ
856 2148 1172 2215 στράτευμα
1229 2148 1288 2210 ἐς
1353 2144 1675 2217 δισμυρίους
1740 2140 1827 2194 καὶ

2009 2138 2104 2195 llis
2124 2137 2303 2205 dictis,
2356 2140 2654 2209 accipiebat
2696 2140 2883 2213 viginti
2916 2142 3157 2211 quinque
3200 2142 3367 2197 milli:
3397 2158 3495 2195 suo

288 2236 772 2305 πεντακισχιλίους,
799 2236 893 2289 τὸν
948 2238 1161 2307 Ἵστρον
1207 2252 1265 2289 τε
1311 2235 1521 2301 διαϐὰς,
1546 2233 1700 2304 ἐδῄου
1735 2232 1833 2303 τὴν

291 2328 537 2397 βασιλέως
587 2326 789 2397 χώραν.
824 2327 934 2381 Καὶ
964 2328 1340 2399 ἐπιτειχισμδν
1374 2331 1440 2399 τῇ
1472 2326 1832 2396 Μπελογράδῃ

295 2422 321 2471 ὁ
345 2419 639 2489 Σαδατξνης
681 2420 964 2490 ἐτείχισεν,
1001 2422 1089 2474 ὅτε
1122 2422 1221 2490 τὴν
1274 2422 1533 2475 Παιονίαν
1566 2419 1830 2488 immo,

302 2513 387 2565 καὶ
415 2512 653 2580 φρουρὰν
714 2510 1097 2579 ἐγκαταλιπὼν
1162 2514 1221 2565 ἐν
1277 2512 1435 2581 αὐτῇ,
1489 2512 1688 2582 ἄνδρας
1725 2512 1832 2565 τῶν

304 2602 542 2667 βασιλέως
591 2602 791 2673 θυρῶν,
818 2603 1118 2673 ἀπήλαυνε.
1143 2602 1313 2656 Τοῦτο
1367 2605 1464 2670 μὲν
1509 2604 1573 2672 δὴ
1621 2604 1680 2655 τὸ
1712 2605 1833 2656 ἐπι-

294 2695 535 2762 τείχισμα
601 2694 660 2747 ὃν
719 2694 763 2725 ⁷⁵
832 2694 1066 2762 μάλιστα
1149 2697 1214 2764 τῇ
1290 2694 1470 2756 πόλει,
1530 2695 1831 2758 ἐπελάσας,

288 2785 681 2855 ἐπολιόρκησε-’,⁸
742 2783 881 2853 μετὰ
940 2783 995 2836 δὲ
1045 2782 1364 2854 ἐπιδραμὼν
1419 2782 1517 2853 τὴν
1568 2784 1832 2852 βασιλέως

285 2876 479 2945 χώραν,
526 2875 653 2927 ἔστε
707 2876 799 2928 ἐπὶ
847 2874 1083 2937 Σάϐϐαν,
1130 2878 1222 2928 καὶ
1302 2875 1832 2945 ἀνδραποδισάμενος

280 2969 372 3032 τὴν
430 2968 649 3036 χώραν,
712 2966 1047 3035 Τριϐαλλούς
1098 2984 1158 3019 τε
1217 2966 1333 3036 ἄμα
1387 2967 1480 3020 καὶ
1531 2967 1831 3038 Τούρκας,

280 3057 554 3125 ἀπήλαυνε
603 3058 672 3111 τὰ
708 3058 943 3127 ἔμπαλιν
997 3060 1287 3127 γενόμενος
1318 3060 1408 3112 ἐπ’
1457 3061 1627 3113 οἴκου.
1660 3060 1831 3127 Λέγε-

276 3165 361 3201 ται
386 3151 441 3202 δὲ
476 3150 889 3219 ἀπενέγκασθαι
919 3151 1225 3221 ἀνδράποδα
1253 3152 1399 3219 ἀμφὶ
1428 3156 1495 3206 τὰ
1525 3151 1825 3221 δυσμύρια.

276 3236 385 3290 Καὶ
414 3238 485 3291 τὰ
520 3237 618 3304 μὲν
653 3237 761 3289 τῶν
794 3238 1038 3291 Παιόνων
1074 3239 1243 3301 οὕτως
1276 3240 1490 3308 ἐγένετο
1516 3256 1531 3272 ⁸
1579 3240 1831 3293 Οὑενετοὶ

273 3326 354 3389 δὲ,
384 3329 461 3390 ὡς
498 3330 592 3381 καὶ
638 3330 765 3390 τοὺς
796 3329 1028 3393 Παίονάς
1085 3347 1237 3397 σφισι
1288 3333 1611 3403 συμμάχους
1662 3348 1832 3401 παρε-

276 3418 575 3487 ).άμ6ανον,
607 3419 991 3488 πληρώσαντες
1040 3424 1281 3493 τριήρεις
1332 3424 1492 3476 πέντε
1539 3425 1633 3477 καὶ
1675 3424 1831 3496 τριά-

276 3526 462 3570 κοντα,
490 3512 579 3561 καὶ
605 3510 733 3574 ναῦς
763 3528 821 3565 τε
864 3514 977 3580 ἅμα
1011 3513 1220 3582 ὑψηλὰς
1261 3514 1605 3579 δυοκαίδεκα,
1640 3514 1829 3569 ἔπλεον

276 3600 369 3651 ἐπὶ
396 3600 813 3671 Πελοπόννησον.
879 3604 983 3656 Καὶ
1017 3605 1239 3668 ὁπλίτας
1294 3606 1395 3674 μὲν
1440 3604 1697 3671 Ἰταλοὺς,
1745 3608 1831 3659 ἱπ-

271 3692 410 3756 πέας
451 3692 762 3764 δισχιλίους,
792 3695 1124 3765 ἐμϐαλόντες
1160 3700 1214 3763 ἐς
1268 3699 1368 3763 τάς
1410 3698 1619 3771 ὑψηλάς
1676 3699 1825 3764 ναῦς,

264 3787 666 3857 διεπόρθμευον
698 3791 755 3853 ἐς
776 3789 873 3859 τὴν
908 3792 1311 3863 Πελοπόννησον
1345 3807 1358 3822 ·
1404 3794 1541 3863 μετά
1574 3793 1629 3847 δὲ
1662 3809 1829 3865 στρα-

266 3880 434 3948 τηγὸν
464 3881 687 3947 εἴλοντο,
724 3883 889 3952 ἄνδρα
920 3885 1189 3954 ἐπίσημον
1218 3886 1315 3955 τῆς
1366 3887 1725 3957 Ιιαυρεδάνων
1751 3892 1828 3943 oi-

266 3972 415 4033 κίας,
455 3974 854 4043 ἐπιτρέψαντες
888 3975 1035 4043 αὐτῷ
1063 3976 1130 4027 τὰ
1158 3977 1482 4045 πράγματα,
1522 3981 1615 4033 καὶ
1644 3983 1698 4044 ἐς
1728 3984 1824 4048 τὰς

262 4063 569 4133 παραλίους
594 4063 688 4127 τάς
718 4082 776 4117 τε
813 4067 869 4129 ἐς
897 4065 985 4118 τὸν
1032 4067 1235 4131 Ἰόνιον,
1266 4070 1361 4122 καὶ
1406 4072 1462 4133 ἐς
1497 4072 1557 4125 τὸ
1582 4075 1823 4143 Αἰγαῖον,

262 4154 514 4223 ἡγεμόνα
570 4156 1017 4226 κατεστήσαντο,
1100 4158 1285 4227 κύριόν
1334 4178 1393 4215 τε
1447 4164 1819 4234 ποιησάμενοι,

261 4244 536 4298 διαθεῖναι
697 4246 762 4300 ἂν
823 4246 969 4318 αὐτῷ
1021 4248 1204 4319 δοκοίη
1236 4251 1293 4312 ἐς
1326 4251 1421 4305 τὸν
1444 4254 1677 4325 πόλεμον
1706 4258 1827 4328 ἄρι-

262 4351 365 4387 στα
396 4335 564 4403 ἔχειν.
614 4336 747 4389 ’Δπδ
799 4336 855 4390 δὲ
897 4337 994 4407 τῆς
1042 4339 1266 4410 Κρήτης
1314 4342 1575 4414 κήρυγμα
1635 4346 1823 4419 ἐποιή-

261 4440 430 4476 σαντο
452 4426 563 4487 τοῖς
597 4426 691 4478 ἐπὶ
714 4426 821 4478 τῶν
848 4426 1215 4497 ἐγκλημάτων
1248 4432 1304 4494 ἐς
1326 4434 1450 4497 τοὺς
1478 4433 1690 4504 χώρους
1721 4455 1823 4490 κα-

259 4514 647 4583 ταφυγοῦσιν.
718 4516 854 4569 ίέναι
913 4517 1251 4588 θαρροῦντας
1311 4523 1368 4585 ἐς
1415 4524 1508 4577 τδν
1564 4526 1821 4599 πόλεμον.

260 4604 548 4674 Ἐγένοντο
568 4606 624 4658 δὲ
653 4606 997 4675 συλλεγέντες
1021 4611 1161 4680 ἀμφὶ
1186 4614 1311 4676 τοὺς
1336 4619 1819 4687 τετρακισχιλίους,

258 4698 353 4747 καὶ
397 4698 455 4757 ἐς
487 4697 585 4764 τὴν
616 4696 1019 4769 Πελοπόννησον
1037 4700 1493 4772 διεπόρθμευσαν,
1545 4709 1641 4761 καὶ
1692 4709 1822 4774 τούς

1936 2246 2176 2287 reorum.
2231 2230 2443 2297 Quibus
2485 2233 2749 2303 acceptis.
2807 2234 3193 2304 accingebatur
3257 2236 3328 2288 ad
3381 2235 3497 2289 bel-

1936 2320 2069 2386 lum,
2127 2336 2453 2392 comparans
2511 2325 2811 2381 exercitum
2882 2323 2973 2395 qui
3038 2324 3499 2391 complectebatur

1938 2414 2126 2485 viginti
2149 2417 2392 2485 quinque
2443 2417 2617 2473 millia
2682 2417 2950 2473 virorum.
2994 2408 3497 2489 Transgressustjue

1935 2506 2155 2572 Istrum,
2222 2509 2364 2578 regis
2425 2508 2697 2576 regionem
2766 2508 3143 2577 populabatur.
3211 2507 3495 2567 Sabatines

1937 2615 2149 2654 murum
2196 2597 2459 2669 Belgrade
2490 2600 2787 2668 objecerat.
2840 2615 2947 2669 quo
2993 2600 3163 2657 tutior
3198 2612 3341 2656 esset
3369 2616 3491 2655 eum

1934 2706 1998 2746 ex
2038 2692 2314 2746 Pannonia
2363 2693 2575 2762 praedas
2633 2701 2848 2761 ageret;
2910 2694 2963 2748 in
3023 2708 3131 2762 quo
3181 2695 3496 2763 relinquens

1935 2782 2245 2851 praesidium
2282 2786 2521 2840 virorum
2570 2786 2638 2839 de
2686 2785 2874 2853 januis
2925 2784 3080 2839 abiit.
3145 2786 3299 2841 Hune
3331 2787 3497 2855 igitur

1936 2890 2149 2928 murum
2178 2890 2340 2943 quam
2388 2876 2633 2944 proxime
2683 2874 2748 2927 ad
2791 2875 2979 2929 urbem
3012 2877 3278 2931 accedens
3328 2894 3497 2947 Oppu-

1934 2963 2117 3035 guavit
2167 2974 2221 3018 et
2273 2965 2463 3020 diruit.
2514 2965 2723 3025 Dehine
2786 2964 3149 3022 incursionem
3207 2968 3413 3024 faciens
3442 2971 3493 3022 in

1933 3055 2076 3126 regis
2109 3055 2381 3126 regionem
2420 3071 2593 3126 usque
2626 3058 2689 3111 ad
2728 3055 2953 3122 Savum,
3007 3068 3059 3111 et
3103 3060 3493 3129 mancipiorum

1932 3143 2140 3216 przealas
2166 3160 2351 3215 agens,
2392 3146 2560 3215 pulsis
2596 3145 2848 3201 Triballis
2899 3158 2952 3201 et
3001 3148 3216 3213 Turcis,
3268 3150 3490 3205 domum

1934 3250 2184 3291 reversus
2264 3246 2389 3300 est,
2450 3236 2678 3293 :vehens
2762 3238 2983 3295 circiter
3055 3241 3241 3311 viginti
3322 3243 3493 3297 millia

1932 3327 2350 3398 mancipiorum.
2393 3327 2446 3382 In
2484 3328 2583 3382 hoc
2612 3338 2754 3383 statu
2809 3346 2896 3385 res
2952 3330 3271 3387 Pannonum
3312 3343 3490 3388 erant.

1934 3416 2144 3482 Veneti,
2170 3434 2291 3472 cum
2328 3415 2619 3475 Pannones
2674 3420 2730 3473 in
2783 3421 2907 3476 belli
2946 3422 3264 3480 societatem
3311 3424 3494 3479 venis-

1932 3516 2079 3574 Sent,
2139 3509 2501 3579 impleverunt
2537 3510 2787 3566 triremes
2849 3512 3068 3582 triginta
3122 3513 3385 3584 quinque,
3438 3525 3495 3570 et

1930 3617 2098 3658 naves
2151 3602 2284 3657 alias
2330 3602 2654 3669 duodecim;
2699 3603 2900 3673 quibus
2931 3606 3091 3679 297
3126 3608 3335 3673 confisi,
3361 3623 3494 3665 con-

1931 3695 2216 3748 tenderunt
2277 3694 2333 3747 in
2397 3692 2858 3766 Peloponnesum.
2919 3695 3083 3753 ltalos
3135 3708 3375 3754 armatos
3435 3709 3491 3753 et

1926 3786 2137 3855 equites
2183 3786 2269 3841 bis
2326 3786 2474 3842 mille
2535 3788 2846 3856 imposuere
2907 3788 2962 3843 in
3012 3804 3177 3844 naves
3230 3792 3384 3854 altas,
3435 3803 3491 3851 et

1929 3878 2345 3933 transfretaruut
2406 3878 2457 3931 in
2510 3877 2965 3948 Peloponnesum.
3026 3882 3108 3937 Ad
3180 3882 3231 3939 id
3283 3884 3481 3939 bellqu

1926 3970 2398 4025 crearuntdueem
2457 3971 2632 4024 virum
2680 3972 2944 4026 illustrem
3001 3971 3262 4027 Jacobnm
3300 3979 3364 4031 de
3398 3980 3488 4030 t'a-

1928 4065 2075 4119 milia
2102 4064 2573 4130 Lauredanorum,
2612 4068 2699 4121 cui
2753 4068 2918 4122 etiam
2959 4069 3243 4138 imprrium
3289 4072 3340 4125 iu
3374 4089 3489 4128 ina-

1928 4159 2141 4213 ritimas
2202 4159 2448 4227 regiones
2512 4160 2799 4227 dederunt,
2856 4162 3107 4219 videlicet
3169 4164 3223 4217 in
3250 4180 3341 4220 eas
3367 4182 3488 4237 qua:

1926 4250 2137 4305 Ionium
2172 4260 2227 4304 et
2257 4248 2499 4320 Egaeum
2540 4251 2857 4321 respiciunt.
2886 4250 3023 4307 lluie
3055 4255 3268 4325 plenam
3304 4272 3485 4327 rerum

1925 4344 2280 4412 gerendarum
2308 4350 2627 4412 potestatem
2676 4345 3017 4412 permittunt,
3081 4362 3275 4415 nempe
3310 4357 3370 4404 ut
3417 4350 3486 4404 ad

1927 4450 2049 4489 eum
2078 4434 2293 4488 modum
2321 4434 2462 4489 bello
2492 4443 2698 4502 utatur,
2748 4452 2857 4505 quo
2895 4436 2998 4491 sibi
3041 4454 3126 4492 res
3156 4437 3485 4499 Venetorum

1925 4526 2128 4597 eptime
2162 4526 2363 4582 habere
2402 4528 2733 4582 viderentur.
2769 4528 3018 4583 Edictum
3064 4532 3283 4586 missum
3319 4534 3485 4588 estin

1923 4618 2164 4680 Cretam,
2200 4619 2268 4672 ad
2322 4633 2415 4673 eos
2467 4619 2562 4691 qui
2602 4620 2928 4690 capitalibus
2993 4622 3318 4678 criminibus
3352 4628 3489 4680 irre-

1926 4710 2031 4775 titi,
2070 4710 2135 4765 ad
2191 4725 2252 4764 ea
2313 4710 2429 4764 loca
2490 4710 2870 4781 confugerant,
2932 4726 2991 4766 ut
3036 4715 3315 4780 audacter,
3340 4718 3489 4781 _nihil

258 4804 318 4839 τε
374 4788 848 4857 Πελοποννησίους
891 4790 1251 4861 παρώτρυναν
1273 4796 1319 4827 ⁷⁸
1376 4798 1667 4866 ἀφιστάναι
1720 4803 1827 4856 ἀπὸ

1933 4808 2255 4858 metuentes.
2321 4799 2374 4852 in
2435 4800 2575 4854 hanc
2627 4800 3030 4871 expeditionem
3095 4803 3363 4859 venirent.
3426 4804 3489 4860 lii

260 4878 551 4946 βασιλέως.
602 4879 710 4930 Καὶ
758 4879 806 4931 0i
868 4880 1284 4953 Πελοποννήσιοι
1335 4886 1523 4951 δεινῶς
1565 4890 1822 4958 δεδιότες,

261 4968 604 5039 προσέφερον
646 4969 858 5037 λόγους,
906 4972 997 5024 τόν
1040 4990 1096 5025 τε
1142 4976 1359 5045 Ἰσθμὸν
1416 4982 1692 5051 τειχίζειν,
1750 4984 1825 5047 ὡς

256 5058 440 5127 ταύτῃ
472 5058 875 5129 ἀποληψόμενοι
899 5064 1027 5126 τοὺς
1056 5066 1116 5117 ἐν
1143 5068 1263 5128 ταῖς
1308 5069 1493 5124 πόλεσι
1555 5073 1825 5141 βασιλέως

256 5149 549 5219 νεήλυδας,
588 5155 681 5204 καὶ
718 5153 1057 5221 ἀπογνόντας
1103 5157 1593 5228 παραδωσομένους
1662 5168 1825 5233 σφᾶς,

254 5241 405 5293 ὥστε
450 5243 675 5306 ἀπαθεῖς
727 5245 965 5305 ἀπιέναι,
1010 5246 1071 5300 Ἡ
1116 5252 1214 5317 μὲν
1247 5249 1343 5304 οὖν
1385 5253 1700 5325 Λακωνικὴ,
1736 5262 1827 5311 καὶ

254 5339 318 5387 τδ
368 5334 661 5405 Ταίναρον,
686 5338 777 5388 καὶ
822 5340 870 5390 οἱ
924 5340 1065 5409 ἀμφὶ
1106 5341 1449 5413 Ἐπίδαυρον,
1508 5349 1822 5419 ἀπέστησαν

256 5428 464 5479 αὐτίκα
504 5429 761 5481 ἐπιόντων
790 5431 897 5481 τῶν
929 5432 1204 5486 Οὖενετῶν
1234 5452 1247 5465 ·
1309 5439 1401 5490 καὶ
1455 5441 1503 5491 οξ
1543 5443 1821 5511 Ἀρκάδες,

1931 4902 2086 4944 erant
2117 4907 2343 4945 numero
2405 4894 2457 4947 in
2516 4909 2683 4947 unum
2726 4894 2937 4949 collecti
2987 4904 3185 4963 quater
3216 4898 3395 4962 mille;
3438 4906 3492 4952 et

1936 4982 1988 5035 in
2024 4980 2456 5050 Peloponnesum
2500 4983 2857 5052 trajecerunt,
2907 4994 2965 5039 ut
3000 4984 3491 5057 Peloponnesiacos

1935 5074 2001 5129 ad
2032 5074 2393 5129 defectionem
2426 5073 2496 5129 ab
2559 5090 2682 5146 rege
2718 5078 3073 5148 impellerent.
3113 5079 3306 5133 Verum
3332 5078 3489 5131 Pelo-

1934 5166 2244 5237 ponnesiaci
2302 5182 2493 5238 magna
2536 5166 2589 5220 in
2647 5170 2937 5224 formidine
2995 5170 3298 5233 constituti,
3351 5170 3490 5225 inter

1934 5275 1992 5313 se
2017 5259 2161 5312 varia
2197 5258 2468 5322 collocuti,
2522 5269 2830 5315 statuerunt
2890 5261 3153 5313 Isthmum
3194 5276 3347 5315 muro
3388 5264 3469 5315 cir

1932 5349 2268 5412 cumvenire,
2298 5360 2355 5401 ut
2420 5364 2485 5403 eo
2533 5355 2691 5405 modo
2752 5352 3058 5423 peregrinos
3113 5352 3275 5422 regis,
3304 5353 3393 5421 qui
3438 5354 3491 5408 in

1933 5443 2159 5498 urbibus
2202 5450 2374 5507 erant,
2445 5443 2848 5511 interclperent.
2911 5443 3186 5513 Peregrini
3263 5461 3492 5515 namque

1538 5577 1785 5639 Notulre
1820 5582 2225 5659 marginales.

334 5688 383 5719 ’⁵
414 5686 474 5739 in
502 5702 624 5751 uno,
668 5690 895 5762 διαχειρ.
972 5693 1014 5723 ⁷³
1061 5693 1278 5761 Ἑγγὺς,
1316 5705 1405 5748 aut
1444 5698 1616 5750 simile
1642 5702 1765 5767 qui!
1798 5703 1827 5752 (Ι

1932 5715 1957 5756 t,
1999 5704 2061 5758 Β.
2101 5714 2156 5757 ut
2189 5706 2307 5759 inc.
2381 5707 2427 5739 ⁷⁸
2466 5704 2529 5758 1η
2558 5724 2682 5773 uno,
2716 5708 3027 5779 ἐπειρῶ-μεθ.

3532 575 3564 615 r‘.

3520 613 3565 687 ’ξ
