4026 6204
480 221 586 287 ΞΗ

1596 210 1909 273 LAONICI
1965 201 2628 268 CHALCOCONDYLE

3610 198 3723 261 MS

476 341 590 407 jam
624 336 983 405 desperarent
1038 332 1118 400 (ut
1157 329 1249 398 qui
1269 312 1609 397 semctipsos
1642 324 1889 396 proditos
1920 337 2038 377 cre-
2069 354 2079 379 4

2184 319 2240 372 αὶ
2294 317 2582 387 Πεληνεῖς.
2656 318 2718 370 Ὀ
2760 316 2817 368 δὲ
2882 315 3293 385 Πελοποννήσου
3350 313 3613 384 ὕπαρχος,
3665 319 3725 367 ἐν

406 495 413 503 ,
482 430 696 498 det-ent)
730 443 787 482 sc
822 440 979 497 posse
1013 424 1208 477 illzesos
1256 430 1311 474 et
1359 421 1542 475 salvos
1590 425 1914 484 praesentem
1951 428 2049 468 ne-

411 512 415 520 ’
483 523 793 578 ressitatem
838 518 1093 585 effugere.
1138 513 1397 577 Laconia,
1443 513 1647 583 quique
1685 506 1971 563 Timarum
1998 515 2053 559 et

484 613 843 682 Epidamnum
877 607 990 676 (l5)
1050 605 1330 667 tenebant,
1371 618 1583 657 necnon
1635 600 1850 655 ﬁnitimi
1905 599 2052 652 illico

432 699 877 766 3accedentibus
937 696 1158 750 Venetis
1213 694 1283 749 ab
1342 709 1465 764 rege
1517 692 1891 748 desciverunt.
1943 688 2053 743 Hos

431 783 436 789 ’
485 793 658 848 secuti
687 800 815 846 sunt
852 789 1091 844 Arcades
1144 798 1197 843 et
1259 786 1629 841 Pellenenses.
1688 781 2051 853 PeIOponnesi

487 884 772 955 praefectus
820 883 873 936 in
936 880 1162 935 Leontia
1200 879 1312 951 (l6)
1371 878 1724 948 Megalopolis
1787 884 2055 940 moratus,

486 972 838 1042 exspectabat
894 972 971 1024 rei
1025 980 1300 1024 eventum.
1354 967 1618 1022 Nuntium
1652 968 1717 1021 ad
1758 981 1941 1037 regem
1979 966 2059 1019 di-

488 1068 636 1119 misit
672 1064 766 1134 qui
804 1065 1079 1118 nuntiaret
1118 1063 1352 1117 Venetos
1387 1064 1439 1117 in
1485 1061 1655 1115 armis
1684 1074 1825 1125 esse,
1869 1066 1923 1113 et
1973 1073 2059 1113 re-

489 1159 706 1227 gionem
774 1157 839 1210 ad
898 1155 1256 1210 defectionem
1311 1154 1632 1209 sollicitare.
1685 1150 1875 1206 Veneti
1918 1161 2059 1204 terra

491 1249 738 1317 marique
765 1249 832 1301 ab
870 1246 1108 1314 Naupl’to
1142 1248 1509 1316 prOpet-abant
1534 1230 1736 1316 Argos;
1776 1260 1936 1314 quam
1966 1259 2060 1298 ur-

492 1343 612 1395 bem
642 1340 883 1410 aggressi
953 1341 1338 1411 oppugnabant
1369 1358 1383 1406 ;
1439 1339 1693 1409 Oppidani
1725 1338 2065 1393 conabantur

492 1434 871 1489 transitionem
927 1432 1130 1487 facere.
1189 1431 1354 1485 Erant
1412 1434 1462 1485 in
1501 1448 1563 1487 ea
1598 1431 1733 1485 urbe
1781 1429 2055 1500 peregrini

493 1528 699 1580 milites
766 1525 908 1593 τρεῖς
962 1524 1357 1595 quinquaginta
1428 1539 1533 1576 una
1590 1538 1712 1577 cum
1755 1522 1889 1576 duce
1924 1534 2062 1576 suo:

436 1664 439 1667 ,
494 1618 611 1684 qui,
660 1614 1069 1669 conditionibus
1118 1613 1444 1683 quibusdam
1478 1610 1962 1675 intercedentibus,
2010 1623 2068 1665 se

2156 411 2385 482 Λεοντίῃ
2416 412 2517 481 τῆς
2569 410 3005 478 Μεγαλοπόλεως
3058 408 3373 478 διατρίϐων,
3432 401 3725 480 ἐσκόπειῇ

2153 506 2362 558 ἕκαστα
2388 504 2751 574 προϐήσεται,
2779 505 2888 557 Καὶ
2927 503 3147 573 κήρυκα
3198 502 3434 571 πέμπων
3484 502 3538 563 ἐς
3571 501 3725 571 βασι-

2154 597 2274 661 λέα,
2308 599 2518 666 ἐδήλου,
2561 599 2636 659 ὡς
2669 596 2922 652 Οὐενετοὶ
2946 600 3045 665 τήν
3070 614 3127 649 τε
3167 596 3355 665 χώραν
3399 596 3730 663 ἀφιστάντες

2156 692 2479 761 πολεμοῦσι,
2507 692 2603 743 καὶ
2626 691 2686 743 τὸ
2731 692 2934 760 Ἀργος
2962 693 3208 751 ἐπιόντες
3251 687 3359 742 ἀπὸ
3416 687 3731 748 Ναυπλίου,

2156 785 2245 838 διὰ
2273 787 2373 854 τῆς
2419 786 2679 854 ἠπείρου,
2734 784 2829 837 καὶ
2884 783 2971 836 διὰ
3025 783 3325 851 θαλάσσης,
3373 780 3737 851 ἐπολιόρκουν
3794 784 3805 793 ⁸

2159 878 2583 947 προσϐαλόντες.
2644 878 2755 930 Καὶ
2815 875 3117 945 ἐπειρῶντο
3170 875 3355 942 μολεῖν
3389 875 3457 928 ’⁷.
3502 874 3736 943 Ἐνῆσαν

2161 973 2217 1026 δὲ
2250 971 2343 1024 τοῦ
2372 970 2635 1041 βασιλέως
2661 970 3001 1038 πεντήκοντα
3027 968 3302 1034 νεήλυδες,
3323 968 3418 1019 καὶ
3449 966 3734 1037 ἁρμοστὴς

2161 1065 2387 1126 τούτων,
2420 1063 2469 1114 οἳ
2495 1062 2924 1132 προσεχώρησαν
2955 1062 3062 1120 τοῖς
3094 1059 3378 1121 Οὐενετοίς
3429 1057 3555 1111 καθ’
3603 1059 3735 1128 ὀμο-

2163 1155 2375 1222 λογίαν,
2434 1154 2530 1207 καὶ
2583 1154 2805 1222 ἀφῆκαν
2858 1152 3095 1216 ἀπαθεῖς
3146 1153 3391 1206 ἀπιέναι.
3437 1147 3596 1206 Οὗτοι
3637 1152 3736 1219 μὲν

2162 1246 2306 1301 οὕτω
2334 1247 2594 1314 διέφυγον
2626 1245 2699 1315 μὴ
2724 1246 3047 1306 ἀπολέσθαι,
3084 1244 3180 1296 καὶ
3204 1244 3263 1295 τὸ
3309 1243 3515 1312 Ἀργος
3553 1260 3734 1313 παρα-

2162 1338 2421 1399 λαϐόντες
2452 1337 2728 1399 Ούενετοὶ,
2779 1337 3028 1407 φρουράν
3076 1353 3133 1389 τε
3195 1336 3576 1405 ἐγκατέλιπον,
3643 1338 3739 1386 καὶ

2164 1433 2403 1501 ἄρχοντα
2421 1432 2477 1483 ἐν
2493 1430 2664 1499 αύτῷ.
2692 1427 2861 1483 Ἔνθα
2884 1429 2947 1497 δὴ
2966 1428 3268 1501 συνηνέχθη
3295 1431 3481 1492 αὐτοῖς
3508 1428 3738 1482 τοιόνδε.

2178 1521 2267 1584 Ὠς
2302 1523 2410 1591 γὰρ
2462 1520 2988 1591 ἐπεκράτησανιτοῦ
3024 1523 3286 1592 ΙἌργους,
3339 1523 3433 1575 καὶ
3490 1520 3743 1589 βοήθειαν

2171 1614 2441 1682 ἔπεμπον,
2495 1612 2891 1683 ἐπιτρέψαντες
2935 1614 3088 1686 ἀνδρὶ
3133 1614 3445 1684 Ἱερωνύμῳ
3506 1611 3743 1681 Βερνάρ-

498 1682 716 1762 Venetis
747 1706 1022 1769 dedidere,
1063 1682 1198 1775 quos
1239 1704 1382 1774 passi
1418 1714 1545 1758 sunt
1594 1706 1746 1758 abire
1778 1704 2069 1758 inviolatos

2184 1708 2276 1761 Swv
2300 1707 2507 1776 γένους,
2539 1711 2634 1759 καὶ
2665 1682 3056 1773 ἐπιτείλαντεςν,
3088 1708 3163 1768 ὼς
3192 1682 3258 1760 ἂν
3301 1682 3388 1759 δια
3418 1682 3527 1758 τοῦ
3566 1704 3742 1770 αἰγιαο

495 1813 552 1855 et
602 1801 924 1856 incolumes.
974 1800 1085 1854 lloc
1132 1800 1294 1853 modo
1354 1799 1440 1852 isti
1496 1798 1724 1852 exitium
1780 1798 2071 1852 imminens

494 1902 805 1947 evaserunt.
841 1890 1027 1946 Veneti
1059 1894 1206 1955 Argo
1247 1892 1392 1955 urbi,
1431 1906 1552 1960 qua:
1596 1891 1647 1943 in
1674 1889 1937 1943 ditionem
1981 1905 2074 1944 ve-

498 1996 678 2051 uerat,
708 1985 1017 2054 praesidium
1073 1985 1469 2054 imposuerunt,
1529 1983 1719 2037 relicto
1770 1982 1965 2035 ibidem
2020 1992 2073 2037 et

497 2077 661 2130 duce.
721 2076 824 2130 Ubi
885 2075 1199 2143 huiusmodi
1266 2090 1426 2130 casus
1475 2073 1697 2129 Venetis
1749 2074 1968 2128 accidit.
2003 2074 2074 2129 Ut

499 2172 643 2224 enim
676 2172 832 2240 petiti
859 2182 985 2225 sunt
1023 2171 1190 2239 Argo,
1238 2170 1611 2225 submiserunt
1640 2170 1900 2224 auxilium
1935 2170 2075 2224 duce

501 2264 837 2335 Hieronymo
887 2264 955 2318 de
1013 2262 1218 2317 familia
1273 2261 1701 2327 Bernardornm;
1757 2262 1842 2317 cui
1876 2276 2074 2331 praece-

499 2370 656 2429 ptum
682 2367 821 2422 erat,
861 2367 917 2412 ut
963 2372 1058 2427 per
1096 2356 1248 2410 littus
1278 2356 1575 2410 auxiliares
1614 2356 1844 2420 ducens,
1882 2370 2075 2425 perge-

502 2463 586 2508 ret
617 2455 813 2521 Argos.
841 2452 913 2514 ls,
959 2459 1273 2520 contempto
1304 2450 1536 2519 imperio
1574 2450 1943 2518 magistratus,
1983 2464 2078 2502 au-

502 2546 696 2600 xiliare
728 2558 925 2613 agmen
959 2544 1105 2597 ducit
1159 2558 1255 2612 per
1295 2543 1747 2598 mediterraneani
1777 2542 2076 2610 regionem,

504 2639 608 2690 iter
632 2635 843 2689 faciens
884 2650 978 2704 per
1018 2635 1255 2689 radicem
1322 2635 1545 2689 montis.
1597 2634 1673 2689 lbi
1718 2644 1830 2688 tum
1887 2630 2075 2700 Turci,

506 2729 686 2795 locum
723 2730 939 2784 insidiis
980 2738 1426 2799 prmoccupantes
1465 2728 1517 2781 in
1574 2727 1765 2780 itinere
1795 2726 1940 2795 quod
1978 2726 2081 2779 fert

504 2821 699 2889 Argos,
756 2819 1258 2887 subntiltetttcsque
1307 2818 1455 2872 viros
1502 2829 1742 2881 centum,
1794 2826 2081 2886 exspecta-

508 2914 655 2968 runt,
710 2908 754 2960 si
808 2922 915 2974 qua
970 2907 1186 2959 occasio
1237 2906 1463 2957 daretur
1496 2902 1799 2957 ulciscendi
1828 2902 2075 2972 Argivos.

511 2998 580 3053 Ut
621 2998 918 3068 conspicati
975 3007 1102 3053 sunt
1165 2996 1553 3066 Hieronymum
1602 2997 1704 3049 iter
1755 2997 1934 3049 metiri
1986 3011 2080 3066 per

507 3093 967 3148 mediterraneum
1050 3092 1356 3161 regionem,
1437 3100 1816 3160 praevenerunt
1889 3092 2087 3145 montis
2116 3082 2158 3105 “⁴⁶

505 3190 780 3253 rsdicem;
830 3199 885 3244 et
928 3195 1261 3256 occupantes
1311 3187 1489 3254 littus,
1557 3186 1884 3242 Venetorum
1936 3187 2090 3241 auxi-

507 3280 670 3337 liares
723 3282 775 3335 in
817 3282 994 3337 medio
1047 3281 1388 3337 conclusere.
1427 3278 1565 3335 l‘linc
1622 3296 1687 3334 ex
1749 3280 1959 3335 insidiis
1988 3295 2085 3335 ex-

507 3385 813 3446 surgentes,
858 3375 1091 3430 Venetos
1120 3375 1386 3429 continuo
1437 3374 1490 3427 in
1546 3372 1726 3443 fugam
1775 3373 2081 3451 coniecere,

510 3467 678 3538 298
706 3469 861 3522 caesis
900 3465 1173 3531 ducentis,
1220 3466 1555 3535 totidemque
1590 3466 1781 3536 captis.
1821 3467 2085 3536 llierony-

2175 1801 2268 1855 λοῦ
2298 1800 2525 1867 προϊὼν,
2557 1799 2809 1865 ἀφίκοιτο
2840 1799 2895 1861 ἐς
2922 1800 2982 1851 τὸ
3005 1800 3209 1869 Ἀργος
3238 1814 3253 1827 ο
3287 1801 3313 1851 ὁ
3340 1798 3395 1851 δὲ
3438 1798 3743 1864 ἀπειθήσας

2176 1895 2264 1967 ᾔει
2300 1895 2345 1928 ’⁸
2376 1896 2473 1963 τὴν
2502 1894 2826 1962 μεσόγαιον,
2862 1894 3135 1964 φέρουσαν
3158 1894 3246 1945 διὰ
3286 1894 3384 1962 τῆς
3441 1891 3740 1961 ὑπωρείας.

2190 1988 2455 2041 Ἐνταῦθα
2502 1989 2550 2041 οἱ
2602 1988 2838 2057 Τοῦρκοι
2876 1988 3314 2057 προλοχήσαντες
3360 1986 3460 2054 τήν
3522 1985 3612 2039 ἐπὶ
3668 1984 3744 2053 τῷ

2183 2083 2377 2150 Ἀργει
2408 2082 2549 2145 ὁδὸν,
2576 2080 2671 2133 καὶ
2698 2080 3023 2143 ὑποίσαντες
3059 2082 3259 2149 ἄνδρας
3290 2078 3507 2141 ἑκατὸν,
3552 2079 3748 2146 ἀνέμε-

2178 2194 2270 2230 νον
2303 2174 2426 2227 εἴτι
2458 2172 2595 2243 ἀπίῃ
2634 2174 2690 2231 ἐς
2742 2172 3023 2242 τιμωρίαν
3072 2173 3240 2244 φέρον
3298 2174 3412 2249 rei;
3459 2169 3751 2240 Ἀργείοις.

2191 2267 2279 2330 Ὠς
2308 2267 2365 2319 δὲ
2390 2265 2576 2336 ἐώρων
2604 2266 2696 2318 τὸν
2744 2263 3070 2335 Ἱερώνυμον
3118 2256 3320 2332 ἄγοντα
3365 2265 3491 2325 τοὺς
3550 2262 3752 2330 ἄνδρας

2183 2361 2278 2412 ἐπὶ
2308 2360 2368 2412 τὸ
2397 2360 2602 2429 ¹Ἀργος
2630 2358 2722 2412 διὰ
2751 2358 2851 2427 τῆς
2899 2360 3221 2427 μεσογαίου,
3282 2357 3527 2423 ἔφθησαν
3566 2359 3665 2423 τήν
3695 2371 3751 2406 τε

2184 2452 2471 2523 ἁπώρειαν
2510 2452 2578 2517 ⁷³,
2619 2452 2715 2504 καὶ
2771 2450 2864 2503 τὸν
2904 2450 3155 2517 αἰγιαλὸν
3222 2448 3642 2512 καταλαϐόντες,
3698 2448 3757 2497 ἐν

2189 2548 2339 2615 μέσῳ
2367 2541 2703 2612 ποιήσασθαι
2737 2540 2835 2610 τὴν
2865 2541 3146 2592 υύενετῶν
3180 2539 3456 2609 βοήθειαν.
3524 2538 3631 2592 Καὶ
3681 2537 3757 2596 ὡς

2185 2639 2467 2709 ἐποίησαν,
2513 2636 2813 2705 ἐτρέψαντο
2846 2634 3042 2687 αὐτίκα
3093 2634 3338 2693 τούτους,
3392 2631 3484 2685 καὶ
3517 2629 3761 2699 διαςρθεί⁴

2191 2748 2383 2802 ραντες
2415 2732 2471 2792 ἐς
2498 2729 2807 2789 διακοσίους
2842 2724 3069 2788 τούτους
3095 2724 3441 2794 ἐζώγρησαν.
3506 2722 3674 2783 Αὐτός
3699 2739 3759 2772 τε

2198 2822 2525 2893 Ἱερώνυμος
2555 2820 2776 2888 διέφυγε
2813 2819 2886 2889 μὴ
2937 2817 3256 2870 ἀπολέσθαι.
3327 2815 3530 2886 Ἐμὸἆς
3586 2814 3641 2867 δὲ
3700 2816 3761 2874 ἐς

2190 2913 2374 2965 πλοῖον
2425 2910 2594 2982 ταύτῃ
2646 2930 2750 2963 που
2807 2909 3190 2981 ὁρμιζόμενον,
3258 2907 3648 2977 ἐπηγγέλλετο,
3682 2905 3761 2969 tit;

2191 3008 2293 3059 ὑπο
2322 3005 2414 3058 τοῦ
2451 3004 2759 3076 στρατηγοῦ
2814 3005 3017 3073 παρείη
3076 3002 3323 3054 πλεύσων
3369 3001 3466 3071 τὴν
3507 3002 3757 3067 Αἴγιναν.

2207 3100 2295 3161 Ὠς
2325 3098 2382 3152 δὲ
2416 3099 2508 3151 ἐπὶ
2538 3098 2764 3166 Αἴγιναν
2788 3100 3034 3165 ἀφίκετο,
3074 3094 3229 3157 αὖθις
3288 3095 3533 3147 ἐκέλευεν
3600 3094 3762 3145 αὐτὸν

2195 3191 2633 3263 διαπορθμεῦσαι
2670 3196 2727 3254 ἐς
2769 3190 3021 3245 Εὔϐοιαν.
3075 3190 3295 3251 Ἐπιὸας
3320 3190 3375 3243 δὲ
3409 3192 3466 3251 ἐς
3511 3190 3610 3258 τὴν
3648 3189 3768 3242 ’Δτ-

2197 3289 2380 3358 τικὴν,
2418 3286 2669 3339 ἐντεῦθεν
2696 3286 2925 3354 ἀφίκετο
2956 3286 3107 3356 παρὰ
3141 3285 3388 3354 βασιλέα.
3457 3284 3627 3348 Οὗτος
3666 3284 3768 3353 μὲν

2190 3380 2284 3435 οὖν
2322 3380 2379 3434 οὐ
2415 3379 2595 3450 πολλῷ
2629 3377 2856 3448 ὕστερον
2888 3379 3045 3441 αὖθις
3079 3380 3134 3442 ἐς
3160 3382 3281 3441 τοὺς
3315 3380 3609 3441 Ούενετοὺς
3639 3379 3769 3432 ύπο-

2197 3474 2463 3545 στρέψας,
2487 3474 2703 3544 χαλεπὰ
2733 3472 3048 3525 ἐπεπόνθει.

510 3581 635 3619 tnus
675 3566 795 3634 fuga
829 3565 1004 3618 evasit
1047 3562 1367 3634 impendens
1416 3561 1736 3616 discrimen.
1792 3563 2080 3635 Ingressus
2123 3582 2304 3626 autem
2337 3586 2552 3633 navem.
2590 3586 2711 3640 quae
2756 3571 2893 3623 forte
2945 3585 3011 3623 eo
3057 3568 3360 3638 appulerat,
3427 3568 3641 3622 dicebat
3706 3578 3769 3619 se

513 3659 582 3713 ab
610 3661 747 3712 dure
822 3658 1026 3712 Velleio
1076 3657 1385 3719 advenisse,
1448 3666 1505 3711 ut
1563 3658 2004 3726 proficisceretur
2063 3665 2116 3719 in
2183 3662 2461 3735 Egiuatn.
2524 3664 2593 3719 Ut
2659 3667 2712 3719 in
2768 3664 3019 3734 Aiginant
3068 3668 3232 3724 venit.
3300 3673 3519 3719 nautam
3568 3677 3761 3716 navent

513 3755 726 3809 solvere
752 3763 806 3807 et
836 3768 1059 3807 cursum
1092 3752 1145 3806 in
1202 3750 1464 3804 Euboiam
1514 3752 1750 3822 dirigere
1774 3752 1950 3823 jubet.
2018 3755 2224 3813 Dehinc
2298 3774 2551 3829 egressus
2604 3769 2686 3812 est
2764 3758 2816 3811 in
2868 3758 3124 3821 Atticam,
3177 3768 3230 3811 et
3275 3758 3401 3811 inde
3446 3758 3511 3812 ad
3590 3772 3769 3828 regem

510 3857 616 3910 iter
675 3851 845 3907 flexit.
894 3850 943 3905 Is
995 3849 1139 3904 haud
1190 3850 1363 3904 multo
1423 3860 1543 3919 post
1593 3864 1845 3905 reversus
1901 3852 1967 3907 ad
1997 3851 2253 3922 Venetos,
2310 3870 2505 3927 graves
2551 3870 2743 3925 pinnas
2802 3854 2969 3925 spreti
3049 3866 3101 3908 et
3169 3854 3469 3924 contempti
3553 3850 3769 3924 imperii

512 3948 683 4004 dedit.

588 4038 760 4093 Graeci
797 4040 893 4109 qui
922 4046 1080 4092 erant
1117 4036 1175 4090 in
1207 4036 1610 4106 Peloponneso,
1642 4045 1696 4091 et
1727 4037 1945 4101 Albani,
1982 4054 2106 4094 nec-

515 4147 620 4188 non
657 4129 945 4196 llbasicus,
993 4140 1049 4184 et
1091 4128 1284 4184 Petrus
1334 4128 1596 4193 Claudus,
1641 4129 1782 4184 haud
1813 4133 2104 4187 cessabant

514 4224 803 4278 consulere
832 4220 1079 4287 Venetis,
1126 4229 1185 4274 ut
1238 4220 1502 4276 Isthmum
1541 4237 1698 4278 muro
1728 4223 2091 4277 ini-luderent.

518 4316 632 4369 lloc
690 4315 834 4367 enim
893 4312 1058 4375 facto,
1114 4313 1335 4367 aiebant
1388 4311 1888 4382 Peloponnesiacos
1942 4316 2093 4370 illico

516 4410 831 4464 defecturos
886 4408 952 4460 ab
999 4422 1145 4475 rege,
1192 4418 1245 4460 et
1305 4406 1372 4461 ad
1426 4406 1660 4461 Venetos
1715 4409 2089 4462 transitionem

518 4504 778 4554 facturos.
810 4497 942 4551 Nam
977 4499 1267 4568 plurimum
1314 4499 1574 4552 momenti
1601 4498 1665 4552 ad
1706 4498 2091 4564 defectionem,

522 4608 636 4646 rem
669 4609 786 4646 eam
816 4592 1035 4645 habere.
1069 4592 1249 4644 Visum
1276 4602 1363 4645 est
1392 4590 1557 4660 igitur
1583 4600 1643 4643 ut
1668 4606 1790 4645 cum
1823 4593 2093 4648 universis

520 4685 689 4753 copiis
720 4699 855 4753 opus
909 4682 1357 4751 aggrederentur,
1420 4681 1795 4752 lsthmumque
1850 4684 2099 4738 obstrue-

523 4788 663 4840 rent,
703 4794 769 4831 an
818 4778 901 4829 vel
948 4776 1054 4831 isto
1088 4777 1246 4830 modo
1290 4777 1357 4830 ad
1394 4777 1751 4830 defectionem
1786 4776 2098 4829 inclinaturi

519 4878 704 4926 essent
752 4867 1341 4937 Peloponuesiacorum
1398 4866 1586 4920 animi.
1642 4866 2009 4920 Advenietttes
2036 4866 2101 4919 ad

521 4979 660 5034 opus
728 4962 1071 5031 prmdictum,
1131 4961 1338 5030 lapides
1410 4973 1463 5013 et
1523 4974 1652 5014 saxa
1715 4963 2102 5028 congerebant,

520 5067 772 5121 apusque
821 5049 1193 5105 incredibilem
1241 5049 1294 5103 in
1358 5064 1561 5103 morem
1610 5051 1756 5105 brevi
1804 5050 2100 5105 crescebat.

520 5145 588 5197 Et
624 5153 892 5198 tentantes
958 5143 1170 5198 animos
1218 5141 1830 5212 PeIOponnesiacorum,
1886 5143 2102 5213 pericu-

524 5240 632 5289 lum
684 5236 975 5304 faciebant,
1042 5238 1087 5290 si
1148 5244 1204 5290 et
1254 5238 1574 5290 Corinthum
1627 5238 1692 5289 ad
1740 5236 2101 5291 defeetionem

2276 4039 2340 4092 Ol
2378 4038 2559 4108 μέντοι
2586 4036 2861 4099 Οὑενετοὶ,
2891 4035 2966 4097 ὡς
2998 4036 3408 4105 προῖσχομένων
3438 4035 3545 4089 τῶν
3594 4035 3656 4087 ἐν
3704 4038 3776 4106 τῇ

2206 4132 2600 4201 Πελοποννήσῳ
2644 4129 2911 4199 Ἑλλήνων
2944 4147 3003 4182 τε
3037 4130 3150 4199 ἅμα
3177 4134 3270 4182 καὶ
3316 4130 3612 4194 Ἀλϐανῶν,
3673 4132 3778 4182 καὶ

2204 4225 2575 4294 κελευομένων
2609 4223 2807 4286 αὐτῶν,
2840 4224 2934 4276 καὶ
2976 4224 3230 4276 Ῥασῐκου
3265 4225 3357 4277 καὶ
3415 4225 3622 4293 Πέτρου
3673 4221 3772 4275 τοῦ

2202 4316 2414 4378 Χωλοῦ,
2447 4316 2521 4379 ὡς
2549 4317 2595 4368 εἰ
2626 4314 2715 4367 τὸν
2749 4314 2968 4383 Ἰσθμὸν
3008 4314 3324 4385 τειχίσαιεν,
3370 4316 3567 4370 αὐτίκα
3622 4316 3777 4377 ὄντες

2201 4410 2248 4460 οἱ
2281 4407 2704 4475 Πελοποννήσιοι
2736 4408 3164 4475 ἀποστήσονται,
3190 4410 3281 4460 καὶ
3317 4407 3402 4460 ἐπ’
3434 4409 3632 4471 αὐτοὺς
3655 4426 3771 4477 χω-

2206 4504 2455 4574 ρήσουσι.
2491 4502 2652 4570 Μέγα
2678 4502 2787 4571 γαρ
2818 4519 2898 4553 τοι
2922 4502 3262 4571 προσφέρειν
3313 4500 3471 4554 τοῦτό
3504 4516 3690 4570 σφισιν
3713 4503 3779 4562 ἐς

2193 4597 2292 4663 τὴν
2324 4596 2643 4648 ἀπόστασιν.
2688 4596 2891 4647 Ἐδόκει
2923 4594 2978 4647 δὲ
3006 4596 3182 4657 ἰόντας
3230 4595 3594 4665 πανστρατιᾷ,
3636 4593 3785 4665 φρά-

2199 4687 2437 4752 γνυσθαι
2467 4689 2559 4741 τὸν
2603 4687 2837 4756 Ἰσθμὸν,
2872 4688 2961 4740 καὶ
3015 4687 3403 4757 διαπειρᾶσθαι
3453 4687 3566 4738 τῶν
3619 4688 3678 4738 ἐν
3708 4691 3777 4756 τῇ

2204 4779 2622 4849 Πελοποννήσῳ.
2676 4779 3051 4848 Ἀφικομένων
3076 4780 3155 4841 δὲ,
3187 4779 3368 4841 λίθους
3413 4778 3777 4839 συντιθέντες,

2203 4872 2609 4941 ἐπῳκοδόμουν,
2658 4873 2731 4935 ὡς
2772 4872 3222 4946 ἀποπειρώμενοι
3279 4872 3389 4925 τῶν
3431 4871 3773 4938 Πελοποννη-

2204 4964 2334 5016 σὶων
2352 4963 2656 5031 γνὼσωσιν,
2691 4967 2738 5016 εἰ
2771 4966 3124 5035 προσχωροίη
3163 4966 3256 5018 καὶ
3282 4966 3314 5035 ἡ
3345 4964 3602 5033 Κόρινθός
3652 4979 3775 5029 σφι-

2206 5074 2281 5119 σι,
2312 5058 2405 5109 καὶ
2436 5058 2504 5109 τὰ
2562 5056 2722 5109 λοιπὰ
2752 5058 2850 5127 τῆς
2887 5059 3289 5127 Πελοποννήσου
3352 5058 3550 5111 αὐτίκα
3598 5058 3776 5126 χωρή-

2207 5166 2390 5201 σουσιν
2448 5150 2618 5212 ἰόντες
2660 5151 2718 5212 ἐς
2763 5150 2983 5212 αύτούς.
3022 5151 3109 5214 Ὠς
3152 5151 3209 5204 δὲ
3261 5152 3685 5220 ἐπῳκοδόμησαν
3718 5165 3776 5198 τε

2201 5239 2292 5291 τὸν
2324 5240 2563 5310 Ἰσθμὸν,
2593 5243 2688 5295 καὶ
2712 5240 2869 5293 αὐτοὶ
2899 5241 3260 5307 ἁναλαὸόντες
3283 5242 3350 5294 τὰ
3397 5239 3557 5305 ὅπλα,
3608 5239 3777 5309 ᾔεσαν

1807 5371 2054 5431 Notulm
2093 5372 2509 5450 marginales.

593 5497 708 5569 (l5)
740 5499 825 5552 Al.
848 5496 1201 5567 Epidaurum.

560 5668 602 5698 ⁷⁷
638 5665 705 5720 In
738 5685 863 5737 uno,
898 5668 1058 5721 ἑλεῖν.
1138 5668 1178 5701 ⁷⁸
1203 5667 1277 5740 ,1η
1314 5686 1435 5738 uno,
1470 5670 1579 5738 ήῖε.

2302 5502 2412 5573 (16)
2448 5502 2760 5560 Leontorio.

1662 5670 1704 5701 τ’
1731 5666 1795 5723 In
1816 5684 1939 5739 uno,
1974 5666 2275 5738 ὑπώρειαν.
