4026 6204
308 263 420 327 M9

1406 266 1499 329 DE
1536 270 1780 331 REBUS
1808 272 2161 333 TUIICICIS
2224 272 2368 333 LIB.
2414 273 2483 333 Χ.

3448 274 3552 336 550

309 385 369 440 ἐς
417 380 522 448 τὴν
552 379 836 449 Κόρινθον,
889 383 1269 453 ἐξηγουμένων
1334 385 1440 436 τῶν
1496 386 1795 454 Κορινθίων
1829 387 1883 447 ἐς

1997 389 2287 440 accendere
2315 396 2557 457 possent.
2613 386 2767 452 Quod
2828 385 2873 439 si
2926 384 3286 453 contingeret,
3318 386 3555 457 reliquas

310 478 413 539 τὴν
447 471 774 541 προσϐολὴν,
808 473 1133 540 τηλεϐόλους
1168 493 1226 528 τε
1276 475 1613 528 καθίστασαν
1669 477 1724 536 ἐς
1791 476 1887 544 τὴν

311 564 639 633 ἀκρόπολιν,
673 565 769 615 καὶ
795 567 1227 632 προσεϐάλλοντο
1264 568 1566 636 μαχόμενοι
1598 566 1765 631 ἀξίως
1802 568 1890 619 λό-

312 674 440 725 γου.
474 655 701 723 Χειμὼν
733 658 788 708 δὲ
823 660 1207 726 ἐπιγενόμενος
1275 660 1573 713 διεκώλυσε
1608 678 1665 712 τε
1696 662 1889 723 αὑτοίς

319 748 783 817 προκαθέζεσθαι.
857 752 963 801 Καὶ
1026 753 1277 811 ἀπιόντες
1345 752 1614 817 ἐντεῦθεν,
1687 752 1891 823 ᾤχοντο

321 841 617 907 ἄπρακτοι.
662 838 749 901 '0;
790 839 847 891 δὲ
896 842 1209 910 πιεζόμενοι
1252 846 1299 895 οἱ
1332 844 1585 896 Οὗενετοὶ
1643 844 1720 915 τῷ
1778 860 1890 913 χει-

324 932 489 1001 μῶνι,
516 933 767 1001 χαλεπῶς
790 932 986 1001 ἐςερον
1014 933 1109 1003 τὴν
1142 936 1199 987 ἐν
1222 934 1300 1004 τῷ
1330 935 1529 1005 Ἰσθμῷ
1583 935 1889 1003 διατριϐὴν,

322 1025 422 1075 καὶ
462 1022 590 1074 οὔτε
631 1022 955 1093 ήΚόρινθος
1008 1027 1372 1095 προσεχώρει,
1434 1026 1557 1079 οὕτε
1625 1028 1657 1098 ὴ
1699 1028 1893 1097 Ἀχαΐα

324 1115 641 1183 ἀφίστατο,
692 1116 1057 1179 ἐπελάσαντος
1122 1116 1315 1189 ἀνδρὸς
1373 1119 1578 1174 Ῥἀλεω
1653 1120 1893 1189 τοῦνομα

327 1208 618 1277 Ἕλληνος,
658 1208 746 1260 καὶ
773 1208 940 1261 αὑτοῦ
986 1208 1405 1277 τελευτήσαντος
1472 1212 1574 1265 ὑπὸ
1634 1210 1893 1282 Τούρκων

325 1304 647 1368 ἐπεξιόντων
676 1321 732 1355 τε
760 1304 855 1356 καὶ
890 1304 1269 1373 ἀμυνομένων,
1302 1308 1397 1359 καὶ
1418 1306 1540 1359 οὔτε
1571 1306 1634 1375 δὴ
1662 1306 1825 1360 τᾶλλα
1844 1307 1892 1337 ⁸⁰

322 1396 720 1464 προσεχώρησὲ
753 1412 928 1463 σφισι,
956 1395 1095 1462 πλὴν
1119 1398 1225 1451 τῶν
1252 1398 1351 1467 τὴν
1402 1399 1657 1469 Σπάρτην
1684 1400 1893 1452 οἰκίιύνο

317 1506 447 1551 των,
486 1489 942 1559 ἐξαπατηθέντων
974 1490 1080 1542 ὑπὸ
1113 1489 1373 1559 Ἕλληνος
1404 1492 1637 1552 νεανίου,
1690 1492 1892 1560 Γρὶτζα

318 1581 558 1648 τοῦνομα
601 1581 835 1649 ἔχοντος.
893 1583 1077 1635 Δεινόν
1110 1599 1167 1637 τε
1221 1584 1504 1635 ἐποιοῦντο
1559 1584 1894 1653 προσμένειν

317 1689 378 1725 τε
406 1674 558 1742 αὐτῷ
590 1673 670 1742 τῷ
701 1673 921 1743 Ἰσθμῷ,
950 1676 1043 1727 καὶ
1076 1674 1229 1727 οὐδέν
1262 1692 1315 1727 τι
1338 1676 1673 1745 πράττεσθαι
1705 1675 1893 1726 ἀνύον-

857 752 963 801 Καὶ
1026 753 1277 811 ἀπιόντες

1979 672 2178 725 contra
2225 662 2566 716 Corinthum.

1990 476 2345 547 Peloponnesi
2415 480 2577 533 urbes
2632 481 2814 533 statim
2870 479 3250 533 transitionem
3298 478 3559 535 facturas.

1991 569 2176 624 Isahmi
2210 586 2365 624 muro
2402 571 2763 633 exardilicato,
2795 570 3029 639 arreptis
3067 571 3232 624 armis
3264 572 3565 642 pergebant

2635 662 3011 717 Prmeuntibns
3070 662 3398 730 quibusdam
3456 665 3560 718 Co-

1990 754 2229 819 rinthiis,
2288 754 2701 809 ostendentibus
2781 755 3000 807 ubinam
3081 753 3270 807 urbem
3342 756 3562 823 aggredi

1988 845 2268 908 deberent,
2324 846 2647 900 bombardas
2700 848 2975 915 ponebant
3036 862 3101 899 ex
3134 845 3368 899 adverso
3397 848 3560 910 arcis,

1991 937 2252 1005 urbisque
2279 938 2738 1006 oppugnationem
2763 938 3243 1008 aggrediebantur,
3291 947 3563 992 certantes

1993 1046 2186 1100 magna
2227 1044 2348 1084 eum
2392 1030 2584 1098 gloria.
2618 1029 2817 1085 Verum
2870 1032 3040 1086 hiems
3086 1032 3385 1099 friget-ibus
3419 1032 3562 1085 iutu-

1993 1121 2235 1185 leranda,
2294 1136 2389 1176 eos
2450 1121 2516 1176 ab
2573 1121 2867 1175 obsidenda
2930 1123 3064 1176 urbe
3120 1122 3367 1176 abduxit.
3419 1121 3563 1188 Qua-

1992 1222 2214 1281 propter
2254 1212 2615 1276 discedentes,
2665 1213 2799 1267 nihil
2859 1223 3011 1266 tanto
3046 1230 3309 1282 apparatu
3341 1215 3563 1284 dignum

1992 1303 2236 1357 elfecere.
2279 1304 2468 1371 Itaque
2500 1302 2712 1369 Veneti,
2784 1306 2976 1360 hiemis
3040 1307 3321 1375 iniqiitate
3370 1309 3563 1376 pressi,

1993 1396 2177 1450 animo
2208 1396 2394 1465 iniquo
2434 1411 2644 1450 moram
2672 1398 2726 1451 in
2762 1397 2965 1452 Isthmo
3008 1400 3278 1453 ferebant.
3316 1401 3427 1453 Nec
3457 1398 3566 1454 Co-

1993 1484 2208 1538 rinthus
2279 1486 2653 1539 transitionem
2714 1484 2863 1548 fecit.
2913 1503 3013 1541 nec
3070 1488 3271 1542 Achaia
3317 1490 3565 1554 descivit,

1994 1575 2243 1644 quamvis
2270 1577 2334 1629 ad
2380 1592 2474 1632 eos
2526 1578 2726 1633 missus
2761 1576 2902 1632 foret
2952 1582 3034 1633 vir
3092 1580 3313 1635 Gl'tBCUs
3346 1585 3568 1636 nomine

1999 1670 2244 1737 Itaches;
2292 1670 2383 1738 qui
2422 1670 2490 1724 ab
2534 1669 2730 1725 Turcis
2780 1673 3189 1741 egredientibus
3216 1685 3268 1729 et
3307 1676 3571 1730 resisten-

320 1782 420 1828 τας
460 1768 515 1828 ἐς
545 1766 646 1836 τὴν
676 1768 774 1835 τῆς
831 1766 1240 1834 Πελοποννήσου
1297 1770 1705 1841 καταστροφή-ι.
1765 1770 1892 1833 Ἡγ-

1997 1764 2143 1818 tibus
2192 1762 2512 1819 interfectus
2565 1774 2669 1819 est.
2727 1765 2834 1819 Nec
2886 1767 3111 1835 reliqua:
3147 1768 3332 1831 urbes,
3377 1779 3571 1837 praeter

325 1859 548 1924 γέλλετο
572 1860 628 1911 δὲ
661 1861 755 1911 καὶ
791 1858 1208 1929 Μαχουμούτης,
1242 1864 1269 1914 ό
1304 1863 1395 1913 τοῦ
1448 1861 1711 1929 βασιλέως
1761 1862 1889 1929 ἡγε-

330 1951 472 2015 μὼν,
502 1952 710 2021 στρατῷ
742 1953 964 2022 μεγάλῳ
996 1954 1218 2007 ἀπιέναι
1242 1955 1422 2021 σφίσιν
1442 1956 1499 2016 ἐς
1526 1952 1616 2004 τὸν
1653 1952 1888 2019 Ἰσθμόν.

328 2042 466 2095 Μετ’
499 2043 559 2093 οὖ
580 2044 708 2095 πολὺ
728 2043 785 2095 δὲ
807 2044 900 2095 καὶ
929 2045 1091 2105 αὐτὸς
1136 2044 1389 2113 βασιλεὺς
1418 2044 1709 2113 ἠγγέλλετο
1739 2042 1895 2095 ἐλαύ-

328 2152 438 2186 νων
479 2136 570 2185 ἐπὶ
596 2134 680 2185 τὸν
714 2135 951 2205 Ἰσθμόν.
998 2138 1288 2203 Ἐγνωσάν
1341 2153 1400 2189 τε
1450 2136 1737 2188 ἀπολιπεῖν
1801 2135 1893 2187 τὸν

336 2225 576 2295 Ἰσθμὸν,
615 2226 763 2279 οἰδὲν
798 2227 851 2279 τί
899 2244 1083 2297 σφισιν
1140 2229 1323 2292 αὐτοῖς
1366 2230 1675 2298 πρόσφορον
1706 2230 1759 2290 ἐς
1824 2231 1894 2279 τὰ

322 2320 593 2388 παρόντα,
634 2320 728 2371 καὶ
793 2321 970 2384 ἰόντας
1018 2322 1073 2383 ἐς
1102 2322 1199 2382 τὰς
1240 2322 1443 2385 πόλεις,
1494 2322 1779 2392 κρατύνειν
1836 2339 1894 2373 τε

325 2412 513 2476 αὑτὰς,
542 2412 636 2463 καὶ
664 2413 977 2482 ἀμύνασθαι
1002 2416 1140 2467 κατὰ
1171 2416 1229 2467 τὸ
1260 2416 1543 2485 καρτερὸν,
1572 2416 1637 2484 ἢν
1669 2416 1894 2467 ἐπίωσιν

334 2506 380 2554 οἱ
410 2508 525 2573 περὶ
553 2506 962 2575 Μαχουμούτην
994 2525 1051 2559 τε
1091 2510 1209 2576 ἆμα
1238 2509 1328 2561 καὶ
1389 2510 1438 2560 οἱ
1476 2510 1605 2579 περὶ
1644 2508 1887 2578 βασιλέα.

336 2617 452 2652 cum
485 2614 729 2655 exerentu
762 2604 1178 2669 Machumetem,
1219 2617 1277 2658 ιιι
1332 2605 1379 2659 ei
1424 2607 1670 2660 subsidio
1702 2605 1885 2658 venire
1926 2612 2127 2672 posset,
2193 2602 2238 2655 si
2327 2615 2417 2654 res
2475 2599 2790 2667 postularet,
2848 2600 3132 2670 subsequi.

331 2695 508 2763 itaque
556 2711 755 2767 magno
824 2713 1091 2751 consensu
1169 2699 1425 2751 Isthmum
1492 2699 1777 2762 deserere,

1990 1872 2085 1911 cos
2114 1856 2205 1924 qui
2253 1854 2502 1925 Spartam
2533 1857 2865 1924 incolebant,
2900 1860 3231 1913 deditionem
3264 1860 3569 1923 faciebant;

1989 1966 2113 2004 nam
2155 1948 2437 2019 Spartanis
2486 1951 2795 2021 impositum
2829 1963 2952 2006 erat
3012 1953 3083 2005 ab
3133 1953 3334 2021 juvene
3381 1954 3569 2008 Graeco

1990 2041 2213 2094 nomine
2246 2039 2450 2094 Gritza.
2490 2037 2710 2095 Venetis
2741 2042 2851 2109 jam
2882 2041 3060 2096 omnis
3094 2058 3245 2096 mora
3277 2044 3329 2096 in
3365 2042 3571 2098 Isthmo

1990 2133 2334 2186 intoleranda
2396 2143 2537 2196 erat,
2596 2148 2720 2186 cum
2784 2134 3029 2187 viderent
3078 2149 3136 2188 se
3198 2135 3569 2204 nequidquam

2000 2227 2270 2290 laborare,
2303 2234 2359 2280 ut
2394 2223 2803 2290 Peloponnesus
2850 2226 3234 2297 subjiceretur.
3271 2225 3572 2281 Nuntiaba-

2005 2330 2093 2373 tur
2125 2320 2328 2374 interea
2365 2319 2737 2374 Machumetes
2782 2319 2963 2389 regius
3020 2320 3304 2390 praefectus
3363 2322 3574 2388 magnis

2005 2410 2177 2477 cogiiis
2226 2409 2550 2474 instructus,
2581 2409 2631 2462 in
2670 2407 2933 2463 Isthmum
2969 2411 3318 2474 contendere,
3355 2412 3573 2480 spirans

1997 2502 2172 2557 czedes
2211 2500 2561 2556 Venetorum.
2621 2499 2795 2555 Etiam
2853 2502 2994 2555 fama
3054 2503 3347 2567 fiert-batur,
3394 2516 3572 2571 regem

3211 2599 3577 2655 Decrevcrunt

1872 2707 1961 2750 ut‘
2003 2694 2161 2764 cujus
2216 2708 2411 2762 parvus
2480 2694 2529 2745 iu
2590 2694 3002 2761 prasentiarum
3057 2705 3203 2749 esset
3276 2708 3430 2748 usus.
3484 2695 3577 2749 Di-

319 2790 728 2859 gressilstbmo
788 2796 1187 2847 contendebant
1268 2794 1319 2848 in
1369 2795 1552 2858 urbes,
1596 2810 1729 2865 quas
1811 2794 2074 2863 praesidiis
2145 2790 2608 2861 munimentisque
2667 2791 2786 2846 aliis
2837 2792 3147 2859 firmabant,
3206 2803 3264 2847 ut
3312 2794 3454 2863 regis
3523 2805 3577 2852 et

321 2886 685 2943 Machnmetis
728 2890 856 2953 vim,
903 2891 946 2943 si
1007 2892 1327 2944 accederent
1388 2894 1706 2962 prapulsare
1761 2902 2003 2961 possent.

397 2982 486 3045 Ὧς
511 2984 619 3052 γὰρ
652 2984 877 3050 ἀγγελία
909 2984 1139 3052 ἀφὶκετο
1172 2984 1403 3053 βασιλεῖ,
1431 2987 1556 3049 τοὺς
1587 2986 1883 3047 Οὑενετοὺς

320 3076 585 3145 τειχίζειν
615 3093 671 3127 τε
698 3075 787 3127 τὸν
826 3076 1059 3145 Ἰσθμὸν,
1095 3076 1489 3145 πληρώσαντας
1536 3080 1779 3148 τριήρεις
1830 3078 1886 3139 ἐς

2069 2984 2176 3037 lie:
2226 2982 2315 3036 ubi
2367 2982 2531 3053 299
2569 2983 2824 3053 cognovit
2876 2981 3110 3037 Venetos
3138 3000 3296 3039 muro
3343 2986 3578 3042 circum-

1996 3075 2215 3128 venisse
2247 3074 2510 3126 Isthmum
2544 3082 2596 3126 et
2623 3074 2879 3142 implesse
2905 3074 3157 3129 triremes
3190 3077 3574 3147 quadraginta,

319 3171 756 3237 τεσσαράκοντα,
822 3170 963 3239 νηῶν
1010 3170 1065 3222 δὲ
1120 3170 1328 3239 ὑψηλὰς
1392 3171 1737 3235 δυοκαίδεκα,
1797 3170 1892 3221 καὶ

1997 3178 2048 3220 et
2088 3180 2254 3219 naves
2296 3166 2435 3221 altas
2473 3166 2786 3230 duodecim,
2833 3175 3093 3236 praeterea
3142 3181 3379 3223 armatos
3410 3170 3575 3223 Italus

317 3264 549 3321 ὁπλίτας
578 3262 951 3330 ἐπαγομένους
985 3262 1091 3314 ἀπὸ
1148 3262 1395 3324 Ἰταλίας,
1451 3265 1544 3317 καὶ
1590 3262 1695 3314 ἀπὸ
1745 3261 1892 3330 Κρή-

320 3373 427 3421 της
456 3358 682 3424 στρατὸν
702 3354 884 3417 ἄλλον,
922 3356 1173 3423 μεγάλως
1210 3355 1739 3420 παρασκευάσασθαι
1795 3354 1895 3405 αὑ-

326 3447 461 3507 τοὺς
495 3448 546 3506 ἐς
567 3447 661 3513 τὴν
687 3448 787 3513 τῆς
844 3446 1253 3515 Πελοποννήσου
1306 3445 1710 3513 καταστροφὴν,
1752 3446 1895 3513 πέμ-

329 3557 461 3592 πειν
501 3539 899 3608 Μαχονμούτην
925 3539 1425 3609 συμπαραλαϐόντα
1456 3539 1546 3591 τὸν
1581 3540 1680 3607 τῆς
1710 3538 1896 3606 Εὐρώ-

325 3646 443 3693 πης
468 3632 713 3697 στρατόν,
743 3628 882 3698 πλὴν
907 3630 1014 3680 τῶν
1050 3630 1184 3698 πρὸς
1206 3630 1330 3690 τοὺς
1366 3628 1596 3688 Παίονας
1626 3625 1896 3695 τεταγμέ-

321 3740 454 3786 νων,
508 3720 751 3773 ἐλαύνειν
798 3720 923 3773 εὑθυ
956 3720 1389 3788 Πελοποννήσου.
1429 3720 1539 3773 Καὶ
1575 3722 1621 3771 εἰ
1679 3720 1776 3787 μέν
1813 3736 1895 3771 τοι

326 3813 491 3874 αὐτὸς
524 3807 634 3873 οἷος
667 3810 861 3864 ἀνύσαι
890 3815 943 3872 ἐς
975 3812 1064 3862 τὸν
1100 3812 1235 3879 πρὸς
1283 3813 1578 3875 Οὐενετοὺς
1638 3810 1895 3880 πόλεμον,

325 3905 578 3957 καθελεῖν
602 3920 660 3954 τε
686 3904 775 3954 τὸν
807 3902 1043 3971 Ἰσθμὸν,
1073 3903 1166 3953 καὶ
1200 3902 1447 3955 ἐσὸαλείν
1472 3903 1589 3970 ἄμα
1649 3902 1746 3970 τὴν
1799 3902 1897 3952 Iis-

324 3998 657 4066 )ozévvqcov
692 4013 708 4029 ο
732 3996 779 4048 εὶ
811 3995 867 4048 δὲ
905 3996 1001 4065 μὴ,
1028 3999 1120 4047 καὶ
1151 3994 1299 4061 αὖτῷ
1318 3994 1652 4066 ἀπαγγέλλῃ,
1686 3994 1729 4025 ⁸⁸
1758 3992 1897 4045 ὥστε

324 4090 475 4141 κατά
520 4089 684 4150 πόδας
726 4089 991 4140 ἐλαύνειν.
1056 4088 1115 4139 '0
1164 4087 1260 4153 μὲν
1292 4086 1402 4137 τῶν
1437 4086 1617 4156 θυρῶν
1678 4084 1899 4153 ἡγεμὼν

328 4180 735 4249 Μαχουμούτης
760 4178 1091 4248 παραλαϐὼν
1138 4178 1231 4229 τὸν
1268 4175 1370 4241 τῆς
1414 4175 1684 4245 Εὐρώπης
1741 4193 1899 4246 στρα-

324 4273 444 4335 τὸν,
482 4273 645 4340 ἤλασε
680 4275 841 4340 μέχρι
875 4270 1190 4332 Θετταλίας,
1226 4270 1282 4331 ἐς
1325 4268 1571 4337 Πηνειὸν,
1598 4270 1901 4339 καὶὲστρα-

326 4365 656 4417 τοπεδεὺετο
709 4363 859 4432 παρὰ
886 4362 1136 4433 Λαρίσσῃ
1168 4364 1231 4431 τῇ
1270 4360 1445 4414 πόλει.
1500 4360 1794 4428 Συμόούλῳ
1844 4360 1899 4412 δὲ

327 4454 532 4523 ἐχρῆτο
598 4454 695 4521 μὲν
745 4453 959 4522 Ὀμάρῃ
1025 4452 1101 4520 τῷ
1164 4450 1527 4519 Τονραχάνεω
1601 4449 1899 4511 Θετταλίας

328 4549 586 4617 ὑπάρχῳ.
616 4546 986 4614 Ἀπετρέπετο
1012 4544 1069 4596 δέ
1103 4547 1178 4612 μὴ
1210 4545 1265 4605 ἐς
1293 4544 1353 4594 τὸ
1408 4542 1594 4612 πρόσω
1628 4542 1893 4607 ἐλαύνειν,

327 4639 471 4692 ἀλλὰ
501 4640 707 4705 βασιλεῖ
738 4637 1110 4705 ἀναγγέλλειν,
1134 4636 1206 4698 ὡς
1238 4636 1271 4705 ἡ
1318 4634 1636 4703 παρασκευὴ
1696 4635 1897 4702 μείζων

329 4733 371 4800 ἢ
399 4734 534 4783 κατά
554 4733 644 4783 τὸν
676 4730 939 4799 βασιλέως
964 4729 1226 4797 ἡγεμόνα.
1262 4727 1429 4788 Αὐτὸς
1474 4734 1582 4794 γαρ
1636 4726 1899 4793 στρατεύ-

336 4844 471 4896 ματι
526 4826 762 4895 πρόσθεν
821 4824 1099 4891 ἐγγύτατα
1151 4823 1245 4874 τοῦ
1298 4822 1515 4886 Ἰσθμοῦ
1543 4824 1896 4890 ἀφικόμενος,

333 4918 653 4989 τηλεδόλους
676 4936 734 4971 τε
764 4918 987 4987 ἀφεώρα
1018 4914 1290 4983 πλείουςῆ
1328 4915 1641 4984 δισχιλίους,
1682 4917 1775 4965 καὶ⁹
1797 4930 1896 4980 τη-

334 5011 645 5074 λεῦολιστας
672 5009 1085 5078 τετρακοσίους,
1118 5009 1214 5060 καὶ
1264 5006 1508 5073 τοξότας,
1560 5009 1651 5058 καὶ
1701 5006 1899 5058 πελτα-

332 5106 488 5169 στὰς,
519 5105 609 5155 καὶ
640 5104 830 5173 μηδενὶ
874 5104 1068 5164 αὐτοὺς
1110 5099 1272 5153 αὑτοῦ
1300 5102 1355 5152 ἐν
1386 5100 1462 5168 τῷ
1517 5099 1721 5170 Ἰσθμῷ
1780 5102 1897 5151 ἐπι-

329 5200 529 5265 τρέψαι
552 5198 615 5249 ἂν
634 5194 1216 5264 στρατοπεδεύσασθαι.

1996 3260 2313 3321 adduxisse,
2360 3268 2414 3311 et
2466 3261 2533 3311 ab
2563 3259 2723 3313 Creta
2772 3259 2939 3312 alium
2996 3260 3323 3327 exercitum,
3376 3265 3575 3332 quibus

1996 3352 2252 3404 omnibus
2275 3350 2420 3412 freti,
2457 3351 2508 3404 id
2535 3352 2754 3404 unicum
2802 3362 3113 3418 spectarent
3142 3363 3201 3407 ut
3234 3352 3576 3423 Peloponne-

1996 3460 2118 3498 sum
2156 3445 2503 3515 subigerent;
2538 3444 2679 3497 haud
2724 3444 2959 3513 amplius
2990 3447 3360 3501 cunctandum
3396 3456 3571 3513 ratus,

1999 3539 2396 3592 Maeliumetem
2451 3537 2617 3606 jussit
2668 3538 2917 3607 accipere
2968 3537 3198 3608 Europa:
3248 3544 3574 3605 exercitum,

1999 3641 2194 3698 praeter
2246 3644 2370 3682 cum
2425 3629 2516 3697 qui
2579 3627 2931 3685 Pannonibus
2986 3631 3272 3701 oppositus
3317 3643 3458 3698 crat,
3526 3646 3579 3688 ct

2001 3732 2148 3777 recta
2190 3722 2459 3792 proficisci
2506 3722 2559 3775 in
2597 3722 3055 3793 Peloponnesum.
3105 3724 3371 3780 Praeterea
3411 3726 3579 3796 impe-

2000 3824 2103 3880 rat,
2138 3814 2183 3868 si
2219 3814 2347 3884 quid
2383 3822 2567 3885 posset
2600 3815 2814 3870 ellieere
2846 3816 2899 3870 in
2927 3816 3069 3871 bello
3101 3827 3286 3873 contra
3319 3817 3575 3880 Venetos,

1999 3906 2303 3961 eniteretur
2323 3908 2609 3962 destruere
2641 3905 2931 3973 Isthmum,
2979 3918 3033 3962 et
3083 3908 3281 3962 deinde
3309 3908 3574 3977 irruptio-

2000 4010 2120 4048 nem
2159 3997 2211 4050 in
2254 3995 2687 4065 Peloponnesum
2729 3996 2928 4071 facere.
2967 3995 3121 4061 Quod
3155 3996 3202 4051 si
3235 3997 3349 4049 haec
3382 4011 3574 4064 parum

2003 4088 2379 4155 procederent,
2432 4104 2490 4143 se
2536 4089 3001 4143 succenturiatum
3042 4088 3202 4154 fore;
3250 4097 3304 4140 et
3354 4088 3398 4143 si
3448 4093 3577 4158 quid

2001 4179 2364 4244 renuntiaret,
2407 4180 2669 4235 continuo
2701 4181 2754 4234 in
2790 4179 2980 4234 iisdem
3034 4179 3277 4250 vestigiis
3309 4181 3572 4235 subsecu-

2000 4284 2207 4328 turum.
2256 4271 2625 4327 Machametes
2675 4272 2969 4343 januarum
3006 4272 3115 4327 dux
3171 4288 3295 4328 cum
3351 4272 3577 4342 Eur0p;e

2000 4367 2241 4423 exercitu
2294 4364 2577 4435 profecms
2633 4373 2717 4419 est
2769 4365 2825 4418 in
2882 4364 3219 4419 Thessaliam
3289 4381 3460 4435 usque
3511 4368 3577 4419 ad

2004 4460 2259 4514 Peineum
2290 4457 2423 4526 (l7),
2457 4466 2511 4511 et
2532 4466 2708 4510 castra
2741 4470 2909 4526 prope
2945 4455 3221 4510 Larissam
3255 4456 3443 4510 urbem
3487 4472 3581 4524 po-

2004 4550 2132 4605 suit.
2170 4552 2247 4605 Eo
2278 4550 2332 4603 in
2370 4550 2510 4604 bello
2549 4549 2868 4603 consiliario
2904 4549 3157 4603 utebatur
3184 4548 3381 4604 Omare
3412 4548 3578 4605 Thes-

2004 4644 2154 4699 salia:
2202 4644 2478 4712 prtefecto,
2516 4643 2609 4711 qui
2647 4640 2974 4696 Machumeti
3011 4642 3333 4696 consulebat
3363 4652 3421 4695 ut
3451 4644 3579 4697 sub-

2005 4735 2247 4797 sisteret,
2306 4748 2403 4787 ncc
2462 4730 2692 4785 ulterius
2725 4741 3000 4799 moveret;
3048 4733 3140 4788 sed
3172 4733 3281 4803 regi
3308 4734 3581 4804 signiﬁca-

2006 4836 2113 4889 ret,
2163 4825 2286 4880 belli
2343 4826 2538 4879 molem
2598 4826 2861 4896 majorem
2916 4826 3251 4896 impendere,
3285 4844 3449 4897 quam
3491 4833 3577 4883 cui

2004 4920 2185 4986 regius
2212 4917 2319 4970 dux
2350 4916 2602 4970 sufﬁcere
2632 4917 2715 4970 vel
2753 4931 2851 4984 par
2900 4932 3026 4971 esse
3060 4919 3251 4987 possit.
3285 4916 3420 4970 Nam
3450 4935 3576 4971 eum

2005 5011 2167 5076 paulo
2194 5017 2318 5061 ante
2346 5023 2508 5077 quam
2560 5008 2805 5076 proxime
2856 5009 2921 5063 ad
2978 5006 3242 5065 Isthmum
3269 5009 3580 5074 speculator

2006 5100 2348 5165 accessisset,
2421 5099 2751 5155 bombardas
2829 5102 3177 5169 conspicatus
3248 5108 3334 5153 est
3396 5098 3579 5166 plures

2005 5208 2166 5261 quam
2200 5193 2283 5247 bis
2341 5193 2511 5257 mille,
2555 5202 2814 5262 praeterea
2860 5190 3270 5248 bombardarios
3315 5189 3549 5259 quadrin

329 5305 801 5361 gentosuiecnon
831 5291 1137 5357 Sagittarios
1166 5299 1219 5343 et
1268 5288 1572 5355 scutigeros
1605 5287 1761 5351 vidit,
1796 5286 1887 5354 qui
1960 5284 2105 5341 haud
2172 5288 2330 5342 facile
2388 5291 2642 5359 cuiquam
2717 5288 3035 5344 concessuri
3104 5287 3214 5341 sint
3280 5296 3459 5340 castra
3520 5285 3574 5339 in

328 5391 545 5443 Isthmo
568 5391 764 5441 lorare.

1607 5499 1850 5561 Notulte
1892 5503 2299 5581 marginales.

407 5612 517 5681 (ιτ)
542 5610 791 5685 Pindum.

407 5727 453 5760 "
480 5727 558 5781 Tit
588 5728 742 5782 ἄλλα.
782 5726 865 5779 δίε
896 5728 1051 5780 etiam
1091 5724 1152 5779 fi.
1192 5726 1232 5756 ⁸¹
1276 5720 1688 5791 Ἀπαγγέλλειν.
