4026 6204
410 518 425 536 ι
498 467 745 522 indicare
803 475 861 522 ut
920 466 1356 535 Peloponnesum
1390 465 1716 534 opprimeret

433 558 444 580 Ι

430 588 450 606 5

423 623 444 716 i

433 725 453 788 ξ

428 825 437 834 \

501 259 602 326 551

1607 334 1612 338 _
1653 257 1958 320 LAONICI
1998 257 2651 324 CHALCOCONDYL/E

3609 267 3714 333 552

571 376 696 434 Haec
745 390 868 434 cum
913 376 1211 445 accepisset
1241 373 1384 444 regis
1420 373 1549 441 dux,
1609 374 1784 429 visum
1833 384 1916 430 est
1946 374 2055 442 regi

2231 379 2415 435 Ταῦτα
2460 382 2770 434 ἀκούσαντα
2807 382 2899 434 τὸν
2939 379 3202 452 βασιλέως
3231 381 3495 452 ἡγεμόνα,
3540 384 3716 440 ἐδόκει

1766 481 1780 520 2
1823 481 1881 522 86
1937 480 2063 520 VCI'O

500 561 887 632 profectionem
945 558 1171 615 ulterius
1224 554 1468 612 facturos
1519 553 1808 614 Lebadiam
1871 572 2063 626 usque.

503 654 736 712 Nuntius
768 653 931 722 igitur
963 651 1028 704 ad
1080 665 1260 720 regem
1297 647 1462 713 venit,
1502 648 1596 718 qui
1653 648 1936 704 nuntiabat
1969 664 2067 717 ap-

499 757 743 817 paratum
781 744 902 798 belli
926 759 1046 797 esse
1071 757 1328 812 magnum
1352 753 1405 796 et
1437 740 1866 795 memorabilem.
1899 740 2066 798 Litte-

499 855 569 890 τευ
606 838 769 891 etiam
813 835 880 894 ab
910 833 1290 899 I‘eIOpo'nneso
1320 830 1492 886 allatae
1523 841 1670 896 sunt,
1709 832 1904 900 quibus
1935 833 2067 888 inci-

499 930 733 992 tabatur,
773 937 827 981 ut
861 943 986 982 cum
1020 925 1194 994 copiis
1215 925 1478 979 accedere
1517 933 1814 979 maturaret
1844 940 1858 976 :
1892 922 2067 978 Vene-

497 1031 579 1074 tos
609 1020 755 1074 enim
781 1018 901 1087 ejus
927 1018 1213 1072 adventurm
1251 1031 1596 1088 nequaquam
1629 1025 2059 1086 exspectaturos.

497 1113 725 1166 Litteras
763 1113 859 1165 has
888 1111 952 1165 ad
988 1125 1111 1164 eum
1146 1109 1368 1178 pertulit
1403 1109 1484 1160 vir
1539 1107 1757 1176 quidam
1798 1108 2062 1171 Albanus;

497 1206 590 1275 qui
613 1205 680 1258 ab
709 1203 970 1259 Corintho
1002 1212 1163 1256 noctu
1187 1201 1424 1264 solvens,
1449 1199 1648 1269 scapha
1679 1199 1888 1271 traiecit
1917 1216 2067 1256 mare

498 1299 795 1354 observans
839 1294 1004 1348 maris
1059 1291 1529 1361 tranquillitatem,
1561 1299 1616 1346 et
1641 1301 1828 1347 ventos
1866 1307 2064 1347 secun-

497 1391 620 1452 dos,
661 1396 715 1442 et
751 1387 803 1442 in
866 1387 1130 1441 Boeotiam
1173 1384 1403 1454 appulit.
1471 1383 1607 1439 Hine
1638 1369 1888 1455 egressus
1937 1385 2064 1439 navi

495 1483 642 1535 venit
671 1481 735 1535 ad
766 1479 1162 1533 Machumetem
1216 1479 1268 1530 in
1297 1476 1654 1532 Thessaliam.
1696 1474 2063 1532 Maehumetcs

497 1589 619 1629 cum
650 1573 857 1626 litteras
903 1570 1143 1641 legisset,
1177 1569 1230 1624 in
1291 1567 1725 1638 Peloponnesum
1775 1567 1925 1622 abire
1953 1575 2062 1622 sta—

499 1664 623 1720 tuit.
662 1663 764 1719 Ubi
795 1663 940 1718 venit
965 1663 1016 1716 in
1063 1662 1181 1715 loca
1217 1658 1436 1714 Boeotia:
1479 1659 1778 1730 propinqua
1835 1660 2062 1717 accessit

496 1757 722 1812 nuntius
786 1755 880 1824 qui
939 1753 1243 1818 referebat,
1298 1751 1553 1817 Venetos,
1591 1751 1778 1808 relicto
1835 1751 2061 1819 Isthmo,

497 1847 622 1918 fuga
652 1847 841 1901 dilabi.
875 1845 1131 1900 Collectis
1158 1846 1340 1915 itaque
1369 1846 1624 1917 omnibus
1647 1845 1716 1900 ab
1743 1843 2062 1922 Plataearum

493 1939 715 2008 regione
744 1937 1093 1991 Citheronem
1135 1937 1380 2001 veniens,
1418 1952 1584 2008 quem,
1623 1945 1787 1992 noctu
1842 1951 2064 2006 supcra-

496 2032 596 2094 vit,
650 2028 823 2097 prima
884 2029 1005 2082 luce
1068 2029 1124 2081 in
1185 2027 1393 2082 Isthmo
1426 2038 1592 2084 erat:
1632 2038 1686 2082 et
1733 2026 2061 2083 Venetorum

501 2136 663 2176 naves
695 2122 747 2174 in
772 2135 920 2176 mare
948 2121 1210 2176 deductas
1241 2119 1734 2188 contemplabatur.
1770 2119 2062 2176 inveniens

495 2224 678 2266 autem
721 2211 987 2267 isthmum
1020 2213 1088 2266 ab
1143 2210 1362 2268 Venetis
1425 2214 1728 2279 desertum,
1785 2214 2061 2282 ingressus

495 2303 694 2358 ibidem
727 2314 1145 2360 eaStrametatus
1197 2314 1304 2358 est.
1361 2304 1559 2361 Deinde
1609 2319 1705 2376 per
1734 2302 2060 2364 Corinthum

493 2393 775 2466 profectus
805 2397 1000 2464 Argos.
1031 2395 1160 2450 Eam
1204 2395 1390 2450 urbem
1431 2395 1857 2451 defensabantet
1916 2405 2065 2454 tene-

499 2487 628 2540 bant
684 2485 1011 2541 Venetorum
1059 2486 1378 2555 prtesidiarii
1427 2486 1590 2556 300
1651 2486 1872 2552 milites,
1926 2501 2062 2557 quos

495 2593 686 2633 omnes
718 2593 1033 2648 oppugnatis
1068 2577 1211 2646 cepit
1246 2595 1259 2631 :
1294 2587 1348 2632 et
1379 2579 1606 2642 vinctos,
1657 2593 1777 2634 cuiu
1834 2594 2060 2636 numero

493 2669 674 2725 forent
707 2669 1070 2740 septuaginta,
1121 2669 1186 2724 ad
1237 2684 1415 2738 regem
1444 2669 1610 2728 misit.
1649 2669 1914 2726 Cazterum
1965 2688 2086 2726 rex.

493 2763 782 2818 consilium
816 2762 1048 2815 abeundi
1084 2761 1135 2813 in
1173 2760 1605 2828 PeIOpomtesum
1637 2761 1925 2832 abjecerat.
1957 2761 2062 2816 No-

491 2858 637 2912 lebat
665 2855 807 2909 enim
873 2869 997 2910 cum
1071 2853 1370 2924 accepisset
1425 2853 1688 2908 lsthmum
1737 2866 2058 2924 occupatum

492 2964 636 3014 esse,
702 2947 754 3001 in
785 2946 1216 3016 Peloponnesum
1245 2946 1595 3010 contendere,
1637 2963 1864 3014 parcens
1902 2965 2058 3003 exer-

2168 471 2378 541 βασιλεί
2431 473 2528 541 μέν
2582 473 3069 542 καταλαμϐάνοντα
3146 474 3247 544 τὴν
3315 475 3719 548 Πελοπόννησον

2165 564 2550 632 ἀπαγγέλλειν,
2588 564 2782 628 αὐτοὺς
2811 564 2867 618 δὲ
2897 563 3325 629 ἀναζεύξαντας,
3375 566 3509 620 ίέναι
3556 569 3613 630 ἐς
3657 570 3719 621 τὸ

2166 658 2374 726 πρόσω,
2411 658 2480 723 ,ἐς
2527 658 2814 712 Λεϐαδίαν.
2869 658 3130 721 Βασιλεὺς
3185 661 3304 724 μὲν,
3363 660 3438 724 ὡς
3494 661 3721 728 ἀγγελία

2165 750 2312 820 αὐτῷ
2339 751 2584 819 ἀφίκετο,
2613 753 2712 822 τὴν
2750 769 2808 805 τε
2834 753 3189 824 παρασκευὴν
3226 754 3467 824 μεγάλην
3489 772 3546 806 τε
3583 749 3721 807 εἶναι

2167 843 2258 898 καὶ
2283 843 2567 914 ἀξιόχρεω,
2609 846 2653 877 ⁸³
2713 845 2928 912 λέγεται
2967 847 3024 899 δέ
3081 847 3229 916 αὐτῷ
3259 848 3354 901 καὶ
3413 848 3723 918 γράμματα

2169 932 2346 989 ἐλθεῖν
2373 936 2480 988 ἀπὸ
2505 936 2937 1006 Πελοποννήσου,
2969 938 3355 1007 ἐποτρύνοντα,
3379 939 3452 998 ὼς
3475 940 3541 1010 ἢν
3567 943 3718 1012 ἐπίῃ,
3783 991 3787 996 .

2164 1027 2226 1080 οὐ
2292 1029 2546 1096 μενοῦσιν
2581 1029 2743 1082 αὑτὸν
2793 1032 3016 1083 ἐπιόντα
3054 1033 3102 1084 oi
3137 1031 3394 1084 Οὐενετοὶ
3423 1034 3490 1085 τά
3538 1035 3722 1102 γράμ-

2169 1135 2314 1187 ματα
2347 1119 2568 1186 ἐνέγκαι
2598 1121 2746 1192 αύτῷ
2778 1121 2946 1192 ἄνδρα
2996 1124 3254 1178 Ἀλϐανὸν
3286 1126 3394 1178 ἀπὸ
3427 1126 3714 1196 Κορίνθου.

2168 1210 2367 1277 σκάφει
2407 1211 2466 1264 τὸ
2500 1213 2734 1280 πέλαγος
2788 1217 2983 1276 νυκτὸς
3021 1221 3331 1287 τηρήσαντα
3363 1219 3602 1287 πνεῦμα,
3645 1219 3718 1283 ὡς

2165 1299 2328 1370 οὖρου
2359 1307 2794 1374 κατασταμένου,
2824 1309 2921 1361 καὶ
2955 1311 3144 1374 νυκτὸς
3174 1311 3500 1381 ἀπαίροντα,
3528 1311 3718 1366 διαπε-

2167 1391 2505 1463 ραιώσασθαι
2533 1397 2590 1458 ἐς
2620 1395 2906 1462 Βοιωτίαν,
2935 1399 3213 1454 ἀποϐάντα
3242 1401 3536 1471 ἀφικέσθαι
3572 1403 3720 1472 παρέι

2164 1483 2566 1554 Μαχουμούτην
2603 1488 2658 1550 ἐς
2690 1488 3010 1546 Θετταλίαν.
3044 1492 3148 1545 Τὸν
3177 1493 3235 1547 δὲ
3273 1493 3719 1563 ἐπιφρασάμενον

2159 1575 2227 1628 τὰ
2251 1577 2570 1646 γράμματα,
2595 1583 3064 1652 συσκευασάμενον
3087 1585 3332 1640 ἐντεῦθεν
3355 1588 3412 1649 ἐς
3438 1587 3500 1639 τὸ
3533 1587 3720 1659 πρόσω

2091 1709 2138 1773 Β
2166 1667 2432 1734 ἐλαύνειν,
2467 1669 2736 1726 ἐλάσαντα
2768 1673 2935 1744 ἀγχοῦ
2973 1676 3256 1740 Βοιωτίας,
3279 1679 3587 1745 ἀφικνεῖται
3613 1681 3719 1748 ἀγ-

2164 1758 2339 1827 γελία.
2372 1761 2447 1826 ὡς
2481 1763 2733 1819 Οὐενετοὶ
2777 1766 2867 1820 τόν
2918 1785 2978 1820 τε
3043 1768 3260 1836 Ἰσθμὸν
3318 1769 3714 1834 ἐκλελοιπότες,

2160 1849 2368 1920 ᾤχοντο
2401 1851 2712 1921 φεύγοντες.
2750 1855 2908 1910 Οὕτω
2940 1857 3004 1928 δὴ
3033 1858 3270 1928 ἑσπέρας
3307 1857 3356 1890 ⁸⁸
3381 1859 3569 1930 οὔσης,
3627 1877 3719 1913 συ-

2160 1943 2566 2010 σκευασάμενος
2588 1945 2694 1998 ἀπδ
2721 1947 2817 2016 τῆς
2855 1947 3128 2010 Πλαταίας
3157 1947 3340 2018 χώρας
3361 1949 3497 2018 πρὸς
3523 1949 3720 2004 Κιθαι-

2166 2035 2312 2105 ρῶνα
2341 2036 2532 2099 νυκτὸς
2559 2035 2963 2106 διαπορευθεὶς,
3017 2040 3187 2094 ἕωθεν
3236 2041 3294 2103 ἐς
3352 2041 3446 2094 τὸν
3508 2040 3722 2111 Ἰσθμὸν

2165 2125 2346 2194 παρῆν
2368 2142 2382 2155 ·
2411 2129 2503 2182 xci.
2553 2129 2652 2190 τάς
2682 2146 2739 2180 τε
2771 2130 2906 2199 νῆας
2939 2131 3160 2203 ἀφεώρα
3202 2133 3304 2204 ἤδη
3336 2135 3717 2205 άπαγομένις,

2163 2217 2257 2270 καὶ
2284 2217 2375 2270 τὸν
2406 2217 2618 2288 Ἰσθμὸν
2651 2219 2856 2290 ἐρημον
2887 2223 3222 2290 καταλαϐὼν,
3253 2226 3540 2294 παρελθὼν
3567 2227 3717 2294 εἵσω,

2161 2310 2666 2379 ἐστρατοπεδεύετο.
2693 2313 2979 2368 Ἐντεῦθεν
3004 2315 3094 2368 διὰ
3124 2317 3224 2388 τῆς
3256 2319 3518 2387 Κορίνθου
3540 2321 3714 2385 διιὼν,

2163 2401 2384 2469 ἀφίκετο
2411 2403 2466 2466 ἐς
2506 2403 2732 2474 Ἄργος.
2772 2405 2845 2459 Τὸ
2883 2405 2940 2458 δὲ
2977 2408 3182 2477 Ἀργος
3223 2413 3471 2480 κατεῖχον
3505 2412 3554 2463 oi
3585 2413 3719 2465 ούε-

2163 2494 2306 2546 νετοί
2327 2508 2341 2522 ⁸
2367 2498 2612 2565 φρουρὰν
2640 2498 2696 2548 ἐν
2734 2496 2882 2568 αὖτῷ
2903 2499 3383 2568 ἐγκαταλιπόντες,
3401 2505 3716 2572 ἐφύλαττον.

2162 2586 2396 2653 Τούτους
2417 2590 2537 2659 μὲν,
2556 2589 2630 2653 ὡς
2650 2590 2957 2662 ἐπολιόρκει
2980 2594 3272 2660 ἐπελάσας,
3294 2601 3680 2669 παρεστήσατο
3696 2618 3713 2635 ·

2161 2680 2254 2732 καὶ
2286 2680 2410 2744 τοὺς
2441 2680 2642 2753 ἄνδρας
2685 2682 2943 2752 δεσμίους
2971 2686 3316 2757 ἀποπέμπων
3344 2687 3420 2753 ὼς
3466 2691 3716 2759 βασιλέα,

2161 2773 2358 2843 ἄνδρας
2392 2791 2452 2826 τε
2501 2774 2900 2845 ἐϐδομήκοντα·
2945 2779 3094 2850 αὐτῷ
3146 2781 3333 2849 μέντοι
3385 2783 3462 2852 τῷ
3503 2785 3718 2853 βασιλεῖ

2159 2865 2258 2919 οὐκ
2287 2865 2368 2918 ἔτι
2393 2867 2664 2934 ἐφαίνετο,
2701 2869 2840 2939 ἄρας
2879 2870 2936 2933 ἐς
2973 2871 3073 2942 τὴν
3102 2855 3504 2943 Πελοπόννησον
3549 2875 3717 2928 ἐσϐα-

2160 2955 2291 3018 λεῖν,
2325 2959 2420 3009 καὶ
2452 2959 2520 3010 τὰ
2557 2961 2949 3030 στρατεύματα
2983 2963 3131 3033 αὐτῷ
3177 2966 3409 3034 κάμνειν
3451 2965 3611 3037 ἀρτιο
3642 2968 3717 3030 ὡς

491 3042 625 3096 citui
650 3056 717 3094 ne
739 3039 964 3093 nimium
1001 3048 1056 3093 et
1094 3039 1294 3092 frustra
1327 3038 1714 3108 tlefatigaretur
1743 3057 1756 3093 :
1785 3039 1884 3096 sed
1911 3051 2056 3095 retro

2164 3047 2392 3102 ἐπύθετο
2453 3051 2872 3123 καταληφθῆναι
2937 3053 3027 3108 τὸν
3100 3056 3334 3126 Ἰσθμὸν,
3403 3059 3718 3128 ἀπήλαυνεν

491 3134 547 3188 in
585 3133 784 3201 regiam
812 3132 966 3186 abiit.
1036 3130 1407 3185 Machumctes
1443 3132 1623 3200 regius
1680 3131 1784 3186 dux
1821 3149 1917 3202 per
1949 3133 2053 3190 Te-

492 3224 921 3294 gazzeregionem
946 3222 1048 3276 iter
1078 3219 1305 3286 faciens,
1346 3220 1694 3276 Leontarium
1738 3225 1884 3279 venit
1914 3242 1928 3280 :
1963 3226 2054 3281 ubi

493 3330 550 3371 et
577 3325 754 3372 castra
787 3313 1168 3372 communivit.
1200 3313 1330 3369 inde
1369 3315 1532 3369 mittit
1562 3313 1861 3388 laganum,
1893 3333 2053 3387 quem

488 3411 792 3482 principem
851 3408 1225 3480 PeIOponneso
1280 3408 1584 3473 constituit,
1632 3410 1806 3478 cjecto
1873 3426 1938 3465 cx
1990 3427 2056 3466 eo

491 3505 809 3575 magistratu
843 3499 1009 3557 Iosue
1061 3501 1286 3558 Albanis
1319 3500 1452 3562 fiiio,
1513 3500 1702 3556 Patras
1733 3504 1972 3570 Achaia,
1998 3515 2056 3574 et

490 3596 544 3650 in
584 3595 719 3648 alias
747 3593 1008 3648 ﬁnitimas
1041 3594 1224 3660 urbes,
1262 3603 1319 3647 ut
1351 3609 1507 3650 arces
1543 3593 1816 3650 frumento
1853 3607 1906 3651 et
1933 3614 2056 3652 mu-

489 3686 787 3741 nitionibus
805 3685 1018 3740 bellicis
1049 3685 1308 3739 firmaret.
1332 3685 1582 3740 Umarem
1598 3688 1753 3757 jubet
1775 3704 2055 3745 assumere

489 3771 791 3827 exercitum
822 3769 915 3840 qui
970 3769 1284 3829 continebat
1325 3771 1513 3839 viginti
1573 3772 1739 3828 millia
1797 3775 2050 3840 militum,

489 3871 544 3916 et
577 3861 919 3916 incursiones
974 3859 1153 3915 facere
1191 3861 1247 3915 in
1305 3859 1626 3916 Venetorum
1664 3865 1963 3935 regionem.
2006 3866 2055 3922 ls

491 3954 757 4022 imperata
818 3952 1048 4023 impigre
1090 3952 1318 4020 faciens,
1345 3968 1468 4008 cum
1503 3956 1746 4011 exercitu
1801 3957 1949 4012 venit
1998 3959 2054 4014 in

488 4045 606 4102 ioca
639 4044 902 4099 Methonte
939 4044 1162 4098 finitima
1189 4058 1498 4116 :captoque
1529 4046 1726 4102 ibidem
1769 4049 2049 4123 oppidulo,

488 4136 787 4207 oppidanos
812 4152 1004 4192 omnes
1044 4137 1112 4190 ad
1146 4137 1339 4190 ducem
1377 4137 1770 4196 Mathumetem
1805 4142 2052 4212 abduxit,

487 4229 644 4299 eique
689 4227 931 4284 tradidit.
993 4226 1057 4282 lli
1111 4244 1324 4295 omnes,
1391 4246 1516 4285 cum
1589 4247 1818 4287 numero
1878 4235 2055 4290 forent

484 4321 785 4392 quingenti,
818 4321 1014 4376 exinde
1045 4323 1110 4375 ad
1139 4338 1316 4393 regem
1354 4323 1626 4392 perducti,
1675 4325 1966 4382 crudeliter
1996 4329 2051 4382 in

2160 3141 2335 3195 ὀπίσω
2363 3142 2456 3196 ἐπὶ
2485 3143 2592 3198 τῶν
2629 3143 2944 3214 βασιλείων.
2991 3147 3393 3220 Μαχουμούτης
3439 3151 3496 3206 δὲ
3525 3154 3551 3205 ὁ
3589 3153 3722 3222 ἡγε-

2163 3231 2302 3302 μὼν,
2331 3236 2538 3303 προῖὼν
2579 3236 2665 3291 διά
2713 3238 2811 3306 τῆς
2854 3239 3113 3310 Τεγαίης,
3147 3243 3372 3313 ἀφίκετο
3401 3246 3458 3305 ἐς
3487 3247 3721 3300 Λεοντά-

2163 3343 2276 3395 ριον
2307 3327 2483 3394 πόλιν,
2512 3330 2608 3383 καὶ
2637 3329 2802 3383 αὐτοῦ
2831 3319 3390 3404 ἐστρατοπεδεύσατο.
3430 3335 3717 3391 Ἐντεῦθεν

2161 3417 2479 3473 ἀποστέλλει
2538 3422 2803 3490 Ζάγανον,
2864 3424 2923 3477 ὃν
2986 3425 3285 3498 ἐπέστησεν
3351 3429 3585 3499 ἄρχοντα
3647 3435 3717 3502 τῇ

2161 3510 2574 3582 Πελοποννήσῳ,
2610 3513 2856 3568 ἐκϐαλὼν
2890 3515 3098 3584 Ἰησοῦν
3121 3517 3211 3572 τὸν
3233 3518 3503 3575 Ἀλϐἀνεω
3529 3524 3716 3579 παῖδα.

2161 3601 2360 3655 Τοῦτον
2376 3604 2430 3656 δὲ
2447 3604 2538 3656 τὸν
2556 3605 2794 3676 Ζάγανον
2818 3607 3022 3676 πέμπει
3046 3611 3102 3672 ἐς
3120 3611 3338 3681 Πάτρας
3351 3612 3446 3683 τῆς
3469 3613 3715 3685 Ἀχαΐας,

2162 3691 2258 3744 καὶ
2293 3693 2348 3754 ἐς
2376 3693 2472 3756 τὰς
2501 3693 2666 3758 ἄλλας
2700 3697 2864 3750 αὑτοῦ
2894 3701 3066 3772 ταύτῃ
3098 3703 3302 3769 πόλεις,
3347 3708 3624 3776 ἐχυρῶσαί
3656 3728 3718 3766 τε

2163 3784 2259 3844 τάς
2290 3782 2612 3853 ἀκροπόλεις
2659 3785 2848 3849 σιτίοις
2880 3806 2939 3842 τε
2977 3793 3070 3844 καὶ
3092 3795 3156 3862 τῇ
3186 3793 3324 3865 ἄλλῃ
3366 3804 3713 3869 παρασκευῇ.

2163 3872 2412 3944 Ὀμάρην
2464 3876 2520 3929 δέ
2575 3877 2883 3944 ἐκέλευσεν,
2941 3883 3279 3939 ἀναλαϐόντα
3317 3888 3408 3942 τὸν
3463 3893 3715 3959 στρατὸν,

2162 3966 2237 4052 ὡς
2264 3967 2606 4038 δισμυρίους,
2665 3972 2988 4043 ἐπιδραμεῖν
3037 3977 3137 4046 τὴν
3186 3980 3462 4035 υὺενετὼν
3506 3983 3715 4052 χώραν.

2162 4049 2327 4122 Οὗτος
2353 4059 2451 4127 μὲν
2471 4055 2562 4114 οὖν
2585 4061 2629 4092 ⁸⁸
2655 4064 2988 4134 παραλαϐὼν
3011 4070 3072 4121 τὸ
3121 4073 3456 4143 στράτευμα,
3493 4049 3721 4144 delicato

2164 4153 2221 4216 ἐς
2241 4152 2308 4206 τά
2339 4152 2466 4224 περὶ
2490 4155 2587 4224 τὴν
2614 4155 2877 4226 Μεθώνην
2913 4162 3106 4232 χωρία,
3131 4166 3226 4218 καὶ
3255 4168 3513 4240 πολίχνην
3543 4190 3721 4241 παρα-

2163 4245 2524 4314 στησάμενος,
2556 4247 2680 4312 τοὺς
2711 4248 3030 4317 ἀνθρώπους
3057 4256 3287 4323 ἀπάγων
3332 4261 3614 4332 παρεδίδου
3637 4265 3720 4334 τῷ

2160 4335 2412 4404 ἡγεμόνι.
2450 4337 2610 4391 Οὗτοι
2641 4341 2737 4409 μὲν
2766 4339 2858 4394 οὖν
2887 4343 2963 4405 ὼς
3010 4346 3325 4419 ἀνήχθησαν
3357 4355 3415 4414 ἐς
3467 4354 3716 4424 βασιλέα,

485 4415 622 4470 duas
673 4423 858 4484 partes
907 4415 1129 4474 dissecti
1187 4416 1514 4472 occubuere.
1569 4416 1736 4476 Fama
1795 4431 2054 4476 constans

2164 4425 2476 4495 σύμπαντες
2513 4432 2568 4493 ἐς
2594 4435 2982 4500 πεντακοσίους
3019 4439 3320 4509 γενόμενοι,
3352 4445 3622 4501 ἀπέθανον
3661 4453 3722 4514 ἐς

487 4508 668 4568 habet.
702 4522 825 4561 cum
857 4507 1118 4561 cadavera
1149 4517 1548 4577 peremptorum
1576 4507 1820 4580 Byzantii
1848 4527 1912 4566 eo
1945 4513 2050 4568 loci

485 4609 666 4654 essent
714 4597 970 4668 proiecta,
1036 4614 1142 4667 quo
1168 4614 1260 4654 rex
1315 4599 1557 4670 jusscrat
1611 4601 1823 4658 induas
1873 4615 2054 4672 partes

487 4690 764 4743 conscissa
798 4690 1014 4757 exponi,
1052 4689 1242 4743 bovem
1297 4690 1584 4760 quemdant
1627 4691 1679 4746 in
1713 4709 1836 4747 eum
1871 4694 2050 4750 locum

485 4795 792 4850 egressum,
818 4791 871 4834 et
904 4779 1035 4835 visis
1084 4780 1440 4835 cadaveribus
1469 4780 1698 4838 flebilem
1746 4785 1798 4839 in
1833 4787 2050 4841 modum

483 4889 673 4928 vocem
734 4873 1026 4941 mugiendo
1089 4872 1377 4937 exaltasse,
1458 4884 1642 4943 postea
1711 4877 2054 4934 medietatem

487 4982 652 5022 unam
741 4966 1023 5021 cadaveris
1115 4965 1422 5030 sustulisse,
1503 4967 1699 5024 deinde
1776 4986 2053 5026 reversum

485 5063 649 5118 etiam
702 5061 928 5114 alteram
971 5059 1255 5113 cadaveris
1333 5058 1679 5115 medietatem
1736 5063 2054 5130 abstulisse,

483 5165 536 5208 et
574 5155 762 5209 ambas
802 5154 1117 5208 medietates
1164 5151 1422 5223 deinceps
1482 5157 1873 5224 composuisse.
1922 5162 2050 5212 Stu-

484 5249 736 5317 pentibus
789 5259 967 5301 autem
1001 5252 1062 5300 et"
1107 5249 1430 5303 mirantibus
1481 5249 1704 5314 factum,
1740 5253 1833 5321 qui
1898 5255 1948 5306 in
1985 5269 2051 5309 eo

484 5341 606 5392 loco
636 5348 809 5402 erant,
843 5337 1020 5392 evertit
1048 5346 1106 5392 ut
1132 5339 1251 5406 ejus
1273 5338 1349 5393 rei
1382 5354 1569 5393 rumor
1589 5339 1750 5394 etiam
1776 5343 1842 5396 ad
1873 5358 2052 5412 regem

2161 4516 2252 4570 δύο
2283 4519 2603 4589 τμηθέντες.
2640 4523 2874 4587 Λέγεται
2904 4527 2980 4595 δὲ,
3011 4529 3086 4593 ὡς
3113 4532 3172 4584 ἐν
3201 4535 3480 4610 Βυζαντίῳ
3515 4543 3581 4596 τὰ
3613 4545 3721 4599 σῶ-

2164 4627 2309 4676 ματα
2336 4612 2504 4664 αότοῦ
2537 4614 2711 4687 ταύτῃ
2742 4618 2941 4686 ἔκειτο,
3040 4623 3398 4694 ἐπιτάξαντος
3427 4632 3518 4685 τοῦ
3561 4634 3722 4703 βασι-

2161 4705 2295 4766 λέως
2325 4707 2379 4769 ἐς
2412 4706 2504 4759 δύο
2537 4713 2806 4779 γενόμενα
2852 4715 3035 4780 ἔπεσε,

2162 4796 2276 4866 ρίον
2316 4800 2491 4852 ἐκεῖνο
2522 4800 2826 4868 ἐξελθόντα,
2861 4806 2907 4838 ⁸⁵
2939 4810 2996 4870 ἐς
3039 4812 3108 4866 τά
3151 4813 3378 4882 σώματα
3427 4796 3621 4889 γοερόν
3636 4796 3718 4874 -τι

2160 4887 2572 4958 φθεγξάμενον,
2635 4894 2907 4958 ἐξελέσθαι
2958 4901 3018 4953 τὸ
3079 4904 3350 4976 ἡμίτομον
3421 4887 3539 4975 ἐνὸς
3608 4916 3720 4967 τῶν

2157 4983 2446 5072 σωμάτων,
2493 4984 2539 5016 ⁸⁸
2578 4988 2718 5055 μετὰ
2769 4988 2824 5041 δὲ
2864 4991 3277 5064 ὑποστρέψαντα
3311 5000 3713 5072 ἐπιδεξόμενον,

2157 5071 2398 5142 ἐξευρεῖν
2429 5074 2490 5127 τὸ
2527 5075 2655 5130 ἀλλο
2705 5079 2997 5153 ἡμίτομον,
3034 5085 3129 5138 καὶ
3179 5071 3557 5159 ἐξενεγκόντα,
3592 5114 3716 5149 συν.

2155 5163 2344 5219 θέσθαι
2391 5166 2509 5237 ἆμα
2553 5169 2720 5240 ἄμφω
2758 5173 2834 5226 τὼ
2890 5177 3165 5248 ήμιτόμω.
3204 5177 3734 5251 ’Υποοορυϐούντων

2164 5257 2220 5309 δὲ
2252 5257 2358 5311 τῶν
2384 5262 2463 5323 εἰς
2491 5262 2705 5334 ἐκείνην
2735 5267 2832 5334 τὴν
2862 5269 3071 5339 χώραν,
3093 5275 3160 5326 τά
3191 5279 3320 5346 περὶ
3341 5278 3431 5332 τὸν
3462 5280 3590 5350 βοῦν
3618 5299 3718 5336 πυο

2167 5349 2352 5404 θέσθαι
2380 5350 2606 5422 βασιλέα
2635 5355 2679 5387 ⁸⁷
2708 5358 3026 5430 Μεχμέτην,
3062 5366 3156 5417 καὶ
3177 5349 3482 5440 πυθόμενον
3511 5373 3588 5437 ὡς
3630 5376 3714 5446 εἴη

1763 5484 2012 5548 Νυιυιω
2046 5492 2459 5569 marginales.

555 5616 600 5647 "
632 5615 732 5670 llic
752 5617 943 5694 lacuna
975 5629 1069 5694 est.
1108 5691 1117 5694 _
1145 5621 1191 5652 ”
1222 5621 1287 5676 Β.
1319 5625 1672 5694 γιγνομένης.
1773 5627 1819 5659 ⁸⁸
1849 5627 1913 5681 Β.
1945 5629 2142 5690 λαϐών.

490 5689 748 5758 φέροντα,
788 5689 979 5743 θέσθαι
1006 5691 1163 5755 ἐκτὸς
1192 5693 1300 5749 τῶν
1331 5689 1638 5765 σωμάτων.
1714 5698 1757 5730 ⁷
1791 5699 2184 5776 Μαχουμέτην.

1729 5783 1766 5793 α

2251 5642 2295 5673 ⁸⁸
2329 5643 2536 5702 ’Ἑωθεν
2569 5648 2630 5703 ἐκ
2651 5651 2745 5723 τῆς
2771 5651 2976 5727 φάτνης
3003 5658 3094 5712 καὶ
3124 5659 3442 5718 ἀπελθόντα.
3523 5665 3568 5697 ⁸⁸
3609 5666 3720 5722 Καὶ
