4026 6204
245 297 353 359 553

1320 298 1414 357 DE
1457 296 1709 355 REllUS
1761 293 2117 353 TlillClClS
2159 293 2299 352 LIB.
2350 291 2421 349 Χ.

3390 283 3493 342 5⁷4

246 410 430 480 ἀληθῆ
464 410 535 463 τα
577 410 705 480 περὶ
729 408 823 463 τὸν
849 410 997 479 βοῦν,
1033 410 1391 479 πειράσασοαι
1438 415 1504 480 τῇ
1554 410 1815 480 ὑστεραίᾳ

1929 408 2136 460 volaret
2168 405 2542 459 Meehmetem.
2596 404 2695 470 Qui
2733 402 2820 455 n‘ni
2861 402 2934 456 rei
2986 399 3269 456 veritatem
3312 414 3375 451 ex
3425 402 3491 453 iis

247 501 317 554 τὰ.
366 502 623 571 ἡμίτομα
663 501 761 553 τοῦ
803 503 1054 568 σώματος
1085 504 1420 573 ἀφελόμενον
1476 509 1539 554 ἐκ
1590 504 1685 555 τοῦ
1718 521 1823 569 χω-

248 596 393 657 ρίου,
432 598 490 657 ἐς
519 595 588 646 τὰ
635 593 866 663 σώματα
906 591 1062 658 αὖθις
1110 596 1458 661 καταθέσθαι,
1508 597 1610 649 ἀνά
1659 597 1820 664 μέρος

248 686 545 755 τιθέμενον
568 687 637 738 τὰ
658 687 930 755 ἡμίτομα.
957 686 1118 741 Οὕτω
1136 689 1193 741 δὲ
1235 684 1389 750 αὖθις
1407 691 1499 740 τὸν
1544 688 1671 757 βοῦν
1716 688 1823 751 ἐξι-

248 778 402 838 όντα,
435 778 510 840 ὼς
537 780 636 849 οὐχ
662 777 792 849 εὗρε
824 779 892 832 τὰ
923 780 1193 851 ἡμίτομα,
1234 776 1380 854 ᾖπερ
1414 782 1650 846 ἐξέθετο,
1684 783 1815 833 ἀνα-

249 869 549 939 ϐοήσαντα,
598 868 925 938 ἐπιδραμεῖν
977 868 1045 924 αὖ
1092 874 1150 935 ἐς
1190 878 1259 926 τά
1305 874 1535 942 σώματα
1575 875 1668 925 καὶ
1726 874 1821 942 ζη-

251 964 522 1029 τήσαντα,
556 961 864 1028 ἐξενεγκεῖν
907 964 1000 1016 τοῦ
1024 962 1274 1033 σώματος
1307 967 1375 1018 τὰ
1422 965 1680 1035 τεμάχια,
1722 983 1821 1017 κα-

253 1053 557 1120 ταθέμενον
580 1055 741 1122 χωρῇ
753 1054 865 1106 ἀπὸ
902 1056 1016 1107 τῶν
1062 1057 1351 1125 σωμάτων.
1372 1057 1475 1110 Τὸν
1499 1059 1598 1126 μὲν
1618 1054 1711 1111 οὖν
1729 1058 1823 1127 βα·-

255 1145 417 1196 an.“
449 1145 826 1213 θαυμάσαντα,
846 1147 1128 1211 κελεῦσαι,
1173 1148 1532 1218 ἀνελομένους
1558 1148 1725 1217 θάψαι
1754 1150 1822 1202 τὰ

257 1234 531 1303 ηελὶτομαο
573 1235 662 1285 τὸν
693 1234 749 1286 δὲ
788 1234 917 1303 βοῦν
967 1236 1026 1296 ἐς
1074 1235 1144 1287 τὰ
1192 1236 1445 1306 βασίλεια
1488 1238 1818 1305 ἀγαγέσθαι,

260 1326 593 1394 περιέποντα
628 1324 713 1377 εὖ.
755 1324 828 1377 Τὸ
860 1326 1045 1394 μέντοι
1083 1328 1247 1396 σῶμα
1296 1329 1515 1396 λέγεται
1570 1331 1821 1397 γενέσῡαι

256 1416 365 1468 τῶν
398 1416 692 1483 Ἰλλυριῶν·
728 1418 779 1469 οἱ
814 1419 866 1470 δὲ
900 1419 1007 1471 τῶν
1055 1421 1355 1479 Οὑενετῶν.
1395 1424 1555 1475 Δοκεῖ
1578 1424 1635 1476 δὲ
1664 1425 1821 1478 τοῦτο

253 1509 439 1561 οἰωνὸν
464 1510 680 1577 φέρειν,
713 1512 768 1572 ἐς
797 1512 864 1563 τὰ
887 1511 949 1562 τὸ
980 1514 1137 1577 γένος
1162 1514 1256 1565 τοῦ
1295 1514 1550 1583 σώματος
1583 1518 1819 1580 ἐκείνου,

255 1601 348 1652 καὶ
378 1602 472 1653 επὶ
496 1604 609 1664 τοῖς
638 1602 931 1670 μέλλουσιν
956 1604 1184 1659 ἔσεσθαι
1204 1605 1521 1676 εὐδαιμονία
1541 1611 1621 1673 εἰς
1647 1612 1822 1663 ἐκεῖνο

256 1694 316 1745 τὸ
349 1699 524 1757 γένος.
560 1695 735 1747 Τοῦτο
760 1697 863 1766 μὲν
891 1698 951 1751 ὲν
994 1697 1278 1769 Βυζαντίῳ
1329 1701 1582 1767 γενέσθαι
1622 1704 1818 1756 ἐπυθό-

262 1788 414 1856 μεθα.

349 1969 407 2020 '0
430 1968 483 2020 δὲ
511 1970 613 2021 τῶν
636 1968 817 2040 Θυρῶν
834 1969 1077 2039 ἡγεμὼν,
1102 1970 1178 2035 ὡς
1203 1972 1300 2043 οὐχ
1323 1973 1441 2042 ὥρα
1466 1976 1640 2029 ἐδόκει
1666 1979 1814 2047 αὑτῴ

268 2057 408 2109 εἶναι
434 2060 754 2125 προσϐαλεῖν
784 2062 905 2122 ταῖς
940 2061 1152 2127 πόλεσι,
1190 2064 1454 2117 κατέλιπε
1509 2066 1609 2135 μὲν
1658 2071 1716 2119 ἐν
1747 2072 1813 2138 τῇ

269 2144 485 2215 Σπάρτη
535 2146 800 2215 ’(ὶμάρην,
850 2150 943 2199 καὶ
989 2149 1105 2216 ἃμα
1140 2151 1291 2219 αὐτῷ
1328 2152 1563 2220 Ἀσάνην
1606 2155 1683 2217 ὡς
1730 2156 1819 2209 λόε-

265 2254 389 2303 γους
432 2254 488 2289 τε
538 2239 595 2300 ἐς
625 2238 748 2299 τοὺς
791 2238 1138 2307 Σπαρτιάτας
1171 2242 1457 2309 πέμποιεν.
1519 2246 1629 2297 Καὶ
1688 2248 1817 2299 ὑπο-

266 2329 584 2397 στρέψαντες
620 2331 675 2392 ἐς
697 2331 761 2383 τὰ
790 2333 964 2386 οἰκεῖα
986 2333 1091 2386 ἀπό
1119 2350 1179 2385 τε
1230 2335 1324 2386 τοῦ
1377 2320 1670 2408 Ταινάρου,
1724 2344 1817 2393 καὶ

271 2421 606 2493 Ἐπιδαύρου,
636 2424 729 2475 καὶ
756 2424 867 2476 τῶν
892 2426 1066 2479 ἄλλων
1093 2426 1331 2495 χωρίων,
1367 2428 1453 2480 ἵνα
1490 2432 1687 2484 αὐτίκα
1718 2450 1817 2486 πυ·-

278 2512 465 2581 tith
490 2517 621 2574 τοὺς
667 2518 959 2581 Οὑενετοὺς
1016 2518 1256 2571 ἐκλιπεῖν
1302 2520 1393 2571 τὸν
1442 2521 1669 2591 Ἰσθμὸν,
1722 2528 1818 2577 καὶ

280 2603 543 2658 διενοοῦντο
570 2608 813 2670 ἐπιόντες
846 2610 894 2660 οἱ
928 2607 1020 2661 τοῦ
1053 2610 1318 2679 ἡγεμόνος
1349 2612 1683 2679 ἀμύνασθαι.
1714 2610 1817 2667 Οὖ-

274 2714 341 2748 τοι
372 2700 466 2765 μιν
490 2696 587 2752 οῦν
614 2700 935 2769 ἀφικόμενοι
972 2702 1028 2763 ἐς
1056 2703 1156 2772 τὴν
1206 2702 1484 2775 Σπάρτην,
1534 2706 1724 2774 λόγους
1753 2727 1815 2762 τε

266 2792 363 2851 τοῖς
390 2790 761 2859 Σπαρτιάταις
792 2793 1149 2863 προσέφερον,
1189 2796 1281 2847 καί
1326 2812 1481 2859 τινας
1532 2799 1590 2849 ὲν
1643 2801 1814 2870 ἐρυμ-

263 2885 357 2943 νοῖς
384 2884 557 2934 αὐτοῦ
609 2884 783 2955 ταύτῃ
810 2884 972 2949 ὄντας
1008 2888 1311 2951 πείσαντες,
1348 2888 1675 2960 κατῴκησαν
1723 2892 1815 2946 αῦ-

260 2973 334 3035 οις
350 2976 408 3037 ἐς
438 2975 536 3044 τὴν
571 2976 744 3031 πόλιν.
776 2976 885 3029 Καὶ
911 2980 1023 3040 τοῖς
1067 2978 1125 3029 εν
1155 2977 1409 3050 Ταναίρῳ
1450 2981 1545 3033 καὶ
1602 2986 1667 3053 τῇ
1701 2984 1814 3037 Δα-

261 3068 460 3135 κωνικῇ
484 3069 720 3135 πέμπων
750 3067 779 3118 ὁ
808 3065 1062 3137 ’Δσάνης,
1097 3071 1413 3137 παρεκάλει,
1441 3072 1614 3140 λέγων
1639 3076 1764 3129 τάδε
1795 3092 1810 3107 ’

260 3155 480 3225 Ἄνδρες
508 3156 869 3225 Σπαρτιᾶται,
892 3160 1055 3225 ὁρᾶτε
1088 3158 1284 3229 δήπου,
1329 3158 1416 3215 οἷα
1443 3166 1510 3216 τά
1538 3164 1814 3221 Οὐενετῶν

258 3249 559 3315 πράγματα
610 3251 1018 3319 κατενήνεκται,
1072 3251 1258 3318 ἑξότου
1318 3256 1556 3324 πόλεμον
1603 3259 1816 3327 βασιλεῖ

254 3339 637 3408 ἀναιρούμενοι
665 3340 920 3405 ἐνταῦθα,
949 3342 1035 3397 ῐνα
1069 3344 1166 3413 τῆς
1217 3345 1502 3416 δυνάμεως
1565 3350 1744 3402 αὐτῶν
1768 3349 1814 3381 ⁸⁸

259 3430 406 3496 μέγα
434 3432 594 3499 μέρος
621 3432 966 3499 ἐπιδείξαιντ’
996 3435 1061 3487 ἂν
1099 3435 1337 3503 μάλιστα
1392 3441 1448 3490 ὲν
1481 3440 1817 3511 Πελοποννή-

262 3538 359 3590 σῳ,
385 3522 463 3585 ὡς
487 3525 825 3595 ἐτελεύτησεν
858 3527 1005 3595 αὐτῷ
1031 3531 1098 3581 τὰ
1152 3529 1280 3598 περὶ
1308 3532 1399 3582 τιν
1432 3528 1666 3600 Ἰσθμὸν,
1722 3538 1816 3585 καὶ

257 3614 628 3685 ἄλληνχὼραν
656 3620 751 3687 τῆς
788 3618 1218 3689 Πελοποννήσου.
1283 3621 1452 3673 Ἔνθα
1506 3624 1602 3675 τοῦ
1654 3624 1814 3694 βασι-

254 3706 390 3769 λέως
421 3709 452 3775 ἡ
500 3707 728 3778 δύναμις
761 3708 1005 3763 ἐκποδών
1034 3728 1095 3763 τε
1126 3712 1457 3781 ἀπῴκισται,
1493 3717 1585 3767 κα)⁸
1636 3718 1814 3771 αὐτῶν

252 3816 316 3865 γε
338 3801 396 3852 δὲ
426 3801 532 3853 τῶν
562 3802 841 3855 Οὐενετῶν
873 3804 906 3871 ἡ
940 3802 1167 3873 δύναμις
1192 3805 1245 3865 ἐς
1276 3805 1342 3857 τά
1366 3806 1603 3874 μάλιστα
1629 3810 1814 3880 ἡθροι-

253 3909 398 3946 σται.
427 3893 491 3945 Εἰ
511 3895 622 3963 γὰρ
645 3893 735 3947 τὸν
760 3894 1024 3963 βασιλέως
1047 3896 1349 3966 Θεράποντα
1384 3900 1606 3953 ἐπιόντα
1631 3905 1816 3970 σφίσιν

248 3984 344 4053 οὐχ
373 3981 477 4037 οἷοί
505 4002 563 4037 τε
600 3986 847 4052 ἐγένοντο
868 3986 1144 4053 δέξασθαι,
1167 3989 1217 4039 τί
1244 3989 1310 4041 ἂν
1338 3991 1567 4058 γένοιτο,
1591 3996 1638 4046 εὶ
1660 3994 1816 4064 βασι-

250 4076 374 4139 λεὺς
410 4077 507 4128 σὺν
531 4080 648 4139 ταῖς
678 4078 871 4148 θύραις
909 4080 1070 4132 αὐτοῦ
1115 4081 1362 4135 ὲσδάλλοι
1400 4086 1456 4143 ἐς
1480 4086 1814 4157 Πελοπόννη-

249 4187 341 4221 σον
366 4188 383 4235 ;
411 4165 486 4223 Ἦ
506 4170 660 4239 δῆλα,
680 4172 755 4234 ὡς
785 4172 885 4224 οὑκ
902 4172 969 4224 ἂν
1002 4173 1082 4225 ἔτι
1112 4174 1293 4242 σφίσιν
1314 4175 1497 4239 αὐτοῖς
1525 4178 1815 4233 ὑπόλοιπον

247 4262 605 4333 ὺπολειφθείη
635 4265 693 4315 ἐν
716 4264 1103 4334 Πελοποννήσῳ
1122 4266 1341 4336 χωρίον,
1360 4267 1388 4319 ὃ
1416 4270 1490 4338 μὴ
1516 4270 1816 4325 ἀνάστατον

247 4358 475 4425 γένηται
510 4358 875 4428 ἀπολούμενον
901 4359 1003 4410 ὑπὸ
1030 4358 1125 4410 τοῦ
1152 4358 1439 4428 βασιλέως.
1492 4360 1628 4427 Νῦν,
1654 4363 1728 4427 ὡς
1756 4367 1816 4417 ὲν

1838 3116 1885 3179 C

1926 500 2015 565 qui
2050 511 2243 567 praesto
2277 498 2494 550 fueram
2520 496 2803 565 comperit,
2847 494 3128 548 cadaveris
3174 491 3493 544 Inedictates

1926 590 1991 643 ad
2024 605 2150 643 eum
2183 591 2359 645 locum
2392 605 2456 641 ex
2499 604 2609 657 quo
2657 603 2748 640 eas
2779 585 2975 639 tulerat
3028 585 3124 637 bos
3175 582 3492 652 reportavit.

1924 695 1977 736 et
2008 699 2037 736 a
2072 699 2129 738 se
2167 683 2396 737 invicem
2431 683 2656 736 dissitas
2716 680 3025 743 collocavit,
3076 677 3377 746 periculum
3420 675 3494 727 la-

1922 784 2132 839 ctnrus,
2163 790 2231 829 an
2264 777 2361 829 bos
2394 774 2671 827 rediturus
2708 773 2799 826 sit.
2831 774 2897 826 At
2926 772 3021 824 bos
3053 771 3247 823 iterum
3284 768 3335 819 in
3368 783 3491 820 eum

1925 870 2106 922 locum
2142 868 2366 921 veniens
2395 867 2486 920 ubi
2537 866 2729 920 abesse
2784 865 3099 918 medietates
3129 861 3410 913 cadaveris
3442 868 3496 911 et

1924 970 2161 1015 remotas
2190 960 2380 1021 sensit,
2408 973 2605 1026 magno
2634 956 2873 1011 clamore
2910 954 3049 1007 redit
3087 956 3152 1006 ad
3182 952 3445 1006 cadavera
3480 968 3491 999 :

1924 1054 2223 1122 fragmenta
2258 1053 2541 1108 cadaveris
2567 1051 2857 1119 diligenter
2878 1047 3168 1116 conquirit,
3196 1054 3251 1098 et
3274 1045 3341 1097 ab
3369 1044 3495 1096 reli-

1922 1145 2045 1211 quis
2078 1144 2366 1212 separatim
2432 1145 2602 1212 ponit.
2642 1140 2779 1205 Rex,
2811 1142 2885 1194 rei
2921 1139 3189 1193 miracqu
3230 1136 3490 1203 obstupe-

1923 1236 2120 1298 l'actus.
2154 1234 2436 1290 cadaveris
2460 1235 2776 1289 medietatcs
2826 1232 3118 1301 sepultura:
3146 1230 3287 1282 tradi
3337 1243 3491 1281 man-

1922 1330 2088 1383 davit.
2122 1329 2224 1383 Bos
2280 1329 2333 1381 in
2368 1327 2568 1397 regiam
2627 1326 2847 1388 ductus,
2876 1325 3080 1393 optime
3142 1323 3356 1376 habitus
3385 1332 3487 1372 est.
3563 1339 3567 1343 -

1922 1421 2153 1486 Quidam
2183 1421 2403 1473 tradunt
2434 1422 2662 1474 cadaver
2708 1418 2837 1471 illud
2871 1417 3037 1470 fuisse
3070 1413 3257 1467 Veneti
3307 1412 3490 1480 cujus-

1921 1514 2070 1572 dam,
2095 1511 2316 1580 quidam
2355 1509 2518 1581 Illyrii
2543 1510 2711 1565 fuisse
2726 1506 2950 1563 docent.
2977 1507 3243 1562 Caeterum
3269 1521 3451 1574 appan
3472 1513 3493 1555 ι

1924 1605 1974 1657 id
2007 1606 2161 1673 quasi
2194 1620 2316 1658 esse
2347 1618 2505 1658 omen
2543 1604 2790 1657 maximae
2816 1601 3112 1661 felicitatis,
3138 1614 3258 1669 quae
3303 1614 3492 1665 appre-

1925 1696 2158 1749 hensura
2188 1696 2258 1750 sit
2294 1710 2417 1749 eam
2446 1703 2661 1763 gentem
2686 1710 2753 1747 ex
2795 1709 2903 1762 qua
2947 1692 3075 1746 illud
3118 1692 3350 1744 cadaver
3404 1690 3493 1741 (le-

1855 1774 1891 1827 Β
1922 1788 2149 1843 scendit.
2203 1786 2312 1839 lloc
2372 1787 2590 1854 quidem
2639 1784 2882 1855 Byzantii
2933 1782 3224 1851 contigisse
3279 1782 3490 1833 audivi-

1920 1896 2063 1934 nlllS.

1988 1974 2285 2026 Januarunt
2327 1972 2437 2025 dnx
2462 1971 2551 2024 ubi
2587 1967 2970 2023 animadvertit.
3005 1979 3193 2033 parum
3225 1973 3485 2033 Opportu-

1920 2080 2049 2117 num
2107 2079 2229 2120 esse
2287 2065 2451 2119 urbes
2502 2076 2855 2134 oppugnare,
2924 2060 2975 2112 in
3028 2057 3219 2124 Sparta
3270 2056 3491 2123 t‘t'liqtttl

1918 2156 2169 2211 Omarem
2218 2168 2272 2210 et
2304 2158 2538 2211 Asanem
2586 2166 2643 2210 ut
2676 2153 3001 2219 colloquium
3032 2151 3188 2220 301
3236 2149 3493 2200 haberent

1918 2260 2039 2299 cum
2072 2246 2375 2315 Spartanis.
2409 2244 2469 2298 Hi
2503 2245 2668 2308 enim,
2704 2244 2796 2297 ubi
2844 2241 3225 2295 intellexerant
3258 2235 3491 2289 Venetus

1916 2334 2122 2388 Isthmo
2152 2336 2469 2398 decessisse,
2510 2335 2578 2388 ab
2628 2333 2859 2387 Taenaro
2886 2341 2941 2386 et
2985 2330 3253 2401 Epidauro
3310 2336 3363 2380 et
3422 2328 3490 2376 ah

1918 2426 2037 2479 aliis
2072 2427 2206 2481 locis
2233 2428 2296 2479 ad
2328 2442 2424 2481 sua
2458 2426 2661 2479 reversi
2688 2424 3030 2479 conabantur
3050 2438 3148 2477 sua
3173 2418 3487 2474 defendere.

1918 2520 1987 2570 At
2017 2519 2090 2571 illi
2126 2520 2406 2572 venientes
2436 2518 2487 2570 iu
2521 2518 2799 2586 Spartam,
2838 2531 3144 2570 sermonem
3174 2531 3296 2568 cum
3321 2515 3487 2581 Spar-

1920 2608 2057 2661 tanis
2086 2609 2363 2663 habuere:
2391 2609 2718 2677 quibusdam
2766 2606 2953 2668 etiam,
2986 2607 3075 2673 qui
3105 2606 3157 2658 in
3206 2606 3341 2659 locis
3373 2622 3492 2656 ιιιιι·

1919 2702 2209 2756 nitissimis
2240 2717 2300 2756 se
2344 2702 2623 2768 tenebant,
2674 2715 2995 2770 persnasere
3053 2708 3111 2753 ut
3169 2700 3405 2753 redirent
3438 2701 3491 2751 in

1919 2792 2133 2846 urbem.
2170 2793 2437 2847 Caeterum
2470 2795 2689 2847 mittens
2718 2793 2929 2848 Asanes
2959 2792 3027 2845 ad
3064 2806 3160 2846 eos
3188 2793 3280 2861 qui
3309 2807 3490 2845 versa-

1919 2882 2117 2938 bantur
2153 2884 2205 2938 in
2239 2884 2467 2939 Taenaro
2497 2896 2553 2939 et
2599 2884 2863 2945 Laconia.
2897 2884 2978 2939 sic
3029 2899 3123 2938 eos
3172 2884 3493 2939 adhortatus

1918 2984 2003 3029 est
2028 2992 2043 3029 :
2067 2973 2182 3029 Viri
2211 2974 2487 3043 Spartani,
2520 2975 2712 3029 videtis
2732 2975 3017 3040 nimirum,
3046 2974 3149 3029 nisi
3175 2976 3306 3029 caeci
3332 2977 3490 3039 estis,

1918 3082 2028 3137 quo
2053 3067 2156 3122 loci
2184 3066 2511 3122 Venetorum
2532 3082 2618 3121 res
2644 3067 2876 3121 redactae
2897 3077 3045 3133 sunt,
3075 3083 3138 3120 ex
3158 3082 3268 3136 quo
3292 3067 3489 3121 bellum

1918 3160 2029 3229 regi
2056 3161 2387 3223 indixerunt,
2405 3168 2461 3214 et
2489 3160 2779 3213 maximam
2806 3162 3057 3230 potentia:
3072 3175 3182 3213 sua:
3202 3170 3409 3229 partem
3438 3164 3488 3214 in

1917 3252 2295 3322 Peloponneso
2329 3259 2698 3306 ostentarunt.
2733 3249 2999 3304 Praeterea
3036 3252 3179 3304 haud
3210 3267 3305 3305 vos
3327 3252 3488 3319 fugit,

1916 3346 2047 3414 quid
2074 3345 2125 3397 in
2153 3343 2358 3398 lsllttno
2384 3352 2438 3397 et
2470 3345 2522 3395 in
2554 3343 2761 3409 reliqua
2789 3341 3147 3411 PeIOponncsi
3175 3333 3393 3413 regione
3419 3344 3486 3400 iis

1917 3436 2200 3499 acciderit,
2250 3436 2501 3504 quamvis
2535 3434 2694 3503 regia:
2737 3433 2906 3502 copia:
2952 3450 3114 3503 quam
3177 3436 3489 3504 longissime

1919 3530 2125 3584 fuerim
2152 3539 2392 3590 remotae,
2425 3537 2480 3581 et
2509 3526 2609 3595 ipsi
2640 3540 2803 3595 quam
2837 3528 3071 3580 maxime
3105 3528 3156 3579 in
3185 3542 3352 3579 unmn
3379 3530 3491 3581 col-

1921 3626 2065 3679 lecti.
2102 3624 2159 3677 Si
2196 3624 2407 3692 regium
2442 3634 2661 3675 servum
2702 3618 2977 3672 hostiliter
3008 3619 3295 3672 adeuntem
3328 3621 3495 3675 susti-

1920 3735 2046 3773 nere
2078 3716 2466 3788 nequiverunt,
2494 3714 2623 3784 quid
2674 3714 2921 3767 futurum
2949 3721 3087 3775 erat,
3146 3714 3189 3766 si
3228 3729 3320 3766 rex
3375 3714 3491 3783 ipse

1918 3828 2024 3867 una
2044 3826 2164 3863 cum
2199 3809 2383 3879 januis
2405 3809 2458 3861 in
2482 3808 2911 3877 Peloponnesum
2934 3808 3196 3876 impetum
3227 3808 3494 3861 dedisset?

1918 3900 2369 3956 Prolectonullus
2404 3898 2557 3953 locus
2601 3899 2652 3951 in
2696 3898 3068 3967 Peloponneso
3114 3897 3308 3951 fuisset
3360 3901 3490 3952 reli-

1917 4004 2057 4058 ctus,
2088 3993 2180 4060 qui
2212 3992 2280 4044 ab
2324 3991 2445 4045 belli
2494 3989 2615 4056 jure
2644 3991 2937 4044 mansisset
3002 3991 3262 4056 intactus,
3300 4006 3485 4043 verum

1918 4085 2041 4140 belli
2064 4093 2355 4153 tempestas
2383 4083 2566 4135 omnia
2592 4081 2889 4135 foedissime
2913 4080 3249 4149 dissipasset.
3287 4082 3399 4136 Rex
3433 4093 3492 4137 ut

1917 4173 2311 4243 Thermopylas
2329 4172 2531 4240 attigit,
2552 4170 2762 4224 audivit
2786 4168 3033 4235 Venetos,
3055 4170 3245 4223 relicto
3261 4170 3489 4231 Isthmo.

1922 4266 2144 4329 abiisse,
2174 4274 2232 4317 ut
2263 4271 2552 4333 appetente.
2584 4276 2709 4316 vere
2739 4260 2982 4316 redirent
3034 4262 3087 4314 in
3123 4258 3405 4327 Euboeam,
3436 4275 3492 4315 et

1918 4359 2017 4415 iSta
2051 4359 2168 4412 loca
2189 4356 2375 4411 omnia
2428 4355 2480 4409 in
2533 4355 2798 4409 ditionem
2859 4354 3192 4422 acciperent.
3234 4353 3390 4408 Nunc
3434 4370 3483 4407 ει

246 4449 640 4518 Θερμοπύλαις
672 4449 1026 4519 ἀφικόμενος,
1054 4449 1305 4513 ἐπύθετο,
1339 4449 1413 4513 ὡς
1452 4452 1811 4516 ἀπολιπόντες

1920 4453 2130 4508 veniam
2157 4450 2257 4521 (ad
2290 4463 2453 4519 quam
2481 4447 2638 4501 vobis
2690 4455 2839 4500 tutus
2874 4453 3124 4515 receptus
3161 4457 3267 4510 est,
3298 4462 3487 4501 eorum

246 4544 339 4592 τὸν
367 4542 601 4608 Ἰσθμὸν,
629 4542 839 4609 οῖχοντο
860 4540 909 4593 al
938 4541 1210 4603 οὐενετοὶ,
1244 4541 1321 4603 ὡς
1362 4537 1496 4612 ἦρος
1529 4544 1815 4610 ἐπιφανέν-

246 4649 362 4695 τος,
399 4634 599 4684 αὐτίκα
630 4632 695 4683 ἶν’
723 4632 952 4684 ἔλθωσιν
982 4632 1076 4684 ἐπὶ
1102 4632 1347 4699 Ιεὶῠὸοιαν,
1374 4638 1465 4686 καὶ
1496 4636 1617 4687 τάδε
1643 4636 1818 4689 πάντα

248 4727 337 4794 ὑφ’
380 4725 566 4776 αὐτῶν
626 4725 1003 4793 ποιησόμενοι.
1043 4724 1105 4774 Εἰ
1156 4721 1250 4777 οὗν
1307 4727 1635 4795 παρέχοντος
1665 4728 1818 4798 βασι-

251 4820 391 4880 λεως
416 4818 747 4887 συγγνώμην
772 4816 855 4884 ttp‘
878 4812 959 4878 οἷς
990 4816 1371 4887 ἑξηπατήθητε
1405 4818 1511 4870 ὑπὸ
1563 4820 1672 4871 τῶν
1720 4823 1819 4875 κά-

249 4914 396 4965 κιστ’
431 4911 820 4979 ἀπολουμένων
861 4910 1330 4979 Πελοποννησίων,
1360 4912 1472 4963 τῶν
1512 4916 1649 4983 πρὸς
1677 4915 1819 4966 Οὑε-

250 5007 445 5065 νετοὺς
494 5003 908 5071 τετραμμένων,
949 5002 1042 5054 καὶ
1077 5002 1185 5054 οὐδ’
1227 5002 1401 5056 ὁτιοῦν
1431 5003 1581 5071 ὑγιὲς
1623 5010 1688 5076 τῇ
1717 5008 1824 5076 χὼ-

256 5116 328 5168 ρξι
359 5096 484 5166 τῇδε
510 5096 911 5157 διανοουμένων
936 5110 951 5125 °
986 5090 1105 5146 οἶδα
1130 5096 1239 5162 γὰρ
1276 5095 1349 5158 ὡς
1385 5095 1702 5149 ἐπετέλλετο
1730 5099 1822 5167 βα-

255 5190 462 5253 adeo},
526 5188 633 5238 τῶν
683 5185 792 5237 ἀπὸ
840 5186 1247 5254 Πελοποννήσου
1329 5187 1495 5255 μηδὲν
1554 5189 1821 5258 μηδαμῶς

255 5284 446 5341 ἀεικὲς
506 5280 816 5349 ἐπιφέρειν,
859 5277 999 5332 ὥστε
1052 5279 1558 5347 ἀνδραποδίζεσθαι,
1610 5282 1738 5336 ἄλλο
1767 5299 1821 5334 τι

253 5375 563 5444 ἀνήκεστον
596 5372 771 5424 ποιεῖν
811 5369 929 5423 ἀλλ’
980 5370 1350 5439 ἐμμενόντων,
1395 5372 1825 5441 ὑποστρέφοντες

258 5472 315 5531 ἐς
338 5469 431 5521 τὸν
464 5465 644 5534 χῶρον
668 5461 836 5519 αὑτοῦ
868 5462 1100 5524 ἕκαστος
1154 5464 1249 5514 καὶ
1273 5465 1355 5526 εἰς
1386 5463 1451 5517 τὰ
1485 5467 1681 5518 οἰκεῖα.
1715 5467 1825 5517 Καὶ.

1923 4563 2045 4619 quae
2062 4545 2419 4601 commisistis
2444 4543 2693 4611 turpiter.
2740 4541 2951 4610 decepti
2976 4556 3006 4595 a
3040 4540 3295 4610 pessimis
3338 4540 3493 4597 Pelo-

1925 4639 2294 4711 ponnesiacis,
2326 4637 2419 4707 qui
2451 4636 2585 4690 nihil
2616 4634 2735 4688 sani
2777 4634 2983 4704 regioni
3012 4634 3100 4689 isti
3146 4635 3491 4703 consuluere)

1924 4732 2155 4802 amplexi
2173 4729 2408 4792 fueritis,
2423 4728 2538 4782 scio
2556 4727 2659 4796 (sic
2673 4726 2815 4780 enim
2836 4726 3089 4795 prmcepit
3105 4727 3219 4795 rex)
3240 4742 3333 4781 vos
3357 4729 3490 4780 nihil

1928 4824 2053 4877 mali
2082 4835 2345 4891 passuros
2379 4833 2396 4869 :
2428 4832 2527 4871 nec
2580 4816 2646 4869 ad
2699 4816 3093 4885 mancipiorum
3126 4817 3489 4871 miserandam

1928 4914 2297 4968 conditionem
2328 4908 2692 4970 deducemini,
2720 4922 2823 4961 nec
2858 4907 3006 4961 aliud
3037 4908 3336 4977 quidquam
3364 4908 3489 4960 Inali

1926 5002 2303 5074 experiemini.
2331 4999 2564 5054 Proinde
2598 5000 2644 5051 si
2675 4998 2853 5066 placet
2880 4997 3093 5051 veniam
3132 4998 3365 5051 oblatam
3395 4997 3490 5049 ad-

1930 5101 2163 5160 mittere,
2191 5093 2388 5163 singuli
2427 5092 2494 5145 ad
2522 5104 2617 5143 sua
2682 5097 3042 5143 revertantur.
3072 5088 3225 5152 Quod
3255 5088 3302 5141 si
3331 5088 3488 5140 obia-

1928 5200 2039 5244 tam
2054 5189 2266 5242 veniam
2291 5182 2630 5253 respucritis,
2648 5182 2893 5251 profecto
2907 5194 3002 5233 rex
3027 5192 3125 5231 vos
3144 5176 3491 5244 quemadmo-

1930 5286 2057 5339 dum
2080 5291 2135 5335 ct
2167 5278 2416 5340 Venetos,
2444 5274 2682 5329 hostium
2705 5274 2827 5326 loco
2850 5270 3089 5324 habebit.
3116 5267 3211 5320 llis
3236 5268 3485 5336 cognitis,

1933 5376 2150 5441 quidam
2183 5383 2370 5423 eorum
2403 5367 2496 5436 qui
2531 5366 2584 5419 in
2634 5378 2814 5432 regem
2867 5362 3228 5429 deliquerant,
3276 5359 3489 5411 veniam

1934 5479 2042 5518 non
2083 5469 2210 5517 sunt
2257 5458 2527 5527 aspernati
2563 5471 2577 5507 :
2613 5461 2668 5508 et
2691 5453 2832 5507 clam
2863 5450 3178 5507 deficientes
3209 5464 3239 5501 a
3274 5445 3493 5503 Venetis

1526 5600 1771 5664 Notulte
1819 5602 2223 5679 marginales.

364 5734 492 5789 “In
525 5752 650 5796 uno,
684 5732 867 5785 αὑτοῦ,

594 5834 856 5889 Ριεῑιιυι..
901 5830 989 5883 litt
1065 5822 1266 5881 (LLlX.

2990 5810 3061 5870 18
