4026 6204
427 284 535 347 ξ55
1620 278 1721 336 MA
1733 277 2076 349 RQUARDI
2118 274 2212 335 FB
2226 273 2461 334 EIIERI
3548 260 3600 321 5.‘
3615 262 3652 324 6

424 394 490 448 ad
516 407 612 448 sua
650 401 778 449 sunt
808 393 1030 470 dilapsi.
1058 391 1292 459 Quidam
1320 406 1448 446 vero
1473 391 1562 461 qui
1588 393 1824 459 graviter
1847 392 1993 445 elisi-

2111 394 2144 443 ii
2180 392 2254 461 μὴ
2292 390 2450 442 τοῦτο
2483 388 2791 448 πείσονται,
2826 383 2924 437 καὶ
2950 382 3111 446 αὐτὸς
3138 380 3258 450 ἅμα
3286 382 3397 442 τοῖς
3460 378 3652 431 Οὐινεο

425 486 693 541 ιιεὺειηιυι·
733 486 785 539 in
838 486 1088 548 Tmnaro,
1149 482 1418 538 miserunt
1454 485 1699 547 nuntios,
1754 496 1812 537 ut
1862 484 1991 552 quid

2111 488 2205 548 τοῖς
2232 482 2573 550 περιόψεται,
2600 480 2835 547 πέμπων
2861 476 3057 536 αὐτοὺς
3086 472 3260 525 ταῦτα
3302 471 3652 542 ἁμαρτάνον-

431 585 686 644 pararent
712 573 1004 629 Pannones
1034 572 1305 627 audirent.
1333 572 1465 626 Nam
1502 571 1686 626 Veneti
1722 572 1993 626 consulari

432 668 572 723 haud
603 666 892 721 cessabant
930 665 1423 736 Peloponnesiacos
1449 674 1502 718 et
1532 664 1697 728 alios,
1750 665 1995 717 dicentes

431 758 522 812 ubi
555 759 787 827 primum
837 754 1131 809 Pannones
1183 752 1251 807 ab
1282 753 1423 807 Istro
1451 753 1653 807 fuerint
1696 752 1992 823 progressi,

430 865 527 901 nos
550 863 672 901 cum
705 847 879 900 classe
923 846 977 899 in
1030 844 1436 914 Hellespontum
1489 853 1849 899 revertemur.
1896 842 1999 897 Re~

432 940 551 1008 gius
568 940 673 990 dux
696 937 1055 992 Machumetis
1077 952 1199 990 cum
1230 935 1473 999 abiisset,
1492 934 1819 990 Venetorum
1842 937 1997 989 trire-

434 1046 549 1085 mes
572 1033 896 1100 appulerunt
918 1031 972 1083 in
1000 1028 1262 1083 Lemnum
1291 1044 1305 1081 :
1339 1028 1576 1099 impulsu
1600 1031 1860 1083 Comneni
1886 1029 1993 1099 (18)

431 1124 535 1177 viri
619 1122 829 1192 optimi,
902 1122 994 1191 qui
1052 1121 1247 1174 ibidem
1306 1120 1360 1175 in
1426 1121 1633 1176 Lemno
1687 1136 1868 1176 arcem
1918 1134 1999 1176 te-

430 1219 617 1271 nebat.
688 1214 978 1268 Venientes
1030 1226 1211 1267 autem
1274 1212 1462 1268 Lemni
1520 1215 1790 1283 primores
1849 1215 1999 1270 urbis

428 1307 683 1360 collocuti
720 1315 848 1358 sunt
892 1305 1031 1358 inter
1066 1319 1125 1358 se
1150 1312 1206 1358 ut
1236 1304 1415 1358 locum
1459 1320 1586 1359 eum
1625 1304 1843 1361 Venetis
1876 1321 2002 1361 ven-

433 1400 639 1452 derent.
699 1397 966 1450 Creterutn
1001 1396 1193 1450 Veneti
1243 1408 1622 1465 praevenerunt
1671 1413 1787 1460 eos.
1841 1415 1998 1453 occu-

435 1502 624 1559 pantes
657 1504 861 1552 arcem,
893 1498 946 1541 et
998 1487 1173 1541 virum
1229 1488 1374 1542 ltunc
1422 1488 1683 1556 optimum
1734 1489 2003 1544 miserunt

434 1582 593 1651 302
652 1582 704 1634 in
760 1580 1022 1634 Isthmum
1073 1596 1088 1632 :
1135 1594 1245 1648 quo
1290 1582 1630 1645 consulente,
1680 1582 2003 1652 navigarunt

435 1676 615 1727 denuo
650 1673 701 1726 in
730 1670 1016 1725 Lemnum.
1049 1670 1255 1725 Etcum
1294 1672 1411 1741 ipse
1433 1672 1502 1726 ab
1531 1675 1847 1728 continente
1877 1690 1999 1729 cum

2094 594 2214 641 τας,
2257 576 2307 627 οἱ
2345 574 2443 644 μὲν
2497 571 2798 634 ἐπείθοντο,
2843 571 2938 623 καὶ
2985 567 3170 636 κρύφα
3220 566 3332 618 τῶν
3378 565 3656 618 Οὐενετῶν

2098 669 2557 737 ὑποστρέφοντες,
2576 663 2770 733 ἔμενον
2798 664 2857 714 ἐν
2884 662 2999 724 τοῖς
3026 659 3277 724 οἰκείοις
3299 660 3349 711 οἱ
3382 659 3440 711 δὲ
3468 658 3657 718 δεινῶς

2093 761 2457 829 κατεχόμενοι
2486 758 2542 809 ἐν
2578 755 2657 824 τῷ
2682 753 2938 823 Ταινάρῳ
2968 754 3234 821 ἔπεμπον,
3278 751 3582 804 πεύσεσθαι
3606 768 3659 802 τι

2097 852 2207 905 ἀπὸ
2243 851 2504 905 Παιόνων.
2532 849 2600 902 Ol
2629 848 2738 917 γὰρ
2761 846 3014 901 Οὐενετοὶ
3041 846 3167 910 τούς
3200 860 3260 898 τι
3317 845 3662 913 Πελοποννηο

2099 945 2251 1006 clo-ar;
2282 945 2375 996 καὶ
2403 946 2529 1005 τοὺς
2568 941 2787 1012 ἐτέρους
2819 938 3299 1009 παραμυθοῦντες,
3336 936 3411 999 ὡς
3425 936 3476 990 ei
3496 937 3663 988 Παὲο-

2098 1053 2183 1099 νες
2214 1035 2503 1099 ὲξέλθωσιν
2546 1034 2747 1089 αὐτίκα
2785 1033 2893 1086 ἀπὸ
2946 1030 3042 1085 τοῦ
3075 1032 3316 1099 Ἴστρου,
3364 1031 3457 1081 καὶ
3511 1029 3664 1081 αὐτοὶ

2099 1127 2365 1194 ἀναϐῆναι
2394 1125 2449 1187 ἐς
2470 1123 2563 1177 τὸν
2604 1120 3021 1183 Ἑλλήσποντον.
3066 1116 3489 1179 Ἀπελαύνοντος
3529 1114 3657 1186 μιν·

2104 1235 2183 1271 τοι
2214 1216 2309 1269 τοῦ
2346 1216 2611 1285 ἡγεμόνος
2636 1214 2733 1269 τοῦ
2783 1213 3070 1284 βασιλέως,
3103 1211 3284 1266 αὐτῶν
3309 1212 3355 1242 ⁸⁹
3383 1208 3664 1263 Οὑενετῶν

2100 1310 2346 1380 τριήρεις
2408 1309 2650 1379 ἀνῄεσαν
2717 1308 2777 1371 ἐς
2830 1306 3074 1375 Λῆμνον,
3126 1305 3515 1374 ἐποτρύνοντος
3566 1302 3665 1355 τοῦ

2100 1400 2390 1471 Κομνηνοῦ
2417 1402 2605 1471 ἀνδρὸς
2627 1397 2876 1469 ἅρὶστου,
2916 1400 3011 1452 καὶ
3043 1398 3209 1453 αὐτοῦ
3249 1400 3307 1451 ἐν
3354 1400 3421 1468 τῇ
3462 1397 3666 1467 Λήμνῳ

2100 1494 2198 1561 τὴν
2229 1492 2524 1560 ἀκρόπολιν
2568 1489 3062 1562 κατακρατοῦντος,
3094 1490 3190 1545 καὶ
3218 1489 3317 1560 τὴν
3350 1488 3515 1543 πάλαι
3571 1506 3665 1540 πο-

2101 1583 2290 1652 λίχνην
2322 1583 2418 1652 τῆς
2456 1584 2679 1652 Λήμνου
2729 1581 2824 1651 ὕφ’
2843 1581 2994 1652 αὐτῷ
3022 1582 3411 1651 ποιησαμένου.
3458 1581 3547 1643 Ἐς
3578 1580 3667 1633 λό-

2102 1691 2235 1741 γους
2264 1674 2319 1727 6k
2352 1674 2597 1737 ἐλθόντες
2626 1675 2675 1726 οι
2702 1672 2804 1741 τῆς
2852 1674 3075 1744 Λήμνου
3109 1673 3472 1742 προεστῶτες,
3525 1672 3666 1724 ὥστε

436 1766 606 1834 copiis
628 1765 1087 1834 proﬁcisceretur,
1115 1763 1312 1833 singuli
1350 1765 1663 1819 deserentes
1705 1766 1917 1835 oppida,
1951 1768 2002 1820 in

2111 1766 2388 1835 χρήμασιν
2451 1762 2828 1835 ἐξωνήσασθαι
2882 1765 2943 1818 τὸ
3027 1766 3249 1836 χωρίον,
3318 1763 3563 1835 ἔφθησαν
3615 1764 3665 1814 ei

437 1858 637 1927 quibus
690 1864 1026 1917 manserant,
1083 1869 1189 1907 una
1251 1852 1377 1907 inde
1436 1854 1719 1909 solverunt
1773 1859 2004 1912 naribus

440 1948 703 2019 impositi.
734 1946 1156 2016 Occuparunlet
1173 1947 1359 1999 urbem
1386 1945 1708 2011 Cercedaut,
1728 1956 1782 2001 et
1805 1948 2006 2003 demis-

436 2058 497 2095 so
528 2041 651 2093 inde
679 2045 1025 2110 magistratu,
1073 2053 1233 2109 quem
1259 2038 1646 2107 Zamplacones
1685 2038 1798 2109 (l9)
1837 2041 2009 2095 nomi-

440 2135 660 2192 nabant.
692 2148 809 2186 eam
844 2130 1095 2201 praesidio
1143 2131 1399 2201 imposito
1446 2133 1727 2186 munivere
1760 2148 1775 2185 :
1808 2147 2008 2190 conve-

439 2226 740 2295 ltentesque
771 2223 1098 2277 frumentum
1147 2231 1201 2277 et
1257 2224 1564 2280 necessaria
1605 2236 1720 2279 tum
1750 2226 1853 2279 sibi
1892 2238 2003 2280 tum

443 2315 920 2386 l‘eloponnesiacis
953 2316 1187 2384 oppidis,
1250 2316 1397 2370 ibant
1436 2326 1722 2386 pergentes
1774 2319 1826 2371 in
1853 2317 2006 2374 Pelo-

442 2424 767 2477 ponnesum.
794 2408 915 2462 Haec
940 2410 1159 2477 quidem
1190 2423 1253 2462 ea
1281 2409 1457 2462 ltietue
1520 2408 1574 2463 in
1634 2408 2007 2480 Peloponneso

439 2508 566 2553 sunt
595 2509 743 2570 gesta
784 2500 920 2569 (20).
1770 2500 1777 2507 ’

2104 1858 2357 1911 Οὑενετοὶ
2381 1856 2791 1927 παραλαϐόντες
2823 1857 2923 1925 τὴν
2957 1858 3279 1925 ἀκρόπολιν,
3335 1860 3427 1910 καὶ
3482 1856 3574 1910 τόν
3602 1873 3666 1923 γε

2106 1950 2273 2021 ἄνδρα
2304 1950 2495 2003 τοῦτον
2521 1950 2727 2018 ἀγαθὸν
2780 1950 3097 2020 γενόμενονς
3126 1949 3543 2021 μετεπέμψαντο
3610 1948 3667 2010 ἐς

2107 2045 2199 2098 τδν
2239 2044 2473 2112 Ἰσθμόν.
2513 2042 2716 2095 Τούτου
2739 2043 2802 2112 δὴ
2826 2040 2921 2097 οὖν
2965 2042 3379 2113 ὑποτιθεμένου,
3411 2042 3671 2096 ἀνέπλευ-

2115 2151 2216 2188 σαν
2253 2138 2309 2196 ἐς
2336 2134 2436 2203 τὴν
2463 2134 2681 2202 Λῆμνον
2712 2132 2761 2186 οἱ
2791 2134 3068 2200 Οὐενετοὶ,
3104 2135 3197 2187 καὶ
3259 2134 3418 2198 αὑτός
3464 2150 3525 2186 τε
3559 2135 3671 2187 ἀπὸ

2113 2226 2211 2294 τῆς
2244 2226 2478 2294 ἠπείρου
2513 2222 2730 2293 στρατῷ
2768 2223 3065 2289 ἐπελάσας,
3102 2223 3412 2295 ἀπήλαυνεν
3442 2226 3672 2287 ἕκαστος

2115 2317 2213 2386 τῆς
2242 2317 2473 2377 πόλεως.
2505 2317 2616 2369 Καὶ
2646 2317 2721 2381 ὡς
2764 2315 3127 2384 ἀνέπλευσαν,
3181 2314 3484 2387 παρέλαϐον
3517 2316 3673 2369 πόλιν

2113 2417 2213 2485 τὴν
2245 2413 2556 2482 Κέρκηδαν.
2598 2410 2706 2467 Καὶ
2731 2412 2858 2476 τούς
2885 2428 2945 2466 τε
2993 2412 3260 2483 ἄρχοντας
3307 2412 3674 2481 Τζαμπλάκο-

2117 2522 2215 2568 νας
2243 2506 2487 2573 ἀφῆκαν,
2519 2505 2771 2575 φρουράν
2805 2521 2865 2557 τε
2906 2505 3382 2573 ἐγκαταλιπόντες,
3408 2504 3502 2557 καὶ
3554 2505 3674 2556 tm-

442 2591 703 2646 σιτεῖσθαι
751 2591 902 2658 σφίσι
950 2605 1011 2642 τι
1041 2588 1226 2651 αὐτοῖς
1259 2590 1353 2643 καὶ
1378 2590 1499 2652 ταῖς
1556 2592 1615 2643 ἐν
1640 2593 1706 2661 τῇ
1740 2592 2130 2666 Πελοποννήσῳ
2176 2595 2389 2651 πόλεσι.
2440 2597 2550 2650 Καὶ
2596 2596 2797 2668 ᾤχοντο
2845 2597 3097 2662 ἀπιόντες
3168 2597 3258 2650 ἐπὶ
3340 2597 3677 2667 Πελοπόννη-

440 2702 550 2738 σον.
587 2684 773 2737 Ταῦτα
809 2685 909 2752 μὲν
936 2681 1031 2737 τοῦ
1064 2683 1335 2753 χειμῶνος
1352 2683 1545 2738 τούτου
1576 2687 1634 2748 ἐς
1677 2687 1775 2755 τὴν
1831 2689 2237 2759 Πελοπόννησον
2270 2690 2506 2756 ἐγένετο.

1692 2799 1937 2861 Notum:
1971 2803 2379 2880 marginales.

515 2918 628 2983 (18)
654 2917 867 2988 Qutttini
894 2917 1137 2988 Tltopim.

474 2990 477 2993 ’
516 2991 626 3059 (l9)
660 2985 1039 3056 Zautoplncou.

510 3112 555 3141 "
583 3109 639 3161 αἱ
671 3108 799 3173 τῶν,
836 3112 891 3163 in
916 3126 1017 3165 uno
1049 3120 1105 3164 z;
1130 3129 1182 3164 ιι.
1204 3109 1357 3179 84,51:
1382 3110 1458 3166 al.
1489 3112 1546 3165 αἱ
1570 3110 1698 3164 τῶν.

2189 2927 2301 2997 (20)
2335 2930 2439 2981 An.
2478 2929 2633 2984 “62.

1060 3437 2190 3585 manorum):
2264 3436 3084 3551 vannum

2040 3672 2106 3717 IN

876 3823 1198 3886 LAONICI
1269 3822 1978 3888 CHALCOCONDYL/E
2051 3820 2689 3886 DESCRIPTIONEM
2752 3820 3207 3884 GERMANl/E

1583 4004 2529 4097 COMMENTARIUS

1440 4202 1646 4266 (Srript.
1681 4204 1794 4256 Iter.
1815 4205 1975 4252 Germ.
2010 4200 2135 4251 Vide
2170 4215 2314 4263 supra
2356 4200 2452 4251 col.
2482 4198 2546 4251 75
2570 4199 2708 4269 sqq.)

524 4512 703 4565 Locus
735 4508 889 4563 lticce
922 4505 1142 4561 Laonici
1172 4503 1522 4557 Atheniensis
1553 4512 1609 4555 ut
1645 4504 1710 4557 ad
1747 4502 2005 4557 honorem
2034 4514 2078 4572 α
2109 4503 2596 4557 defraudaremus:
2627 4502 2809 4573 inqua
2842 4501 3107 4573 quidquid
3146 4504 3255 4558 veri
3300 4515 3406 4569 est,
3457 4521 3681 4561 necesse

457 4603 741 4658 Germanic
764 4601 946 4672 gentis
983 4599 1274 4667 insigniter
1310 4596 1565 4665 pertinet,
1611 4596 1682 4650 ita
1722 4604 1799 4649 tot
1834 4606 1888 4649 et
1912 4604 2022 4650 tam

459 4693 764 4763 insignibus
805 4690 1019 4745 mendis
1056 4705 1163 4743 non
1233 4694 1341 4740 tam
1408 4700 1437 4739 a
1501 4684 1740 4739 librariis
1772 4686 2024 4755 (quorum

459 4788 680 4856 quidem
713 4784 888 4853 culpa:
937 4782 1103 4835 trium
1155 4782 1406 4835 codicum
1469 4778 1841 4833 Palatiuorutn
1894 4792 2028 4831 mss.

459 4878 750 4933 collatione
771 4875 993 4933 mederi.
1049 4884 1315 4943 quantum
1348 4870 1519 4937 licuit,
1567 4871 1750 4925 aunisi
1786 4869 2024 4938 sumus),

460 4982 626 5038 quam
654 4967 773 5035 ipso
806 4966 1094 5035 scriptore,
1126 4964 1344 5019 nomine
1373 4979 1481 5017 non
1507 4961 1685 5017 solum
1718 4964 1769 5015 in
1794 4960 2023 5016 Germa-

457 5060 546 5113 nia
578 5069 759 5112 nostra
782 5056 1026 5125 hospite,
1056 5057 1147 5109 sed
1184 5055 1339 5124 plane
1381 5055 1564 5122 ignota
1596 5052 1873 5122 loquente,
1902 5068 2024 5121 qua:

458 5151 574 5205 sola
607 5149 887 5203 auditione
940 5147 1127 5202 nescio
1172 5144 1316 5200 ttnde
1371 5146 1710 5214 accepisset,
1775 5146 2023 5214 oppletus

455 5249 558 5303 est,
604 5250 664 5295 ut
703 5239 933 5294 multum
982 5238 1315 5301 dubitarem,
1376 5250 1446 5289 an
1502 5249 1628 5288 eum
1686 5235 1810 5290 licet
1863 5236 2023 5290 anxie

457 5332 745 5400 quasitum
766 5340 820 5385 et
841 5329 1178 5401 descriptum
1213 5329 1265 5383 in
1318 5328 1460 5382 hanc
1488 5328 1900 5382 collectionetns
1924 5328 2022 5381 ad-

457 5424 692 5487 mittere,
731 5422 929 5477 nedum
987 5424 1041 5477 in
1076 5438 1141 5478 eo
1169 5421 1398 5477 selioliis
1444 5419 1769 5489 explicando
1812 5418 2016 5489 aliquid

458 5530 632 5583 operae
660 5531 861 5586 ponere
893 5516 1105 5572 vellem.
1139 5516 1246 5570 Sed
1306 5523 1428 5569 utut
1469 5514 1586 5582 ipsc
1638 5512 1771 5565 tanti
1803 5528 1909 5564 non
1944 5512 2023 5563 vi-

457 5605 697 5667 deretur,
735 5606 869 5659 tanti
924 5606 1143 5675 quidem
1197 5606 1311 5660 visa
1374 5613 1458 5659 est
1493 5605 1666 5673 patria
1695 5602 2013 5660 Germania,

459 5711 617 5769 quam
660 5712 834 5766 neque
863 5698 963 5753 ista
1022 5699 1255 5753 hominis
1290 5698 1490 5753 exotici
1535 5693 2012 5751 cottttncndatione

2123 4600 2205 4644 est
2228 4607 2257 4644 a
2292 4591 2668 4660 vulgatissitna
2699 4590 2842 4645 fama
2870 4607 3050 4646 rerum
3083 4591 3370 4663 plusquam
3433 4598 3682 4650 notoria-

2126 4695 2246 4735 rum
2277 4682 2357 4749 (ut
2384 4682 2533 4750 vulgi
2556 4681 2870 4751 loquuntur)
2897 4691 2951 4737 et
2971 4692 3085 4739 toto
3116 4686 3249 4741 urbe
3273 4699 3681 4755 contpertarum

2123 4770 2298 4827 fuisse
2332 4770 2658 4840 profectum.
2689 4770 2808 4837 Quo
2840 4774 2891 4825 in
2917 4788 3114 4842 genere
3163 4776 3374 4830 scholia
3425 4778 3684 4833 scribenti

2126 4878 2236 4917 non
2262 4862 2479 4919 dimcile
2529 4862 2720 4919 luisset
2781 4864 2936 4932 plura
2992 4865 3155 4920 etiam
3209 4883 3522 4938 congerere,
3580 4870 3684 4924 nisi

2125 4956 2344 5010 modum
2386 4966 2569 5011 tenere
2628 4956 2943 5025 praeclarius
3006 4970 3380 5027 putassemus.
3413 4961 3682 5016 (laterum

2123 5049 2323 5103 alicubi
2353 5052 2515 5105 etiam
2556 5053 2607 5103 in
2642 5051 2726 5105 bis
2760 5050 2995 5106 salebris
3051 5052 3238 5120 pedem
3273 5053 3495 5109 haesisse
3550 5054 3683 5107 nillil

2124 5146 2346 5208 mirum,
2375 5143 2579 5198 orbatis
2610 5144 2905 5211 praisertim
2953 5145 3179 5198 ductore
3231 5146 3346 5211 illo,
3378 5147 3473 5216 qui
3534 5148 3683 5200 solus

2130 5236 2254 5289 inde
2282 5236 2538 5306 expedire
2566 5247 2817 5302 poterat:
2870 5236 3224 5300 Leuuclario.
3283 5239 3531 5308 inquam,
3582 5252 3682 5290 no~

2129 5336 2266 5389 stro,
2289 5327 2481 5381 borum
2516 5328 2845 5397 scriptorum
2890 5330 3261 5398 peritissimo;
3292 5331 3499 5399 quique
3547 5331 3681 5382 adeo

2131 5428 2299 5475 totum
2331 5420 2495 5475 istum
2540 5419 2838 5475 Laonicunt
2874 5436 2974 5477 sua
3034 5438 3222 5486 manu,
3266 5424 3397 5477 dum
3446 5424 3534 5478 llic
3569 5440 3687 5476 ver-

2127 5525 2363 5576 saretur,
2389 5513 2631 5582 diligenti
2665 5529 2795 5567 cura
2833 5514 3219 5584 descripserat.
3249 5517 3462 5582 Quanto
3490 5517 3621 5585 (ltcu
3644 5514 3688 5585 Ι)

2129 5605 2473 5669 redimerem,
2504 5598 2585 5659 rel
2612 5607 2854 5659 ltorulam
2885 5621 3045 5659 unam
3082 5623 3250 5677 super
3286 5610 3386 5663 ltoc
3416 5608 3687 5664 lococum

2127 5713 2195 5753 eo
2223 5713 2505 5753 sermones
2532 5697 2866 5753 contuliSSel
2904 5698 3007 5754 Sed
3039 5700 3105 5753 ad
3144 5717 3281 5756 rem.
