4026 6204
477 335 583 399 559

1667 329 2129 398 MARQUARDI
2173 330 2427 388 FREIII‘Z
2443 328 2515 385 Ill

3590 319 3696 383 560

480 445 685 500 Vienna
744 439 1066 496 lacientibus
1097 436 1378 493 Tartesum
1406 433 1480 506 (id
1509 446 1591 489 est
1613 433 1888 503 Rhenum)
1920 452 2042 490 ver-

2216 435 2332 489 Cul.
2362 434 2426 487 77
2454 435 2509 486 Β.
2542 432 2683 495 Τοὺς
2717 421 2836 487 ὐὲτὸ
2872 432 3189 499 Ῥωμαίων.
3221 412 3424 483 Ηοοέιιι
3451 430 3699 485 dilicren-

476 554 571 593 sus
612 536 753 591 ostia
787 535 905 602 ejus
961 531 1189 596 scilicet,
1245 528 1473 597 Pragam
1522 527 1881 581 Bobemorum
1917 542 2039 582 esse

474 626 883 684 transeundum.
930 610 1209 677 Caeternm'
1251 619 1523 674 Laonicus
1574 618 1661 674 hic
1704 632 1891 673 contra
1919 635 2038 670 (mt-

476 727 627 777 nium
657 720 887 773 aliorum
917 724 1198 769 auctorum
1230 729 1460 775 morem,
1486 713 1883 783 longitudinem
1907 710 2042 766 Ger-

476 816 670 868 mania:
702 827 729 864 a
770 808 992 862 meridie
1042 806 1096 859 in
1146 803 1599 874 septentrionem.
1627 820 1655 857 a
1693 802 1896 857 Vietma
1930 804 2043 855 Au-

476 906 619 960 striae
646 904 698 956 in
726 901 1013 957 ‘Oceanum
1050 911 1241 964 usque
1294 894 1678 950 Germanicum
1733 905 2040 963 prntensam

476 998 605 1051 facit
639 1013 650 1048 :
687 991 1025 1047 latitudinem
1078 1002 1209 1041 varo
1248 987 1315 1040 ab
1357 997 1599 1039 extrema
1630 1000 1721 1039 ora
1767 983 1953 1039 Gallia!
1987 986 2039 1035 in

478 1082 1026 1144 Daniazn‘secundunt
1054 1080 1236 1134 littora
1269 1078 1436 1131 maris
1464 1076 1771 1132 Germanici
1805 1076 1872 1129 ab
1897 1076 2041 1128 occi—

475 1186 634 1236 dente
665 1192 853 1231 versus
882 1175 1171 1228 orientem.
1210 1170 1341 1225 Nam
1381 1170 1462 1238 (ut
1503 1179 1557 1224 et
1591 1169 1692 1223 hoc
1726 1168 1921 1234 obiter)
1954 1167 2044 1220 ubi

475 1277 583 1326 duo
614 1272 852 1332 codices,
890 1268 1028 1319 alter
1060 1264 1281 1334 quidem
1311 1261 1537 1325 Δακίαν,
1590 1262 1731 1314 alter
1777 1273 1903 1313 vero
1938 1261 2043 1311 Aa-

477 1367 620 1427 clav,
650 1364 720 1416 ibi
757 1362 949 1416 tertius
1000 1357 1196 1412 melius
1230 1356 1390 1408 habet
1424 1352 1639 1407 Aavlav.

526 1455 656 1510 Col.
687 1454 748 1506 ’Π
778 1454 840 1505 Α.
876 1447 1073 1515 Ἀνδρὶ
1096 1444 1343 1511 εὐζώνῳ.
1373 1443 1489 1497 Non
1520 1430 1718 1497 nostris
1740 1442 1847 1509 iam
1875 1439 2049 1493 homi-

477 1547 655 1607 nibus,
688 1553 784 1597 aut
816 1542 901 1594 vix
956 1548 1120 1592 certe.
1169 1534 1437 1589 Nimirum
1472 1545 1705 1596 veteres,
1742 1535 2043 1604 praesertim

476 1631 933 1696 Gmeci,Asiatici,
951 1628 1274 1690 Orientales,
1296 1625 1535 1693 agilitate
1548 1632 1599 1676 et
1620 1623 1937 1692 pernicitate
1962 1636 2051 1690 pe-

478 1729 606 1783 dum
629 1724 981 1780 excellebant.
1014 1720 1086 1773 De
1118 1733 1349 1787 quorum
1384 1715 1546 1769 etiam
1582 1715 1899 1768 cursoribus
1931 1728 2050 1781 qute

2144 529 2272 581 tiam
2308 526 2506 581 Graeca.-
2544 526 2819 586 Ecclesiae,
2847 540 2964 592 quae
2990 538 3181 593 papam
3213 540 3319 576 non
3351 526 3701 591 agnoscebat.

2145 619 2200 672 In
2230 618 2579 673 Germaniam
2606 626 2661 670 ct
2688 615 3004 686 Hesperiam
3036 617 3203 670 totius
3224 617 3572 684 episcopatus
3596 622 3700 677 pri-

2145 723 2344 763 matum
2376 721 2428 762 et
2477 708 2911 776 superioritatem
2962 704 3259 777 usurpabat
3308 706 3509 761 Roma.
3570 706 3703 764 llinc

2146 802 2233 854 illa
2256 800 2565 855 ditecescon
2614 799 2941 864 distributio,
2966 808 3125 861 taste,
3162 799 3343 866 pallia,
3373 810 3477 852 rte.

2214 892 2353 946 Ibid.
2404 893 2735 959 Νόσεργον,
2794 890 3133 959 Ἀμπέργον.
3188 891 3414 945 Nomina
3491 894 3708 947 urbium

2148 984 2350 1037 misere
2404 984 2587 1036 habita
2626 1002 2639 1037 :
2676 985 2881 1051 quippe
2932 981 3135 1037 Graecis
3196 982 3509 1037 hominibus
3560 985 3706 1036 dictu

2145 1077 2460 1145 scriptoque
2517 1076 2672 1145 plane
2737 1074 3068 1127 difﬁcillima.
3144 1072 3197 1125 ln
3257 1082 3496 1126 mentrm
3568 1075 3708 1126 venit

2147 1169 2343 1224 similis
2381 1171 2531 1223 locus
2566 1167 2864 1235 Benjamini
2921 1166 3242 1220 Tmlelensis
3293 1167 3345 1219 in
3405 1164 3710 1225 ltinerario,

2146 1276 2253 1330 qua
2278 1273 2430 1329 parte
2455 1260 2804 1315 Germaniam
2828 1257 3063 1328 attingit,
3095 1273 3255 1326 quant
3287 1258 3416 1312 olim
3445 1259 3721 1331 Asc/ienan

2148 1354 2345 1407 dictam
2369 1354 2509 1420 apud
2534 1368 2663 1406 suos
2686 1361 2853 1412 notat.
2877 1352 2944 1405 de
2965 1367 3072 1418 quo
3097 1350 3257 1405 Drus.
3283 1364 3299 1403 I
3324 1350 3709 1413 Anintadrers.,

2149 1460 2272 1513 cap.
2302 1444 2390 1497 41.
2428 1444 2521 1496 lla:
2550 1458 2688 1502 sunt,
2731 1443 2911 1511 inquit.
2938 1443 3045 1506 ille,
3079 1442 3218 1511 apud
3252 1439 3587 1495 Germaniam
3627 1456 3710 1491 re-

2149 1539 2345 1607 giones,
2400 1538 2453 1589 in
2490 1537 2674 1606 quibus
2704 1534 3071 1588 Israelitarum
3113 1534 3332 1602 collegia
3364 1546 3508 1593 sunt,
3552 1532 3709 1600 juxta

2151 1628 2370 1696 ﬂuvium
2400 1625 2673 1679 Mosellam
2702 1637 2748 1679 et
2772 1623 3139 1693 Komphilinas
3172 1623 3587 1686 (Conﬂuentiam
3632 1624 3711 1674 in-

2152 1718 2366 1786 telligit)
2399 1729 2447 1770 et
2474 1717 2778 1780 0drancah,
2803 1731 2853 1769 et
2876 1716 3054 1781 Knna,
3087 1725 3135 1768 et
3168 1714 3417 1769 Kotania.
3443 1724 3489 1769 et
3523 1714 3709 1784 Binga,

481 1823 755 1887 leguntur,
778 1816 944 1868 tidem
979 1820 1218 1865 nostram
1254 1806 1415 1862 hodie
1462 1811 1572 1862 fere
1596 1817 1874 1877 superant.
1906 1804 2046 1861 'Vide
2078 1817 2120 1871 Β
2148 1818 2197 1862 et
2219 1808 2506 1863 Garmezza
2538 1808 2959 1877 (Germersbeim
2998 1806 3149 1876 puto)
3182 1816 3231 1859 et
3261 1807 3610 1859 Mastheram.
3650 1805 3714 1858 Et

471 1912 629 1981 Lips.
673 1918 881 1965 centur.
917 1910 970 1971 '5,
997 1906 1154 1974 epist.
1186 1902 1275 1959 59.

543 2002 687 2055 Jbid.
733 1996 1081 2066 Εὑνομεῖται
1129 1996 1166 2062 ἡ
1206 1993 1374 2061 ιχόῃοα
1418 1991 1566 2057 αὕτη
1615 1990 1902 2057 μάλιστα.
1943 1988 2049 2042 Re-

484 2096 615 2164 petit
676 2094 779 2146 hoc
844 2090 987 2143 infra
1052 2101 1174 2141 mox
1223 2103 1236 2139 :
1291 2085 1619 2153 Εὐνομείται
1677 2083 1912 2152 pilis-ra
1982 2081 2047 2151 δὴ

484 2186 652 2238 ξυνὼν
703 2178 776 2235 ὦν
814 2183 972 2252 ἡμεῖς
1007 2179 1186 2246 ἴσμεν.
1229 2175 1431 2229 Eni-as
1478 2174 1693 2243 Sylvius
1726 2176 1778 2227 itt
1817 2172 2052 2225 ‘Germa-

485 2282 593 2343 nia,
622 2294 739 2344 cap.
771 2275 879 2329 68:
928 2271 1162 2325 Vidimus
1207 2269 1413 2337 judicia
1463 2276 1632 2319 vestra
1669 2283 1689 2321 :
1712 2278 1760 2319 et
1800 2265 2050 2317 conciliis

493 2373 682 2426 vestris
733 2384 848 2435 qua:
891 2364 1157 2429 republica
1188 2362 1521 2431 gerebantur,
1561 2361 1756 2427 sepius
1806 2357 2049 2423 interfui-

486 2478 621 2515 mus.
662 2458 852 2511 Omnia
884 2463 933 2507 et
968 2452 1256 2522 prudenter
1291 2460 1341 2502 et
1373 2448 1602 2517 graviter
1631 2447 2049 2507 administratis,

487 2569 580 2607 nec
618 2550 777 2620 facile
816 2565 847 2600 a
886 2557 1026 2600 recto
1092 2542 1304 2596 tramite
1358 2539 1724 2607 deﬂectimini.
1763 2536 1874 2589 Nec
1909 2536 2051 2589 vobis

487 2647 663 2699 ciuiles
697 2644 854 2711 leges,
902 2654 994 2690 nec
1023 2637 1153 2705 jura
1201 2634 1389 2685 desunt
1449 2628 1781 2698 pontiﬁcalia
1817 2646 1832 2682 :
1862 2630 2053 2680 littertc

485 2752 706 2805 quoque,
742 2742 788 2786 et
825 2730 1005 2784 omnia
1047 2729 1304 2780 bonarum
1336 2724 1536 2775 artium
1570 2721 1750 2774 studia
1782 2721 1922 2788 apud
1964 2735 2052 2770 tos

485 2829 697 2898 ﬂorent.
730 2824 795 2877 At
828 2822 957 2876 olim
994 2818 1300 2873 Germaniae
1336 2816 1486 2867 nulla
1519 2830 1548 2866 a
1581 2829 1635 2866 re
1664 2814 1843 2865 minus
1871 2811 2051 2864 laudis

489 2930 629 2980 erat,
658 2930 821 2985 quam
862 2927 894 2964 ιι
954 2908 1185 2978 legibus.
1216 2906 1347 2960 Nam
1383 2919 1501 2973 qua:
1549 2911 1839 2971 supersunt
1884 2915 2055 2954 tzusca}

492 3011 756 3079 majorum
788 3013 1093 3057 nostrorum
1125 2999 1291 3065 leges,
1336 2995 1493 3065 plane
1535 2995 1671 3047 inter
1706 2994 1877 3062 prima
1916 2992 2052 3046 Ger-

492 3116 717 3156 manica:
744 3092 1085 3164 antiquitatis
1117 3099 1467 3143 monumenta
1498 3087 1807 3149 censetnlw,
1839 3086 2044 3138 Alema

490 3198 646 3254 itit-ae,
682 3190 961 3257 Bojaricm,
987 3181 1290 3244 Saxonica,
1312 3178 1604 3242 Francicae,
1636 3190 1689 3231 et
1712 3178 1830 3231 aliae
1861 3193 1876 3243 ;
1916 3192 2051 3245 prae-

490 3298 735 3353 terquam
767 3280 911 3349 quod
940 3268 1130 3330 verbis
1156 3286 1391 3342 asperae,
1420 3272 1580 3324 etiam
1620 3286 1677 3325 re
1698 3272 1811 3338 ipsa
1844 3270 2059 3337 longius

493 3393 523 3431 a
575 3387 789 3428 summa
819 3371 908 3422 illa
935 3366 1188 3436 aequitate
1240 3362 1501 3415 recedunt
1533 3379 1547 3415 :
1581 3372 1839 3429 tauquam
1873 3375 1902 3411 a
1944 3374 2058 3412 nta-

493 3470 684 3523 vortiis
705 3464 957 3536 profecta:
982 3460 1316 3523 nationibus,
1340 3472 1459 3523 qua:
1479 3456 1662 3525 purius
1687 3471 1880 3509 manus
1908 3455 2056 3509 [erro

492 3576 656 3632 quam
688 3574 751 3612 ex
806 3558 929 3625 jure
957 3565 1267 3609 conserere.
1299 3562 1351 3603 et
1384 3549 1436 3601 itt
1468 3549 1844 3601 castrensibus
1890 3548 2057 3601 armis

494 3667 656 3722 quato
684 3644 1023 3715 subtilijuris
1050 3641 1397 3711 indagatione
1417 3653 1640 3708 Operam
1678 3652 1881 3703 ponere
1917 3654 2055 3691 cou-

494 3744 824 3801 suevissent,
852 3748 904 3791 et
936 3736 1018 3806 (ut
1055 3733 1308 3788 Enniano
1342 3732 1507 3783 verbo
1546 3729 1686 3797 utar)
1735 3728 2058 3797 Bellipoten-

494 3855 566 3893 tes
603 3846 753 3893 erant
786 3832 951 3901 magis
1008 3842 1169 3898 quant
1207 3824 1695 3894 sapientiputentes.
1733 3820 2057 3889 Quanquam

495 3945 597 4001 pro
632 3931 734 3981 hat:
787 3927 961 3993 legum
992 3918 1199 3973 incuria
1232 3919 1361 3975 alia.
1394 3924 1446 3969 et
1476 3916 1692 3984 quidem
1718 3912 1913 3980 major,
1952 3914 2057 3968 illis

495 4025 614 4078 laus
649 4016 993 4077 succedebat,
1028 4008 1172 4080 quod
1205 4008 1286 4078 (ut
1317 4006 1539 4061 Tacitus
1590 4007 1686 4075 ait)
1734 4003 1859 4073 plus
1898 4004 2053 4072 apud

494 4116 613 4171 illos
647 4112 768 4166 boni
796 4123 963 4162 mores
1016 4120 1172 4173 quam
1210 4101 1350 4165 apud
1380 4101 1515 4152 alios
1569 4098 1695 4165 ipsa:
1741 4100 1875 4167 leges
1912 4097 2059 4151 uale-

495 4219 631 4263 rent.
671 4206 850 4258 Donec
879 4200 1097 4254 tandem
1146 4194 1277 4249 orbe
1311 4192 1558 4245 Romano
1590 4189 1655 4243 ad
1720 4191 2057 4242 occidentem

500 4303 668 4358 solem
702 4298 949 4359 subacto,
982 4306 1105 4347 cum
1152 4287 1384 4356 imperio
1407 4284 1571 4336 etiam
1601 4285 1744 4351 leges
1801 4291 2057 4347 tanquam

499 4394 644 4449 illius
678 4391 1094 4444 instrumentum
1120 4379 1524 4448 accipiendum,
1558 4390 1734 4444 eoque
1764 4390 1866 4428 ceu
1904 4376 2060 4424 freno

2151 1901 2313 1969 paulo
2344 1909 2465 1968 post
2492 1918 2505 1954 :
2545 1898 2676 1953 Sunt
2699 1908 2949 1967 pra'terea
2978 1898 3305 1951 Astranburk
3337 1902 3499 1968 (forte
3524 1898 3710 1951 Stras-

2151 1993 2393 2061 burguml
2450 2004 2497 2044 et
2536 1991 2892 2045 Davirasburk
2922 1993 3086 2061 (quod
3127 1992 3191 2045 de
3243 1993 3485 2061 Angusta
3529 2002 3714 2045 nostra

2152 2081 2427 2135 Viudelioa
2488 2083 2803 2135 felicissime
2834 2082 3076 2150 exponit,
3120 2083 3377 2135 eximium
3414 2084 3532 2147 eius
3564 2083 3715 2135 colu-

2154 2192 2272 2228 tnen
2308 2183 2361 2227 ct
2390 2176 2555 2228 decus
2582 2172 2657 2226 'M.
2684 2172 2943 2227 ~Ve|serus
2980 2174 3071 2227 lib.
3103 2190 3152 2227 ιιι
3191 2174 3377 2227 Rerum
3416 2172 3645 2229 Vindelic
3673 2179 3711 2242 ),

2150 2275 2197 2319 et
2225 2265 2562 2329 .llandatrah,
2592 2276 2641 2318 et
2670 2263 2998 2335 Pessinghes.
3028 2275 3074 2318 et
3118 2264 3399 2327 Bamburk,
3431 2277 3477 2317 et
3511 2267 3637 2327 Sar,
3667 2280 3716 2318 et

2154 2356 2477 2420 ltasenburk,
2509 2372 2625 2425 qua:
2654 2359 2797 2428 regni
2834 2359 2997 2411 etiam
3028 2358 3147 2426 ﬁnis
3178 2368 3273 2413 est.
3307 2360 3437 2412 tmte
3464 2373 3637 2411 niuem
3669 2372 3716 2410 et

2151 2451 2374 2502 ulterius
2420 2451 2562 2518 regio
2604 2449 2797 2503 Bohem
2842 2461 2941 2511 est,
2972 2467 3087 2521 qum
3121 2468 3254 2504 nunc
3292 2450 3464 2519 Praga
3495 2452 3711 2517 dicitur,

2151 2553 2331 2614 estque
2386 2544 2678 2599 Sclavoniw
2732 2553 2887 2597 terra:
2934 2546 3165 2597 initium.
3205 2543 3363 2598 Forte
3392 2553 3446 2597 et
3494 2546 3717 2613 potule-

2156 2654 2273 2691 rum
2302 2637 2695 2707 civitatumque
2743 2638 2958 2691 nomina
3007 2636 3300 2706 aliquando
3342 2650 3545 2693 mutila
3594 2657 3717 2693 era-

2154 2732 2314 2784 riant.
2354 2730 2491 2795 Quis
2528 2731 2753 2799 populOs
2778 2730 2900 2784 illos
2925 2728 3228 2786 Germania:
3253 2722 3364 2802 jam
3394 2734 3560 2796 novit,
3580 2750 3717 2796 quos

2154 2833 2438 2875 enumerat
2488 2821 2778 2887 Gregorius
2810 2822 2876 2876 lll
2917 2838 3050 2891 papa
3094 2825 3146 2877 in
3172 2825 3404 2893 quadam
3430 2825 3654 2894 epistola
3700 2845 3715 2881 :

2156 2914 2422 2967 Universis
2475 2916 2816 2970 optimatibus
2853 2927 2900 2968 et
2935 2918 3125 2985 populo
3171 2920 3556 2986 provinciarum
3590 2919 3716 2972 Ger-

2156 3007 2367 3069 mania’,
2398 3005 2695 3075 Thuringis,
2724 3017 2772 3060 et
2802 3006 3001 3071 Tltesis,
3034 3020 3081 3061 et
3107 3007 3399 3074 Bartharis,
3426 3019 3474 3063 et
3512 3009 3719 3062 Nistre-

2157 3097 2249 3154 sis.
2291 3093 2602 3159 Unedredis,
2641 3106 2689 3148 et
2728 3095 2977 3165 Lognais,
3010 3097 3296 3163 Sutlnodis,
3330 3099 3718 3162 et'Grasseltis,

2160 3186 2236 3239 uel
2270 3186 2511 3239 omnibus
2540 3186 2596 3239 in
2636 3183 2894 3239 Orientali
2924 3188 3081 3256 plaga
3115 3189 3436 3241 constitutis.
3470 3188 3582 3240 Non
3609 3189 3717 3256 jam

2162 3278 2331 3331 miror
2383 3278 2739 3348 panegyrista:
2775 3292 3057 3341 nauseam,
3094 3277 3369 3332 horrentis
3418 3280 3496 3333 \el
3533 3279 3598 3332 ad
3630 3295 3720 3333 no-

2162 3371 2305 3423 mina
2341 3381 2525 3423 nostra
2563 3388 2577 3423 :
2644 3371 2781 3435 Quid
2831 3385 3106 3422 memorem
3130 3407 3143 3431 ,
3199 3372 3250 3422 in
3276 3373 3372 3437 ptit
3421 3372 3679 3427 Nazarius
3704 3418 3719 3438 ,

2160 3460 2437 3515 Bructeros
2472 3462 2496 3515 ?
2549 3462 2672 3531 quid
2708 3462 3022 3525 Chamanos,
3061 3462 3187 3530 quid
3233 3461 3539 3523 Cheruscos.
3584 3462 3721 3517 Van-

2155 3554 2374 3619 gionas.
2428 3554 2745 3614 Alamanos,
2807 3551 3123 3605 Tubantes?
3172 3552 3428 3606 Bellicam
3488 3565 3723 3623 strepunt

2158 3648 2391 3705 nomina.
2435 3655 2483 3699 et
2516 3647 2819 3699 immanitas
2868 3646 3129 3699 barbarica
3178 3647 3231 3698 iu
3276 3647 3403 3715 ipsis
3461 3651 3720 3703 uocabulis

2158 3738 2371 3791 adhibet
2414 3739 2703 3792 horrorem.

2230 3831 2367 3885 Ibid.
2402 3833 2583 3896 Πόλις
2623 3833 2935 3900 εὐδαίμων.
2970 3833 3306 3901 Εὑδαέμονας
3351 3850 3517 3904 pagos
3548 3851 3679 3903 quos
3703 3866 3718 3876 -

2161 3922 2285 3975 dam
2314 3924 2365 3975 in
2391 3920 2660 3991 Hyrcania
2684 3927 2857 3978 dictos
2889 3925 3157 3978 Diodorus
3182 3927 3393 3987 scribit,
3424 3930 3493 3981 ob
3523 3928 3720 3982 lienam

2159 4013 2500 4082 aliorumque
2524 4013 2808 4069 lructuum
2842 4016 3033 4069 miram
3075 4015 3487 4071 abundantiam.
3525 4018 3721 4071 Εὐδαί-

2164 4106 2545 4175 μονες·χῶραι
2592 4121 2720 4159 sunt
2772 4107 2915 4176 apud
2967 4108 3271 4175 Appianum
3324 4108 3376 4161 in
3435 4110 3719 4164 Parthicis.

2163 4199 2490 4267 Εὐδαίμονες
2551 4199 2742 4253 insulae
2796 4200 2940 4254 circa
3000 4200 3253 4253 Arabiam
3311 4198 3542 4255 Felicem
3594 4213 3723 4255 sunt

2162 4291 2570 4359 Agatharcltidi.
2607 4294 2711 4344 Sed
2739 4302 2789 4345 et
2823 4292 3052 4344 ltotnani
3081 4291 3312 4345 Felicem
3340 4292 3561 4352 Juliam,
3587 4292 3723 4346 Ft-li-

2161 4385 2379 4437 citatem
2399 4381 2627 4447 Juliatu;
2656 4384 2919 4457 colonias,
2943 4383 3111 4447 lacus,
3135 4382 3369 4451 legiones
3396 4384 3569 4437 lelices
3593 4400 3621 4440 ε
3645 4401 3725 4439 tas

498 4489 565 4542 ad
588 4479 1037 4557 provinciasillas
1057 4474 1321 4543 regendas
1351 4470 1607 4523 utendum
1637 4464 1882 4518 arbitrati
1910 4475 2057 4517 sunt.
2095 4491 2138 4545 Ι)
2168 4476 2493 4528 habuerunt.
2514 4474 2627 4527 lzoe
2649 4473 2867 4543 epitheti
2894 4474 3199 4541 Νίκωνι-κω
3214 4474 3485 4529 Luonicus
3512 4478 3595 4529 tri.
3620 4490 3721 4539 un,

506 4556 659 4637 Unde
687 4578 740 4630 in
769 4573 1073 4628 Gothorum
1107 4568 1364 4636 primum,
1399 4561 1520 4613 dein
1553 4556 2058 4625 Langobatdorum,

502 4672 831 4734 tandemque
876 4660 1212 4714 Francorum
1266 4655 1413 4720 leges
1463 4648 1626 4700 multa
1667 4662 1734 4700 ex
1795 4644 2059 4699 Romanis

498 4758 760 4815 translata
793 4752 1079 4805 videmus:
1130 4742 1273 4814 quod
1338 4738 1718 4795 Carolinarum
1758 4736 2058 4807 praesertim

502 4856 679 4922 legum
714 4847 962 4899 volumen
984 4839 1116 4893 satis
1146 4835 1411 4904 loquitur,
1441 4844 1617 4899 neque
1639 4829 1730 4898 jus
1762 4830 1936 4900 ipsum
1964 4827 2061 4882 Sa-

504 4944 759 4999 xonicum
818 4931 1167 4989 dissimulare
1208 4935 1407 4997 potest.
1445 4922 1739 4977 Justiniani
1772 4932 1952 4975 autem
1989 4922 2064 4973 le-

504 5028 1133 5107 gislationcmintegram
1182 5034 1283 5090 per
1310 5017 1471 5069 multa
1528 5015 1721 5069 satcula
1769 5013 2060 5068 Germania

508 5102 616 5180 iion
648 5120 882 5192 agnovit,
917 5116 1024 5168 imo
1066 5126 1166 5165 nec
1192 5108 1384 5162 habuit
1408 5118 1501 5159 aut
1524 5106 1659 5158 vidit
1689 5118 1702 5155 :
1741 5114 1914 5157 utnec
1947 5102 2064 5154 alia:

507 5216 814 5275 Occidentis
847 5205 1158 5279 provincia-,
1190 5200 1335 5270 quod
1371 5198 1500 5251 alibi
1536 5195 2060 5249 demonstravimus.

511 5311 750 5364 Primum
780 5298 1093 5357 Lotbarium
1116 5295 1386 5348 Saxonem
1414 5291 1798 5358 imperatorem
1838 5287 2065 5354 repertis

507 5395 759 5466 Amalplii
795 5393 925 5447 urbe
955 5387 1162 5458 Apulia:
1184 5382 1492 5443 Pandectis,
1515 5380 1606 5448 jus
1633 5377 1766 5431 illud
1802 5376 1852 5428 in
1890 5376 2063 5427 lucem

506 5500 562 5544 et
606 5502 761 5542 usum
780 5495 1064 5537 revocasse
1089 5479 1231 5530 fama
1262 5483 1366 5534 est,
1392 5471 1601 5525 lrucrio
1636 5483 1882 5531 suasore,
1912 5467 2068 5533 cujus

506 5576 888 5651 Urspergensis
944 5569 1211 5633 meminit,
1266 5575 1485 5619 notatus
1528 5574 1582 5615 et
1642 5562 1809 5630 ipsca
1843 5560 2068 5627 Sigonio

505 5650 645 5725 libro
694 5683 781 5723 xlv
836 5666 907 5720 De
942 5679 1097 5731 regno
1141 5659 1266 5713 Ital.
1303 5657 1375 5711 De
1430 5672 1538 5724 quo
1571 5656 1732 5707 etiam
1786 5667 1886 5705 nos
1940 5650 2068 5703 alibi

511 5764 693 5819 latius.

2162 4577 2216 4619 ct
2248 4566 2371 4619 soli.
2407 4563 2559 4619 Unde
2584 4564 2854 4619 aestimare
2880 4565 3023 4626 licet,
3050 4580 3168 4632 qua:
3198 4574 3327 4617 tunc
3358 4574 3614 4635 temporis
3636 4584 3725 4620 ce-

2164 4657 2385 4711 lebrtlas
2410 4668 2465 4711 et
2489 4656 2742 4724 Splendor
2771 4656 2918 4708 urbis
2952 4656 3112 4707 fuerit
3135 4672 3147 4707 :
3174 4671 3295 4723 qua!
3321 4665 3498 4709 tanien
3538 4672 3725 4724 posca

2164 4752 2351 4805 multis
2379 4752 2553 4805 modis
2576 4759 2734 4803 aucta
2758 4759 2807 4802 ct
2826 4746 3541 4817 atnplilicata-est.Prositne
3560 4748 3727 4816 hujus

2164 4859 2335 4896 arvum
2363 4841 2565 4895 zEueas
2599 4840 2818 4911 Sylvius
2864 4840 3162 4892 cardinalis
3195 4840 3461 4893 Senensis
3485 4839 3551 4893 ad
3583 4839 3727 4891 Mar-

2168 4938 2335 4989 tinum
2366 4934 2617 5001 Majorem
2655 4932 2705 4985 .l.
2739 4934 2798 4986 C.
2826 4932 3091 4995 scribens,
3123 4946 3229 4983 non
3266 4931 3441 4995 parcis
3472 4930 3725 4986 laudibus

2165 5026 2513 5096 εᾲδαιμονίαν
2544 5025 2691 5077 illam
2724 5024 2881 5077 nobis
2934 5023 3203 5093 explicat:
3233 5020 3551 5075 Noricorum
3572 5039 3723 5092 oppi-

2166 5121 2310 5179 dum,
2344 5116 2534 5185 inquit.
2564 5115 2779 5180 ﬂumine
2847 5112 3096 5182 Reguisia
3129 5112 3379 5183 (Pegneso
3408 5114 3723 5182 dicendum)

2168 5214 2521 5270 i-uersectum,
2550 5225 2669 5261 nam
2697 5208 2849 5261 hodie
2891 5206 3255 5261 Frnnconibus
3287 5208 3467 5274 datur,
3499 5220 3724 5276 prmer-

2169 5304 2241 5355 ire
2290 5318 2391 5353 non
2460 5316 2755 5368 possumus.
2799 5299 2894 5350 Dic
2934 5314 3178 5367 rogamus
3246 5300 3403 5366 (nam
3436 5300 3559 5351 ltinc
3592 5314 3726 5351 uso-

2177 5411 2288 5447 rcm
2323 5394 2550 5455 duxisti,
2569 5392 2937 5446 custissimam
2965 5406 3119 5458 teque
3148 5405 3211 5443 ac
3234 5388 3563 5459 pulchram),
3585 5406 3729 5459 quic-

2171 5502 2291 5537 nam
2329 5485 2487 5553 facies
2518 5484 2675 5552 hujus
2721 5484 2862 5533 urbis
2886 5483 2911 5533 ?
2936 5481 3026 5549 qui
3059 5479 3325 5547 splendor,
3354 5495 3470 5549 quae
3510 5480 3729 5534 animui-

2173 5591 2271 5639 tas,
2296 5589 2410 5644 qua:
2450 5573 2673 5636 deliciae,
2693 5573 2808 5641 quis
2836 5571 3051 5623 cultus?
3073 5587 3188 5639 qua:
3214 5570 3384 5638 [emta
3416 5571 3680 5639 regiminis
3707 5571 3733 5624 ἲ

2172 5672 2297 5737 quid
2326 5669 2433 5720 illic
2472 5669 2540 5719 ad
2572 5667 2831 5719 ciritatem
2862 5663 3003 5716 omni
3038 5679 3100 5715 es:
3140 5674 3287 5731 parte
3330 5662 3611 5732 perfectura
3635 5666 3732 5718 dc-

2177 5762 2407 5815 sidcrare
2433 5760 2689 5825 quisuimn
2724 5758 2947 5812 potuerit
2978 5758 3001 5810 .’
3034 5755 3164 5822 Quis
3191 5756 3505 5810 venientibus
3555 5752 3732 5809 Frun-
