4026 6204
298 271 404 335 561

1798 272 2032 336 NOTrE.

3416 272 3518 336 562

298 384 454 435 conia
515 381 754 450 inferiori
811 393 863 434 es
925 385 1109 449 procul
1176 386 1528 452 spectantibus
1572 386 1685 453 ejus
1715 383 1853 437 urbis
1887 386 1932 440 Α
1963 384 2277 454 loaginquis
2305 384 2578 439 celebris:
2629 382 2848 438 hederis
2884 381 3162 438 llansatici
3215 382 3381 452 (quod
3428 400 3519 435 vo-

300 484 567 541 aspectus,
602 490 716 541 qua:
747 473 998 541 mojestas
1028 476 1047 530 .'
1077 478 1212 545 quod
1236 477 1391 531 decus
1422 478 1484 530 ab
1506 490 1655 531 extra
1692 477 1857 529 visen-

305 567 461 626 tibus,
508 567 627 635 quis
672 567 817 620 intus
870 570 1010 619 nitor
1066 569 1387 634 platearum.
1439 586 1554 633 qua:
1583 571 1858 623 domorum

304 656 625 711 munditia!
658 656 800 723 Quid
838 658 896 712 S.
931 658 1144 713 Sebaldi
1199 660 1387 727 templo
1419 662 1857 730 magniﬁcentius.

306 752 425 817 quid
481 749 811 817 splendidius
846 749 912 805 D.
946 750 1221 805 Laurentii
1269 752 1528 806 delubro?
1573 753 1711 816 Quid
1742 769 1861 805 arce

308 839 447 904 regia
484 840 565 891 vel
623 841 899 908 superbius
924 842 1002 895 vel
1031 844 1289 897 munitius
1317 844 1341 896 ?
1369 844 1494 912 quid
1527 844 1695 912 fossa.
1730 844 1860 914 quid

312 929 562 982 omnibus
596 928 855 984 illustrius
884 931 907 983 ?
941 933 1079 997 Quot
1118 934 1189 986 ibi
1240 937 1425 988 civium
1459 937 1596 988 cedes
1633 938 1864 989 invenias

313 1019 519 1087 regibus
543 1020 764 1090 dignas!
792 1022 1048 1092 Cuperent
1076 1037 1182 1080 tam
1208 1028 1398 1096 egregii
1415 1026 1690 1081 Sectarum
1722 1045 1863 1099 reges

316 1126 469 1175 quam
520 1113 799 1166 medioeres
859 1113 1229 1186 Nurimbergte
1254 1118 1387 1171 cives
1416 1118 1678 1172 habitare.
1718 1120 1862 1173 Idem

319 1204 371 1254 in
413 1201 620 1271 Europa
648 1220 769 1274 cap.
791 1206 880 1269 39,
912 1218 1195 1277 postquam
1243 1209 1588 1276 disceptavit.
1624 1210 1864 1265 Franco-

322 1294 424 1347 uire
470 1311 535 1348 an
588 1295 831 1351 Bavarias
868 1300 943 1352 sit
975 1301 1351 1357 accenseuda‘:
1416 1300 1528 1370 Ipsi
1558 1301 1865 1356 Norimber-

319 1400 494 1438 aenses
525 1403 618 1439 nec
670 1387 935 1457 Bajoarii,
996 1407 1088 1443 nec
1124 1390 1419 1446 Francones
1469 1392 1633 1446 videri
1660 1393 1865 1455 volunt,

313 1478 404 1529 sed
435 1478 649 1531 tertium
679 1480 945 1547 quoddam
965 1492 1270 1550 separatum
1293 1499 1477 1552 genus.
1519 1481 1653 1538 Urbs
1679 1501 1736 1537 ea
1771 1502 1868 1539 no-

316 1567 433 1621 l'ilis
471 1569 769 1637 magniﬁcis
800 1571 1047 1638 operibus
1080 1573 1301 1640 publicis
1331 1590 1395 1628 ac
1428 1576 1647 1641 privatis
1683 1588 1870 1629 ornata

312 1667 385 1710 est
415 1674 435 1713 :
467 1676 620 1712 amne
675 1659 921 1729 Regnitio
954 1662 1332 1727 interlabente,
1390 1665 1445 1715 in
1475 1680 1602 1732 agro
1630 1665 1799 1718 sterili
1819 1674 1869 1719 et

319 1765 529 1803 arenosa
556 1752 771 1803 condita
793 1767 812 1803 :
847 1762 1003 1820 atque
1026 1754 1086 1805 ob
1110 1770 1229 1807 eam
1282 1770 1388 1807 rem
1418 1756 1747 1810 industrioso
1776 1772 1868 1825 po-

321 1842 460 1906 pulo.
491 1841 675 1897 Omnes
708 1846 844 1897 enim
870 1855 961 1898 aut
992 1847 1201 1915 opiﬁces
1220 1859 1363 1912 sunt,
1384 1858 1476 1900 aut
1497 1850 1864 1918 negotiatores.

326 1932 461 1985 Hinc
516 1935 691 1988 multa
746 1937 854 1989 illis
891 1939 1113 2003 divitias,
1157 1950 1205 1991 et
1233 1957 1479 2007 magnum
1504 1941 1554 1993 in
1587 1940 1869 1997 Germania

327 2040 526 2080 nomen.
578 2026 856 2092 Aptissima
905 2030 1281 2097 imperatorum
1318 2032 1483 2094 sedes,
1523 2030 1686 2084 libera
1720 2032 1867 2092 urbs.

333 2127 383 2169 et
412 2120 463 2169 in
505 2120 663 2170 medio
695 2120 859 2189 ferme
914 2120 1211 2176 Germania:
1231 2122 1354 2175 sita.
1418 2122 1522 2176 Sed
1553 2122 1722 2178 latius
1745 2139 1865 2176 eam

320 2209 570 2264 describit
592 2208 827 2265 Joannes
845 2212 1126 2267 Corblzeus
1161 2213 1417 2280 Noricus,
1442 2215 1495 2267 in
1521 2214 1871 2283 Descriptione

321 2299 589 2363 fierinam,
617 2320 664 2357 ρ.
699 2303 753 2365 4,
772 2313 879 2360 etc.
913 2304 1202 2359 Conradus
1226 2306 1404 2360 Celtes
1437 2305 1744 2372 Protacius,
1768 2305 1869 2360 He-

321 2392 525 2462 Iiusque
575 2395 828 2451 Eobanus
891 2396 1114 2460 llessus,
1178 2408 1370 2468 poetic,
1403 2399 1871 2470 singularibus“-

332 2484 488 2547 bcllis,
523 2485 611 2540 hic
644 2503 826 2551 versu,
858 2488 948 2542 ille
971 2505 1152 2558 prosa,
1180 2489 1553 2544 celebrandam
1585 2490 1689 2545 sibi
1721 2505 1872 2544 sum-

335 2586 559 2641 p-erunt.
586 2576 692 2631 Sed
738 2577 865 2633 Julii
900 2578 1134 2634 Cmsaris
1166 2578 1451 2648 S‘caligeri,
1482 2580 1651 2633 divini
1695 2580 1873 2633 homi-

331 2669 422 2730 nis,
481 2684 681 2723 aureos
733 2671 799 2724 de
828 2686 890 2725 ea
930 2687 1122 2725 versus
1173 2671 1424 2724 omittere
1481 2670 1584 2724 boc
1616 2671 1735 2723 loco
1765 2686 1872 2724 non

325 2772 563 2821 Possm",
638 2760 832 2828 dignos
885 2775 1022 2827 quos
1084 2760 1167 2813 vel
1203 2758 1562 2813 describendo
1606 2757 1874 2813 ediscam-

324 2848 376 2902 In
409 2849 658 2914 Urbibus,
688 2854 937 2907 lemmate
971 2850 1336 2921 Nuremberga
1372 2869 1389 2910 :

386 2984 523 3039 Diva
568 2988 698 3040 mihi
723 2990 943 3042 extremi
978 2989 1049 3042 da
1098 3003 1313 3040 munera
1342 3001 1494 3039 sacra
1520 2983 1738 3045 laboris,

469 3054 588 3108 Non
611 3068 779 3111 tamen
812 3070 1040 3112 extremo
1069 3059 1432 3124 conspicienda
1459 3056 1595 3107 loco.

390 3125 493 3180 Sed
535 3128 668 3179 velut
700 3129 922 3180 abducto
954 3145 1265 3181 veneramur
1298 3130 1351 3180 in
1384 3127 1565 3178 ordine
1595 3127 1801 3188 caelum,

466 3196 567 3249 Hic
596 3197 685 3251 ubi
724 3211 927 3252 natura:
961 3199 1063 3263 ﬁne
1087 3199 1273 3265 quievit
1305 3213 1457 3265 opus.

398 3266 518 3319 Non
550 3281 691 3335 potes
716 3271 953 3322 wtttereis
983 3268 1233 3321 deducere
1261 3266 1467 3321 sedibus
1495 3274 1664 3326 astra,

471 3339 702 3391 lnrenies
730 3338 824 3390 tibi
860 3356 975 3407 qua;
997 3336 1196 3390 Norica
1225 3350 1362 3390 terra
1395 3335 1564 3407 dabit.

402 3410 553 3460 Hunc
585 3408 681 3460 sibi
714 3405 988 3476 corruptas
1012 3421 1177 3460 terras
1214 3409 1414 3460 Astrtca
1440 3405 1741 3473 relinquens

479 3478 648 3530 Fatali
676 3481 863 3530 statuit
898 3480 1015 3531 sede
1046 3488 1214 3529 tenere
1236 3476 1426 3530 locum.

409 3550 539 3615 Quis
567 3559 703 3616 putet
733 3549 974 3615 horrifico
1005 3550 1232 3603 sociatos
1267 3546 1435 3599 Marte
1464 3546 1736 3601 Cumaeans
1758 3545 1785 3595 7

475 3616 637 3671 Sacra
672 3631 841 3670 tamen
866 3620 1055 3681 duplex
1083 3631 1312 3684 tempora
1337 3618 1520 3669 laurus
1548 3616 1675 3669 obit.

404 3689 595 3741 Martis
620 3690 748 3740 habe
777 3697 825 3739 et
852 3688 1032 3741 Plu-tbi
1054 3687 1227 3755 felicia
1258 3698 1489 3754 tempora
1515 3686 1659 3739 laute
1680 3703 1699 3739 .'

469 3759 765 3825 Sanctaque
788 3760 855 3809 sit
893 3756 1065 3811 valido
1094 3757 1284 3824 foedere
1311 3757 1489 3819 iuncta
1522 3758 1672 3824 ﬁdes.

401 3830 658 3883 Omnibus
684 3845 747 3880 ea:
774 3829 888 3881 istis
925 3844 983 3881 ne
1011 3839 1087 3889 tu,
1116 3842 1178 3878 ne
1210 3828 1494 3892 dempseris
1527 3844 1709 3884 unum.

471 3900 677 3952 Addere
706 3900 827 3967 quin
856 3899 1033 3966 potius
1077 3899 1251 3950 omnia
1286 3913 1497 3965 magna,
1531 3908 1677 3949 tuam
1703 3908 1801 3951 est.

397 4038 560 4104 Quod
600 4045 783 4092 autem
829 4035 1036 4089 Norica!
1096 4035 1247 4089 urbis
1289 4035 1575 4086 ἰσοδίαιτον
1629 4033 1894 4102 εὐνομίαν

323 4133 608 4186 Laonicns
634 4140 688 4185 et
717 4130 1031 4200 reipublicae
1082 4128 1312 4182 foratum
1367 4124 1585 4197 Sylvius
1615 4141 1895 4180 commen-

316 4230 489 4290 dant,
546 4224 935 4293 sullragantem
979 4238 1043 4277 ex
1099 4221 1504 4275 recentioribus
1528 4218 1895 4287 scriptoribus

1960 475 2137 541 catur)
2162 476 2445 529 civitatum
2481 475 2642 530 hodie
2674 484 2857 544 caput.
2895 476 3092 530 Eadem
3121 474 3276 530 sedes
3305 477 3520 545 cpisco-

1961 568 2099 637 palis
2128 568 2254 621 olim
2280 567 2402 630 fuit,
2428 577 2482 621 et
2502 568 2741 621 Ecclesia
2766 569 3189 635 Hamburgensis
3221 567 3521 636 antiquitus

1962 661 2278 728 metropolis
2308 661 2554 714 omnium
2592 661 3045 729 Aquilonarium:
3083 662 3148 714 de
3187 676 3294 728 quo
3327 661 3521 715 Crant-

1962 752 2077 805 zius
2109 753 2164 805 in
2199 750 2499 816 Metropoli.
2548 751 2700 818 Quod
2736 762 2915 806 autem
2960 751 3231 807 Laonicus
3281 752 3347 805 iis
3394 753 3524 805 civi-

1966 841 2167 896 tatibus
2201 858 2322 911 qua:
2354 842 2614 912 ἀρχιερέα
2656 843 2908 905 habeant,
2960 843 3308 910 Noribergam
3360 846 3521 895 etiam

1964 942 2233 997 accenset.
2264 934 2510 989 fallitur:
2566 952 2687 988 nam
2722 937 3035 1005 episc0pum
3072 937 3345 1005 proprium
3386 952 3525 987 nun-

1965 1036 2128 1091 quam
2184 1023 2398 1085 ltabuit,
2447 1024 2669 1079 dioecesi
2717 1024 3101 1093 Bambergensi
3160 1026 3405 1087 inclusa,
3465 1031 3524 1076 ut

1968 1112 2187 1183 Sylvius
2225 1115 2415 1169 scribit
2460 1116 2510 1168 in
2547 1114 2774 1185 Europa:
2811 1122 2986 1185 capite
3016 1116 3104 1170 59.

2037 1250 2155 1306 Col.
2193 1250 2257 1302 77
2287 1249 2348 1303 Β.
2402 1248 2565 1317 Ἀμφὶ
2604 1248 2712 1315 τὰς
2750 1248 3084 1314 διακοσίας.
3134 1247 3203 1303 Ut
3243 1248 3522 1302 minimam

1968 1342 2211 1410 quidem.
2242 1339 2400 1394 Certe
2430 1355 2599 1409 prope
2633 1348 2915 1400 centenas,
2948 1341 3138 1394 saltem
3177 1339 3485 1404 imperiales
3508 1380 3523 1402 ,

1970 1439 2253 1486 enumerat
2285 1431 2563 1484 Matricula
2597 1435 2738 1501 (quin
2763 1434 3011 1499 vocatur)
3042 1430 3277 1499 imperii.
3312 1428 3527 1493 Dequi-

1970 1521 2069 1574 bus
2104 1520 2175 1572 ita
2204 1519 2403 1574 lEneas
2445 1520 2497 1572 in
2528 1518 2811 1573 Germania
2845 1536 2863 1574 :
2895 1518 3147 1574 Civitates
3195 1521 3350 1573 etiam
3398 1536 3528 1588 quas

1972 1620 2157 1664 vocant
2184 1611 2396 1671 liberas,
2453 1610 2589 1678 quod
2620 1611 2923 1676 imperatori
2950 1610 3118 1665 solum
3155 1610 3527 1678 subjiciuntur,

1898 1703 2122 1770 Bcujus
2173 1702 2362 1771 jugum
2424 1703 2595 1755 instar
2661 1713 2734 1755 est
2801 1702 3083 1755 libertatis.
3134 1701 3242 1755 Nec
3301 1701 3530 1769 profecto

1970 1807 2190 1861 usquam
2222 1793 2453 1861 gentium
2502 1800 2647 1843 tanta
2683 1792 2898 1844 libertas
2925 1800 3021 1855 est,
3052 1802 3249 1857 quanta
3282 1792 3532 1859 fruuntur

1969 1885 2330 1954 hujuscemodi
2356 1885 2614 1937 civitates.
2651 1883 2788 1935 Nam
2826 1884 3005 1950 populi
3030 1899 3155 1952 quos
3193 1881 3323 1935 Itali
3353 1890 3532 1933 rorant

1970 1973 2183 2036 liberos,
2220 1974 2271 2025 hi
2304 1973 2576 2039 potissime
2609 1972 2861 2032 serviunt,
2898 1974 3004 2025 sive
3045 1972 3283 2025 Venetias
3314 1982 3529 2038 spectes.

1972 2067 2077 2118 sive
2107 2063 2454 2127 Florentium,
2486 2074 2579 2116 aut
2618 2062 2786 2117 Senos
2810 2079 2828 2115 :
2875 2062 2930 2115 in
2964 2063 3150 2132 quibus
3176 2064 3309 2115 cives
3343 2074 3535 2131 prater

1971 2173 2165 2227 paucos
2194 2157 2283 2227 qui
2307 2155 2529 2225 reliquos
2555 2156 2773 2219 ducunt,
2798 2153 2910 2208 loco
2935 2155 3313 2222 mancipiorum
3340 2154 3535 2205 haben-

1971 2258 2057 2302 tur
2089 2264 2243 2303 :cum
2270 2265 2359 2301 nec
2389 2249 2537 2302 rebus
2560 2248 2672 2300 suis
2695 2247 2772 2300 uti
2804 2259 2859 2299 ut
2888 2246 3033 2310 libet,
3066 2246 3143 2299 vel
3175 2245 3279 2313 fari
3308 2248 3534 2298 audeo-tt

1971 2354 2088 2407 qua:
2124 2338 2308 2404 velint,
2345 2349 2392 2392 et
2428 2338 2752 2408 gravissimis
2795 2340 3163 2406 opprimantur
3198 2338 3537 2403 pecuniarum

1973 2432 2352 2485 exactionibus.
2374 2432 2523 2500 Apud
2542 2429 2825 2485 Germanos
2846 2431 3021 2484 omnia
3044 2431 3167 2485 laeta
3192 2438 3337 2492 sunt,
3358 2430 3536 2481 omnia

1966 2523 2409 2592 jucundamemo
2429 2526 2539 2578 suis
2560 2527 2800 2591 privatur
2814 2522 2959 2577 bonis
2984 2539 3001 2577 :
3030 2523 3175 2576 salva
3221 2524 3404 2586 cuique
3440 2538 3539 2573 sua

1976 2616 2368 2670 luereditasest.
2427 2615 2580 2671 Nulli
2637 2617 2738 2669 nisi
2796 2614 2997 2668 nocenti
3051 2615 3389 2684 magistratus
3450 2628 3514 2664 no

1975 2716 2231 2760 cent:nec
2266 2706 2403 2773 apud
2434 2705 2557 2760 illas
2604 2706 2882 2775 factiones,
2945 2705 3080 2757 sicut
3110 2702 3251 2771 apud
3269 2700 3434 2753 Italas
3458 2714 3544 2750 ur-

1977 2798 2061 2852 bes
2085 2808 2414 2867 grassantur.
2438 2796 2570 2852 Sunt
2591 2808 2765 2850 autem
2788 2812 2947 2863 supra
2964 2805 3168 2848 centum
3193 2794 3423 2846 civitates
3446 2791 3541 2841 hac

1978 2890 2213 2944 libertate
2227 2890 2456 2959 fruentes
2480 2904 2499 2944 :
2522 2905 2641 2942 nam
2663 2898 2711 2942 et
2733 2891 2783 2942 in
2798 2887 2998 2949 Rheno.
3015 2896 3062 2940 et
3082 2888 3132 2939 in
3156 2884 3394 2937 Danubio
3414 2881 3545 2935 ntul-

1981 2993 2045 3040 ta:
2060 2994 2180 3037 sunt
2204 2999 2221 3037 :
2244 2992 2291 3037 et
2322 2984 2455 3035 mari
2477 2982 2750 3051 proximae,
2778 2999 2905 3049 quas
2929 2980 3192 3049 appellant
3220 2976 3497 3046 Stagnales
3523 2991 3540 3027 :

1979 3075 2379 3144 quamplurima:
2406 3082 2453 3127 et
2484 3076 2538 3127 in
2588 3073 2985 3126 mediterraneis
3012 3086 3033 3134 ,'
3096 3068 3217 3121 alia:
3246 3082 3361 3134 qua:
3386 3063 3547 3117 simul

1984 3168 2260 3235 ftederatte
2291 3167 2520 3235 injurias
2550 3165 2843 3235 principum
2869 3162 3096 3229 propriis
3130 3160 3293 3212 armis
3328 3157 3548 3225 propul-

1983 3262 2121 3309 sant.
2165 3253 2267 3307 Sed
2299 3253 2428 3322 quid
2471 3253 2535 3305 de
2568 3261 2784 3306 centum
2830 3250 3058 3303 urbibus
3111 3246 3392 3301 dicimus?
3423 3260 3546 3297 cum

1984 3354 2201 3399 centum
2240 3360 2404 3415 pagos
2447 3345 2686 3413 integros
2744 3342 2939 3395 Suevia
2969 3341 3081 3393 sive
3106 3338 3380 3392 Alemauia
3408 3337 3541 3387 olim

1988 3439 2253 3498 habuerit.
2309 3438 2522 3493 Caesare
2573 3446 2627 3490 et
2658 3436 2848 3491 Tacito
2891 3433 3145 3488 testibus.
3220 3430 3293 3483 De
3345 3429 3549 3500 quibus

1988 3532 2313 3601 scripsimus
2342 3532 2394 3585 in
2425 3530 2630 3600 Origin.
2651 3528 2914 3594 Palatin.,
2948 3542 3073 3596 cap.
3097 3526 3153 3582 5.

2072 3667 2209 3722 Ibid.
2259 3668 2357 3732 Ἐς
2404 3662 2767 3731 τυραννίδας
2822 3661 3002 3732 τρεῖς,
3058 3660 3192 3715 Mira
3252 3657 3557 3714 Germanias

1990 3760 2225 3822 divisio,
2273 3774 2435 3826 quam
2496 3773 2601 3811 non
2647 3757 2812 3812 credo
2856 3754 2993 3809 alibi.
3028 3753 3168 3823 apud
3224 3766 3553 3819 quemquam

1993 3854 2309 3923 scriptorem
2349 3850 2606 3920 reperiri;
2639 3847 2945 3915 etalioquin
2971 3847 3184 3900 etiamsi
3215 3859 3320 3896 non
3353 3842 3557 3909 inepta.

1993 3953 2140 3998 certe
2157 3943 2412 4002 obseura,
2460 3940 2590 4008 ipsis
2628 3938 2914 3991 Germanis
2944 3936 3034 3988 vix
3084 3932 3434 4001 intelligenda
3466 3940 3560 3983 aut

1997 4034 2311 4089 divinanda.
2371 4032 2499 4096 Quae
2543 4029 2688 4085 enim
2731 4028 2832 4082 ista
2866 4023 3354 4093 Etzilia?Aqni|eia
3390 4021 3559 4086 enim,

1995 4137 2048 4182 et
2075 4127 2313 4192 Augusta
2346 4122 2540 4183 Acilia,
2570 4136 2705 4189 quas
2722 4119 3017 4174 Clauserus
3046 4116 3316 4183 interpres
3337 4115 3389 4166 in
3416 4130 3560 4167 mar-

1997 4220 2121 4289 gine
2162 4216 2390 4277 notavit,
2415 4214 2576 4268 urbes
2598 4222 2747 4273 sunt.
2768 4227 2873 4263 non
2910 4207 3252 4279 praefectura:
3278 4214 3371 4260 aut
3408 4205 3562 4273 prin-

321 4319 542 4368 babent
573 4292 838 4367 Bodinum
876 4312 950 4365 De
990 4312 1263 4379 republica
1288 4310 1428 4365 libro
1467 4327 1522 4375 ιι,
1559 4324 1681 4379 cap.
1713 4308 1765 4371 6,
1806 4308 1895 4360 ubi
1922 4372 1955 4379 __
2003 4310 2215 4379 cipatus
2252 4326 2266 4362 :
2309 4308 2475 4362 sedet
2507 4304 2672 4370 hujus
2704 4317 2900 4356 nomen
2930 4301 3135 4355 dudum
3205 4296 3458 4351 exolevit.
3509 4292 3564 4346 Si

320 4406 754 4475 magistratuum
787 4404 1156 4459 etolliciorum
1193 4404 1416 4456 ordines
1447 4405 1634 4470 (quam
1665 4400 1894 4469 liquido,
1922 4372 1972 4430 ID
2001 4372 2130 4469 quid
2168 4398 2476 4466 conjectare
2518 4396 2621 4449 hoc
2654 4395 2775 4447 loco
2835 4391 2959 4446 licet
2991 4389 3101 4460 (ubi
3163 4397 3342 4443 autem
3395 4384 3567 4455 magis

318 4514 449 4551 non
472 4495 673 4566 dicam)
702 4498 949 4566 exponit:
984 4504 1043 4549 et
1068 4496 1402 4563 Stephanum
1438 4493 1714 4557 Pighium.
1786 4494 1900 4544 ele-

315 4587 716 4651 gatttissimtnu
782 4586 1133 4654 scriptorem,
1204 4583 1256 4635 in
1324 4581 1551 4636 Hercule
1610 4580 1900 4645 Prodicio,

320 4695 463 4745 pag.
500 4677 625 4738 “6A,
658 4693 849 4746 titagna
882 4692 1087 4746 magiae
1115 4675 1267 4729 urbis
1287 4677 1479 4727 decora
1499 4674 1662 4741 digno
1689 4673 1902 4725 calamo

318 4777 761 4834 exsequentem:
828 4770 919 4836 qui
970 4776 1198 4835 uterque
1251 4765 1590 4816 eruditorum
1645 4762 1903 4815 manibus

326 4870 623 4914 teruntur.
656 4857 843 4928 Neque
886 4859 1068 4927 plures
1103 4858 1429 4911 illustrando
1453 4856 1553 4909 soli
1581 4853 1725 4907 iaces
1751 4854 1907 4906 adbi-

326 4954 480 5004 bere
505 4950 723 5003 animus
748 4958 854 5012 est,
880 4958 976 5003 aut
998 4949 1171 5002 locus.

412 5061 537 5113 (Iul.
572 5061 636 5113 77
672 5060 730 5112 Β.
779 5059 1131 5128 Ἀμπέργον.
1178 5056 1439 5123 Amberga
1473 5052 1789 5122 metropolis
1826 5059 1910 5105 est

322 5154 681 5207 I’alatinatus
714 5150 1017 5221 superioris
1051 5150 1103 5203 in
1138 5148 1387 5210 Bavaria,
1414 5147 1632 5215 elegans
1655 5157 1708 5199 et
1731 5143 1910 5212 ampla

319 5243 593 5300 avitas:
650 5242 742 5297 sed
798 5243 946 5295 nullo
1004 5251 1183 5295 tamen
1240 5240 1401 5293 modo
1446 5252 1571 5290 cum
1615 5234 1910 5302 Nuriberga

321 5344 537 5408 (quam
586 5338 806 5391 codices
858 5347 967 5390 tres
1005 5335 1235 5389 Palatini
1287 5336 1387 5387 hoc
1432 5332 1552 5385 loco
1601 5337 1915 5383 constanter

330 5430 631 5498 Νὔὸεργον
685 5430 970 5492 scribunt)
1027 5434 1122 5480 aut
1175 5424 1471 5494 Argentiua
1531 5421 1911 5478 coalcrenda:

329 5539 528 5588 "mlite
561 5537 657 5587 par
690 5522 816 5583 illis,
855 5535 1027 5588 neque
1058 5518 1318 5571 secunda.
1359 5515 1545 5569 Melius
1585 5515 1763 5581 itaque
1791 5526 1915 5563 cum

336 5624 647 5679 ηηυνιηόῑε
683 5611 1039 5679 llamburgum
1079 5608 1505 5663 intellexerimus
1531 5647 1543 5668 ,
1583 5620 1701 5672 qua:
1728 5602 1918 5655 civitas

336 5714 435 5759 (ξι
470 5706 671 5759 divitiis
699 5705 998 5768 splendi-Ia,
1038 5704 1540 5770 pupltlopotrns,ct
1574 5695 1919 5751 commerciis

2005 4492 2226 4561 impune
2253 4485 2500 4552 licebit?)
2526 4501 2623 4556 pro
2651 4481 2958 4552 Ἐτςιλείης
2988 4479 3319 4536 substituere
3342 4477 3567 4546 gestiam

2015 4583 2296 4654 Ἐλὸετίης
2321 4583 2405 4637 vel
2472 4578 2805 4649 Ἐλουετίης.
2836 4576 3208 4631 Helvetiorum
3236 4581 3383 4626 certe
3440 4584 3571 4640 gens

2005 4680 2072 4731 ab
2096 4676 2241 4731 omni
2269 4689 2406 4740 sevo,
2436 4672 2529 4727 illa
2583 4672 2747 4726 etiam
2782 4678 3120 4739 tempestate,
3155 4665 3347 4719 robore
3381 4671 3433 4716 et
3463 4661 3573 4712 vir-

2008 4778 2118 4822 tute
2136 4770 2278 4821 inter
2307 4746 2607 4819 Germanos
2624 4760 2783 4815 facile
2802 4761 2995 4829 prima.

2078 4908 2215 4961 Ibid.
2264 4903 2641 4970 ’onatplac.
2696 4898 2871 4967 Hujus
2922 4895 3246 4964 metropolin
3303 4892 3568 4944 Vit-unam

2006 5001 2118 5070 jam
2153 5013 2314 5066 supra
2373 4995 2546 5064 tetigit
2597 4992 2868 5047 Laonieus
2902 5006 2916 5042 :
2948 4999 3003 5044 et
3045 4990 3157 5057 ipsa
3202 4983 3415 5037 Austri.
3457 4992 3571 5031 Im"

2013 5092 2231 5152 ﬂorens,
2265 5087 2448 5157 plures
2473 5085 2587 5154 jam
2619 5087 2897 5152 Augustos
2945 5079 3063 5132 orbi
3098 5076 3407 5129 Christiano
3438 5072 3576 5124 tule-

2014 5192 2117 5239 rat.
2146 5188 2201 5234 et
2226 5188 2337 5232 tum
2378 5191 2556 5231 rerum
2589 5175 2882 5244 patientem
2915 5170 3348 5235 Sigismundum.
3550 5173 3553 5176 ‘

2087 5316 2219 5369 Ibid.
2269 5312 2502 5379 Βλένης
2538 5311 2647 5377 τῆς
2686 5308 2807 5362 ἅνω
2856 5301 3187 5369 Γερμανίας
3230 5295 3575 5367 γενομένης.

2018 5410 2147 5477 Quae
2202 5407 2303 5460 ista
2363 5402 2578 5457 Blena‘t
2628 5399 2864 5452 Bleunus
2927 5395 3040 5461 ipse
3096 5400 3287 5443 auctor
3353 5397 3574 5445 noster,

2019 5513 2071 5556 et
2112 5503 2155 5555 si
2196 5499 2320 5567 quis
2367 5495 2417 5550 ci
2478 5492 2639 5547 ﬁdem
2686 5491 2862 5542 habet.
2924 5486 2986 5536 Et
3032 5482 3307 5535 Bavariam
3360 5477 3577 5545 quidm“

2024 5597 2203 5664 (quam
2234 5592 2535 5646 Clauscrus
2608 5585 2661 5636 in
2712 5579 2958 5647 matgino
2990 5574 3153 5641 notat)
3184 5573 3410 5625 lilu-nter
3458 5570 3583 5622 hinc

2025 5662 2409 5755 essentlpercm
2468 5696 2481 5732 :
2532 5680 2575 5733 si
2613 5676 2743 5731 satis
2797 5680 2940 5726 esset
2979 5669 3203 5737 primam
3249 5675 3302 5718 et
3345 5662 3584 5715 ultimum
