4026 6204
477 295 576 356 563

1694 317 1799 374 MA
1813 319 2155 389 HQUARDI
2200 326 2543 385 FREHERI

3609 326 3719 389 £64

478 414 761 513 atriusque
792 420 945 513 vocis
998 421 1234 478 litteram
1284 428 1596 483 convenire.
1638 430 1745 485 Sed
1800 444 1857 487 et:
1911 436 2049 488 ami-
2076 450 2119 502 Α
2155 439 2226 492 De
2245 440 2372 509 imp.
2393 440 2684 511 Rom.cap.
2710 442 2809 496 ult.
2834 462 2847 498 ε
2870 444 3201 513 Conﬁdenter
3220 443 3423 511 loquor,
3441 443 3484 496 si
3504 438 3716 496 Cerata-

478 522 569 563 cos
632 508 685 564 in
737 512 1029 567 consilium
1097 515 1244 570 misi.
1295 518 1451 573 Alius
1490 534 1587 587 pro
1611 522 1814 592 Βλένης
1866 529 2046 584 mallet

479 603 690 674 Βοέμης
727 604 809 659 vel
839 605 1097 673 Βοεμίας,
1155 625 1319 679 quam
1379 614 1566 669 nescio
1622 633 1689 671 an
1743 617 2047 677 Germania:

477 696 747 751 ascribere
802 696 1068 754 voluisset
1115 700 1393 759 Laonicus
1432 722 1447 761 :
1480 707 1619 762 alius
1667 710 1898 780 Βελγίης
1965 716 2049 768 vel

479 787 726 855 Βελγεας,
747 806 852 845 non
888 792 1187 849 abludeute
1216 793 1542 855 Germanico
1558 804 1779 859 nomine
1809 804 2050 877 Fleming

478 882 545 934 ab
582 880 684 936 ista
720 882 919 955 Βλένῃ,
942 887 990 941 si
1020 886 1152 943 illud
1196 904 1353 959 aeque
1382 895 1727 960 conveniret,
1781 898 1883 967 τῆς
1938 900 2051 953 ἀνω
2126 900 2130 913 '

477 972 785 1042 Γερμανίας
808 979 1130 1049 γενομένης.
1155 980 1422 1052 Equidem
1443 985 1622 1040 locum
1642 980 2043 1044 conclamatum

476 1067 621 1133 quod
654 1069 783 1125 olim
810 1074 973 1141 agris
1000 1073 1305 1143 desperatis
1325 1075 1504 1133 facere
1520 1080 1790 1143 solebant,
1817 1083 1869 1136 in
1891 1084 2053 1139 trivio

477 1160 695 1230 depono
734 1181 748 1217 :
774 1174 828 1215 et
856 1164 1095 1234 publica
1130 1167 1318 1236 pietati
1372 1180 1465 1225 aut
1497 1170 1732 1228 lor-tuna!
1753 1191 1870 1230 suae
1901 1192 2055 1230 com-

481 1253 656 1309 mitto.

550 1394 669 1449 Col.
705 1394 771 1448 77
794 1396 863 1453 ε.
898 1399 948 1451 Γ
949 1396 1088 1465 brae
1131 1401 1311 1455 τοῦτο
1328 1402 1500 1473 μέγα.
1519 1404 1641 1460 Toti
1662 1407 1809 1462 enim
1833 1410 2060 1465 Triones

482 1489 571 1555 {ut
601 1485 858 1544 Sidonius
891 1491 1155 1563 loquitur)
1187 1494 1242 1548 lu
1264 1495 1407 1552 hanc
1426 1498 1615 1555 eﬂ‘usi:
1638 1517 1765 1557 vere
1787 1503 2057 1560 olllcinam

481 1581 749 1640 gentium.
784 1581 1054 1641 Nazurius
1115 1587 1169 1641 in
1220 1590 1492 1662 Panegyr.
1520 1595 1587 1647 ad
1635 1593 2057 1653 Constantinum

481 1670 764 1731 Malam
818 1676 872 1728 in
891 1674 1053 1731 latere
1096 1676 1397 1736 Galliarum
1450 1694 1542 1738 aut
1574 1685 1628 1740 in
1656 1688 1775 1741 sinu
1829 1700 1917 1742 tuo
1943 1690 2062 1758 fusa

480 1768 769 1837 Barbaria,
800 1788 890 1837 per
919 1789 973 1827 se
1005 1775 1126 1844 ipsa
1182 1786 1363 1845 potens
1403 1780 1567 1846 natio,
1617 1790 1667 1834 et
1704 1792 1820 1850 post
1854 1781 2051 1837 Roma-
2086 1796 2125 1851 Β

482 1880 603 1915 nam
630 1866 1045 1935 magnitudinem
1069 1870 1123 1921 in
1158 1870 1309 1925 terris
1335 1874 1583 1926 secunda.
1611 1873 1784 1930 Locus
1802 1876 2051 1945 insignis,

483 1965 536 2007 ιιι
582 1957 647 2009 ad
679 1956 983 2014 Germaniae
1023 1960 1285 2016 honorem
1358 1965 1572 2029 unicus,
1622 1967 1709 2021 cui
1751 1968 2051 2022 secundum

483 2048 709 2105 Latinus
736 2052 898 2106 ltomn
920 2054 1101 2108 locum
1122 2056 1327 2111 tribuat
1360 2074 1389 2112 a
1424 2057 1616 2122 Roma,
1644 2061 1732 2114 cui
1756 2062 1899 2115 alius
1924 2075 2053 2129 pro-

486 2142 734 2197 \‘incialis
755 2144 891 2199 nihil
914 2144 1117 2212 simile,
1136 2146 1273 2202 nihil
1295 2151 1593 2204 secundum
1612 2152 2053 2207 assentabundus

482 2235 712 2290 dixerat.
741 2236 844 2292 Sed
865 2254 1053 2293 vereor
1076 2240 1261 2311 lupum
1290 2242 1462 2296 cauda
1488 2244 1678 2305 teneri,
1703 2252 1758 2299 et
1781 2245 2054 2300 hanclau-

485 2329 605 2381 rtem
641 2329 795 2383 nobis
818 2341 1084 2387 extortam
1124 2335 1188 2388 iri
1230 2350 1260 2388 a
1284 2331 1467 2397 Persis
1506 2351 1523 2387 εκ
1545 2336 1745 2409 quibus
1762 2352 1869 2390 non
1891 2339 2055 2407 paulo

487 2422 794 2490 promptius
846 2423 947 2479 hoc
985 2425 1217 2494 elogium
1266 2424 1501 2485 thtllsSCl
1562 2430 1723 2483 homo
1752 2424 2053 2493 Romanus,

485 2532 645 2570 uuam
681 2517 989 2587 Germanis,
1016 2522 1102 2589 qui
1126 2521 1330 2588 absque
1349 2522 1503 2590 justo
1529 2523 1835 2593 principatu
1858 2524 2057 2579 distra-

484 2609 556 2662 «ῑί
591 2610 641 2662 in
674 2611 859 2679 plures
890 2622 1098 2681 gentes,
1131 2613 1385 2683 interque
1410 2630 1469 2675 se
1495 2615 1794 2670 discordes.
1821 2613 1887 2668 Et
1914 2614 1957 2670 si
1985 2630 2052 2671 ex

486 2701 651 2755 ειιιὶιιιί
686 2703 789 2757 mei
826 2707 1095 2759 sententia
1144 2722 1325 2775 roger,
1362 2722 1484 2762 cum
1531 2720 1812 2776 posu-emo
1846 2708 2056 2764 editore

489 2806 592 2843 non
626 2790 836 2848 lurrens
864 2795 933 2847 ita
981 2796 1157 2865 legam
1188 2815 1201 2851 :
1232 2797 1382 2850 J’acet
1438 2799 1492 2850 in
1549 2798 1711 2853 latere
1760 2798 2057 2854 Galliarum

486 2883 649 2936 autin
672 2884 792 2936 sinu
812 2894 899 2939 tuo
918 2885 1037 2953 fusa
1053 2887 1333 2941 Barbarie.
1359 2888 1556 2959 Persw,
1577 2890 1691 2957 ipsa
1712 2898 1890 2956 potens
1912 2890 2061 2945 natio.

485 2986 533 3030 et
575 2988 692 3044 post
722 2977 1017 3033 Romanam
1056 2981 1476 3051 magnitudinem
1511 2986 1563 3035 in
1603 2983 1761 3039 terris
1800 2984 2058 3049 secunda,

486 3070 780 3124 amicitiam
812 3081 985 3139 tuam,
1026 3070 1368 3129 Constantine
1399 3073 1653 3139 Maxime,
1716 3092 1821 3130 non
1883 3076 2055 3131 minus

487 3164 685 3231 trepide
713 3180 876 3234 quam
914 3164 1217 3220 amabiliter
1240 3166 1553 3237 petiuerunt.
1604 3166 1770 3220 Nulla
1802 3168 1857 3222 in
1908 3169 2062 3225 terris
2090 3163 2133 3222 C

487 3270 593 3312 tam
618 3262 769 3327 [eros
796 3260 948 3314 natio
971 3273 1070 3328 est,
1099 3276 1216 3331 qua
1246 3270 1295 3314 te
1320 3277 1425 3315 non
1474 3270 1673 3315 metuat
1696 3271 1789 3317 aut
1844 3262 2059 3337 diligat.

490 3352 602 3409 ηοω
633 3354 793 3411 modo
820 3354 1045 3422 pulchre
1067 3365 1121 3409 et
1150 3354 1439 3417 verborum
1466 3365 1747 3412 structura
1776 3366 1832 3413 et
1866 3371 2064 3413 sensus

486 3456 758 3503 constant.
786 3445 891 3502 Sed
928 3456 983 3502 et
1011 3447 1269 3501 Germani
1308 3461 1433 3502 cum
1477 3446 1696 3503 Parthis
1725 3458 1824 3504 aut
1880 3447 2064 3503 Persis

489 3541 807 3608 plerumque
836 3538 990 3608 juugi
1019 3539 1196 3594 solent
1223 3556 1237 3592 :
1276 3540 1492 3609 utrique
1514 3541 1701 3595 hostes
1727 3541 1910 3610 populi
1956 3541 2066 3596 Ro-

489 3630 635 3683 mani
663 3630 701 3684 l.
721 3629 935 3694 Hostes,
954 3632 1044 3686 ιιι.
1077 3628 1140 3685 Π.
1162 3631 1226 3685 de
1242 3642 1380 3698 capt.
1404 3631 1706 3701 etpostlim.
1729 3631 2064 3688 Themistius

487 3722 736 3774 «ratione
770 3719 836 3774 V.
864 3719 923 3775 lu
954 3722 1198 3781 nummis
1244 3719 1483 3777 Victoria
1520 3724 1719 3777 visitur
1757 3722 2066 3777 inscribens

486 3816 681 3883 clypeo
710 3813 906 3882 palmas
950 3811 1113 3868 afﬁxo
1161 3825 1177 3865 :
1218 3809 1334 3868 Vtc.
1379 3811 1514 3869 Gen.
1571 3824 1626 3869 et
1683 3813 1739 3868 in
1772 3812 1915 3878 aliis,
1944 3810 2065 3866 για.

485 3904 617 3963 Ρη.

558 4046 695 4100 Ibid.
731 4044 981 4100 Σκυθῶν
1016 4040 1136 4099 τῶν
1164 4043 1455 4112 Νομάδων
1488 4044 1791 4113 δεύτερον.
1826 4042 1988 4098 Hisce
2010 4052 2065 4098 et

498 4138 700 4193 Strabo
733 4137 1040 4194 Germanos
1070 4147 1357 4207 comparat
1391 4138 1486 4194 lib.
1512 4154 1587 4194 vn
1624 4160 1637 4195 :
1671 4136 1863 4208 Τροφὴ
1890 4137 1934 4189 δ’
1958 4135 2068 4189 ἀπὸ

486 4231 597 4285 τῶν
639 4231 972 4301 Θρεμμάτων
1003 4235 1036 4302 ἡ
1074 4232 1326 4300 πλείστη,
1365 4230 1510 4286 καθά
1542 4249 1646 4285 που
1676 4234 1787 4295 τοῖς
1820 4228 2065 4299 Νομάσι,

486 4324 617 4379 ὥστ’
652 4326 893 4388 ἐκείνους
920 4322 1251 4396 μιμούμενοι
1297 4334 1408 4380 etc.

560 4488 700 4543 Ibid.
737 4491 806 4542 Ei
852 4485 1036 4542 ταυτὸ
1084 4487 1361 4557 φρονοίη,
1394 4486 1492 4543 καὶ
1539 4487 1641 4556 ὑφ’
1684 4486 1775 4541 ἑνὶ
1821 4488 2067 4559 ἄρχοντι

493 4585 759 4650 ἡγεμόνι.
786 4581 992 4637 IEueas
1009 4581 1227 4653 Sylvius
1251 4583 1304 4634 in
1326 4580 1632 4643 Germania,
1655 4594 1777 4649 cap.
1799 4578 1901 4634 72:
1935 4579 2064 4635 Plu-

490 4676 756 4726 rotitatcm
792 4674 1086 4743 principum
1147 4673 1444 4742 philosophi
1484 4673 1764 4725 abhorrent
1798 4687 1817 4725 :
1884 4689 1973 4726 vos
2004 4690 2066 4728 ea

490 4768 751 4837 gaudetis.
783 4766 924 4820 Nam
948 4765 1186 4837 quamvis
1210 4766 1576 4834 imperatorem
1605 4774 1653 4818 et
1683 4780 1851 4835 regem
1884 4774 1935 4818 et
1966 4765 2065 4818 do-

493 4858 691 4911 mittunt
717 4869 947 4911 vestrum
978 4874 1087 4911 esse
1128 4856 1392 4925 fatemini,
1455 4855 1695 4927 precario
1754 4866 1929 4909 tamen
1978 4856 2068 4910 ille

491 4955 751 5020 imperare
777 4951 999 5015 videtur,
1031 4949 1180 5003 nulla
1211 4949 1326 5018 ejus
1352 4949 1587 5017 potentia
1613 4957 1714 5004 est.
1765 4948 1997 5003 Tantum
2016 4950 2070 5003 ei

490 5044 685 5113 paretis
705 5052 962 5114 quantum
984 5043 1165 5107 uultis,
1192 5043 1346 5097 uultis
1362 5054 1542 5096 autem
1559 5041 1857 5099 minimum.
1879 5040 2067 5095 Liber-

492 5155 575 5193 tas
601 5138 845 5192 omnibus
873 5138 929 5190 in
948 5137 1213 5190 communi
1253 5137 1448 5205 placet,
1470 5150 1633 5200 neque
1682 5134 1946 5199 ciuitates,
1980 5150 2071 5188 ne-

488 5250 587 5300 que
621 5233 904 5301 principes,
931 5230 1070 5301 quod
1102 5246 1259 5283 suum
1308 5238 1385 5283 est
1432 5228 1738 5294 imperatori
1789 5228 2068 5297 praebent:

491 5324 642 5378 nulla
665 5324 746 5377 illi
766 5321 1064 5393 vectigalia,
1082 5321 1285 5374 nullum
1310 5321 1579 5373 aerarium.
1600 5318 1834 5389 Quisque
1857 5332 1969 5371 sua:
1992 5318 2069 5371 rei

491 5422 796 5475 moderator
823 5429 873 5472 et
903 5418 1101 5471 arbiter
1136 5432 1245 5470 esse
1275 5416 1404 5469 vult.
1438 5415 1572 5469 Hinc
1612 5414 1891 5468 discordia:
1934 5417 2070 5467 inter

494 5529 579 5565 vos
607 5511 823 5570 crebrae,
857 5520 906 5564 et
936 5509 1154 5563 assidua
1191 5508 1346 5574 bella.
1376 5518 1694 5577 grassantur
1725 5527 1742 5561 :
1777 5523 1843 5562 ea;
1878 5507 2067 5578 quibus

494 5605 999 5673 rapiuw,incendia,
1032 5602 1220 5665 ca’des,
1254 5612 1303 5657 ct
1337 5602 1477 5657 mille
1510 5602 1770 5655 malorum
1801 5611 2068 5671 eritergunt

493 5716 680 5765 geriem
718 5699 1201 5768 :quemadmodum
1229 5700 1297 5751 ibi
1347 5699 1658 5752 intervenire
1710 5714 1916 5753 necesse
1969 5708 2066 5761 est,

494 5792 751 5847 ubivtura
769 5794 1105 5848 dominantur
1128 5791 1325 5845 capita.
1354 5789 1543 5847 l’ctrus
1587 5790 1651 5847 dc
1686 5788 1863 5845 Andlo
1918 5789 2015 5846 lib.
2052 5804 2068 5844 ι

2151 532 2206 584 ni
2224 534 2486 602 principes
2525 535 2854 600 imperatori,
2881 545 3135 606 tanquam
3173 536 3429 588 advocato
3468 534 3718 589 Ecclesia:

2151 625 2375 690 ﬁdeliter
2423 628 2749 687 assisterent.
2781 638 2934 695 prout
2990 628 3308 697 temporibus
3351 628 3583 697 antiquis
3606 644 3721 681 (Ott-

2151 730 2446 784 sueuerunt,
2492 721 2662 773 omnis
2695 722 2933 788 profecto
2963 731 3192 787 potestas
3222 721 3497 773 contraria
3526 721 3724 772 videre-

2154 822 2242 864 tur
2271 829 2454 880 parra.
2486 813 2629 865 Tunc
2664 830 2765 866 non
2796 814 2964 866 solum
2991 811 3215 869 Gracia.
3247 813 3337 865 sed
3369 812 3634 881 Ᾰῖςιμῃιηε
3674 823 3723 863 et

2153 898 2403 955 Citaldtea
2428 902 2865 963 contremisceret,
2902 920 2963 955 ac
2989 904 3188 955 ultima:
3211 903 3440 967 regiones
3499 899 3728 955 Sarace-

2155 1009 2348 1045 norum
2376 994 2719 1062 trepidarent.
2752 994 3109 1047 Protendente
3128 1010 3307 1058 nempe
3325 993 3505 1059 aquila
3532 992 3727 1045 Roma-

2158 1102 2341 1138 norum
2374 1085 2438 1138 ab
2478 1084 2689 1155 EurOpa
2718 1086 2833 1139 alas
2863 1104 3010 1146 suos.
3045 1103 3136 1141 nec
3161 1091 3450 1156 gryphones
3471 1087 3612 1142 Asia:
3644 1098 3727 1138 at-

2157 1196 2253 1247 que
2293 1179 2483 1248 Africa;
2516 1180 2651 1232 satis
2681 1191 2811 1233 tuta:
2842 1190 3015 1233 erunt.

2226 1308 2343 1364 Col.
2369 1310 2433 1364 ’Π
2465 1310 2522 1365 n.
2553 1309 2695 1367 Οὔτε
2716 1312 2889 1368 σείει.
2924 1312 3064 1367 idem
3089 1290 3158 1367 de
3186 1312 3359 1367 Gallia
3389 1312 3581 1365 scribit
3614 1313 3725 1367 rn-

2162 1403 2307 1457 nius.
2330 1400 2512 1456 Terrae
2541 1411 2721 1457 motus
2741 1414 2919 1457 tamen
2959 1403 3222 1472 plurimos
3242 1404 3479 1457 Annales
3499 1403 3729 1457 subinde

2162 1496 2446 1560 adnatant,
2485 1496 2578 1549 sed
2609 1496 2869 1550 nimirum
2909 1497 3317 1565 frequentiores
3348 1508 3401 1552 et
3438 1498 3731 1552 vellemet»

2165 1589 2329 1643 tiores
2354 1590 2405 1642 in
2438 1589 2571 1644 Asia
2597 1599 2652 1644 et
2682 1588 2925 1656 Oriente,
2956 1591 3045 1645 ubi
3094 1592 3343 1647 civitates
3364 1591 3527 1646 etiam
3591 1593 3727 1645 inte-

2166 1696 2290 1752 gras
2318 1692 2595 1738 evertunt.

2230 1815 2370 1873 Ibid.
2420 1820 2803 1873 Πολιτεύεται
2853 1823 3004 1875 κατὰ
3048 1823 3238 1877 ταῦτα
3294 1823 3612 1893 Ῥωμαίοις.
3652 1824 3731 1877 Ita

2158 1909 2480 1978 jamdudum
2512 1913 2775 1983 Agatbias
2808 1914 2871 1968 de
2908 1913 3135 1969 Francis
3171 1933 3185 1969 :
3231 1916 3341 1968 Καὶ
3376 1916 3622 1984 πολιτείᾳ
3653 1917 3730 1976 ὡς

2159 2001 2229 2054 τὰ
2256 1999 2424 2054 πολλὰ
2450 2002 2689 2072 χρῶνται
2730 2003 3031 2075 Ῥωμαϊκῇ,
3060 2006 3153 2059 καὶ
3181 2007 3364 2075 νόμοις
3391 2008 3499 2068 τοῖς
3524 2008 3727 2068 αὐτοῖς,

2160 2093 2256 2144 καὶ
2279 2092 2345 2144 τὰ
2365 2092 2504 2148 ἄλλα
2525 2097 2725 2162 ὁμοίως
2747 2096 2890 2165 ἀμφί
2914 2114 2969 2149 τε
2995 2097 3062 2150 τὰ
3084 2114 3147 2149 συ
3158 2097 3387 2166 μόόλαια
3408 2099 3503 2152 καὶ
3523 2099 3731 2167 γάμους

2162 2184 2256 2237 καὶ
2283 2184 2384 2256 τὴν
2405 2185 2499 2238 τοῦ
2532 2187 2676 2239 θείου
2698 2186 2996 2258 θεραπείαν
3027 2187 3362 2258 νομίζουσιν.
3390 2188 3448 2245 Et
3483 2197 3539 2241 ut
3569 2190 3732 2245 altius

2162 2285 2274 2325 rem
2300 2283 2634 2342 repetamus,
2668 2274 2864 2332 Florus
2894 2277 2989 2331 lib.
3034 2295 3109 2343 iv,
3143 2293 3263 2348 cap.
3299 2280 3365 2334 l2
3404 2298 3417 2333 :
3448 2277 3621 2335 Mores
3642 2296 3732 2335 no-

2162 2372 2298 2419 stros
2328 2369 2495 2437 magis
2529 2386 2690 2438 quant
2717 2387 2871 2424 arma
2892 2377 2988 2425 sub
3012 2372 3326 2442 imperatore
3348 2373 3521 2430 Druso
3560 2392 3732 2430 susce-

2161 2467 2370 2526 perant.
2405 2457 2467 2512 Et
2506 2474 2634 2515 vere
2653 2475 2716 2514 ex
2742 2462 3022 2531 perpetuis
3083 2478 3207 2517 cum
3263 2464 3527 2520 Romanis
3573 2466 3733 2521 bellis

2162 2565 2395 2620 quaeque
2418 2551 2688 2606 accedunt
2748 2553 3138 2624 legationibus,
3162 2555 3487 2623 foederibus,
3521 2560 3652 2628 quin
3682 2572 3734 2614 et

2163 2644 2529 2706 commerciis,
2567 2645 2797 2699 multum
2828 2647 3063 2702 subinde
3095 2659 3149 2703 et
3174 2654 3240 2704 ad
3272 2650 3512 2721 linguam
3579 2662 3633 2707 et
3657 2655 3734 2707 vi—

2163 2742 2274 2789 tam
2296 2732 2552 2789 Germani
2592 2745 2899 2793 traxerunt.
2934 2738 3077 2804 Quid
3116 2740 3260 2809 quod
3287 2752 3341 2796 et
3390 2740 3641 2796 deducta:
3677 2741 3732 2795 in

2164 2835 2382 2882 nostras
2404 2843 2533 2884 oras
2560 2828 2935 2884 Romanorum
2971 2832 3222 2897 colonia,
3276 2842 3328 2887 et
3368 2849 3463 2904 per
3520 2848 3732 2891 connu-

2164 2917 2250 2972 bia
2276 2918 2471 2973 mistus
2493 2922 2745 2991 sanguis,
2800 2933 2856 2978 et
2908 2925 3201 2994 exportati'
3232 2924 3458 2980 Romam
3509 2927 3732 2997 captivi,

2165 3011 2307 3066 servi
2337 3027 2355 3066 ε
2383 3013 2657 3079 stipendia
2682 3016 2825 3086 apud
2855 3006 3134 3073 Romanus
3180 3017 3442 3074 facientes
3508 3020 3732 3079 milites.

2167 3103 2473 3174 principum
2508 3107 2792 3174 satellites,
2824 3124 3168 3165 communem
3220 3111 3509 3180 utriusque
3555 3112 3735 3181 gentis

2165 3196 2407 3266 linguam
2439 3198 2720 3270 vitamque
2751 3202 3019 3257 iecerunt.
3048 3200 3161 3258 Nec
3183 3203 3359 3259 solum
3383 3206 3438 3259 in
3467 3203 3735 3260 Romanis

2166 3288 2465 3359 provinciis
2519 3290 2775 3347 Germani
2832 3294 3103 3367 indigenis
3156 3294 3373 3351 misceri
3429 3307 3735 3366 creperum,

2166 3383 2260 3437 sed
2296 3399 2424 3439 vero
2456 3383 2511 3440 in
2537 3385 2656 3456 ipsa
2685 3384 3003 3453 Germania,
3051 3390 3355 3459 przesertim
3416 3389 3560 3445 circa
3595 3390 3738 3444 limi-

2170 3481 2273 3541 tes,
2295 3472 2525 3531 Romani
2552 3478 2764 3535 nostris
2792 3494 3114 3537 assuescere
3141 3480 3473 3537 didicerunt.
3495 3479 3649 3537 Unde
3681 3483 3735 3536 in

2170 3570 2559 3625 vetustissimis
2584 3570 2797 3640 legibus
2828 3573 3044 3641 patriis,
3103 3571 3282 3629 Salica
3349 3574 3432 3629 tit.
3463 3574 3554 3641 i3,
3592 3573 3623 3643 ᾗ
3657 3576 3733 3631 7;

2170 3658 2231 3714 Si
2258 3658 2528 3718 Romanus
2551 3665 2705 3718 homo
2731 3681 3024 3734 possessor,
3049 3667 3103 3720 id
3157 3667 3349 3739 estqui
3367 3685 3449 3723 res
3488 3670 3543 3723 in
3598 3686 3734 3740 pago

2169 3754 2260 3807 ubi
2281 3754 2592 3821 cammanet,
2622 3759 2865 3830 proprias
2904 3762 3158 3829 possidet,
3213 3761 3418 3815 occisus
3472 3762 3653 3831 laterit,
3686 3761 3737 3815 is

2167 3845 2258 3913 qui
2290 3862 2409 3901 eum
2438 3850 2692 3904 occidisse
2737 3853 3090 3917 convincitur,
3148 3870 3201 3908 tv
3262 3854 3385 3907 den.
3454 3853 3735 3920 culpabilis

2163 3938 2459 4005 judieelur.
2485 3939 2546 3996 Si
2572 3944 2689 4011 quis
2724 3942 3021 3998 Romanum
3076 3946 3413 3999 tributariam
3462 3947 3736 4007 occiderit,

2171 4043 2305 4099 etc.,
2360 4044 2415 4089 et
2448 4036 2570 4092 aliis
2608 4039 2812 4107 passim
2846 4055 2860 4095 :
2896 4038 2958 4093 Si
2979 4037 3247 4093 Romam
3296 4040 3472 4103 homo,
3520 4048 3624 4093 etc.
3678 4036 3739 4092 Si

2178 4127 2410 4182 Francus
2441 4131 2617 4196 homo,
2642 4140 2749 4186 etc.
2777 4130 2987 4196 Quibus
3009 4132 3143 4201 ipsis
3175 4132 3229 4187 in
3257 4132 3463 4203 legibus
3489 4147 3623 4186 sane
3648 4146 3742 4185 ve-

2172 4222 2514 4287 tustissimis,
2540 4234 2738 4294 praeter
2760 4225 2903 4295 quod
2928 4224 3125 4280 Latino
3178 4233 3458 4296 utcunque
3481 4239 3738 4280 sermone

2170 4316 2386 4386 scriptae
2407 4326 2557 4383 sunt,
2592 4320 2877 4388 complura
2908 4319 3074 4374 etiam
3109 4318 3346 4376 subinde
3377 4319 3544 4373 veluti
3570 4319 3739 4373 vesti-

2171 4405 2256 4475 gia
2284 4408 2553 4464 etductus
2584 4424 2614 4463 a
2642 4407 2900 4465 Romanis
2916 4408 3172 4465 derivatis
3193 4408 3421 4478 justitize
3439 4410 3741 4464 observare

2171 4497 2320 4563 licet.
2356 4500 2595 4559 Tandem
2628 4517 2820 4559 everso
2859 4512 2913 4557 et
2936 4502 3148 4572 direpto
3179 4518 3273 4573 per
3300 4503 3599 4558 Germanas
3641 4519 3743 4555 na-

2175 4594 2351 4650 tiones
2375 4595 2625 4665 itnperio,
2642 4594 2828 4663 Gothi,
2844 4595 3213 4666 Longobardi,
3231 4595 3449 4659 Franci,
3465 4593 3746 4649 Romano-

2171 4702 2291 4742 rum
2328 4696 2383 4742 et
2418 4688 2653 4743 victores
2674 4698 3121 4751 etsuccessores,
3165 4703 3347 4744 mores
3399 4704 3619 4758 quoque
3651 4705 3751 4742 eo-

2171 4796 2317 4846 rum,
2352 4781 2507 4847 ritus,
2536 4782 2915 4847 caeremonias,
2939 4782 3227 4844 formulas,
3285 4793 3339 4837 et
3372 4782 3447 4835 nil
3479 4798 3587 4834 non
3641 4782 3749 4836 sibi

2170 4872 2694 4943 assumpserunt.Et
2724 4884 2842 4943 post
2868 4875 2970 4929 hos
2994 4873 3109 4928 veri
3142 4872 3219 4927 illi
3259 4871 3541 4938 Germani,
3577 4873 3746 4926 ειη»νὶ

2170 4964 2395 5033 inquam
2436 4975 2490 5019 et
2537 4965 2810 5031 Saxones,
2844 4980 2968 5019 cum
2998 4981 3154 5036 reges
3187 4964 3506 5020 etCtessres
3547 4963 3748 5019 Roma-

2171 5072 2364 5113 norum
2398 5058 2671 5122 audirent,
2701 5068 2936 5112 veterem
2969 5058 3111 5111 illam
3169 5056 3434 5113 Latialem
3490 5058 3748 5126 majesta-

2171 5158 2280 5203 tem
2311 5159 2366 5204 et
2400 5150 2732 5205 cothurnum
2766 5150 2915 5205 omni
2952 5150 3137 5205 studio
3189 5150 3516 5206 allectabant
3544 5167 3558 5204 :
3590 5160 3649 5203 ut
3676 5150 3745 5204 de

2171 5238 2387 5296 Othone
2418 5241 2485 5295 ΙΙΙ
2523 5243 2657 5310 imp.
2694 5239 2972 5296 Dittnarus
3016 5242 3330 5299 scribitlib.
3370 5258 3444 5307 tv,
3493 5240 3744 5311 antiquas

2173 5328 2598 5383 consuetudines
2626 5328 2997 5385 Romanorum
3060 5332 3169 5400 jam
3220 5346 3287 5386 ex
3347 5342 3502 5401 parte
3551 5346 3745 5401 magna

2173 5421 2379 5477 deletas
2413 5434 2788 5488 remeantem,
2827 5422 3090 5494 pleraque
3131 5422 3198 5476 ad
3263 5434 3507 5479 veterum
3545 5424 3749 5495 princi-

2174 5530 2301 5584 pum
2336 5514 2695 5569 imitationem
2726 5514 2921 5570 l'ccissc
2952 5532 2967 5569 ε
3012 5515 3146 5570 adeo
3179 5525 3238 5569 ut
3291 5516 3455 5571 etiam
3485 5518 3553 5571 ad
3583 5534 3746 5572 men-

2174 5622 2291 5661 Sant
2332 5610 2382 5659 in
2421 5605 2826 5659 setnicirculuut
2870 5606 3161 5660 formatam
3192 5607 3379 5678 (quam
3431 5606 3617 5678 Signia
3644 5626 3743 5663 ve-

2158 5708 2317 5755 teres
2356 5699 2717 5767 vocaltaut)et
2751 5698 2984 5753 editiore
3022 5700 3142 5753 loco
3179 5701 3409 5768 positam
3482 5700 3634 5755 solus
3662 5716 3750 5756 sc-

2174 5790 2344 5845 dcrct.
2380 5787 2563 5853 Neque
2591 5788 2694 5845 alia
2716 5802 2883 5844 causa
2912 5787 3154 5853 linguam
3188 5788 3352 5843 ctiam
3408 5787 3659 5843 Latinam
3685 5788 3743 5844 in
