4026 6204
287 286 383 346 585

1778 291 2024 354 ΝΟἮΕ.

3411 275 3518 342 566

288 395 530 451 omnibus
564 394 801 464 publicis
824 396 1036 452 actibus
1064 404 1118 450 et
1147 396 1452 452 tabularum
1473 401 1842 453 monumentis
1872 415 1919 463 Α
1948 409 2144 472 quoque
2174 418 2236 455 ac
2260 400 2749 469 Galli,ea:tremique
2788 396 3059 449 mirantur
3099 392 3350 463 Hispani,
3404 374 3534 447 eos;

290 488 689 542 conscribendis
724 489 896 541 nostri
938 488 1184 546 Caesares
1243 506 1340 560 per
1389 491 1601 561 aliquot
1654 493 1854 547 saecula
1953 512 2049 563 que
2072 509 2301 563 persaepe
2328 494 2622 563 requirunt,
2674 499 2725 543 et
2772 504 2953 542 eorum
3004 496 3179 556 opera'
3219 481 3523 556 longissime

291 580 530 647 religiose
564 591 973 636 conservaram
1000 598 1015 636 :
1048 583 1267 653 etleges
1300 584 1525 638 tandem
1574 584 1856 639 Romanas

292 671 646 729 alustiniano
694 673 1033 743 compositas
1074 675 1128 729 in
1179 676 1405 731 scholas
1445 687 1501 731 et
1561 676 1853 731 tribunalia

290 767 612 821 induxerunt
649 782 671 819 :7
705 781 803 821 ceu
863 774 1156 837 utrumque
1210 768 1583 823 certissimum
1653 768 1858 823 veteris

294 859 427 911 illius
453 856 820 915 Romanitatis
842 858 1081 927 signum.
1103 868 1157 915 et
1177 861 1379 916 stantis
1424 861 1605 915 adhuc
1641 860 1858 931 imperii

297 959 688 1018 argumentum.
724 947 1062 1021 Sigismundi
1098 959 1245 1006 certe
1269 960 1535 1021 tempore,
1582 967 1694 1022 quo
1752 953 1858 1005 ista

298 1039 558 1094 thonicus
590 1040 833 1108 scripsit,
863 1037 1159 1097 Germania
1210 1044 1367 1098 miris
1398 1043 1575 1098 modis
1633 1043 1855 1099 exculta

303 1132 465 1186 nihilo
499 1133 665 1187 italia:
694 1133 941 1199 cedebat,
972 1136 1391 1205 συμφερόμενος
1414 1136 1498 1203 (ιιι
1521 1137 1638 1206 ipse
1670 1138 1853 1207 loqui-

304 1227 403 1291 tur)
434 1227 499 1277 τὰ
528 1224 659 1277 ἄλλα
699 1225 1019 1293 Ῥωμαιοις.
1048 1227 1206 1282 Addo
1234 1238 1289 1283 et
1318 1228 1523 1283 Graecis
1583 1229 1739 1296 ipsis,
1775 1238 1856 1283 te-

303 1328 473 1374 stante
495 1317 608 1385 jam
667 1328 782 1372 tum
811 1316 1045 1387 Agathia
1076 1337 1093 1376 :
1126 1320 1351 1391 Ἔχουσι
1380 1322 1438 1376 δὲ
1469 1323 1563 1374 καὶ
1589 1322 1863 1392 ἄρχοντας

302 1417 354 1463 ἐν
378 1414 492 1473 ταῖς
524 1412 718 1466 πόλεσι
746 1453 762 1477 ,
803 1415 898 1468 καὶ
931 1415 1121 1483 ἱερεῖς,
1152 1416 1248 1468 καὶ
1275 1420 1378 1477 τὰς
1422 1415 1617 1486 ἑορτὰς
1658 1417 1863 1484 ὁμοίως

303 1507 423 1573 ἡμῖν
452 1506 788 1563 ἐπιτελοῦσι.
828 1508 940 1562 Kal.
971 1508 1046 1570 ὡς
1099 1510 1159 1562 ὲν
1192 1508 1458 1580 βαρϐάρῳ
1487 1509 1635 1576 γένει
1666 1508 1863 1579 ἔμοιγε

300 1601 503 1655 δοκοῦσι
544 1602 755 1672 σφόδρα
800 1598 941 1656 εἶναι
989 1603 1210 1671 κόσμιοί
1244 1619 1305 1655 τε
1360 1602 1454 1655 καὶ
1490 1603 1857 1656 auctiora-cos.

303 1692 457 1747 Οὐδέν
500 1711 560 1747 τε
595 1694 742 1765 εχιιν
772 1694 833 1749 τὸ
866 1682 1180 1749 διαλλάττον
1208 1695 1243 1763 ἢ
1285 1696 1445 1765 μόνον
1486 1695 1547 1750 τὸ
1586 1694 1863 1765 Βαρὸαρι-

316 1788 401 1837 xlv
422 1787 518 1857 τῆς
567 1787 784 1854 στολῆς,
846 1788 944 1841 καὶ
984 1790 1046 1841 τὸ
1090 1788 1191 1857 τῆς
1223 1788 1406 1858 φωνῆς
1441 1787 1665 1852 ἰδιάζον.
1697 1790 1866 1856 Ἀγα-

316 1897 407 1944 par.
436 1881 537 1949 γὰρ
560 1876 759 1943 αὐτοὺς
793 1879 873 1941 si;
906 1879 975 1932 τὰ
1015 1880 1250 1949 μάλιστα
1282 1881 1482 1947 ἔγωγε,
1529 1880 1640 1933 τῶν
1678 1898 1736 1933 τε
1768 1880 1867 1935 ἆ).-

315 1970 413 2021 λων
443 1967 515 2026 ὧν
543 1972 754 2041 ἔχουσιν
783 1972 1030 2038 ἀγαθῶν,
1071 1974 1167 2025 καὶ
1201 1973 1299 2041 τῆς
1336 1974 1410 2035 ηις
1469 1972 1739 2044 ἀλλήλους
1786 1974 1871 2025 διο

319 2063 595 2132 καιοσύνης
624 2081 682 2117 τε
720 2065 821 2117 καὶ
849 2066 1124 2132 ὁμονοίας.

376 2197 485 2253 Col.
513 2200 577 2254 77
599 2200 660 2255 Ι).
687 2202 1059 2269 Mor-qualia.
1090 2199 1322 2257 Velleius
1345 2201 1664 2257 Paterettlus
1687 2202 1783 2256 lib.
1808 2218 1871 2266 tt,

311 2290 392 2343 ulti
419 2292 485 2343 de
513 2291 779 2356 Quintilio
826 2308 856 2346 a
886 2293 1176 2349 Germanis
1209 2310 1373 2360 caeso,
1428 2305 1614 2348 narrat
1658 2311 1753 2349 eos
1791 2295 1871 2349 si-

312 2386 495 2438 mulate
526 2385 706 2455 egisse
735 2387 959 2456 gratias.
993 2388 1131 2457 quod
1178 2388 1294 2441 lites
1354 2390 1582 2457 ipsorum
1633 2388 1874 2442 Romana

317 2478 504 2540 iustitia
527 2480 729 2547 ﬁniret,
767 2480 1056 2550 feritasque
1080 2496 1178 2534 sua
1202 2481 1432 2534 nouitate
1478 2481 1755 2550 incognita:
1788 2481 1874 2534 di-

321 2569 528 2635 sciplinae
601 2571 915 2635 mitesceret,
954 2582 1005 2625 et
1064 2574 1225 2626 solita
1258 2574 1421 2625 armis
1481 2572 1711 2625 discerni
1762 2571 1873 2640 (in-

318 2664 569 2734 quit)jure
601 2669 1039 2721 terminarentur.
1113 2664 1358 2735 ldipsntn
1420 2675 1646 2735 apparet
1684 2665 1736 2717 ιιι
1780 2681 1874 2720 νε·-

312 2758 395 2810 teri
449 2761 568 2822 lege
613 2759 1026 2823 Alemanoruttt,
1088 2760 1173 2814 tit.
1213 2760 1302 2818 4-1.
1364 2759 1447 2829 §i
1492 2759 1736 2815 :_I.iceat
1795 2759 1875 2813 illi

308 2850 389 2902 eiii
425 2853 513 2903 cui
546 2850 743 2903 crimen
802 2853 1074 2917 imposuit,
1122 2869 1241 2907 cum
1290 2852 1459 2922 spada
1508 2869 1563 2906 se
1625 2853 1875 2905 idoneure

303 2952 478 2995 contra
508 2942 661 2995 illum
701 2943 890 2995 alium.
926 2943 988 2996 Et
1024 2945 1105 2996 tit.
1142 2943 1229 3009 56,
1265 2942 1294 3016 §
1336 2944 1360 2998 1
1395 2958 1411 2997 :
1450 2941 1718 3013 Sequatur
1754 2958 1873 2996 eunt

304 3045 633 3089 sacramento
658 3052 773 3089 cum
799 3036 1088 3090 nominatis
1120 3054 1199 3101 v.,
1240 3048 1332 3092 aut
1363 3054 1481 3091 cum
1526 3037 1694 3107 spada
1729 3047 1874 3091 trata

302 3143 470 3194 pugna
504 3126 843 3179 duorum:si
867 3136 1035 3196 potest
1082 3129 1353 3197 acquirere
1408 3138 1501 3183 aut
1542 3144 1636 3197 per
1690 3145 1875 3182 sacra~

304 3228 531 3271 mentum
560 3228 653 3270 aut
675 3234 768 3286 per
800 3234 1053 3287 pugnam.
1098 3220 1193 3272 illa
1227 3221 1451 3285 pecunia
1499 3228 1617 3289 post
1652 3231 1875 3272 mortem

302 3312 537 3364 mulieris
565 3321 708 3365 retro
738 3326 1005 3379 nunquam
1038 3321 1351 3366 revertatur.
1398 3311 1704 3367 Pro-sortito
1740 3328 1873 3367 vero

303 3402 390 3455 tit.
426 3402 517 3463 85.
550 3401 778 3468 Quando
809 3404 988 3470 parati
1034 3413 1158 3457 sunt
1210 3403 1276 3457 ad
1309 3418 1560 3473 pugnam,
1619 3412 1739 3455 tunc
1783 3418 1877 3469 po-

304 3504 437 3545 nunt
467 3495 630 3563 ipsam
657 3508 855 3549 terram
876 3496 933 3549 in
970 3497 1164 3560 medio,
1187 3504 1237 3548 et
1268 3504 1487 3561 tangant
1528 3494 1694 3557 ipsam
1754 3508 1879 3546 cum

299 3587 502 3652 spat/tis
530 3588 654 3650 suis,
692 3604 810 3641 cum
840 3586 1028 3656 quibus
1060 3603 1295 3657 pugnare
1347 3586 1532 3641 debent
1563 3602 1581 3640 :
1632 3596 1679 3637 et
1736 3584 1883 3638 testi-

294 3678 523 3746 ﬁcentur
545 3678 713 3732 Deum
748 3691 1059 3739 creatorem.
1095 3689 1149 3731 ut
1185 3678 1339 3747 cujus
1368 3678 1433 3733 sit
1448 3678 1683 3746 jastitia.
1715 3676 1880 3745 ipsius

294 3771 367 3823 sit
393 3780 443 3823 et
473 3786 648 3841 pugna
670 3782 716 3823 et
742 3772 985 3825 victoria.
1033 3772 1214 3825 Donec
1271 3771 1374 3827 ltoc
1426 3768 1772 3839 probationis
1824 3776 1880 3822 et

292 3864 643 3934 purgationis
666 3878 839 3936 genus
872 3878 968 3933 per
1009 3863 1272 3927 duellum,
1341 3873 1450 3916 tam
1512 3864 1771 3929 frequens
1821 3860 1876 3914 in

292 3957 758 4026 Longobardicis,
793 3957 1094 4021 Francicis,
1135 3956 1428 4014 Saxonicis
1485 3954 1720 4025 legibus.
1784 3968 1879 4022 per

289 4063 541 4104 canones
576 4048 854 4101 sublatum
890 4047 1035 4112 fuit;
1081 4048 1154 4102 ita
1193 4057 1248 4103 et
1300 4063 1396 4116 per
1457 4045 1883 4100 constitutiones

293 4144 612 4214 principum
649 4142 810 4197 ludus
845 4142 1223 4214 gladiatorius.
1279 4141 1436 4209 Quod
1486 4156 1611 4195 cum
1671 4139 1879 4193 dudum

288 4248 425 4291 ante
456 4236 682 4290 Laonici
714 4236 888 4293 nostri
924 4250 1098 4290 sevum
1135 4234 1338 4290 factum
1392 4232 1580 4296 fuerit,
1623 4232 1880 4286 existimo

289 4346 426 4382 eum
465 4328 715 4383 bocioco
756 4327 941 4393 potius
999 4326 1066 4382 de
1096 4328 1496 4384 exercitatione
1556 4324 1650 4378 illa
1710 4323 1883 4391 loqui,

286 4436 411 4490 quo
450 4418 728 4474 Germana
760 4420 930 4490 pubes
982 4420 1196 4476 festivis
1225 4419 1446 4485 diebus,
1474 4433 1569 4486 per
1609 4416 1762 4470 varia
1790 4430 1883 4469 ar-

291 4523 540 4567 matura:
571 4528 792 4581 genera.
827 4513 1036 4573 hastas.
1076 4527 1240 4584 gaesa,
1272 4527 1432 4567 enses
1484 4519 1733 4571 retusos,
1784 4523 1886 4575 ρυε-
1918 4494 1963 4550 Ῑ)

293 4606 606 4676 giuncuios
639 4605 869 4675 ligneos,
927 4605 1149 4675 publico
1201 4604 1515 4673 spectaculo
1578 4600 1886 4657 inserviens

293 4710 517 4767 (neque
550 4714 615 4755 eo
644 4714 860 4769 semper
892 4699 1138 4768 innoxio)
1193 4699 1455 4754 decertat.
1510 4695 1567 4750 in
1596 4711 1701 4766 qua
1732 4704 1891 4749 vetus

292 4792 445 4847 illud
479 4791 875 4860 propemodum
923 4805 1284 4861 recognoscas
1326 4789 1504 4845 Taciti
1558 4789 1612 4843 in
1668 4785 1891 4843 Germa-

286 4902 391 4939 nia
431 4900 452 4937 :
481 4880 813 4939 Exercitatio
862 4893 1029 4941 artem
1075 4894 1253 4953 parat,
1292 4900 1379 4937 ars
1442 4884 1705 4935 decorem.
1768 4874 1893 4929 Non

288 4979 350 5029 in
388 4986 658 5043 qua’stutn
690 4992 866 5031 tamen
890 4986 936 5030 et
983 4976 1309 5030 mercedem:
1359 4975 1600 5044 quamvis
1667 4970 1891 5027 audacis

288 5068 546 5121 lasciviae
581 5068 808 5137 pretium
834 5076 912 5121 est
949 5069 1187 5138 voluptas
1207 5068 1583 5136 spectantium.

369 5204 529 5259 Ibiti.
568 5202 932 5267 Δεξιώτατον
983 5203 1052 5269 ἐς
1100 5218 1165 5255 te
1209 5205 1512 5273 μηχανάς.
1574 5205 1630 5259 ltt
1684 5206 1892 5261 machi-

289 5300 393 5353 nis
459 5296 802 5366 omnigenis.
861 5295 1191 5383 autontatis,
1245 5296 1541 5366 grapltide.
1591 5296 1894 5364 caiatura,

290 5390 543 5456 ingenio
574 5399 628 5443 et
664 5389 930 5442 felicitate
993 5387 1286 5443 Germania
1340 5398 1569 5443 caeteras
1641 5391 1896 5445 nationes

290 5480 603 5553 praecellit,
628 5490 681 5533 et
710 5482 765 5532 in
787 5495 850 5533 ea
902 5490 1129 5533 canet-as
1160 5477 1323 5533 urbes
1357 5477 1680 5547 Noriberga,
1739 5478 1899 5532 indu-

290 5575 525 5631 strioso
554 5570 752 5642 populo
776 5572 905 5625 {tnta
935 5571 1197 5641 (utsupra
1243 5586 1307 5625 ex
1344 5569 1513 5624 Enea
1542 5571 1723 5641 Sylvio
1764 5571 1898 5624 rela-

289 5662 463 5727 tum)
521 5674 574 5717 ct
628 5658 967 5733 ingeniorum
1036 5679 1259 5733 parcns.
1323 5664 1596 5729 Artiﬁcum
1629 5664 1770 5716 ineo
1819 5663 1902 5713 in-

308 5760 509 5828 genia,
562 5760 638 5812 ait
695 5758 996 5823 ευιιιῑκιῖυδ,
1063 5756 1254 5810 nedum.
1302 5756 1569 5821 Ct‘t‘ntntti,
1638 5755 1727 5808 scd
1778 5755 1901 5809 Itali

1956 588 2255 644 mittuntur.
2313 585 2646 654 Extollilque
2678 582 2959 637 Albertutn
3013 579 3302 643 Durerum,
3347 578 3528 650 picto-

1960 694 2073 732 rem
2115 678 2624 748 incomparabilem,
2661 676 2929 732 Joannem
2960 673 3344 730 Neuscltelium
3368 712 3385 738 ,
3440 680 3532 728 tua

1967 772 2155 825 bat-unt
2191 771 2593 840 exscttlptoretn
2620 770 2823 841 pariter
2861 778 2915 823 et
2948 766 3276 830 intiatorem,
3305 764 3527 820 Petrum

1961 863 2304 928 Fisclterum,
2353 863 2593 918 lusorem
2651 871 2706 917 et
2786 861 3090 915 cmiatorem
3161 856 3527 923 metallorum,

1969 952 2276 1007 Erltardunt
2312 953 2568 1009 Ertslaub
2607 963 2660 1008 et
2691 952 2822 1008 iiele
2851 953 3132 1023 horologia
3168 951 3524 1016 fabricantes;

1966 1044 2061 1097 sed
2095 1044 2346 1098 omittere
2376 1060 2481 1099 non
2514 1061 2734 1114 possum
2767 1045 3071 1114 elegantem
3132 1044 3309 1098 locum
3368 1039 3535 1096 nobi-

1964 1135 2161 1191 lissimi
2220 1145 2389 1204 poeta:
2450 1136 2613 1203 Galli,
2694 1135 2946 1191 Gulielmi
3007 1135 3250 1190 Sallustii
3303 1130 3534 1189 Bartasii

1965 1225 2059 1280 illi.
2096 1242 2147 1280 v1
2182 1225 2585 1283 Hebdomadis:

2530 1393 2599 1402 —
2634 1362 2745 1427 Qus
2772 1363 3006 1434 diray-je
3037 1364 3099 1416 de
3126 1362 3299 1430 l’aigle

2042 1434 2183 1489 Dont
2203 1452 2269 1489 un
2301 1435 2450 1489 docte
2469 1435 2708 1488 Alemant
2740 1433 2941 1488 honora
2970 1446 3144 1488 nostra
3164 1434 3317 1487 siet-le
3337 1433 3362 1484 .’

2041 1505 2190 1577 Aigle
2221 1508 2308 1573 qui
2338 1506 2637 1573 deslogeant
2664 1505 2726 1577 de
2761 1502 2814 1558 la
2844 1507 3146 1559 maistresse
3178 1505 3322 1577 main

2042 1574 2166 1630 Alia
2200 1578 2308 1630 loin
2331 1593 2399 1629 au
2427 1577 2616 1629 devant
2646 1574 2769 1628 d'un
2806 1592 3074 1646 empereur
3106 1575 3383 1643 germain:

2044 1646 2113 1700 Et
2150 1647 2351 1716 l‘ayant
2382 1649 2655 1700 rencontré
2674 1646 2898 1698 soudain
2928 1646 3082 1699 d’une
3102 1646 3235 1698 aisle
3264 1653 3473 1699 ιιι-(οντα

2038 1719 2104 1771 Se
2132 1725 2400 1777 tournant.
2440 1718 2485 1771 le
2511 1717 2668 1770 suivit
2702 1716 2948 1786 iusqu’au
2973 1716 3108 1771 seuil
3131 1716 3194 1768 de
3228 1716 3280 1768 la
3302 1726 3452 1783 parte

2055 1789 2133 1839 Dn
2167 1787 2272 1856 fort
2306 1786 2776 1855 Norembergeois:
2811 1803 2907 1855 que
2943 1788 3014 1840 les
3045 1787 3226 1854 piliers
3257 1788 3434 1851 dares,

2046 1859 2140 1912 Les
2169 1859 2390 1923 tupissés
2425 1857 2677 1920 chemins,
2723 1857 2794 1909 les
2818 1872 2933 1908 arcs
2968 1856 3264 1919 élabourés,

2044 1928 2141 1999 Les
2171 1929 2501 1999 [oudroyans
2532 1942 2754 1986 canone.
2785 1928 2840 1979 ni
2873 1927 2925 1999 la
2952 1927 3194 1991 ieunesse
3222 1926 3405 1982 isneile

2045 1998 2121 2052 Ni
2151 1998 2199 2052 le
2224 1997 2387 2053 cltenu
2418 2000 2569 2051 sénut
2608 1998 2974 2052 n‘ltonoraient
3024 2006 3138 2051 tant
3176 2012 3378 2051 comme
3424 1997 3543 2051 elle.

2043 2135 2215 2205 Cujus
2254 2134 2500 2189 miraculi
2551 2132 2744 2190 Petrus
2775 2134 2940 2189 etiam
2980 2133 3195 2189 [lamus
3246 2134 3300 2188 in
3357 2133 3546 2203 prmia-

1977 2232 2125 2287 tione
2171 2230 2293 2285 libri
2331 2245 2369 2285 ιι
2430 2232 2797 2286 Mathematic.
2837 2230 3106 2298 meminit,
3156 2231 3318 2300 idque
3350 2230 3547 2287 Joanni

1974 2324 2042 2379 tie
2075 2322 2255 2378 Monte
2289 2323 2460 2396 Regio
2491 2324 2764 2378 attribuit.

2044 2416 2162 2471 Coi.
2198 2416 2263 2471 77
2289 2416 2353 2469 D.
2382 2413 2685 2483 Πολεμικὰ
2710 2414 2872 2484 ἔργαλ
2907 2412 3046 2479 Quid
3082 2412 3311 2468 Romani
3350 2413 3549 2467 arietes

1976 2506 2355 2575 machinaeque
2380 2520 2572 2561 omnes
2604 2506 2990 2575 poliorcetit‘az.
3019 2514 3111 2560 aut
3140 2504 3302 2557 etiam
3334 2500 3548 2557 Graeco-

1976 2614 2096 2652 rum
2121 2599 2208 2653 ille
2241 2600 2383 2668 ignis
2420 2599 2667 2653 marinus
2695 2599 2810 2668 (qui
2852 2598 3191 2654 Cltelandrice
3248 2596 3387 2667 apud
3448 2595 3548 2649 Zo-

1977 2704 2167 2743 naram
2196 2698 2251 2744 et
2277 2690 2522 2745 Nicetam
2551 2695 2823 2760 vocatur),
2852 2689 2918 2745 ad
2949 2689 3343 2744 Germanorum
3370 2683 3550 2740 fulmi-

1979 2795 2081 2835 nea
2120 2789 2389 2836 tormenta
2420 2782 2509 2836 illa
2537 2782 2689 2853 pyrio
2720 2783 2945 2852 pulvere
2981 2780 3246 2851 displma,
3273 2793 3552 2834 murorum

1980 2864 2328 2943 turriumque
2408 2885 2618 2945 pestem
2702 2873 3114 2930 certissimam?
3195 2871 3267 2927 De
3354 2871 3552 2942 quibus

1981 2966 2185 3022 Aineas
2244 2967 2462 3039 Sylvius
2505 2969 2561 3023 in
2615 2968 2923 3033 Germania,
2971 2983 3090 3036 cap.
3142 2965 3250 3020 67:
3325 2964 3553 3019 Rideant
3613 2948 3619 2954 ’

1904 3078 1950 3142 C
1984 3076 2186 3115 necesse
2210 3071 2288 3115 est
2322 3062 2552 3133 reliquas
2605 3079 2873 3115 armorum
2904 3060 3135 3130 oﬂicinas
3157 3100 3171 3120 .
3204 3060 3292 3130 qui
3343 3054 3553 3126 publica

1983 3151 2392 3207 Teutonicorum
2429 3155 2850 3207 armamentaria
2881 3152 3093 3207 uiderit.
3157 3149 3249 3203 Tot
3278 3150 3350 3203 it-i
3389 3148 3553 3217 majo-

1987 3261 2069 3300 res
2096 3245 2326 3305 balistce.
2355 3254 2430 3299 tot
2463 3246 2779 3315 catapulta,
2814 3254 2890 3297 tot
2931 3245 3146 3306 arietes,
3207 3251 3284 3295 tot
3330 3240 3556 3295 insolita:

1986 3344 2370 3414 magnitudinis
2404 3359 2551 3397 aenea
2600 3350 2859 3396 tormenta
2896 3339 3161 3400 uisuntur,
3205 3353 3321 3406 quia
3374 3342 3555 3389 vocant

1987 3434 2603 3505 Bombardas:quornm
2637 3442 2687 3487 et
2710 3432 2809 3500 ipsi
2835 3429 3092 3484 Teutones
3128 3439 3414 3498 repertores
3464 3426 3555 3476 lm-

1987 3529 2191 3583 bentur.
2224 3525 2492 3583 Httttentts
2530 3527 2585 3581 in
2621 3526 2853 3596 eleganti
2886 3523 3079 3594 ltlyllio
3113 3521 3186 3577 De
3241 3535 3345 3575 non
3401 3519 3555 3587 dege-

1988 3624 2105 3677 neri
2135 3621 2427 3676 Germania
2455 3638 2471 3674 ε

2070 3756 2208 3810 Nam
2230 3774 2346 3825 qua:
2370 3756 2599 3811 sidereas
2629 3757 2823 3813 vocalis
2859 3757 3102 3811 machina
3130 3765 3301 3809 turres

2061 3828 2274 3890 Dejicit.
2297 3846 2361 3882 ac
2384 3829 2586 3881 solidas
2621 3829 2853 3897 impulsu
2880 3829 3107 3881 concutit
3128 3842 3275 3877 arces

2062 3899 2355 3967 Moeniaque
2383 3916 2445 3953 ac
2486 3900 2684 3966 spissus
2720 3906 2928 3968 aggesto
2958 3898 3182 3966 pondere
3214 3912 3390 3948 muros

2064 3969 2259 4037 quuat
2291 3970 2471 4038 agris.
2494 3970 2783 4038 sternitque
2811 3970 3012 4032 dumos,
3040 3978 3087 4022 et
3117 3968 3342 4020 destruit
3372 3969 3556 4031 urbes;

2066 4038 2269 4092 Prodiit
2306 4056 2338 4091 a
2371 4037 2539 4093 nobis.

2073 4175 2195 4228 Ilaec
2235 4175 2469 4246 eleganti
2520 4189 2655 4229 voce
2688 4172 3012 4242 τηλεϐόλους
3059 4184 3112 4227 et
3145 4174 3563 4243 τηλεδολῑσκους

1996 4266 2266 4327 nominat.
2303 4283 2411 4337 qua
2476 4268 2641 4320 etiam
2678 4264 2933 4320 Lascaris
2996 4265 3207 4321 utitur:
3263 4281 3564 4334 eorumque

2000 4359 2369 4413 inventiOnem
2402 4359 2692 4412 Germanis
2735 4358 2930 4411 tribuit
2967 4356 3278 4433 Laonicus,
3316 4356 3459 4425 quod
3511 4369 3566 4411 et

1994 4451 2240 4519 pluribus
2262 4452 2461 4520 repetit
2494 4451 2590 4504 lib.
2630 4467 2683 4513 v,
2728 4449 2801 4504 fol
2838 4449 2964 4503 579.
2991 4448 3155 4502 Plura
3210 4447 3279 4501 de
3311 4445 3564 4500 bombar-

1994 4544 2351 4615 disPolydor.
2382 4543 2654 4611 Vergilius
2698 4542 2795 4597 lib.
2826 4557 2889 4609 ll,
2935 4556 3058 4610 cap.
3102 4538 3189 4604 il,
3249 4548 3305 4595 et
3350 4540 3443 4595 lib.
3484 4556 3564 4604 Ili,

1992 4636 2164 4701 c.i8;
2202 4636 2429 4691 Gubert.
2465 4636 2735 4690 Costanus
2784 4633 2839 4687 in
2896 4630 3241 4703 Polyltistoro
3289 4647 3413 4702 cap.
3463 4632 3564 4696 95;

1992 4726 2387 4797 Wimpbeling,
2456 4727 2510 4780 in
2560 4723 2802 4794 Epitome
2866 4724 3143 4791 Genuam,
3184 4739 3305 4795 cap.
3364 4724 3457 4786 64,
3515 4732 3570 4778 ct

1992 4819 2257 4873 Mttnstet'.
2285 4817 2666 4887 Cosmograplt.
2696 4817 2788 4870 lib.
2823 4833 2904 4873 ιιι.

2073 4914 2211 4968 Ibid.
2264 4914 2362 4977 Ἐς
2410 4911 2610 4977 πάσας
2664 4909 2771 4977 τὰς
2821 4913 3037 4980 τέχνας
3090 4908 3412 4979 εὐδοκιμεῖ.
3446 4908 3568 4961 Alio

1997 5018 2203 5063 mutata
2258 5024 2286 5061 a
2340 5006 2511 5060 veteri
2569 5006 2659 5059 illa
2719 5007 2952 5077 rudique
3005 5004 3355 5061 Germania:
3411 5000 3568 5056 facile

1997 5115 2056 5159 ut
2091 5110 2347 5171 appareat
2378 5101 2544 5171 (quod
2589 5097 2801 5153 Tullius
2846 5114 2898 5152 tv
2955 5096 3171 5154 Tuscul.
3210 5096 3277 5150 de
3302 5094 3417 5150 suis
3469 5094 3568 5148 ito-

1999 5195 2236 5250 minibus
2261 5192 2359 5261 ait)
2398 5203 2614 5245 nostros
2650 5188 2833 5244 omnia
2870 5187 3132 5258 consequi
3166 5186 3429 5255 potuisse,
3488 5183 3567 5235 si-

2000 5287 2111 5339 ntul
2146 5298 2203 5337 ut
2231 5285 2370 5337 velle
2406 5281 2724 5351 cmpissent.
2784 5278 2859 5335 De
2912 5277 3158 5333 omnium
3205 5274 3569 5330 solertissinto

2000 5387 2054 5433 et
2076 5377 2372 5431 utilissimo
2403 5374 2625 5428 invento
2671 5371 3044 5443 typograpltia:
3100 5368 3371 5423 Laonicus
3421 5382 3571 5419 men-

2005 5473 2207 5525 tionem
2242 5467 2425 5520 facere
2450 5482 2560 5519 non
2589 5465 2787 5535 potuit,
2820 5462 2969 5533 quod
3022 5472 3145 5532 post
3171 5461 3289 5531 ejus
3318 5459 3567 5513 «lentum

2005 5572 2218 5619 aetatem
2249 5561 2351 5614 sub
2402 5557 2665 5612 Friderici
2705 5554 2768 5611 ill
2801 5556 3031 5625 imperio
3082 5563 3271 5608 natum
3326 5561 3409 5604 est
3436 5591 3451 5614 ,
3514 5560 3573 5603 ttt

2006 5656 2285 5712 adnotavit
2325 5650 2711 5719 Witnpltcling.
2736 5650 2786 5701 in
2825 5646 2967 5717 Epit.
3023 5648 3276 5704 German.
3309 5663 3426 5715 cap.
3481 5647 3570 5707 6.”),

2007 5762 2057 5807 ct
2088 5749 2339 5813 i‘olytlot'.
2368 5745 2455 5801 lib.
2487 5760 2547 5812 il,
2572 5760 2622 5799 ι’.
2654 5745 2703 5798 7.
2731 5740 2988 5799 llatlrian.
3016 5740 3211 5796 .lttnius
3244 5741 3298 5793 in
3324 5738 3570 5792 Batat't'a.
