4026 6204
489 282 589 350 567

1708 307 2174 379 ΜΑΒΟΙΙΑΒΟῘ
2217 314 2560 378 FREHERI

3615 336 3720 399 558

558 393 673 452 Col.
705 399 775 455 80
802 402 868 457 Α.
902 408 1069 474 Φέρει
1103 409 1152 461 τ’
1179 411 1339 465 ἀλλὰ
1366 411 1582 466 πάντα.
1620 413 1791 472 Etiam
1826 420 2032 474 metalla

2151 424 2240 477 ttbi
2297 428 2523 484 Carolus
2568 430 2847 491 ltlartellus
2920 438 3165 496 Francus
3238 443 3417 510 palatii
3467 446 3720 517 magister

491 500 652 541 omne
676 506 869 559 gcnus,
898 498 1040 561 quod
1096 500 1225 554 olim
1280 501 1498 560 Tacitus
1554 511 1788 574 negavit.
1846 509 1950 565 Sed
1981 512 2050 566 de

490 572 575 628 bis
604 578 749 633 alibi.
795 581 930 637 lllud
988 587 1057 640 de
1110 591 1423 647 volucribus
1494 572 1777 652 noctilncis
1852 603 2046 655 mirum

443 669 447 672 ’
491 664 751 739 Dionysio
778 683 829 726 et
863 673 1012 731 Solio
1032 679 1380 751 adnotatum,
1408 686 1518 740 risu
1547 688 1767 758 dignum
1801 686 1904 746 est:

556 822 709 907 Qulgd
740 828 1173 907 parcitnvolucres
1204 829 1441 903 (mirum)
1473 838 1795 907 fulgentibus
1841 844 1940 897 alis

623 891 782 956 Queis
798 897 1019 953 ducibus
1059 891 1219 955 nocui
1254 891 1710 977 cernuiititrvﬂexa
1743 913 1972 968 viarum.

553 1019 685 1074 Ibid.
735 1023 864 1079 Ἐπὶ
926 1032 1192 1099 Βοέμους
1244 1036 1382 1103 τοὺς
1420 1042 1697 1110 Kal/ove.
1730 1030 1897 1113 'Quod
1940 1050 2047 1106 Un-

446 1112 685 1178 pariam
738 1124 1135 1178 conterminam
1188 1126 1319 1182 facit
1378 1130 1696 1196 Bobemiaa.
1755 1141 1879 1196 inde
1929 1158 2045 1210 est,

481 1206 624 1270 quod
660 1208 759 1263 sub
790 1209 1045 1269 Bohemis
1093 1216 1340 1275 Moravus
1392 1225 1555 1279 etiam
1614 1206 2042 1300 comprehendit,

484 1299 575 1363 qui
614 1301 811 1356 subditi
856 1322 1023 1374 regno
1062 1310 1336 1366 Bobemiae
1400 1315 1690 1387 Ungariam
1746 1327 2039 1396 attingunt.

485 1388 639 1451 Quod
672 1409 798 1447 vero
832 1398 907 1449 ait
943 1398 1208 1456 Bohemus
1239 1405 1345 1459 dici
1396 1407 1627 1473 Ccchos,
1678 1414 1745 1467 ab
1802 1416 2044 1484 ipsorum

478 1491 528 1530 et
566 1480 894 1539 l’olonornm
936 1489 1114 1557 lingua
1171 1507 1275 1554 est.
1309 1498 1509 1567 quibus
1562 1503 1830 1562 Bobemus
1881 1510 2043 1565 (Izeclt

485 1580 543 1621 ut
602 1570 870 1650 Ungarica
929 1583 1051 1635 αέή
1120 1581 1462 1655 appellatui';
1526 1592 1612 1646 CZ
1673 1597 1746 1650 ita
1804 1614 2044 1668 pronun-

483 1660 638 1728 tiato,
671 1670 945 1733 quomodo
981 1674 1108 1729 Tac/1
1162 1678 1214 1730 in
1254 1678 1544 1738 Tac/rudus.
1589 1687 1743 1752 Quod
1778 1660 1970 1746 nomen
2011 1712 2040 1749 a

2150 527 2307 572 erat:
2359 522 2513 583 cujus
2565 536 2750 593 rogatu
2796 528 3157 598 Luitprandus
3217 535 3551 591 obsidionem
3608 540 3717 593 sul-

2151 606 2245 660 vit.
2302 609 2585 680 Pippinus.
2641 617 2869 674 lllartelli
2927 623 3087 689 lilins,
3136 625 3441 681 Cbilderico
3495 631 3716 684 domino

2149 714 2248 753 suo
2277 701 2470 769 ignavo
2500 711 2831 765 monasterio
2851 712 3083 777 incluso,
3107 730 3250 769 anno
3298 717 3417 782 755,
3474 732 3631 773 curat
3660 738 3716 775 se

2147 784 2269 854 eligi
2290 799 2343 842 et
2367 790 2433 844 ad
2463 791 2778 850 Zachariam
2844 800 2976 854 dicti
3042 800 3286 872 Gregorii
3333 821 3712 864 successorem

2150 876 2347 931 mittit:
2376 882 2467 947 qtti
2498 886 2703 952 accepti
2752 887 2997 943 beneﬁcii
3023 880 3249 946 memor
3283 910 3405 947 mox
3442 900 3635 952 annuit
3666 913 3718 953 et

2147 980 2334 1023 omnes
2356 969 2665 1028 Childerieo
2699 976 2803 1031 ﬁde
2828 979 3118 1036 obstrictos
3149 984 3402 1039 absolvit.
3438 987 3501 1041 C.
3534 990 3713 1055 Atius,

2148 1060 2234 1114 15.
2266 1076 2322 1129 q.
2349 1061 2399 1116 6.
2430 1062 2630 1121 Dehinc
2650 1066 2879 1124 Carolus
2932 1070 3179 1142 Magnus,
3210 1074 3416 1144 Pippini
3444 1078 3607 1140 lilius.
3632 1097 3715 1133 ro-

2147 1158 2303 1217 gatus
2320 1153 2389 1205 ab
2414 1154 2688 1210 Hadriano
2711 1160 2780 1229 (e.
2805 1160 3055 1217 Hortatu.
3074 1162 3164 1218 23.
3191 1183 3247 1235 q.
3271 1167 3346 1236 8).
3376 1168 3708 1224 Desiderinm

2147 1240 2628 1313 Langobardorum
2688 1265 2865 1322 regem
2919 1255 3115 1324 insigni
3186 1258 3328 1314 bello
3388 1261 3584 1316 devicit
3632 1280 3713 1317 rc-

2147 1346 2419 1402 gnumque
2479 1339 2608 1392 illud
2639 1342 2842 1396 delevit
2868 1359 3012 1400 anno
3038 1348 3161 1401 776.
3197 1347 3399 1403 Deinde
3417 1362 3536 1420 post
3569 1368 3712 1406 com-

2144 1425 2327 1492 plures
2365 1443 2535 1484 annos
2566 1432 2846 1490 invocatus
2880 1451 2908 1490 a
2944 1437 3121 1494 Leone
3150 1440 3237 1504 ΠΙ,
3276 1458 3398 1496 eum
3437 1444 3490 1497 in
3530 1446 3708 1499 sedem

2145 1519 2383 1574 restituit
2417 1538 2431 1573 :
2474 1539 2643 1592 aquo
2676 1527 2913 1581 vicissim
2945 1529 3238 1599 imperator
3269 1536 3572 1591 declaratus
3605 1550 3708 1600 est,

2144 1618 2197 1662 et
2216 1622 2506 1667 coronatus
2534 1615 2718 1670 Romae
2742 1619 2830 1671 die
2862 1618 3065 1675 Natalis
3096 1623 3305 1678 Domini
3336 1642 3480 1683 anno
3513 1628 3635 1682 80l.

2210 1703 2328 1758 Col.
2351 1706 2416 1759 80
2443 1705 2503 1759 D.
2532 1710 2967 1774 Μετενήνεκται
2986 1717 3018 1767 ὁ
3046 1714 3268 1783 ψῆφος.
3292 1718 3337 1770 Α
3359 1718 3565 1775 Latinis
3600 1738 3698 1775 an-

2223 1755 2237 1758 -
2264 1755 2274 1756 κ
2296 1755 2326 1757 ._
2356 1755 2404 1759 ν-
2443 1755 2502 1759 ρ-
2532 1755 2701 1762 -.---ν.
2730 1755 2783 1774 ..ν
2806 1755 3014 1767 -η-νννν
3046 1755 3076 1781 γ
3097 1755 3268 1783 Ἶδννι).
3292 1755 3337 1770 ιι
3359 1755 3565 1775 uuuula
3600 1755 3698 1775 uu-

479 1755 691 1812 C‘e‘mo
714 1775 835 1831 “‘3”-
857 1766 1032 1831 P'i'm’
1056 1773 1232 1838 εεηιῖε
1282 1776 1569 1833 οοηάίῑοτθ
1601 1780 1824 1837 duxisse
1859 1784 2039 1839 fel‘ttll-
2072 1796 2115 1853 Β
2145 1794 2344 1848 ditione
2370 1799 2574 1864 accepit
2598 1799 2864 1856 Laonicus
2889 1804 2954 1857 de
3004 1807 3357 1862 translatione
3415 1813 3627 1879 imperii
3654 1824 3709 1868 et

479 1855 571 1879 lnl-
617 1850 898 1879 (Μυκη-ωε..
936 1866 981 1879 ..ι
1023 1877 1039 1879 _
1078 1862 1094 1879 Ι
1186 1866 1196 1879 .
1355 1868 1369 1879 .
1534 1871 1547 1879 .

478 1855 587 1898 tur.
617 1850 900 1912 Quomodo
932 1866 984 1910 et
1019 1877 1046 1913 a
1076 1862 1254 1918 Lecbo
1284 1868 1464 1936 primo
1516 1871 1654 1927 duce
1706 1884 2042 1945 auctoreque

476 1953 595 2003 suo,
622 1940 808 2000 Polemi
850 1965 878 2001 a
910 1950 1174 2012 Rutbcnis
1219 1962 1541 2032 caeterisqne
1570 1966 1746 2022 Slavis
1788 1969 1967 2025 Lee/iii
1991 1983 2040 2026 et

475 2032 703 2087 Lee/tius
724 2040 1087 2107 appellantur.
1140 2058 1197 2101 ut
1224 2052 1532 2110 Alexander
1562 2057 1879 2128 Guaguinus
1938 2064 2040 2117 ad-

475 2229 614 2279 quos
658 2219 917 2279 Celticam
969 2230 1243 2287 nationem
1295 2252 1416 2292 esse
1463 2252 1517 2296 et
1567 2243 2036 2316 Constantinopoli

478 2311 746 2369 militasse
796 2317 1041 2378 Zonaras
1097 2337 1153 2381 et
1199 2330 1392 2402 Glycas
1440 2339 1729 2393 scribunt:
1763 2338 1938 2395 Ἦσαν
1982 2346 2039 2397 δὲ

476 2403 622 2469 παρὰ
652 2422 771 2459 τινα
794 2409 1003 2480 πύργον
1032 2418 1169 2487 πρὸς
1213 2425 1279 2492 τῇ
1319 2423 1460 2497 πύλῃ
1487 2428 1584 2495 τῆς
1624 2431 1828 2492 πόλεως
1858 2435 1892 2503 ἢ
1927 2436 2037 2487 Κα-

478 2493 624 2559 ροέου
654 2496 896 2553 καλεῖται
919 2503 1279 2573 φυλάσσοντες
1303 2493 1572 2583 Νέμξτζὸι
1599 2519 1767 2588 (ἔθνος
1795 2522 1839 2574 δ’
1860 2493 1907 2575 ot
1934 2525 2038 2577 Νέ-

476 2590 660 2688 perlici
694 2594 973 2668 Κελτικὸν)
999 2617 1016 2634 ο
1047 2603 1195 2658 οὗτοι
1234 2608 1408 2680 λάθρα
1438 2617 1550 2678 τοῖς
1576 2618 1702 2685 περὶ
1730 2620 1856 2682 τοὺς
1884 2623 2036 2688 Κομ-

472 2681 665 2776 ζηνοὺς
695 2684 1177 2760 ὲκοινολογήσαντο
1198 2699 1327 2770 περὶ
1356 2681 1769 2776 προδοσίαςττῆς
1803 2681 2030 2772 ﬁdlem;

474 2763 542 2860 Et
559 2770 763 2860 statim,
791 2791 864 2825 πα
877 2776 945 2843 ρὰ
966 2779 1073 2831 τῶν
1098 2763 1380 2854 Νεμὶζλυνς
1398 2763 1560 2860 atque
1580 2763 1774 2851 iteruin
1804 2800 1905 2851 ὑπὸ
1928 2802 2035 2855 τῶν

472 2856 746 2928 Νεμιζων.
788 2864 1002 2921 Gentem
1027 2872 1283 2929 Gallicam
1333 2856 1602 2951 interpres
1642 2891 1820 2953 vertit,
1852 2903 1899 2944 et
1954 2902 2035 2949 ta-

471 2967 594 3007 men
626 2955 678 3008 in
713 2958 891 3016 indice
921 2963 1220 3025 Germanos
1249 2975 1615 3035 subodoratus
1653 2992 1757 3047 est,
1791 2986 2033 3055 adeoque

469 3040 722 3103 Nemetes
749 3049 925 3108 Rheni
956 3059 1194 3117 accolas.
1229 3062 1591 3125 Leunctavius
1612 3082 1792 3128 autem
1845 3088 2029 3133 noster

468 3136 521 3189 in
565 3136 729 3209 Glyca
755 3143 821 3197 ad
851 3160 1002 3201 oram
1032 3152 1335 3221 adnotavit,
1395 3160 1665 3217 Teutones
1711 3166 2024 3225 Sclavorum

467 3227 653 3296 lingua
698 3233 969 3294 Nemitzos
993 3246 1192 3301 ωιτη-ἰ.
1220 3247 1285 3302 Ει
1309 3247 1546 3308 Ortelius
1571 3272 1786 3327 quoque
1814 3260 1869 3313 in
1900 3261 2030 3315 Tlte-

466 3338 627 3376 sauro
666 3341 765 3395 pro
790 3328 1114 3402 Niemec/tes,
1166 3338 1217 3394 id
1268 3355 1375 3408 ρει,
1425 3344 1724 3405 Germanos
1754 3352 2030 3410 habendos

466 3422 672 3471 Censet.

537 3529 670 3587 Ibid.
705 3535 767 3592 Β.
813 3542 1219 3611 Συμφὲρονται
1261 3549 1331 3602 δὲ
1366 3554 1707 3621 Γερμανοῖς.
1755 3559 1865 3614 [loc
1898 3579 2031 3631 quo-

467 3638 571 3689 que
598 3626 699 3679 title
732 3628 949 3687 Laonici
975 3637 1064 3699 sit,
1107 3635 1351 3707 Ungaros
1375 3660 1494 3697 cum
1514 3645 1804 3706 Germanis
1839 3652 2026 3708 iisdem

466 3716 634 3768 armis
661 3726 714 3769 et
743 3721 987 3777 moribus
1021 3726 1118 3779 uti.

540 3827 676 3882 Ibid.
709 3829 771 3885 C.
816 3831 954 3887 ’Λπό
983 3853 1044 3889 τε
1067 3839 1241 3907 σφῶν
1262 3842 1481 3897 αὐτῶν.
1512 3846 1665 3913 Quod
1695 3850 1779 3902 hic
1816 3851 2025 3917 scribit,

473 3919 722 3989 Ungaros
760 3939 856 3979 sua
900 3928 1143 3996 ipsorum
1197 3934 1376 4003 lingua
1438 3937 1723 3995 Paunones
1753 3943 1854 3995 dici
1900 3961 2027 3997 nes-

465 4013 551 4066 cio
588 4029 655 4065 an
701 4016 827 4068 olim
873 4034 1058 4075 Verum
1111 4024 1308 4091 fuerit;
1366 4027 1522 4083 hodie
1573 4042 1717 4084 certe
1766 4048 1870 4085 non
1922 4049 2024 4089 est.

468 4102 678 4171 Μαρίαν
703 4107 1054 4178 (ΙῘ58)“ΙΙΣΙῙ)ιΙΙΙὶ
1093 4115 1323 4184 Ungaris
1357 4117 1601 4187 Ungarus
1633 4122 1870 4188 dicitur;
1909 4126 2028 4179 Μιε-

463 4196 666 4260 giarok.
702 4199 927 4267 litigari.

535 4311 670 4366 Ibid.
717 4314 1014 4392 Ῥωμαίων
1054 4320 1348 4387 ἀρχιερέα.
1405 4322 1704 4390 Eugenium
1754 4329 1817 4382 IV
1869 4333 2026 4401 cujus

461 4403 739 4471 cpitapbiu
765 4406 818 4459 id
845 4407 1022 4475 ipsum
1060 4409 1257 4478 legitur
1281 4433 1294 4465 :

536 4536 702 4617 Istius
736 4552 857 4617 ante
879 4560 1056 4598 sacros
1081 4562 1132 4617 se
1166 4549 1412 4614 prtebuit.
1466 4552 1599 4604 alter
1632 4555 1695 4604 ab
1730 4565 1872 4617 ortu,

605 4610 753 4663 Alter
778 4614 841 4663 ab
872 4629 1061 4688 occasu
1091 4610 1273 4688 Cri'sar
1302 4629 1516 4688 uterque
1545 4626 1718 4686 pedes.

535 4679 684 4759 Alter
715 4690 769 4731 ut
798 4685 1025 4750 accipiat
1064 4687 1187 4759 ﬁdei
1208 4679 1519 4759 documenta
1545 4679 1779 4759 'Latiute,

600 4749 750 4800 Alter
777 4766 830 4805 ut
855 4749 1250 4824 aurato‘cingut
1281 4758 1475 4812 [tonare
1501 4778 1673 4826 caput.

533 4910 659 4965 Ibid.
692 4908 752 4963 D.
808 4911 933 4977 Τοῖς
979 4911 1219 4966 Κελτῶν
1280 4916 1632 4980 βασιλεῦσι.
1679 4921 1753 4974 lta
1802 4923 2023 4979 ninnino

456 5001 748 5072 legendum
788 5013 881 5059 :et
911 5020 1005 5073 pro
1040 5005 1205 5060 Celtis
1243 5009 1319 5063 \el
1362 5009 1549 5074 Gallis,
1580 5011 1806 5069 Francis
1843 5017 2022 5084 potius

459 5097 767 5149 dicendum.
816 5094 1000 5164 Neque
1067 5098 1117 5151 id
1179 5108 1285 5153 tam
1341 5102 1532 5157 merito
1585 5104 1823 5161 liberatae
1858 5122 1887 5162 a
1918 5107 2020 5163 Sa-

462 5189 675 5242 racenis
698 5188 970 5258 Hispania:
997 5189 1161 5259 (quod
1197 5201 1347 5261 putat
1391 5191 1701 5265 Laonicus),
1732 5213 1894 5265 quam
1930 5198 2020 5253 de-

460 5284 628 5333 tensae
678 5281 849 5350 ipsius
915 5281 1082 5337 Italize
1134 5292 1187 5337 et
1245 5282 1448 5340 Romae.
1502 5285 1831 5355 Luitprando
1874 5290 2019 5346 enim

462 5373 939 5445 Langobardorum
984 5392 1108 5446 rege
1171 5376 1395 5431 Romam
1454 5380 1756 5443 obsidente,
1814 5380 2020 5453 Grego-

465 5470 577 5522 rius
607 5467 673 5521 lll
709 5485 844 5538 papa
878 5484 983 5522 non
1006 5469 1115 5534 jam
1148 5470 1211 5521 ad
1244 5470 1464 5523 solitum
1504 5471 1762 5525 auxilium
1794 5473 2023 5542 impera-

463 5562 597 5615 toris
625 5548 1206 5631 Constantinopolitani
1242 5565 1423 5632 (quem
1455 5564 1525 5618 ob
1559 5563 1757 5630 eiectas
1803 5569 2020 5637 temp'is

461 5653 723 5719 imagines
749 5656 1133 5707 cmumnniene
1180 5664 1234 5707 et
1265 5656 1494 5723 imperio
1524 5655 1854 5723 privaverat)
1887 5672 2016 5712 con-

454 5742 613 5810 fugit,
637 5742 727 5796 scd
750 5742 812 5795 ad
834 5742 1102 5812 principcs
1121 5741 1449 5799 Francorum
1474 5743 1672 5800 Callias
1696 5746 2015 5813 tenentium,

2144 1884 2391 1940 instituto
2416 1892 2729 1958 electmum;
2788 1898 2931 1963 quod
2980 1912 3083 1950 non
3138 1902 3334 1965 miror,
3371 1918 3497 1956 cum
3542 1905 3704 1958 etiam

2140 1975 2475 2033 Constantini
2499 1984 2840 2039 donationem
2856 1986 3079 2042 Pbotius
3102 2002 3265 2059 ponat
3292 1992 3345 2045 in
3367 1992 3705 2048 Nomoeano-

2143 2082 2230 2121 ne.
2266 2067 2588 2125 Fuitantem
2637 2074 2920 2143 imperium
2982 2079 3377 2136 baereditarinm
3434 2085 3487 2138 in
3539 2087 3706 2154 stirpe

2141 2160 2318 2213 Caroli
2344 2160 2518 2231 Magni
2552 2180 2644 2231 per
2662 2176 2882 2221 centum
2922 2169 3110 2236 viginti
3173 2187 3373 2236 annos.
3441 2192 3612 2244 usque
3638 2180 3702 2230 ad

2138 2250 2448 2308 Conradum
2480 2256 2710 2323 primum
2742 2276 2758 2312 :
2809 2262 2899 2330 qui
2960 2265 3197 2319 moriens
3240 2281 3382 2323 anno
3413 2268 3532 2331 920.
3567 2273 3706 2325 ultro

2138 2344 2327 2399 detulit
2378 2347 2663 2416 imperium
2699 2351 2765 2405 ad
2790 2349 3079 2408 Henricutn
3104 2354 3403 2428 Aucnpem,
3429 2360 3700 2417 Saxonum

2136 2439 2353 2504 ducem,
2384 2456 2508 2495 cum
2539 2456 2648 2512 quo
2679 2442 2877 2496 bellum
2912 2444 3110 2514 injuste
3138 2449 3377 2516 gerebat.
3433 2451 3485 2503 lu
3538 2452 3696 2507 latui-

2138 2525 2206 2580 lla
2237 2520 2398 2595 bujus
2440 2529 2653 2585 llenrici
2691 2530 2710 2583 Ι
2757 2532 2846 2599 (de
2898 2550 3006 2603 quo
3065 2547 3148 2591 est
3195 2542 3510 2595 constitutio
3568 2543 3699 2596 dist.

2137 2618 2226 2685 63)
2267 2621 2663 2676 hereditarium
2688 2621 2789 2677 luit
2820 2625 3105 2694 imperium
3160 2644 3332 2697 usque
3353 2634 3417 2684 ad
3450 2632 3698 2689 Ottonem

2135 2710 2203 2764 Ill
2234 2724 2581 2783 pronepotem
2607 2715 2768 2784 ejus:
2802 2718 2892 2785 qui
2954 2734 3145 2774 carens
3188 2719 3314 2776 ﬁliis
3364 2724 3417 2776 in
3467 2726 3703 2778 comitiis

2136 2802 2509 2872 imperialibus
2545 2806 2852 2877 principum
2885 2819 3088 2877 septem
3131 2810 3392 2868 electores
3436 2813 3697 2882 inStituit,

2135 2903 2190 2948 et
2216 2909 2273 2949 ut
2299 2895 2702 2954 Francol‘ordiaa
2740 2900 2933 2955 electio
2970 2901 3113 2956 lieret
3150 2921 3165 2957 :
3201 2906 3529 2974 approbante
3563 2906 3699 2962 Gre-

2134 2987 2286 3054 gorio
2313 2985 2357 3039 ν
2386 3003 2545 3057 papa,
2576 2991 2791 3045 natione
2817 3001 2869 3046 et
2898 2994 3012 3063 ipso
3056 2992 3291 3051 Saxone.
3335 2994 3519 3066 Itaque
3555 3014 3699 3052 anno

2138 3076 2278 3131 1500
2310 3077 2600 3145 Henricus,
2636 3081 2876 3137 Bavarize
2923 3084 3053 3148 dux,
3078 3083 3231 3151 juxta
3289 3084 3433 3138 illam
3491 3089 3696 3142 consti-

2135 3166 2397 3221 tutionem
2436 3169 2662 3236 primus,
2717 3182 2771 3226 et
2825 3172 2989 3240 hujus
3017 3174 3250 3229 nominis
3274 3178 3545 3231 secundus
3578 3178 3690 3231 ele-

2133 3269 2254 3311 etus
2285 3257 2405 3313 luit.
2438 3258 2561 3315 Haec
2586 3260 2648 3316 C.
2676 3261 2744 3317 Μ.
2766 3264 2818 3318 in
2848 3265 3015 3319 addit.
3043 3266 3115 3333 gl.
3139 3266 3204 3321 ad
3230 3282 3278 3322 c.
3315 3265 3690 3335 Venerabilem,

2131 3350 2206 3404 De
2234 3351 2479 3406 election.
2516 3362 2570 3407 et
2601 3354 2759 3408 clem.
2791 3355 2815 3408 1
2855 3354 2929 3409 De
2948 3355 3183 3425 jurejur.

2200 3442 2315 3496 Jam
2357 3460 2484 3498 vero
2530 3446 2699 3515 (lubet
2761 3448 2903 3500 enim
2959 3449 3232 3519 praedictis
3304 3452 3443 3507 banc
3490 3453 3695 3521 digres-

2131 3534 2435 3589 siunculam
2488 3537 2828 3608 adnectere),
2868 3540 2970 3594 etsi
3021 3541 3247 3599 Carolus
3301 3545 3534 3613 Magnus
3589 3563 3692 3599 nun

2134 3638 2348 3682 tantum
2378 3629 2501 3696 jure
2538 3631 2687 3697 belli,
2713 3634 2854 3702 quod
2905 3652 3027 3689 cum
3068 3636 3443 3707 Longobardis
3493 3640 3694 3706 ἀμυνό-

2133 3736 2292 3793 μενος
2331 3733 2597 3792 gesserat,
2624 3731 2678 3777 et
2704 3723 2764 3779 S.
2800 3724 2859 3780 P.
2890 3726 2955 3793 Q.
2989 3725 3055 3782 Β.
3087 3729 3363 3784 voluntate
3388 3742 3441 3785 et
3475 3736 3690 3801 pontiti-

2130 3817 2209 3871 cis
2242 3816 2592 3872 coronatione
2620 3826 2771 3872 vetus
2799 3830 2849 3873 et
2869 3820 3163 3890 legitimus,
3199 3823 3243 3878 si
3277 3824 3399 3893 quis
3430 3841 3686 3893 unquam,

2128 3907 2352 3964 eﬁ‘ectus
2415 3919 2560 3964 esset
2626 3910 2936 3981 imperator,
3018 3916 3111 3968 sed
3177 3916 3543 3972 transactione
3606 3920 3691 3970 in-

2130 4017 2294 4072 super
2323 4018 2443 4057 cum
2465 4002 2614 4057 lrene
2636 4005 2878 4072 Augusta
2911 4020 3140 4075 eamque
3198 4008 3398 4062 secutis
3424 4006 3691 4077 Nicepho-

2133 4105 2195 4142 ro
2224 4100 2277 4144 et
2317 4088 2514 4145 Basilio
2549 4091 2970 4159 imperatoribus
3022 4095 3363 4165 interposita,
3418 4104 3691 4166 certisque

2134 4181 2376 4235 terminis
2418 4181 2629 4251 imperii
2662 4185 2800 4237 inter
2827 4201 2917 4238 eos
2940 4185 3210 4242 divisione
3253 4188 3392 4243 facta
3419 4188 3507 4256 ius
3530 4206 3687 4245 suum

2133 4272 2347 4327 abunde
2442 4273 2838 4341 conﬁrmasset,
2886 4277 3115 4347 ideoque
3179 4279 3337 4350 legati
3408 4279 3687 4352 Byzantini

2130 4382 2253 4420 eum
2287 4364 2510 4435 βασιλέα
2537 4366 2716 4435 palam
2756 4368 3103 4433 salutassent,
3131 4379 3185 4424 et
3206 4370 3427 4425 omnino
3453 4372 3523 4425 ita
3551 4373 3690 4427 inter

2133 4458 2277 4526 ipsos
2357 4466 2681 4510 conventum
2746 4459 2945 4528 diuque
3002 4458 3343 4515 observatum
3410 4472 3551 4516 esset
3633 4477 3692 4516 ut

2127 4565 2284 4619 aequo
2309 4549 2433 4619 jure
2495 4549 2774 4623 Byzantini
2831 4561 2885 4605 et
2936 4550 3106 4604 nostri
3140 4550 3414 4622 Augustos
3444 4553 3689 4621 adeoque

2127 4642 2323 4695 fratres
2357 4657 2415 4696 se
2435 4642 2800 4711 appellarent:
2852 4643 3111 4712 paulatim
3172 4653 3351 4699 tamen
3410 4645 3585 4699 invida
3631 4655 3691 4700 et

2129 4734 2415 4788 ambitiosa
2443 4735 2537 4788 illa
2566 4736 2716 4789 natio
2762 4736 2960 4789 nostris
2982 4734 3289 4791 Caesaribus
3315 4752 3441 4791 eum
3466 4738 3683 4792 titulum

2130 4826 2421 4880 detrahere
2452 4837 2643 4881 conata
2674 4836 2774 4893 est,
2805 4837 2859 4881 et
2896 4843 3026 4883 suos
3058 4829 3205 4884 solos
3241 4829 3481 4898 βασιλεῖς
3507 4842 3560 4887 et
3592 4832 3692 4885 αὖ·

2128 4917 2459 4986 τοκρὰτορκς
2517 4918 2808 4987 Ῥωμαίων
2850 4920 2903 4973 in
2961 4920 3350 4989 diplomatibus
3396 4930 3450 4979 et
3472 4924 3689 4981 numis-

2130 5009 2365 5062 matibus
2393 5010 2751 5077 perscribere,
2815 5010 3180 5081 dominosque
3208 5013 3356 5068 orbis
3414 5022 3685 5070 terrarum

2124 5099 2349 5169 jactare.
2377 5098 2601 5154 Nostros
2635 5110 2816 5155 autem
2841 5100 3059 5156 Latinos
3110 5112 3317 5159 tantum
3334 5112 3389 5159 et
3408 5104 3686 5161 Alamanos

2127 5190 2482 5261 Francosque,
2508 5204 2563 5246 et
2583 5191 2851 5248 Caesarem
2883 5204 3128 5249 nostrum
3163 5211 3271 5251 non
3295 5197 3474 5253 minus
3503 5197 3686 5269 inepto

2126 5299 2289 5352 quam
2346 5300 2488 5337 novo
2545 5294 2852 5341 commento
2913 5288 3054 5359 ρἦα
3094 5289 3683 5362 Ἀλαμανίαςῆῡραγ-

2127 5374 2267 5443 γῖας.
2304 5374 2453 5431 Unde
2477 5376 2674 5432 factum
2704 5387 2807 5439 est.
2838 5388 2895 5433 ut
2924 5394 2953 5432 a
3005 5380 3210 5435 nostris
3264 5381 3504 5437 vicissim
3530 5380 3683 5450 paria

2128 5467 2510 5534 l'CpOIlClllibtlS
2542 5484 2647 5521 non
2679 5470 2835 5523 aliter
2884 5486 3046 5540 quam
3099 5472 3401 5527 Crwcorum
3454 5489 3594 5542 rcges
3626 5480 3685 5527 et

2126 5558 2691 5625 Constantinpolitaui
2725 5562 3061 5631 imperatores
3084 5565 3411 5623 dicerentur.
3442 5574 3499 5618 ut
3542 5565 3684 5632 apud

2128 5650 2486 5708 llclmoldum.
2527 5650 2793 5706 Olbonem
2844 5651 3102 5725 Frising.,
3135 5654 3278 5711 Petr.
3310 5658 3375 5709 de
3410 5655 3592 5709 Vincis
3630 5667 3683 5710 et

2126 5744 2255 5801 alios
2295 5745 2558 5801 videmus.
2590 5745 2651 5800 Et
2686 5748 2805 5817 quis
2830 5751 2947 5804 sine
2982 5749 3263 5805 stomacho
3291 5751 3427 5820 legat
3458 5751 3678 5805 Graecu-
