4026 6204
307 238 416 299 5-69

306 351 420 404 lum
458 348 696 407 Henrico
727 355 1041 424 imperatori
1104 365 1173 419 ita
1207 366 1620 434 obgannientem

306 444 516 512 κυρίων
544 445 732 516 κύριος
758 451 1092 523 καθεστήκει
1116 461 1209 512 καὶ
1243 461 1499 529 βασιλεὺς
1530 466 1880 521 ἀναδέδεκται

310 534 599 604 βασιλέων,
633 542 781 604 ὅπως
807 548 1108 614 μοναρχίαν
1166 555 1571 621 περιϐαλεῖται,
1633 561 1727 612 καὶ
1787 561 1881 615 κύ-

313 644 427 697 ριος
460 630 669 685 ὲσεῖται
717 634 829 687 τῶν
866 638 1051 707 κύκλῳ
1084 642 1415 699 δυναστειῶν
1471 653 1593 712 τοὺς
1632 652 1882 706 Ἀντωνί-

313 737 432 781 νους
463 723 557 774 καὶ
594 725 937 791 Αὐγούστους
965 730 1041 799 τῷ
1071 733 1400 806 διανοητικῷ
1446 744 1878 810 φανταζομένος,

318 813 573 882 καὶπρὸς
596 816 705 867 τῶν
739 820 963 872 ἐκείνων
987 825 1161 894 ἀρχὴν
1198 830 1455 884 ἐκτείνων
1512 835 1611 903 τὴν
1666 837 1876 906 ἔφεσιν,

320 907 409 958 καὶ
446 911 641 977 μικροῦ
677 912 1047 982 φθεγγόμενος
1080 921 1201 972 κατ’
1227 920 1602 994 ἰΏέξα-λδρον,
1648 931 1716 983 τὰ
1745 932 1875 998 τῇδε

320 1000 417 1051 καὶ
455 1001 524 1053 τὰ
552 1004 678 1071 τῇδε
698 1006 875 1059 πάντα
923 1010 1119 1074 ἑμάᾸε
1168 1023 1254 1067 est
1304 1014 1519 1071 Nicetas
1564 1019 1874 1078 Cboniates.

323 1092 465 1157 Quid
522 1098 664 1161 quod
726 1096 1011 1155 Frederico
1040 1104 1347 1173 imperatori
1401 1120 1687 1165 transitum
1717 1131 1877 1169 exer-

324 1183 452 1236 citui
508 1200 609 1238 suo
663 1192 866 1256 petenti
919 1192 1085 1262 (quod
1155 1196 1483 1254 Godefridus
1529 1215 1707 1258 noster
1771 1208 1879 1261 Go-

326 1277 580 1331 loniensis
641 1282 921 1340 adnotavit
980 1288 1082 1342 sub
1147 1306 1289 1343 anno
1344 1294 1500 1364 H87)
1548 1296 1879 1367 Byzantinus

323 1384 413 1428 per
431 1373 767 1437 responsales
784 1391 913 1430 suos
936 1378 1300 1447 detnandavit,
1344 1400 1403 1437 se
1437 1396 1559 1456 post
1610 1388 1774 1442 Deum
1795 1406 1879 1446 es-

318 1473 377 1508 se
415 1458 700 1514 dominum
749 1464 1411 1536 dontinantiuut.QuodSi
1437 1492 1655 1544 regnum
1682 1478 1879 1534 [intra-

317 1561 501 1601 norum
522 1551 655 1602 dare
675 1554 840 1608 vellet
880 1556 932 1609 in
956 1573 1149 1613 manus
1168 1562 1307 1629 ejus,
1330 1568 1463 1619 etab
1484 1583 1547 1621 co
1570 1568 1691 1622 loco
1708 1570 1880 1625 homi-

318 1640 388 1693 ni
425 1642 681 1709 recipere,
715 1646 1038 1703 conductum
1100 1653 1147 1706 ei
1181 1655 1336 1709 daret
1396 1674 1487 1725 per
1529 1670 1699 1715 terras
1749 1680 1876 1718 suas

320 1742 369 1782 et
397 1744 685 1788 mercatum
733 1737 1022 1796 snﬁiciens.
1054 1743 1220 1809 Quasi
1250 1765 1357 1802 tton
1404 1755 1570 1806 nostri
1610 1756 1787 1823 potius
1844 1773 1874 1810 a

324 1822 473 1873 reteri
506 1824 695 1889 Ruina,
724 1843 885 1896 quam
912 1846 940 1884 a
978 1848 1114 1887 nova
1152 1851 1249 1889 sua
1302 1822 1655 1897 Constantina
1690 1847 1872 1912 (quam

326 1925 419 1964 nec
450 1912 611 1981 ipsam
634 1918 837 1987 absque
861 1919 1156 1979 Gothorum
1225 1944 1325 1997 Ope
1344 1942 1608 1987 structam
1657 1952 1877 1990 surrex-

330 2001 449 2067 isse,
476 2004 770 2066 Jornandcs
794 2012 846 2065 in
885 2012 1080 2071 Geticis
1107 2030 1298 2073 auctor
1324 2022 1429 2093 est)
1457 2041 1647 2079 nomen
1676 2030 1876 2096 princi-

326 2104 473 2160 patus
502 2097 584 2151 sui
617 2112 663 2152 et
695 2099 1095 2162 Antoniuorum
1144 2111 1628 2182 Augttstorttutque
1653 2137 1876 2179 succes-

319 2184 979 2250 siooetndeduccrcnt?et
1034 2198 1077 2252 si
1140 2202 1219 2254 vel
1258 2200 1426 2257 Roma
1487 2208 1693 2273 relicta,
1730 2214 1874 2278 quod

316 2277 463 2361 etiam
500 2280 711 2349 antiqui
760 2286 1038 2356 principes
1063 2306 1169 2345 non
1229 2311 1356 2348 raro
1387 2298 1649 2361 fecerunt,
1680 2301 1876 2358 Medio-

318 2359 507 2433 lanum,
532 2372 832 2439 Treverim,
855 2379 1123 2437 Lutetiam
1152 2387 1332 2441 Romae
1358 2391 1724 2458 pneferentes.
1747 2398 1874 2451 alibi

328 2460 553 2519 habitare
603 2483 1024 2541 przeoptassent,
1064 2488 1226 2548 atque
1267 2483 1404 2536 adeo
1445 2482 1672 2539 Romam
1719 2489 1871 2543 alteri

332 2550 657 2611 habitandam
683 2562 825 2615 ultro
863 2566 1182 2634 cessissent,
1219 2581 1277 2625 ut
1310 2576 1581 2640 quondam
1608 2576 1753 2631 Ζειιο
1776 2580 1875 2632 itu-

322 2657 521 2708 perator
544 2650 879 2711 Theoderico
901 2658 1111 2726 Gotho;
1147 2679 1251 2716 non
1286 2667 1465 2733 potius
1495 2670 1617 2722 aula
1638 2673 1875 2726 etcomi-

320 2748 446 2794 tatus
469 2742 726 2809 Caesaris,
743 2758 795 2801 et
812 2752 898 2803 ubi
920 2755 1129 2807 curiam
1157 2759 1414 2817 celebrat.
1436 2774 1491 2814 ιιι
1514 2765 1680 2817 nostri
1701 2766 1873 2833 srrip-

319 2840 448 2884 tores
473 2834 797 2907 loquuntur,
820 2843 1052 2909 denique
1075 2848 1162 2899 ubi
1185 2848 1362 2903 Caesar
1379 2862 1478 2911 est,
1502 2850 1666 2907 liottta
1688 2856 1869 2910 haberi

316 2925 607 2981 debuisst-t.
668 2928 741 2982 Ita
783 2935 925 2988 enim
990 2940 1122 2993 satis
1152 2940 1327 2994 visum
1359 2955 1463 3007 cst,
1491 2956 1547 2997 ιιι
1578 2944 1870 3002 Germania

1817 258 2055 321 NOTxE.

1656 392 1672 431 :
1716 376 1804 437 Ὠς
1832 380 1881 430 si
1908 377 1958 433 Α
1987 380 2244 442 maniam,
2268 397 2430 449 quam
2457 383 2588 436 olim
2621 384 2790 439 solam
2820 385 3184 456 desiderabat,
3227 390 3336 460 jam
3372 396 3544 451 solam

3440 239 3549 333 570

1984 468 2175 524 habent
2206 489 2220 526 ξ
2249 473 2339 524 sed
2362 475 2609 527 utsolttm
2636 487 2890 545 quantum
2907 478 2999 531 sub
3024 479 3178 535 Tatio
3199 486 3422 551 populus
3447 486 3548 541 Ro-

1982 578 2168 615 manus
2199 564 2429 628 arabat;
2465 582 2596 620 eove
2620 570 2796 621 minus
2829 569 3138 626 Romanum
3168 574 3306 629 foret
3331 577 3373 647 ἵ)
3401 589 3547 633 certe

1970 665 2233 724 porrecta
2271 657 2577 711 Germania:
2627 669 2680 713 ιιι
2746 665 2921 727 spatio
2956 674 3115 718 terrze
3145 666 3275 720 nulli
3307 685 3542 739 unquam

1982 748 2193 809 regioni
2252 762 2561 817 cesserunt,
2626 755 2698 807 ita
2750 770 2849 810 nec
2884 757 3045 810 hodie
3082 758 3311 823 viribus,
3351 763 3542 824 armis,

1983 841 2192 895 artibus
2223 852 2313 895 attt
2338 843 2569 908 ingeniis
2595 844 2850 914 cuiquam
2882 848 3113 903 habitati
3145 850 3294 906 orbis
3318 854 3544 920 provin-

1980 931 2079 984 ciae
2111 932 2193 984 vel
2230 933 2401 986 hilum
2432 936 2770 990 concedant:
2800 948 2855 992 et
2892 938 3535 1011 Occidentisimperium,

1981 1022 2027 1075 si
2054 1038 2177 1075 cum
2196 1022 2521 1083 Germanica
2544 1028 2946 1098 sedeprincipis
2977 1042 3165 1085 castera
3185 1035 3327 1087 socia
3354 1051 3539 1103 regna,

1981 1129 2102 1181 quae
2134 1130 2231 1169 ceu
2266 1118 2496 1172 coloniae
2536 1136 2598 1171 ex
2638 1121 2725 1174 illa
2786 1126 3033 1190 gentium
3080 1125 3293 1179 oﬂicina
3330 1127 3543 1195 prodie-

1980 1216 2126 1265 runt.
2163 1217 2216 1260 et
2242 1209 2559 1265 altertttrins
2585 1212 2780 1280 linguas
2804 1213 3116 1271 Tctttonica.
3136 1234 3295 1271 merae
3326 1228 3417 1270 aut
3435 1218 3539 1271 La-

1981 1296 2106 1349 tinae
2151 1310 2422 1367 corruptae
2468 1305 2746 1357 consortio
2800 1309 3083 1362 nobiscum
3136 1319 3409 1371 tenentur,
3448 1326 3541 1363 eo-

1980 1388 2210 1458 demque
2244 1393 2369 1457 jure
2392 1393 2635 1449 Romauo
2666 1399 2945 1452 nobiscum
2993 1404 3356 1457 communiter
3381 1414 3538 1456 utun-

1989 1490 2094 1542 tur.
2132 1484 2581 1552 conjungantur;
2619 1501 2879 1556 quantum
2936 1496 3152 1547 tandem
3182 1494 3402 1548 Grati-ite
3438 1496 3534 1548 toti

1986 1572 2323 1641 imperioque
2356 1577 2487 1637 Eoo,
2522 1580 2685 1633 etiam
2750 1584 2837 1635 tibi
2877 1582 3004 1636 illud
3044 1586 3457 1653 integerrimum
3484 1595 3538 1640 ct

1979 1664 2423 1721 ﬂorentissimum
2462 1670 2581 1733 fuit,
2617 1675 2921 1728 concedet?
2959 1675 3083 1729 Sive
3109 1687 3290 1730 autem
3328 1678 3536 1731 utrius-

1980 1769 2087 1820 que
2141 1755 2284 1809 vires
2311 1766 2363 1810 et
2387 1760 2683 1825 potentiam
2715 1764 3085 1827 conferamus,
3108 1782 3174 1817 an
3197 1766 3531 1819 Francorum

1981 1845 2086 1898 illis
2139 1848 2353 1911 regibus
2409 1851 2828 1916 potentissimis.
2864 1854 3064 1906 Carolo
3111 1854 3414 1916 praesertim
3450 1862 3533 1907 tot

1979 1938 2299 2004 populorum
2340 1941 2530 1994 victori
2578 1951 2629 1995 et
2677 1944 3004 1997 dominatori
3035 1944 3337 1998 fortissimo
3366 1952 3534 1997 ctsa~

1980 2028 2341 2095 pientissimo,
2402 2033 2544 2087 ullus
2587 2034 2898 2088 Graecorum
2934 2052 3031 2104 par
3068 2052 3188 2090 esse
3229 2035 3538 2104 potuisset?

1978 2120 2203 2186 Quoties
2237 2121 2547 2177 Germanici
2576 2141 2697 2179 cum
2732 2142 2827 2195 per
2858 2136 3006 2180 tanta
3070 2138 3225 2181 terrae
3256 2128 3536 2195 pelagique

1978 2211 2261 2265 intervalla
2292 2215 2436 2268 bello
2470 2233 2626 2271 sacro
2656 2217 2962 2274 Saracenos
3024 2221 3077 2274 in
3118 2221 3244 2273 Asia
3277 2230 3459 2288 petere
3485 2228 3537 2272 et

1978 2313 2178 2357 terram
2226 2308 2371 2360 illam
2409 2310 2606 2376 (quam
2648 2312 2876 2377 vocant)
2912 2323 3155 2367 sanctam
3222 2312 3532 2368 Graecorum

1978 2394 2187 2462 ignavia
2219 2398 2421 2452 dudum
2451 2403 2708 2457 antissam
2736 2420 2929 2471 magna
2947 2421 3011 2458 ex
3038 2415 3187 2473 parte
3214 2419 3535 2473 recuperare

1977 2496 2296 2554 potuerunt.
2332 2492 2413 2543 vel
2450 2492 2503 2544 in
2542 2494 2771 2547 transitu
2827 2494 3141 2564 Byzantiuis
3176 2496 3400 2562 regibus
3428 2506 3536 2547 ter-

1978 2574 2088 2626 rori
2146 2588 2199 2630 et
2254 2578 2532 2633 formidini
2602 2582 2868 2636 fuerunt?
2920 2582 3109 2637 Nonne
3171 2584 3533 2637 t-eroillorttnt

1977 2666 2319 2733 principatus
2346 2671 2448 2723 sub
2473 2673 2661 2726 Alexio
2678 2675 2883 2738 Angela
2906 2676 3190 2730 Germanis
3214 2677 3536 2729 tributarius

1976 2754 2173 2824 factus,
2204 2763 2498 2831 etvectigal
2524 2765 2646 2818 inde
2679 2767 3041 2833 Ἀλαμανικόν
3064 2774 3309 2819 vocatum
3332 2765 3537 2821 Gra'cis

1976 2850 2291 2905 hominibus
2351 2853 2662 2908 indictum?
2701 2857 2765 2908 ad
2823 2858 2965 2925 quod
3014 2859 3408 2911 conﬁciendum
3439 2874 3537 2911 nec

1975 2941 2194 3009 quidem
2261 2944 2505 3012 priorum
2549 2947 2934 3013 imperatorum
2998 2950 3266 3002 thesauris
3311 2963 3409 3002 nec
3449 2964 3537 3002 se-

314 3028 596 3085 postquatu
632 3021 754 3076 inde
804 3026 873 3078 ab
919 3027 1069 3083 urbis
1093 3034 1350 3100 auspiciis
1395 3035 1515 3101 ejus
1571 3038 1787 3093 inimica
1812 3041 1937 3097 etC
1975 3034 2183 3100 pulcris
2244 3037 2511 3103 parcitum
2564 3037 2686 3094 fuit.
2746 3039 2882 3093 Cttttt
2939 3040 3208 3093 Henricus
3273 3039 3533 3094 Friderici

310 3111 522 3174 amula,
584 3129 690 3167 non
750 3117 930 3173 minus
998 3136 1161 3188 quam
1218 3125 1512 3195 Carthago,
1551 3127 1857 3184 Romanam

311 3200 560 3254 virtutem
608 3207 882 3272 perpetuis
941 3210 1095 3266 bellis
1152 3219 1512 3279 exercuisset.
1577 3228 1631 3274 et
1693 3238 1859 3291 quam

309 3293 464 3345 avide
498 3308 526 3347 a
572 3294 830 3353 Romanis
866 3302 1122 3370 expetita,
1164 3305 1466 3361 Germanici
1509 3309 1725 3365 titulum
1755 3329 1863 3380 prae

312 3381 430 3435 aliis
461 3400 488 3435 a
522 3382 656 3440 terra
692 3391 1021 3459 triumphata
1046 3396 1216 3465 magis
1237 3414 1399 3463 quam
1432 3401 1571 3455 victa
1607 3404 1863 3460 affectan-

320 3474 483 3538 tibus,
537 3488 635 3531 tatn
685 3482 1068 3551 insuperabilis
1100 3504 1314 3558 semper
1363 3495 1672 3561 restitisset,
1714 3498 1860 3552 limi-

315 3577 521 3636 temque
545 3571 889 3628 victoriarum
910 3594 1072 3646 quem
1098 3582 1358 3635 excedere
1374 3599 1482 3636 non
1503 3588 1674 3655 magis
1697 3605 1861 3657 quam

308 3658 617 3716 Parthicum
650 3665 1037 3737 Persicumque
1073 3684 1274 3740 posset.
1296 3675 1361 3728 ad
1390 3674 1563 3731 Rheni
1591 3690 1645 3734 et
1679 3682 1862 3736 Danu-

310 3752 375 3803 bii
404 3754 605 3807 lim-uta
634 3757 715 3809 eis
743 3760 1062 3826 praelixisset
1100 3782 1113 3817 :
1160 3766 1378 3819 tandem
1403 3784 1559 3822 versa
1590 3772 1708 3826 vice
1744 3774 1859 3842 ipsa

308 3845 446 3895 ultro
480 3842 803 3900 Bottiauiatu
834 3850 1093 3906 immissis
1117 3857 1366 3923 procella:
1400 3875 1549 3913 more
1579 3862 1862 3922 immensis

304 3938 627 4003 populorum
690 3942 928 3997 millibus
986 3948 1616 4022 aggrederetumneque
1650 3967 1859 4012 tantum

305 4043 495 4083 omnes
524 4031 589 4083 ad
632 4035 969 4089 occidentem
1009 4039 1317 4104 provincias
1368 4042 1626 4100 Romanis
1677 4057 1863 4103 extor-

301 4132 513 4187 queret,
577 4125 775 4192 quibus
838 4143 934 4181 ceu
968 4128 1206 4186 inductis
1237 4148 1300 4186 ex
1341 4150 1399 4187 se
1434 4138 1643 4192 colonis
1674 4140 1725 4193 iit
1764 4141 1862 4193 ho-

299 4213 550 4267 diernum
580 4216 721 4270 diem
752 4220 853 4272 sub
884 4220 1115 4277 diversis
1146 4227 1458 4282 n0tninibus
1492 4228 1859 4296 Francorum,

301 4302 811 4376 Langobardorum,
834 4308 1161 4375 Gothorum,
1185 4315 1507 4383 Anglorum,
1542 4317 1861 4389 Burgundii-

1964 3126 2307 3182 Barbarosste
2330 3130 2490 3191 ﬁlius,
2523 3130 2825 3186 ﬂuuialibus
2845 3135 2909 3185 ad
2933 3134 3082 3185 illum
3105 3134 3309 3196 missis,
3335 3133 3535 3185 Roma-

1973 3234 2073 3272 nas
2100 3220 2411 3286 prmiucias
2440 3236 2632 3273 omnes
2662 3222 2729 3275 ab
2759 3224 3057 3290 Epidamno
3088 3239 3259 3291 usque
3279 3225 3341 3275 ad
3364 3223 3534 3275 Thes-

1964 3310 2255 3362 salonicam
2275 3320 2541 3377 repetens.
2559 3324 2607 3360 et
2623 3311 2906 3363 Germanis
2927 3310 2976 3362 itt
2997 3311 3278 3364 Palaestina
3300 3309 3534 3362 militano

1966 3401 2109 3453 tibus
2152 3401 2354 3453 auxilia
2414 3401 2616 3453 navalia
2700 3401 2839 3453 mitti
2914 3401 3136 3467 jttbcus.
3188 3402 3529 3465 niitnpcrata

1968 3492 2226 3553 facerent,
2277 3492 2475 3545 bellum
2512 3509 2753 3560 prmsens
2785 3494 3165 3547 denuntiaret:
3203 3494 3346 3561 quod
3382 3491 3529 3544 Clio-

1966 3584 2142 3639 niates
2177 3584 2384 3651 prolixe
2419 3585 2706 3639 describit.
2731 3585 2865 3649 Quid
2891 3586 3035 3653 quod
3064 3600 3169 3637 non
3203 3586 3386 3637 multis
3412 3594 3532 3651 post

1963 3677 2118 3729 annis
2151 3677 2320 3743 ipsum
2346 3677 2632 3746 imperium
2655 3678 2883 3745 ejusque
2909 3679 3067 3745 regiae
3087 3678 3240 3732 sedes
3263 3676 3529 3730 Constan-

1967 3768 2223 3837 tinopolis
2256 3784 2285 3822 ει
2318 3768 2604 3822 Germanis
2640 3768 2907 3823 Balduino
2932 3768 3166 3822 Flandro
3194 3771 3329 3822 duce
3361 3784 3526 3819 occa.

1967 3870 2190 3927 patum;
2218 3860 2420 3913 Gnecis
2454 3861 2658 3913 interea
2691 3860 2925 3915 Niczeam
2960 3870 3011 3914 et
3042 3860 3434 3928 Trapezuntem
3472 3860 3524 3910 in

1963 3950 2243 4015 angustias
2262 3950 2489 4011 coactis;
2510 3959 2563 4003 et
2582 3951 2700 4017 plus
2722 3950 3091 4018 qunquaginta
3112 3951 3269 4003 annis
3294 3950 3359 4002 ab
3380 3948 3526 4002 illius

1962 4042 2279 4111 posteritate
2310 4057 2625 4109 possessum
2660 4042 2785 4096 fuit.
2813 4042 2927 4096 Non
2961 4043 3180 4102 addam,
3212 4043 3331 4096 illos
3361 4044 3526 4111 impe-

1966 4132 2058 4185 riis
2086 4132 2222 4193 suis,
2253 4143 2306 4183 et
2334 4130 2574 4192 Nicaino,
2606 4143 2657 4185 et
2678 4132 3116 4203 'Trapezttatino,
3151 4142 3205 4187 et
3245 4133 3527 4185 Bizantino

1964 4225 2177 4275 tandem
2198 4239 2227 4276 a
2241 4222 2434 4277 Turcis
2451 4224 2615 4278 citius
2633 4234 2846 4285 exutos.
2874 4226 3223 4293 futnlitusque
3239 4226 3453 4279 excisos
3474 4234 3528 4277 et

1963 4315 2195 4370 deletos:
2213 4326 2399 4370 contra
2423 4332 2559 4385 quos
2571 4316 2839 4371 Germana
2860 4320 3029 4372 virtus
3049 4319 3310 4372 hactenus
3328 4319 3524 4370 invicta

298 4413 447 4461 rum,
482 4398 947 4456 Nortmannorttm
991 4403 1307 4459 dominatur
1335 4448 1350 4473 ,
1382 4418 1436 4461 tit
1466 4410 1576 4478 jam
1612 4388 1719 4465 tota
1752 4412 1859 4465 Eu-
1890 4388 1939 4446 θ
1966 4425 2072 4462 non
2108 4419 2316 4463 tantum
2353 4411 2585 4479 patriam
2626 4420 2793 4465 tutam
2850 4412 3179 4479 praestiterit.
3215 4411 3307 4465 sed
3336 4420 3391 4465 et
3419 4425 3524 4465 ca:-

300 4507 432 4560 ropa
472 4493 545 4545 nil
600 4494 746 4547 aliud
808 4512 971 4564 quant
1028 4514 1222 4569 magna
1287 4503 1533 4570 quaedam
1565 4502 1859 4559 Germania

301 4585 597 4650 videatur;
633 4587 726 4639 sed
752 4603 880 4641 vero
919 4588 1127 4644 Italiam
1164 4592 1335 4662 ipsam
1366 4605 1419 4647 et
1456 4596 1643 4650 urbem
1677 4598 1852 4651 domi—

306 4692 434 4729 nam
476 4677 688 4745 imperii
724 4684 931 4743 sedem,
951 4681 1000 4731 vi
1032 4691 1085 4735 et
1111 4685 1279 4739 armis
1302 4701 1408 4738 non
1436 4689 1601 4741 semel
1625 4704 1863 4758 occupa-

299 4780 425 4833 ret;
468 4772 794 4839 tandemque
829 4774 988 4827 titulo
1006 4777 1337 4845 etdignitate
1373 4779 1584 4847 imperii
1615 4781 1859 4849 legitime

300 4865 592 4929 potiretur.
616 4865 693 4917 Ita
716 4875 774 4917 ttt
798 4864 1082 4933 imperium
1115 4867 1447 4933 Romanum,
1473 4874 1613 4939 quod
1639 4871 1865 4925 Germa-

302 4971 402 5009 nos
435 4970 628 5022 capere
656 4971 763 5009 non
796 4961 994 5024 potuit,
1029 4960 1242 5013 illorum
1280 4961 1480 5015 virtute
1515 4972 1730 5031 captum
1758 4982 1772 5027 ;
1808 4975 1865 5019 et

298 5048 390 5114 qui
426 5048 611 5102 hostes
630 5049 759 5100 olim
791 5049 1072 5115 Romanis,
1094 5067 1236 5107 nunc
1263 5053 1530 5119 victores;
1558 5057 1700 5125 quod
1729 5057 1860 5110 olim

301 5135 657 5193 Barbaricam
729 5138 1010 5206 Romanis,
1039 5143 1217 5209 utipsi
1278 5145 1726 5212 pt-aaseferebant,
1766 5146 1862 5200 dc-

301 5230 566 5297 spicatui,
598 5247 658 5283 re
680 5240 861 5285 autem
894 5248 1019 5287 vera
1054 5234 1326 5303 fortttidini
1364 5236 1486 5301 fuit,
1521 5237 1571 5289 id
1598 5253 1742 5291 nunc
1772 5254 1862 5291 ar-

306 5322 456 5373 tibus
486 5332 540 5375 et
575 5323 821 5377 moribus
857 5322 1213 5377 cultissimum
1256 5327 1410 5380 sedes
1426 5337 1481 5380 et
1515 5343 1607 5379 arx
1645 5328 1859 5397 imperii

303 5417 508 5465 tactum
543 5415 614 5467 sit
638 5453 653 5467 .
681 5415 832 5478 Quod
871 5416 915 5469 si
954 5414 1119 5467 etiam
1156 5416 1382 5470 ditionis
1417 5418 1707 5487 utriusque
1739 5435 1859 5473 am-

315 5505 639 5573 plitudinem
674 5506 948 5574 inspicere
984 5508 1147 5560 libeat
1171 5548 1185 5572 ,
1212 5510 1465 5576 quamvis
1497 5526 1557 5562 ca
1593 5511 1658 5563 ad
1719 5512 1859 5564 banc

301 5600 659 5661 qttzt'stionetn
689 5613 791 5649 non
818 5599 1050 5666 pertinet
1081 5598 1231 5666 (quid
1256 5599 1442 5652 enim?
1474 5600 1519 5654 si
1558 5602 1639 5654 vel
1674 5602 1739 5654 ad
1766 5618 1858 5656 cas

303 5689 586 5756 angustias
619 5690 903 5760 imperium
946 5689 1241 5759 redigatur,
1279 5708 1385 5749 non
1421 5693 1597 5749 dicam
1633 5704 1687 5748 ut
1723 5694 1849 5749 Ger-

1966 4500 2095 4554 teris
2130 4499 2403 4570 Hesperia:
2432 4501 2724 4571 provinciis
2754 4502 2936 4556 contra
2970 4502 3527 4567 innnanissimaageu-

1969 4593 2038 4647 tis
2064 4594 2363 4648 eluvioncm
2387 4594 2529 4647 velut
2552 4594 2606 4647 in
2634 4595 2773 4648 muri
2800 4595 3091 4664 aggerique
3122 4595 3292 4648 vicem
3327 4594 3525 4656 fuerit;

1965 4690 2107 4755 quod
2128 4697 2298 4740 totum
2322 4687 2451 4739 illud
2468 4702 2574 4740 non
2598 4687 2664 4741 ab
2690 4686 3048 4740 humanarum
3068 4688 3263 4741 virium
3286 4697 3525 4742 ostenta-

1964 4778 2131 4838 tione,
2157 4778 2248 4829 sed
2272 4778 2385 4831 sola
2405 4776 2587 4831 divina
2607 4794 2707 4847 ope
2725 4780 2960 4848 pendete
2982 4796 3363 4850 agnoscamus.
3386 4781 3522 4834 Cum

1965 4879 2145 4922 autem
2168 4870 2393 4937 imperia
2410 4880 2464 4923 et
2481 4886 2667 4940 regna,
2693 4873 2737 4926 si
2773 4874 3063 4940 nonjusta.
3093 4876 3167 4927 nil
3192 4875 3297 4929 nisi
3330 4889 3524 4942 magna

1965 4962 2074 5016 sint
2093 4961 2371 5015 latrocinia
2391 4978 2406 5027 ;
2429 4963 2480 5015 in
2502 4977 2750 5033 promptu
2774 4964 2935 5018 fuerit
2955 4966 3270 5034 diiudicare,
3295 4974 3410 5019 uter
3432 4966 3525 5016 lto-

1965 5070 2083 5108 runt
2102 5054 2324 5124 legitimi
2346 5056 2604 5124 principis
2631 5073 2825 5111 nomen
2850 5058 3042 5113 melius
3064 5068 3335 5111 tueretur:
3363 5057 3523 5109 illene

1965 5145 2055 5215 qui
2088 5146 2405 5215 plerumque
2434 5147 2581 5201 nulla
2604 5148 2754 5217 justa
2778 5164 2953 5216 neque
2973 5148 3320 5203 successione
3346 5163 3521 5216 neque

1963 5238 2248 5302 electione,
2285 5240 2378 5292 sed
2419 5239 2713 5308 aliquando
2739 5241 2960 5311 magicis
3001 5241 3263 5303 sortibus,
3291 5240 3521 5308 aliisque

1963 5330 2121 5383 malis
2160 5330 2369 5382 artibus
2397 5330 2641 5384 affectata
2680 5331 2987 5402 tyrannide,
3025 5346 3154 5384 vero
3171 5330 3413 5400 principe
3448 5332 3517 5398 (si

1961 5421 2220 5473 velfratcr
2237 5420 2330 5486 sit)
2354 5433 2445 5473 aut
2463 5422 2576 5475 sica
2606 5436 2875 5473 venenove
2896 5430 3188 5489 perempto,
3213 5420 3401 5488 attt(ut
3421 5421 3521 5473 nti-

1964 5510 2093 5581 tius)
2113 5512 2415 5565 eluciticato
2436 5512 2518 5565 vel
2546 5521 2805 5571 castrato.
2828 5520 2921 5566 aut
2938 5515 3019 5581 (ut
3036 5512 3345 5581 mitissime)
3363 5521 3523 5566 tonso

1963 5616 2015 5659 ct
2039 5608 2091 5658 in
2116 5605 2509 5660 monasterium
2556 5606 2779 5658 detruso
2813 5606 3095 5674 itttpcriuttt
3134 5607 3271 5659 male
3305 5606 3517 5676 arripit,

1964 5698 2113 5761 peius
2136 5698 2266 5761 gerit
2285 5694 2515 5760 pessime
2535 5705 2580 5750 et
2602 5694 2764 5750 simili
2786 5697 2929 5751 exitu
2960 5713 3147 5753 rursus
3167 5676 3361 5752 am‘tttlt
3388 5716 3401 5753 :
3434 5700 3518 5753 vel
