4026 6204
444 254 547 325 571

1503 276 1963 347 MARQUARDI
2001 283 2309 345 FREHEB
2326 289 2349 345 Ι
2390 289 2627 352 ΝΟΤῈ.

3583 292 3687 355 5τὲ

450 370 593 426 forte
617 387 726 469 non
775 374 951 433 dicam
983 377 1331 445 feminarum.
1374 386 1471 441 sed
1508 385 1673 458 (quod
1708 391 2013 464 indignius)
2046 407 2086 459 Α
2121 398 2265 455 nitus
2324 402 2587 457 immissis
2638 404 2910 461 hostibus.
2977 405 3044 458 ah
3068 398 3361 462 Occidente
3404 403 3683 469 Vanilalis,

445 464 829 522 cunuchorum
890 479 1021 524 nutu
1061 479 1113 526 et
1145 473 1391 536 libidine,
1416 477 1711 548 aliquando
1736 495 1790 537 et
1813 485 2009 540 factio-

447 570 579 608 num
607 555 989 614 theatricarum
1012 561 1237 631 impetu,
1265 582 1654 640 nonnunquam
1681 574 1844 630 etiam
1870 577 2018 645 ipso-

446 663 568 702 rum
594 652 835 706 hostium
872 665 924 708 et
956 655 1313 714 barbararum
1356 672 1520 732 atque
1543 664 1683 721 adeo
1709 666 2014 727 Turcorum

447 737 726 794 voluntate
753 750 806 794 et
834 743 1019 808 minis,
1070 747 1135 800 ad
1180 760 1393 819 seeptra
1434 755 1739 823 extollitur,
1779 774 2014 829 quorum

447 831 690 885 oninium
708 836 950 903 exempla
986 838 1039 891 in
1061 837 1375 898 Graecorum
1402 844 1647 903 historiis
1665 861 1793 904 sunt
1820 852 1976 906 obvia
2000 872 2014 910 :

449 938 515 975 an
542 939 670 979 vero
698 926 787 982 ille
822 930 1022 997 potius,
1059 932 1154 1001 qui
1214 936 1619 1002 sapientissimo
1662 951 1715 997 et
1739 942 2017 999 liberrimo

447 1012 756 1068 antistitum
788 1019 1213 1092 principumque
1267 1040 1610 1081 summorum
1653 1032 1912 1094 concilio,
1946 1035 2017 1089 ob

449 1103 668 1163 virtutis
696 1122 954 1178 spectatae
1008 1116 1263 1170 meritum
1316 1128 1371 1172 et
1400 1120 1494 1174 alti
1531 1123 1749 1189 generis
1780 1124 2017 1182 indolem

446 1196 677 1267 electus,
707 1205 879 1258 sacris
906 1209 1245 1264 caeremoniis
1269 1219 1323 1264 ct
1351 1212 1639 1281 exquisitis
1656 1215 2019 1273 solemnitati~

453 1288 553 1342 bus
587 1307 736 1345 more
761 1294 1029 1364 majorum
1061 1300 1341 1365 initiatus,
1380 1305 1660 1372 conceptis
1699 1308 1879 1363 verbis
1921 1309 2019 1361 Ec-

446 1381 629 1438 clesiae
660 1396 711 1439 et
759 1390 947 1454 patriae
1004 1390 1160 1447 fidem
1195 1408 1352 1449 suam
1391 1394 1744 1466 obstringens
1770 1436 1782 1459 ,
1816 1402 2016 1468 pepulo

447 1475 785 1531 acclamante
835 1480 933 1533 rite
986 1484 1378 1548 renuntiatur,
1442 1487 1584 1541 trina
1654 1490 2017 1547 coronatione

447 1566 726 1629 sancitur;
769 1578 935 1638 atque
984 1571 1056 1624 ita
1103 1572 1339 1641 legitime
1378 1590 1478 1630 ceu
1524 1576 1614 1631 Dei
1650 1594 1810 1632 manu
1841 1578 1894 1633 in
1924 1596 2018 1634 suo

444 1656 518 1710 lio
544 1660 865 1726 collocatus,
902 1672 961 1718 ut
988 1680 1229 1734 praesens
1292 1668 1345 1721 in
1376 1670 1538 1725 terris
1570 1670 1782 1724 Numen
1819 1669 2019 1728 colitur

447 1755 652 1821 pariter
712 1767 766 1813 et
794 1744 1038 1814 timetur.
1070 1758 1202 1815 Jure
1228 1761 1397 1833 igitur
1440 1763 1542 1818 hoc
1568 1765 1875 1819 Germania:
1906 1766 2016 1820 Ro-

448 1862 668 1903 manum
693 1849 1002 1918 imperium,
1057 1862 1134 1907 tot
1165 1854 1433 1908 hactenus
1465 1857 1827 1924 sapientibus,
1858 1859 2012 1914 forti-

445 1940 565 2002 hus,
602 1941 904 1998 moderatis
947 1943 1285 2015 principibus
1315 1947 1707 2016 gubernatum,
1748 1967 1857 2005 non
1890 1963 2013 2006 tan-

441 2043 552 2085 tum
585 2032 884 2104 legitimum
918 2038 1218 2106 etjustum,
1255 2041 1351 2095 sed
1382 2057 1507 2097 vere
1561 2044 1727 2113 (quod
1759 2046 2011 2115 vocatur)

439 2135 879 2191 sacrosanctum,
924 2129 1153 2200 ideoque
1180 2130 1288 2185 Deo
1338 2133 1565 2188 charum
1588 2145 1641 2189 et
1674 2135 2013 2208 θεοςιρούρη-

437 2232 529 2267 τον
571 2230 827 2275 censetur
856 2239 872 2279 :
907 2234 961 2277 et
998 2224 1066 2278 ab
1094 2225 1353 2280 omnibus
1405 2224 1701 2284 Christiani
1739 2231 1889 2285 orbis
1920 2246 2012 2301 pov

438 2308 580 2374 pulis
608 2310 943 2384 regibusque
974 2313 1105 2369 hinc
1137 2332 1243 2369 non
1265 2318 1532 2386 gravatim
1568 2319 1745 2375 fasces
1774 2322 2006 2376 submit-

438 2401 682 2457 tentibus
713 2405 1055 2460 honoratur:
1093 2406 1302 2477 talique
1336 2414 1402 2461 ait
1441 2408 1602 2464 linem
1624 2413 1814 2465 muuali
1845 2414 2010 2467 dura-

435 2504 615 2548 turum
650 2497 1041 2565 prophetarum
1080 2499 1322 2555 oraculis
1376 2501 1647 2558 creditur.
1676 2503 1811 2558 Cum
1843 2505 1898 2559 in
1926 2506 2007 2559 al-

436 2595 546 2639 tera
574 2586 661 2640 illa
698 2587 767 2641 ad
828 2588 1097 2643 Euxinum
1148 2589 1377 2645 Pontum
1427 2591 1696 2661 septicolli
1730 2591 1924 2657 Roma,
1952 2604 2008 2651 et

374 2676 375 2681 “
436 2678 821 2748 imperitantcs
856 2680 960 2751 ipsi
991 2680 1271 2736 Neronum
1305 2683 1490 2753 potius
1538 2685 2006 2755 Claudiormnque

442 2789 607 2841 quam
635 2773 981 2829 Constantini
1011 2775 1195 2844 (cujus
1220 2791 1421 2831 nomen
1480 2777 1827 2850 affectabam)
1880 2798 2004 2836 suc—

434 2880 681 2922 cessores
720 2867 887 2921 variis
929 2881 1144 2921 morum
1174 2868 1390 2922 damnis
1429 2878 1482 2924 et
1517 2872 1641 2926 vitm
1670 2872 1915 2943 ﬂagitiis,
1944 2872 1999 2927 in

434 2958 612 3012 socios
653 2958 784 3028 perii
809 2959 905 3023 lia,
960 2960 1247 3029 perulciali
1303 2960 1445 3015 inter
1495 2962 1645 3031 ipsos
1699 2964 1998 3032 discordia,

434 3051 652 3106 infanda
677 3052 1022 3117 crudelitate,
1053 3062 1110 3107 et
1133 3052 1357 3122 tragicis
1392 3055 1715 3120 sceleribus,
1753 3058 2001 3129 adeoque

2118 488 2334 557 Gothis,
2369 494 2637 560 Bulgaris.
2681 495 2917 557 Vlachis.
2988 496 3172 566 Mysis,
3218 497 3449 561 Huttnis,
3492 501 3688 553 Avari-

2121 583 2247 645 bus,
2308 584 2537 649 Serviis,
2604 587 2887 650 Triballis,
2922 590 3248 653 Patziuacis,
3280 591 3493 655 Rossls,
3527 591 3685 655 Uris;

2119 676 2187 727 ab
2209 673 2428 732 Oriente
2484 694 2611 733 vero
2640 678 2842 743 Persis,
2871 681 3118 752 Aliasgis,
3152 682 3343 747 lberis,
3394 683 3689 749 Arabibus,

2118 766 2427 831 Armeniis.
2469 772 2689 825 tandem
2748 771 2941 827 Turcis
2981 785 3034 827 et
3089 773 3382 830 Saracenis
3443 776 3687 828 omnium

2120 862 2427 924 acerrimis.
2477 872 2735 933 tanquam
2784 865 2985 932 capitis
3051 880 3176 919 reus
3205 866 3400 921 bestiis
3432 868 3689 934 objectns

2120 953 2213 1008 diu
2252 954 2403 1008 varia
2437 954 2863 1010 fortunafuisset
2916 956 3318 1023 conflictatum;
3369 960 3690 1028 plerumque.

2119 1062 2252 1101 vero
2272 1058 2365 1100 aut
2384 1063 2575 1117 magna
2597 1061 2779 1117 strage
2795 1059 3155 1115 attenuatum,
3172 1060 3266 1103 aut
3286 1052 3351 1104 ad
3366 1052 3689 1107 durissimas

2118 1140 2457 1208 dependendi
2480 1142 2666 1195 tributi
2684 1132 3291 1197 conditionesadactum
3318 1159 3333 1195 :
3352 1158 3458 1197 non
3476 1153 3686 1198 tantum

2122 1231 2255 1284 lines
2283 1230 2398 1284 illos
2428 1232 2639 1299 imperii
2660 1233 2789 1286 olim
2820 1232 3074 1289 latissimi
3098 1233 3400 1288 exteriores
3428 1246 3687 1304 perpetrm

2124 1326 2282 1391 quasi
2315 1324 2592 1379 alluvione
2630 1339 2887 1389 arrosos,
2927 1325 3146 1381 amissis
3195 1328 3431 1382 subinde
3464 1329 3686 1397 optimis

2119 1414 2428 1486 quibusque
2464 1418 2764 1485 provinciis
2801 1417 2976 1485 magis
3011 1417 3301 1486 magisque
3357 1419 3682 1473 contrahere

2119 1525 2343 1563 necesse.
2379 1510 2588 1573 habuit,
2634 1514 2727 1564 sed
2757 1511 2841 1563 vix
2878 1509 3096 1564 tandem
3140 1513 3386 1580 pomaria
3418 1528 3540 1574 sua,
3577 1514 3684 1564 imo

2118 1604 2319 1659 nitenia
2355 1616 2649 1673 portasque
2680 1603 2846 1657 tutari
2875 1605 3072 1672 potuit.
3107 1603 3292 1672 Itaque
3319 1621 3445 1658 cum
3476 1605 3688 1672 aliquot

2120 1696 2435 1751 obsidiones
2458 1696 2991 1765 Coustmuinopolis,
3034 1696 3105 1750 ab
3135 1697 3425 1757 Avaribus,
3459 1696 3688 1749 Sarace-

2119 1789 2196 1851 ni,
2235 1787 2643 1849 Genuensibus.
2717 1799 2883 1857 atque
2928 1789 3093 1843 etiam
3137 1793 3191 1842 in
3241 1789 3494 1843 civilibus
3526 1787 3685 1842 bellis

2116 1894 2298 1949 passa,
2326 1881 2477 1950 justo
2509 1881 2808 1949 paenitendi
2846 1892 3092 1951 tempore
3122 1885 3309 1952 elapso
3345 1882 3518 1936 nihilo
3548 1882 3688 1936 inte-

2115 1973 2217 2027 rim
2245 1975 2497 2029 evaderet
2533 1976 2761 2042 melior;
2790 1975 2883 2029 sed
2908 1976 3070 2028 veluti
3094 1974 3333 2043 obligato
3368 1974 3470 2030 sibi
3499 1974 3685 2029 divino

2114 2066 2327 2121 auxilio
2391 2067 2765 2122 inrincihilem
2796 2082 2853 2122 se
2880 2076 2937 2123 et
2965 2068 3372 2139 θεοφρούρητον
3405 2068 3640 2137 jactaret
3667 2087 3682 2133 ;

2114 2160 2331 2214 tandem
2363 2176 2393 2213 a
2426 2156 2536 2212 Deo
2599 2158 2813 2212 deserta
2868 2159 3035 2228 (quod
3084 2159 3191 2212 Leo
3232 2159 3364 2228 imp.
3391 2158 3595 2212 dudum
3628 2158 3683 2212 in

2111 2250 2348 2320 quodam
2408 2250 2669 2302 vaticinio
2706 2250 3101 2319 praesagierat),
3136 2260 3193 2304 ut
3235 2266 3267 2305 a
3317 2250 3684 2305 Constantino

2110 2341 2288 2411 primo
2321 2340 2564 2403 condita,
2600 2342 2672 2395 ita
2729 2341 2799 2396 ab
2839 2342 3031 2394 ultimo
3067 2342 3290 2401 auiissa.
3356 2341 3686 2395 immanissi-

2109 2448 2213 2488 ma:
2244 2432 2551 2488 'l'urcarum
2623 2433 2774 2501 genti
2826 2434 3178 2503 pertinaciter
3212 2432 3554 2486 obsidionem
3588 2447 3682 2484 ur-

2108 2525 2279 2595 genti,
2312 2540 2589 2594 nunquam
2642 2528 2776 2581 satis
2816 2525 3155 2595 deplorando
3184 2525 3339 2579 orbis
3371 2522 3682 2577 Christiani

2106 2618 2307 2673 damno
2336 2619 2643 2684 concessit;
2668 2619 2835 2673 nobis
2854 2618 3061 2673 interea
3095 2616 3387 2671 manifesto
3408 2616 3681 2679 exemplo,

2108 2712 2320 2766 utdum
2356 2712 2410 2765 in
2444 2712 2552 2767 illis
2602 2728 2851 2767 errorum
2908 2711 3476 2781 superstitiomtmquc
3506 2708 3683 2762 collu-

2106 2803 2275 2867 viem,
2298 2804 2565 2859 bonarum
2596 2805 2772 2874 legum
2806 2814 3204 2872 contemptum,
3235 2801 3540 2870 disciplina:
3566 2801 3683 2852 dis-

2102 2894 2458 2962 solutionem,
2496 2896 2784 2951 intestinas
2844 2896 3169 2959 discordias,
3197 2895 3443 2962 ttttlzeqttc
3469 2904 3523 2947 et
3546 2892 3677 2945 cieri

2101 2988 2464 3057 corruptelas,
2494 2997 2548 3041 et
2594 2988 2841 3058 perditos
2875 2989 3115 3057 denique
3143 2987 3325 3057 populi
3362 3000 3543 3055 mores
3583 2997 3683 3035 no-

2105 3090 2333 3145 tamus;
2388 3080 2549 3135 obvia
2590 3082 2641 3133 in
2695 3080 2973 3150 plerisque
3028 3090 3347 3134 nostrorum
3375 3089 3678 3146 temporum

433 3152 616 3241 {treus
676 3141 991 3241 ῖιηβίξέωίθε
1028 3152 1114 3241 ..ει
1165 3155 1360 3241 ξοίςυίιξ
1414 3146 1669 3241 exemi“?
1697 3158 1998 3241 οοΪΨΡιυε
2027 3179 2069 3238 c
2103 3172 2483 3237 similitudine,
2545 3172 2647 3227 nisi
2697 3141 2765 3226 de
2794 3173 3117 3241 poenitentia
3160 3171 3306 3226 serio
3350 3171 3679 3239 cogitemus.

433 3232 514 3299 (ut
546 3232 621 3295 lit)
665 3232 896 3302 populus
923 3248 989 3288 eo
1010 3232 1412 3299 dissolutionis,
1446 3237 1725 3305 nequitiae,
1763 3238 2005 3295 infamia:

432 3325 845 3392 prolaberetur,
882 3334 937 3379 ut
968 3341 1067 3394 pro
1101 3325 1245 3380 Nova
1279 3326 1452 3381 Roma
1472 3341 1527 3383 et
1568 3328 1738 3384 Sione
1765 3330 1913 3402 (nam
1950 3342 2008 3388 et

431 3422 532 3467 hoc
593 3414 750 3468 titulo
780 3414 883 3470 sibi
910 3415 1350 3484 blamliebantut‘)
1388 3432 1525 3471 nova
1564 3419 1749 3486 potius
1779 3420 2005 3492 Sybaris

431 3516 479 3560 et
515 3505 754 3561 Sodoma
792 3509 876 3563 vel
910 3510 1040 3578 ipsis
1078 3509 1313 3569 testibus
1356 3521 1501 3565 esset
1525 3510 1779 3566 dicenda.
1823 3511 2004 3578 Quam

432 3599 837 3666 perversiouem
867 3601 1047 3655 fatalis
1063 3602 1183 3672 ejus
1204 3601 1456 3656 interitus
1480 3610 1533 3657 et
1562 3603 1830 3659 excidium
1852 3604 2004 3674 justo

432 3691 709 3745 Ailrasteze
728 3690 934 3759 judicio
948 3703 1033 3749 eet
1053 3702 1369 3748 consecuta.
1390 3692 1685 3763 Postquam
1711 3694 1856 3750 enim
1876 3710 2001 3750 cum

436 3782 633 3838 vicinis
675 3782 930 3840 omnibus
962 3782 1176 3855 populis
1199 3823 1214 3850 ,
1240 3783 1355 3856 jam
1385 3784 1530 3841 velut
1551 3785 1752 3856 juratis
1783 3795 1840 3843 et
1860 3786 2002 3843 divi-

2100 3267 2171 3321 ab
2202 3266 2406 3320 eisdem
2434 3267 2615 3321 causis
2641 3282 2799 3336 pares
2824 3265 3005 3321 exitus
3042 3265 3361 3320 sortiantur.
3397 3263 3529 3329 Quae
3554 3262 3682 3331 qui-

2103 3359 2229 3414 dem
2265 3360 2368 3413 hoc
2400 3358 2519 3413 loco
2570 3358 2734 3424 paulo
2778 3356 2957 3413 fusius
2989 3357 3263 3411 disserere
3290 3396 3304 3420 ,
3356 3353 3578 3427 quando
3614 3372 3681 3407 (ευ

2104 3452 2225 3521 ipso
2254 3465 2369 3506 εεγο
2404 3451 2564 3521 cujus
2610 3449 2699 3504 hic
2738 3449 2920 3503 varios
2965 3449 3266 3517 scriptores
3307 3458 3679 3516 representa-

2106 3557 2250 3604 mus,
2297 3557 2358 3596 ea
2408 3541 2693 3612 Byzantini
2751 3539 2965 3608 imperii
3015 3540 3230 3595 eversio
3278 3538 3532 3608 contigit,
3560 3549 3614 3592 et
3647 3554 3677 3589 a

2111 3634 2298 3689 multis
2347 3634 2566 3691 illorum
2604 3632 2861 3689 adnotata
2907 3634 3228 3703 reperietur,
3280 3649 3385 3688 non
3438 3633 3675 3686 alienum

2112 3728 2443 3800 putavimus.
