4026 6204
356 281 1280 324 Mt

1178 294 3583 353 ψ

1620 529 2349 665 ANNALES

486 811 1791 974 SULTANORUM
1908 821 3468 993 OTHMANIDARUM

1314 1146 1359 1203 A
1413 1142 1694 1203 TURClS
1733 1144 1884 1205 SUA
1949 1146 2259 1208 LINGUA
2305 1149 2636 1212 SCRIPTI.

587 1326 957 1404 Hieronymi
994 1327 1154 1390 Beck
1180 1347 1218 1387 a
1248 1327 1712 1410 Leopoldstorf,
1740 1331 1947 1392 Marci
1971 1331 2062 1406 ﬁl.
2102 1329 2315 1393 studio
2348 1341 2403 1392 et
2436 1333 2770 1413 diligentia
2802 1336 3365 1417 Constantinopoli

821 1449 1067 1512 advecti
1093 1452 1333 1527 MDLI,
1368 1452 1513 1515 divo
1542 1452 1948 1516 Ferdinando
1983 1454 2134 1516 Caes.
2175 1454 2321 1534 Opt.
2372 1459 2554 1519 Max.
2584 1460 2661 1521 Ι).
2694 1461 2768 1523 D.
2806 1463 3117 1543 jussuque

423 1581 576 1648 Cas.
638 1602 678 1643 ο
740 1584 991 1646 Joanne
1064 1584 1345 1648 Gaudier
1417 1586 1587 1651 dicto
1662 1588 1929 1668 Spiegel,
2027 1592 2369 1669 interprete
2436 1594 2704 1656 Turcico
2762 1596 3127 1659 Germanice
3198 1573 3515 1662 translati.

658 1778 939 1841 Joannes
1000 1780 1440 1842 Lnuncuvws
1501 1782 1735 1844 nobilis
1810 1784 2238 1865 Angrivarius,
2304 1787 2528 1850 Latine
2594 1789 2878 1854 redditos
2940 1791 3276 1870 illustravit

1206 1913 1269 1972 et
1306 1911 1481 1974 auxit
1518 1929 1719 1993 usque
1749 1912 1826 1979 ad
1856 1930 2097 1979 annum
2126 1914 2246 1980 C12)
2278 1919 2351 1981 ID
2384 1919 2722 1982 XXCVIII.

962 2293 1760 2416 JOANNIS
1835 2279 2552 2420 LEUNGL.

1381 2301 1760 2416 mss
1835 2279 2971 2420 nuncnum:

1485 2572 1570 2614 AD
1627 2570 1907 2618 NOBILBM
1935 2569 2012 2614 AC
2053 2571 2449 2617 MAGNIFICUM

1143 2745 1218 2807 D.
1241 2745 1767 2808 HIERONYMUM
1813 2746 2020 2809 BECK
2062 2749 2115 2809 Α
2148 2747 2772 2810 LEOPOLDSTORF

1289 2929 1419 2970 CES.
1473 2929 1690 2971 ιυεετ.
1738 2930 1963 2971 ΟΔΠΕΒΕ
1997 2930 2205 2971 Δυιιολε
2254 2929 2657 2985 ῦοΝδιιΙΔΜυυ,

1078 3118 1206 3207 ΙΝ
1282 3113 1516 3207 HOS
1585 3117 2130 3210 ANNALES
2187 3116 2879 3211 PRIEFATIO.

414 3510 570 3580 305
603 3509 855 3580 Equidem
885 3509 1069 3565 audire
1094 3526 1198 3565 non
1215 3509 1373 3565 semel
1399 3523 1464 3563 ex
1484 3518 1533 3564 te
1559 3510 1796 3575 memini.
1829 3512 1909 3566 vir
1939 3509 2235 3581 magniﬁce,
2273 3516 2322 3562 te
2360 3506 2777 3578 peregrinatione
2804 3504 3179 3576 tua'suscepta.
3207 3524 3328 3561 cum
3361 3507 3587 3565 Romam

342 3617 478 3652 anno
508 3598 709 3653 Julnleo
747 3598 885 3653 1550
909 3600 1152 3664 adiisses,
1196 3608 1247 3653 et
1278 3597 1446 3653 Roma
1495 3599 1738 3655 Venetias
1764 3600 2057 3669 profectus,
2092 3602 2327 3657 indidem
2362 3601 2668 3656 triremibus
2713 3600 3008 3671 majoribus
3034 3603 3101 3654 ad
3128 3601 3378 3669 Tripolim
3410 3602 3583 3673 Syria:

337 3688 626 3754 appulisses
652 3702 672 3741 :
702 3683 987 3755 Halepum,
1010 3685 1354 3753 Damascum,
1378 3686 1668 3750 Nazaret'h,
1699 3686 1756 3743 S.
1785 3686 2047 3744 S.Cltristi
2063 3690 2368 3759 sepulcrum
2394 3686 2773 3758 Hierosolymis
2791 3698 2839 3742 et
2868 3688 2921 3741 in
2953 3687 3153 3742 Arabia
3187 3696 3415 3742 montem
3446 3688 3583 3743 Oreb

335 3778 658 3839 accessisse;
697 3789 1083 3847 peragrataque
1116 3776 1353 3845 deinceps
1381 3775 1638 3847 Egypto,
1668 3776 1733 3829 ab
1764 3776 1889 3830 urbe
1910 3777 2057 3832 illius
2087 3778 2416 3833 Alexandria
2438 3778 2576 3832 mari
2616 3777 2858 3847 trajecto.
2887 3794 2978 3847 per
3015 3776 3279 3831 Attaliam
3314 3775 3587 3849 Pamphy-

331 3865 438 3924 liae.
468 3863 751 3934 Cotyaium
776 3864 1041 3935 Phrygia,
1075 3863 1303 3918 Prusam
1342 3863 1627 3936 Bithynia’,
1687 3864 1897 3919 tandem
1922 3865 2247 3937 Byzantinus
2276 3866 2512 3921 Thracia:
2548 3867 2863 3936 pervenisse.
2927 3865 3176 3938 Byzantii
3209 3883 3346 3928 vero,
3385 3867 3439 3919 in
3462 3884 3580 3919 am-

330 3954 577 4019 plissima
602 3953 942 4008 Turcicorum
971 3954 1090 4007 sede
1118 3956 1282 4023 regia,
1317 3951 1507 4006 librum
1534 3951 1756 4006 Turcica
1780 3951 1961 4021 lingua
2014 3954 2290 4022 scriptum.
2344 3953 2621 4009 Otiimana:
2680 3953 2906 4022 familia:
2952 3954 3252 4023 principum
3284 3960 3363 4006 res
3403 3962 3583 4022 gestas

328 4042 709 4103 continentem,
738 4057 926 4109 magno
960 4040 1158 4104 studio,
1197 4057 1288 4095 nec
1323 4040 1470 4094 nullo
1498 4050 1713 4110 sumptu
1752 4040 1915 4109 fuisse
1945 4052 2279 4096 consecutum
2304 4056 2325 4097 :
2366 4056 2520 4110 quem
2571 4041 2693 4094 divo
2729 4038 3071 4094 b'erdinando
3094 4038 3393 4095 Rom.('aes.
3434 4041 3581 4108 pien-

327 4130 559 4188 tissimo,
594 4144 732 4181 anno
767 4128 969 4183 Christi
991 4128 1119 4183 1551
1160 4128 1305 4198 felici
1338 4138 1426 4182 tuo
1449 4129 1505 4181 in
1529 4127 1805 4181 Austriam
1833 4127 2028 4192 reditu,
2057 4128 2195 4182 dono
2246 4127 2498 4181 obtuleris
2528 4127 2841 4181 :humiliter
2857 4137 3010 4181 orato
3072 4143 3213 4195 rege,
3259 4138 3313 4179 ut
3350 4127 3578 4195 publica:

325 4217 577 4270 utilitatis
600 4234 762 4273 causa
794 4221 847 4272 in
878 4217 1127 4273 Latinam
1151 4220 1228 4271 vel
1269 4216 1639 4273 Germanicam
1669 4218 1906 4287 linguam
1952 4216 2258 4270 vertendum
2284 4216 2519 4285 juberet.
2554 4213 2687 4269 Post
2717 4214 2814 4276 illa
2837 4225 2904 4278 te,
2929 4215 3106 4283 ofﬁciis
3129 4216 3455 4284 negotiisque
3482 4231 3582 4285 pu-

325 4307 481 4359 blicis
516 4310 781 4373 obrutum,
818 4309 1065 4378 exiguam
1094 4310 1251 4378 hujus
1290 4308 1366 4361 rei
1382 4322 1568 4360 curam
1596 4306 1880 4371 habuisse;
1908 4320 2067 4373 quam
2108 4314 2282 4357 tamen
2306 4303 2519 4373 penitus
2552 4302 2693 4354 haud
2729 4302 3002 4370 abjeceris.
3028 4301 3229 4370 Elapso
3253 4318 3355 4355 non
3392 4304 3579 4371 exiguo

324 4406 560 4459 tempore
584 4393 747 4465 306
773 4411 889 4448 cum
913 4395 1103 4449 nobilis
1133 4396 1210 4449 vir
1244 4393 1457 4450 Ulricus
1516 4392 1920 4449 Masrhwander
1947 4412 1981 4448 a
2028 4394 2400 4466 Granigsperg,
2454 4396 2542 4464 qui
2574 4393 2756 4446 multis
2809 4392 2963 4445 annis
2984 4392 3103 4446 divo
3138 4391 3485 4447 Ferdinando
3523 4392 3578 4446 in

321 4482 569 4535 cubiculo
593 4483 882 4548 inservivit,
900 4484 1028 4551 ﬁlice
1049 4499 1179 4547 sure,
1208 4483 1492 4553 Alphonsw
1524 4481 1589 4537 de
1626 4482 1818 4538 Games
1868 4484 1923 4536 in
1962 4483 2363 4537 matrimonium
2390 4482 2685 4545 collocatae,
2716 4480 2975 4534 solemnes
3019 4478 3231 4534 Vienna:
3263 4483 3477 4549 nuptias
3493 4498 3583 4535 ce-

323 4571 553 4623 lebraret
581 4586 599 4622 :
630 4587 746 4624 eum
766 4571 881 4634 tibi,
906 4572 970 4626 de
999 4572 1091 4625 illo
1116 4572 1253 4625 libro
1279 4572 1590 4642 diligentius
1621 4573 1919 4626 sciscitanti
1962 4571 2314 4640 respondisse,
2340 4569 2594 4622 memoria
2646 4584 2701 4621 se
2765 4577 2954 4645 tenere,
2997 4564 3261 4621 Cursarem
3301 4568 3578 4635 interpreti

320 4674 424 4733 sua
461 4656 679 4711 Turcico
702 4658 931 4713 Annales
960 4660 1213 4730 quosdam
1248 4660 1504 4723 vertendi,
1532 4661 1909 4729 exercendique
1945 4660 2060 4729 ejus
2096 4660 2299 4729 gratia,
2337 4659 2620 4712 tradidisse
2646 4672 2666 4709 :
2697 4657 2989 4727 habereque
3017 4673 3073 4711 se
3104 4654 3383 4710 Turcicam
3414 4658 3579 4710 Itistoq

322 4748 488 4808 riam,
513 4744 694 4815 lingua
724 4746 1062 4814 Germanica,
1096 4762 1257 4801 manu
1284 4747 1560 4815 scriptam.
1594 4745 1748 4801 lianc
1784 4748 1951 4817 igitur
1980 4765 2121 4802 anno
2154 4748 2291 4803 1586
2340 4749 2405 4801 ab
2442 4748 2535 4801 illo
2569 4748 2664 4801 tibi
2724 4748 2962 4813 missam,
3003 4763 3122 4801 cum
3167 4764 3231 4802 ea:
3274 4749 3576 4815 interpretis

318 4822 550 4885 lloannis
580 4832 840 4895 Gaudier.
875 4834 1006 4887 dicti
1034 4833 1263 4903 Spiegel,
1297 4835 1521 4901 epistola
1547 4836 1887 4905 prommiaca.
1919 4837 2208 4891 versionem
2231 4854 2340 4889 esse
2374 4837 2500 4889 libri
2537 4838 2636 4897 tui,
2667 4852 2863 4905 magna
2893 4852 3011 4889 cum
3042 4838 3305 4897 voluptate
3331 4838 3576 4907 agnovis~

320 4936 410 4973 ses
431 4960 445 4979 .
491 4924 671 4974 statim
696 4924 924 4976 exscribi
944 4923 1179 4992 jussisti.
1213 4920 1261 4975 F
1265 4940 1444 4977 ueram
1478 4940 1571 4994 ego
1605 4923 1919 4993 pra'cedenti
1944 4932 2068 4977 tunc
2095 4941 2233 4977 anno
2290 4922 2750 4992 Constantinopoli
2786 4923 3039 4979 Viennam
3067 4941 3323 4979 reversus.
3353 4926 3437 4977 cui
3467 4940 3573 4977 non

319 5010 577 5064 indicasti
608 5013 975 5066 Iantnmmodo
1001 5011 1064 5066 de
1096 5014 1313 5082 repertis
1337 5012 1442 5067 illis
1472 5011 1767 5065 Annalibus
1808 5012 1939 5075 tuis,
2004 5028 2176 5066 verum
2202 5013 2361 5065 etiam
2386 5028 2488 5063 non
2521 5012 2735 5075 invitus,
2770 5028 2888 5082 qua
2944 5012 3234 5082 singularis
3291 5014 3341 5065 in
3366 5029 3447 5065 me
3479 5022 3569 5065 tua

315 5109 398 5153 est
424 5099 802 5166 benevolentia,
836 5118 1035 5155 mecum
1058 5116 1145 5155 eos
1179 5104 1604 5157 communicasti.
1637 5100 1845 5155 Lubens
1879 5102 1976 5153 hoc
2008 5098 2247 5168 equidem
2270 5097 2485 5167 perlegi,
2515 5113 2737 5167 cumque
2789 5115 2892 5151 non
2957 5114 3167 5166 parum,
3207 5097 3445 5165 pluribus
3504 5098 3570 5152 de

318 5188 523 5249 causis,
549 5189 839 5256 placerent,
899 5190 1106 5244 eosdem
1128 5198 1316 5260 rogatu
1352 5202 1440 5243 tuo
1474 5189 1683 5253 Latine,
1716 5201 1772 5243 ut
1795 5192 1847 5242 in
1871 5188 2037 5242 lucem
2055 5185 2184 5239 editi
2216 5184 2518 5237 nationibus
2554 5185 2752 5238 exteris
2803 5186 2966 5240 etiam
2998 5186 3120 5239 usui
3184 5199 3372 5250 essent,
3416 5198 3567 5239 tran-

316 5278 531 5345 scripsi.
554 5276 787 5330 Redeunt
815 5278 982 5348 igitur
1013 5280 1080 5330 ad
1107 5290 1154 5331 te
1178 5294 1314 5331 nunc
1342 5278 1474 5347 typis
1508 5278 1742 5347 expressi
1766 5276 2218 5345 cltalcographicis
2266 5271 2505 5326 Annales
2534 5271 2772 5337 Turcici,
2809 5284 2897 5327 tuo
2929 5273 3021 5342 qui
3049 5273 3306 5326 debentur
3362 5274 3564 5329 studio.

313 5359 458 5429 quod
488 5378 592 5414 non
625 5371 832 5414 tantum
863 5377 947 5415 eos
986 5377 1051 5415 ea:
1078 5361 1189 5415 illis
1221 5362 1349 5415 locis
1391 5372 1558 5414 tecum
1593 5359 1823 5413 attulisti
1850 5374 1869 5411 :
1896 5376 2074 5416 verum
2102 5363 2262 5416 etiam
2300 5377 2461 5429 prope
2492 5360 2728 5428 sepultos
2759 5359 2822 5413 ab
2886 5361 3041 5413 annis
3072 5361 3139 5413 57
3175 5370 3224 5413 et
3278 5362 3421 5431 ipsos
3469 5364 3569 5415 eri-

313 5449 481 5517 puisti
513 5466 695 5503 rursus
727 5466 754 5503 e
779 5450 1028 5513 tenebris,
1056 5460 1105 5504 et
1133 5450 1434 5503 latitantem
1462 5450 1592 5503 alibi
1617 5446 1979 5504 Germanicam
2008 5467 2209 5522 quoque
2239 5451 2521 5503 versionem
2560 5466 2591 5502 a
2623 5448 2803 5503 blattis
2833 5458 2883 5502 et
2911 5448 3065 5503 tineis
3112 5449 3410 5502 asseruisti.
3449 5449 3566 5512 Qua

312 5542 380 5591 de
404 5552 594 5603 causa,
624 5553 743 5590 cum
772 5538 896 5591 libri
916 5538 985 5591 ad
1016 5554 1110 5592 nos
1138 5538 1436 5607 perferendi
1464 5538 1668 5606 primus
1700 5545 1908 5601 auctor,
1930 5537 2065 5592 idem
2096 5538 2320 5606 perituri
2360 5538 2547 5591 vindex
2581 5544 2630 5589 et
2655 5546 2994 5589 conservator
3022 5538 3284 5590 exstiteris
3318 5552 3336 5589 :
3369 5537 3564 5605 absque

315 5624 520 5690 injuria
551 5635 663 5690 tua,
687 5625 919 5693 cujusvis
938 5626 1159 5691 alterius
1181 5628 1429 5696 prazferre
1457 5641 1642 5678 nomen
1665 5624 1893 5681 Annales
1919 5628 2020 5695 ipsi
2047 5638 2325 5697 nequeunt.
2359 5625 2533 5680 Meam
2562 5641 2680 5679 vero
2708 5623 3107 5693 injezpoliendis
3130 5628 3208 5678 bis
3241 5627 3561 5678 laboriosam

316 5727 533 5782 operam
558 5714 903 5785 probaturum
940 5726 1007 5781 te,
1043 5734 1159 5770 cum
1188 5716 1307 5770 aliis
1333 5718 1533 5772 sincere
1560 5716 1953 5787 judicantibus,
1986 5732 2114 5770 sane
2148 5714 2375 5784 confido.
2405 5713 2540 5770 Cum
2570 5713 2708 5768 enim
2734 5714 2816 5767 vir
2846 5710 3055 5767 clariss.
3095 5710 3249 5780 [Iugo
3272 5710 3475 5769 Blotius
3501 5711 3553 5767 .l.
