4026 6204
432 322 537 385 577
828 404 831 413 γ
1356 324 1701 389 ANNALES
1739 320 2078 384 TURCICI.
2120 347 2185 355 -
2227 321 2457 383 EI’IS’I‘.
2501 320 2745 380 DEDlC.
3555 322 3659 381 578

2988 490 3111 499 .—

798 652 1398 765 JOANNIS
1483 652 2117 765 GAUDIER
2204 654 2598 766 DICTI
2684 649 3277 764 SPIEGEL

1646 868 1923 926 TURCICI
1987 868 2446 925 INTERPRETIS

706 1024 1111 1088 EPISTOLA
1195 1026 1835 1092 PR/ELIMINAIUS
1918 1031 2033 1091 AD
2102 1032 2179 1095 D.
2248 1033 2296 1094 Β

1828 1032 1835 1079 ἶ
1918 1031 2033 1091 AD
2102 1032 2179 1095 D.
2248 1031 2872 1095 FERDINANDUM
2946 1031 3144 1095 ΗΘΜ.
3222 1034 3418 1095 CzES.

1225 1367 1591 1436 Serenissime,
1626 1373 1982 1439 potentissime
2009 1370 2142 1438 Rex,
2194 1375 2413 1429 Domine
2449 1376 2865 1432 clementissime.

494 1507 657 1578 309
672 1506 804 1561 Cum
827 1524 930 1563 non
964 1508 1037 1561 ita
1064 1508 1265 1575 pridem
1294 1511 1439 1579 regia
1469 1509 1650 1565 Vestra
1676 1511 1935 1581 Majestas
1961 1516 2151 1569 librum
2176 1512 2450 1567 Turcicum
2476 1514 2600 1568 mihi
2618 1513 2957 1572 commiserit.
2980 1513 3035 1565 in
3052 1529 3150 1583 quo
3175 1523 3317 1565 ortus
3338 1504 3493 1580 atque
3514 1527 3659 1583 gesta

421 1595 586 1665 impp.
619 1596 956 1648 Turcicorunt
982 1595 1387 1649 describuntur:
1409 1613 1555 1665 quem
1590 1599 1795 1665 quidem
1823 1602 1978 1669 regia:
2014 1598 2210 1652 Vestrte
2242 1596 2538 1664 Majestatis
2570 1596 2777 1653 nobilis,
2804 1605 3073 1648 strenuus
3107 1606 3261 1663 atque
3292 1598 3657 1665 integerrimas

424 1686 777 1755 Hieronymus
814 1687 948 1739 Beck
978 1704 1009 1739 a
1046 1685 1420 1755 Le0poldstorf
1444 1703 1507 1740 ex
1553 1689 1735 1742 itinere
1782 1689 2253 1757 llierosolymitano
2276 1694 2323 1736 et
2375 1682 2565 1735 Turcia
2626 1684 2846 1741 rediens,
2889 1683 3073 1735 obtulit
3109 1699 3127 1736 :
3176 1686 3265 1747 qui
3298 1684 3423 1735 mihi
3452 1700 3482 1734 a
3518 1686 3658 1749 regia

423 1774 615 1827 .Vestra
648 1774 933 1843 Majestute
968 1776 1275 1829 Germanice
1301 1777 1748 1843 interpretandus.
1778 1780 2054 1830 clementer
2084 1771 2463 1827 demandatus:
2516 1773 2651 1835 quod
2700 1770 2970 1822 humiliter
3020 1772 3262 1835 priestiti,
3296 1788 3453 1839 eaque
3491 1787 3592 1838 qua
3627 1792 3658 1820 ιι

431 1863 612 1916 Turcis
635 1870 865 1931 scriptus
892 1872 967 1917 est
995 1863 1260 1929 methodo,
1297 1867 1350 1915 in
1408 1864 1606 1917 idioma
1663 1865 2028 1919 Germanicum
2063 1861 2330 1915 transtuli.
2365 1858 2502 1911 Licet
2552 1874 2669 1910 vero
2732 1859 2960 1926 idipsum
3001 1859 3219 1911 libenter
3280 1875 3419 1911 more
3443 1870 3491 1911 et
3524 1860 3658 1927 siglo

430 1952 678 2004 rhetorico
704 1951 1028 2019 effecissent:
1065 1953 1155 2005 sed
1173 1968 1285 2005 cum
1312 1953 1375 2004 ab
1406 1952 1616 2004 ineunte
1638 1964 1811 2017 wtate,
1842 1968 2031 2019 parum
2072 1954 2353 2003 admodum
2389 1948 2575 2000 litteris
2600 1948 2994 2000 humanioribus
3050 1950 3240 2015 fuerim
3271 1949 3524 2012 imbutus,
3576 1964 3656 1999 at-

429 2055 529 2109 que
558 2040 927 2107 hujusmodiin
956 2040 1108 2093 rebus
1144 2041 1355 2092 minime
1377 2050 1648 2106 versatus;
1678 2050 1831 2093 certa:
1887 2051 2057 2094 tamen
2122 2055 2235 2094 sum
2276 2037 2402 2103 spei,
2461 2038 2688 2089 laborem
2739 2036 2874 2088 hunc
2939 2038 3182 2104 exiguum
3242 2054 3397 2102 regia:
3466 2038 3657 2089 Vestia:

432 2126 695 2194 Majestati
744 2127 1091 2195 placiturum.
1126 2129 1472 2181 Adnotassem
1501 2132 1663 2182 etiam
1714 2129 1873 2181 simul
1902 2144 2003 2197 quo
2034 2140 2260 2193 tempore
2317 2127 2601 2178 secundum
2628 2140 2790 2176 annos
2847 2125 3035 2176 salutis
3076 2134 3270 2178 nostra:
3335 2128 3445 2177 hinc
3512 2134 3655 2190 gesta

422 2215 681 2282 fuissent:
707 2230 884 2267 rerum
911 2230 1027 2267 cum
1058 2216 1185 2267 anni
1216 2214 1505 2268 'I'ureorum
1535 2215 1794 2269 breviores
1818 2217 1923 2268 sint
1947 2218 2162 2275 nostris,
2200 2231 2357 2281 neque
2410 2217 2637 2279 ipsorum
2674 2214 3019 2265 anniversarii
3057 2213 3188 2274 dies,
3225 2213 3356 2265 sicut
3394 2213 3535 2280 apud
3561 2228 3654 2264 nos

415 2302 771 2365 Christianos,
804 2304 858 2356 in
914 2306 1053 2357 idem
1114 2312 1313 2372 tempus
1360 2306 1677 2369 coincidant,
1738 2304 1854 2358 licet
1885 2309 2040 2358 etiam
2096 2304 2193 2370 ipsi
2250 2304 2301 2355 in
2362 2318 2499 2354 anno
2552 2316 2745 2354 menses
2810 2300 3083 2352 duodecim
3157 2301 3419 2354 habeant:
3481 2310 3652 2365 tamen

410 2393 513 2441 hac
581 2402 786 2445 tantum
857 2393 1060 2444 ratione
1110 2394 1401 2457 splendoris
1471 2394 1651 2456 lunae;
1714 2395 1930 2461 insuper
1978 2392 2207 2446 scribunt
2298 2391 2393 2456 ipsi
2485 2390 2786 2456 dicuntque,
2869 2392 3039 2455 spatio
3125 2390 3341 2457 triginta
3427 2389 3652 2440 duorum

418 2493 701 2544 annorum,
722 2480 1006 2532 secundum
1037 2480 1269 2546 ipsorum
1299 2485 1768 2550 computationem,
1800 2485 1978 2534 caelum
2004 2479 2189 2532 mobile
2225 2495 2311 2530 seu
2350 2480 2741 2546 ﬁrmamentum
2797 2494 2950 2529 suum
3006 2478 3270 2529 absolvere
3294 2490 3542 2529 cursum:
3599 2476 3652 2527 id

417 2568 742 2619 tantumdem
770 2572 878 2634 fere
895 2578 1051 2629 esset,
1088 2582 1205 2619 cum
1232 2584 1324 2620 nos
1360 2566 1647 2623 Christiani
1678 2556 2093 2638 ttigattaunum,
2130 2568 2225 2635 ipsi
2262 2568 2478 2634 triginta
2522 2565 2652 2617 duos
2681 2581 2848 2617 annos
2882 2566 3163 2617 scriberent
3196 2567 3649 2630 nominarentque.

417 2652 486 2705 Et
510 2657 842 2717 quantumvis
860 2671 929 2709 ex
955 2672 1069 2709 mea
1101 2659 1453 2710 translatione
1482 2660 1776 2725 computari
1812 2674 1911 2709 non
1929 2663 2120 2724 potest,
2158 2673 2256 2725 quo
2276 2668 2500 2722 tempore
2541 2670 2801 2707 annorum
2832 2653 3027 2708 Cltristi
3056 2655 3135 2705 Iuv
3165 2655 3322 2720 impp.
3363 2651 3651 2705 Turcorum

417 2757 501 2794 res
529 2752 695 2810 gesta:
725 2745 829 2795 sint
850 2760 869 2796 :
907 2753 1139 2798 attamen
1177 2745 1387 2798 omnino
1417 2746 1776 2816 gubernatori,
1808 2745 2012 2799 militite
2034 2746 2175 2805 duci,
2207 2755 2297 2797 aut
2324 2745 2617 2811 capitaneo,
2645 2744 2730 2796 cui
2759 2759 2878 2796 cum
2906 2744 3136 2797 inimicis
3165 2740 3455 2796 Christiani
3484 2743 3655 2801 nomi-

416 2832 498 2882 nis
531 2831 813 2900 agendum,
838 2838 972 2885 tectu
1009 2848 1178 2899 opera:
1206 2836 1429 2901 pretium
1457 2849 1567 2886 esse
1591 2836 1853 2885 existimo.
1891 2832 2025 2885 llinc
2044 2848 2266 2902 namque
2303 2833 2470 2884 ridere
2499 2832 2637 2894 licel,
2667 2832 2790 2901 quid
2842 2832 3030 2898 politia
3062 2840 3151 2882 aut
3175 2831 3386 2882 animus
3410 2831 3651 2901 heroicus

413 2917 609 2979 valeat,
638 2917 964 2989 qualiterque
989 2922 1328 2990 magistratus
1362 2936 1486 2988 erga
1513 2921 1712 2988 proprii
1735 2922 2015 2981 commodi,
2043 2937 2229 2972 avaros
2279 2933 2434 2988 atque
2460 2919 2709 2985 superbos
2740 2918 2979 2970 homines
3016 2932 3069 2993 se
3119 2915 3361 2969 exhibere
3416 2933 3653 2969 remune—

414 3005 630 3072 rorique
667 2996 881 3072 debeat;
907 3008 1062 3071 quale
1079 3008 1243 3061 etiam
1268 3009 1642 3061 detrimentum
1669 3011 1857 3076 patria:
1886 3017 2039 3075 atque
2067 3009 2340 3071 exercitui,
2377 3009 2436 3061 ob
2468 3006 2894 3067 inobedieutiam,
2933 3004 3313 3074 confusionem,
3348 3003 3649 3079 perfidiam,

416 3093 741 3160 superbiant,
763 3096 1037 3163 proprium
1065 3096 1413 3161 commodum,
1448 3098 1577 3150 oriri
1614 3109 1658 3150 et
1686 3098 1921 3149 accidere
1942 3099 2126 3166 possit.
2169 3098 2453 3161 Propterea
2506 3096 2663 3165 facile
2686 3096 2930 3165 colligere
2987 3095 3107 3145 hinc
3140 3092 3282 3155 licet.
3308 3109 3425 3145 cum
3455 3093 3653 3146 ηιοάεν·

417 3183 473 3233 ni
495 3184 835 3248 imperatores
862 3183 1069 3237 Tat'CiCi
1096 3202 1269 3254 parva:
1306 3196 1459 3254 atque
1490 3185 1726 3239 obscura:
1759 3185 2001 3255 familiw.
2027 3201 2142 3238 cum
2169 3190 2357 3254 exigua
2389 3200 2547 3237 manu
2588 3186 2644 3235 in
2676 3186 2984 3235 immensum
3014 3181 3289 3244 creverint,
3329 3182 3405 3233 uti
3446 3183 3651 3247 quidem

415 3285 485 3322 ex
507 3272 729 3323 historia
753 3271 853 3324 hac
877 3273 1132 3343 intelligo,
1166 3273 1304 3343 quod
1341 3274 1493 3334 Asia,
1521 3273 1744 3334 Gra'cia,
1774 3275 2051 3343 Bulgaria,
2074 3275 2384 3337 Arbanesia,
2408 3271 2628 3334 Bosnia,
2655 3272 2857 3332 Servia,
2888 3272 3098 3323 nonnisi
3120 3280 3330 3337 propter
3356 3272 3653 3322 inobedien-

423 3359 575 3422 tiam,
594 3361 967 3427 confusionem,
992 3363 1288 3430 perﬁdiam,
1315 3363 1632 3429 superbiam,
1650 3374 1696 3415 et
1719 3379 1825 3415 rem
1851 3366 2131 3431 privatam.
2159 3363 2209 3413 in
2232 3372 2301 3412 tot
2327 3361 2658 3413 calamitates
2682 3372 2835 3429 atque
2857 3375 3041 3411 manus
3068 3361 3397 3411 inimicorum
3426 3360 3651 3410 nominis

425 3445 585 3513 310
618 3445 908 3500 Christiani
935 3450 1254 3501 inciderint:
1276 3451 1412 3518 quod
1434 3450 1584 3519 (proh
1614 3450 1831 3519 Deum!)
1863 3450 2107 3503 hodierno
2156 3449 2323 3500 adhuc
2343 3452 2425 3500 die
2446 3447 2645 3500 evenire
2685 3451 2934 3499 videmus.
2957 3445 3095 3498 Nam
3115 3463 3230 3515 qua:
3263 3445 3370 3498 alia
3388 3456 3462 3497 est
3490 3463 3651 3497 causa

426 3531 731 3587 Christiana:
749 3536 1145 3597 devastationis,
1164 3553 1319 3605 quant
1337 3537 1701 3598 inobedientia,
1716 3537 1958 3606 perﬁdia,
1975 3538 2168 3590 avarits'
2187 3558 2220 3600 ι,
2240 3538 2498 3604 superbia,
2515 3545 2561 3587 et
2581 3537 2653 3587 rei
2668 3536 2887 3602 privata:
2904 3536 3172 3587 studium?
3189 3531 3326 3586 Nam
3346 3534 3428 3586 hic
3446 3548 3650 3599 propter

422 3637 571 3671 suum
590 3624 918 3675 commodum
937 3625 1074 3691 favet
1096 3624 1299 3688 Turcis,
1323 3624 1458 3677 alter
1478 3625 1796 3679 Woiwodte:
1823 3627 2027 3689 tertius,
2048 3626 2178 3678 nulli
2194 3627 2495 3693 obsequens,
2514 3624 2737 3690 seipsum
2757 3623 3023 3677 dominum
3045 3633 3235 3675 censet.
3263 3622 3402 3676 Unde
3418 3623 3477 3689 ﬁt
3495 3639 3650 3691 porro

416 3712 552 3773 quod
571 3727 661 3762 nos
681 3714 857 3763 omnia
876 3712 1008 3765 bella
1031 3730 1154 3782 erga
1177 3713 1464 3769 Christiani
1486 3717 1711 3768 nominis
1730 3716 1899 3767 hostes
1922 3716 2190 3775 instituta,
2214 3713 2383 3765 minus
2409 3727 2650 3781 prospere
2665 3727 2928 3780 geramus,
2946 3727 3102 3779 quant
3126 3720 3334 3777 propter
3352 3710 3649 3762 inobedien-

418 3799 957 3865 tiam,confusionem,
980 3802 1280 3868 perﬁdiam,
1308 3804 1610 3865 avaritiam,
1639 3808 1962 3871 superbiant,
1991 3813 2038 3856 et
2068 3808 2337 3871 proprium
2375 3798 2849 3855 commoduthos
2879 3803 3243 3854 existimamus
3275 3805 3411 3865 ipsos
3445 3801 3649 3866 minime

415 3884 718 3946 subsistere,
748 3902 858 3938 rem
892 3898 1129 3941 nostram
1156 3892 1541 3944 inconsiderate
1570 3892 1928 3961 aggrediatur,
1953 3902 2000 3943 et
2026 3894 2366 3960 proponimus
2400 3891 2546 3941 nobis
2598 3905 2814 3958 magnas
2842 3904 2961 3955 opes
2992 3888 3055 3939 ab
3088 3890 3217 3954 ipsis
3261 3888 3647 3953 acquirendas:

413 3974 582 4038 primo
609 3990 885 4041 congressu
928 3976 1130 4028 alacres
1160 3990 1316 4046 atque
1352 3980 1578 4031 animosi
1611 3995 1817 4041 sumus,
1849 3995 2022 4031 verum
2060 3982 2205 4031 illico
2262 3977 2596 4029 remittimus.
2658 3980 2793 4029 Deus
2843 3978 3163 4043 omnipotens
3219 3990 3372 4026 suam
3405 3976 3645 4040 dignetur

417 4060 565 4111 nobis
586 4063 811 4127 gratiam
850 4064 1057 4133 largiri,
1085 4080 1187 4133 quo
1218 4081 1311 4118 nos
1339 4082 1461 4133 erga
1491 4068 1747 4132 ejusmodi
1777 4067 1937 4119 divini
1962 4066 2185 4118 nominis
2214 4065 2385 4116 hostes
2411 4066 2722 4131 dirigamus,
2750 4065 3104 4129 superioribus
3137 4072 3184 4113 et
3214 4062 3549 4129 inagistraiui
3575 4063 3646 4113 si-

415 4163 531 4198 mus
560 4152 913 4216 obsequentes,
942 4152 1796 4218 bonampolitiamconservemus,
1834 4154 2094 4214 avaritias,
2139 4151 2414 4218 superbiae,
2473 4161 2520 4203 et
2552 4150 2627 4201 rei
2678 4151 2923 4216 privatie,
2974 4161 3229 4219 quantum
3283 4165 3487 4216 (equum
3542 4158 3644 4209 est,

415 4238 749 4299 tribuamus;
779 4254 840 4291 ne
866 4248 918 4291 et
958 4256 1050 4292 nos
1073 4244 1284 4292 tandem
1320 4241 1476 4311 (quod
1506 4240 1641 4293 Deus
1659 4256 1950 4309 praecavere
1971 4240 2108 4307 velit)
2138 4241 2292 4292 sicuti
2332 4239 2614 4291 nominata:
2658 4238 2887 4306 regiones
2907 4239 2961 4291 in
2988 4239 3219 4290 maxima
3246 4238 3441 4291 damna
3467 4256 3643 4294 veniu-

418 4336 555 4387 mus,
576 4334 624 4375 et
649 4328 928 4389 posteritas
957 4336 1138 4379 nostra
1162 4328 1321 4394 ﬁdem
1348 4335 1501 4396 atque
1533 4327 1832 4397 religionem
1863 4328 2183 4382 dzabolicam
2220 4328 2479 4395 suscipere
2514 4336 2751 4394 cogatur.
2790 4326 2941 4390 Quod
2969 4325 3108 4381 Deus
3142 4327 3195 4379 iit
3226 4338 3477 4381 wteruum
3497 4333 3644 4381 nobis

416 4417 695 4464 concedere
722 4415 966 4482 dignetur
993 4418 1092 4483 (α).
1119 4419 1307 4469 Amen.

489 4546 659 4619 liegite
691 4549 877 4607 Vestra:
907 4552 1203 4622 Majestatis

1819 4704 2182 4763 llumiiltmus,
2247 4708 2702 4757 ουειιιεηιτδδυηιιε
2728 4704 2969 4766 servitor,
2999 4710 3047 4754 et
3088 4703 3337 4770 interpres
3368 4701 3639 4760 Tan-iens,

2560 4858 2789 4916 losum-:5
2813 4858 3134 4924 GAUltlER,
3171 4864 3305 4915 altas
3335 4860 3638 4916 S.'ll~.GI-.L.

482 5724 553 5786 (α)
590 5724 955 5787 Exspectabam,
995 5728 1129 5785 Quod
1171 5730 1293 5777 Deus
1327 5740 1356 5775 a
1389 5730 1521 5779 nobis
1555 5735 1754 5778 avertat.
