4026 6204
1654 339 2013 402 ANNALES
2047 338 2388 402 TURCICI.

404 505 1595 517 mw
1666 483 2980 517 .mwm
3014 507 3076 517 α.-

2340 505 2980 517 ηφ--Μ
3014 507 3077 517 α.-
3133 507 3143 512 -
3167 505 3629 521 Ἥςνῌ-κςα

1691 662 2341 783 ANNALES

600 950 1916 1111 SULTANORUM
2026 947 3437 1111 OSMANIDARUM

1289 1260 1385 1317 ΑΒ
1420 1260 1622 1319 lPSlS
1659 1259 1947 1321 TURCIS
1979 1259 2372 1321 MEMORL‘E
2423 1259 2771 1324 PRODITI.

458 1568 625 1641 311
679 1566 900 1621 Primus
933 1540 1091 1636 apud
1145 1558 1359 1622 Turcos
1401 1578 1581 1621 rerum
1635 1567 1836 1636 petitus
1863 1566 1978 1621 fuit
2005 1573 2053 1631 Α
2082 1567 2276 1624 itinere
2308 1607 2324 1634 ,
2356 1565 2667 1637 'Clialcpum
2700 1564 2880 1621 adiit:
2929 1564 2982 1621 iu
3016 1582 3123 1638 qua
3176 1566 3516 1637 profectione
3561 1570 3657 1624 de-

398 1664 626 1722 Osmau.
644 1661 735 1732 qui
761 1670 969 1730 patrem
998 1659 1189 1713 habuit
1222 1659 1559 1713 Ertuculem.
1585 1656 1683 1713 Hie
1704 1659 1846 1714 ﬁlius
1873 1657 1974 1713 fuit

401 1748 732 1812 Soleituauis
760 1751 957 1807 Scaclti
984 1768 998 1805 :
1028 1752 1394 1812 Soleitnanes.
1413 1751 1685 1821 Cabielpis
1719 1770 1731 1805 :
1755 1752 1974 1806 Cabiel-

405 1866 519 1917 pes,
564 1848 898 1915 Cusulbugac
929 1862 942 1898 :
977 1844 1315 1914 Cusulbuga,
1352 1842 1677 1899 Bainderis:
1722 1843 1977 1909 Bainder,

399 1940 676 1994 Oiculucis
738 1954 752 1990 :
806 1936 1113 2002 Oicoluees,
1172 1937 1523 2008 Baisungeris
1574 1953 1591 1992 :
1646 1935 1972 2006 Baisunger,

404 2029 560 2085 Bakis
600 2032 727 2100 Agat
762 2047 775 2082 :
807 2028 979 2083 Bakes
1006 2031 1140 2098 Agat,
1187 2028 1365 2083 Ciacis
1416 2031 1541 2098 Agar
1572 2046 1585 2083 :
1619 2028 1810 2084 Liaces
1841 2031 1976 2098 Aga,

401 2122 744 2177 'l'octemuris
798 2140 813 2177 :
848 2120 1171 2184 Toetetnur,
1210 2120 1530 2174 'Versaiobis
1562 2140 1577 2176 :
1629 2119 1981 2187 Versaiobes,

399 2213 675 2284 Giokelpis
708 2231 723 2269 :
759 2212 1072 2283 Giokelpes,
1126 2212 1329 2283 Oguzis
1366 2229 1380 2266 :
1411 2210 1628 2284 Oguzes
1655 2228 1669 2265 :
1701 2212 1979 2268 Cat-acha-

403 2310 489 2362 uis
546 2323 562 2360 :
621 2306 929 2370 Caraclian,
967 2305 1325 2361 ~Cutluzeeeis
1367 2306 1771 2361 :Cutluzecces
1828 2305 1979 2360 deni-

401 2414 510 2469 que
567 2396 809 2453 Lecrace
874 2409 1029 2467 patre
1064 2408 1228 2452 natus
1290 2398 1410 2451 fuit.
1467 2397 1529 2452 lli
1591 2397 1977 2467 septemdecim

401 2493 666 2546 duntaxat
705 2498 961 2544 auctores
986 2489 1151 2559 hujus
1172 2490 1402 2545 familia:
1450 2491 1753 2546 litterarum
1784 2505 1981 2545 monu-

405 2588 599 2638 mentis
635 2583 837 2652 proditi
882 2591 1261 2639 recensentur.
1293 2582 1514 2650 Ceteri,
1539 2598 1777 2654 quorum
1824 2582 1983 2654 igno-

402 2687 455 2730 ta
504 2676 750 2738 nomina.
810 2676 1073 2729 continua
1122 2676 1265 2731 serie
1308 2675 1587 2729 referendi
1636 2676 1869 2729 veniunt
1911 2673 1979 2729 ad

399 2766 714 2838 Japhetum,
748 2763 916 2821 Nohae
958 2767 1152 2821 ﬁlium.
1190 2766 1307 2834 ipsa
1339 2766 1560 2837 quidem
1605 2767 1719 2821 haec
1750 2766 1981 2836 Oguzio-

404 2876 522 2913 rum
578 2859 721 2914 dicta
791 2858 1018 2923 familia,
1085 2858 1438 2913 successione
1492 2867 1749 2928 perpetua
1790 2873 1977 2912 rerum

2086 1661 2228 1716 latus
2274 1662 2341 1714 ad
2378 1660 2666 1731 oppiduni,
2693 1659 2838 1729 quod
2863 1657 3030 1716 Jaber
3056 1660 3281 1724 dicitur,
3312 1661 3378 1715 ad
3409 1661 3655 1731 Euphra-

2085 1763 2191 1809 tem
2241 1751 2465 1808 ﬂuvium
2506 1763 2696 1808 castra
2750 1762 3005 1809 metatur.
3044 1753 3172 1807 Erat
3221 1754 3312 1808 hic
3340 1755 3419 1809 eis
3464 1765 3657 1810 trans-

2078 1846 2351 1916 jiciendus
2394 1846 2719 1915 Euphrates,
2771 1846 2863 1901 sed
2914 1846 3115 1900 vadum
3157 1847 3366 1900 nullum
3417 1846 3657 1900 invenie-

2086 1939 2239 2003 bant,
2280 1939 2432 2009 quod
2481 1950 2673 1994 essent
2719 1940 2970 1996 homines
2998 1940 3227 1993 omnino
3250 1941 3427 1994 ‘rudes
3464 1950 3520 1993 et
3571 1956 3657 1994 re-

2087 2047 2206 2086 rum
2257 2032 2514 2101 imperiti.
2566 2033 2703 2087 Cum
2730 2047 3002 2102 equorum
3041 2042 3230 2088 natatu
3265 2035 3658 2089 transmitten-

2085 2125 2215 2178 dum
2259 2140 2478 2179 amnem
2529 2126 2828 2195 placuisset
2880 2127 3181 2192 universis,
3229 2126 3441 2193 primus
3487 2126 3660 2181 Solei-

2085 2235 2277 2274 inanes
2308 2219 2560 2274 Scachus
2596 2219 2815 2273 flumen
2850 2218 3133 2289 ingressus
3159 2228 3213 2274 et
3237 2220 3408 2289 aquis
3433 2219 3661 2274 obrutus

2080 2313 2372 2381 exspirat:
2403 2326 2567 2382 quem
2609 2326 2818 2381 suos“
2851 2313 3139 2381 quaesitum
3183 2313 3488 2385 diligentia,
3542 2326 3661 2367 tan-

2086 2406 2322 2474 demque
2374 2413 2656 2470 repertum
2711 2405 3030 2469 extrahunt,
3090 2404 3404 2477 ibidemque
3451 2408 3660 2460 tumulo

2084 2494 2369 2549 mandant.
2412 2494 2581 2548 Erant
2628 2492 2755 2548 huic
2775 2493 3087 2549 'Soleimani
3122 2493 3335 2550 Scaclio
3361 2497 3521 2567 312
3566 2499 3659 2552 lilii

2089 2596 2199 2642 tres
2230 2587 2576 2655 superstites,
2607 2599 2846 2656 quorum
2877 2585 2974 2641 uni
3003 2601 3201 2641 nomen
3227 2585 3658 2659 Sangurgensis.

2088 2678 2247 2733 alteri
2305 2676 2647 2747 Gundogdis,
2702 2678 2869 2733 tertio
2898 2678 3205 2743 Ertucules,
3240 2678 3333 2746 qui
3368 2680 3535 2733 tilium
3571 2681 3664 2733 lia-

2088 2770 2209 2825 buit
2235 2766 2556 2824 Osniauem.
2586 2769 2881 2823 Exstincto
2926 2778 3101 2837 patre,
3147 2778 3326 2824 castra
3361 2771 3558 2825 fratres
3609 2772 3661 2824 hi

2087 2871 2433 2933 promovent,
2484 2878 2547 2917 ac
2612 2872 2836 2932 propter
2873 2861 3236 2932 Euphratem,
3280 2864 3511 2918 adverso
3562 2862 3664 2918 flu-

404 2953 549 3025 apud
583 2952 813 3007 Parthos
845 2952 1017 3022 potita
1049 2948 1172 3018 fuit,
1206 2950 1565 3020 hominesque
1592 2949 1743 3004 fuere
1764 2947 1981 3017 simpli-
2014 2942 2058 2999 Β
2085 2960 2233 3014 mine
2283 2958 2536 3030 profecti,
2583 2960 2799 3013 tandem
2828 2959 2896 3013 ad
2934 2972 3160 3030 campos
3207 2958 3498 3015 Ρηεεοηίοε
3546 2977 3665 3031 ρετ-

394 3063 496 3101 ees
525 3058 578 3101 et
610 3046 773 3100 rudes
810 3062 824 3099 :
868 3045 963 3115 qui
1009 3053 1196 3115 postea
1239 3058 1404 3113 quam
1440 3044 1613 3115 prituo
1663 3041 1978 3112 religionem

403 3139 844 3195 Mahuinetanam
906 3137 1144 3192 fuissent
1202 3136 1467 3215 amplexi,
1521 3134 1837 3189 dominatus
1891 3134 1978 3189 sui

404 3233 588 3285 sedem
630 3232 682 3283 iti
724 3230 948 3284 civitate
1001 3222 1354 3281 Macliattensi
1399 3224 1818 3279 constituerunt.
1867 3220 1981 3276 Ca:-

406 3335 579 3378 teruiu
624 3338 733 3391 quo
774 3331 1015 3379 tempore
1046 3317 1387 3373 Soleimanes
1412 3316 1655 3372 Scachus
1702 3315 1979 3371 Maelianae

391 3424 638 3486 przeerat
686 3415 851 3468 rebus
914 3412 1208 3476 Parthicis,
1270 3423 1579 3482 praipOteus
1644 3409 1733 3465 ille
1788 3408 1980 3479 ‘Ziugis

384 3510 553 3563 Elian
595 3524 663 3561 ex
718 3507 940 3575 regione
991 3505 1207 3561 Cbitaia
1263 3522 1387 3559 cum
1435 3505 1680 3559 exercitu
1737 3504 1789 3557 in
1846 3504 1980 3557 Par-

398 3602 570 3652 thi-.nn
602 3597 881 3667 profectus
908 3605 1011 3659 est,
1046 3597 1231 3667 ibique
1260 3596 1519 3651 Belcham
1563 3598 1839 3651 civitatem
1887 3613 1981 3650 co-

402 3694 506 3759 piis
555 3690 877 3757 loeupletem
929 3688 1163 3753 obsedit,
1199 3690 1367 3756 cepit,
1428 3690 1598 3742 diruit
1627 3708 1645 3743 ς
1700 3699 1981 3759 totamque

404 3782 685 3850 regionem
714 3779 1086 3836 Chorasanem
1111 3781 1540 3851 populabundus
1569 3780 1823 3851 diripuit.
1851 3781 1982 3839 Erat

407 3874 461 3928 id
493 3873 759 3942 temporis
805 3872 1121 3929 Curisemes
1172 3872 1431 3929 Seacbus
1457 3872 1666 3928 Belcha:
1723 3873 1982 3943 princeps

401 3978 463 4022 et
499 3968 865 4033 (lliorasanis,
893 3968 984 4036 qui
1012 3981 1186 4037 regno
1218 3967 1407 4037 pulsus
1439 3984 1567 4021 cum
1590 3967 1708 4022 suis
1745 3970 1978 4037 aufugit,

404 4069 461 4113 et
496 4058 548 4111 in
598 4060 795 4114 itinere
841 4059 1022 4127 periit.
1070 4057 1203 4128 Ejus
1249 4058 1305 4112 in
1339 4059 1522 4113 locum
1558 4060 1825 4113 successit
1875 4056 1981 4128 υς-

409 4165 531 4204 nam
569 4148 723 4205 Chan
779 4150 949 4216 (ilius,
980 4149 1075 4219 qui
1109 4151 1296 4219 copias
1353 4158 1611 4220 paternas
1665 4150 1979 4219 Bagadatim

411 4257 605 4297 versus
636 4243 832 4297 duxit:
866 4258 977 4310 quo
1010 4257 1137 4297 eum
1170 4243 1530 4312 pervenisset,
1579 4243 1773 4296 urbem
1819 4257 1984 4296 occu-

399 4335 578 4402 pavit,
632 4332 839 4389 incolas
894 4333 1117 4397 occidit,
1180 4333 1458 4403 regimiem
1508 4336 1823 4388 universam
1884 4335 1986 4387 sibi

398 4429 632 4494 suisque
657 4427 973 4481 vindicavit.
1001 4426 1059 4480 ld
1093 4427 1184 4480 ubi
1217 4426 1406 4495 Ziugis
1432 4427 1582 4480 Chan
1610 4426 1985 4491 intellexisset,

395 4521 577 4573 armis
608 4534 732 4573 eum
760 4530 1084 4590 persecutus
1123 4521 1176 4572 in
1215 4530 1719 4587 suampotestatem
1758 4520 1983 4588 redegit.

404 4615 689 4667 Oriuudus
750 4628 817 4666 ex
871 4612 1077 4664 familia
1133 4610 1648 4680 Selgueissultanus
1703 4612 1985 4677 Aladines,

400 4720 443 4758 -e
466 4703 688 4755 Parthia
732 4702 1021 4770 profugus,
1057 4704 1113 4756 iu
1139 4714 1419 4768 tegtoiietn
1447 4698 1649 4764 Jonan,
1674 4718 1794 4771 qua:
1816 4701 1986 4756 Cara-

400 4800 594 4850 unania
642 4797 803 4848 modo
833 4794 1058 4861 dicitur,
1103 4796 1391 4864 pervenit,
1429 4796 1609 4864 iisque
1645 4796 1782 4850 locis
1822 4811 1989 4850 occu-

390 4890 572 4957 .patis,
621 4895 677 4941 et
724 4886 1029 4940 instaurata
1090 4890 1225 4940 urbe
1267 4886 1506 4949 Sivasta.
1546 4888 1689 4959 regia
1718 4904 1843 4942 cum
1896 4904 1989 4958 p0-

404 4994 608 5040 testate
640 4982 880 5054 przeluit.
905 4982 1043 5036 Cum
1113 4993 1297 5036 autem
1340 4982 1397 5037 in
1426 4984 1571 5036 hunc
1600 4986 1822 5036 modum
1866 4980 1990 5036 Zin-

333 5145 339 5152 ι
389 5096 490 5148 .gis
518 5078 673 5132 Ghau
710 5076 990 5130 Parthiam
1023 5084 1230 5145 ageret.
1263 5076 1468 5141 ferret,
1518 5076 1680 5129 etiam
1720 5075 1987 5130 Maeliana

334 5202 345 5247 ;
394 5168 661 5222 A’umlitus
715 5181 908 5221 eVersa
961 5166 1085 5231 fuit,
1148 5179 1273 5235 quae
1329 5164 1383 5219 id
1439 5168 1704 5236 temporis
1759 5170 1992 5237 imperio

398 5263 736 5316 Soleitnanis
766 5261 965 5316 Seachi
996 5262 1242 5330 parebat.
1294 5258 1345 5314 ls
1375 5257 1562 5315 Tatari
1603 5261 1875 5315 violentia:
1906 5280 1994 5316 ce-

400 5362 567 5420 dens,
602 5366 659 5409 et
693 5354 809 5423 ipse
834 5369 959 5407 eum
998 5353 1115 5407 suis
1147 5354 1421 5421 migravit,
1457 5353 1594 5407 inito
1637 5354 1871 5407 consilio
1910 5354 1996 5407 in-

408 5448 669 5501 vadenda:
709 5446 995 5499 lioutania:
1040 5462 1054 5499 :
1091 5447 1239 5514 quod
1270 5445 1594 5509 iuaudisset,
1635 5447 1703 5501 iis
1749 5448 1801 5499 iu
1858 5447 1994 5502 locis

403 5544 555 5594 bella
608 5542 745 5610 geri,
804 5551 858 5593 et
909 5542 1080 5594 armis
1122 5554 1235 5593 rem
1293 5540 1473 5608 parari
1526 5554 1709 5607 pus-se.
1747 5537 1995 5607 Quapro-

2081 3052 2334 3129 veniunt.
2365 3052 2435 3107 lis
2469 3054 2521 3107 in
2554 3051 2691 3106 locis
2740 3050 2984 3106 Ertuculi
3024 3054 3283 3109 Osmanis
3332 3054 3494 3124 patri,
3544 3069 3664 3108 cunt

2082 3147 2500 3218 quadringentis
2526 3146 2854 3215 mapalibus,
2878 3162 2995 3216 qua:
3011 3162 3111 3215 pro
3135 3160 3281 3200 more
3303 3147 3482 3215 gentis
3504 3147 3570 3199 de
3590 3146 3664 3200 lo-

2082 3256 2149 3297 eo
2172 3241 2412 3295 inlocum
2438 3239 2745 3310 promoveri
2780 3237 3173 3309 transferrique
3209 3247 3465 3310 possunt,
3487 3238 3666 3294 subsi-

2082 3344 2225 3389 stere
2241 3332 2421 3397 libuit,
2442 3332 2670 3400 reliquis
2690 3332 2904 3387 duobus
2930 3331 3188 3386 fratribus
3208 3330 3259 3385 in
3280 3329 3556 3386 Parthiam
3574 3346 3663 3385 re-

2082 3426 2399 3481 deuntibus.
2434 3426 2603 3478 Hasrt
2624 3422 2828 3479 ibidem
2858 3423 2922 3479 ad
2964 3423 3181 3494 aliquod
3204 3433 3418 3493 tempus
3438 3421 3668 3477 Ertucu-

2084 3520 2185 3584 les,
2238 3519 2387 3571 varie
2437 3517 2795 3571 finitimorum
2857 3516 3142 3587 iujuriiset
3188 3516 3325 3571 rixis
3370 3516 3661 3571 exercitus.

2084 3612 2329 3680 Denique
2379 3627 2569 3664 rumor
2596 3614 2667 3665 ad
2706 3627 2830 3664 eum
2865 3609 3159 3680 perfertur,
3186 3609 3668 3665 sultauumAladi-

2082 3715 2231 3766 nem,
2247 3714 2277 3753 e
2291 3700 2473 3755 Parthi
2488 3715 2516 3752 a
2540 3699 2850 3770 profugum,
2871 3702 2925 3753 in
2941 3700 3203 3755 ltomauia
3225 3701 3534 3770 complures
3549 3716 3668 3771 pro-

2082 3791 2290 3847 vincias
2313 3795 2395 3846 sui
2417 3794 2557 3861 juris
2582 3793 2803 3853 fecisse.
2829 3793 3077 3863 adeoque
3105 3808 3299 3861 magno
3314 3796 3546 3863 potitum
3564 3795 3666 3848 im-

2082 3886 2259 3953 perio.
2283 3883 2450 3938 Erant
2487 3884 2725 3939 Ertuculi
2762 3894 2871 3939 tres
2900 3884 3016 3950 lilii,
3039 3884 3289 3952 Gundus,
3311 3888 3590 3957 Sarigstes
3614 3898 3669 3941 et

2082 3978 2306 4032 Osuiau.
2337 3977 2464 4043 Ubi,
2490 3993 2600 4047 quo
2637 3979 2690 4033 iu
2714 3987 2857 4033 statu
2882 3994 2968 4033 res
2991 3979 3240 4034 Alad'rnis
3262 3990 3471 4042 essent,
3492 3980 3667 4034 «Enu-

2082 4073 2238 4125 cules
2290 4069 2617 4137 accepisset,
2696 4085 2807 4124 non
2858 4085 3053 4136 magna
3090 4071 3531 4126 consultationis
3585 4073 3667 4127 in-

2084 4161 2339 4232 terposita
2385 4178 2558 4227 mora,
2590 4163 2761 4216 lilium
2806 4162 3097 4232 Sarigatim
3135 4163 3203 4216 ad
3244 4178 3384 4217 eum
3425 4164 3664 4234 ablegat;

2014 4284 2060 4347 ε
2089 4265 2324 4318 oratum,
2363 4265 2428 4309 ut
2454 4254 2692 4325 aliquem
2729 4256 2833 4310 sibi
2869 4256 3051 4310 locum
3086 4257 3434 4332 concederet,
3463 4271 3570 4327 quo
3612 4258 3665 4309 iu

2092 4352 2213 4403 loco
2237 4366 2297 4403 se
2326 4365 2454 4403 cum
2483 4352 2601 4403 suis
2632 4359 2944 4405 sustentare
2984 4363 3193 4421 posset.
3232 4353 3495 4409 Aladines
3539 4354 3669 4409 tich

2090 4445 2371 4513 postulato
2427 4445 2624 4499 lubens
2670 4445 3002 4511 asseutitur,
3044 4450 3236 4517 eisque
3267 4447 3544 4518 regionem
3583 4458 3667 4502 at-

2092 4534 2306 4598 tribuit,
2357 4544 2466 4589 tam
2517 4537 2744 4599 aestivis,
2777 4552 2944 4604 quam
2972 4537 3220 4592 hibernis
3252 4548 3437 4607 aptam
3467 4539 3672 4592 nteusi-
3708 4596 3715 4603 ,

2090 4622 2218 4679 bus.
2242 4623 2308 4678 ω
2337 4626 2597 4693 temporis
2626 4628 2778 4680 natio
2804 4627 3052 4695 quaedam
3086 4629 3352 4683 adversus
3381 4629 3660 4684 sultanum

2088 4717 2373 4771 Aladiuem
2410 4733 2561 4772 arma
2599 4720 2784 4774 subito
2826 4731 3093 4785 moverat,
3129 4730 3323 4777 contra
3360 4738 3499 4791 quos
3528 4722 3668 4776 dum

2091 4810 2209 4865 suis
2234 4809 2524 4866 instructis
2555 4812 2643 4867 ille
2687 4813 3073 4881 proficiscitur,
3137 4814 3342 4868 interea
3376 4815 3669 4869 Ertuenles

2084 4917 2214 4957 cum
2278 4901 2423 4964 filiis.
2480 4903 2721 4971 Sarigati
2759 4915 2815 4958 et
2845 4902 3109 4969 Osmaue,
3166 4918 3358 4960 versus
3409 4906 3672 4974 Eugurim

2090 5010 2215 5049 sese
2246 4995 2458 5049 confert
2506 5011 2730 5064 :eoque
2774 4995 2896 5050 loco
2949 4996 3054 5052 sibi
3101 4999 3327 5067 suisque
3375 5001 3673 5053 constituta

2091 5088 2219 5142 sede
2256 5089 2490 5155 quadam
2526 5105 2597 5143 ae
2624 5090 2931 5154 domicilio,
2998 5089 3261 5145 finitimos
3285 5090 3507 5147 Graecos
3555 5109 3677 5162 per-

2095 5179 2275 5249 petuis
2328 5180 2755 5237 excursionibus
2796 5177 2866 5236 δι’
2886 5182 3091 5251 rapinis
3115 5181 3384 5237 infestare
3427 5198 3538 5238 non
3580 5187 3675 5238 de-

2093 5273 2205 5326 siit.
2259 5273 2502 5328 Tandem
2546 5273 2709 5328 rebus
2758 5276 3018 5329 humanis
3071 5275 3365 5332 Ertucules
3413 5280 3672 5337 excessit.

2096 5379 2219 5417 cum
2254 5365 2372 5418 suis
2411 5365 2477 5418 ad
2513 5364 2584 5419 52
2617 5382 2791 5421 annos
2831 5368 3145 5436 prtel'uisset
3195 5385 3211 5423 :
3244 5381 3496 5425 mortuus
3528 5387 3675 5425 anno

2094 5452 2513 5510 Machametauo
2549 5456 2653 5511 687
2699 5458 3043 5527 (Christiano
3080 5461 3265 5529 1289).

2519 5548 2593 5601 De
2621 5548 2874 5603 Osmanis
2900 5553 3209 5606 natitvt'tate.

395 5649 533 5701 pter
562 5633 751 5686 relicta
802 5631 1023 5685 Parthia
1068 5630 1359 5699 Erziugam
1388 5646 1509 5687 esse
1538 5632 1772 5685 contulit
1807 5636 1993 5685 :uude
2028 5634 2072 5690 ι)
2168 5640 2381 5694 Accidit
2430 5642 2749 5712 aliquando,
2795 5656 2855 5699 ut
2888 5644 3069 5702 fessus
3104 5648 3394 5705 Ertucules
3441 5652 3679 5707 interdiu

406 5743 467 5779 in
502 5722 829 5777 Romaniam
866 5733 1183 5793 penetrans,
1211 5723 1485 5776 Amasiam
1525 5724 1794 5790 pervenit,
1844 5725 1991 5777 mul-

401 5822 483 5875 tis
510 5830 570 5874 et
598 5818 775 5885 magni
803 5819 967 5888 pretii
988 5818 1207 5887 potitus
1240 5817 1447 5890 spoliis.
1479 5818 1760 5873 Conversa
1791 5818 1989 5875 deinde

2101 5743 2275 5787 semet
2315 5734 2383 5787 ad
2438 5736 2680 5803 quietem
2723 5751 3097 5808 componeret.
3157 5743 3231 5795 lbi
3277 5752 3391 5796 tum
3441 5746 3488 5797 ei
3532 5734 3679 5798 som-

2099 5827 2254 5885 nium
2296 5844 2356 5884 se
2395 5832 2666 5900 quoddam
2713 5833 2930 5900 obtulit,
2965 5850 3074 5902 quo
3131 5837 3246 5889 viso
3290 5836 3390 5890 fuit
3422 5851 3677 5906 experre-
