4026 6204
340 327 453 389 581

1599 321 1948 383 ANNALES
1985 319 2315 386 TURCICL

3463 325 3567 389 582

336 452 490 493 eius.
524 436 805 493 Monhinc
838 446 893 492 et
938 438 1061 493 inde
1102 455 1214 493 rem
1252 439 1653 509 cogitabundus
1702 454 1910 508 expen-
1940 446 1985 503 Α
2015 438 2321 493 includunt.
2349 435 2497 502 Quos
2539 452 2570 490 a
2604 444 2752 507 tergo
2792 452 2915 493 cum
2951 438 3089 492 'suis
3138 438 3413 492 insecotus
3455 439 3569 494 Os~

342 532 504 591 deus,
536 545 738 598 corpus
771 530 962 594 ahluit,
1003 547 1190 598 preces
1234 546 1365 584 suas
1408 532 1663 594 absolvit,
1701 530 1914 584 habitu-

347 641 456 687 que
501 630 709 676 mutato
737 622 966 675 Coniam
1012 626 1311 691 profectus,
1356 623 1541 676 urbem
1592 622 1911 690 ingreditur.

347 714 556 784 Agebat
587 714 712 768 istic
746 714 830 764 vir
865 715 1209 768 auctoritatis
1237 730 1303 767 ex
1348 714 1597 768 doctrina
1628 713 1913 774 ,maximae,

349 809 436 863 cui
468 824 663 861 nomen
702 805 994 870 Edebales,
1030 822 1254 876 operum
1288 808 1515 862 effector
1542 817 1597 860 et
1644 807 1917 876 prodigio-

351 916 473 956 rum
522 898 952 963 admirabilium,
1004 898 1059 952 in
1109 915 1267 967 quem
1310 899 1544 967 conjecti
1593 906 1749 952 erant
1794 913 1915 951 om-

353 993 504 1045 nium
554 990 720 1051 oculi,
756 988 905 1057 quod
956 1004 1051 1043 eos
1091 991 1143 1042 in
1191 989 1306 1055 lege
1340 989 1725 1044 Mahumetana
1760 988 1917 1042 insti-

356 1092 558 1143 tueret,
594 1096 656 1133 ac
686 1079 969 1134 facultates
993 1082 1319 1150 eazteroquiu
1352 1081 1720 1151 amplissimas
1742 1081 1918 1150 possio

358 1176 532 1227 deret.
564 1173 730 1226 Etiam
764 1173 1013 1227 sultanus
1041 1172 1177 1242 ipse,
1201 1189 1359 1239 quem
1385 1173 1641 1239 diximus,
1660 1174 1917 1227 Aladines

364 1266 654 1335 plurimum
700 1265 747 1319 ei
780 1266 1072 1319 tribuebat.
1106 1267 1264 1319 Hunc
1303 1266 1392 1319 ubi
1428 1268 1771 1320 convenisset
1818 1263 1920 1317 Er-

364 1357 598 1420 tttcules,
658 1366 711 1408 ut
746 1356 1018 1410 somnium
1050 1355 1124 1411 illi
1170 1372 1329 1410 suum
1366 1367 1663 1426 exponeret
1691 1375 1707 1415 :
1740 1354 1918 1411 Vene—

361 1450 528 1502 raude
552 1450 655 1511 vir,
685 1449 783 1513 ait,
810 1463 909 1517 per
934 1448 1171 1517 quietem
1201 1451 1351 1504 visus
1376 1464 1498 1503 sum
1528 1448 1710 1503 videre
1738 1450 1917 1517 splen.

356 1544 540 1593 dorem
568 1540 733 1603 lunae,
770 1540 1123 1608 prodeuntem
1148 1557 1178 1594 e
1208 1540 1329 1594 sinu
1368 1550 1486 1604 tuo,
1519 1541 1614 1610 qui
1643 1555 1824 1596 meum
1865 1541 1917 1594 in

357 1634 537 1684 sinum
573 1638 907 1699 penetraret.
943 1630 1016 1685 Eo
1060 1645 1181 1684 cum
1236 1631 1451 1684 delatus
1479 1640 1645 1693 esset,
1679 1644 1743 1684 ex
1797 1645 1917 1683 um-

361 1725 518 1777 bilico
548 1739 672 1776 meo
707 1738 832 1775 mox
879 1732 1093 1775 enatam
1144 1722 1315 1777 fuisse
1359 1723 1633 1785 arborem,
1669 1737 1789 1791 quae
1808 1736 1921 1789 ,reo

2015 546 2163 595 man,
2192 531 2245 585 in
2272 530 2468 584 itinere
2490 530 2745 599 oppidum
2781 530 3080 586 Ulubadam
3109 532 3331 587 militari
3365 547 3567 587 corona

2014 621 2204 691 cingit,
2268 622 2425 689 cujus
2482 621 2719 692 Tegginr
2771 637 2897 676 mox
2952 621 3113 676 certis
3169 624 3573 678 conditionibus

2015 730 2138 767 cum
2163 730 2228 768 eo
2263 717 2547 777 transegit.
2589 715 2724 770 llinc
2754 714 2978 770 Prusam
3024 732 3146 770 cum
3181 717 3423 772 exercitu
3454 734 3574 784 pro-

2023 818 2243 874 perans,
2277 804 2430 859 urbis
2463 806 2803 861 obsidionem
2842 807 3082 861 molitur.
3123 806 3371 877 Cumque
3401 809 3449 862 vi
3479 812 3573 861 ad-
3626 804 3631 810 ’

2019 904 2186 960 tnota,
2217 895 2349 949 nihil
2380 895 2701 951 effecturum
2746 914 2805 952 se
2853 900 3059 953 videret
3091 900 3157 953 ad
3212 901 3574 970 expugnatio-
3625 941 3628 945 .

2018 1002 2142 1040 nem
2180 1004 2193 1039 :
2230 988 2464 1056 primum
2504 988 2556 1041 in
2589 989 2815 1043 adversa
2853 989 3005 1043 urbis
3034 999 3207 1060 parte,
3238 991 3391 1059 juxta
3421 994 3573 1045 tlter-
3623 1028 3633 1070 ὶ

2018 1094 2160 1144 tuas,
2210 1095 2336 1146 quae
2384 1080 2603 1149 (laplice
2654 1078 2845 1135 Turcis
2879 1082 3158 1144 dicuntur,
3209 1080 3350 1135 vallo
3389 1082 3575 1145 ducto,

2022 1169 2415 1223 munimentum
2451 1186 2546 1237 pro
2578 1172 2695 1225 suis
2722 1172 2900 1241 erigit,
2933 1172 3019 1225 cui
3066 1171 3249 1227 fratris
3273 1172 3579 1228 Gundusel-

2019 1265 2103 1332 pis
2136 1262 2302 1316 filium
2338 1264 2700 1331 Agdemurem
2737 1264 2980 1333 pra-ficit,
3022 1264 3293 1319 hominem
3340 1267 3429 1320 rei'
3466 1268 3579 1320 hel—

2022 1356 2135 1407 lica-
2195 1355 2603 1422 peritissimum,
2672 1354 2947 1424 atljuuctis
2997 1357 3157 1427 313
3208 1358 3256 1411 ei
3317 1358 3579 1412 militibus

2020 1444 2275 1513 egregiis.
2323 1442 2447 1497 Intle
2504 1447 2897 1498 munimentum
2942 1447 3091 1501 aliud
3139 1448 3343 1501 excitat
3394 1464 3582 1502 versus

2019 1552 2143 1591 eum
2183 1547 2440 1598 montem,
2494 1553 2651 1606 quem
2696 1538 3119 1609 Geschidsdage,
3155 1539 3258 1593 hoc
3290 1550 3396 1602 est,
3427 1556 3580 1595 tuon-

2022 1637 2127 1682 tern
2158 1628 2547 1682 monachorum
2583 1628 2968 1685 rocantJllius
2993 1645 3176 1685 curam
3211 1630 3587 1687 Belebanzuco

2021 1721 2233 1776 cuidam
2266 1737 2330 1775 ex
2364 1723 2500 1785 suis,
2533 1726 2648 1774 viro
2680 1734 2925 1787 strenuo,
2964 1726 3277 1778 committit.
3315 1725 3429 1778 Hoc
3473 1742 3586 1779 mo-

364 1814 547 1882 giones
580 1814 818 1882 aliquot,
848 1828 911 1867 ac
941 1814 1194 1882 prmaltos
1225 1823 1464 1877 montes,
1493 1814 1746 1884 latosque
1772 1829 1920 1868 cam-
1952 1809 1992 1865 Β
2020 1811 2091 1867 do
2133 1811 2347 1866 duobus
2380 1812 2528 1866 hisce
2574 1814 2925 1869 munimentis
2985 1817 3299 1880 exstructis,
3345 1823 3399 1867 et
3448 1816 3587 1869 actis

367 1918 463 1972 pos
505 1904 693 1956 umbra
746 1918 845 1957 sua
898 1914 1121 1973 tegeret.
1164 1904 1243 1959 Ad
1297 1906 1440 1974 ipsas
1471 1918 1650 1960 autem
1704 1906 1918 1960 radices

370 1996 578 2049 arboris
624 2010 887 2063 perennes
932 2011 1102 2065 aquas
1140 2012 1450 2064 emanasse,
1501 1998 1701 2069 quibus
1752 1999 1919 2054 vinea:

374 2087 571 2153 passim
612 2096 661 2140 et
708 2086 848 2138 horti
925 2086 1230 2156 rigarentur
1265 2106 1280 2142 :
1323 2103 1386 2144 ac
1428 2091 1724 2144 secundum
1781 2091 1919 2157 haec,

367 2186 711 2245 experrectus
760 2176 858 2230 fui.
910 2175 1273 2247 Posteaquam
1322 2178 1414 2232 diu
1452 2178 1795 2248 multumque
1838 2196 1923 2234 se—

365 2277 475 2321 met
525 2266 805 2330 Edebales,
842 2268 995 2337 quia
1052 2271 1166 2323 suis
1204 2269 1286 2323 vir
1332 2280 1553 2326 sanctus
1602 2271 1922 2339 habebatur,

361 2364 430 2415 oh
501 2366 1006 2431 interpretationem
1065 2366 1266 2420 somnii
1321 2367 1570 2420 torsisset
1626 2365 1920 2432 :taudem,

365 2456 614 2509 oratione
663 2456 728 2508 ad
785 2456 1091 2510 Ertuculem
1146 2473 1432 2523 conversa,
1505 2457 1774 2512 Nascetur
1826 2456 1923 2510 tibi

371 2544 529 2606 filius,
573 2543 769 2610 inquit,
803 2548 886 2597 vir
916 2545 1138 2614 optime,
1173 2547 1262 2600 cui
1306 2562 1501 2601 nomen
1548 2546 1653 2600 erit
1699 2542 1922 2599 Osman.

370 2632 413 2685 is
451 2635 589 2687 bella
625 2636 855 2703 plurima
899 2647 1068 2705 geret,
1100 2652 1164 2692 ac
1194 2642 1394 2708 posteri
1439 2638 1513 2693 tui
1565 2638 1818 2707 deinceps
1843 2653 1929 2692 re-

366 2744 455 2794 ges
530 2738 904 2800 terrarumque
960 2729 1231 2799 principes
1308 2740 1489 2784 erunt.
1546 2731 1658 2784 Mea
1712 2744 1929 2799 quoque

367 2821 473 2873 tilia
512 2831 746 2889 nuptura
792 2829 877 2874 est
927 2821 1173 2885 Osmani,
1213 2836 1278 2875 ex
1326 2837 1430 2890 qua
1483 2823 1789 2890 procreabit
1840 2820 1930 2876 ille

366 2914 593 2977 liberos,
648 2914 739 2981 qui
786 2914 984 2982 regiam
1016 2913 1082 2966 ad
1117 2911 1430 2980 dignitatem
1478 2914 1815 2980 pervenient,
1867 2926 1931 2965 ae

366 3006 582 3075 populis
607 3021 725 3059 cum
765 3004 990 3072 imperio
1044 3012 1332 3072 prmeruut.
1369 3001 1677 3058 Secundum
1716 3004 1803 3057 illa
1836 3018 1927 3055 na-

367 3110 455 3151 tus
510 3098 610 3151 fuit
659 3102 881 3158 Osman,
937 3098 1027 3165 qui
1090 3113 1211 3150 cum
1254 3097 1600 3161 adolevisset,
1656 3096 1928 3150 Mahmne-

2024 1904 2312 1975 aggeribus
2357 1920 2420 1958 ac
2454 1904 2641 1968 fossis,
2674 1906 2953 1959 civitatem
2990 1906 3271 1960 obsessam
3308 1919 3416 1960 tam
3468 1917 3585 1960 arte

2025 1996 2363 2058 clauserunt.
2423 2008 2477 2051 ut
2533 1998 2733 2051 nemini
2785 2000 2863 2051 vel
2916 2012 3168 2053 accessus
3221 1999 3287 2051 ad
3339 2014 3459 2051 eam
3504 1998 3588 2051 vel

2026 2091 2203 2146 exitus
2254 2102 2464 2160 pateret
2495 2108 2510 2146 :
2540 2101 2704 2161 atque
2752 2092 2970 2145 interitu
3032 2108 3222 2161 agrum
3273 2106 3489 2146 omnem
3527 2092 3583 2145 in

2027 2189 2350 2249 potestatem
2411 2197 2567 2235 suam
2628 2181 2978 2251 redegerunt,
3032 2182 3166 2245 nihil
3213 2192 3272 2237 ut
3322 2182 3584 2243 obsessis,

2029 2282 2223 2340 praeter
2296 2272 2470 2342 ipsam
2542 2275 2750 2337 urbem,
2836 2275 3030 2343 reliqui
3107 2274 3373 2329 facerent.
3454 2273 3590 2326 Dum

2032 2364 2219 2421 istluec
2263 2368 2423 2419 durat
2467 2365 2701 2427 obsidio,
2747 2382 2869 2421 cum
2894 2376 3044 2435 parte
3068 2368 3343 2422 exercitus
3387 2365 3590 2421 Osman

2032 2455 2200 2511 Gases
2230 2458 2343 2526 ipse
2369 2455 2673 2527 Neapolim,
2707 2474 2825 2527 qua:
2852 2459 3222 2515 Geniscbeher
3248 2462 3426 2528 lingua
3457 2460 3591 2511 Tur-

2033 2546 2148 2598 cica
2203 2547 2424 2609 dicitur,
2482 2546 2781 2601 contendit.
2844 2546 2973 2615 Ejus
3033 2545 3243 2600 viciniae
3292 2546 3591 2599 Christiani
3641 2610 3656 2624 _

2034 2651 2248 2697 milites.
2301 2637 2504 2690 eoat-tis
2534 2638 2707 2706 copiis
2760 2639 2899 2701 suis,
2954 2653 3074 2692 cum
3122 2638 3358 2693 Osmaue
3396 2639 3593 2693 confli-

2035 2739 2167 2798 gnut
2203 2745 2217 2783 :
2265 2731 2358 2783 sed
2396 2728 2595 2783 Ostuan
2634 2732 2823 2800 praelio
2878 2731 3151 2800 superior,
3190 2733 3443 2785 universa
3501 2731 3593 2785 illa

2037 2826 2257 2889 regione
2289 2820 2513 2884 potitur.
2547 2820 2618 2873 Ea
2658 2837 2786 2872 vrro
2809 2818 3161 2874 Turcicorum
3214 2820 3468 2885 militum,
3499 2824 3594 2890 qui

2037 2914 2102 2963 de
2153 2911 2339 2980 spoliis
2374 2912 2616 2978 opulenti
2658 2920 2968 2975 evaserant,
3002 2912 3311 2980 praesidium
3360 2916 3592 2982 accepit.

2038 3002 2241 3070 absque
2275 3002 2687 3071 provincialium
2721 3006 2942 3058 damno.
2990 3002 3086 3059 liis
3120 3005 3283 3060 rebus
3311 3021 3376 3060 ex
3425 3008 3619 3060 animi-

2039 3094 2304 3149 seutentiu
2367 3095 2652 3157 confectis,
2716 3094 3026 3150 Urchauem
3084 3097 3254 3152 tilium
3309 3100 3376 3151 ad
3429 3114 3597 3168 expu-

366 3192 480 3245 tani
511 3192 645 3243 vatis
681 3191 827 3242 illius
858 3190 1020 3241 filiani
1060 3190 1219 3241 tluxit
1263 3204 1508 3254 uxorem,
1556 3191 1623 3242 de
1668 3205 1773 3257 qua
1826 3203 1925 3240 na—
1960 3163 2002 3221 ο
2037 3187 2306 3256 guantlatn
2346 3188 2575 3240 Prusam
2623 3188 2853 3255 ablegat.
2893 3187 3094 3241 llorum
3127 3189 3356 3247 militum
3412 3206 3596 3246 acces-

367 3292 459 3337 tus
520 3293 603 3337 est
656 3283 701 3335 ei
744 3282 881 3336 filius
926 3275 1165 3334 Urchan.
1204 3280 1451 3349 Cumque
1490 3280 1782 3349 provinciis
1833 3280 1929 3331 ali-

371 3382 509 3441 quot
562 3374 863 3440 occupatis,
910 3372 1274 3440 priucipattnn
1328 3371 1432 3424 sibi
1487 3372 1866 3425 constituisset
1911 3386 1926 3422 :

376 3472 582 3531 partem
612 3463 869 3517 ditionem
901 3466 1042 3518 inter
1070 3468 1236 3517 duces
1287 3462 1566 3525 militares,
1619 3464 1711 3532 qui
1761 3477 1824 3515 ea
1876 3463 1933 3515 in

382 3558 500 3609 loca
546 3570 663 3607 cum
694 3555 952 3609 Ertucule
988 3566 1139 3623 patre
1186 3563 1466 3617 venerant,
1500 3550 1792 3608 liberaliter
1822 3555 1934 3609 dis-

378 3646 567 3703 tribuit
605 3664 618 3699 :
654 3663 685 3701 a
722 3646 923 3715 quibus
970 3646 1072 3699 illa:
1116 3644 1363 3716 regiones
1392 3645 1662 3717 hodieque
1713 3648 1932 3700 nomina

371 3754 471 3795 sua
509 3741 713 3794 sortita:
752 3750 899 3794 sunt.
928 3738 1111 3792 Itidem
1158 3736 1392 3792 Urchani
1437 3736 1817 3804 ditiuncuiant,
1845 3741 1930 3792 cui

374 3849 569 3886 nomen
600 3832 795 3887 Chisar
834 3831 1091 3903 Sangagi,
1121 3841 1174 3885 et
1217 3846 1515 3901 cognomen
1549 3828 1765 3899 qunge,
1805 3846 1934 3886 con-

371 3926 563 3981 cessit.
604 3924 807 3981 Deinde
850 3936 1009 3977 natus
1035 3934 1121 3978 est
1165 3922 1385 3977 Osmaui
1429 3924 1570 3977 tilius
1615 3923 1772 3987 alter,
1819 3920 1935 3976 Alis

374 4024 535 4075 bassa
578 4039 592 4074 :
628 4036 789 4089 quem
821 4028 1086 4089 perpetuo
1113 4034 1295 4072 secum
1337 4033 1459 4071 esse
1513 4016 1703 4072 Voluit.
1754 4014 1935 4071 Rebus

374 4123 481 4167 hoe
526 4115 687 4165 modo
718 4112 1049 4177 constitutis,
1090 4118 1236 4177 pater
1261 4119 1313 4161 et
1346 4108 1489 4163 filius
1520 4105 1761 4169 Ureltan.
1806 4122 1938 4160 cou-

367 4208 578 4276 juocus
611 4205 800 4273 copiis,
839 4218 991 4257 arma
1027 4204 1079 4256 in
1114 4202 1459 4255 Christianos
1483 4200 1798 4269 expediunt,
1822 4212 1939 4251 om-

374 4300 464 4350 nia
506 4299 609 4349 late
656 4297 1006 4366 populantur,
1048 4309 1206 4364 agros
1256 4310 1444 4347 eorum
1481 4301 1774 4361 occupant,
1824 4307 1939 4346 ma-

374 4405 539 4458 gnam
573 4392 855 4443 hominum
888 4384 1288 4441 multitudinem
1324 4387 1605 4454 utriusque
1637 4399 1801 4438 sexus
1843 4398 1936 4437 ca—

378 4483 580 4549 ptivam
645 4481 942 4535 adecunt.
1002 4478 1065 4532 Vi
1125 4478 1287 4532 etiam
1347 4478 1607 4541 adhibita,
1662 4477 1932 4531 civitatem
1968 4501 2011 4554 ο

378 4572 637 4637 lsnicam,
691 4587 814 4626 eum
873 4571 1068 4625 vicinis
1120 4568 1332 4638 oppidis
1378 4578 1431 4621 et
1485 4569 1718 4628 arcibus,
1757 4570 1804 4618 in
1836 4583 1936 4635 po-

380 4674 631 4717 testatem
686 4664 959 4733 redigunt,
1007 4662 1289 4730 diripiunt.
1342 4661 1443 4725 Qui
1508 4668 1618 4711 tu.u
1687 4655 1940 4726 temporis

378 4756 617 4824 'I‘eggiur
674 4755 789 4807 sive
845 4754 1197 4821 magistratus
1244 4760 1362 4804 erat
1410 4749 1620 4811 Prusae,
1673 4748 1941 4817 adjunctis

380 4848 485 4900 sibi
531 4845 904 4914 compluribus
932 4846 1164 4898 aliorum
1196 4841 1436 4904 auxiliis,
1464 4854 1519 4896 et
1550 4850 1737 4895 coacto
1771 4840 1942 4892 milite

381 4956 504 5004 suo,
537 4940 602 4994 de
650 4938 1000 5009 profligandis
1034 4934 1229 4989 Turcis
1261 4936 1500 5004 cogitare
1537 4932 1724 5001 coepit.
1775 4930 1943 5000 Igitur

385 5038 488 5089 hoc
521 5036 727 5104 magnis
752 5049 875 5089 cum
921 5032 1093 5101 copiis
1133 5034 1184 5085 in
1240 5031 1450 5085 Turcos
1499 5031 1753 5093 ducente,
1785 5026 1944 5081 mini-

391 5144 477 5182 me
507 5138 886 5182 consternatus
906 5123 1130 5191 Osman,
1165 5128 1348 5178 animo
1385 5123 1585 5177 invicto
1613 5121 1943 5177 Christianis

384 5220 600 5272 obviam
663 5219 867 5288 prodit.
914 5217 996 5271 Ad
1047 5230 1239 5269 manus
1299 5214 1386 5268 ubi
1450 5223 1668 5266 ventum
1725 5211 1942 5273 fuisset,

382 5325 605 5363 strenue
639 5309 955 5362 dimicatum
1005 5308 1300 5373 utrimque.
1349 5306 1486 5359 Caesi
1521 5305 1723 5357 fratres
1751 5304 1945 5356 Osma-

388 5401 471 5453 uis
505 5415 571 5453 eo
612 5400 817 5468 prtelio,
849 5398 1223 5467 Gunduselpes
1263 5412 1317 5450 et
1348 5397 1628 5465 Aidogdis,
1658 5411 1721 5446 ac
1746 5410 1947 5449 secun-

384 5492 513 5542 dum
553 5492 695 5544 viam
744 5493 1017 5559 publicam
1055 5492 1120 5544 ad
1179 5491 1312 5543 lines
1373 5487 1662 5541 Uobmuris
1721 5484 1943 5555 sepulti.

385 5583 609 5648 Usu-an,
673 5584 931 5636 fratribus
986 5581 1111 5635 licet
1168 5580 1408 5643 amissis,
1479 5580 1698 5631 tandem
1766 5586 1944 5628 tamen

388 5675 609 5727 victoria
642 5674 845 5741 potitus
885 5685 987 5729 est.
1032 5673 1288 5741 'l'eggiur,
1339 5667 1676 5724 Edrenosius
1715 5677 1771 5721 et
1813 5666 1949 5719 Prn-

388 5780 549 5832 satus,
592 5765 721 5820 inita
753 5765 899 5835 fuga,
946 5766 1174 5819 Prusam
1228 5764 1409 5827 delati,
1444 5769 1617 5818 semet
1649 5761 1701 5813 iu
1756 5760 1947 5812 urbem

2033 3281 2186 3333 sione
2216 3279 2464 3332 adauctis
2512 3278 2817 3333 Turcorum
2853 3281 3072 3343 castris,
3123 3284 3338 3351 gravior
3371 3284 3605 3342 inclusis

2031 3384 2150 3422 esse
2195 3370 2358 3438 coepit
2415 3369 2645 3423 obsidio.
2682 3367 3047 3435 Quamobrem
3102 3371 3311 3428 viribus
3344 3374 3600 3431 obsessov

2033 3476 2154 3513 tum
2206 3462 2508 3525 exn-ausus,
2541 3477 2665 3514 cum
2713 3462 2893 3518 omnis
2938 3463 3052 3531 jam
3117 3477 3454 3523 eotmneatus
3504 3470 3601 3523 de-

2036 3552 2276 3617 fecisset,
2328 3570 2392 3607 ac
2451 3554 2813 3609 nihilominus
2871 3555 2974 3624 ipsi
3030 3565 3140 3615 tam
3201 3570 3387 3626 noctu,
3437 3576 3599 3632 quam

2037 3646 2292 3711 interdiu,
2350 3648 2403 3699 in
2454 3646 2622 3700 armis
2676 3660 2820 3713 esse,
2884 3650 3291 3719 prepugnaudae
3362 3653 3605 3709 civitatis

2035 3752 2218 3797 causa,
2251 3744 2574 3805 cogerentur
2604 3751 2619 3789 :
2665 3737 2879 3791 tandem
2912 3737 3028 3806 ipse
3078 3740 3334 3809 Teggiur,
3365 3742 3455 3796 cui
3503 3761 3605 3797 no-

2040 3843 2157 3879 tuen
2205 3825 2533 3894 Jussnphes,
2587 3827 2758 3896 pactis
2790 3828 3308 3893 intervenientibus,
3365 3829 3601 3886 Urchaui

2037 3913 2222 3970 Prusa:
2267 3918 2599 3970 deditionem
2659 3915 2809 3972 fecit.
2846 3916 2898 3972 ls
2954 3921 3089 3974 adeo
3145 3920 3391 3990 religiose
3435 3925 3614 3990 pactis

2037 4010 2318 4064 conventis
2349 4008 2520 4071 stetit,
2576 4019 2632 4063 ut
2666 4010 2810 4064 hosti
2845 4009 3186 4080 absqueullo
3218 4012 3612 4082 impedimento

2038 4112 2091 4156 et
2135 4101 2358 4171 injuria,
2393 4118 2517 4155 cum
2576 4116 2766 4166 uxore,
2804 4102 3013 4169 liberis,
3073 4103 3426 4159 facultatibus
3485 4114 3606 4160 uni-

2040 4193 2235 4255 versis,
2267 4193 2501 4246 abeundi
2554 4202 2878 4261 potestatem
2936 4193 3162 4257 faceret,
3220 4211 3287 4250 ne
3339 4212 3609 4269 mauguro

2038 4287 2255 4357 quidem
2293 4285 2469 4338 ablato
2510 4302 2523 4338 :
2556 4285 2852 4354 statimque
2886 4294 3117 4355 patrem,
3153 4288 3446 4343 Osmanem
3497 4290 3604 4345 Ga-

2040 4394 2178 4443 sem,
2218 4376 2285 4431 de
2341 4375 2593 4431 Prusaiu
2645 4377 2978 4432 deditionem
3034 4387 3274 4447 accepta,
3323 4383 3606 4436 certiorem

2040 4470 2294 4525 reddidit.
2353 4470 2627 4541 Oecupata
2684 4470 2785 4524 fuit
2837 4474 2905 4524 ab
2958 4469 3213 4526 Urchan'e
3264 4472 3391 4527 Gasi
3439 4473 3613 4529 Prusa

2040 4562 2408 4617 Mahutnetani
2469 4563 2664 4617 calculi
2718 4578 2861 4617 anno
2917 4562 3022 4616 7'26
3081 4565 3235 4632 (Chr.
3276 4565 3455 4633 1527).
3510 4568 3604 4621 Os-

2044 4669 2167 4709 man
2226 4655 2339 4725 ipse
2401 4664 2513 4708 tum
2576 4655 2833 4724 temporis
2895 4656 3204 4724 quiescens,
3266 4660 3613 4726 occupationi

2042 4744 2229 4801 Prusa
2272 4764 2378 4801 non
2418 4748 2660 4802 interfuit
2701 4738 2938 4818 :‘partitu
2992 4758 3204 4803 tumore
3250 4751 3612 4821 cruciatuquc

2046 4839 2239 4906 pedum
2273 4839 2587 4909 impeditus,
2617 4842 2811 4909 partim
2848 4844 2993 4910 qttod
3026 4859 3085 4896 se
3111 4846 3404 4910 superstite
3438 4846 3608 4896 lilium
3673 4853 3676 4861 ‘

2045 4925 2351 4985 Ureltauetn
2383 4930 2588 5002 aliquid
2627 4933 2838 4987 fortiter
2869 4949 3030 5001 agere
3063 4945 3304 5001 cuperet,
3338 4936 3403 4988 ad
3458 4938 3605 4989 exei-

2048 5023 2237 5077 tandos
2294 5024 2347 5076 in
2397 5040 2462 5077 eo
2528 5028 2776 5094 generosi
2834 5027 3005 5079 animi
3060 5027 3288 5095 Spiritus
3368 5027 3605 5082 Tandem

2045 5115 2256 5169 exactis
2297 5116 2349 5170 in
2389 5118 2616 5185 imperio
2648 5118 2837 5185 viginti
2874 5130 2999 5171 octo
3042 5119 3222 5181 annis,
3250 5118 3453 5173 Osntan
3504 5118 3617 5172 Ca-

2046 5223 2135 5263 ses
2188 5213 2351 5262 vitam
2402 5224 2525 5261 cum
2564 5220 2737 5263 morte
2770 5211 3149 5263 commutavit.
3194 5206 3328 5277 Ejus
3363 5211 3482 5263 loco
3522 5226 3611 5263 re-

2050 5311 2168 5352 rum
2234 5298 2768 5354 administrationem
2849 5310 3175 5353 consecutus
3245 5309 3327 5353 est
3391 5300 3615 5356 Urchan

2049 5389 2215 5455 filius,
2266 5404 2414 5444 anno
2468 5390 2849 5446 Mahumetano
2888 5390 2988 5445 727
3047 5392 3200 5461 (Chr.
3258 5392 3438 5462 i528).
3472 5394 3620 5447 Ante

2050 5490 2278 5535 mortem
2334 5484 2609 5552 prtecepit,
2647 5491 2708 5536 ut
2764 5481 2951 5537 Prusae
2998 5481 3054 5536 in
3112 5495 3365 5553 argentea
3429 5485 3615 5540 tumba

2050 5587 2424 5629 eoncauierata
2468 5577 2789 5631 conderetur
2821 5592 2836 5634 ;
2890 5575 2987 5630 sed
3020 5577 3181 5647 vulgo
3219 5575 3289 5630 ad
3343 5578 3621 5647 Sugutztt-

2051 5679 2192 5725 cam,
2221 5666 2313 5732 qui
2371 5668 2521 5724 locus
2555 5680 2584 5721 a
2638 5667 2801 5723 salice
2859 5682 3057 5724 nomen
3119 5669 3300 5737 habet,
3361 5671 3619 5727 conditus

2054 5759 2418 5814 existimatur.

3626 1076 3633 1101 l
