4026 6204
414 312 522 374 583

1653 313 2005 374 manus
2044 270 2379 371 Nitenti.

3549 310 3652 374 584

489 433 627 486 Cum
663 431 902 501 primum
968 432 1249 487 Ureltanes
1303 432 1596 503 imperium
1669 435 2062 501 attspietttusA
2091 432 2396 498 parricidiis
2458 434 2653 484 fratres
2706 446 2736 484 e
2782 435 2964 485 melio
2997 429 3344 484 sustulerunt
3380 439 3503 483 ante
3555 430 3655 483 Ba-

421 523 636 587 t'uissct,
715 523 884 577 duces
963 523 1237 583 veterani,
1300 531 1597 591 quotquot‘
1644 537 1711 575 ex
1765 522 1985 575 Parthia

421 631 547 671 cum
599 617 772 683 ipsius
830 632 934 668 avo
988 615 1040 667 iu
1077 631 1173 669 eas
1199 625 1374 671 terras
1404 624 1687 678 venerant,
1724 616 1984 669 nitttirum

422 711 777 778 Cugurelpes,
824 708 1106 761 llachmau
1168 706 1338 762 Gases
1395 716 1449 763 et
1504 710 1801 770 Aeceeoza,
1857 706 1990 760 Ger-

423 801 623 854 huisem
685 815 877 868 agrunt
914 815 1034 851 cum
1092 798 1310 853 Bolensi
1367 811 1689 869 occupatum
1728 799 1811 853 sui
1846 799 1989 867 juris

427 897 693 945 lcet-runt.
741 890 845 944 Sed
880 892 948 945 iis
979 907 1083 945 non
1158 892 1326 945 multo
1369 908 1490 961 poSt
1537 892 1841 952 exstinctis,
1897 891 1993 946 Ur-

423 989 563 1039 cltan
648 986 885 1039 ditiones
940 986 1061 1039 illas
1143 985 1253 1039 filio
1308 998 1409 1039 suo
1465 982 1761 1037 Soleimaui
1816 983 1991 1038 iussae

423 1078 796 1145 possidendas,
834 1079 1059 1132 nemine
1120 1076 1503 1147 Saugiacalus,
1552 1076 1743 1130 dedit:
1783 1076 1990 1129 itidem-

423 1187 530 1239 que
582 1173 856 1236 regionem
893 1171 1117 1223 alteram
1156 1186 1261 1221 non
1293 1185 1564 1234 magnam,
1617 1184 1781 1237 quam
1822 1170 1992 1221 Inuu-

426 1280 526 1334 gen
583 1275 796 1327 vocant,
868 1266 1020 1318 alteri
1099 1264 1210 1317 filio
1271 1262 1565 1328 concessit,
1626 1263 1716 1315 cui
1796 1278 1990 1315 nomen

428 1360 665 1414 Murales
713 1360 861 1412 (.‘hau
913 1360 1104 1413 Gases.
1157 1356 1314 1411 lluuc
1358 1356 1504 1409 enim
1560 1370 1826 1409 utmorem
1859 1367 1989 1407 natu

429 1454 597 1506 liliunt
654 1454 909 1506 habebat.
967 1452 1094 1506 lude
1155 1460 1542 1519 reeUperatam
1583 1450 1992 1518 lsuieamprae-

428 1546 851 1615 SllelmpOsllO
900 1545 1155 1606 munivit,
1206 1556 1260 1597 et
1314 1546 1581 1597 ecclesias
1651 1544 1991 1596 Chriniauo-

427 1653 547 1691 runt
599 1640 653 1691 itt
710 1655 773 1692 ea
809 1638 1125 1701 demolitus,
1179 1638 1390 1705 aliquot
1430 1652 1496 1689 ex
1556 1636 1660 1690 illis
1694 1638 1745 1688 in
1801 1638 1994 1689 messi-

428 1740 510 1783 tas
565 1732 679 1783 sive
734 1729 929 1797 templa
976 1729 1366 1782 Mahutuelana
1431 1729 1720 1790 convertit,
1797 1729 1992 1795 adjun-

2088 522 2271 591 jazitis
2324 522 2531 576 Chattis
2589 523 2900 592 imperium,
2953 539 3113 591 quem
3174 520 3525 575 Gilderunem
3564 536 3657 591 ap-

2092 619 2439 687 pellaverunt
2486 634 2500 669 :
2543 617 2701 669 sicuti
2765 616 3024 683 deinceps
3080 616 3375 667 iudicaturi
3456 631 3558 669 suo
3582 618 3658 667 lo-

2090 725 2157 763 co
2214 707 2378 779 314.
2406 723 2621 763 smnus.
2688 706 2831 760 Idem
2870 705 3086 759 Urchan
3128 704 3299 759 63:05
3364 706 3414 759 id
3445 716 3659 775 tempu-

2099 803 2174 856 ris
2230 803 2282 855 iit
2334 801 2653 869 regionibus
2699 800 2928 868 imperio
3001 814 3102 853 suo
3173 799 3404 851 subditis
3470 800 3663 851 domos

2095 895 2373 949 immunes
2423 907 2585 962 atque
2634 893 2833 961 praedia
2876 893 3113 945 describi
3160 892 3347 959 jussit,
3388 891 3467 944 uti
3518 891 3663 943 vidc-

2096 989 2219 1041 licet
2282 1003 2422 1039 unus
2483 1004 2547 1041 ex
2618 988 2862 1055 quolibet
2923 988 3124 1053 praedio
3184 988 3510 1049 mitteretur,
3567 987 3661 1053 qui

2094 1098 2190 1153 per
2243 1084 2405 1136 unius
2460 1082 2586 1135 anui
2628 1084 2860 1149 spatium
2918 1082 2970 1134 in
3006 1082 3151 1146 regia
3218 1084 3445 1149 quosvis
3479 1082 3664 1149 injun-

2094 1184 2213 1230 ctos
2254 1176 2357 1229 sibi
2402 1176 2619 1229 labores
2645 1176 2973 1243 sitSt-iperet.
3027 1174 3128 1228 lies
3176 1174 3436 1241 appel!ari
3464 1176 3664 1241 placuit

2095 1268 2266 1331 Jaias,
2324 1270 2425 1321 hoc
2460 1279 2564 1329 est,
2607 1268 2838 1336 pedites.
2896 1267 3163 1335 Quodque
3218 1267 3351 1318 tales
3376 1268 3557 1319 adhuc
3604 1267 3660 1318 in

2097 1363 2242 1429 regia
2286 1366 2651 1429 reperiantur,
2717 1361 2809 1428 qui
2863 1362 3079 1413 labores
3130 1362 3400 1424 ejusmodi
3433 1361 3657 1421 obeunt,

2096 1470 2158 1506 ex
2221 1455 2490 1508 Urcltanis
2528 1454 2688 1507 Gasis
2740 1454 2990 1505 instituto
3047 1464 3310 1522 emptum,
3370 1454 3549 1505 adhuc
3608 1453 3661 1504 iu

2099 1558 2200 1596 usu
2236 1555 2341 1595 est.
2397 1542 2663 1595 Cit-terunt
2722 1552 2918 1595 nactus
2956 1539 3173 1596 Urchau
3224 1544 3394 1596 Gases
3421 1556 3661 1611 quietazu

2103 1637 2251 1688 urbis
2297 1635 2487 1688 lsnieze
2538 1649 2970 1703 possessmuem,
3029 1636 3325 1687 iutaretuut
3363 1634 3415 1685 iu
3444 1650 3506 1683 ea
3537 1649 3662 1685 cou-

2100 1729 2259 1792 didt't,
2339 1729 2439 1781 hoc
2514 1737 2599 1779 est
2650 1727 2914 1794 templum
3010 1726 3475 1790 Malmmelauum,
3540 1743 3662 1779 cum

426 1826 530 1879 ctis
574 1827 779 1880 scholis
809 1834 863 1878 et
932 1825 1262 1879 xenouibus.
1337 1832 1599 1893 boperesl
1632 1825 1809 1878 adhuc
1838 1824 1995 1877 hodie
2028 1818 2067 1875 Β
2097 1823 2285 1876 schola
2353 1831 2409 1874 et
2459 1836 2671 1873 Xenoni?
2707 1834 2855 1887 ;que
2909 1820 3127 1888 quidem
3188 1821 3239 1873 in
3300 1837 3509 1873 xeuoue
3558 1822 3664 1873 cibi

428 1918 703 1971 medressa
751 1918 996 1986 quiedam
1056 1916 1249 1969 Isuica:
1283 1917 1387 1980 (sic
1416 1916 1659 1969 scholam
1715 1932 1836 1969 cum
1900 1931 1995 1968 xe-

430 2011 954 2078 noneeoujuuctaut
1014 2010 1232 2077 vocant)
1262 2010 1329 2060 ab
1382 2009 1501 2075 ipso
1564 2009 1806 2061 condita.
1872 2007 1998 2060 Erat

430 2104 572 2155 inter
630 2102 766 2154 alios
831 2102 1051 2171 quidam
1111 2100 1250 2155 Cara
1302 2100 1542 2166 Mesites,
1630 2102 1852 2155 habitus
1899 2115 1997 2168 pro

429 2196 547 2247 viro
594 2204 806 2256 sancto,
869 2194 1029 2262 cujus
1075 2210 1225 2247 cura:
1277 2194 1575 2247 commissa
1638 2194 1739 2247 fuit
1818 2193 1998 2246 omnis

428 2302 493 2339 ea
545 2288 846 2352 pretitteia,
895 2285 1249 2338 militibusin
1296 2300 1463 2352 pagos
1517 2287 1726 2339 circum
1761 2285 1994 2337 Isnicam

430 2382 744 2433 distributis
780 2398 795 2431 :
835 2390 892 2433 ut
924 2380 1066 2432 illaut
1127 2379 1386 2431 viciniam
1437 2381 1701 2431 adversus
1732 2380 2000 2432 Constan-

426 2476 818 2544 tinopolitauas
860 2478 1043 2542 copias
1084 2485 1139 2527 et
1196 2487 1385 2526 earum
1452 2470 1829 2540 grassatioues
1886 2480 2002 2522 tue-

433 2582 640 2624 rentur.
704 2570 961 2639 AgbaSsae
1007 2568 1277 2637 regionem
1313 2567 1608 2621 Candriam
1672 2565 1997 2634 assignavit,

431 2663 591 2731 cujus
644 2665 809 2716 etiam
872 2680 1018 2717 nune
1073 2670 1355 2731 superstes
1407 2669 1493 2716 est
1561 2657 1796 2713 familia.
1848 2660 1996 2713 Cum

435 2758 536 2809 hoc
590 2760 752 2808 tundo
793 2756 1125 2823 provincias,
1178 2770 1316 2823 quas
1371 2756 1440 2807 ab
1502 2768 1559 2808 se
1611 2752 1759 2806 bello
1811 2760 2002 2820 captas

434 2850 634 2902 Osntau
689 2844 927 2900 Urebani
1007 2846 1120 2898 lilio
1170 2846 1485 2914 reliquerat,
1543 2844 1683 2897 inter
1726 2858 1859 2897 suos
1903 2843 2005 2897 Ur-

433 2940 571 2991 t'h.ttl
624 2942 857 3007 partitus
894 2949 1067 2999 esset,
1121 2935 1368 2988 ouuiuut
1424 2949 1693 2987 consensu
1726 2948 1904 2985 rerum
1954 2934 2001 2985 ci

410 3047 670 3095 summa,
724 3045 824 3082 ceu
884 3029 1125 3095 legitimo
1163 3026 1405 3089 sultano,
1468 3024 1647 3078 delata
1697 3022 1823 3076 fuit.
1876 3021 2004 3087 ραι.-

439 3123 539 3174 bus
588 3118 842 3188 pet-actis,
913 3118 1053 3169 Aliut
1110 3117 1351 3180 bassam,
1408 3114 1633 3167 fratrem
1692 3129 1877 3172 suum.
1936 3116 2001 3166 ad

436 3230 497 3266 se
558 3214 633 3265 uti
694 3208 1178 3269 ventretarcessit,
1231 3207 1325 3277 qui
1384 3208 1449 3260 ad
1512 3222 1638 3259 cum
1698 3208 2001 3274 profectus,

437 3301 595 3353 Nulla
658 3301 790 3353 mihi
851 3301 1063 3353 ditioue
1130 3313 1270 3367 Opus
1327 3307 1435 3360 est,
1507 3295 1581 3348 ttti
1642 3294 1834 3359 frater,
1899 3297 1997 3346 ait.

439 3396 744 3463 Statimque
796 3394 936 3447 facta
969 3390 1240 3453 ceasione,
1296 3404 1460 3458 quant
1498 3405 1525 3439 a
1558 3402 1710 3458 patre
1745 3388 2006 3440 ditionem

438 3502 746 3556 acceperat,
837 3485 1081 3539 Ureliani
1142 3482 1269 3536 Gasi
1331 3480 1487 3534 fratri
1544 3491 1742 3550 sponte
1791 3480 2012 3532 tradidit

438 3593 493 3635 et
555 3580 979 3637 commendavit.
1041 3577 1336 3631 Certabant
1402 3576 1455 3629 id
1505 3576 1770 3642 temporis
1818 3574 2013 3625 fratres

443 3686 582 3729 inter
642 3688 699 3726 se
750 3672 957 3725 mutuis
1019 3671 1231 3734 olliciis,
1274 3679 1329 3723 et
1383 3673 1645 3721 honorem
1680 3669 1817 3720 alter
1853 3667 2011 3719 alteri

441 3769 747 3823 deferebat.
803 3767 918 3819 Alis
975 3780 1088 3832 ipse
1118 3766 1281 3817 bassa
1327 3762 1559 3831 quodam
1588 3772 1829 3824 tempore
1865 3775 2015 3813 com-

443 3865 639 3933 pellato
694 3864 864 3915 fratre
926 3859 1180 3914 Urchane
1215 3877 1228 3913 :
1267 3857 1334 3911 Mi
1375 3856 1568 3921 frater,
1628 3854 2011 3924 iuquit,exer-

442 3970 585 4010 catus
618 3968 695 4009 tut
748 3968 1081 4022 magnopere
1131 3954 1243 4022 jam
1301 3953 1448 4004 aucti
1515 3961 1665 4011 sunt,
1713 3960 1767 4001 et
1823 3946 2016 3999 Mahu-

445 4061 659 4102 tuetana
704 4048 894 4116 religio
971 4062 1079 4100 non
1118 4060 1311 4115 paruut
1371 4044 1694 4097 incrementi
1756 4042 2012 4108 sumpsit.

444 4143 701 4209 Exeogita
735 4154 996 4193 rationem
1020 4140 1255 4207 aliquam
1279 4138 1643 4206 obsecro,qua
1673 4136 1785 4188 fieri
1814 4140 2012 4205 possit,

446 4244 508 4287 ut
554 4236 630 4286 tui
706 4236 907 4285 milites
959 4237 1029 4286 ab
1075 4231 1354 4285 extraneis
1400 4238 1455 4283 et
1514 4230 1822 4298 peregrinis
1900 4229 2015 4280 dis-

444 4339 760 4381 cernantur.
806 4329 884 4379 Ad
918 4341 978 4378 ea
1002 4326 1346 4394 respondens
1383 4322 1597 4377 Urchan
1627 4322 1819 4385 Casus,
1871 4318 2012 4384 Fiat,

446 4424 589 4490 quod
629 4424 850 4487 suades,
909 4430 1007 4473 ait.
1032 4419 1293 4489 Equidem
1336 4419 1433 4472 tibi
1491 4419 1832 4486 obtempero.
1868 4414 2008 4468 Tum

2098 1927 2433 1983 ctiquuutut‘,
2498 1917 2631 1966 etin
2678 1929 2880 1979 egenos
2938 1914 3370 1978 distribuuntur,
3440 1931 3665 1983 prmscr-

2100 2011 2194 2059 tim
2230 2010 2282 2061 in
2317 2024 2435 2071 eos,
2489 2009 2583 2076 qui
2644 2010 2838 2063 litteris
2889 2025 3110 2079 operam
3159 2011 3308 2072 dant,
3360 2023 3412 2063 et
3447 2010 3538 2076 qtti
3576 2026 3669 2079 pe—

2100 2102 2466 2170 regrinantur.
2513 2104 2685 2170 Atque
2730 2102 2918 2157 hocin
2972 2104 3201 2156 imareto
3260 2104 3375 2157 sire
3458 2122 3668 2159 xcttoue

2100 2197 2252 2247 cibos
2322 2193 2537 2248 Urehan
2601 2197 2717 2263 ipse
2765 2197 3111 2250 distribuiSse
3145 2197 3399 2271 traditur.
3454 2197 3670 2252 Secun-

2101 2286 2229 2340 dmtt
2292 2290 2404 2342 haec
2437 2287 2802 2342 Soleinianem
2854 2292 3069 2344 bassatu
3104 2292 3273 2344 lilium
3319 2292 3505 2347 lsnica:
3530 2308 3668 2362 pra:-

2103 2381 2249 2440 ferit.
2304 2380 2397 2451 qui
2448 2381 2643 2436 vicinis
2690 2383 2967 2451 Oppidulis
3015 2381 3410 2437 Geuiseheheri
3456 2382 3667 2438 Goiun-

2104 2490 2290 2543 carque
2343 2475 2525 2543 gravis
2586 2490 2705 2530 esse
2756 2493 2865 2530 non
2915 2477 3221 2530 desinebat.
3294 2476 3482 2531 Prusae
3543 2494 3669 2532 vero

2104 2567 2476 2632 saugiacatum
2521 2576 2852 2621 consecutus
2898 2576 2981 2621 est
3031 2567 3099 2620 ab
3134 2583 3198 2620 eo
3249 2566 3487 2623 Murates
3517 2568 3669 2623 Chao

2104 2658 2297 2725 Gases,
2353 2658 2498 2712 filius
2534 2670 2669 2713 natu
2722 2661 2925 2714 minor.
2979 2658 3160 2714 Nihilo
3224 2664 3406 2716 minus
3450 2660 3671 2717 Urebant

2107 2752 2223 2817 ipse
2284 2749 2430 2803 velut
2494 2750 2775 2819 inspector
2835 2750 3051 2819 imperii
3090 2743 3257 2805 totius
3323 2753 3539 2807 mansit.
3573 2758 3675 2806 δυ-

2108 2842 2372 2897 leiioanes
2426 2843 2611 2907 hassa,
2641 2841 2935 2911 prtefeetus
2999 2843 3211 2908 lsniczc,
3261 2842 3672 2901 Geniscbeltere

2106 2935 2461 3006 Goiuucaque
2508 2938 2714 3006 potitus
2766 2946 2871 2993 est.
2940 2938 3142 2993 Eorum
3181 2941 3428 2993 locorum
3488 2944 3678 2995 incolae

2107 3029 2430 3089 Christiani,
2486 3037 2777 3098 perspecto
2806 3029 2977 3099 ipsius
3030 3032 3250 3099 ingenio
3293 3032 3408 3085 initi
3466 3044 3519 3086 et
3577 3034 3679 3085 hu-

2111 3138 2292 3185 mano,
2352 3122 2590 3175 universi
2642 3121 2769 3176 facti
2800 3133 2929 3176 sunt
2966 3123 3293 3193 Musuimani
3330 3141 3345 3178 :
3387 3129 3679 3195 omniaque

2114 3212 2312 3283 oppida
2367 3215 2471 3268 sita
2505 3213 2557 3265 iit
2596 3213 2664 3267 iis
2697 3215 2897 3269 linibus
2937 3216 3055 3283 ejus
3091 3232 3149 3270 se
3175 3219 3428 3285 potestati
3486 3229 3681 3286 sponte

2113 3309 2499 3377 permiserunt.
2557 3305 2653 3362 His
2705 3309 2869 3363 rebus
2900 3309 3109 3363 intento
3154 3308 3471 3364 Soleiutaste
3499 3309 3681 3377 bassa,

2114 3400 2259 3469 patri
2314 3398 2435 3468 ejus
2490 3397 2729 3453 Urchani
2757 3401 3068 3469 complures
3126 3400 3398 3467 civitates,
3457 3404 3681 3465 Carase,

2113 3494 2262 3561 Bale,
2323 3494 2516 3558 Cosre,
2579 3492 2867 3561 Bargama,
2915 3492 3274 3557 Edremitunt,
3303 3512 3423 3550 sese
3462 3498 3683 3550 dedide-

2116 3599 2264 3641 ruttt.
2323 3586 2452 3642 lude
2501 3603 2627 3641 cum
2680 3588 2856 3658 copiis
2912 3587 3214 3643 Ulubadatu
3252 3605 3441 3643 versus
3492 3590 3681 3643 movit.

2116 3680 2249 3733 Nam
2275 3681 2399 3750 ejus
2451 3681 2639 3751 oppidi
2682 3682 2943 3752 Teggiur,
2992 3685 3087 3753 qui
3123 3684 3498 3750 superioribus
3526 3686 3686 3740 armis

2119 3788 2245 3826 cum
2294 3772 2491 3828 Turcis
2552 3783 2918 3842 transegerat,
2975 3776 3085 3840 jam
3161 3777 3361 3831 violata
3420 3777 3548 3843 fide,
3618 3781 3685 3833 ab

2117 3880 2306 3937 eorum
2354 3866 2595 3919 amicitia
2656 3868 3005 3923 discesserat.
3069 3869 3204 3925 Cum
3239 3881 3419 3925 autem
3444 3888 3502 3926 se
3528 3873 3682 3942 pelia

2118 3956 2317 4014 Turcis
2397 3960 2879 4027 animadverteret,
2935 3980 3128 4017 manus
3163 3964 3279 4034 ipse
3344 3966 3449 4019 sibi
3480 3968 3683 4022 attulit.

2121 4051 2255 4105 Dum
2293 4053 2407 4107 haec
2464 4053 2589 4107 istic
2627 4065 2975 4123 gererentur,
3029 4055 3372 4111 Soleimanes
3428 4059 3585 4114 bassa
3632 4062 3684 4113 in

2119 4142 2382 4199 Grmciattt
2447 4148 2768 4216 trausjicere
2822 4148 3014 4202 statuit
3053 4167 3066 4203 :
3099 4164 3208 4219 qua
3260 4151 3479 4219 quidem
3532 4167 3687 4206 ocea-

2120 4237 2278 4290 sione
2324 4237 2607 4306 Callipolis
2655 4254 2686 4291 a
2743 4237 2937 4292 Turcis
2973 4250 3132 4307 capta
3184 4240 3304 4293 fuit.
3367 4240 3502 4295 Nam
3552 4252 3693 4299 torte

2123 4325 2465 4382 Soleintanes
2499 4331 2551 4382 iit
2601 4331 2846 4399 regione,
2884 4348 3050 4400 quam
3102 4350 3207 4388 tton
3242 4336 3314 4387 ita
3364 4338 3572 4403 pridem
3602 4342 3685 4391 sui

2118 4421 2257 4489 juris
2310 4420 2537 4486 fecerat,
2591 4424 2719 4479 hinc
2772 4425 2898 4481 inde
2947 4428 3325 4498 obequitabat.
3389 4431 3694 4501 Supersunt

446 4519 563 4569 Alis
613 4518 772 4568 bassa
810 4513 1091 4581 :P-areipe
1157 4512 1231 4565 ttti
1261 4511 1451 4575 frater,
1493 4510 1731 4579 subjicit,
1772 4519 1829 4562 ιιι
1888 4508 2005 4560 ιιιιὶ-

2123 4528 2303 4570 autem
2365 4517 2417 4570 iu
2470 4518 2534 4571 iis
2572 4520 2705 4572 locis
2764 4522 2960 4574 rudera
3022 4525 3133 4577 sive
3164 4526 3389 4593 vestigia
3442 4528 3689 4594 qua-dam

451 4612 590 4662 versi
642 4608 840 4662 milites
895 4609 969 4660 tui
1031 4609 1504 4661 zereolasrubeas
1562 4614 1793 4673 gestent,
1842 4619 2019 4672 eoque

446 4710 603 4775 signo
648 4706 746 4757 loti
792 4710 994 4756 mundo
1041 4712 1155 4755 uolt
1180 4702 1290 4754 sint
1319 4716 1333 4752 :
1361 4710 1419 4752 tu
1454 4713 1581 4751 vero
1622 4697 1850 4751 zercolis
1879 4698 2019 4751 albis

450 4802 639 4852 utitor.
704 4796 818 4850 Non
875 4796 1044 4849 multo
1090 4802 1211 4863 post
1273 4792 1529 4847 convenit
1574 4787 1792 4845 Urchau
1848 4790 2020 4845 Gases

454 4896 765 4964 t-t-ligiOsum
829 4892 1116 4961 quemdam
1166 4888 1640 4951 Maltuntetanum,
1674 4891 1763 4938 cui
1818 4900 2018 4938 nomen

452 4988 650 5043 Chazis
698 4988 1181 5055 Beetaseszatque
1217 4985 1263 5039 is
1318 4983 1443 5037 albo
1494 4982 1640 5053 pileo
1695 4980 1861 5047 capiti
1900 4977 2021 5046 ejus

454 5087 727 5160 imposito,
772 5082 1061 5139 illiusmodi
1110 5080 1391 5151 A-tegminis
1458 5094 1617 5133 usum
1676 5076 2020 5148 approbarit,

455 5193 505 5236 et
538 5196 568 5235 a
631 5178 862 5250 posteris
915 5175 1137 5231 retineri
1180 5174 1369 5245 jussit.
1416 5170 1687 5240 Quodque
1726 5170 1861 5223 adeo
1914 5166 2023 5220 Ge-

456 5278 650 5338 nizari,
710 5274 804 5345 qui
857 5270 1304 5328 sultaniTurcici
1332 5267 1824 5336 sclopetariisuut,
1856 5264 2020 5315 etiam

455 5386 601 5424 nunc
636 5368 901 5437 ejusmodi
958 5366 1113 5434 pileis
1160 5374 1409 5426 utuntur,
1444 5363 1494 5415 id
1526 5360 1595 5413 ab
1635 5358 1781 5412 illius
1815 5368 2024 5423 tenipo-

458 5462 533 5511 ris
566 5458 960 5512 ρυιιευειυύὶιιυ
1004 5456 1335 5524 profectum,
1376 5456 1427 5507 iit
1469 5452 1793 5532 hodiernum
1849 5461 2025 5514 usque

451 5554 594 5605 diem
626 5552 808 5607 durat.
861 5549 1030 5604 Erant
1052 5549 1171 5618 ejus
1206 5549 1386 5601 aetatis
1421 5545 1670 5599 homines
1701 5542 1770 5595 ita
1794 5556 2019 5607 compa-

452 5641 577 5707 rati;
623 5652 681 5694 ut
728 5642 894 5703 frater
963 5639 1193 5694 consilia
1241 5654 1342 5693 sua
1387 5652 1510 5691 cum
1546 5634 1715 5687 fratre
1771 5648 2024 5687 CUIIlmll-

452 5733 661 5787 uicaret
697 5751 712 5786 :
743 5737 947 5803 quique
984 5731 1294 5787 rectissime
1354 5729 1749 5791 consuluisset,
1790 5727 1844 5779 in
1900 5728 2022 5795 ejus

450 5830 775 5885 sententiain
826 5831 1017 5884 lubens
1092 5826 1225 5881 alter
1275 5824 1408 5879 ibat.
1481 5822 1622 5876 Nulli
1676 5823 1883 5876 mutuis
1960 5837 2017 5878 se

2123 4609 2478 4663 tedilieiorum
2506 4610 2844 4675 admiranda,
2874 4630 2995 4682 quae
3020 4616 3143 4669 istic
3178 4618 3248 4670 ab
3276 4617 3489 4671 excidio
3517 4619 3692 4687 Ἰίυμε

2124 4702 2176 4755 iu
2229 4704 2374 4756 hunc
2438 4720 2607 4774 usque
2675 4708 2820 4759 dicm
2881 4718 3222 4764 manserunt.
3291 4711 3405 4774 Illa,
3462 4729 3587 4765 cum
3632 4732 3697 4764 eo

2126 4794 2388 4856 venisset,
2435 4812 2561 4849 cum
2616 4808 2842 4868 stupore
2878 4801 3109 4869 quodam
3160 4803 3463 4871 aspiciens,
3500 4816 3695 4860 tacitus

2126 4897 2179 4941 ct
2235 4891 2640 4954 cogitabundus
2720 4891 2789 4944 ad
2843 4893 3071 4963 aliquod
3134 4898 3398 4963 temporis
3454 4900 3693 4965 Spatium

2130 4980 2201 5033 ita
2261 4982 2533 5049 substitit,
2596 4993 2654 5037 ut
2735 4985 2872 5039 nihil
2939 4990 3165 5042 omnino
3234 4990 3301 5043 ad
3369 5006 3697 5060 quemquam

2128 5074 2571 5143 proloqueretur.
2635 5075 3004 5142 Quamobrem
3062 5080 3198 5136 Ezes
3246 5082 3439 5151 hegus,
3481 5087 3696 5137 tandem

2126 5180 2186 5220 se
2236 5178 2559 5224 convertens
2638 5173 2705 5224 ad
2785 5171 3181 5238 Soleitnauem,
3234 5175 3302 5229 Mt
3356 5178 3533 5244 Chao,
3602 5189 3697 5239 ait.

2126 5260 2255 5329 quid
2320 5263 2461 5315 istuc
2496 5279 2649 5317 nova:
2704 5266 2779 5319 rei
2821 5265 3236 5336 est?qua:nam
3300 5271 3395 5322 lilii
3458 5273 3522 5323 ιιι
3585 5288 3697 5323 aut-

2130 5370 2277 5409 n.unt
2331 5356 2530 5410 accidit
2584 5359 2899 5427 prodigiosa
2933 5363 3195 5430 cogitato
3218 5363 3397 5418 ?Tuut
3426 5367 3696 5420 Soleima-

2130 5465 2228 5503 nes
2269 5452 2449 5516 hassa,
2506 5452 2739 5516 Mecum,
2769 5454 2966 5523 inquit,
3001 5459 3189 5508 animo
3224 5460 3402 5518 volvo,
3459 5475 3699 5524 quonam

2134 5545 2295 5597 modo
2378 5545 2511 5598 tttilti
2566 5548 3049 5601 transmittendqu
3110 5548 3214 5603 ltoe
3270 5566 3422 5602 mare
3500 5553 3594 5614 sit,
3647 5564 3707 5603 ut

2132 5637 2347 5691 interim
2408 5636 2758 5693 Christianos
2817 5652 3053 5694 conatus
3127 5645 3226 5696 iste
3293 5660 3448 5696 meus
3511 5646 3699 5698 lateat.

2131 5730 2327 5795 Quaeso
2386 5740 2455 5797 le,
2513 5749 2616 5798 qua
2667 5750 2751 5786 vta
2808 5751 2919 5787 rem
2970 5735 3374 5804 aggrediemur.
3431 5737 3520 5790 llas
3554 5754 3702 5805 cog.-

2134 5826 2366 5880 tatieues
2400 5840 2531 5878 mea:
2569 5836 2718 5881 suttt.
2743 5827 2822 5879 Ad
2857 5842 2917 5880 ea
2941 5845 3063 5881 mox
3108 5828 3241 5882 lites
3295 5846 3355 5883 ac
3382 5829 3526 5884 Fastl
3552 5834 3693 5896 bcgt,
