4026 6204
267 245 339 295 {)3
351 245 380 291 τι

1550 235 1855 292 ΛΝΝΑιΕ

1960 234 2277 292 l'UHClCI.
3428 236 3530 291 5.8!)"

264 350 527 413 Domine,
598 349 642 403 si
710 363 806 417 per
869 360 920 402 te
987 349 1195 413 licebit,
1232 350 1513 419 inquiunt,
1577 365 1676 402 nos
1752 349 2250 413 dqumanitate,
2293 364 2399 417 qua
2449 349 2500 400 in
2556 347 2678 401 illos
2731 349 2967 417 priores,
3039 350 3195 403 facile
3226 350 3336 403 duo
3382 350 3532 409 ista-c

263 447 469 500 fretum
505 444 611 498 hoc
654 442 1097 511 trausjiciemus,
1134 444 1416 502 tentaturi.
1453 459 1578 496 num
1646 441 1853 511 aliquid

263 553 291 591 a
367 538 526 591 nobis
571 535 711 590 eliici
746 535 941 604 possit.
989 534 1089 590 Ubi
1149 551 1302 597 vero,
1361 536 1594 605 subjecit
1665 533 1854 592 Sulci-

264 645 482 692 manes,
521 628 884 697 transjecturi
934 627 1113 682 estis?
1149 629 1326 682 Locus
1356 630 1445 684 hic
1482 631 1707 696 quidam
1744 643 1849 699 est,

258 723 545 792 inquiunt,
577 722 666 774 ubi
712 720 891 776 facilis
941 730 1023 776 est
1065 722 1405 791 transjectio,
1448 741 1511 777 ex
1564 726 1854 780 intervallo

263 815 470 869 littoris
513 813 807 878 utriusque
840 828 945 867 non
978 829 1198 884 magno.
1253 815 1391 869 Cum
1430 816 1481 868 id
1516 815 1855 874 Soleimaues

264 909 348 962 ais
385 920 440 960 ιιι
471 907 733 965 facerent.
765 906 1131 973 permisisset,
1177 908 1354 962 locum
1405 909 1582 975 ipsum
1626 910 1852 975 adeunt,

264 1003 450 1056 trabes
509 1002 737 1070 aciigna
788 1000 1071 1066 colligant,
1105 1010 1275 1055 ratem
1335 1002 1660 1067 conficiunt,
1702 1014 1855 1059 trans

266 1095 474 1148 iretum
516 1105 676 1147 noctu
738 1094 789 1146 in
842 1093 1131 1147 adversum
1200 1096 1352 1148 littus
1407 1096 1711 1164 appellunt,
1763 1114 1857 1165 per

269 1192 462 1240 vincas
499 1194 670 1240 semet
702 1185 929 1249 abdunt,
966 1186 1224 1240 idoneum
1250 1190 1541 1254 quemdam
1600 1189 1855 1245 instituto

269 1294 376 1330 suo
452 1276 821 1330 Christianum
879 1278 1127 1346 capiunt.
1183 1276 1319 1330 Eum
1394 1293 1528 1332 vero
1604 1280 1856 1336 celeriter

270 1376 585 1440 abreptum,
643 1371 859 1440 ratique
936 1372 1282 1441 impositum,
1335 1372 1469 1426 hero
1530 1387 1629 1427 suo
1692 1374 1859 1428 Solei-

267 1465 441 1526 niani,
486 1474 746 1533 superato
782 1479 1003 1517 rursum
1079 1464 1243 1531 freto,
1293 1465 1518 1521 sistunt.
1570 1466 1617 1521 ls
1678 1467 1857 1521 homi-

267 1571 391 1608 nem
442 1555 680 1623 benigne
708 1557 983 1623 excipere,
1070 1558 1265 1611 vestitu
1297 1573 1440 1612 novo
1479 1559 1707 1622 donare,
1736 1575 1856 1613 niu—

268 1649 492 1702 ueribus
559 1647 685 1701 aliis
753 1648 1038 1702 delinitum
1101 1649 1436 1720 interrogare
1477 1670 1490 1704 :
1527 1651 1709 1721 Ecqua
1767 1654 1852 1707 via

1958 440 2182 495 Cnet-ia:
2230 442 2413 495 eaStra
2469 456 2627 495 suam
2678 442 2732 495 in
2794 450 3119 511 potestatem
3189 443 3532 514 redegerunt.

1960 532 2163 587 llarum
2230 548 2434 598 rerum,
2484 543 2590 587 tam
2661 532 2895 590 feliciter
2925 533 2977 587 in
3016 534 3282 588 Bouiania
3351 544 3536 603 gesta-

1958 642 2099 687 rum,
2164 625 2306 679 fama
2336 642 2460 679 cum
2491 625 2582 691 fari
2632 625 2843 683 Tlll'COS
2905 627 2957 680 in
2992 627 3176 681 Asiam
3206 639 3356 680 trans
3388 642 3536 680 mare

1958 720 2162 789 perlata
2220 720 2453 782 fuisset,
2490 722 2881 790 quamplurimi
2920 732 3112 791 sponte
3148 737 3244 775 sua
3305 725 3535 790 trausje‘

1958 821 2172 876 cerunt,
2227 823 2393 881 atque
2448 811 2551 866 hoc
2593 813 2754 866 modo
2820 814 3026 882 passim
3074 828 3167 881 per
3223 813 3533 867 universam

1959 906 2284 960 Romaniam
2313 904 2517 959 diditus
2539 916 2622 959 est
2650 908 2715 960 de
2747 906 3049 959 Turcorum
3071 906 3304 959 adventu
3326 921 3532 959 rumor.

1959 997 2145 1067 Neque
2177 998 2350 1052 multo
2378 1007 2501 1067 post
2530 997 2798 1066 praemissi
2855 997 3029 1065 fuere,
3076 999 3167 1068 qui
3219 997 3533 1068 Callipolim

1960 1100 2253 1147 tentarent.
2288 1094 2421 1161 Ejus
2450 1095 2549 1147 loci
2578 1092 2835 1164 Teggiur,
2863 1095 3246 1150 animadverso
3284 1107 3531 1158 tamsno,

1956 1200 2121 1253 quam
2183 1202 2410 1240 suorum
2483 1188 2747 1255 periculo,
2816 1188 3169 1257 collectisque
3228 1189 3533 1258 perexiguis

1957 1278 2399 1332 Christianorum
2457 1278 2653 1348 copiis,
2696 1280 2945 1333 animose
2987 1286 3108 1333 eum
3164 1278 3357 1333 Turcis
3396 1295 3536 1333 cou-

1956 1370 2130 1426 ﬂixit:
2164 1372 2256 1425 sed
2288 1372 2477 1441 prtelio
2512 1372 2711 1437 victus,
2738 1373 2877 1425 intra
2912 1372 3267 1425 munitionem
3299 1389 3356 1427 se
3381 1388 3533 1427 rece-

1958 1465 2054 1533 pit.
2109 1462 2272 1518 Turci
2332 1466 2541 1518 hostem
2568 1481 2621 1517 ia
2656 1472 2810 1534 tergo
2868 1465 3065 1528 secuti,
3097 1480 3285 1534 agrum
3310 1479 3528 1518 Omnem

1957 1565 2251 1624 occupant,
2287 1566 2340 1608 et
2396 1557 2448 1609 in
2486 1555 2661 1610 reditu
2725 1557 2899 1625 ipsam
2955 1572 3174 1625 quoque
3222 1555 3531 1624 Callipolim

1957 1648 2060 1701 sibi
2120 1664 2242 1702 cum
2280 1663 2405 1701 arce
2459 1649 2778 1717 subjiciunt.
2838 1648 3064 1703 Factum
3110 1651 3214 1704 hoc
3248 1664 3393 1702 anno
3422 1649 3537 1702 Ma—

270 1738 341 1793 sit
391 1739 445 1792 in
473 1739 739 1807 oppidum
764 1739 1055 1793 adversum
1088 1742 1469 1809 perveniendi,
1511 1743 1845 1798 Christianis
1876 1730 1924 1789 Β
1955 1744 2250 1797 humetano
2281 1741 2381 1796 758
2412 1740 2561 1812 (Chr.
2590 1742 2776 1804 1357).

254 1832 466 1893 insciis
498 1842 553 1886 et
614 1832 1058 1901 imprudentibus
1093 1834 1116 1886 Υ
1147 1833 1273 1889 Mox
1325 1835 1454 1890 ille:
1488 1835 1691 1891 Ducam
1754 1853 1850 1892 vos

278 1925 552 1994 equidem,
588 1924 684 1991 ait,
742 1940 838 1994 per
888 1926 1161 1995 ejusmodi
1218 1928 1384 1993 viam,
1435 1938 1494 1983 ut
1551 1946 1579 1984 a
1634 1932 1852 1986 neruine

278 2017 715 2086 conspiciamini.
781 2017 1234 2087 Quoiutellecto,
1294 2023 1545 2093 colligari
1607 2026 1851 2094 complu-

280 2126 371 2167 res
422 2110 641 2164 arbores
672 2109 1014 2167 Soleiiuanes
1052 2114 1305 2183 imperat,
1356 2114 1594 2174 Dictum.
1620 2116 1846 2171 factum.

277 2205 336 2261 ιι.
407 2220 527 2259 eam
599 2216 789 2272 ratein,
888 2224 1101 2262 summa
1172 2223 1301 2263 usus
1351 2210 1653 2272 celeritate,
1726 2226 1849 2265 cum

275 2304 623 2373 septuaginta
679 2302 763 2356 vel
815 2302 1098 2370 octoginta
1161 2302 1385 2356 selectis
1441 2303 1706 2357 militibus
1758 2303 1848 2355 in-

278 2394 407 2455 silit,
472 2408 539 2446 ae
584 2404 749 2446 noctu
800 2393 1092 2461 trausjicit.
1142 2391 1334 2461 Magna
1383 2391 1583 2447 deinde
1633 2393 1851 2447 solertia

286 2488 555 2540 ducuntur
607 2502 638 2539 a
693 2488 910 2555 captivo
946 2484 1263 2540 Christiano
1322 2486 1387 2538 ad
1438 2495 1680 2540 castrqu
1747 2486 1853 2542 Ze-

292 2579 581 2645 iuenienm,
632 2580 687 2633 in
735 2578 891 2647 cujus
950 2578 1099 2633 aditu
1155 2578 1378 2648 quidam
1425 2593 1455 2633 e
1496 2579 1625 2633 timo
1694 2582 1853 2649 quasi

287 2673 521 2727 tumulus
577 2673 715 2728 situs
786 2678 948 2736 erat,
1008 2671 1184 2742 ipsius
1253 2672 1420 2728 castri
1505 2672 1849 2727 altitudinem

281 2781 522 2833 aequans.
556 2766 799 2819 Aberant
820 2774 1003 2820 castro
1032 2754 1256 2829 incolae,
1287 2765 1544 2818 nhnirum
1577 2764 1668 2820 illo
1718 2774 1855 2819 tem-

283 2858 580 2927 poreanni,
614 2873 725 2927 quo
766 2858 1086 2927 colligendis
1114 2874 1178 2913 ac
1210 2858 1534 2913 trituraudis
1569 2858 1851 2929 segetibus

280 2952 514 3020 quisque
574 2952 708 3005 foris
763 2953 1003 3007 intentus
1022 2959 1160 3007 erat.
1201 2951 1311 3006 "ac
1337 2952 1653 3009 solitudinis
1695 2967 1855 3009 occa-

280 3048 433 3101 sioiie
484 3049 593 3109 usi,
622 3056 786 3100 noctu
815 3062 909 3116 per
940 3047 1092 3100 illum
1140 3049 1350 3113 finiunt,
1389 3063 1554 3118 quem
1582 3047 1851 3112 diximus,

280 3142 335 3193 in
393 3153 632 3194 castrum
661 3139 925 3204 evadunt,
947 3154 1120 3210 eoque
1147 3143 1453 3212 potiuntur.
1509 3141 1666 3198 Nulla
1696 3142 1856 3212 vulgo

286 3233 721 3289 Sliristianorum
784 3234 930 3288 illata
977 3236 1061 3290 vis
1116 3234 1238 3300 fuit,
1320 3244 1415 3290 aut
1475 3236 1676 3307 injuria
1718 3237 1857 3291 :se'd

279 3323 523 3380 exhibita
580 3326 763 3395 potius
786 3326 1193 3394 benevolentia,
1217 3329 1457 3398 dataque
1501 3330 1852 3384 munuscula.

284 3420 364 3472 De
416 3418 702 3489 pracipuis
760 3430 943 3477 autem
985 3421 1130 3491 capti
1165 3422 1412 3491 quidam,
1464 3430 1521 3476 et
1554 3422 1620 3475 ad
1644 3422 1856 3492 navigia

285 3508 540 3575 deducti,
600 3526 718 3578 quae
771 3512 898 3567 istic
948 3515 999 3566 in
1027 3524 1186 3583 portu
1255 3522 1468 3584 reperta
1491 3524 1639 3580 sunt,
1705 3524 1856 3567 trans

288 3602 512 3663 fretum,
558 3614 654 3670 pro
719 3601 968 3657 victoria:
1024 3612 1373 3671 argumento,
1441 3604 1506 3657 ad
1584 3604 1854 3674 reliquum

284 3692 592 3748 exercitum
622 3694 773 3749 missi
803 3693 1047 3749 inerunt.
1077 3694 1293 3750 Eisdem
1326 3696 1561 3767 navigiis
1593 3700 1648 3751 in
1679 3698 1854 3752 reditu

284 3782 411 3851 pl’us
451 3785 630 3838 minus
692 3783 921 3838 ducenti
992 3784 1195 3839 milites
1254 3785 1573 3851 transvecti,
1636 3803 1692 3841 se
1736 3802 1857 3843 cum

282 3876 618 3940 Soleimanc,
653 3878 979 3948 eaaterisque
1023 3878 1236 3941 Turcis,
1272 3881 1326 3932 in
1386 3880 1586 3949 oppido
1621 3882 1857 3949 conjun-

282 3980 509 4024 xerunt.
586 3969 716 4025 lude
784 3988 907 4025 cum
976 3972 1204 4026 navibus
1280 3971 1527 4040 aliquot,
1583 3972 1860 4041 equitibus

279 4063 446 4118 etiam
502 4063 812 4126 instructis,
882 4062 977 4132 qui
1043 4072 1185 4117 terra
1218 4063 1322 4116 iter
1364 4063 1630 4129 facerent,
1684 4064 1863 4118 Bolai-

280 4173 397 4210 rem
445 4154 586 4211 Ezes
622 4158 791 4223 begns
830 4157 1011 4224 petiit.
1074 4155 1170 4210 Est
1213 4166 1397 4210 autem
1433 4168 1653 4225 propter
1683 4156 1864 4212 Βοιδί-

279 4266 395 4304 rem
426 4259 615 4319 portus
676 4249 865 4313 maris,
902 4248 994 4311 qui
1048 4247 1247 4303 Portus
1295 4250 1451 4304 albus
1498 4250 1721 4304 dicitur.
1784 4248 1862 4302 Eo

276 4346 337 4398 in
380 4356 541 4413 portu
599 4343 886 4412 coinplura
944 4344 1160 4413 navigia
1237 4351 1368 4398 tunc
1420 4352 1599 4410 erant,
1656 4344 1860 4412 quibus

2029 1836 2197 1905 Capta
2248 1833 2523 1906 Gallipoli,
2579 1851 2708 1890 suos
2769 1836 3110 1893 Szileimanes
3179 1840 3413 1909 ablegat,
3476 1850 3537 1894 ut

1960 1943 2123 1996 agros
2153 1927 2439 1997 Cherepoli
2488 1936 2543 1982 et
2584 1929 2743 1982 Zorlo
2774 1928 2986 1982 vicinos
3038 1930 3451 1998 popularentur,
3484 1941 3541 1984 et

1962 2022 2104 2075 ferro
2136 2031 2301 2090 atque
2343 2021 2453 2091 igni
2490 2030 2768 2075 vastarent
2800 2038 2813 2073 :
2854 2021 2949 2091 qui
2981 2020 3142 2091 longe
3196 2022 3410 2092 lateque
3458 2023 3542 2074 di-

1962 2115 2127 2183 reptis
2158 2114 2431 2180 omnibus,
2493 2114 2702 2184 absque
2749 2130 2901 2169 mora
2966 2114 3272 2183 Callipolim
3338 2114 3540 2169 reversi

1960 2219 2109 2262 sunt.
2138 2207 2375 2263 Habebat
2403 2222 2593 2263 secum
2628 2208 2765 2261 duos
2796 2224 2857 2263 ex
2900 2209 3049 2263 omni
3081 2224 3311 2263 numero
3346 2224 3542 2277 proce-

1962 2316 2080 2355 rum
2108 2301 2274 2355 diices
2307 2301 2561 2366 eximios,
2598 2299 2935 2356 Eurenosem
2977 2301 3198 2372 begum,
3236 2311 3289 2355 et
3314 2300 3538 2355 Chasim

1961 2392 2099 2448 Elim
2132 2395 2352 2466 begum.
2389 2393 2453 2448 Hi
2482 2394 2691 2448 nullum
2724 2394 3061 2449 Christianis
3102 2403 3317 2463 tempus
3350 2409 3379 2447 a
3410 2409 3537 2462 per-

1961 2487 2140 2557 petuis
2163 2486 2547 2542 vexationibus
2582 2503 2814 2542 vacuum
2850 2487 3176 2557 relinquere,
3216 2488 3308 2542 sed
3336 2487 3542 2556 absque

1963 2578 2370 2635 intermissione
2403 2578 2672 2634 Dimotuci
2707 2596 2771 2634 ac
2802 2579 3136 2650 Burgosines
3161 2596 3321 2650 agros
3354 2596 3540 2650 agere,

1962 2674 2129 2737 ferre,
2162 2687 2402 2741 moxque
2469 2685 2595 2727 cum
2656 2672 2773 2727 suis
2828 2673 3133 2739 Callipolim
3176 2690 3234 2728 se
3278 2672 3540 2742 recipere.

1963 2763 2099 2818 Dum
2154 2765 2224 2818 ab
2256 2764 2366 2820 illis
2406 2778 2468 2819 ea
2503 2772 2799 2835 geruntur,
2834 2764 3177 2820 Soleimaues
3208 2767 3368 2819 bassa
3402 2781 3540 2834 quo-

1963 2856 2089 2911 dam
2123 2857 2214 2912 die
2270 2867 2525 2912 venatum
2559 2856 2612 2911 in
2656 2872 2804 2926 equo
2834 2857 3012 2926 prodit
3044 2896 3060 2922 ,
3094 2858 3425 2927 inventoque
3472 2858 3541 2911 le-

1964 2963 2115 3015 pore,
2151 2963 2273 3005 mox
2310 2950 2463 3003 illum
2524 2957 2584 3004 ut
2646 2960 2883 3017 caperet,
2942 2965 3142 3019 equum
3185 2950 3250 3003 ad
3314 2966 3536 3004 cursum

1964 3044 2135 3113 adigit
2171 3060 2184 3097 :
2222 3043 2317 3113 qui
2373 3042 2517 3097 forte
2550 3042 2773 3097 fortuna
2826 3046 2963 3113 pede
3024 3044 3196 3098 altero
3230 3044 3449 3097 delatus
3483 3044 3538 3098 in

1885 3109 1930 3171 Ο
1962 3138 2214 3191 scrobem
2246 3138 2563 3206 quamdam,
2590 3153 2697 3192 una
2725 3153 2850 3193 cuin
2891 3138 3114 3191 domino
3140 3140 3370 3201 corruit,
3392 3153 3539 3191 eum-

1958 3244 2064 3298 que
2096 3229 2177 3285 sie
2238 3230 2391 3285 humi
2428 3229 2624 3285 afﬂixit
2655 3273 2668 3295 ,
2710 3241 2769 3285 ut
2804 3230 3003 3285 ibidem
3041 3229 3331 3284 confestim
3361 3231 3542 3299 exspi-

1959 3332 2121 3383 raret,
2156 3339 2300 3377 anno
2342 3322 2730 3377 Mahumetano
2764 3323 2865 3377 759
2897 3323 3051 3392 (Chr.
3088 3322 3268 3389 1557).

2032 3413 2228 3468 Eodem
2278 3422 2517 3483 tempore
2574 3427 2823 3468 mortuus
2860 3424 2944 3467 est
2993 3414 3159 3467 etiam
3195 3413 3535 3467 Soleimaues

1958 3507 2131 3562 bassa:
2159 3517 2332 3578 pater,
2364 3506 2588 3564 Urchan
2624 3508 2816 3564 Gases.
2839 3509 2957 3564 Sed
2990 3509 3137 3565 filius
3173 3511 3389 3565 duobus
3418 3521 3543 3565 ante

1959 3612 2165 3672 patrem
2204 3603 2484 3658 mensibus
2505 3603 2811 3658 exstinctus
2845 3614 2950 3660 est.
2982 3603 3260 3659 Successit
3288 3606 3341 3660 in
3374 3605 3544 3673 impe-

1961 3699 2041 3751 rio
2072 3708 2300 3767 paterno
2326 3698 2495 3755 Gasos
2534 3698 2775 3754 Murates
2824 3700 2996 3760 Chau,
3027 3698 3119 3770 qui
3150 3699 3379 3754 Prusani
3416 3716 3544 3770 pro-

1961 3789 2159 3856 fectus,
2227 3808 2485 3861 maguum
2544 3807 2610 3846 ex
2643 3792 2909 3847 Carasina
2954 3793 3193 3861 regione,
3224 3793 3547 3859 ca'terisque

1961 3881 2283 3948 provinciis,
2316 3883 2615 3936 exercitum
2643 3883 2882 3953 collegit.
2938 3886 3065 3938 [Crat
3098 3886 3151 3937 in
3206 3884 3422 3937 civitate
3447 3884 3547 3935 Be-

1962 3973 2148 4037 lezuga
2182 3971 2598 4028 Mahnmetanus
2640 3974 2889 4044 quidam,
2923 3976 3210 4045 religiosus
3241 3986 3292 4030 et
3334 3991 3545 4043 magna:

1964 4066 2046 4118 vir
2070 4067 2517 4132 existimationis,
2551 4069 2644 4124 cui
2681 4084 2881 4124 nomen
2917 4068 3248 4123 Zeuderlues
3275 4070 3541 4123 Cheliles.

1965 4155 2103 4211 Eum
2127 4160 2189 4212 ad
2218 4173 2276 4213 se
2302 4171 2554 4214 vocatum
2583 4161 2952 4216 Cadilcscheri
2974 4162 3153 4216 oflicio
3182 4164 3326 4231 fungi
3354 4163 3544 4232 jussit.

1965 4248 2104 4306 Hinc
2137 4265 2261 4305 cum
2286 4266 2577 4309 oeconomo
2629 4258 2790 4326 regia:
2832 4273 2945 4311 sua:
2996 4257 3282 4320 Seaehine,
3322 4274 3385 4313 ac
3420 4261 3545 4311 uni-

1967 4343 2141 4399 versis
2172 4345 2369 4414 c0piis,
2405 4345 2713 4417 Gallipolim
2777 4350 3078 4418 transjecit,
3112 4366 3177 4404 ac
3232 4362 3376 4404 recta
3406 4350 3543 4403 Zor-

278 4437 407 4502 igne
468 4436 672 4505 injecto
699 4436 1030 4506 absumptis,
1058 4435 1411 4491 Zemenicum
1464 4437 1814 4491 reversisunt
1840 4477 1855 4503 ,
1886 4461 1939 4521 Β
1968 4434 2080 4487 lum
2108 4436 2414 4492 contendit.
2449 4437 2582 4505 Ejus
2624 4439 2724 4494 loci
2760 4441 3082 4510 praesidiarii
3123 4451 3174 4496 ct
3206 4443 3399 4496 incolae
3436 4443 3549 4495 for-

274 4537 334 4582 et
383 4527 655 4596 reliquum
713 4529 1042 4593 exercitum,
1092 4529 1327 4583 navibus
1388 4529 1726 4598 impositum,
1805 4532 1857 4583 in

276 4622 556 4689 Europam
588 4622 1169 4691 transportaruntﬂoc
1198 4623 1360 4677 modo
1414 4622 1577 4678 Turci
1620 4624 1855 4693 primum

279 4711 629 4767 iriGraeciam
667 4714 859 4782 pedem
888 4715 1218 4769 intulerunt.
1259 4714 1537 4783 Occupato
1563 4716 1856 4770 Zeinenico

280 4821 411 4858 cum
458 4822 689 4874 magnus
724 4805 838 4873 jam
865 4805 1173 4861 Turcorum
1197 4823 1463 4862 numerus
1506 4808 1560 4861 in
1588 4809 1858 4864 Graeciam

277 4912 439 4953 trans
490 4916 638 4955 mare
695 4902 1059 4970 pervenisset,
1115 4902 1280 4957 nullis
1336 4903 1597 4957 oneribus
1659 4905 1860 4959 moles-

279 4995 448 5048 tiisve
481 4992 808 5056 Christiani,
861 4994 928 5047 ad
978 4994 1236 5063 oppidum
1305 4994 1435 5048 illud
1496 4996 1857 5064 pertinentes,

279 5088 352 5140 ab
404 5087 485 5141 eis
519 5086 728 5156 gravati
756 5096 913 5149 sunt,
960 5086 1054 5141 sed
1086 5096 1425 5140 transactum
1461 5088 1603 5142 inter
1652 5099 1860 5142 utram-

278 5195 389 5249 que
423 5194 627 5247 partem
684 5180 1096 5250 constitutaque
1123 5197 1250 5248 pax.
1276 5179 1392 5232 Non
1419 5195 1617 5235 uxores
1647 5196 1859 5245 eorum,

280 5286 396 5324 non
431 5271 587 5324 liberi
640 5271 853 5334 violati,
885 5272 980 5326 sed
1041 5287 1102 5323 ea
1146 5287 1268 5324 cum
1295 5271 1457 5340 315
1491 5272 1862 5326 moderatione

282 5365 476 5428 habiti,
533 5377 592 5417 ιιι
630 5364 926 5419 Zemenico
978 5364 1194 5418 finitimi
1235 5365 1534 5419 Christiani
1568 5368 1862 5435 perluben-

284 5466 367 5511 ler
389 5476 448 5509 se
474 5455 668 5510 Turcis
696 5458 1101 5511 submitterent.
1127 5457 1171 5507 A
1202 5456 1490 5510 Zemenico
1539 5473 1646 5510 non
1704 5458 1865 5526 longe

282 5552 453 5605 distat
514 5551 662 5604 aliud
742 5551 1027 5619 Oppidum,
1088 5550 1439 5618 Agaslevina,
1465 5565 1574 5619 quo
1630 5559 1687 5603 et
1743 5551 1891 5618 ipso

283 5646 439 5698 nullo
494 5648 711 5713 negotio
771 5645 945 5713 potiti,
999 5658 1125 5697 cuiu
1194 5643 1521 5697 Christianis
1572 5644 1693 5712 ejus
1750 5644 1862 5713 agri

285 5756 474 5806 pacem
531 5745 889 5803 componunt,
956 5738 1256 5804 eademque
1317 5737 1371 5791 in
1439 5739 1537 5791 bos
1599 5737 1683 5790 usi
1763 5738 1866 5793 liu-

611 5830 881 5894 PATltUL,
913 5832 1026 5889 Gn.
1072 5828 1276 5890 CLIX.

1966 4528 2174 4583 tissime
2222 4531 2439 4600 quidem
2480 4533 2556 4586 illi
2604 4548 2664 4587 se
2719 4534 3107 4599 defendebant,
3159 4535 3251 4589 sed
3281 4536 3542 4605 oppidum

1964 4632 2141 4678 tamen
2175 4637 2545 4694 expugnatum
2576 4628 2622 4680 vi
2661 4627 2785 4681 fuit.
2828 4628 3000 4697 Capta
3032 4629 3227 4683 deinde
3270 4629 3377 4692 Sis,
3406 4628 3546 4699 Teg-

1963 4719 2115 4785 giure
2145 4719 2473 4773 deditionem
2506 4720 2760 4775 faciente.
2794 4721 2913 4777 Mox
2940 4723 3075 4777 itum
3101 4739 3295 4778 versus
3328 4724 3542 4793 Burgo-

1964 4813 2141 4879 siuen,
2204 4824 2326 4884 Qua:
2397 4817 2615 4872 inventa
2700 4819 2799 4874 fuit
2877 4820 3275 4876 habitatoribus
3350 4837 3544 4887 vacua,

1963 4907 2289 4963 Christianis
2322 4909 2447 4981 fuga
2492 4912 2720 4981 dilapsis
2755 4931 2769 4967 :
2803 4914 3038 4985 idebque
3088 4915 3283 4970 Turcis
3326 4916 3541 4983 ingres-

1964 5017 2061 5054 sus
2094 5017 2107 5065 ;
2145 5002 2269 5071 igne
2299 5003 2495 5058 deleta.
2528 5004 2604 5060 Ex
2639 5011 2805 5061 altera
2834 5020 2987 5077 parte
3022 5009 3262 5079 regionis
3296 5010 3540 5060 Eurctto-

1964 5108 2053 5149 ses
2080 5094 2249 5163 begus
2305 5112 2453 5151 arma
2489 5114 2610 5152 cum
2651 5100 2816 5153 Chazi
2878 5101 2957 5155 Eli
2996 5102 3130 5169 bego
3155 5099 3491 5153 circumtulit
3527 5115 3539 5150 :

1965 5203 1994 5239 a
2027 5186 2228 5255 quibus
2259 5188 2326 5241 ad
2347 5204 2563 5243 amnem
2594 5191 2849 5246 Mcrizam
2882 5203 3205 5262 occupatum
3231 5191 3544 5246 fuitcastel-

1967 5278 2102 5344 lum,
2134 5281 2221 5333 cui
2254 5291 2308 5335 et
2342 5282 2445 5350 ipsi
2494 5299 2691 5339 nomen
2733 5286 2941 5355 Burgus
2979 5305 2992 5341 :
3042 5288 3285 5357 adeoque
3331 5290 3400 5340 ab
3444 5287 3547 5339 hoc

1967 5384 2167 5427 eventu
2226 5374 2281 5428 in
2342 5377 2669 5432 hodiernum
2717 5395 2890 5449 usque
2925 5379 3066 5433 diem
3108 5379 3219 5434 Elis
3255 5381 3371 5450 begi
3409 5379 3546 5431 Bur-

1969 5482 2065 5536 gos
2096 5468 2318 5521 dicitur.
2355 5468 2411 5523 In
2438 5485 2503 5524 eo
2534 5472 2760 5525 castello
2801 5472 3001 5526 Chazis
3041 5471 3286 5543 Elbegus.
3309 5472 3547 5526 interdiu

1969 5560 2142 5628 quieti
2171 5576 2228 5613 se
2252 5562 2412 5614 dabat
2455 5577 2469 5615 :
2502 5563 2596 5617 sed
2631 5575 2817 5633 pestea
2863 5581 3024 5628 quam
3068 5580 3173 5618 nox
3212 5565 3548 5633 appetiisset.

1972 5653 2250 5719 perpetuis
2282 5654 2705 5708 excursionibus
2738 5656 2977 5708 vicissim
3003 5658 3242 5725 quietem
3281 5654 3553 5709 Christia-

1972 5756 2168 5795 norum
2211 5745 2485 5799 turbabat.
2529 5745 2675 5801 Idem
2712 5747 2897 5803 missis
2930 5748 3394 5817 exploratoribus,
3451 5747 3552 5800 im-

3020 5843 3093 5903 19
