4026 6204
499 242 602 306 ἷνὸἸ

1758 226 1960 287 ANNA
1974 226 2109 285 LES
2146 227 2191 285 T
2206 225 2487 286 URCICL

3644 226 3753 289 588

490 356 812 428 prudentem
842 350 1108 407 Dimotuei
1142 347 1465 420 Teggiurem
1492 327 1770 415 oppressit
1793 352 1851 399 et
1888 343 2060 396 inter-
2095 350 2134 403 Α
2170 340 2298 395 libet
2324 340 2558 395 aliarum
2598 354 2805 402 rerum,
2843 338 3034 409 quinta
3068 350 3299 408 quaeque
3326 336 3503 406 portio
3518 335 3624 406 jnri
3642 336 3749 391 Pa-

487 450 654 521 cepit,
677 458 839 517 atque
873 448 976 501 hoc
1004 442 1165 498 modo
1195 448 1418 511 captum
1445 439 1512 493 ad
1546 437 1731 508 oppidi
1752 438 1953 491 moenia
1972 436 2066 491 de-

489 539 662 594 duxit.
697 536 831 591 Cum
865 537 917 589 in
946 532 1121 588 hostis
1148 540 1415 601 potestate
1438 529 1803 584 constitutum
1830 526 2067 596 Teggiu-

486 647 605 687 rem
654 646 809 686 suum
845 638 953 682 tam
995 624 1275 696 oppidani,
1333 639 1496 695 quam
1552 625 1694 678 arcis
1740 620 2063 692 praesidiarii

488 726 754 785 viderent,
791 722 952 776 certis
982 717 1387 774 conditionibus
1438 732 1562 771 cum
1599 715 1769 770 Chazi
1804 715 1888 770 Eli
1929 714 2065 781 bego

488 815 817 883 transigunt,
852 813 1012 882 eique
1042 812 1319 865 civitatem
1343 825 1469 865 cum
1505 824 1630 863 arce
1663 810 1890 863 dedunt.
1913 798 2067 860 Nihi—

486 908 726 961 lominus
758 906 942 971 Turci,
977 904 1256 960 deditione
1287 903 1453 969 facta,
1481 901 1804 973 Teggiurem
1829 900 2062 956 liberum

483 1012 538 1053 vt
568 1000 893 1055 incolumrm
930 999 1080 1052 abire
1126 996 1472 1066 permittunt.
1506 994 1792 1049 Dimotueo
1836 993 2063 1064 potitus.

485 1093 742 1163 Ypsalam
795 1109 919 1148 cum
956 1092 1197 1147 exercitu
1235 1091 1433 1159 pergit,
1473 1100 1533 1144 ut
1571 1097 1623 1143 et
1656 1087 1787 1143 illud
1806 1087 2062 1158 oppidum

481 1194 839 1255 expugnaret,
886 1199 950 1240 ac
981 1186 1082 1239 sub
1113 1182 1304 1252 jugum
1346 1181 1610 1236 mitteret.
1646 1178 1853 1235 Interea
1890 1179 2064 1234 Gases

484 1279 644 1333 etiam
686 1278 926 1333 Mut'ates
969 1278 1022 1332 in
1054 1278 1223 1330 armis
1247 1284 1386 1337 erat,
1419 1272 1864 1342 Hadrianopolim
1902 1273 2064 1325 iuva.

486 1384 673 1423 surus.
711 1366 977 1422 Praemisit
1003 1382 1130 1421 vero
1161 1365 1509 1425 Scachinem,
1531 1378 1877 1419 oeconomum
1903 1363 2065 1431 regias

484 1476 619 1527 suat,
655 1476 777 1515 cum
814 1470 967 1528 parte
992 1459 1296 1528 copiarum,
1348 1458 1442 1526 qui
1500 1456 1566 1509 de
1592 1455 1922 1511 Christianis
1971 1469 2065 1524 pe—

483 1555 719 1610 riculum
755 1555 983 1618 faceret,
1045 1553 1263 1608 hostine
1321 1550 1543 1605 obviam
1575 1549 1724 1613 ituri,
1776 1564 1942 1617 seque
1971 1547 2065 1601 de-

486 1650 688 1702 fensuri
739 1657 947 1702 ess:-nt.
984 1645 1156 1716 Hujus
1189 1647 1423 1699 adventu
1472 1643 1718 1713 cognito,
1759 1641 2061 1696 Christiani

484 1757 610 1796 mox
648 1743 702 1795 in
733 1741 904 1795 aciem
948 1743 1210 1795 adversus
1261 1753 1385 1794 eum
1435 1738 1729 1808 prodeunt.
1792 1734 2059 1806 Uti-inque

481 1838 799 1890 dimicatum
824 1835 1117 1897 acerrime,
1163 1831 1349 1886 multis
1374 1831 1443 1884 ab
1486 1838 1719 1899 utraque
1754 1839 1912 1899 parte
1947 1844 2061 1885 cae-

481 1930 557 1985 sis
584 1937 637 1983 et
668 1928 1025 1997 interemptis.
1066 1924 1311 1980 Tandem
1336 1924 1404 1978 de
1433 1925 1627 1978 ardore
1652 1932 1820 1993 atque
1850 1924 2058 1994 impetu

482 2038 581 2077 suo
621 2021 920 2076 Christiani
956 2019 1209 2075 nonnihil
1240 2016 1523 2085 remisere,
1547 2032 1716 2087 seque
1740 2017 1883 2071 intra
1931 2032 2058 2071 mu-

483 2130 573 2169 ros
611 2113 763 2170 urbis
796 2124 852 2169 et
892 2113 1303 2183 propugnacula
1352 2120 1699 2180 receperunt.
1734 2110 2056 2177 Scacbines,

483 2207 650 2263 misso
679 2206 896 2269 nuntio,
932 2205 1201 2261 Muratcm
1233 2202 1432 2259 Gasem
1467 2204 1543 2259 rei
1577 2204 1712 2259 bene
1740 2215 1904 2275 gestze
1938 2221 2057 2260 cer-

482 2300 675 2354 liorem
703 2299 858 2362 facit,
895 2300 1056 2369 eique
1095 2298 1275 2367 capita
1323 2311 1590 2351 caesorum
1627 2297 1834 2366 aliquot
1880 2306 2059 2353 trans-

482 2392 667 2445 mittit.
696 2389 919 2445 Interim
959 2392 1125 2460 begns
1162 2402 1418 2459 uterque,
1473 2388 1672 2443 Chazis
1708 2389 1770 2443 El
1797 2399 1849 2443 ct
1882 2388 2056 2445 Eure-

481 2499 643 2538 nuses
675 2499 797 2538 cum
849 2481 1074 2536 Muralis
1124 2482 1367 2536 exercitu
1400 2496 1530 2535 suas
1562 2480 1910 2550 conjungnnt
1958 2498 2056 2537 co-

478 2577 597 2645 pias
628 2592 642 2629 :
671 2585 726 2629 et
774 2576 947 2631 aciem
986 2575 1219 2645 primam
1262 2573 1614 2636 sortili,ante
1647 2573 1914 2628 Muratem
1948 2573 2059 2629 lla-

477 2668 843 2736 drianOpolim
907 2677 1058 2722 recta
1094 2668 1321 2722 ducunt.
1350 2666 1658 2721 Admodum
1694 2666 1744 2721 id
1794 2667 2056 2737 temporis

480 2759 676 2841 Meriza
705 2760 920 2824 ﬂuvius,
938 2761 1171 2815 aliarum
1202 2774 1467 2829 aquarum
1492 2760 2047 2827 aceessioneauctus,

480 2857 833 2907 intumuerat.
865 2852 1232 2917 Quamobrem
1275 2852 1432 2907 urbis
1463 2850 1723 2920 Teggiur,
1772 2852 2052 2908 intellecto

481 2947 713 2998 adventu
749 2946 1012 3011 hostium,
1070 2944 1251 2998 navim
1282 2945 1565 3012 ingressus
1597 2942 1808 3015 anum
1867 2945 2056 3016 profu-

2172 433 2399 489 tiscacbi
2424 431 2602 487 cedat.
2662 431 2724 486 Et
2750 447 2848 487 cur
2883 432 3028 486 illam
3066 447 3166 487 vos
3189 446 3300 485 non
3336 431 3597 500 exigitis?
3632 431 3748 485 Μο-

2172 527 2321 580 nitus
2358 540 2488 596 ergo
2541 524 2985 591 Cadilescherns,
3014 524 3142 581 Casi
3200 523 3397 578 Murati
3425 522 3594 577 Cbani
3635 539 3747 578 rem

2172 617 2428 686 exposuit
2456 636 2469 671 :
2506 632 2668 687 aquo
2700 632 3024 686 responsum
3052 617 3194 684 tulit,
3228 626 3309 683 ut,
3347 616 3616 688 siquidem
3647 618 3751 671 huc

2172 709 2264 764 Dei
2294 709 2617 764 mandatum
2655 710 2749 775 sit,
2785 709 3013 763 omnino
3044 710 3134 779 jus
3165 724 3325 763 suum
3358 718 3613 778 urgeant.
3644 709 3750 777 lgi-

2172 814 2258 859 tur
2308 805 2578 858 arcessito
2609 801 2677 857 ad
2713 817 2773 857 se
2807 802 2950 857 Cara
2985 800 3251 855 Rnsteme
3283 817 3299 855 :
3330 798 3625 863 Volumus,
3671 800 3754 851 iu-

2178 896 2396 965 quiunt,
2419 911 2451 947 ο
2472 905 2662 949 sancte
2686 895 2787 957 vir,
2808 902 2868 947 ut
2894 893 3013 962 ipse
3037 893 3127 947 Dei
3151 893 3467 947 mandatum
3487 908 3752 962 exsequa-

2170 991 2267 1044 ris.
2301 989 2394 1043 Ille
2419 987 2730 1056 Callipolim
2790 985 3093 1057 profectus,
3138 986 3337 1041 ibidem
3388 986 3492 1041 sibi
3524 986 3753 1040 domici-

2173 1081 2303 1136 lium
2372 1081 2658 1136 constituit
2696 1099 2709 1135 :
2747 1095 2811 1134 ac
2846 1094 2944 1150 pro
2993 1079 3237 1149 quolibet
3288 1081 3565 1150 mancipio
3594 1080 3750 1134 Chr}-

2167 1174 2366 1237 stiano,
2402 1184 2552 1228 trans
2590 1187 2743 1227 mare
2781 1172 3051 1238 vehendo,
3078 1187 3269 1241 aspros
3290 1173 3478 1244 viginti
3502 1171 3745 1241 quinque

2167 1282 2196 1321 a
2221 1265 2417 1320 Turcis
2448 1265 2646 1335 exegit.
2679 1264 2746 1320 Et
2780 1276 3033 1321 auctores
3099 1266 3265 1337 hujus
3313 1267 3619 1320 cxactionis
3672 1264 3745 1317 illi

2166 1361 2275 1416 duo
2313 1361 2485 1425 fuere,
2517 1376 2659 1430 quos
2686 1360 2968 1415 diximus:
3000 1372 3057 1414 ut
3092 1360 3356 1415 nimirum
3386 1360 3590 1430 quinta:
3620 1358 3747 1413 Gal-

2167 1452 2314 1522 lipoli
2351 1468 2447 1523 pro
2488 1453 2704 1508 sultano
2732 1452 3042 1507 Turcorum
3074 1452 3369 1522 hodieque,
3393 1461 3503 1505 tam
3539 1452 3746 1506 mam-i-

2166 1546 2381 1616 piorum
2427 1544 2668 1612 nomine,
2720 1560 2886 1615 quam
2923 1544 3266 1614 reliquorum
3299 1543 3602 1613 spoliorum
3630 1546 3745 1597 exi-

2168 1645 2388 1709 gantur.
2429 1635 2556 1692 Fuit
2605 1646 2659 1691 et
2703 1636 2771 1695 ab
2810 1635 3098 1692 Eurenose
3130 1637 3266 1707 bego
3302 1638 3655 1707 postulatum,
3686 1647 3744 1691 ut

2170 1730 2225 1784 in
2273 1745 2433 1785 usum
2484 1728 2843 1799 magistratus
2888 1728 3133 1799 supremi
3190 1728 3444 1798 quintum
3485 1731 3741 1798 quodque

2164 1820 2493 1890 mancipium
2530 1818 2905 1875 Christianum
2947 1835 2975 1874 a
3008 1819 3126 1875 suis
3148 1827 3439 1889 repeteret,
3475 1834 3539 1873 ac
3572 1819 3741 1888 impe-

2163 1914 2331 1968 ratori
2364 1913 2623 1968 traderet.
2659 1912 2714 1968 Si
2735 1914 2862 1984 quis
2886 1927 3018 1968 vero
3046 1927 3153 1967 non
3192 1912 3456 1983 quinque,
3482 1912 3578 1968 sed
3604 1927 3739 1983 qua-

2164 2016 2288 2061 tuor
2317 2006 2586 2060 duntaxat
2634 2004 2901 2076 mancipia
2943 2006 3267 2075 possideret,
3308 2015 3365 2061 ut
3411 2004 3481 2060 ab
3519 2020 3585 2060 eo
3631 2006 3743 2061 sine

2161 2101 2413 2169 gulorum
2442 2097 2670 2154 nomine
2695 2098 2842 2168 aspri
2875 2098 3069 2167 viginti
3098 2099 3344 2169 quinque
3364 2100 3735 2168 exigerentur,

2161 2207 2333 2261 eaque
2361 2193 2588 2262 pecunia
2620 2193 2752 2246 fisco
2778 2191 3127 2261 imperatoris
3173 2191 3410 2247 cederet.
3438 2192 3736 2247 liacnimi~

2162 2301 2280 2341 rum
2320 2286 2613 2341 occasione
2677 2286 2938 2356 deinceps
2981 2286 3073 2339 ille
3130 2301 3250 2341 mos
3295 2286 3538 2354 inolevit,
3580 2299 3641 2341 ut
3669 2303 3735 2340 ex

2160 2380 2308 2434 οιηυί
2374 2380 2774 2450 mamzipiorum
2831 2394 3109 2446 numero,
3145 2379 3475 2435 liberalioris
3545 2380 3735 2436 forma:

2160 2474 2332 2541 pueri,
2356 2488 2451 2542 pro
2473 2474 2685 2529 suitano
2706 2473 2920 2539 delecti,
2944 2474 3481 2544 retinerentunquze
3508 2476 3728 2546 quidem

2158 2567 2211 2619 iu
2243 2568 2390 2620 hunc
2421 2568 2639 2621 modum
2678 2577 2869 2622 exacta
2903 2568 3186 2622 tenerioris
3225 2569 3401 2622 aetatis
3442 2569 3733 2640 mancipia,

2159 2657 2356 2713 deinde
2378 2660 2443 2712 ad
2479 2659 2832 2730 imperatoris
2867 2659 3088 2715 Portam
3126 2661 3383 2727 deducta,
3427 2661 3621 2717 Murati
3657 2666 3741 2718 oi-

2158 2750 2495 2807 ferebantur.
2532 2751 2583 2808 Is
2618 2768 2751 2809 vero
2780 2768 2984 2823 pueros
3025 2753 3078 2807 in
3116 2753 3425 2809 Anatoliam
3459 2763 3740 2825 transpor-

2161 2856 2323 2913 tatos,
2356 2847 2499 2902 inler
2527 2845 2737 2902 Turcos
2770 2846 3032 2902 distribui
3060 2847 3293 2917 iubebat
3322 2866 3335 2901 :
3375 2859 3432 2903 ut
3471 2850 3612 2919 apud
3642 2865 3739 2905 eos

2157 2936 2461 3009 disciplinae
2501 2939 2715 3009 pariter
2766 2953 2832 2995 ac
2896 2939 3186 2995 laboribus
3242 2952 3648 3007 assuescerent,
3684 2954 3739 2995 et

481 3040 581 3110 git.
612 3037 909 3106 Oppidanis
958 3053 987 3091 a
1040 3035 1311 3107 Teggiure
1363 3052 1465 3091 suo
1523 3036 1774 3103 desertis,
1805 3047 1859 3092 et
1913 3038 2063 3094 omni
2089 3050 2133 3107 ο
2171 3031 2214 3087 Τ
2220 3034 2402 3087 urcice
2429 3033 2726 3088 discerent.
2758 3032 2980 3089 Exactis
3032 3043 3216 3089 autem
3258 3033 3474 3091 duobus
3502 3036 3644 3105 apud
3677 3036 3742 3089 il-

480 3128 809 3183 auxiliorum
830 3142 924 3197 spe
944 3126 1220 3183 destitutis
1247 3145 1260 3190 ;
1295 3125 1557 3194 Murates,
1589 3128 1680 3196 qui
1715 3144 1829 3183 rem
1849 3144 1944 3199 per
1967 3145 2065 3185 ex-

478 3222 785 3292 ploratores
840 3229 1193 3289 cognoverat,
1242 3235 1364 3275 cum
1421 3221 1664 3276 exercitu
1721 3221 1894 3293 prima
1944 3222 2066 3279 luce

480 3316 680 3369 castris
740 3327 1017 3384 egressus,
1061 3315 1128 3367 ad
1158 3312 1348 3367 urbem
1411 3313 1638 3384 propius
1696 3315 1949 3371 accessit.
2001 3315 2065 3371 Ei

479 3405 647 3471 cives,
685 3404 890 3474 apertis
923 3404 1131 3473 absque
1176 3419 1328 3458 mora
1365 3406 1560 3474 portis,
1590 3405 1924 3463 deditionem
1976 3406 2058 3463 fe~

478 3512 600 3551 cere
637 3513 653 3552 :
685 3495 1060 3551 Mahumetani
1110 3497 1304 3554 calculi
1359 3513 1501 3553 anno
1544 3498 1638 3552 76l
1689 3497 2059 3570 (Citr.i360).

553 3586 940 3659 iladrianopoli
976 3599 1153 3659 capta,
1184 3588 1421 3645 Murates
1465 3590 1746 3656 Scacbini,
1774 3593 2059 3661 copiarum

479 3692 633 3753 parte
665 3683 888 3750 tradita,
921 3682 1174 3754 permisit
1222 3694 1279 3735 ut
1305 3698 1526 3738 omnem
1556 3682 1779 3753 Zagora:
1810 3683 2063 3741 Pbilibze-

480 3790 587 3843 que
619 3774 873 3828 viciniam
899 3773 1344 3843 depopularetur,
1371 3784 1425 3829 et
1448 3775 1571 3845 igne
1603 3776 1833 3831 deleret.
1874 3774 2064 3848 Itaque

481 3864 769 3920 Scachinis
796 3865 999 3919 milites
1029 3879 1096 3917 eo
1129 3865 1383 3934 profecti,
1429 3865 1706 3935 regionem
1742 3867 2059 3923 univerSam

478 3958 676 4027 praedis
723 3957 948 4025 agendis
979 3966 1217 4025 vastant,
1263 3966 1318 4012 et
1345 3956 1557 4013 incolas
1586 3959 1835 4029 captivos
1874 3975 2061 4016 secum

479 4051 728 4121 abigunt.
758 4049 947 4104 itidem
981 4049 1219 4105 Murates
1259 4051 1523 4105 Eurenosi
1566 4052 1703 4123 bego
1735 4060 2062 4122 potestatem

477 4148 628 4210 fecit,
653 4160 813 4214 agros
842 4144 1054 4213 Ypsalae
1100 4145 1356 4198 vexandi.
1399 4143 1515 4199 lloe
1576 4146 1740 4200 modo
1771 4146 1889 4204 suis
1923 4148 2061 4202 utri-

479 4256 583 4310 que
606 4238 857 4309 partihus
889 4238 1205 4308 assignatis,
1237 4238 1402 4308 316
1449 4238 1662 4308 imperii
1698 4240 1834 4295 tines
1876 4241 2064 4295 ambo-

484 4348 602 4386 rum
628 4346 789 4402 opera
822 4331 974 4385 fuere
992 4331 1272 4401 prolalaii.
1298 4331 1459 4386 Gesta
1492 4341 1621 4387 sunt
1649 4332 1765 4386 haec
1784 4348 1929 4388 anno
1954 4333 2061 4388 762

2167 3124 2272 3191 los,
2311 3125 2392 3179 vel
2425 3124 2603 3179 tribus
2631 3124 2791 3181 annis
2821 3141 2836 3180 :
2864 3125 2981 3197 jam
3012 3125 3081 3182 ad
3109 3125 3324 3182 labores
3347 3126 3740 3190 condocefacti,

2165 3220 2472 3290 linguaeque
2497 3217 2741 3275 Turcicaa
2762 3219 2948 3291 periti,
2978 3223 3045 3276 ad
3071 3219 3292 3276 Portam
3320 3222 3740 3288 reducebantur,

2165 3309 2563 3366 Genizarorum
2618 3311 2909 3369 ordinibus
2948 3312 3280 3370 ascribendi.
3320 3312 3576 3392 Genizari
3616 3332 3743 3371 vero

2165 3401 2368 3457 sultani
2402 3402 2710 3459 Turcorum
2745 3403 3058 3475 sclopetarii
3099 3415 3250 3473 sunt,
3283 3418 3339 3462 et
3370 3407 3497 3464 inde
3538 3409 3609 3464 ab
3637 3409 3743 3463 illis

2165 3511 2340 3566 usque
2366 3496 2704 3567 temporibus
2737 3512 2939 3553 nomen
2977 3498 3084 3554 hoc
3109 3497 3511 3555 Genizarorum
3562 3502 3743 3573 adepti

2167 3586 2425 3642 retinent.
2470 3586 2783 3642 Secundum
2823 3588 2939 3644 haec
2987 3587 3219 3646 Prusam
3271 3592 3446 3648 Gases
3508 3592 3745 3648 Murates

2162 3678 2313 3734 Cban
2355 3694 2608 3735 reversus
2662 3686 2769 3745 est,
2812 3680 3111 3736 substituto
3139 3682 3241 3736 sibi
3297 3697 3586 3738 teconomo
3617 3701 3740 3750 suo,

2165 3770 2293 3825 Lala
2327 3770 2618 3839 Scacbine,
2656 3773 2750 3843 qui
2806 3772 2958 3829 vices
2988 3776 3237 3832 absentis
3274 3775 3329 3830 in
3359 3776 3628 3833 Romania
3663 3778 3746 3833 vel

2164 3863 2367 3919 Graecia
2399 3878 2611 3936 gereret
2654 3882 2668 3919 :
2702 3875 2931 3921 caeteras
2979 3882 3109 3922 vero
3139 3868 3475 3938 provincias,
3501 3870 3748 3940 imperii-

2163 3958 2524 4027 quelimites,
2561 3958 2827 4014 Eurenosi
2885 3960 3022 4031 bego
3076 3962 3503 4019 commendavit.
3554 3963 3744 4035 Neque

2166 4051 2335 4104 multo
2374 4060 2514 4120 post,
2539 4050 2850 4120 Gallipolim
2895 4052 3075 4109 denuo
3127 4069 3249 4109 sese
3289 4057 3543 4123 contulit,
3577 4064 3740 4127 atque

2166 4143 2236 4198 ibi
2272 4142 2630 4199 Zenderluem
2665 4144 2955 4213 Cbelilem,
2987 4145 3260 4202 hactenus
3310 4148 3491 4203 oliicio
3527 4149 3745 4204 Cadile—

2162 4235 2341 4289 scheri
2374 4233 2642 4302 functum,
2665 4236 2732 4290 ad
2757 4236 2937 4292 bassaz
2958 4251 3022 4292 ac
3053 4238 3251 4293 veziris
3271 4238 3590 4310 dignitatem
3623 4256 3745 4296 eve-

2165 4330 2259 4381 xit.
2292 4329 2342 4383 is
2367 4338 2562 4385 auctus
2596 4330 2701 4387 hoc
2738 4329 2971 4396 honore,
3000 4331 3343 4389 Cheradines
3370 4334 3534 4392 bassa
3587 4335 3745 4392 dein-

479 4442 588 4496 qno
630 4424 849 4495 quidem
882 4440 1027 4478 anno
1062 4425 1246 4478 lumen
1278 4424 1412 4479 solis
1452 4439 1628 4494 usque
1658 4425 1799 4480 adeo
1829 4426 2051 4493 defecit,
2089 4436 2133 4491 υ
2161 4435 2289 4487 ccps
2318 4422 2625 4490 appellatus
2656 4422 2779 4479 fuit.
2817 4422 3059 4480 Murates
3081 4434 3298 4493 autem,
3334 4428 3523 4483 relicta
3578 4428 3749 4483 Galli-

476 4528 538 4571 nt
567 4520 727 4572 etiam
774 4515 1011 4569 interdiu
1055 4516 1227 4570 stellae
1258 4515 1380 4569 coeli
1404 4515 1874 4584 conspicerentur.

549 4612 678 4663 Erat
708 4610 757 4662 id
792 4610 1052 4679 temporis
1113 4608 1332 4676 quidam
1383 4606 1738 4665 Talismanus
1764 4609 2057 4673 'l'urcicus,

478 4700 614 4753 Cura
656 4701 969 4764 Rustemes,
994 4701 1086 4766 qui
1113 4701 1179 4752 ad
1205 4699 1511 4753 exercitum
1549 4715 1579 4753 e
1604 4698 1931 4755 Caramania
1968 4717 2059 4757 ve-

481 4800 655 4845 nerat.
691 4791 738 4845 Is
765 4806 888 4845 cum
928 4800 1133 4843 tantam
1183 4799 1238 4843 et
1268 4790 1462 4861 primit!)
1491 4791 1824 4846 Christianis
1859 4803 2058 4861 ereptae

477 4886 712 4954 rapiam,
737 4892 789 4937 et
815 4884 1158 4953 captivorum
1206 4882 1618 4937 multitudinem
1662 4884 1714 4937 in
1763 4898 1943 4940 castra
1980 4887 2056 4951 νὶ-

476 4980 629 5031 deret
659 4974 856 5031 adduci
890 4992 904 5029 :
940 4986 1212 5029 convento
1264 4976 1678 5039 Cadilesehero,
1728 4992 1828 5031 cur
1889 4978 2053 5032 talem

476 5083 796 5138 tantumque
857 5070 1199 5135 thesaurum,
1236 5070 1579 5137 magistratui
1616 5085 1875 5140 supremo
1907 5072 2055 5127 debi—

476 5176 618 5229 tum,
642 5160 848 5217 auferri
884 5170 1089 5215 temere
1115 5159 1339 5225 sineret,
1365 5161 1583 5229 quaerit.
1608 5162 1699 5221 ,Ad
1719 5178 1780 5217 ea
1815 5161 2053 5218 Zender-

477 5261 598 5313 lues
619 5258 854 5313 Cbeliles
877 5255 1298 5310 Cadlescberus
1336 5271 1348 5309 :
1384 5254 1520 5321 Quis
1547 5258 1763 5310 tandem
1800 5257 1889 5311 ille
1932 5258 2056 5312 the-

478 5365 675 5407 saurus
695 5360 804 5412 est,
840 5348 937 5415 ait,
976 5363 1136 5417 quem
1192 5356 1248 5400 tu
1285 5348 1500 5417 quidem
1540 5349 1605 5402 ad
1670 5350 2052 5419 magistratum

479 5444 771 5512 pertinere,
803 5443 899 5497 sed
940 5442 1092 5496 nullo
1122 5458 1247 5497 cum
1274 5444 1455 5496 fructu
1488 5445 1692 5514 perire,
1727 5458 1794 5497 ac
1838 5444 2053 5514 prodigi

482 5536 696 5592 refers?
739 5534 832 5587 Dei
865 5532 1184 5586 mandatum
1209 5543 1315 5596 est,
1352 5531 1525 5601 inquit
1561 5532 1698 5586 Cara
1738 5530 2049 5602 Rustemes,

482 5638 539 5683 ut
560 5628 828 5687 omnium,
855 5641 977 5697 quae
998 5626 1063 5679 de
1093 5624 1420 5679 Christianis
1440 5635 1620 5694 rapta,
1642 5632 1795 5693 rapta
1825 5623 2053 5695 fuerint,

482 5724 597 5776 sive
648 5738 711 5775 ιιλΔ
740 5719 1064 5787 .iripiuruui,
1103 5722 1216 5772 sive
1270 5720 1613 5783 animalium,
1647 5719 2046 5789 sichuarum-

2166 4512 2300 4579 poli,
2342 4530 2452 4582 quo
2477 4523 2704 4570 venerat
2763 4517 2978 4584 itinere,
3012 4519 3221 4590 Bagam
3274 4521 3589 4591 profectus;
3621 4523 3746 4577 inde

2164 4604 2388 4659 Prusam
2422 4606 2600 4672 rediit,
2662 4618 2825 4678 atque
2876 4610 2952 4665 ibi
3004 4627 3064 4667 se
3109 4612 3165 4666 in
3211 4613 3439 4668 hiberna
3488 4615 3742 4669 contulit.

2163 4696 2241 4751 Ex
2264 4698 2434 4753 altera
2465 4710 2621 4768 parte
2646 4700 2793 4768 freti,
2831 4704 2994 4772 regia:
3020 4704 3249 4761 Muratis
3266 4720 3587 4763 meonomus
3609 4709 3745 4764 Sca-

2162 4778 2353 4848 cbii'ies
2394 4790 2660 4864 Zagoram
2709 4805 2763 4849 et
2836 4796 3155 4855 Ischebolen
3210 4801 3545 4872 subiugavit,
3598 4820 3746 4859 anno

2165 4883 2265 4938 766
2290 4886 2442 4955 (Chr.
2484 4886 2668 4957 i565).
2695 4890 2907 4955 Quibus
2938 4893 3240 4960 occupatis,
3288 4910 3480 4950 rumor
3527 4896 3596 4950 ad
3627 4896 3742 4951 biu-

2161 4989 2329 5031 ratem
2362 4979 2602 5048 perlatus
2631 4993 2737 5048 est,
2776 4984 2946 5054 eique
2991 4985 3389 5055 significatum,
3446 4989 3501 5043 in
3552 4990 3740 5046 Serv-ia

2160 5068 2594 5127 Christianorum
2626 5075 2692 5129 ad
2725 5076 3130 5148 quinquaginta
3186 5080 3358 5135 millia
3394 5082 3646 5150 collecta,
3671 5086 3738 5137 de

2161 5160 2547 5236 iladrianopoli
2603 5167 2854 5223 adeunda
2899 5172 3170 5241 cogitare.
3218 5172 3392 5244 Cujus
3422 5178 3499 5231 rei
3540 5180 3734 5232 nuntio

2160 5267 2407 5326 accepto,
2443 5276 2641 5329 magna
2688 5264 2977 5319 celeritate
3026 5265 3093 5319 ad
3142 5266 3243 5322 iter
3272 5282 3333 5322 se
3359 5282 3659 5340 comparat,
3690 5282 3743 5327 et

2159 5350 2465 5422 Callipolim
2500 5358 2802 5412 contendit.
2842 5356 2942 5412 Vix
2978 5362 3045 5414 ad
3078 5362 3253 5427 littus,
3291 5364 3341 5416 in
3376 5363 3649 5435 EurOpam
3674 5382 3741 5418 ex

2157 5446 2285 5501 Asia
2331 5448 2754 5518 transjecturus,
2784 5465 3117 5521 accesserat,
3143 5472 3267 5511 cum
3295 5456 3470 5513 Servii
3496 5460 3609 5529 jam
3645 5459 3745 5514 lla-

2157 5539 2463 5610 drianupoli
2489 5556 2554 5594 ex
2592 5545 2905 5613 propinquo
2937 5546 3312 5615 imminerent,
3338 5566 3405 5604 eo
3422 5562 3600 5606 castra
3629 5555 3747 5607 loco

2156 5633 2368 5698 metari,
2404 5634 2497 5702 qui
2546 5633 2602 5686 in
2642 5636 2785 5690 hunc
2817 5651 2990 5708 usque
3046 5640 3189 5695 diem
3226 5656 3254 5696 a
3290 5641 3605 5699 Seniorum
3634 5645 3746 5701 sive

2161 5725 2478 5779 [lasciornm
2516 5726 2671 5781 clade
2734 5743 2934 5785 nomen
2978 5733 3212 5798 accepit.
3264 5734 3473 5791 Interea
3519 5736 3763 5791 δςειιιιὶ-Δ

2960 5950 2975 5975 κ
