4026 6204
264 256 382 318 539

1524 254 1872 315 ANNALES
1919 252 2253 315 TURCICI.

2522 198 2551 211 θ

3402 247 3504 309 530

264 384 394 431 nes.
434 368 581 421 nulla
613 367 774 421 rebus
818 365 1041 436 agendis
1094 365 1409 435 itthI‘POSIia
1464 379 1635 430 mora,
1675 378 1835 417 noctu
1869 371 1911 422 Α
1939 368 2043 431 tis,
2090 383 2211 420 cum
2274 362 2555 432 mancipiis
2607 361 2955 422 Christianis,
3006 369 3057 413 et
3109 360 3256 413 omni
3306 367 3505 428 prteda.

264 476 370 529 per
411 458 643 513 insidias
674 458 725 510 in
776 458 987 511 hostem
1034 456 1296 526 erumpit.
1350 450 1429 510 Illi
1472 456 1641 511 multo
1688 470 1838 510 mero

266 551 505 614 madidi,
552 550 757 619 passim
799 564 894 617 per
947 558 1146 613 castra,
1180 564 1373 618 magna
1404 564 1527 603 cum
1575 549 1838 603 vocifera-

267 644 441 708 tione,
462 642 673 696 Turcus
694 643 886 695 adesse
913 642 1227 705 clamitant;
1253 656 1488 710 cumque
1512 657 1621 709 pra:
1668 652 1839 694 temu—

268 735 463 797 leniia,
494 744 601 788 tam
638 732 894 802 praesenti
944 748 1126 786 rerum
1164 732 1510 797 discrimine,
1542 733 1669 799 quid
1708 748 1831 800 age-

271 835 421 887 rent,
445 828 759 893 ignorarent
790 843 804 880 :
829 840 923 893 per
944 824 1118 879 noctis
1145 824 1431 894 caliginem
1453 824 1585 877 alter
1607 823 1837 877 alterum

268 915 338 966 ad
366 912 542 967 lucem
576 927 749 980 usque
773 920 1038 965 mactant.
1063 910 1198 980 Equi
1235 912 1393 965 etiam
1420 911 1550 964 tanti
1574 910 1840 964 tumultus

268 1020 441 1058 causa
464 1020 667 1074 pavore
684 1004 1037 1068 consternati,
1058 1003 1301 1073 abruptis
1341 1002 1474 1057 loris
1495 1013 1548 1056 et
1564 1004 1835 1071 capistris.

271 1097 345 1150 ail
375 1112 566 1150 necem
604 1111 772 1163 usque
800 1095 901 1149 sibi
931 1106 1121 1150 mutuo
1142 1096 1319 1150 calces
1346 1097 1706 1166 impegerunt.
1740 1095 1837 1150 libi

270 1188 517 1256 denique
546 1189 657 1256 jam
679 1188 960 1251 illuxisset,
998 1187 1196 1242 fmdam
1228 1190 1282 1242 iu
1315 1188 1493 1258 fugam
1526 1188 1723 1251 Servii,
1745 1204 1843 1242 ne-

273 1280 429 1332 mine
477 1289 850 1347 persequente,
880 1294 939 1333 se
961 1281 1331 1347 coniecerunt.
1380 1277 1453 1333 Ibi
1490 1288 1603 1332 tum
1656 1277 1840 1332 hostili

273 1371 421 1423 vallo
450 1379 728 1437 superato,
760 1367 927 1423 Turci
956 1377 1159 1435 castra,
1180 1368 1397 1423 nemine
1424 1369 1732 1431 resistente,
1751 1384 1844 1423 ca-

272 1466 433 1531 piunt
457 1472 625 1529 atque
675 1459 955 1529 diripiunt,
990 1469 1043 1514 et
1093 1460 1288 1529 amplis
1321 1460 1476 1514 dilati
1508 1460 1716 1529 spoliis,
1739 1458 1843 1512 Ha-

270 1550 637 1618 drianOpolim
706 1558 1075 1602 revertuntur.
1120 1544 1439 1603 ‘Scacbiucs
1492 1533 1685 1601 llltirati
1727 1562 1842 1602 ma-

273 1656 440 1710 gnum
473 1638 816 1707 captivorum
849 1651 1162 1701 numerum,
1188 1651 1314 1690 cum
1344 1652 1449 1690 non
1485 1638 1672 1706 paucis
1695 1639 1842 1708 capi-

274 1733 422 1785 tibus
468 1732 947 1799 interemptorum,
1002 1729 1198 1783 misit:
1262 1729 1461 1797 quibus
1512 1732 1840 1801 conspectis,

277 1823 475 1877 itinere
517 1834 784 1875 converso
836 1818 1065 1873 Prusam
1099 1819 1335 1889 repetiit.
1361 1818 1487 1874 Haec
1539 1830 1693 1891 gesta
1728 1820 1846 1875 fue-

282 1922 412 1967 innt
436 1927 578 1966 anno
600 1910 833 1966 Turcico
862 1909 963 1964 767
1011 1909 1160 1979 (Chr.
1197 1909 1377 1979 1566).
1410 1911 1527 1976 Quo
1554 1926 1696 1966 anno
1725 1911 1846 1965 Mu-

281 2014 430 2058 rates
472 2003 616 2057 Chan
650 2002 789 2057 ﬁlios
823 2017 969 2063 suos,
1009 2000 1435 2071 Bajazitem,qui
1470 2001 1727 2057 Gildcrun
1758 2019 1848 2059 co-

285 2093 631 2164 gnominatus
670 2094 792 2158 fuit,
814 2102 869 2147 et
926 2091 1187 2161 Jacupem
1236 2091 1497 2161 Zelebim,
1530 2095 1845 2153 circumcidi

283 2187 478 2250 voluit,
502 2200 687 2254 magna
718 2184 1062 2240 solemnitate
1099 2184 1364 2241 adhibita.
1409 2183 1681 2258 Belezuga:
1712 2204 1849 2258 prae-

277 2290 450 2342 terea,
505 2275 649 2345 quod
705 2276 959 2345 Oppidum
1017 2286 1100 2331 est
1155 2278 1436 2345 Anatoliat,
1468 2293 1845 2350 sumptuosum

277 2371 565 2439 templum,
590 2370 863 2423 messitam
889 2368 1049 2426 Turci
1079 2371 1491 2436 vocant,eodem
1520 2387 1688 2439 anno,
1720 2390 1843 2428 cum

285 2463 467 2517 schola
510 2474 564 2517 et
595 2478 823 2528 xenoue,
853 2464 1179 2518 construxit.
1229 2463 1495 2535 Principis
1520 2465 1686 2521 etiam
1716 2466 1849 2535 Ger-

294 2554 445 2607 miani
481 2554 607 2608 fili-.2
657 2557 871 2622 nuptias
918 2553 1140 2623 Bajaziti
1176 2531 1453 2611 Gilderuni
1515 2558 1626 2613 filio
1666 2531 1847 2613 conci-

290 2645 455 2709 Iiavit,
493 2645 794 2701 celebratas
820 2659 1015 2715 pompa
1040 2648 1600 2717 magniﬁcentissima.
1642 2650 1848 2704 Secun-

287 2739 411 2793 dum
450 2738 567 2792 hac
594 2736 647 2791 in
683 2737 953 2805 regionem
982 2735 1260 2793 Hemidatn
1288 2755 1411 2794 cum
1443 2742 1683 2796 exercitu
1717 2757 1845 2809 pro-

281 2829 603 2895 fectus,eam
636 2828 940 2896 occupavit.
970 2828 1098 2883 Inde
1126 2844 1468 2900 progressus,
1501 2834 1845 2902 Aspropolim

282 2920 397 2974 sive
449 2920 639 2973 Alliam
698 2918 975 2984 Anatoliw,
1034 2934 1199 2989 quam
1266 2937 1412 2977 nunc
1457 2924 1845 2980 Aescheherim

284 3008 895 3080 vocant,etCutabigen
939 3010 1278 3081 metropolim
1323 3014 1845 3083 provinciaa,etHie-
1874 3048 1917 3107 ο

287 3106 533 3174 rapolim,
558 3120 678 3175 qua!
702 3103 1129 3164 Seidischeheris
1192 3108 1411 3177 dicitur,
1450 3120 1504 3167 et
1557 3110 1838 3171 Geluazen

284 3197 809 3269 317imperiosuo
837 3199 1093 3270 subjecit,
1149 3216 1290 3257 anno
1337 3202 1609 3274 784(Chr.
1663 3207 1844 3278 1585).

285 3292 462 3358 Atque
524 3292 609 3344 bis
632 3293 794 3347 rebus
840 3292 1027 3361 gestis,
1060 3292 1375 3364 relictisque
1402 3295 1540 3351 locis
1571 3299 1661 3364 iis,
1693 3310 1847 3353 trans

283 3386 485 3435 fretum
504 3381 809 3452 Callipolim
834 3400 892 3439 se
922 3384 1150 3440 centulit
1174 3405 1187 3440 :
1225 3386 1618 3458 ingressusque
1639 3387 1845 3444 Roma-

285 3476 462 3539 niam,
483 3475 760 3530 obsidione
781 3477 1143 3548 Magalgaram
1168 3478 1359 3543 cinxit,
1379 3491 1432 3534 et
1447 3480 1501 3534 in
1520 3489 1846 3550 potestatem

290 3566 443 3619 brevi
493 3565 714 3635 redegit.
769 3567 848 3623 Eo
898 3568 1017 3622 loco
1068 3570 1229 3639 reglaz
1278 3568 1504 3627 Muratis
1529 3586 1849 3629 teconomus

287 3656 418 3711 Lata
456 3657 773 3724 Scachines,
802 3670 856 3714 et
878 3658 1189 3717 Eurenoses
1212 3662 1404 3732 begus,
1435 3664 1706 3719 universis
1722 3680 1847 3719 cum

284 3751 484 3819 copiis,
519 3752 721 3821 quibus
756 3755 810 3807 in
862 3751 1129 3808 Romania
1165 3765 1455 3825 praeerant,
1493 3758 1560 3812 ad
1583 3757 1847 3813 Muratem

287 3854 679 3898 accesserunt:
739 3853 793 3899 ct
850 3845 1159 3914 conjunctis
1212 3848 1565 3912 exercitibus,
1599 3849 1665 3901 ad
1702 3849 1851 3904 obsi-

284 3936 518 3987 dendam
576 3932 845 4003 Bolinam,
877 3936 1055 3989 locum
1114 3938 1408 4004 munitum,
1442 3938 1669 4008 profecti
1698 3950 1849 3993 sunt.

282 4025 566 4094 Quotquot
600 4034 760 4079 erant
780 4042 842 4081 ea
871 4026 1092 4097 regione
1121 4027 1420 4084 Christiani
1444 4070 1458 4095 ,
1491 4044 1680 4084 omnes
1710 4030 1763 4083 in
1786 4029 1851 4085 il-

285 4118 398 4171 Iam
430 4118 578 4170 velut
605 4133 781 4170 arcem
812 4133 933 4173 sese
994 4128 1334 4189 receperant.
1359 4119 1545 4189 Itaque
1580 4136 1701 4174 cum
1735 4119 1853 4174 Mu-

286 4220 438 4265 rates
495 4209 660 4263 tantis
693 4225 816 4263 cum
847 4210 1019 4280 copiis
1054 4223 1105 4266 et
1152 4202 1419 4281 apparatu
1447 4212 1733 4267 obsidione
1765 4214 1852 4267 iu-

291 4302 515 4366 choata,
545 4302 861 4373 magnisque
880 4303 1156 4358 laboribus
1184 4316 1238 4359 et
1284 4304 1548 4360 molestiis
1609 4305 1853 4360 exantla—

291 4396 386 4461 tis,
418 4410 527 4449 non
558 4396 721 4464 potiri
748 4410 807 4449 se
837 4396 1035 4464 oppido
1068 4411 1231 4464 posse
1259 4397 1466 4451 videret
1491 4413 1506 4451 :
1536 4398 1727 4453 intimo
1754 4399 1854 4453 do-

289 4494 414 4545 lore
435 4488 604 4543 animi
630 4498 953 4548 commotus,
983 4488 1263 4558 ingemuit,
1299 4498 1351 4542 et
1373 4489 1656 4545 obsidione
1670 4491 1849 4545 soluta

288 4582 585 4639 discedens
616 4596 632 4635 :
662 4580 876 4635 Evertat
900 4592 952 4635 te
973 4579 1132 4645 Deus,
1160 4582 1354 4652 inquit.
1386 4583 1517 4639 Erat
1545 4586 1687 4639 haud
1713 4600 1837 4655 pro.

288 4674 385 4729 cul
422 4671 547 4726 inde
578 4670 692 4725 tilia
721 4672 966 4741 quadam
999 4671 1386 4740 pulcherrima,
1421 4688 1582 4742 quam
1614 4673 1848 4727 Felicem

292 4762 454 4830 vulgo
512 4759 798 4824 vocabant,
853 4758 1124 4830 hodieque
1175 4762 1518 4815 sermonibus
1567 4763 1847 4815 bontinum

292 4851 546 4907 celebris.
564 4851 645 4904 Ad
673 4866 790 4905 eam
809 4866 931 4905 cum
959 4852 1310 4921 pervenisset,
1329 4854 1523 4908 castris
1553 4854 1727 4908 locum
1759 4856 1852 4907 dc-

293 4944 446 5013 legit.
485 4942 702 4997 Interim
727 4943 842 5013 ipse
859 4944 1145 5012 quemdam
1186 4948 1253 4996 ad
1284 4943 1488 5000 fontem
1532 4960 1653 5000 sese
1690 4946 1850 5000 recli-

290 5048 701 5102 naus,mtestus
718 5033 983 5091 consedit.
1036 5036 1149 5091 Non
1187 5052 1382 5108 magno
1402 5038 1854 5108 temporiselapso

293 5133 497 5198 spatio,
526 5127 775 5181 nuntium
803 5128 1035 5195 accepit,
1067 5128 1212 5181 latus
1243 5134 1473 5182 alterum
1504 5128 1849 5195 munitionis,

292 5224 441 5277 :noie
492 5236 591 5275 sua
647 5228 948 5288 gravatum,
997 5221 1288 5273 corruisse.
1322 5221 1437 5285 Qua
1468 5235 1525 5274 re
1556 5222 1851 5284 intellecta,

293 5331 424 5369 mox
452 5313 638 5367 Lalam
666 5313 983 5366 Scachinem
1014 5313 1262 5380 ablegat:
1292 5314 1380 5380 qui
1411 5312 1664 5381 opinione
1694 5315 1856 5367 citius

294 5408 363 5461 ad
423 5407 680 5473 Oppidum
735 5403 1055 5465 convolans,
1118 5419 1182 5455 eo
1235 5404 1476 5472 potitur,
1527 5405 1856 5457 Christianis

293 5498 556 5551 omnibus
611 5496 806 5564 captis,
838 5506 892 5546 et
944 5494 1155 5562 magnis
1203 5495 1433 5548 inventis
1464 5496 1678 5563 opibus.
1715 5495 1860 5549 Inter

297 5595 407 5645 aha
436 5591 633 5658 reperti
670 5607 697 5640 a
723 5587 918 5641 Turcis
942 5588 1094 5640 aurei
1126 5588 1294 5640 catini
1327 5600 1489 5657 atque
1522 5588 1740 5653 calices,
1761 5590 1854 5657 qui

297 5688 579 5742 cassidum
616 5688 843 5737 fortnam
878 5682 1205 5738 referebant.
1236 5682 1383 5743 lisiu
1418 5684 1592 5753 capita
1638 5684 1858 5753 imposi-

1943 459 2121 512 corain
2152 456 2359 509 Murate
2384 464 2825 524 comparucrunt.
2854 452 2922 506 Et
2952 450 3172 519 quidem
3212 450 3263 505 id
3294 462 3504 521 tenipo-

1944 550 2017 602 ris
2068 548 2211 617 apud
2268 546 2474 601 Tui-cos
2546 546 2687 613 cepit
2737 544 2827 597 ille
2876 558 2996 596 mos
3026 542 3270 611 gestandi
3308 559 3507 597 aureos

1941 640 2203 706 ejusmodi
2257 640 2451 708 pileos,
2486 638 2580 706 qui
2608 638 2749 706 apud
2796 635 2918 689 illos
2946 632 3181 689 Usculite
3230 635 3502 689 dicuntur.

1944 732 2139 805 Murali
2209 747 2335 785 vero
2386 730 2557 785 Cltani
2618 729 2863 783 collibuit
2904 744 3023 781 eam
3074 728 3246 780 tiliam
3300 728 3506 782 honore

1943 823 2180 891 quodam
2214 824 2449 888 allicere,
2478 833 2643 891 atque
2665 822 2811 875 illam
2841 822 2911 875 ob
2958 836 3179 876 causam
3223 833 3377 875 vetus
3408 819 3510 876 Fe-

1944 914 2064 967 licis
2097 914 2226 968 tilia:
2253 930 2451 968 nomen
2502 913 2843 983 approbavit.
2874 921 2925 968 et
2947 913 3012 966 ad
3049 921 3299 982 posteros
3327 923 3506 967 ratum

1945 1019 2065 1059 esse
2088 1004 2279 1058 voluit.
2308 1002 2438 1059 Inde
2464 1002 2804 1058 Christianos
2836 1002 3044 1057 incolas
3068 1004 3377 1065 universos,
3409 1004 3501 1070 qui

1946 1097 2086 1166 capti
2119 1096 2363 1160 fuerant,
2391 1096 2772 1164 cujuscunque
2807 1093 3059 1157 fortunae,
3103 1104 3507 1149 sacramentum

1946 1187 2056 1243 sibi
2087 1187 2270 1241 dicere
2301 1187 2467 1254 jussit
2488 1206 2501 1241 :
2522 1198 2577 1241 et
2610 1202 2730 1241 cum
2762 1185 2950 1241 liberis
2989 1200 3151 1252 atque
3184 1186 3509 1256 conjugibus

1946 1282 2166 1336 domum
2201 1280 2433 1334 remisit.
2465 1278 2661 1333 Castro
2709 1277 2926 1346 quidem
2964 1277 3063 1346 ipsi
3097 1291 3293 1330 nomen
3322 1277 3374 1330 in
3409 1277 3508 1330 ho-

1946 1370 2196 1426 diernum
2258 1384 2425 1439 usque
2460 1368 2600 1423 diem
2657 1368 2836 1432 durat,
2880 1367 2947 1420 ab
3000 1368 3284 1422 eversione
3306 1367 3505 1421 divina.

1947 1462 2182 1516 Murates
2204 1461 2330 1515 hinc
2347 1462 2674 1530 repetiturus
2699 1458 3170 1527 Hadrianopolim,
3194 1457 3510 1513 Cliairedini

1944 1555 2140 1616 bassae,
2174 1568 2239 1608 ac
2272 1552 2538 1608 Eurenosi
2596 1551 2730 1621 bego
2761 1551 2812 1604 id
2844 1550 3045 1619 negotii
3070 1550 3238 1615 dedit,
3272 1561 3353 1615 ut,
3381 1564 3513 1619 pro«

1950 1646 2125 1716 gressi
2160 1644 2413 1708 ulterius,
2446 1658 2660 1699 omnem
2697 1643 2844 1697 illam
2871 1642 3204 1712 provinciam
3236 1641 3341 1696 sibi
3378 1641 3513 1696 sub-

1950 1738 2160 1792 derent.
2227 1736 2293 1791 Et
2332 1736 2640 1791 Eurenoses
2682 1734 2902 1804 quidem
2950 1735 3120 1804 begus
3165 1737 3408 1787 animum
3445 1733 3514 1788 ad

1951 1828 2312 1883 invadendum
2354 1826 2694 1882 Gumulzina:
2752 1842 2940 1897 agrum
3004 1828 3218 1897 adjecit.
3288 1826 3513 1881 Marolia

1949 1923 2232 1979 confestim
2261 1924 2309 1977 ei
2340 1938 2400 1978 se
2431 1921 2662 1976 dedidit.
2693 1920 2826 1975 Erat
2858 1922 2997 1976 inter
3017 1922 3151 1976 alios
3184 1921 3411 1976 Ifnratis
3436 1921 3515 1975 fa-

1950 2016 2113 2070 milia:
2138 2015 2420 2071 ministros
2446 2014 2797 2084 quidam,cui
2822 2028 3018 2069 nomen
3049 2014 3211 2069 Delus
3240 2013 3506 2068 Beluban.

1948 2110 2011 2163 Ei
2035 2108 2407 2180 sangiacatum
2437 2108 2491 2162 in
2512 2107 2775 2163 limitibus
2807 2106 3101 2171 commisit,
3128 2117 3186 2160 ut
3206 2105 3398 2161 Serras
3415 2122 3514 2176 ope

1949 2202 2135 2270 pidum
2188 2200 2331 2255 bello
2381 2210 2620 2257 vexaret.
2671 2197 2808 2253 Cum
2848 2208 3027 2253 autem
3054 2214 3188 2254 suas
3208 2199 3298 2252 ille
3327 2200 3514 2267 capias

1949 2294 2091 2349 istuc
2152 2292 2491 2354 adduxisset,
2532 2290 2849 2354 Christiani,
2881 2291 3049 2357 portis
3072 2290 3331 2355 occlusis,
3362 2290 3516 2344 dedi-

1953 2385 2157 2440 tionem
2218 2383 2397 2438 facere
2447 2391 2795 2437 recusarunt.
2831 2380 3041 2436 Interea
3071 2395 3226 2443 vero,
3261 2380 3387 2433 dum
3424 2381 3510 2433 his

1949 2474 2328 2548 oppugnandis
2354 2483 2497 2529 totus
2518 2482 2847 2542 occupatur:
2869 2468 2998 2526 Lala
3025 2471 3323 2526 Scacliines
3355 2472 3514 2541 oppi-

1948 2566 2017 2622 da
2036 2565 2337 2637 complura,
2352 2562 2627 2629 Cavalam,
2644 2564 2827 2628 Diren,
2847 2563 3022 2618 Sirum
3042 2564 3271 2631 imperio
3285 2561 3516 2615 Muratis

1948 2660 2221 2731 adjungit:
2264 2659 2496 2728 indeque
2547 2656 2810 2726 promotis
2837 2657 3056 2718 castris,
3085 2654 3434 2707 Monastirum
3459 2663 3513 2705 et

1948 2748 2650 2816 Selerucam,circumfusis
2675 2749 2957 2812 militibus,
2978 2757 3181 2810 tentat,
3215 2756 3268 2800 et
3295 2762 3510 2799 omnem
3555 2802 3565 2811 ,

1951 2860 2142 2916 agrum
2196 2844 2280 2899 his
2341 2841 2630 2895 finitimum
2696 2841 2903 2909 rapinis
2930 2850 2984 2893 et
3015 2839 3281 2893 incendiis
3311 2848 3508 2893 vastat.

1949 2933 2279 2990 Acciderunt
2314 2932 2425 2985 hac
2454 2946 2597 2986 anno
2639 2930 2740 2983 737
2799 2931 2949 2996 (Chr.
2976 2928 3163 3000 1586).

2028 3029 2086 3082 Id
2121 3027 2385 3098 temporis
2413 3024 2730 3094 Bagadatitu
2761 3023 3139 3079 Temirlaneus
3166 3022 3391 3086 invasit,
3420 3019 3510 3075 cui

1949 3128 2063 3175 tum
2093 3117 2356 3173 Sullanus
2414 3116 2707 3171 Achmetes
2755 3131 2878 3169 cuiu
2915 3114 3146 3183 imperio
3173 3122 3428 3181 pra-erat.
3464 3111 3513 3165 Is

1948 3227 2060 3284 pra:
2118 3210 2412 3266 formidine
2462 3210 2762 3275 Alcairum,
2788 3207 2855 3261 ad
2885 3208 3160 3261 sultanum
3193 3204 3513 3271 Burcuccm,

1948 3303 2206 3375 profugit,
2247 3317 2390 3357 anno
2416 3301 2517 3355 788
2551 3301 2701 3371 (Chr.
2728 3299 2910 3366 I387).

2020 3394 2291 3466 Babylone
2316 3393 2501 3448 Temir
2529 3392 2679 3447 Ctian
2714 3390 2881 3444 movit
2904 3390 2955 3442 in
2987 3389 3257 3457 regionem
3286 3388 3514 3441 Desteu-

1949 3503 2091 3555 sem,
2126 3486 2219 3542 ubi
2266 3500 2388 3541 cum
2437 3480 2725 3539 chhmico
2774 3481 2960 3537 Chaue
2992 3481 3179 3550 praelio
3226 3479 3513 3535 conﬂixit:

1948 3594 2013 3633 ac
2039 3577 2266 3632 victoria
2295 3575 2517 3646 potitus,
2545 3574 2689 3628 ferro
2714 3582 2772 3628 et
2807 3572 2914 3640 igni
2936 3573 3206 3638 regionem
3231 3571 3374 3625 illam
3398 3586 3517 3624 om~

1954 3688 2074 3727 nem
2103 3670 2463 3742 depopulatus
2521 3676 2623 3733 est,
2655 3681 2802 3721 anno
2860 3664 2955 3720 79l
2993 3664 3144 3733 (Chr.
3196 3665 3373 3734 1590).

2020 3765 2223 3821 Eodem
2241 3776 2485 3834 tempore
2506 3762 2649 3832 cepit
2672 3761 2839 3817 Gases
2868 3758 3104 3813 Murates
3133 3757 3285 3813 Cban
3313 3757 3516 3811 bellum

1951 3876 2071 3915 cum
2122 3858 2327 3912 Lazaro
2378 3866 2582 3925 gerere;
2643 3851 2849 3921 Quippe
2888 3851 3153 3915 Lazarus,
3196 3851 3512 3919 praepotenti

1950 3960 2138 4005 coacto
2158 3946 2421 4005 exercitu.
2450 3952 2504 3996 et
2526 3944 2639 4014 jam
2670 3942 2724 3994 in
2761 3940 2984 3995 Cosovze
3014 3952 3234 4007 campos
3252 3951 3372 3990 cum
3398 3936 3514 3989 suis

1952 4049 2270 4106 progressus
2295 4071 2312 4098 ,
2360 4031 2557 4085 blurati
2596 4028 3100 4099 perinternuntium
3140 4026 3513 4096 dicijussit,in

1953 4128 2125 4181 aciem
2162 4125 2320 4178 modo
2344 4123 2585 4193 prodiret
2612 4139 2625 4174 :
2668 4121 3043 4191 appariturum
3077 4118 3253 4181 facile,
3283 4120 3368 4173 cui
3400 4135 3515 4172 ces-

1956 4232 2084 4272 sura
2107 4217 2180 4269 sit
2208 4214 2456 4268 victoria.
2505 4214 2749 4266 llIurates
2790 4227 2855 4265 ex
2892 4212 3060 4265 altera
3096 4220 3273 4280 parte,
3304 4226 3517 4263 summa

1956 4306 2233 4374 diligentia
2258 4304 2566 4374 conscripto
2598 4304 2790 4367 milite,
2820 4302 3013 4356 ambos
3040 4304 3200 4356 etiam
3237 4300 3517 4366 tilios,Ba-

1887 4400 2171 4488 Djazitem
2214 4397 2535 4467 cognomine
2578 4394 2944 4460 Gilderunem,
2974 4402 3027 4449 et
3073 4393 3329 4464 Jacupem
3362 4392 3517 4449 Zelo-

1958 4493 2090 4556 bim,
2124 4505 2187 4543 ea
2243 4487 2347 4543 sibi
2373 4486 2713 4556 expeditione
2760 4486 3030 4555 adjunxit.
3064 4485 3429 4556 Posteaquam
3462 4488 3515 4540 in

1956 4583 2182 4639 Cosovze
2249 4594 2471 4648 campos
2539 4589 2765 4647 uterque
2825 4577 3172 4632 convenisset
3217 4568 3513 4645 exercitus,

1956 4677 2069 4729 acri
2107 4673 2423 4727 dimicatum
2458 4670 2729 4736 utrimque
2767 4670 2972 4739 prtelio.
3006 4668 3081 4722 Ibi
3102 4678 3212 4724 tum
3250 4671 3517 4726 Christia-

1957 4783 2061 4820 nus
2114 4765 2333 4835 quidam
2365 4761 2432 4816 ad
2454 4762 2715 4816 Muratem
2740 4760 3053 4830 transfugit,
3082 4776 3205 4815 cum
3237 4763 3515 4832 significa-

1957 4861 2103 4912 tione
2124 4855 2415 4911 voluntatis
2437 4870 2568 4917 suze,
2590 4852 2744 4922 quasi
2769 4853 2813 4906 si
2838 4853 3070 4906 militare
3084 4854 3340 4925 deinceps
3356 4858 3403 4911 ei
3424 4873 3489 4911 cu
3506 4887 3519 4894 -

1958 4956 2131 5019 peret.
2182 4947 2353 5017 Igitur
2371 4945 2436 4999 ad
2463 4943 2723 4998 Muratcm
2785 4944 3071 5009 deductus,
3123 4945 3201 4999 uti
3237 4962 3336 5015 pro
3367 4963 3519 5003 more

1960 5042 2124 5114 pedes
2160 5041 2275 5111 ejus
2321 5039 2691 5102 oscularetur,
2738 5053 2904 5106 quam
2946 5038 3048 5092 sub
3092 5040 3241 5092 veste
3281 5040 3517 5092 abditam
3577 5100 3581 5103 V

1962 5132 2210 5201 gestabat
2261 5129 2451 5194 sicam,
2480 5142 2542 5180 ea
2580 5128 2631 5179 vi
2663 5125 2889 5181 Muralis
2934 5128 2985 5181 in
3020 5135 3265 5180 ventrem
3317 5128 3516 5197 adegit,

1963 5233 2020 5275 ut
2046 5222 2092 5275 is
2113 5228 2223 5273 tam
2247 5219 2362 5272 diro
2386 5218 2606 5271 vulnere
2629 5216 2929 5283 confectus,
2961 5215 3517 5284 exspiraret.Tureici

1963 5326 2090 5367 vero
2147 5324 2422 5381 proceres,
2479 5310 2579 5362 hac
2645 5312 2845 5363 sultani
2911 5310 2996 5363 sui
3031 5306 3174 5363 eaade
3203 5324 3516 5381 conspecta,

1965 5420 2086 5459 mox
2149 5401 2606 5455 consultationem
2662 5403 2975 5465 instituunt,
3013 5409 3066 5453 et
3095 5400 3221 5469 quid
3255 5403 3357 5457 hoc
3389 5419 3522 5460 casu

1966 5505 2071 5547 tam
2100 5490 2382 5563 repentino
2416 5491 2733 5546 faciundum
2767 5474 3143 5553 deliberantes,
3175 5493 3225 5545 in
3244 5508 3362 5546 eam
3389 5510 3522 5550 cou-

1967 5604 2161 5644 vcnere
2191 5587 2536 5649 sententiam,
2579 5595 2632 5637 ut
2660 5586 2725 5638 ad
2768 5601 2826 5639 se
2853 5583 3113 5654 Jacupem
3149 5583 3388 5641 Zelebim
3421 5603 3522 5643 ar—

1966 5692 2262 5738 crsscreut.
2324 5680 2372 5734 Is
2437 5679 2526 5733 ubi
2555 5688 2777 5735 voeatus
2809 5680 3237 5748 comparuissct:
3273 5681 3407 5750 Age,
3437 5681 3523 5737 in-
