4026 6204
1504 186 1545 221 0

558 248 660 310 ἶ91

1813 249 2164 311 ANNALES
2195 248 2526 309 TUltClCl.
3669 244 3760 307 δίη

564 371 777 439 quiunt,
836 368 1128 422 tentorium
1178 373 1463 437 paternum
1524 366 1827 436 ingredere.
1884 367 2016 421 Nam
2049 377 2133 423 est
2162 372 2210 427 Α
2241 366 2467 436 quievit.
2501 364 2729 420 A‘lstatis
2758 362 2913 416 initio
2944 375 3139 416 rursus
3171 359 3754 429 cxpeditioneiustituta,

564 462 709 531 quod
740 471 790 515 te
817 461 928 514 vult
961 470 1129 529 pater.
1150 457 1243 512 llle
1270 458 1405 512 nihil
1435 458 1560 513 mali
1595 459 1926 528 suspicatus,
1958 455 2138 529 i'ugre-

563 556 745 608 ditur:
781 564 832 607 et
861 559 1147 619 correptus
1183 548 1252 603 ab
1282 549 1361 603 eis
1380 558 1628 605 necatur.
1658 549 1787 603 Inde
1819 551 1971 619 regio
2001 550 2137 603 solio

568 646 824 700 Gilderun
876 642 1141 712 Bajazites
1195 639 1515 711 impositus,
1548 642 1793 695 omnium
1864 642 2139 711 sull'ragiis

566 743 863 807 imperator
883 736 1164 791 salutatur.
1182 736 1391 802 Quibus
1406 735 1665 806 peractis,
1687 736 1866 789 denuo
1895 746 2135 805 emptum

570 830 795 899 pugnari
831 828 1045 883 fortiter
1070 848 1083 883 :
1113 830 1250 884 adeo
1275 830 1519 899 quidem,
1556 840 1613 882 ιιι
1632 829 1809 883 victus
1837 844 1901 883 eo
1928 820 2137 898 pratlio',

563 932 861 991 captusque
889 921 1127 976 Lazarus
1156 962 1170 987 ,
1207 923 1262 976 in
1298 930 1597 990 conspectu
1643 920 1899 989 Bajazitis
1932 920 2141 977 frustu-

565 1017 711 1069 latim
730 1016 985 1068 concisus
1005 1012 1189 1067 fuerit.
1217 1010 1312 1069 llis
1329 1014 1490 1067 rebus
1506 1012 1693 1081 gestis,
1711 1028 1776 1067 ex
1796 1029 1859 1066 eo
1882 1015 2006 1071 loco
2025 1014 2139 1069 dis-

565 1122 798 1169 cessum,
822 1115 875 1159 et
891 1104 1337 1173 Hadrianopolim
1361 1120 1555 1159 versus
1576 1104 1821 1159 instituta
1856 1106 2140 1175 profectio,

566 1199 692 1251 Erat
719 1198 760 1250 is
782 1211 957 1251 annus
978 1196 1075 1250 79l
1108 1196 1260 1267 (Chr.
1287 1196 1477 1266 1590).
1534 1196 1797 1251 Sultanus
1820 1196 1996 1253 Gazes
2019 1198 2140 1253 Mu-

566 1300 711 1343 rates
729 1288 879 1343 Chan
909 1290 1140 1359 imperio
1166 1289 1383 1359 przefuit
1427 1291 1583 1344 anuis
1601 1290 1692 1344 32.
1752 1291 1999 1346 Cadaver
2020 1294 2140 1361 ejus

564 1380 795 1435 Prusam
821 1381 1189 1450 deportatum,
1210 1393 1432 1452 propter
1453 1383 1707 1452 Caplizen
1762 1384 1864 1455 (sic
1897 1386 2141 1442 thermas

567 1475 726 1529 Turci
758 1476 1001 1545 vocant),
1032 1488 1388 1531 monumento
1460 1492 1557 1546 pro
1603 1493 1754 1533 more
1774 1478 1873 1532 fuit
1906 1479 2139 1533 illatum.

637 1566 922 1621 Exstincto
954 1568 1180 1632 Murate,
1213 1568 1476 1623 Gilderun
1520 1570 1673 1624 Chan
1714 1572 1871 1640 plene
1895 1572 2009 1642 jam
2044 1589 2142 1640 po-

564 1662 699 1713 titus
760 1660 1013 1728 imperio,
1079 1659 1371 1715 confestim
1444 1664 1789 1732 expeditione
1856 1677 2137 1735 suscepta,

2236 458 2527 524 doctisque
2558 455 2609 507 in
2630 453 2942 506 Armeniam
2975 451 3172 521 copiis,
3196 446 3477 519 Erzingam
3495 457 3755 521 occupavit.

2242 549 2373 601 Novi
2402 557 2515 601 tum
2540 558 2721 601 motus
2738 555 2896 600 erant
2916 544 3151 599 Temiris
3172 544 3374 597 Chanis
3393 546 3525 612 apud
3545 546 3757 613 Parthos,

2241 656 2378 711 quos
2401 639 2657 695 Gilderun
2680 640 2834 693 Chan
2857 653 2965 692 non
2988 638 3168 706 magni
3188 637 3416 703 faciens,
3438 637 3643 706 Erziuga
3662 643 3759 693 reli-

2241 744 2349 799 cta,
2371 744 2422 787 et
2453 733 2588 787 freto
2608 733 2671 786 ad
2689 731 2999 802 Callipolim
3028 730 3372 793 transmisso,
3395 730 3447 784 in
3486 728 3763 785 Romaniam

2242 828 2410 892 venit,
2440 826 2623 896 ibique
2671 825 2962 881 Silistriam
2986 834 3039 877 et
3058 823 3321 892 Empolim
3337 838 3436 877 suo
3456 823 3767 891 subjecitim-

2244 932 2392 985 perto
2421 919 2600 985 :quod
2630 916 2851 985 quidem
2880 914 3080 969 accidit
3104 930 3249 968 anno
3280 913 3385 969 795
3436 914 3576 986 (Chr.
3612 916 3768 975 1594).

2318 1006 2455 1060 llinc
2473 1008 2526 1060 in
2546 1007 2780 1061 Moream
2805 1006 2969 1071 abiit,
2993 1016 3045 1061 et
3076 1005 3273 1061 castris
3303 1007 3372 1058 ad
3390 1006 3631 1074 oppidum
3654 1005 3773 1059 Feri-

2243 1115 2343 1169 gen
2364 1101 2662 1167 collocatis,
2677 1100 2730 1154 in
2752 1102 2996 1155 diversas
3012 1108 3249 1169 quatuor
3269 1108 3450 1169 partes
3468 1113 3593 1153 suos
3608 1101 3773 1153 milites

2244 1194 2309 1244 ad
2360 1190 2700 1260 diripiendos
2765 1191 3004 1261 regionis
3076 1206 3237 1261 agros
3280 1191 3504 1254 emisit;
3552 1192 3771 1259 aquibus

2244 1284 2436 1353 ingens
2483 1285 2664 1354 praeda
2716 1284 2940 1339 collecta
2984 1284 3109 1339 fuit.
3156 1285 3280 1354 Ipso
3309 1285 3363 1338 in
3405 1284 3592 1355 oppido
3619 1282 3776 1352 Ferigc

2192 1410 2197 1415 —
2242 1377 2503 1447 templum
2563 1393 2685 1433 cum
2740 1391 2953 1432 xenone
3016 1377 3261 1432 construi
3295 1378 3364 1433 de
3415 1393 3551 1431 novo
3574 1382 3775 1435 curavit.

2246 1478 2409 1537 atque
2441 1470 2513 1522 ita
2552 1484 2810 1524 reversus
2848 1468 3324 1539 Hadrianopolim,
3355 1470 3422 1523 ad
3447 1471 3649 1538 aliquod
3671 1480 3778 1522 rem.

2247 1575 2346 1628 pus
2404 1560 2529 1614 istic
2588 1562 2641 1615 in
2670 1561 2782 1614 otio
2813 1561 2968 1615 vixit.
2996 1559 3074 1615 Ibi
3110 1572 3222 1614 tum
3258 1560 3467 1615 Bulcus
3498 1562 3698 1630 despota
3730 1560 3779 1613 li-

2246 1651 2372 1703 liam
2400 1667 2555 1706 suam
2584 1652 2866 1705 Gilderuni
2918 1652 3069 1707 dedit
3108 1668 3363 1719 uxorem,
3403 1668 3510 1722 quo
3544 1652 3778 1707 atliuitatis

566 1750 885 1805 Kiratovum
906 1752 1185 1821 oppidum,
1213 1763 1267 1807 et
1293 1754 1577 1810 universas
1608 1757 1729 1811 illas
1758 1760 1969 1829 argenti
1997 1760 2140 1813 fodi-
2175 1765 2215 1821 Β
2248 1744 2462 1799 vincqu
2488 1745 2697 1800 sancita
2734 1744 2839 1798 fuit
2869 1745 3010 1800 inter
3039 1745 3188 1816 ipsos
3212 1748 3448 1802 societas
3473 1754 3527 1801 et
3556 1744 3777 1800 amicitia.

564 1860 661 1898 nas
697 1844 1010 1913 occupavit.
1049 1845 1183 1898 Erat
1246 1846 1386 1899 inter
1421 1846 1723 1904 familiares
1776 1849 1949 1919 ipsius
1980 1852 2141 1905 mini-

563 1947 707 1989 stros
726 1936 949 2004 quidam
974 1934 1130 1991 Feris
1158 1936 1350 2005 begus,
1380 1938 1462 1990 vir
1488 1939 1782 1993 admodum
1820 1941 2137 1997 bellicosus.

566 2028 700 2080 Eum
737 2026 902 2096 318
939 2041 1065 2081 cum
1111 2029 1282 2095 copiis
1335 2030 1400 2083 ad
1433 2030 1609 2099 ipsum
1639 2046 1811 2101 usque
1835 2031 2140 2088 Danubium

566 2120 732 2185 misit,
760 2122 849 2173 ubi
882 2121 1104 2173 redacto
1140 2120 1194 2173 in
1228 2129 1546 2189 potestatem
1577 2124 1774 2193 oppido
1809 2121 1999 2179 Vidina
2030 2124 2141 2177 Ha-

565 2196 928 2281 drianopolim
977 2227 1230 2267 reversus
1261 2223 1362 2267 est.
1417 2213 1687 2285 Bajazites
1711 2226 1890 2271 autem
1952 2234 2141 2273 rursus

566 2307 703 2373 bego
726 2304 1125 2372 expeditionem
1160 2305 1419 2372 injunxit,
1483 2322 1589 2374 qua
1615 2304 1850 2360 Tanabit
1872 2317 1925 2360 et
1958 2306 2142 2361 Citros

568 2398 720 2450 fuere
739 2396 977 2450 domitae.
992 2395 1220 2449 interim
1244 2395 1398 2451 Feris
1420 2396 1583 2451 etiam
1607 2398 1774 2468 begus
1793 2400 1845 2453 in
1873 2396 2142 2455 Valachos

564 2490 873 2558 irejussus,
909 2489 1192 2557 inopinato
1220 2490 1503 2559 regionem
1526 2490 1749 2555 invasit,
1782 2508 2144 2561 magnamque

566 2584 801 2654 praedam
821 2581 1053 2651 adeptus
1074 2590 1177 2637 est.
1206 2580 1409 2638 Eodem
1436 2593 1677 2653 tempore
1696 2584 1864 2639 Bassa
1896 2585 2139 2654 quidam,

566 2676 773 2746 lagides
804 2676 999 2745 begus,
1030 2675 1081 2727 in
1109 2674 1368 2729 Bozinam
1400 2675 1704 2744 profectus,
1736 2691 1953 2731 omnem
1984 2678 2133 2731 illam

565 2770 842 2839 regionem
895 2768 1103 2845 rapinis
1162 2768 1440 2823 exhausit.
1490 2769 1611 2838 Ipse
1661 2769 1925 2826 Gilderun
1986 2772 2140 2825 Chan

564 2862 789 2916 l’rusam
825 2878 885 2916 se
909 2861 1159 2925 contulit,
1196 2861 1389 2930 ibique
1422 2862 1654 2917 messitae
1687 2864 1965 2919 struendae
1993 2864 2145 2932 prin-

565 2955 767 3025 cipium
801 2953 945 3010 fecit.
970 2953 1101 3007 lude
1131 2953 1322 3007 relicta
1360 2954 1556 3018 Prusa,
1592 2955 1976 3011 Caramauiam
2015 2972 2138 3011 cum

566 3051 812 3104 exercitu
855 3046 1029 3101 adiit:
1068 3047 1160 3100 ubi
1196 3047 1398 3117 oppido
1430 3048 1787 3104 Alascheheri
1821 3049 2141 3119 subjugato,

566 3161 689 3199 mox
720 3158 846 3215 ager
908 3139 1225 3195 Aidinensis
1253 3155 1351 3195 sua
1385 3150 1582 3211 sponte
1615 3142 1950 3197 deditionem
1985 3142 2136 3196 fecit.
2169 3116 2211 3169 ο

563 3240 702 3295 Hinc
734 3236 1063 3293 Sarchauia:
1104 3237 1239 3290 lines
1266 3237 1567 3305 ingressus,
1621 3236 1709 3290 illa
1745 3251 1965 3306 quoque
1993 3236 2141 3291 nullo

563 3335 780 3404 negotio
806 3335 1012 3404 potitus
1036 3341 1139 3389 est.
1175 3333 1319 3386 Eteo
1350 3330 1572 3401 quidem
1594 3330 1810 3385 facilius
1840 3326 2139 3402 utrumque

565 3428 846 3482 Gilderuui
899 3427 1211 3485 successit.
1276 3423 1424 3493 quod
1490 3425 1654 3493 paulo
1718 3434 1845 3477 ante
1916 3424 2142 3479 ditionis

567 3521 855 3587 utriusque
882 3519 1089 3572 domini
1112 3516 1280 3571 rebus
1305 3514 1562 3569 humanis
1591 3516 1974 3569 excessissent.
2006 3516 2141 3570 Acta

565 3611 951 3665 blahumetano
1012 3624 1157 3664 anno
1201 3607 1307 3663 792
1338 3608 1494 3679 (Chr.
1531 3609 1715 3675 1591).

635 3702 945 3757 Secundqu
972 3702 1089 3756 hac
1119 3699 1539 3755 Constantinum
1568 3699 1708 3754 bello
1725 3715 2013 3770 aggressus
2036 3712 2139 3769 est,

564 3796 653 3852 cui
677 3795 804 3849 dum
838 3794 955 3864 ipse
987 3803 1134 3846 totus
1162 3792 1451 3857 incumbit,
1486 3806 1578 3845 rex
1634 3789 1977 3860 ngarorum
2012 3807 2140 3846 cum

564 3886 808 3942 exercitu
866 3887 932 3939 ad
978 3881 1285 3953 Nigebolim
1346 3881 1601 3937 accessit.
1637 3880 1716 3937 Eo
1750 3881 2017 3952 Bajazites
2046 3900 2143 3938 co-

568 3980 741 4051 gnito,
774 3978 951 4033 soluta
990 3975 1497 4045 Constantinopolis
1529 3975 1840 4039 obsidione,
1868 3986 2011 4031 recta
2045 3976 2139 4030 Ni-

566 4073 797 4143 gebolim
833 4084 963 4125 suos
989 4068 1165 4126 duxit.
1191 4068 1271 4122 Ad
1293 4068 1503 4123 hostem
1536 4070 1625 4123 ubi
1662 4080 1979 4143 perventum
2010 4069 2142 4125 fuis-

564 4176 665 4231 set,
717 4163 993 4219 multoties
1047 4162 1255 4217 levibus
1310 4161 1535 4230 praeliis,
1594 4174 1758 4232 atque
1810 4162 1973 4216 etiam
2028 4164 2143 4217 acie

475 4327 482 4335 .
565 4270 959 4327 nonnunquam
996 4255 1143 4324 iusta
1168 4253 1490 4309 dimicatum
1517 4254 1659 4309 inter
1684 4266 1963 4324 utrosque.
1992 4255 2142 4309 Tan—

564 4350 687 4404 dem
740 4359 1015 4404 nocturna
1074 4347 1436 4415 impressione
1491 4346 1837 4401 Christianos
1894 4348 2139 4411 adortus,

2245 1836 2458 1906 Quippe
2524 1836 2789 1893 Gilderun
2848 1838 2998 1893 Chan
3052 1839 3396 1910 professione
3425 1839 3779 1900 Musulmanus,

2245 1931 2398 1986 Bulci
2432 1930 2701 2002 despotic,
2736 1932 2829 2002 qui
2862 1932 3127 2003 religione
3164 1932 3518 1988 Christianus
3551 1943 3673 1997 erat,
3701 1946 3775 1999 ge-

2246 2041 2341 2080 ner
2392 2026 2569 2080 factus
2609 2025 2730 2079 fuit.
2791 2027 2931 2081 Ante
2978 2036 3157 2081 tamen
3188 2069 3203 2091 ,
3264 2044 3434 2098 quam
3466 2026 3608 2082 Bulci
3641 2025 3774 2080 filiam

2246 2118 2516 2187 Bajazites
2575 2118 2683 2173 sibi
2736 2119 3095 2174 matrimonio
3148 2118 3433 2190 jungeret,
3494 2121 3599 2176 vini
3652 2136 3779 2175 usuin

2244 2225 2470 2280 prorsus
2504 2210 2815 2279 ignorabat.
2852 2210 3085 2281 Majores
3105 2212 3249 2266 enim
3282 2213 3454 2282 ipsius
3485 2229 3513 2268 a
3539 2215 3654 2267 vino
3680 2214 3781 2268 abs-

2246 2305 2543 2367 tinuerant,
2571 2304 2639 2359 de
2690 2304 2928 2359 Osmaue
2985 2304 3201 2374 loquor,
3241 2317 3299 2360 et
3342 2305 3602 2375 Urcttane,
3634 2308 3783 2362 Mura-

2244 2404 2427 2466 teque.
2463 2391 2598 2446 Nam
2631 2393 2845 2464 quoties
2895 2396 3157 2448 convivas
3219 2395 3682 2460 invitaturieraut,
3709 2411 3783 2446 va-

2244 2486 2358 2541 rios
2421 2485 2574 2539 cibos
2633 2486 2885 2556 apparari
2924 2488 3232 2555 jusserunt,
3292 2499 3461 2557 atque
3521 2488 3598 2543 his
3621 2486 3783 2540 deinde

2246 2579 2390 2634 vesci
2455 2578 2600 2634 soliti
2655 2589 2809 2643 sunt,
2856 2580 3122 2634 adhibitis
3180 2568 3546 2637 Talismanis‘:
3582 2596 3780 2650 quorum

2246 2674 2532 2745 praeceptis
2556 2684 2607 2728 et
2630 2673 3104 2731 admonitionibus
3123 2676 3268 2729 inter
3297 2676 3678 2731 convivaudutu
3699 2688 3784 2727 au-

2246 2784 2334 2823 res
2350 2767 2683 2837 prazbebant,
2706 2778 2760 2820 et
2777 2765 3110 2822 Alcoranum
3127 2768 3228 2838 legi
3251 2765 3783 2837 corabant.Quidquid

2245 2863 2483 2929 denique
2509 2859 2808 2913 Talismaui
2860 2861 3238 2927 consulerent,
3265 2861 3346 2917 illi
3386 2879 3488 2919 non
3528 2863 3679 2917 invite
3698 2861 3782 2914 ob-

2247 2954 2645 3024 temperabant.
2691 2953 2811 3020 Quo
2871 2951 3102 3020 factum,
3161 2965 3217 3011 ut
3252 2972 3450 3013 eorum
3484 2956 3784 3025 monitispa-

2248 3049 2444 3112 rendo,
2474 3061 2819 3115 nequaquam
2852 3062 3080 3117 peccare
3106 3060 3359 3119 possent.
3386 3050 3441 3105 ln
3471 3050 3648 3121 primis
3668 3048 3783 3103 Cara

2244 3136 2560 3205 Rustemes,
2601 3149 2655 3194 et
2684 3136 3020 3196 Zenderlues
3048 3140 3312 3208 Cbeliles,
3348 3159 3535 3215 magno
3556 3142 3680 3213 apud
3702 3154 3784 3194 eos

2244 3232 2460 3288 honore
2520 3232 2714 3295 habiti,
2768 3242 2823 3285 et
2875 3240 3056 3291 sancti
3089 3240 3355 3298 homines
3376 3238 3781 3312 appellatit‘uere.

2247 3324 2444 3383 Verum
2478 3337 2586 3383 tam
2616 3332 2741 3401 ipsi,
2773 3347 2940 3402 quam
2972 3330 3273 3388 Talismaui
3307 3336 3487 3391 caeteri
3536 3335 3630 3388 hac
3652 3329 3781 3385 exhi-

2243 3420 2445 3476 bitione
2496 3423 2722 3478 honoris
2766 3427 3176 3497 arrogantiores
3223 3427 3382 3496 facti,
3433 3429 3595 3483 multa
3635 3424 3783 3479 fecere

2242 3515 2492 3585 nequiter
2525 3526 2578 3573 et
2605 3517 2900 3589 flatigiose.
2930 3519 3171 3576 Tandem
3196 3537 3329 3578 cum
3372 3514 3782 3578 essentexstincti

2244 3605 2575 3663 Zenderlues
2610 3610 2870 3678 Cheltles,
2903 3622 2958 3666 et
2987 3612 3127 3667 Cara
3151 3614 3449 3670 Rustemes
3472 3633 3486 3669 :
3512 3613 3781 3668 Alisl-assa.

2243 3699 2566 3755 Zenderluis
2586 3699 2809 3756 Chelilis
2829 3703 2997 3767 filius,
3017 3720 3045 3756 a
3068 3704 3374 3759 Gilderune
3408 3705 3584 3760 Chane
3608 3699 3782 3754 γαίης

2244 3791 2562 3860 dignitatem
2592 3795 2821 3864 adeptus
2840 3804 2944 3851 est.
2972 3796 3110 3851 Turn
3140 3814 3267 3853 vero
3298 3816 3544 3856 crescere
3562 3796 3787 3850 Talisma-

2244 3898 2440 3938 norum
2486 3885 2833 3954 improbitas,
2880 3888 3047 3942 multa
3089 3903 3148 3945 se
3204 3891 3431 3963 indigna
3479 3887 3784 3947 committen-

2246 3975 2406 4044 tium,
2435 3986 2489 4031 et
2520 3978 2736 4049 rejectis
2764 3981 3010 4035 moribus
3050 3993 3213 4051 atque
3243 3978 3509 4039 institutis
3554 3975 3782 4051 pristinis.

2245 4083 2382 4122 nova
2429 4070 2675 4139 quaedam
2727 4070 3210 4127 introducentium.
3244 4073 3383 4129 Erat
3422 4075 3559 4128 enim
3587 4067 3782 4142 ρορυιυε

2244 4159 2574 4217 Osmanicus
2633 4178 2767 4219 sane
2802 4181 2965 4234 quam
2996 4167 3229 4235 simplex
3244 4176 3303 4223 et
3334 4169 3514 4234 rudis,
3541 4166 3622 4237 qui
3649 4160 3783 4217 facile

2248 4254 2352 4309 sibi
2408 4255 2625 4324 quidvis
2675 4256 2993 4326 persuaderi
3033 4258 3261 4315 sineret.
3296 4262 3418 4329 Quo
3447 4260 3602 4315 fiebat
3627 4265 3680 4310 ut
3717 4251 3783 4306 eis

2248 4347 2530 4411 insidiose,
2592 4365 2657 4404 ac
2687 4350 2974 4419 multiplici
3016 4350 3229 4407 vafritie
3277 4353 3627 4423 imponerent.
3662 4347 3783 4400 lnttr

566 4446 703 4499 adeo
749 4442 1028 4515 repentino
1056 4450 1110 4495 et
1169 4442 1452 4510 inopinato
1493 4441 1693 4509 impetu
1727 4445 2036 4506 exterruit,
2083 4451 2141 4495 ut
2174 4461 2217 4517 ι)
2253 4437 2358 4491 alia
2430 4439 2795 4507 prohibebant
2837 4442 2888 4494 in
2944 4446 3289 4501 commerciis
3336 4455 3390 4501 et
3452 4441 3782 4501 contractibus

566 4552 753 4589 eorum
802 4535 1044 4604 plerique
1086 4534 1136 4585 in
1174 4533 1479 4585 Danubium
1539 4533 1878 4602 praecipitare
1902 4547 2142 4603 secoge-

568 4638 779 4687 rentur,
814 4635 867 4678 et
899 4629 951 4677 in
979 4626 1095 4693 ipso
1132 4624 1356 4677 flumine
1388 4638 1582 4691 magno
1607 4638 1837 4676 numero
1868 4623 2141 4678 submersi

570 4720 843 4787 perirent:
867 4715 1063 4785 reliqui
1090 4716 1285 4769 t'ozdam
1313 4716 1554 4769 semetiu
1580 4713 1759 4785 fugam
1782 4716 2140 4786 conjicerent.

566 4810 792 4865 Factum
829 4809 930 4862 hoc
958 4822 1103 4860 anno
1130 4806 1230 4861 794
1284 4806 1435 4879 (Chr.
1465 4807 1648 4879 1595).

640 4904 756 4957 lloc
789 4901 928 4956 bello
963 4903 1234 4958 confecto.
1297 4916 1491 4956 rursus
1524 4902 1576 4956 in
1607 4900 2029 4958 ConStaulinum
2057 4917 2145 4956 ar-

567 4980 653 5051 ma
706 4994 1009 5071 convertit.‘
1066 4993 1171 5048 Sed
1205 4996 1505 5065 composita
1564 5010 1666 5064 pax
1695 4996 1824 5059 fuit,
1854 5010 1919 5049 ea
1951 4996 2142 5050 condi—

568 5094 715 5143 tione
736 5131 750 5153 ,
785 5098 842 5142 ut
872 5089 1011 5141 intra
1063 5084 1570 5157 Constantinopolis
1600 5088 1799 5141 mmnia
1824 5087 2141 5143 Gilderunis

573 5182 778 5237 Chauis
840 5179 1042 5235 sobditi
1074 5181 1164 5247 jus
1199 5178 1464 5232 haberent
1491 5179 1669 5233 vicum
1708 5196 1877 5233 unum
1909 5180 2133 5237 inhabi-

570 5276 746 5330 tandi.
780 5272 909 5328 Fuit
940 5275 988 5330 is
1027 5288 1207 5327 anuus
1238 5271 1365 5327 794.

638 5366 713 5420 Eo
747 5368 864 5436 ipso
920 5375 1167 5435 tempore
1225 5372 1476 5419 mortuus
1533 5374 1617 5419 est
1645 5364 1897 5421 sultanus
1927 5366 2138 5421 Aleairi

565 5459 859 5521 Borcuces,
909 5466 1031 5528 post
1081 5456 1239 5525 cujus
1293 5455 1503 5510 obitum
1529 5456 1789 5512 Gilderun
1822 5458 2140 5530 Chauopro-

569 5554 773 5606 vincias
803 5551 976 5621 ipsius
1008 5550 1232 5613 invasit,
1267 5559 1320 5603 et
1350 5548 1633 5620 Melatigsn
1668 5566 1781 5605 sua:
1812 5552 2022 5618 ditioni.
2043 5554 2139 5609 ad-

560 5646 762 5712 junxit.
797 5642 902 5698 Sed
944 5638 1354 5698 imminentibus
1394 5643 1507 5712 jam
1540 5644 1837 5714 frigoribus
1870 5647 2133 5712 hibernis,

562 5738 792 5793 l‘iusam
852 5752 1103 5792 reversus
1145 5736 1482 5807 est,ibique
1540 5750 1637 5806 per
1694 5738 1837 5791 illum
1903 5740 2130 5794 hiemem

2250 4544 2405 4582 usum
2467 4528 2707 4600 antiqua:
2763 4544 3015 4601 monetae,
3072 4551 3475 4609 asprorumque
3530 4545 3784 4591 veterum:

2248 4633 2301 4676 et
2320 4622 2674 4678 emolumenti
2690 4628 2894 4696 proprii
2926 4644 3113 4696 causa,
3138 4632 3616 4687 nummulariorum
3635 4637 3785 4687 more.

2249 4727 2522 4771 monetam
2559 4720 2625 4772 ad
2656 4734 2714 4774 se
2740 4730 2971 4777 veterem
3006 4731 3186 4778 astute
3231 4724 3637 4783 transferebant,
3665 4719 3765 4786 €1.05

2246 4823 2354 4877 que
2376 4809 2497 4864 loco
2526 4825 2720 4864 novam
2739 4811 3044 4881 signabant.
3076 4815 3193 4870 Alis
3222 4817 3340 4887 ipse
3358 4818 3531 4882 bassa,
3572 4818 3647 4867 vir
3672 4812 3783 4867 sitn-

2249 4903 2394 4972 plex,
2418 4918 2481 4957 ac
2512 4904 2677 4959 rebus
2711 4906 2911 4963 divinis
2931 4906 3161 4964 devotus
3193 4920 3313 4965 erat
3352 4928 3367 4965 :
3395 4913 3545 4981 cujus
3563 4910 3780 4974 exemplo

2246 5016 2370 5054 cum
2412 5001 2645 5070 p0pulus
2679 5003 2729 5056 id
2773 5007 3036 5073 temporis
3066 5008 3231 5062 etiam
3282 5010 3538 5078 singulari
3602 5019 3776 5061 ttt0rttut

2250 5092 2586 5162 integritate,
2619 5097 2994 5168 religioneque
3023 5100 3283 5169 praeditus
3329 5116 3494 5170 esset,
3524 5094 3777 5157 Talismani

2250 5192 2402 5238 tauto
2439 5186 2610 5257 magis
2642 5187 2837 5241 horurn
2876 5190 3116 5247 bonitate
3162 5194 3418 5263 simplici,
3474 5210 3566 5263 pro
3611 5187 3775 5243 lubitu.

2247 5278 2633 5332 abutebantur.
2667 5279 2801 5333 Cum
2831 5290 3012 5337 autem
3075 5283 3332 5341 Gilderun
3394 5287 3540 5342 Chan
3590 5279 3777 5337 fraudes

2246 5373 2490 5442 ipsorum
2532 5384 2588 5429 et
2628 5376 2959 5445 imposturas
2993 5379 3442 5450 deprehenderet,
3476 5394 3622 5451 atque
3637 5375 3774 5430 etiam

2245 5466 2448 5519 videret
2507 5482 2601 5518 eos
2646 5467 2939 5522 belluinatn
2959 5480 3014 5527 et
3067 5473 3333 5542 impuram
3393 5477 3550 5528 vitam
3599 5480 3780 5541 agere:

2245 5558 2426 5612 edicto
2480 5558 2753 5626 publicato
2818 5566 3179 5633 pracepitmt
3240 5568 3433 5621 omnes
3497 5560 3782 5620 Talismaui.

2248 5664 2545 5717 omnesque
2576 5651 2751 5711 (ladii,
2808 5666 2915 5719 quo
2986 5659 3208 5711 nomine
3249 5659 3307 5727 ju
3327 5658 3476 5712 dices
3521 5657 3792 5709 Turcorutn

2247 5742 2489 5803 veniunt,
2531 5738 2831 5809 Neapo'im,
2860 5761 3018 5814 qttain
3051 5745 3209 5803 Turci
3252 5742 3793 5806 Garriscltelicrimlin-
