4026 6204
278 375 387 437 592

1517 372 1873 432 ANNALES
1913 374 2251 437 TURClCI.

3403 382 3507 444 594

266 505 374 558 gua
408 501 505 541 sua
556 485 765 549 dicunt,
828 494 1283 539 convocarentur.
1329 486 1429 541 Ubi
1461 489 1845 568 convenissent
1874 496 1920 551 Α
1948 505 2012 544 ac
2034 506 2130 558 pro
2161 493 2385 562 singulis
2417 493 2813 561 instrumentis,
2842 496 3308 551 ntattimouiorttnt
3355 508 3507 568 puta.

266 576 534 637 universi,
572 575 863 645 quamdam
894 574 946 627 in
963 575 1181 628 domum
1208 576 1451 629 concludi
1475 575 1662 645 jussit,
1691 592 1843 629 eam-

266 685 379 738 que
398 666 646 735 przPSidiO
665 665 1079 723 circumdatam.
1100 681 1165 719 ne
1182 667 1303 735 quis
1316 666 1637 730 elaberetur,
1660 668 1847 722 incen-

267 763 325 813 di
374 759 654 829 praecepit,
680 756 918 826 319m
942 772 1131 812 omnes
1160 759 1391 814 ﬂammis
1410 761 1845 815 absumerentur.

273 851 391 906 lloc
410 851 725 906 Gilderunis
747 855 1001 910 mandato
1020 868 1343 922 magnopere
1362 854 1713 922 perturbatus
1732 853 1846 907 Alis

272 944 438 999 bassa
468 949 635 1010 vezir,
669 962 775 1016 prae
802 948 971 1001 animi
1001 962 1255 1006 maerore,
1281 961 1385 1015 qua
1444 946 1657 999 illorum
1686 944 1847 1001 saluti

278 1038 370 1091 via
390 1039 725 1103 consuleret,
751 1040 1059 1109 ignorabat.
1085 1039 1329 1093 Tandem
1355 1037 1664 1106 ltujusntodi
1686 1037 1849 1105 quid-

275 1129 408 1181 dam
451 1130 499 1182 ei
525 1130 590 1183 ad
633 1131 870 1184 animum
911 1132 1129 1185 accidit.
1194 1130 1320 1183 Erat
1347 1131 1399 1183 in
1437 1128 1646 1184 deliciis
1672 1128 1852 1183 Gilde-

281 1216 413 1271 r-tni
447 1216 621 1271 Chaui
661 1219 878 1287 quidam
908 1218 1158 1289 Etltiops
1194 1220 1476 1289 parvulus,
1512 1221 1685 1272 faceto
1712 1234 1849 1287 pra:-

279 1309 434 1363 ditus
459 1309 701 1378 ingenio:
734 1311 827 1379 qui
852 1311 920 1364 ab
950 1311 1083 1365 hero
1114 1311 1330 1380 quidvis
1378 1306 1670 1381 impetrare
1701 1310 1852 1363 nullo

282 1401 502 1470 negotio
535 1408 766 1467 poterat.
801 1400 911 1455 Hoc
953 1402 1017 1455 ad
1044 1418 1102 1455 se
1128 1402 1311 1455 venire
1337 1402 1491 1468 jusso
1518 1418 1530 1452 :
1559 1398 1852 1468 Quidquid,

278 1493 463 1561 inquit
487 1492 603 1545 Alis
641 1493 821 1556 bassa,
855 1492 1063 1546 libitum
1122 1492 1215 1546 tibi
1285 1493 1446 1547 fuerit
1472 1509 1500 1545 ι
1535 1508 1619 1545 me
1649 1504 1851 1561 petere,

278 1584 422 1636 dabo
455 1602 469 1637 :
499 1583 666 1637 modo
692 1584 1107 1639 Talismanoset
1131 1584 1329 1638 Cadius
1365 1584 1673 1637 imminenti
1709 1586 1851 1653 peris

281 1675 407 1729 culo
428 1676 719 1743 eripueris.
750 1676 1019 1745 Aitltiops,
1044 1677 1128 1730 Itis
1151 1677 1369 1740 auditis,
1396 1692 1517 1729 mox
1561 1676 1856 1745 elegantio-

288 1769 332 1821 ri
363 1770 563 1822 amictu
590 1780 829 1837 sumpto,
862 1780 915 1823 et
947 1769 1199 1837 imposita
1258 1769 1420 1837 capiti
1489 1769 1723 1831 uscufia,
1757 1768 1850 1836 qui

292 1862 467 1928 pileus
500 1867 582 1915 est
602 1875 823 1927 aureus,
857 1859 963 1914 boc
982 1872 1178 1915 ornatu
1236 1859 1583 1914 Gilderunem
1609 1858 1850 1912 Cltanem

292 1953 430 2018 adit,
464 1967 625 2021 seque
653 1961 780 2007 ante
803 1954 979 2021 ipsum
1006 1952 1169 2005 sistit.
1200 1953 1620 2018 llle,conspeeto
1642 1949 1854 2003 (Ethio-

299 2062 367 2114 pe
398 2062 413 2099 :
451 2045 587 2109 Quid
605 2046 721 2106 hoc.
747 2046 849 2109 ait,
884 2045 964 2099 rei
986 2056 1088 2106 est,
1137 2043 1498 2112 Etliiopille?
1546 2059 1642 2097 cur
1700 2043 1855 2097 nobis

298 2139 407 2191 hoc
429 2136 628 2190 amictu
656 2146 763 2190 tam
790 2136 1074 2205 splendido
1104 2137 1126 2189 ‘i
1150 2137 1246 2189 Est
1277 2135 1419 2205 quod
1454 2136 1552 2188 abs
1584 2144 1633 2188 te
1656 2143 1854 2203 petam,

295 2229 479 2297 inquit
502 2227 775 2297 Etltiops,
807 2228 1024 2282 exorari
1050 2239 1100 2282 te
1117 2228 1336 2297 patitor.
1373 2227 1438 2280 Et
1470 2227 1600 2297 quid
1641 2226 1856 2279 tandem

289 2321 432 2390 petis
459 2320 716 2385 7subjicit
741 2318 1027 2387 Bajazites.
1061 2320 1156 2372 ille
1209 2333 1339 2373 vero
1401 2338 1415 2371 :
1471 2318 1725 2389 Ablegari
1776 2332 1862 2370 me

292 2415 589 2479 velim,ait,
611 2413 1007 2468 internuntium
1041 2411 1108 2466 ad
1132 2411 1448 2483 Teggiurem
1475 2412 1863 2465 Constantino-

302 2506 460 2574 polis.
491 2505 563 2557 At
594 2501 1094 2570 Constantinopoli,
1117 2498 1707 2570 respondetGilderuu,
1733 2498 1863 2567 quid

304 2598 512 2653 tandem
539 2595 836 2651 eﬂecturus
856 2609 914 2649 es
933 2593 1130 2663 negotii
1150 2593 1410 2661 ‘IRogabo
1428 2591 1763 2659 Tcggiuretn,
1782 2593 1865 2644 in-

298 2692 434 2760 quit,
458 2690 539 2743 uti
589 2687 948 2757 quadraginta
1006 2685 1089 2739 vel
1135 2684 1523 2754 quinquaginta
1568 2676 1863 2751 Calogeros

297 2782 430 2836 mibi
473 2780 757 2835 concedat.
782 2777 953 2843 Quem
1000 2792 1131 2832 vero
1174 2777 1241 2830 ad
1272 2792 1452 2841 usum,
1478 2775 1672 2845 quaerit
1699 2775 1870 2844 impe:

297 2883 471 2937 rator,
506 2870 561 2925 bi
603 2871 697 2923 tibi
732 2868 979 2938 Calogeri
1034 2867 1308 2922 servient?
1362 2867 1652 2930 mandasti,
1687 2866 1785 2928 ait,
1812 2874 1872 2918 ut

297 2979 492 3020 omnes
519 2962 715 3017 eruditi
738 2959 1036 3015 'I‘alismani
1067 2961 1163 3022 tui,
1191 2968 1354 3028 atque
1384 2958 1615 3027 iudices,
1638 2956 1871 3011 ﬂammis

297 3055 563 3112 exurendi
594 3055 894 3108 tradantur.
918 3053 1253 3121 Quapropter
1282 3055 1336 3105 in
1360 3051 1551 3105 horum
1576 3050 1752 3104 locum
1778 3065 1875 3103 no-

1942 582 2024 634 vel
2059 581 2289 637 aliorum
2343 584 2526 639 talium
2568 593 2943 640 contractuutu
2982 589 3197 641 nomine
3226 589 3510 655 confectis,

1943 674 2134 727 itidem
2200 689 2391 743 aspros
2444 674 2515 729 20
2571 676 2846 744 penderet.
2917 678 2996 731 Ab
3051 678 3153 731 hoc
3199 695 3327 748 ergo
3373 690 3509 749 tem-

1948 784 2078 830 pore
2115 770 2410 831 constituta
2458 768 2729 836 judicibtts
2773 771 3042 840 Stipendia
3103 784 3229 825 sunt
3255 813 3269 833 ,
3309 784 3361 826 et
3397 774 3510 827 Alis

1946 860 1998 912 itt
2030 860 2173 913 ltunc
2203 860 2419 913 modum
2445 864 2653 930 placato
2676 862 2986 917 Gilderunis
3005 864 3211 924 animo,
3243 863 3506 917 Talismav

1942 967 2040 1004 nos
2102 961 2153 1003 et
2178 951 2445 1018 jttdicesc
2483 954 2734 1020 praesenti
2786 955 2907 1009 vitae
2937 956 3180 1023 periculo
3228 955 3511 1009 liberavit.

2019 1045 2329 1100 Secundum
2355 1048 2469 1101 bace
2502 1049 2703 1102 invasit
2734 1049 3066 1103 Caramaniae
3117 1052 3367 1118 princeps
3423 1067 3521 1103 ex-

1949 1138 2226 1206 peditione
2289 1151 2558 1205 suscepta,
2605 1139 2878 1207 regionem
2937 1141 3238 1203 licmidam,
3286 1157 3514 1207 eamque

1950 1232 2253 1298 occupavit.
2282 1231 2395 1295 Qua
2429 1232 2492 1283 de
2523 1247 2576 1283 re
2609 1230 2868 1286 Giltlerttn
2902 1232 3049 1287 Cltan
3092 1231 3265 1286 factus
3294 1234 3516 1295 certior,

1950 1332 2151 1392 quanta
2182 1323 2362 1390 potuit
2414 1321 2691 1374 celeritate
2739 1324 3063 1377 transmisso
3094 1324 3252 1384 freto,
3288 1323 3515 1377 Prusam

1953 1413 2206 1475 accessit,
2261 1420 2316 1466 et
2344 1422 2626 1483 peragrata
2660 1413 2908 1467 Tt-kiensi
2969 1415 3263 1482 provincia,
3284 1416 3431 1468 venit
3462 1416 3517 1468 in

1950 1503 2567 1571 Caramaniatn,ibique
2596 1503 2872 1557 civitatem
2944 1505 3170 1557 (Ioniam
3236 1504 3520 1558 obsidione

1951 1594 2139 1648 cinxit.
2175 1594 2511 1648 Caramania:
2536 1594 2790 1648 dominus
2831 1595 2972 1649 hosti
3001 1595 3304 1648 advenienti
3335 1594 3517 1657 cessit,

1952 1691 2005 1737 et
2039 1685 2089 1736 in
2121 1684 2239 1737 loca
2272 1691 2560 1738 montuosa
2614 1700 2671 1737 se
2722 1687 2944 1754 recepit.
2990 1685 3117 1738 Erat
3173 1694 3281 1736 tttut
3312 1686 3361 1738 id
3392 1684 3521 1736 anui

1958 1788 2190 1846 tempus,
2221 1790 2331 1845 quo
2360 1775 2550 1829 incolae
2573 1786 2784 1844 segetes
2818 1794 2947 1831 suas
2983 1779 3037 1832 in
3092 1777 3236 1830 arcis
3265 1791 3519 1842 agrorum

1958 1866 2246 1931 habebant,
2282 1869 2800 1922 uteastritttrarent:
2844 1882 2906 1921 ac
2943 1882 3034 1933 per
3064 1868 3192 1936 ipsis
3221 1864 3525 1918 accideban-

1960 1954 2317 2018 incommode,
2350 1956 2494 2021 quod
2514 1954 2772 2008 frumenti
2829 1969 3075 2019 acervos,
3101 1954 3189 2021 qui
3213 1960 3344 2007 tunc
3361 1962 3410 2004 et
3430 1952 3525 2003 tri-

1958 2048 2200 2112 turattdi,
2228 2058 2280 2102 et
2304 2048 2602 2102 ventilandi
2623 2056 2799 2110 erant,
2833 2047 3143 2115 relinquere
3165 2048 3267 2099 sub
3303 2047 3392 2097 dio
3424 2059 3518 2094 co-

1965 2149 2238 2211 gerentur,
2260 2151 2421 2206 atqtte
2453 2141 2591 2194 intra
2625 2140 2776 2193 urbis
2803 2141 2999 2193 moenia
3024 2154 3140 2192 sese
3180 2138 3523 2191 concludere.

1961 2232 2094 2285 Cum
2152 2230 2259 2284 hoc
2324 2229 2581 2283 Gilderun
2609 2230 2758 2282 Citan
2804 2231 3274 2290 animadverteret,
3308 2229 3529 2281 suisin-

1963 2320 2179 2373 terdixit
2230 2335 2297 2373 ne
2327 2319 2450 2386 quid
2475 2319 2730 2373 frumenti
2769 2330 3063 2383 sumerent,
3126 2320 3227 2373 nisi
3256 2320 3531 2389 persalttto

1963 2411 2160 2482 pretio.
2194 2407 2392 2465 Milites
2423 2411 2512 2463 illo
2541 2412 2743 2466 sultani
2772 2412 2952 2466 edicto
2995 2412 3356 2480 promulgata,
3396 2425 3525 2478 pro—

1966 2506 2088 2572 pius
2106 2503 2170 2556 ad
2206 2503 2407 2556 moenia
2436 2502 2727 2570 progressi,
2755 2518 2946 2572 rogare
2976 2504 3251 2566 obsessos,
3287 2503 3532 2555 frumen-

1970 2605 2082 2647 tum
2115 2594 2215 2648 sibi
2247 2595 2559 2649 venderent.
2606 2593 2874 2664 Oppidani
2935 2595 3283 2665 respondere,
3307 2611 3405 2648 nec
3434 2610 3555 2662 ρει-ι

1971 2686 2153 2739 bulum
2181 2686 2247 2739 ab
2277 2700 2355 2748 se,
2380 2700 2481 2738 nec
2506 2686 2837 2741 frumentum
2867 2688 3023 2740 vcudi
3054 2703 3209 2754 posse
3247 2706 3260 2741 :
3291 2688 3380 2754 qui
3404 2687 3507 2740 civi

1973 2780 2098 2834 tatis
2122 2779 2263 2833 intra
2295 2795 2482 2834 muros
2503 2780 2695 2846 clausi,
2725 2780 3129 2835 obsiderentur.
3187 2779 3242 2833 Si
3289 2779 3538 2832 Gilderu-

1976 2873 2026 2925 ni
2056 2872 2229 2927 Chaui
2261 2873 2516 2940 placeret,
2548 2887 2811 2928 concesso
2861 2884 3167 2927 commeatu
3221 2873 3409 2932 libero.
3443 2888 3537 2939 po-

1975 2972 2223 3019 testatem
2246 2966 2477 3019 exeundi
2513 2964 2691 3019 facere
2712 3007 2727 3030 ,
2751 2963 3095 3035 perlubenter
3113 2966 3293 3019 omnia
3326 2981 3383 3018 se
3412 2980 3564 3016 νυν-η

1976 3054 2356 3125 dituros-quze
2408 3056 2508 3125 ipsi
2569 3064 2878 3126 poscerent.
2934 3052 3028 3109 llis
3051 3055 3326 3110 Gilderuni
3361 3054 3535 3107 conti-

302 3152 386 3203 bis
414 3148 945 3203 ίηυδευίιειίιυθιηυε
980 3144 1217 3214 δυάίεεδο
1245 3143 1383 3198 Tum
1402 3143 1668 3212 Βδὶεηῖῑθε
1682 3142 1867 3197 Chal]:
1898 3142 1943 3202 ο
1977 3167 2088 3207 ttuo
2119 3152 2463 3216 renuntiatis,
2497 3152 2692 3207 idoneo
2727 3151 2942 3206 civibus
2965 3152 3196 3205 exituris
3225 3158 3567 3204 commeattr

304 3244 518 3309 Ergone
553 3239 798 3311 Calogeri
816 3237 974 3293 nobis
992 3237 1299 3292 necessario
1322 3235 1588 3305 deligendi
1625 3234 1868 3304 iudices?

304 3350 375 3388 an
414 3334 518 3387 mei
549 3332 787 3389 ministri
818 3331 1063 3400 iudicum
1100 3328 1277 3382 oﬂicio
1330 3326 1481 3395 fungi
1543 3326 1871 3396 nequeunt?

310 3425 419 3479 Tui
447 3426 694 3491 miniStri,
728 3422 1008 3491 respondit
1030 3418 1304 3487 Ethiops,
1360 3432 1465 3472 non
1492 3427 1618 3473 sunt
1649 3417 1869 3472 eruditi.

316 3513 463 3580 Quid
495 3514 575 3567 ais
602 3513 859 3583 ?subjicit
886 3512 1141 3567 Gilderun
1170 3527 1184 3564 :
1222 3509 1491 3565 eruditine
1506 3518 1634 3564 sunt
1656 3508 1869 3576 judices

313 3608 393 3662 illi
430 3605 602 3661 nostri
637 3607 760 3661 ?An
781 3606 969 3675 iudex,
998 3605 1183 3674 inquit
1203 3605 1362 3669 alter,
1393 3618 1513 3657 esse
1578 3603 1868 3673 quisquam

312 3699 506 3766 possit,
532 3698 624 3765 qui
652 3714 758 3751 non
818 3698 889 3752 sit
944 3696 1241 3750 eruditus?
1274 3698 1341 3747 At
1371 3694 1538 3757 enim,
1596 3693 1873 3762 respondit

314 3792 468 3845 Cbau
506 3809 521 3845 :
554 3792 597 3844 si
617 3790 760 3843 docti
786 3798 937 3854 sunt,
964 3804 1060 3843 cur
1087 3803 1152 3842 ex
1199 3786 1339 3855 aequi
1395 3788 1634 3855 rectique
1688 3784 1872 3855 regula

313 3898 434 3938 sese
464 3896 572 3936 non
599 3881 962 3952 gerunt?cur
1008 3880 1155 3950 quod
1213 3876 1535 3948 praecipiunt
1580 3877 1722 3939 aliis,
1772 3875 1873 3944 ipsi

312 3990 423 4027 non
482 3973 739 4027 faciunt?
793 3972 873 4026 Ad
939 3987 1001 4025 ea
1083 3969 1259 4025 fessus
1316 3969 1699 4038 interrogando
1761 3967 1873 4037 jam

314 4064 593 4134 Etltiops.
630 4064 877 4120 obticuit.
901 4061 1159 4116 Gilderun
1225 4075 1371 4125 vero,
1407 4058 1726 4127 compellato
1792 4058 1876 4112 Ali

316 4159 474 4212 bassa
502 4155 765 4213 :Docuue
795 4161 945 4219 sunt,
965 4154 1056 4215 ait.
1082 4152 1295 4219 judices
1324 4151 1492 4204 nostri
1518 4150 1694 4203 iTum
1723 4150 1837 4203 Alis
1862 4165 1878 4202 :

316 4250 557 4321 Ecquem
590 4257 769 4315 putas,
796 4245 994 4313 inquit,
1047 4243 1249 4312 iudicis
1311 4240 1489 4295 oliicto
1525 4256 1682 4310 posse
1712 4240 1879 4309 fungi,

314 4340 411 4407 qui
447 4338 709 4392 doctrinae
738 4338 809 4390 sit
833 4350 1027 4403 expers
1052 4336 1076 4389 Ἰ
1106 4334 1172 4387 Et
1201 4333 1467 4402 Bajazites
1529 4347 1543 4386 :
1576 4332 1685 4386 Cur
1718 4332 1883 4402 igitur

316 4434 456 4486 adeo
482 4430 624 4485 fmda
658 4429 900 4483 facinora
924 4426 1274 4481 committunt
1303 4440 1404 4479 nec
1458 4434 1630 4478 semet
1654 4440 1719 4477 ex
1750 4440 1886 4489 pra:-

317 4523 528 4592 scripto
566 4537 679 4576 sua:
707 4519 967 4575 doctrina:
1022 4525 1219 4587 gerunt
1246 4518 1269 4570 ?
1298 4516 1374 4569 lbi
1435 4516 1769 4569 commodam
1800 4530 1884 4567 re—

322 4614 630 4686 spondendi
661 4622 851 4667 nactus
884 4610 1224 4665 occasionem
1258 4608 1370 4663 Alis
1400 4625 1416 4664 :
1450 4608 1513 4661 lli
1542 4607 1713 4661 nostri
1742 4607 1888 4675 judi-

320 4724 438 4773 ces,
464 4706 563 4771 ait,
592 4704 802 4758 nullum
857 4701 1213 4771 stipendium,
1311 4700 1487 4753 nullas
1517 4714 1760 4752 annonas
1794 4699 1890 4750 lia-

327 4805 475 4857 bent.
510 4799 584 4853 Ea
615 4800 727 4850 sola
758 4795 1014 4849 nimirum
1045 4803 1129 4847 est
1179 4806 1365 4855 causa,
1416 4805 1515 4844 cur
1567 4788 1744 4843 ofﬁcio
1790 4803 1891 4843 suo

328 4895 515 4947 minus
562 4888 919 4945 satisfaciant.
977 4884 1116 4951 Quid
1174 4897 1324 4951 ergo,
1379 4881 1660 4948 respondit
1712 4879 1907 4945 Chan,

328 4984 646 5039 faciundum
681 4984 839 5037 nobis
864 4995 1056 5036 censes
1085 4979 1108 5031 ?
1161 4974 1398 5031 Omnino
1425 4991 1482 5027 se
1530 4975 1890 5044 eorrigerent,

330 5079 509 5146 inquit
531 5075 664 5139 Alis,
694 5077 740 5131 si
771 5075 901 5144 quid
928 5074 1010 5128 eis
1036 5072 1289 5141 stipendii
1322 5077 1721 5124 numeraretur.
1750 5065 1889 5117 Tum

331 5170 605 5239 Bajazites
636 5187 651 5223 :
693 5167 972 5236 Siquidem
1014 5172 1325 5235 comparata
1352 5177 1436 5216 res
1486 5168 1590 5220 est,
1619 5156 1890 5226 quoddam

330 5267 454 5335 ipse
478 5264 734 5318 salarium
760 5261 843 5315 eis
874 5258 1214 5315 constituite.
1257 5255 1398 5317 Alis,
1422 5253 1524 5333 hoc
1541 5266 1569 5304 a
1595 5250 1892 5303 Gilderuuc

332 5366 561 5425 accepto
594 5369 875 5423 responso,
907 5365 1076 5420 reque
1096 5364 1217 5403 cum
1252 5348 1433 5401 animo
1464 5358 1563 5398 suo
1611 5341 1898 5410 diligenter

335 5446 827 5518 expensa,tandetu
844 5443 1065 5511 reperit,
1087 5440 1215 5509 quid
1243 5438 1324 5491 eis
1366 5435 1589 5489 nomine
1632 5431 1893 5501 stipendii

336 5546 521 5608 posset
540 5532 1177 5606 assignarizvidelicetut
1225 5527 1475 5597 quisquis
1508 5524 1895 5585 ltmreditatetn,

335 5630 547 5698 aliquot
567 5627 803 5682 millibus
825 5638 1107 5695 asprorunt
1124 5621 1470 5683 aestimatam,
1488 5617 1683 5680 adiret;
1706 5613 1897 5677 Cadio,

337 5726 455 5779 sive
473 5722 671 5791 judici,
696 5719 853 5789 cujus
872 5712 1380 5786 ipsejurisdictioni
1407 5712 1686 5777 subjectus
1729 5715 1898 5767 esset,

340 5832 449 5887 pro
468 5813 699 5884 singulis
728 5810 958 5867 millenis
994 5811 1167 5878 aspris
1185 5803 1397 5875 ,viginti
1424 5816 1616 5871 aspros
1638 5799 1897 5856 solveret:

1972 3244 2187 3314 publica
2219 3244 2321 3298 fide
2345 3245 2507 3297 cavit.
2540 3245 2728 3313 Itaque
2789 3245 2900 3298 illis
2952 3252 3106 3297 extra
3164 3243 3353 3294 urbem
3412 3256 3536 3307 pro-

1971 3334 2283 3401 deuntibus,
2321 3335 2579 3390 accedere
2606 3336 2805 3389 milites
2824 3333 3068 3395 Turcici,
3089 3333 3288 3401 quibus
3317 3344 3533 3383 annona
3560 3368 3565 3372 ι

1962 3442 2110 3496 opus
2169 3436 2334 3488 esset,
2400 3442 2462 3481 ac
2526 3426 2831 3480 necessaria
2889 3438 3229 3492 comparare,
3294 3421 3411 3473 sine
3443 3436 3535 3472 cu-

1972 3517 2226 3588 jusquam
2258 3519 2340 3573 vel
2375 3519 2595 3582 damno,
2622 3518 2704 3571 vel
2734 3517 2955 3586 injuria,
3019 3515 3197 3570 soluto
3246 3511 3533 3567 confestim

1973 3610 2166 3678 pretio.
2198 3609 2313 3676 Qua
2365 3611 2513 3664 cives
2539 3620 2593 3664 et
2622 3610 2855 3679 regionis
2878 3606 3091 3670 incolae,
3116 3605 3401 3673 disciplina
3434 3604 3537 3655 mi-
3568 3643 3572 3646 .

1972 3702 2115 3755 litari
2178 3712 2476 3771 perspecta,
2503 3718 2607 3756 non
2635 3715 2692 3755 se
2718 3701 2898 3765 modo,
2970 3715 3094 3753 cum
3131 3700 3265 3751 urbe
3294 3699 3539 3761 obsessa,

1972 3790 2281 3845 Gilderunis
2364 3791 2620 3860 potestati
2706 3788 3112 3858 permiserunt,
3175 3798 3360 3837 verum
3421 3783 3541 3850 ejus

1975 3883 2139 3936 etiam
2172 3883 2362 3947 castri,
2402 3881 2542 3951 quod
2599 3881 2795 3934 Album
2865 3888 3083 3945 vocant,
3146 3876 3565 3940 civitatumque-

1977 3972 2180 4041 Nigdes
2219 3982 2273 4026 et
2300 3971 2577 4036 Caisariae,
2611 3970 2941 4024 deditionem
2970 3967 3236 4021 fecerunt.
3282 3962 3418 4015 Tum
3453 3976 3542 4012 ve-

1977 4079 2039 4118 ro
2070 4063 2405 4119 Caramattiae
2431 4063 2705 4132 princeps,
2746 4074 2929 4113 rerum
2993 4071 3217 4112 suarum
3276 4054 3540 4122 trepidus,

1979 4166 2035 4211 et
2059 4157 2191 4226 quid
2222 4167 2426 4224 ageret,
2459 4155 2681 4224 ignarus
2706 4169 2721 4210 :
2756 4152 2971 4206 tandem
3027 4159 3186 4216 capto
3207 4161 3332 4200 cum
3360 4145 3544 4198 animo
3572 4186 3576 4190 .

1980 4264 2080 4303 suo
2102 4248 2357 4311 consilio,
2398 4257 2452 4301 et
2504 4246 2739 4315 quodam
2764 4244 2835 4298 ad
2909 4240 3204 4309 Bajazitem
3271 4239 3573 4304 δωρεαίοη

1980 4340 2065 4393 sic
2094 4354 2216 4393 cum
2239 4354 2305 4392 eo
2336 4337 2631 4403 transegit,
2672 4332 2959 4402 ut0ppidis
3017 4328 3291 4383 nonnullis
3325 4328 3547 4396 provin-

1985 4431 2082 4482 ciae
2114 4444 2225 4483 suat
2245 4427 2522 4483 Gilderuni
2550 4434 2745 4495 sponte
2774 4424 3008 4476 cederet.
3071 4421 3121 4474 Is
3157 4428 3333 4471 autem
3383 4420 3581 4470 rebus.

1989 4520 2135 4574 hisce
2164 4520 2351 4588 gestis,
2379 4516 2601 4570 Prusatn
2651 4528 2922 4575 reversus,
2947 4512 3010 4566 ad
3039 4510 3176 4563 duos
3210 4509 3279 4563 ibi
3340 4521 3576 4560 incnsvs.

1988 4613 2210 4681 quievit.
2254 4609 2381 4663 Inde
2441 4622 2577 4661 nova
2639 4604 2981 4674 expeditione
3022 4609 3293 4668 suscepta,
3354 4597 3546 4649 Borlen

1990 4708 2140 4767 adiit,
2163 4717 2331 4770 eaque
2355 4714 2473 4753 mox
2503 4698 2705 4766 potitus
2732 4705 2835 4749 est.
2856 4693 2994 4748 Hinc
3022 4693 3087 4746 ad
3120 4706 3329 4745 amnem
3363 4689 3546 4742 Kisatu

1993 4795 2347 4866 progreditur.
2435 4790 2564 4859 Ejus
2612 4789 2851 4858 regionis
2917 4789 3193 4862 princeps,
3227 4784 3315 4837 cui
3356 4798 3546 4833 nomen

1994 4888 2288 4947 lsvemliar.
2323 4884 2387 4937 ad
2415 4884 2602 4935 urbem
2645 4880 2888 4948 Sinopen
2929 4877 3244 4948 320fuga
3272 4889 3392 4927 sese
3423 4888 3552 4923 con~

1996 4977 2134 5033 tulit.
2164 4973 2430 5042 Bajazites
2457 4971 2630 5039 legato
2669 4969 2736 5024 ad
2789 4970 2939 5023 illum
2985 4970 3172 5028 misso,
3237 4966 3383 5033 pacis
3407 4978 3554 5014 com-

1996 5068 2257 5138 poneudae
2289 5078 2473 5128 causa,
2508 5062 2754 5130 quaedam
2791 5062 2987 5131 Oppida
3038 5060 3141 5113 sibi
3192 5055 3440 5115 retinuit,
3469 5051 3557 5103 die

1999 5160 2194 5214 tionem
2216 5156 2472 5224 reliquam
2504 5151 2798 5207 lsvendiari
2823 5150 3077 5211 restituit,
3101 5162 3163 5200 ac
3180 5147 3403 5200 Prusam
3428 5157 3553 5195 cum

1998 5250 2238 5306 exercitu
2302 5246 2479 5301 rediit.
2534 5244 2843 5299 Eveneruut
2904 5244 3025 5295 haec.
3075 5254 3218 5293 anno
3251 5236 3351 5291 797
3400 5233 3581 5305 (Cir...

2004 5340 2183 5408 1396).

2074 5430 2382 5486 Secundum
2407 5433 2521 5482 itare
2543 5440 2733 5482 rursus
2788 5425 3063 5480 Amasiatn
3129 5424 3297 5476 Prusa
3338 5432 3583 5474 conten-7

2005 5527 2102 5580 dit.
2131 5524 2257 5577 inde
2288 5522 2450 5590 petita
2482 5521 2711 5583 Sivaste,
2772 5531 2891 5585 qua:
2926 5516 3141 5584 quidem
3175 5516 3307 5568 urbs
3328 5514 3377 5566 ei
3434 5526 3577 5565 mox.

2004 5635 2034 5672 a
2064 5616 2187 5672 Casi
2212 5615 2492 5668 Burchane
2523 5612 2700 5666 dedita
2733 5610 2855 5664 fuit.
2918 5608 3065 5662 Hanc
3086 5618 3234 5677 pater
3267 5605 3433 5661 Emiri
3464 5604 3583 5657 Som

2008 5708 2228 5764 leimani
2262 5705 2371 5759 tilio
2402 5702 2692 5759 concessit.
2726 5699 2858 5755 Erat
2902 5700 3153 5770 princeps
3209 5698 3452 5767 quidam,
3475 5696 3571 5749 cui

2005 5814 2203 5855 nomen
2225 5795 2453 5851 Tecltrin
2478 5795 2667 5863 begus.
2686 5791 2745 5848 Ei
2781 5791 3051 5864 Bajazites
3084 5791 3386 5862 Erzingam,
3412 5787 3572 5856 cugus
