4026 6204
575 339 680 404 595

1831 354 2185 416 ANNlLES
2215 358 2555 419 TlIRfIlCl.
3664 378 3751 439 596

568 472 687 515 erat
748 462 1020 518 dominus,
1100 478 1203 517 ron
1260 463 1329 517 ita
1359 467 1563 537 pridem
1589 479 1847 538 ereptam,
1878 473 2148 525 restituit:
2182 481 2219 533 Α
2252 476 2490 542 Chalepo
2550 480 2814 538 evocatis,
2875 478 3012 530 haud
3086 480 3269 546 procul
3331 481 3555 553 Chalo-pn
3582 486 3747 543 Teiniri

571 557 764 611 liberis
814 564 1017 617 tamen,
1060 565 1163 608 tam
1192 558 1429 611 maribus
1452 574 1611 629 quam
1639 560 1874 624 feminis,
1897 558 2141 616 obsidum

574 649 690 702 loco
716 646 960 704 retentis.
988 658 1039 698 et
1071 644 1291 700 Prusam
1326 650 1527 705 missis.
1562 650 1688 706 Post
1719 653 1832 706 haec
1862 653 2138 723 Mtrlatigctt

570 737 1011 808 eopiasduxit.lis
1030 739 1081 791 in
1100 740 1227 792 locis
1244 742 1457 809 oppida,
1479 742 1783 813 Diorrygem
1804 754 1853 798 et
1871 745 2138 807 Guxinen,

568 833 649 888 sui
685 846 803 885 cum
841 829 981 898 juris
1030 830 1245 887 fecisset
1288 834 1507 889 Prusam
1533 852 1801 903 reversus,
1829 839 2137 907 aliquandiu

569 924 736 993 quieti
763 938 828 981 se
861 925 1028 979 dedit.
1061 925 1186 979 Erat
1225 927 1309 979 hic
1332 943 1507 983 annus
1528 929 1629 982 798
1666 930 1996 998 (Cit.1597).
2022 930 2140 996 Quo

569 1029 810 1089 tempore
834 1018 1017 1074 Temir
1044 1020 1195 1074 Chan
1224 1019 1566 1087 expeditione
1606 1036 1796 1076 rursus
1871 1022 2136 1083 instituta.

562 1127 656 1180 per
688 1112 959 1181 regionem
1008 1110 1329 1165 Parthorum
1393 1126 1544 1165 arma
1593 1113 1951 1168 circumtulit.
1987 1114 2135 1168 Tan-

559 1205 679 1257 t'em
724 1219 1035 1274 progressus
1083 1205 1326 1265 ulterius,
1358 1212 1409 1257 et
1461 1204 1756 1275 Cbalepum
1790 1204 2139 1262 Damascum-

566 1312 671 1350 t-nc
724 1298 889 1351 ducto
917 1300 1182 1363 exercitu,
1241 1298 1533 1367 Chalepnm
1591 1299 1840 1353 universa
1876 1314 1995 1352 cum
2056 1316 2137 1351 re-

560 1390 717 1452 gione
768 1391 995 1444 finitima
1032 1393 1361 1460 oecupavit:
1436 1392 1755 1445 Damascum
1810 1390 1950 1447 finde
1997 1391 2137 1446 dirc-

563 1492 705 1552 ptatn
739 1485 1022 1553 populatus
1054 1496 1157 1545 est.
1177 1500 1319 1538 anno
1348 1484 1451 1537 800
1473 1483 1624 1553 (Chr.
1648 1483 1803 1553 1599)

634 1575 935 1631 lndicatnm
967 1578 1115 1633 fulta
1139 1579 1294 1632 nobis
1325 1578 1579 1635 antehac.
1631 1578 1975 1632 Gildertt':em
1995 1578 2133 1632 Cha-

468 1654 469 1657 i
563 1685 682 1723 rem
718 1686 908 1725 versus
934 1686 1123 1726 omnes
1149 1672 1219 1725 im
1234 1671 1366 1739 perii
1394 1672 1475 1725 sui
1505 1671 1636 1725 lines
1693 1680 2024 1738 grassatum,
2050 1673 2133 1724 di-

562 1765 737 1819 tiones
764 1766 969 1819 alienas
991 1765 1288 1820 invasisse:
1317 1781 1550 1834 cumque
1575 1782 1639 1821 ne
1660 1781 1772 1821 suae
1793 1767 2006 1833 quidem
2042 1781 2126 1819 re-

562 1856 748 1926 ligioni
777 1854 980 1912 deditis
1008 1868 1270 1925 parceret,
1302 1856 1607 1928 Melatigen.
1627 1859 1934 1929 Diorrygem
1955 1858 2122 1913 Guxi-

563 1962 779 2016 nenqne
813 1947 1168 2002 'l‘nrcomanis
1224 1950 1490 2018 eripuisse
1543 1965 1556 2002 :
1615 1966 1842 2018 prorsus
1902 1950 2131 2019 denique

562 2039 677 2094 suis
714 2054 807 2094 eos
842 2039 1143 2097 ditionibus
1172 2055 1266 2111 per
1293 2057 1559 2097 summam
1592 2042 1844 2111 injuriam
1875 2042 2129 2111 expulsos

562 2128 898 2201 profligasse.

634 2222 955 2293 Quanquam
1011 2223 1430 2294 nehocquidcm
1483 2223 1959 2289 dissimulandum,
1991 2223 2133 2277 Tur-

562 2330 822 2371 cornanos
848 2331 942 2371 eas
959 2317 1226 2387 regiones,
1258 2332 1381 2373 cum
1404 2318 1615 2389 oppidis
1633 2333 1739 2372 non
1769 2334 1961 2389 magno
1980 2317 2129 2373 labo-

562 2420 624 2462 re
652 2422 752 2462 suo
784 2422 1005 2477 parasse
1030 2425 1044 2461 :
1066 2423 1189 2469 nec.
1229 2408 1307 2462 uti
1334 2408 1487 2463 boote
1508 2408 1628 2464 lidei
1653 2424 2015 2478 possessores,
2039 2410 2129 2477 jus

563 2511 724 2551 suum
751 2496 1049 2568 longissimi
1082 2498 1338 2568 temporis
1390 2500 1797 2569 praescriptione
1827 2501 1990 2555 tutari
2029 2517 2127 2570 po-

564 2589 754 2645 tuisse.
784 2588 964 2645 Nihilo
983 2591 1162 2646 minus
1214 2592 1336 2657 hoc.
1398 2606 1508 2662 quo
1558 2592 1786 2656 dictum,
1822 2593 1981 2648 modo
2012 2594 2128 2647 suis

563 2679 727 2746 eiecti
771 2681 989 2745 finibus,
1022 2682 1086 2735 ad
1118 2682 1452 2740 Alcairensis
1512 2684 1711 2739 sultani
1767 2684 2128 2755 patrocinium

563 2780 623 2821 se
659 2768 956 2830 contulere,
988 2771 1090 2824 sub
1115 2771 1233 2838 ejus
1256 2772 1484 2841 imperio
1524 2773 1650 2828 sede
1674 2773 1775 2828 sibi
1805 2775 2123 2829 constituta.

564 2855 750 2911 Potuit
782 2860 1053 2913 istantum
1080 2860 1311 2927 elliccre,
1343 2864 1471 2918 dum
1527 2862 1785 2920 Gilderun
1820 2863 1970 2919 Chan
1996 2880 2126 2920 con-

558 2946 720 3017 jectis
751 2949 805 3002 in
837 2949 1107 3005 Temirem
1138 2951 1377 3007 Chanem
1395 2954 1590 3016 oculis,
1624 2955 1853 3009 sollicite
1878 2969 2126 3025 pregres-

565 3053 661 3093 sus
696 3038 868 3108 ipsius
897 3041 1233 3109 observaret;
1298 3052 1541 3114 utopera
1598 3061 1694 3102 sua
1752 3045 2123 3104 Turcomanos

2245 552 2673 623 Cltani'occnrit.
2724 569 3020 638 Pugnatum
3076 572 3219 624 inter
3281 583 3527 640 utrosque
3549 588 3752 641 strenue,

2246 660 2337 711 sed
2368 660 2543 713 victus
2570 660 2771 714 Alcairi
2806 659 3056 715 sultanus
3107 662 3159 714 in
3225 661 3506 732 Egyptum
3537 669 3754 735 profugit.

2250 752 2344 805 Illo
2364 753 2466 806 sibi
2489 754 2669 822 fugam
2701 756 3041 817 consulente,
3070 754 3365 822 Chalepnm
3390 763 3440 808 et
3476 757 3757 811 Cliemesam

2245 844 2293 895 vi
2326 843 2509 897 Tcmir
2532 856 2825 914 expugnat.
2854 846 2988 899 Cum
3017 845 3294 900 Chemesze
3348 848 3608 915 complura
3631 863 3763 914 pere-

2245 936 2483 1002 leganter
2510 947 2782 991 exstructa
2843 946 3182 992 mortuorum
3235 948 3573 991 monumenta
3604 954 3765 992 cerne-

2248 1037 2351 1087 ret,
2384 1026 2606 1094 quinam
2646 1028 2700 1081 in
2729 1028 2807 1081 eis
2864 1027 3060 1095 sepulti
3108 1028 3766 1095 eonderenturinterroga-

2242 1115 2339 1168 vit.
2376 1116 2716 1193 Responsum
2767 1117 2835 1170 ab
2882 1117 3098 1179 incolis,
3139 1132 3263 1171 esse
3309 1117 3398 1171 illa
3448 1118 3674 1186 sepulcra
3701 1116 3765 1171 fa-

2242 1208 2513 1260 mulorum
2576 1208 2959 1277 sociorumque
2993 1208 3133 1262 vatis
3168 1207 3518 1271 Mabumetis,
3552 1210 3766 1264 videlicet

2239 1297 2502 1357 Chalidis.
2535 1300 2627 1368 qui
2662 1300 2862 1354 Velidis
2892 1299 3054 1355 fuerit
3086 1301 3251 1364 filius,
3312 1310 3367 1355 et
3398 1301 3759 1355 Kiabeleeliha-

2240 1392 2337 1455 ris,
2366 1402 2416 1445 et
2441 1390 2672 1451 Omeris.
2696 1405 2748 1446 et
2804 1393 3050 1463 Mueigaa,
3100 1395 3193 1464 qui
3257 1394 3573 1448 Mahnmetis
3630 1391 3769 1446 fuerit

2239 1498 2449 1538 cursor.
2488 1484 2596 1535 Hoc
2626 1486 2924 1546 intellecto,
2957 1500 3185 1556 corpora
3243 1486 3462 1556 quidem
3500 1486 3761 1539 incolarum

2236 1588 2356 1628 esse
2377 1573 2541 1627 libera
2565 1574 2746 1641 jussit,
2780 1574 2873 1627 sed
2906 1574 3193 1628 facultates
3230 1589 3421 1629 omnes
3470 1574 3545 1626 eis
3573 1572 3767 1625 ademit.

2239 1666 2498 1719 Chemesa
2526 1666 2827 1725 discedens.
2864 1678 2915 1720 et
2935 1668 3258 1721 Bealt-ecum
3301 1666 3584 1734 profectus,
3619 1665 3664 1719 id
3689 1678 3768 1729 np-

2237 1760 2417 1828 pitlum
2453 1759 2602 1826 prius
2626 1758 2892 1825 direptum
2929 1759 3125 1813 vastari
3159 1774 3354 1829 passus
3384 1768 3483 1813 est.
3539 1756 3768 1809 Bealbeco

2242 1854 2557 1906 Damascum
2587 1851 2772 1913 rediit,
2804 1864 2987 1904 arcem
3029 1851 3181 1905 urbis
3233 1850 3356 1919 ejus
3385 1858 3724 1918 occupaturus
3753 1859 3767 1897 :

2236 1958 2423 1997 verum
2461 1943 2863 2013 oppugnatione
2886 1944 3059 2012 prima
3097 1944 3231 1998 nihil
3264 1943 3464 1997 eﬂ‘ecit.
3491 1942 3647 2011 Igitur
3666 1954 3767 1991 eam

2232 2038 2413 2090 denuo
2436 2034 2830 2089 vehementiori
2858 2036 3092 2091 militum
3147 2050 3440 2107 aggressus
3465 2036 3673 2103 impetu,
3727 2030 3769 2083 vi

2238 2131 2400 2198 cepit.
2440 2128 2700 2184 Damasco
2743 2132 2796 2184 in
2822 2137 3144 2199 potestatem
3172 2129 3416 2188 redacta.
3445 2140 3679 2182 reversus
3702 2130 3773 2175 est

2232 2223 2285 2276 in
2316 2221 2611 2282 Parthiam.
2643 2232 2697 2277 et
2727 2223 2793 2277 ad
2821 2223 3011 2277 urbem
3035 2221 3382 2290 Carabagum
3400 2219 3590 2275 castris
3619 2218 3767 2271 locum

2233 2319 2449 2389 delegit,
2477 2332 2651 2387 eoque
2710 2332 2832 2371 cum
2885 2317 3000 2373 suis
3030 2316 3084 2371 in
3153 2316 3384 2371 hiberna
3446 2328 3504 2369 se
3552 2308 3770 2366 contulit.

2236 2410 2593 2480 Posteaquam
2620 2410 2767 2465 veris
2806 2418 3019 2479 tempus
3049 2409 3391 2480 appetiissct,
3423 2406 3678 2461 Amasiam
3705 2401 3773 2453 sie

2233 2500 2385 2555 duxit
2414 2500 2735 2566 exercitum,
2778 2509 2839 2554 ut
2867 2500 3151 2571 Erzingam
3199 2499 3357 2568 prius
3373 2495 3640 2552 accederet
3666 2490 3771 2554 ,in-

2232 2593 2299 2647 de
2332 2607 2517 2646 versus
2541 2591 2801 2662 Engurim
2835 2600 3107 2663 pergeret.
3183 2591 3266 2645 Ab
3295 2592 3471 2645 altera
3527 2594 3668 2657 parte
3715 2594 3774 2635 ne

2230 2684 2488 2739 Gildcrun
2529 2684 2748 2753 quidem
2776 2684 2926 2738 Chan
2957 2682 3167 2739 otiosus
3222 2690 3367 2747 erat,
3426 2679 3520 2735 sed
3540 2677 3773 2739 belloge-

2230 2776 2400 2828 rendo
2432 2775 2694 2836 intentus,
2722 2773 2987 2828 maximas
3035 2772 3259 2840 cogebat
3282 2773 3496 2841 copias.
3532 2768 3582 2821 In
3607 2761 3771 2834 primis

2230 2880 2357 2919 vero
2396 2864 2716 2918 Tatarorum
2748 2882 2813 2919 ex
2838 2865 3061 2932 regione
3108 2863 3358 2919 Destensi
3399 2857 3767 2915 tniiltitudinem

2218 2971 2397 3025 prope
2427 2956 2694 3009 infinitam
2733 2956 2834 3010 sibi
2866 2953 3115 3022 adiunxit
3142 2972 3158 3012 :
3192 2970 3337 3016 quos
3368 2970 3460 3023 per
3481 2947 3769 3005 Moldaviatl

2227 3048 2521 3118 profectos,
2553 3056 2603 3100 et
2638 3047 2690 3099 in
2716 3047 3063 3108 :Romaniam
3098 3046 3327 3107 effusos,
3356 3045 3479 3098 inde
3535 3054 3702 3097 secum
3724 3034 3769 3089 in

566 3132 779 3185 exsules
804 3132 856 3186 in
900 3132 1168 3203 integrum
1205 3136 1535 3192 restitueret.
1585 3136 1667 3192 Illi
1707 3148 1885 3194 tamen
1942 3138 2122 3203 facile,
2149 3152 2196 3215 ς
2230 3140 2499 3196 Natoliam
2535 3137 2780 3193 abduxit.
2815 3140 2893 3192 Ad
2918 3153 3210 3200 summam.
3252 3140 3421 3195 talem
3451 3141 3769 3190 actantume

563 3225 730 3278 certis
804 3227 1019 3282 adducti
1088 3242 1266 3282 rerum
1322 3232 1676 3300 argumentis,
1732 3232 2129 3301 perspiciebant

565 3314 988 3382 Bajasitemnon
1026 3321 1194 3374 multo
1214 3324 1539 3390 posttltaud
1599 3325 1763 3380 dubie
1819 3341 1906 3381 res
1960 3342 2128 3382 novas

566 3409 1114 3480 moliturum.ltaque
1168 3430 1292 3468 cum
1360 3415 1699 3487 principibus
1748 3420 1984 3484 caeteris,
2035 3420 2128 3489 qui

561 3503 755 3571 partim
793 3518 822 3555 a
859 3502 1151 3560 Gilderunc
1171 3506 1311 3562 bello
1365 3508 1536 3576 petiti,
1560 3510 1755 3578 partim
1778 3511 1893 3566 suis
1913 3511 2127 3581 spoliati

564 3592 796 3649 fortunis
829 3608 1010 3661 erant,
1045 3613 1167 3652 cum
1194 3598 1463 3654 Teehrine
1507 3602 1776 3665 videlicet,
1827 3618 1953 3658 cum
1992 3603 2130 3659 Ger-

564 3687 768 3752 miano,
803 3704 925 3741 enm
958 3691 1229 3747 Dnzinone
1273 3694 1547 3750 Aidinensi
1601 3696 1755 3764 bego,
1783 3711 1904 3751 cum
1927 3696 2129 3751 Mente-

562 3782 648 3836 sio
673 3780 930 3852 denique,
956 3782 1130 3841 foedus
1155 3794 1317 3856 atque
1361 3789 1671 3843 societatem
1702 3789 1959 3843 inierunt.
1998 3789 2127 3843 Om-

561 3888 659 3929 nes
696 3873 842 3929 enlm
884 3876 958 3942 hi,
991 3891 1221 3947 quorum
1264 3892 1581 3936 enumerata
1635 3881 1875 3946 nomina,
1897 3898 2004 3936 non
2030 3883 2126 3935 mi-

563 3981 758 4021 norum
794 3969 950 4036 quasi
982 3968 1221 4037 gentium
1285 3970 1491 4027 domini
1542 3972 1805 4028 duntaxat
1857 3975 1911 4028 in
1940 3974 2127 4029 iis-ter-

560 4057 661 4121 ris,
697 4073 887 4113 verum
919 4060 1081 4115 etiam
1128 4061 1402 4131 principes
1462 4072 1638 4118 erant.
1714 4065 1796 4120 Ab
1853 4066 1937 4120 his
1998 4080 2127 4133 ergo

559 4152 832 4205 communi
856 4152 1073 4207 nomine
1132 4163 1295 4208 missa
1345 4154 1445 4210 fuit
1467 4156 1534 4211 ad
1600 4156 1867 4213 Temirem
1909 4159 2125 4228 legatio,

559 4260 679 4313 qum
704 4259 828 4301 eum
860 4245 926 4300 ad
963 4248 1139 4318 ipsum
1189 4249 1542 4317 pervenisset,
1586 4250 1878 4319 deploratis
1907 4253 2123 4307 illorum

559 4337 864 4407 principum
892 4339 1151 4394 arumnis
1179 4349 1341 4409 atque
1390 4341 1649 4407 miseriis,
1710 4351 1916 4399 tantum
1984 4346 2126 4414 apud

557 4441 684 4483 eum
714 4428 959 4483 oratione
986 4444 1084 4484 sua
1143 4430 1406 4500 perfecit,
1455 4444 1513 4486 ut
1536 4433 1733 4487 bellum
1763 4450 1822 4489 se
1850 4436 2121 4490 facturum

2230 3234 2496 3288 Romania
2553 3233 2915 3301 Anatoliaque
2937 3232 3497 3301 collegitexercitum.
3527 3236 3584 3281 ut
3604 3225 3771 3278 adver-

2232 3327 2392 3382 sariis
2425 3326 2514 3380 ille
2550 3326 2722 3395 copiis
2772 3326 2928 3380 facile
2957 3326 3258 3395 comparari
3283 3333 3493 3394 posset.
3530 3321 3657 3376 Cum
3700 3313 3773 3367 bis

2230 3432 2360 3487 ergo
2380 3418 2763 3487 profectionem
2791 3432 2979 3473 versus
3006 3417 3258 3486 Engnritu
3286 3414 3548 3473 instituit.
3571 3404 3773 3475 summis

2230 3525 2413 3565 secum
2439 3510 2491 3564 in
2517 3511 2595 3565 eis
2621 3509 2979 3578 expeditionis
3005 3510 3320 3564 societatem
3353 3509 3473 3564 filiis
3529 3504 3655 3559 suis.
3691 3496 3773 3553 Ubi

2228 3601 2339 3672 jam
2370 3616 2493 3657 cum
2515 3602 2847 3657 exercitibus
2869 3603 3164 3670 imperator
3197 3602 3341 3655 alter
3361 3601 3430 3656 ab
3476 3599 3640 3655 altero
3681 3605 3773 3646 nou

2230 3693 2416 3762 procul
2456 3692 2663 3751 aberat.
2714 3692 3216 3747 forte'l‘emirChan
3235 3692 3328 3747 die
3348 3693 3580 3761 quodam
3625 3684 3774 3741 lovis.

2229 3783 2405 3855 prima
2428 3783 2584 3852 321
2615 3783 2753 3847 lucc,
2782 3783 3043 3851 processit
3062 3784 3127 3837 ad
3151 3784 3390 3851 spatium
3413 3781 3639 3837 medium
3656 3776 3779 3829 inter

2229 3878 2510 3931 amborum
2535 3876 2828 3941 exercitus,
2862 3885 3022 3944 atque
3049 3876 3117 3930 ibi
3145 3876 3343 3930 castris
3382 3878 3556 3931 locum
3586 3866 3777 3932 delegit.

2231 3982 2405 4033 eaque
2439 3967 2581 4023 fossa
2614 3967 2980 4021 circumducta
3038 3968 3287 4023 munivit.
3353 3968 3555 4022 Eodem
3586 3973 3637 4015 et
3679 3957 3773 4014 Gd-

2229 4060 2399 4114 derun
2433 4059 2582 4113 Chan
2629 4074 2750 4113 cum
2796 4074 2914 4113 sese
2967 4060 3070 4115 sub
3110 4076 3392 4130 vesperam
3461 4056 3774 4113 contulisset.

2229 4161 2407 4205 castra
2440 4164 2535 4219 pro
2569 4149 2681 4203 Suis
2735 4147 2919 4203 itidem
2950 4149 3123 4217 copiis
3157 4159 3398 4204 metatus
3427 4157 3529 4203 est.
3562 4139 3776 4197 Tandem

2229 4244 2315 4296 die
2358 4244 2590 4309 quodam
2624 4240 2875 4303 Veneris,
2930 4256 3145 4296 summo
3193 4258 3379 4307 inane,
3431 4234 3699 4295 instructis
3721 4227 3781 4282 ab

2229 4343 2460 4403 utraque
2514 4343 2668 4403 parte
2723 4334 2964 4398 aciebus,
3030 4350 3061 4390 e
3134 4334 3342 4390 fossato
3409 4336 3635 4404 quisque
3692 4336 3781 4378 suo

2227 4434 2416 4480 contra
2444 4441 2503 4479 se
2551 4427 2777 4481 invicem
2832 4426 3274 4495 progrediuntur.
3310 4428 3378 4481 Et
3435 4427 3681 4481 Gildernn
3713 4418 3778 4469 ita

556 4516 864 4583 Gilderuni,
892 4536 998 4589 quo
1034 4521 1212 4574 illatas
1243 4520 1376 4591 ipsis
1401 4522 1695 4577 vindicaret
1720 4524 1975 4592 injurias,
2000 4528 2119 4594 pol-
2158 4507 2199 4563 D
2229 4533 2362 4573 suos
2393 4520 2693 4585 ordinarat,
2751 4528 2811 4573 ut
2856 4520 3169 4575 adversario
3218 4536 3277 4575 se
3334 4538 3442 4575 non
3488 4516 3774 4577 inferiorem

561 4609 838 4665 liceretur.
870 4614 1009 4665 Ante
1032 4622 1234 4674 tamen.
1264 4628 1427 4683 quam
1459 4613 1659 4667 bellum
1714 4616 1817 4672 hoc
1850 4614 2128 4671 Gilde'runi

563 4702 746 4755 Temir
777 4702 1025 4765 inferret,
1051 4704 1299 4758 exsulum
1324 4720 1484 4761 causa
1515 4719 1643 4761 suos
1674 4707 1740 4761 ad
1806 4722 1929 4762 eum
1985 4709 2131 4763 misit

563 4792 948 4859 internuntios,
968 4809 1183 4849 omnem
1210 4797 1372 4864 (quod
1418 4796 1589 4867 aiunt)
1610 4796 1837 4866 lapidem
1864 4809 2129 4862 moturos.

567 4896 624 4937 ut
657 4884 799 4939 inter
829 4896 1115 4956 utramque
1145 4898 1353 4956 partem
1381 4890 1766 4959 transigerent,
1795 4890 1956 4958 idque
1990 4894 2128 4946 dun-

572 4984 719 5029 taxat
748 4991 917 5029 unum
960 4977 1327 5047 impetrarent.
1361 4994 1469 5049 quo
1507 4979 1589 5032 fas
1634 4981 1898 5034 restitutis
1927 4983 2130 5035 exsuli-

568 5068 671 5123 bus
723 5076 887 5130 esset,
937 5070 1227 5138 tranquille
1255 5072 1556 5127 ditionibus
1599 5074 1713 5127 suis
1762 5075 2131 5144 alisqneinjn-

567 5158 646 5211 ria
673 5156 1006 5224 Gilderunis,
1040 5160 1251 5223 utendi,
1283 5160 1523 5215 fruendi.
1550 5161 1744 5215 Verum
1780 5166 1879 5217 hac
1908 5165 2128 5234 legatio-

561 5266 631 5302 ne
661 5248 937 5303 incassum
968 5249 1157 5311 missa,
1195 5264 1317 5301 cum
1345 5249 1528 5303 Temir
1552 5264 1579 5302 a
1613 5248 1903 5303 Gildernnc
1922 5250 2126 5319 despici

565 5356 623 5394 se
655 5340 1040 5409 contemnique
1073 5340 1279 5394 videret
1302 5379 1315 5396 .
1354 5348 1735 5409 prmpotentem
1768 5341 1947 5409 coegit
1977 5356 2131 5395 exer:

565 5432 759 5496 eitum,
791 5447 902 5501 quo
941 5434 1005 5489 ad
1056 5432 1240 5487 urbem
1270 5448 1393 5501 quae
1427 5431 1641 5486 Sivaste
1678 5432 1883 5486 dicitur
1908 5472 1923 5497 ,
1954 5433 2130 5487 addu-

566 5533 678 5590 clo,
709 5540 906 5595 magna
936 5524 1083 5578 illam
1102 5523 1374 5578 celeritate
1399 5538 1493 5592 per
1549 5523 1655 5574 vim
1696 5526 2020 5592 expugnavit
2078 5535 2133 5580 et

567 5618 781 5681 evertit,
815 5619 930 5686 ipsa
963 5616 1128 5671 etiam
1191 5631 1317 5671 arce
1374 5617 1578 5669 diruta.
1632 5614 1939 5670 Secundum
2012 5620 2128 5674 haec

568 5708 814 5775 ingentes
846 5708 968 5763 illas
996 5707 1183 5775 copias
1200 5704 1522 5760 Damascum
1548 5704 1723 5759 duxit.
1751 5704 1971 5761 Interim
1997 5724 2126 5764 vero

571 5798 819 5856 sultanus
851 5802 1072 5865 Alt-airi,
1107 5799 1370 5855 militibus
1393 5798 1507 5852 suis
1567 5798 1802 5861 Aleairo,
1838 5800 2122 5869 Damasco,

2233 4608 2477 4665 futurum
2511 4611 2868 4665 existimaret.
2902 4611 3081 4665 ltebus
3127 4612 3403 4667 universis
3434 4620 3576 4666 recte
3618 4608 3781 4666 dispo'

2232 4702 2374 4765 sitis,
2409 4718 2532 4755 cum
2558 4703 2716 4771 signa
2754 4702 2881 4756 hinc
2910 4703 3034 4757 inde
3073 4703 3282 4757 sublata
3308 4703 3617 4762 volitarent,
3655 4695 3780 4749 lubt

2234 4794 2570 4863 clangerent,
2603 4804 2852 4865 tympana
2898 4794 3196 4849 castrensia
3230 4796 3575 4863 pulsarentur
3603 4798 3652 4842 et
3681 4787 3777 4853 iam

2229 4885 2455 4953 jamque
2472 4900 2821 4939 concursum
2847 4884 3158 4939 viderentur
3171 4886 3318 4941 acies
3342 4902 3357 4939 :
3383 4896 3495 4939 tum
3517 4895 3639 4935 vero
3660 4877 3777 4929 Des-

2234 4985 2416 5029 tenses
2439 4975 2645 5037 Tatari,
2675 4975 2871 5030 violata
2892 4975 2996 5029 fide
3023 4977 3264 5037 militari.
3293 4992 3417 5031 mox
3443 4976 3508 5028 ad
3530 4970 3775 5026 Temirem

2234 5067 2594 5129 transierunt,
2617 5066 2912 5134 itidemque
2931 5067 3125 5120 milites
3140 5082 3170 5121 e
3197 5068 3510 5136 regionibus
3527 5050 3776 5117 Germiani

2234 5165 2289 5209 et
2312 5154 2580 5219 Mentesii,
2599 5157 2742 5224 quod
2780 5157 3019 5225 ipsorum
3044 5159 3313 5227 principes
3337 5176 3366 5211 a
3396 5155 3621 5210 Temiris
3648 5149 3775 5203 Cha-

2237 5250 2321 5303 nis
2345 5249 2589 5316 partibus
2617 5259 2845 5313 starent,
2869 5251 2934 5303 ad
2966 5252 3183 5305 eosdem
3220 5268 3280 5305 se
3310 5256 3647 5318 receperunt.
3672 5240 3776 5304 QUO

2239 5342 2464 5403 factum,
2489 5352 2547 5394 ut
2571 5343 2851 5409 porissima
2874 5360 3018 5411 pars,
3037 5355 3091 5398 et
3112 5344 3288 5413 ipsum
3308 5346 3446 5397 adeo
3470 5342 3777 5395 robori-xer-

2235 5435 2397 5497 citus,
2431 5434 2517 5487 cui
2552 5436 2785 5489 maxime
2818 5436 3038 5501 ﬁdebat,
3067 5440 3223 5492 abeo
3262 5437 3618 5495 deﬁceret,ac
3641 5424 3787 5497 pertio

2235 5528 2334 5581 diae
2361 5528 2571 5581 macula
2598 5542 2656 5581 se
2679 5529 3093 5585 contaminaret.
3124 5530 3264 5595 Quin
3295 5532 3464 5583 etiam
3491 5527 3601 5581 suis
3632 5538 3657 5575 a
3694 5516 3759 5570 Illi

2236 5620 2422 5674 litibus
2441 5616 2708 5683 Tureicis,
2729 5619 2819 5687 qui
2849 5621 3044 5676 animis
3064 5623 3118 5677 in
3151 5639 3276 5678 eum
3318 5611 3786 5674 ttonnihiloflmtsls

2234 5711 2667 5774 erant,desertus
2684 5709 2803 5764 fuit.
2826 5709 3525 5769 Unustantumtnodanlci
3539 5708 3672 5763 filius
3688 5703 3792 5756 suis

2236 5819 2354 5856 eum
2390 5802 2559 5873 copiis
2589 5813 2890 5860 constanter
2932 5806 3191 5863 adversus
3217 5810 3434 5865 hostem
3479 5800 3722 5859 substitit.
3743 5802 3795 5849 cl
