4026 6204
280 342 393 400 507

1554 357 1908 420 ANNAl.ES
1949 359 2289 422 TURCICI.

3449 367 3559 427 ως

278 459 537 512 animose
560 459 842 528 pugnavit.
863 460 980 529 Quo
1001 462 1495 538 Temirconspecto
1517 490 1527 524 :
1553 473 1872 546 Prohquam
1902 476 1952 535 Α
1981 479 2291 539 occasione.
2350 476 2618 532 Tetnirem
2674 475 2954 547 alloquens
2989 494 3003 533 :
3038 474 3300 546 Equidem
3355 475 3553 542 fateor,

279 549 501 604 feroces
530 560 582 604 et
614 551 909 607 truculenti
930 564 1058 609 sunt
1084 556 1173 611 isti
1198 557 1449 625 Dervisii,
1473 563 1645 630 dixit;
1672 577 1877 637 quanto

278 656 414 693 cum
443 640 637 696 ardore
658 642 958 698 dimicant!
992 646 1071 699 Ad
1101 662 1219 716 quae
1250 649 1316 705 de
1349 656 1696 712 senatoribus
1727 658 1876 724 quis-

280 734 483 802 piam:
517 731 634 787 Non
680 733 734 787 hi
775 733 1001 792 dervisii
1061 750 1211 807 sunt,
1267 743 1363 809 ait,
1412 746 1504 801 sed
1552 747 1871 803 Christiani.

278 825 532 880 Tandem
558 836 613 882 et
643 826 795 882 Bulci
851 828 997 883 filius
1049 833 1458 904 animadvertit,
1507 843 1781 895 incassum
1816 857 1877 895 se

280 928 400 971 tam
431 910 631 973 acriter
659 919 962 988 prmliando
1004 923 1280 984 laborare.
1326 927 1460 983 Nam
1497 941 1548 985 et
1576 932 1677 1001 ipsi
1712 934 1875 990 Turci

279 1012 399 1079 jam
433 1014 488 1066 in
519 1015 831 1071 universum
857 1015 997 1086 fuga;
1021 1034 1079 1073 se
1105 1018 1393 1077 dederant.
1425 1024 1611 1091 Itaque
1636 1026 1876 1082 collectis

284 1105 435 1159 suis.
467 1107 713 1161 nonnihil
753 1108 816 1162 ad
873 1109 1101 1163 alterum
1154 1111 1299 1166 latus
1356 1129 1423 1170 ex
1471 1117 1587 1171 acie
1637 1118 1874 1176 deflexit.

284 1195 447 1251 idem
499 1215 621 1254 cum
650 1200 760 1255 suis
793 1208 847 1255 et
874 1200 1190 1258 Gilderunis
1221 1205 1365 1261 filius
1415 1206 1729 1277 Mustaphas
1776 1211 1879 1266 Ze-

286 1291 435 1347 iebis
472 1291 615 1357 fecit,
651 1292 739 1362 qui
772 1293 940 1347 etiam
984 1294 1088 1349 hoc
1122 1297 1309 1365 praelia
1359 1299 1540 1368 periit.
1593 1301 1714 1357 Haec
1749 1319 1873 1359 cum

284 1383 396 1451 ipsi
466 1384 641 1439 bassre
678 1383 968 1451 vidissent,
1026 1386 1263 1442 abducto
1323 1404 1508 1444 secum
1560 1393 1730 1449 entire
1776 1393 1877 1447 So-

283 1476 547 1541 ieitnaoe,
582 1474 763 1547 fugam
797 1476 1176 1547 arripuerunt.
1214 1478 1479 1537 Sultanns
1509 1481 1877 1540 Muchemetes

283 1585 414 1625 cum
449 1570 567 1625 suis
599 1571 875 1626 Amasiam
908 1573 1146 1641 repetiit.
1190 1572 1350 1629 Solus
1375 1574 1555 1630 adhuc
1585 1591 1709 1630 cum
1739 1594 1878 1648 prae-

287 1664 506 1718 toriano
539 1664 802 1719 comitatu
854 1663 1114 1719 Gilderun
1168 1666 1321 1721 Chao
1362 1669 1625 1725 immotus
1673 1669 1874 1728 stabat.

287 1754 398 1807 Sed
427 1753 644 1808 tandem
675 1752 729 1807 in
761 1752 934 1807 hostis
958 1763 1280 1821 potestatem
1310 1760 1476 1821 venit,
1508 1767 1564 1814 et
1587 1761 1653 1815 ad
1694 1760 1876 1815 Temi-

1979 570 2074 633 ait,
2102 585 2134 624 ο
2158 570 2331 632 Chao,
2364 569 2443 625 sic
2473 569 2526 622 in
2554 568 2680 623 fatis
2716 568 2911 623 fuisse.
2949 566 3072 623 Tibi
3106 568 3362 623 divinitus
3390 569 3556 624 desti-

1981 672 2101 716 nata
2135 662 2237 717 fuit
2276 662 2530 717 victoria.
2593 661 2697 716 Sed
2736 670 2841 727 est,
2875 661 3022 731 quod
3071 661 3168 717 abs
3221 672 3271 716 te
3324 673 3502 731 petam
3539 678 3553 715 :

1979 755 2139 808 modo
2179 764 2229 807 et
2282 754 2472 808 audire
2505 769 2610 816 me,
2641 762 2693 807 et
2728 754 2971 808 adnuere
3008 752 3253 823 petitioni
3292 754 3556 807 volueris.

1978 845 2056 897 Ad
2098 861 2218 914 quae
2258 843 2490 899 Temir:
2541 843 2840 914 Quidquid,
2893 844 2987 905 ait,
3038 858 3067 895 a
3101 858 3186 895 me
3229 843 3470 911 petieris.
3525 861 3558 893 o

1977 935 2152 1000 Chan,
2180 951 2524 1006 nequaquam
2552 935 2645 989 tibi
2682 936 3061 1006 denegabitur.
3087 935 3223 989 Tum
3256 934 3555 1003 Bajazites:

1978 1028 2114 1094 Hoc,
2143 1045 2334 1093 unum,
2379 1028 2576 1098 inquit,
2598 1029 2697 1084 abs
2728 1038 2779 1083 te
2805 1038 2950 1097 peto,
2987 1044 3054 1083 ne
3088 1028 3349 1082 familiam
3382 1043 3557 1082 meam

1978 1122 2220 1187 aboleas,
2256 1130 2310 1176 et
2334 1120 2567 1177 Tataros
2612 1121 2687 1175 uti
2728 1131 2902 1176 tecum
2938 1120 3200 1175 abducas.
3234 1120 3364 1176 Mihi
3412 1120 3559 1189 quod

1977 1214 2197 1279 accidit,
2260 1213 2422 1268 etiam
2484 1213 2583 1269 tibi
2644 1221 2821 1283 potest
2862 1213 3127 1268 accidere.
3194 1211 3309 1266 Non
3356 1214 3555 1265 bonum

1978 1318 2083 1375 est,
2119 1307 2190 1361 ita
2224 1308 2417 1362 szevire
2449 1306 2606 1370 velle,
2646 1314 2708 1361 ut
2743 1320 2967 1375 prorsus
3001 1305 3241 1360 aboleas.
3274 1304 3369 1358 llis
3405 1305 3561 1358 audi-

1980 1397 2069 1461 tis,
2131 1395 2407 1450 facturum
2466 1412 2524 1451 se
2568 1394 2755 1449 Temir
2815 1397 3040 1465 recepit,
3098 1396 3242 1463 quod
3296 1395 3563 1463 Bajazites

1977 1486 2329 1557 postulasset.
2388 1486 2651 1557 Adeoque
2711 1486 2918 1541 coactis
2972 1486 3024 1540 itt
3081 1502 3250 1539 unum
3325 1486 3562 1551 Tataris,

1978 1594 2162 1633 secum
2194 1594 2289 1633 eos
2318 1578 2567 1632 abduxit.
2599 1577 2923 1647 Speraverat
2955 1578 3043 1631 ille
3063 1578 3282 1647 quidem
3311 1578 3558 1631 futttrnm

1978 1673 2332 1743 utqttispiam
2368 1671 2601 1727 filiorum
2662 1657 2979 1726 Gilderunis
3014 1672 3189 1741 ipsum
3219 1671 3563 1735 conveniret,

1980 1766 2074 1821 sed
2106 1765 2234 1831 quia
2264 1763 2369 1819 sibi
2398 1766 2741 1828 metuebant,
2774 1763 3004 1819 accessit
3029 1779 3211 1817 nemo.
3245 1763 3560 1818 Secundum

293 1864 411 1902 νοω
438 1847 733 1918 Padum“
775 1848 895 1903 ίυῖι·
928 1849 989 1904 ΕῘ
1022 1850 1210 1906 Temir
1257 1851 1407 1906 Cha"
1443 1854 1608 1922 pedes
1653 1853 1870 1908 ObViam
1905 1850 1945 1904 Β
1974 1862 2091 1916 hare
2123 1861 2210 1914 die
2242 1858 2481 1929 quodam
2517 1857 2739 1921 accidit,
2780 1867 2836 1910 ιιι
2872 1858 3059 1911 Temir
3097 1857 3422 1923 compellato
3450 1855 3567 1910 Cil-

292 1942 583 2008 processit,
631 1950 1030 2015 exceptumque
1056 1960 1249 2013 magna
1295 1960 1418 1998 cum
1473 1944 1697 2001 honoris
1729 1947 1875 2002 dela-

299 2036 469 2095 tione,
501 2049 653 2088 suum
685 2033 739 2088 in
769 2036 1064 2090 tentorium
1089 2037 1332 2093 deduxit.
1359 2038 1433 2093 lbi
1462 2053 1586 2093 cum
1610 2054 1673 2094 ex
1706 2053 1873 2109 equo,

294 2125 730 2182 Temirianorum
776 2128 995 2197 adjutus
1020 2143 1208 2199 opera,
1241 2130 1634 2199 descendisset,
1699 2130 1873 2198 humi,

292 2235 396 2286 pro
420 2235 572 2276 more
590 2221 786 2292 gentis,
812 2220 865 2276 in
886 2222 1073 2277 eodem
1095 2224 1257 2278 ambo
1279 2231 1459 2294 tapete
1480 2223 1871 2280 consederunt.

287 2319 453 2376 Prior
480 2317 665 2373 Temir
704 2317 857 2373 Chan
911 2318 978 2373 de
1037 2320 1155 2374 suis
1195 2319 1359 2375 rebus
1417 2335 1541 2376 cum
1583 2320 1875 2377 Gilderune

292 2411 529 2481 colloqui
564 2412 749 2482 rcepit.
779 2409 908 2467 Inde
933 2426 1057 2466 cum
1081 2411 1259 2466 cibum
1289 2428 1393 2467 una
1420 2422 1719 2477 sumerent,
1751 2429 1877 2467 rur-

300 2521 415 2561 sum
450 2498 637 2560 Temir
666 2506 1001 2577 colloquium
1041 2522 1270 2563 exorsus
1300 2526 1314 2562 :
1344 2510 1386 2562 0
1413 2507 1590 2573 Chao,
1625 2507 1724 2572 ait,
1756 2507 1878 2563 inti-

300 2600 439 2653 nitas
487 2598 810 2667 praepotenti
847 2598 955 2654 Deo
988 2600 1192 2670 gratias
1235 2609 1290 2654 et
1335 2601 1568 2672 hymnos
1614 2602 1875 2657 debemus

294 2699 547 2759 uterque,
580 2701 694 2746 tum
756 2693 900 2763 quod
956 2694 1092 2749 mihi
1149 2693 1350 2750 misere
1394 2694 1754 2763 claudicanti,
1807 2696 1876 2750 ab

293 2786 429 2851 ipsis
476 2785 645 2839 ludite
679 2786 899 2849 finibus,
930 2785 997 2839 ad
1028 2795 1215 2856 portas
1250 2801 1426 2858 usque
1458 2785 1691 2842 Sivastae
1726 2789 1875 2843 urbis

293 2883 583 2949 imperium
617 2883 846 2953 largitos
899 2884 992 2947 sit,
1027 2894 1140 2939 tum
1193 2885 1338 2954 quod
1392 2900 1458 2939 ex
1508 2886 1678 2940 altera
1723 2893 1877 2955 parte

292 2977 457 3030 tibia
504 2976 731 3031 Sivastae
798 2976 1099 3039 mceoibus,
1156 2977 1225 3031 ad
1273 2978 1425 3049 ipsos
1449 2994 1622 3047 usque
1676 2979 1875 3035 limites

292 3066 571 3136 ngariae,
616 3069 950 3123 dominatum
1004 3069 1364 3125 concesserit.
1399 3069 1455 3124 Si
1504 3070 1611 3127 Deo
1666 3070 1876 3125 luberet

292 3161 611 3214 universum
668 3161 856 3215 orbem
918 3171 1186 3216 terrarum
1236 3163 1450 3233 partiri,
1507 3164 1635 3234 quid
1697 3163 1875 3233 majus

289 3252 492 3307 claudo
513 3252 645 3308 dare
685 3253 908 3322 posset?
937 3254 1144 3308 Idcirco
1173 3269 1278 3308 non
1307 3255 1404 3309 abs
1435 3271 1493 3310 re
1516 3256 1725 3326 magnis
1773 3257 1875 3327 ipsi

289 3345 485 3415 gratiis
513 3346 734 3415 agendis
767 3346 989 3401 obnoxii
1023 3364 1238 3403 sumus.
1269 3348 1350 3402 Tu
1384 3364 1513 3403 vero
1545 3365 1740 3417 parum
1770 3350 1879 3404 for-

293 3448 449 3494 tasse
480 3437 791 3507 Oeogratus
828 3437 1002 3503 fuisti,
1049 3454 1113 3493 ac.
1143 3448 1431 3510 propterea
1466 3440 1590 3494 talis
1642 3455 1705 3494 ac
1730 3448 1880 3494 tanta

301 3530 405 3584 tibi
441 3528 715 3584 calamitas
776 3530 996 3588 accidit.
1052 3531 1186 3597 Qum
1231 3547 1357 3586 cum
1413 3530 1660 3595 dixisset,
1699 3532 1879 3586 denuo

297 3622 593 3692 Bajazitcm
620 3623 961 3693 interrogans
994 3639 1010 3677 :
1042 3622 1114 3678 Mi
1144 3622 1320 3687 Chao,
1368 3623 1465 3688 ait,
1495 3625 1538 3679 si
1594 3632 1687 3678 tua
1713 3622 1878 3679 situm

294 3726 443 3770 esset
475 3716 529 3770 itt
557 3724 848 3786 potestate,
874 3731 1087 3772 mecum
1121 3725 1181 3771 ut
1205 3732 1393 3788 ageres
1420 3733 1520 3789 pro
1560 3717 1719 3772 libittt
1753 3725 1877 3773 tuo:

294 3810 425 3876 quid
456 3809 686 3865 obsecro
718 3810 784 3865 de
815 3824 902 3863 me
934 3809 1144 3866 faceres
1171 3809 1194 3862 ἲ
1226 3826 1346 3879 age,
1374 3810 1657 3865 veritatem
1687 3809 1878 3865 dicito.

294 3900 436 3957 Tum
458 3900 721 3957 Gilderun
750 3902 925 3969 Chao,
961 3918 1124 3973 quem
1167 3902 1369 3959 ferocts
1397 3903 1571 3958 animi
1601 3903 1878 3958 hominem

295 3987 471 4044 fuisse
500 3990 840 4059 accepimus,
874 4007 980 4045 non
1006 3992 1126 4048 sine
1152 3992 1262 4047 bile
1290 3994 1641 4063 respondisse
1668 3993 1877 4050 fertur:

298 4081 565 4151 Equidem
600 4093 672 4148 te,
720 4083 766 4138 si
798 4083 1016 4139 fortuna
1060 4085 1295 4155 propitia
1327 4101 1502 4140 meam
1554 4087 1606 4141 in
1641 4096 1881 4157 potesta-

296 4187 406 4228 tem
436 4175 702 4237 venisses,
737 4174 914 4230 ferrea
941 4178 1263 4232 conclusum
1296 4192 1459 4233 cavea
1505 4194 1719 4233 mecum
1754 4179 1880 4233 hinc

296 4266 425 4321 inde
461 4266 980 4322 circumduxissem.
1037 4267 1158 4333 Quo
1208 4267 1395 4323 Temir
1427 4268 1638 4332 audito,
1692 4282 1816 4321 mox
1852 4282 1882 4322 θ

294 4359 446 4414 ferro
467 4375 688 4416 caveam
731 4361 910 4429 parari
943 4361 1108 4429 jussit
1142 4376 1156 4413 :
1192 4371 1248 4415 et
1280 4361 1332 4415 in
1361 4376 1480 4415 eam
1503 4361 1740 4416 carceris
1761 4361 1882 4414 loco

296 4454 597 4521 Bajazitem
630 4455 879 4512 inclusit.
910 4454 1225 4509 Secundum
1259 4454 1392 4517 haec,
1424 4453 1691 4523 permissa
1724 4453 1879 4509 militi

1975 1955 2206 2016 deruoe,
2248 1953 2501 2008 diceret:
2543 1951 2805 2021 Equidem
2862 1958 2913 2005 te
2966 1966 3204 2009 mecum.
3234 1965 3268 2004 ο
3296 1950 3470 2015 Chao,
3509 1952 3561 2003 in

1982 2062 2209 2122 regnum
2236 2061 2417 2101 meum
2442 2045 2733 2107 abducam,
2766 2043 2833 2099 ad
2871 2044 3059 2098 urbem
3094 2040 3514 2096 Semercandam
3541 2059 3558 2096 :

1981 2148 2146 2208 atque
2176 2138 2301 2193 inde
2330 2148 2384 2192 te
2417 2136 2691 2192 remittam
2718 2136 2770 2190 itt
2799 2150 3026 2207 regnum
3057 2145 3234 2190 tuum.
3268 2134 3341 2188 Ea
3372 2135 3557 2188 Temi-

1977 2233 2054 2287 ris
2078 2233 2254 2287 oratio
2306 2230 2625 2287 Gilderunis
2663 2230 2907 2286 animum
2949 2238 3058 2283 tam
3126 2229 3273 2299 gravi
3307 2230 3558 2283 mmrnris

1978 2324 2206 2378 vulnere
2237 2322 2535 2392 percussit,
2567 2322 2647 2377 uti
2682 2323 2798 2391 ipse
2834 2320 2936 2377 sibi
2974 2329 3202 2375 mortem
3250 2321 3558 2375 conscisce-

1977 2425 2083 2472 ret.
2100 2415 2286 2471 Temir
2305 2432 2433 2471 vero
2464 2430 2588 2471 cum
2607 2415 2670 2469 ad
2705 2415 2806 2469 iter
2834 2430 2893 2469 se
2909 2423 3276 2484 compararet.
3299 2413 3564 2467 Carama-

1978 2508 2083 2563 ιιὶειε⁵
2103 2509 2237 2578 bcgo
2266 2507 2580 2578 complures
2611 2521 2769 2560 arces
2800 2517 2853 2561 et
2880 2506 3041 2577 322
3076 2505 3273 2576 oppida
3300 2507 3518 2558 donavit
3546 2520 3567 2558 τ

1977 2611 2033 2655 et
2056 2600 2351 2655 lsvendiari
2375 2601 2786 2664 Castamonam,
2817 2597 3130 2667 Cougerim.
3166 2606 3219 2652 et
3251 2598 3559 2665 Calazugen

1978 2694 2273 2747 concessit.
2302 2693 2479 2762 Atque
2512 2693 2597 2746 his
2631 2692 2797 2746 rebus
2836 2690 3029 2762 gestis,
3070 2691 3123 2744 in
3150 2704 3377 2759 regnum
3401 2705 3561 2743 suum

1980 2801 2230 2841 reversus
2288 2795 2392 2842 est.
2428 2784 2762 2841 Acciderunt
2816 2792 2997 2839 autem
3050 2782 3166 2838 haec
3194 2782 3402 2843 omnia,
3434 2797 3561 2852 qua:

1978 2894 2007 2931 a
2038 2878 2197 2933 nobis
2230 2879 2476 2948 exposita
2508 2888 2639 2933 sunt
2699 2882 2979 2941 hactenus,
3016 2876 3083 2929 ab
3116 2891 3257 2928 anno
3289 2875 3413 2939 800,
3477 2884 3570 2927 υς-

1977 2987 2084 3039 quo
2124 2971 2191 3025 ad
2217 2987 2420 3025 annum
2464 2972 2567 3026 80f
2608 2970 2770 3043 (Chr.
2810 2970 3002 3040 1403).
3033 2967 3220 3023 Temir
3242 2969 3392 3023 Chao
3422 2968 3568 3035 apud

1977 3062 2210 3119 Parthos
2228 3064 2386 3119 anuis
2418 3064 2487 3118 40
2510 3080 2691 3118 rerum
2720 3066 2923 3133 potitus
2960 3063 3060 3118 fuit
3084 3080 3098 3117 :
3129 3062 3564 3120 Gilderuovero;

1981 3159 2138 3229 cujus
2166 3167 2394 3213 mortem
2427 3158 2816 3223 indicavimus,
2848 3157 3011 3212 annis
3044 3161 3307 3211 duntaxat
3340 3155 3407 3208 Η
3447 3169 3569 3223 rego

1982 3248 2150 3302 navit.

2058 3339 2224 3395 Filios
2253 3340 2514 3397 Cilderon
2551 3340 2702 3395 Chao
2732 3356 2825 3394 sex
2859 3338 3053 3393 habuit
3083 3356 3097 3392 ε
3132 3354 3372 3407 quorum
3402 3352 3565 3402 unus;

1980 3431 2298 3502 Mnstaphas
2316 3434 2551 3494 Zelehis.
2578 3434 2813 3488 amissus
2845 3432 2952 3487 fuit
2979 3432 3031 3486 in
3061 3432 3379 3487 Temiriano
3425 3448 3568 3500 pra!-

1984 3525 2101 3580 lio:
2136 3527 2381 3596 quinque
2422 3541 2738 3582 remansere
2784 3524 2980 3594 reliqui
3034 3525 3380 3592 superstites.
3418 3522 3569 3577 Etoir

1984 3619 2339 3684 Soleimanes,
2404 3620 2487 3677 lsa
2537 3619 2770 3683 Zelebis,
2828 3618 3001 3674 Musa
3032 3618 3264 3682 Zelebis,
3317 3618 3570 3671 sultauus

1983 3714 2378 3777 Muchemetes.
2402 3722 2457 3770 et
2486 3713 2662 3771 Casan
2703 3711 2936 3775 Zelebis,
2970 3713 3066 3783 qui
3102 3723 3344 3782 tempore
3398 3711 3570 3781 praelii
3613 3759 3616 3765 ,

1983 3808 2162 3864 adhuc
2196 3818 2311 3863 erat
2333 3819 2491 3863 aetate
2521 3818 2727 3862 tenera.

2059 3902 2339 3958 Exstincto
2390 3902 2652 3973 Bajazite,
2706 3910 3083 3960 convenerunt
3136 3902 3417 3956 iniurium
3454 3897 3571 3951 Alis

1985 3996 2169 4059 bassa,
2228 3995 2393 4052 Eines
2451 3996 2642 4063 begus,
2707 4005 2762 4051 et
2814 3995 2999 4050 Hazan
3050 4010 3149 4066 aga
3186 4013 3200 4048 :
3236 3992 3569 4062 decretoque
3610 4022 3613 4027 ι

1984 4087 2227 4142 unanimi
2258 4102 2323 4141 ex
2362 4086 2613 4141 Anatolia
2669 4085 2723 4141 in
2763 4084 3095 4140 Romaniam
3135 4082 3329 4139 reverti
3363 4089 3571 4136 statue.

1984 4189 2129 4236 τυηι.
2574 4232 2575 4235 η

2054 4275 2316 4329 Sullanus
2340 4272 2707 4327 Muchemetes
2735 4265 3357 4337 Amasiam'profectus,
3395 4264 3563 4334 quieti
3604 4297 3609 4303 -

1985 4383 2045 4423 se
2072 4366 2239 4431 dedit,
2273 4378 2465 4434 parum
2512 4363 2581 4417 de
2620 4362 2786 4417 rebus
2845 4360 3077 4415 aliorum
3137 4358 3426 4413 sollicitus.
3483 4356 3566 4409 lsa

1984 4475 2139 4519 vero,
2173 4468 2229 4512 et
2260 4457 2432 4521 Musa,
2482 4454 2628 4510 varie
2683 4470 2751 4509 se
2780 4462 2973 4507 mutuo
3017 4450 3286 4521 persecuti
3329 4449 3568 4503 sunt‘in

296 4546 519 4601 licentia
554 4562 649 4613 per
681 4548 991 4603 universam
1024 4549 1304 4617 regionem
1337 4545 1466 4600 hinc
1513 4546 1636 4601 inde
1662 4562 1720 4600 se
1770 4544 1879 4600 dif-
1913 4549 1955 4602 Ι)
1986 4554 2208 4622 regione
2267 4549 2557 4613 Carasina,
2592 4548 2763 4603 donec
2791 4545 2939 4600 Musa
2984 4543 3200 4598 tandem
3232 4542 3371 4597 15am
3417 4556 3566 4596 com-

276 4638 585 4703 .fundendi,
658 4646 824 4708 atque
893 4640 1080 4693 omnia
1146 4637 1352 4707 rapinis
1392 4634 1660 4691 vastandi.
1695 4637 1880 4691 Temir

298 4738 417 4803 ipse
437 4733 673 4787 Prusam
692 4734 846 4796 abiit,
874 4732 1058 4801 ibique
1079 4734 1368 4787 thesauros
1398 4730 1650 4801 Bajazitis
1695 4730 1883 4783 inven-

298 4838 386 4882 tus
438 4827 539 4880 sibi
608 4825 927 4881 vindicavit.
988 4824 1054 4878 Et
1112 4824 1336 4895 quando
1386 4823 1497 4894 jam
1564 4822 1883 4877 imminebat

302 4922 499 4983 hiems,
532 4920 693 4977 simul
725 4931 777 4975 et
806 4920 1116 4974 hibernavit
1146 4919 1201 4973 in
1239 4918 1511 4979 Anatolia,
1539 4926 1593 4970 et
1626 4930 1882 4985 proceres

298 5023 399 5061 eos
480 5009 572 5074 qui
656 5007 723 5062 ad
807 5007 975 5076 ipsius
1055 5006 1419 5076 patrociniqu
1505 5005 1880 5076 confugerant,

303 5112 421 5154 tum
494 5100 727 5156 fortunis
793 5101 910 5155 suis
990 5100 1274 5164 restituit,
1357 5108 1472 5155 tum
1555 5099 1880 5155 muneribus

302 5194 659 5263 amplissimis
733 5193 932 5249 affecit.
1013 5194 1188 5264 Atque
1257 5193 1360 5249 hoc
1436 5194 1596 5248 modo
1681 5193 1881 5265 singuli

302 5304 433 5341 suas
502 5288 568 5340 ad
633 5287 868 5341 ditiones
936 5286 1145 5341 reversi
1206 5295 1350 5339 sunt.
1430 5284 1685 5341 Osmanis
1750 5301 1882 5339 vero

302 5379 668 5447 provinciam,
723 5378 809 5433 cui
846 5392 1042 5432 nomen
1099 5378 1381 5443 Usmaoia,
1420 5378 1637 5431 Tataris
1698 5376 1883 5431 Temir

306 5471 580 5524 attribuit.
615 5469 772 5535 Quod
802 5485 928 5525 cum
965 5468 1233 5539 Bajazites
1264 5470 1588 5534 ioaudisset,
1626 5486 1882 5538 magnum

301 5571 486 5617 a.:ttuo
508 5564 750 5619 dolorem
766 5565 926 5635 cepit.
952 5562 1149 5618 Eratiu
1174 5580 1323 5618 more
1367 5563 1591 5629 Tetniri,
1618 5572 1675 5618 ut
1704 5573 1882 5617 castra

305 5660 482 5711 locum
519 5668 772 5712 moturus
823 5670 1213 5727 nonnunquam
1248 5656 1315 5711 ad
1338 5656 1685 5712 Gilderunem
1728 5671 1885 5712 acee-
1950 5726 1956 5730 _

305 5754 463 5806 deret
492 5765 669 5821 eoque
700 5752 1116 5820 perhumaniter
1144 5751 1398 5811 salutato,
1434 5758 1655 5804 rectene
1682 5748 1887 5805 valeret

302 5864 371 5901 a.:
414 5858 597 5911 secus,
624 5852 909 5914 quaereret.
930 5844 1175 5911 Quodam
1203 5857 1329 5914 ergo
1354 5843 1441 5898 dic
1466 5841 1749 5907 Cildcrun,
1785 5842 1884 5897 hac

1987 4644 2317 4714 prehensum
2345 4642 2562 4697 occidit.
2599 4639 2719 4707 Quo
2778 4637 3020 4693 facinore
3074 4646 3307 4706 patrato,
3338 4634 3567 4689 Prusam

1987 4738 2287 4808 profectus,
2314 4735 2366 4788 in
2393 4733 2506 4789 otio
2528 4734 2738 4793 vivens,
2763 4746 2793 4786 a
2818 4732 2982 4785 rebus
3005 4730 3255 4800 gerendis
3279 4729 3568 4784 abstinuit.

1989 4829 2109 4884 Non
2146 4828 2316 4883 multo
2352 4836 2475 4897 post
2533 4842 2685 4880 arma
2716 4832 2910 4880 contra
2946 4822 3159 4878 Musam
3198 4823 3568 4892 quiescentem

1990 4922 2233 4991 sumpsit
2271 4921 2410 4975 emir
2467 4917 2827 4974 Soleituanes.
2866 4916 2979 4972 Hoc
3027 4917 3118 4971 ille
3155 4917 3394 4985 cognito,
3447 4930 3571 4967 mox

1992 5015 2047 5069 in
2110 5012 2491 5068 Cat-amauian
2564 5021 2779 5080 arrepta
2844 5010 2969 5081 fuga
3030 5024 3091 5064 se
3140 5007 3369 5074 recepit.
3423 5006 3574 5059 Emir

1993 5100 2353 5161 Soleimanes,
2423 5110 2483 5153 ut
2537 5115 2625 5154 res
2677 5114 2807 5155 suas
2871 5097 3274 5157 constabiliret,
3328 5109 3571 5149 sororem

1992 5208 2171 5257 suam,
2200 5208 2321 5247 cum
2386 5191 2554 5246 fratre
2613 5203 2761 5247 natu
2794 5192 3043 5255 minimo,
3096 5189 3306 5243 Casaue
3363 5184 3614 5257 chebi,_

1992 5268 2520 5357 Constantinopolim
2556 5286 2725 5349 misit,
2790 5301 2996 5355 eosque
3031 5281 3390 5337 Constantino
3424 5278 3572 5333 dedit

1992 5381 2213 5435 obsides
2246 5395 2261 5432 :
2296 5395 2361 5433 ne
2403 5379 2548 5449 quod
2581 5379 2790 5434 scilicet
2818 5377 3108 5432 dissidium
3146 5376 3287 5429 inter
3317 5389 3412 5429 eos
3445 5388 3571 5427 exo-

1992 5474 2215 5533 riretur,
2269 5470 2364 5526 sed
2437 5486 2623 5541 pacem
2680 5471 2861 5541 potius
2892 5468 3038 5523 inter
3077 5482 3138 5523 se
3191 5476 3381 5521 mutuo
3427 5465 3571 5521 cole-

1993 5576 2133 5621 rent.

2067 5660 2206 5712 llinc
2237 5660 2287 5711 in
2318 5657 2639 5711 Romaniam
2672 5664 3012 5709 transvectus
3036 5652 3177 5707 emir
3204 5652 3571 5717 Soleimaues,

1993 5750 2381 5820 lladriauopoli
2413 5749 2737 5804 caeremouia
2783 5747 2976 5802 Turcis
3004 5746 3261 5802 familiari
3293 5746 3591 5804 factumest.

1994 5843 2312 5911 imperator,
2348 5858 2490 5897 anno
2526 5841 2629 5896 803
2660 5841 2825 5907 (Chr.
2867 5842 3057 5902 Ηυίί).
