4026 6204
501 311 606 376 5’39

1759 331 2110 395 A'NNALES
2150 336 2483 402 TURClCl.

3623 353 3716 415 600

575 434 707 505 Ejus
731 437 810 491 rei
845 441 1035 514 nuntio
1067 453 1314 516 accepto,
1347 443 1581 512 legatum
1640 449 1895 506 suitanus
1959 448 2077 506 Mu-

2193 471 2362 513 mcnta
2391 465 2499 530 jam
2557 466 2621 517 ad
2652 479 2769 518 eam
2831 464 3165 518 altitudinem
3201 462 3452 532 perducta
3493 464 3714 533 fuerant,

501 526 763 582 cheruntis
791 529 1006 584 Amasia
1035 533 1180 586 misit
1201 534 1267 588 ad
1293 536 1514 591 emirem
1541 538 1930 603 Soleimanem.
1967 545 2074 598 fra-

506 631 642 675 trem
674 634 802 676 natu
857 627 1180 691 niaximum,
1233 629 1324 698 qui
1362 631 1409 683 ei
1456 640 1571 684 tum
1626 651 1852 692 munera
1886 638 2072 702 ferret.

503 723 616 765 tum
647 715 761 768 suis
790 716 970 769 verbis
1000 717 1115 772 haec
1150 725 1488 778 renuntiaret
1520 745 1532 777 :
1563 724 1788 792 Quando
1834 730 1914 784 sic
1965 731 2075 786 Deo

507 807 678 860 visum
711 808 833 867 fuit.
885 810 1105 864 domine
1129 827 1198 891 ac
1243 813 1407 869 frater
1441 828 1568 872 natu
1602 825 1856 882 maxime.
1891 833 1948 878 ut
1977 840 2076 893 pa-

501 910 706 950 rentem
735 902 1021 970 utriusque
1051 915 1292 959 nostrmo
1325 909 1484 963 rebus
1514 910 1770 967 humanis
1787 915 2074 973 eximeret:

502 1002 831 1057 magnopere
885 994 1019 1046 ntibi
1093 999 1359 1062 gratulor,
1444 1011 1495 1054 te
1541 1003 1695 1057 nobis
1756 1007 1965 1060 salvum
2022 1017 2082 1062 et

503 1079 830 1136 incolumem
873 1085 1144 1141 relictum.
1213 1090 1310 1144 Cui
1368 1109 1488 1145 cum
1542 1095 1682 1149 cmir
1741 1098 2078 1153 Soleimattes

497 1172 741 1228 \ieissim
773 1190 1017 1234 venustae
1051 1184 1240 1235 fortnas
1279 1201 1496 1252 pueros,
1533 1189 1761 1256 puellas,
1797 1201 2078 1262 vestesque

499 1266 730 1329 sericas.
768 1281 821 1322 et
869 1273 1006 1327 alias
1045 1292 1132 1330 res
1181 1278 1363 1332 varias
1411 1296 1474 1333 ac
1502 1281 1775 1352 elegantes
1805 1285 2076 1340 misisset:

482 1361 714 1415 -sancito
762 1362 969 1421 foedere
1013 1378 1220 1437 mutue,
1275 1388 1461 1438 pacem
1502 1375 1643 1428 inter
1679 1390 1738 1431 se
1769 1379 2077 1432 coluerunt.

503 1449 632 1505 Post
655 1453 770 1509 inec.
807 1458 1070 1527 ablegatis
1103 1462 1156 1514 in
1188 1461 1564 1520 Caramauiatn
1594 1467 1711 1522 suis
1745 1468 2080 1539 hominibus,

499 1544 623 1612 ejus
657 1550 953 1616 provincia:
1004 1552 1227 1609 domino
1281 1558 1572 1628 significari
1627 1560 1792 1630 jussit
1821 1563 1960 1617 emir
1981 1564 2084 1618 So-

501 1634 766 1694 leimanes
802 1642 958 1698 daret
1008 1660 1249 1712 operam,
1307 1651 1385 1703 sic
1416 1651 1492 1704 uti
1534 1651 1901 1708 custodiretur
1926 1654 2080 1708 Musa

506 1735 694 1796 frater,
752 1751 817 1790 ne
849 1755 955 1806 qua
1007 1752 1188 1807 posset
1249 1743 1413 1799 elabi.
1475 1743 1733 1814 Adeoque
1785 1745 2077 1802 Caramum

505 1827 762 1882 obtestari
813 1846 874 1886 se
919 1832 1208 1903 diligenter
1247 1835 1298 1888 id
1353 1847 1593 1903 curaret,
1631 1839 1794 1894 modo
1822 1842 1870 1894 ei
1925 1852 2076 1908 grata

511 1918 840 1977 Soleinianis
887 1933 1032 1978 esset
1079 1927 1343 1982 amicitia.
1405 1928 1684 2000 Siquidem
1724 1933 1824 1986 hoc
1859 1935 1926 1987 ab
1965 1937 2080 2002 ipso

505 2015 868 2084 impetrasset,
899 2017 1133 2072 vicissim
1163 2020 1213 2074 ei
1243 2037 1302 2076 se
1332 2025 1514 2078 omnia
1561 2025 1841 2082 charitat-is
1895 2036 1950 2080 et
1987 2029 2081 2081 be-

504 2107 829 2162 nevolentia:
860 2110 1031 2165 cilicia
1061 2113 1452 2171 exhibitnrum.
1485 2147 1502 2160 -

579 2199 726 2255 Musa
761 2217 883 2257 cum
939 2206 1344 2272 subolfecissct,
1395 2212 1736 2268 Caramanize
1775 2213 2080 2284 principem

511 2308 634 2348 cum
667 2296 838 2351 emire
863 2296 1174 2356 Soleimane
1208 2312 1452 2358 mutuam
1478 2305 1531 2358 in
1565 2307 1794 2376 gratiam
1827 2308 2077 2364 rediisse:

513 2388 639 2454 fuga
673 2388 774 2443 sibi
805 2391 1115 2455 consulens.
1163 2397 1230 2449 ad
1289 2394 1650 2452 lsvcndiaretu
1689 2415 1916 2468 propere
1948 2416 2083 2455 cou-

507 2481 698 2537 cessit.
721 2481 847 2553 Ejus
875 2484 950 2538 rei
981 2485 1122 2540 fama
1147 2488 1212 2542 ad
1245 2488 1469 2546 emirem
1494 2490 1857 2547 Soleituauem
1880 2494 2084 2562 delata,

513 2589 640 2629 mox
663 2591 812 2629 artua
837 2575 889 2630 in
916 2575 1281 2634 lsvendiarem
1305 2581 1577 2652 expedivit
1602 2600 1615 2635 :
1645 2583 1802 2653 cujus
1823 2585 2085 2642 ditionem

512 2667 816 2736 ingressus,
847 2682 1068 2740 propter
1094 2671 1288 2727 Gerleu
1321 2674 1388 2728 ad
1417 2675 1590 2745 ripam
1619 2675 1860 2732 fluminis
1905 2687 2082 2733 castra

514 2761 736 2824 locavit,
761 2772 816 2816 et
845 2765 1068 2819 militem
1102 2767 1225 2821 istic
1259 2767 1312 2820 iu
1343 2769 1584 2826 hibernis
1616 2769 1828 2825 habuit.
1871 2771 2000 2826 Erat
2028 2773 2084 2826 in

515 2852 583 2904 iis
619 2852 753 2906 locis
782 2853 936 2921 nigra
975 2855 1208 2923 populus
1238 2859 1450 2926 ingens,
1491 2859 1594 2914 sub
1623 2876 1731 2929 qua
1759 2862 1918 2931 genio
1943 2876 2086 2931 quo-
2132 2862 2138 2876 '

513 2945 644 3000 tidie
677 2945 1010 3015 indulgebat,
1040 2957 1095 3003 et
1121 2949 1484 3005 helluabatur.
1513 2951 1754 3009 Tandem
1787 2955 2088 3024 composito

512 3053 637 3092 cum
668 3037 978 3094 lsveudiare
1013 3040 1252 3110 negotio,
1302 3043 1598 3114 relictaque
1638 3046 1814 3116 ipsius
1844 3048 2084 3118 regione,

2178 563 2236 606 ut
2266 555 2384 623 ejus
2414 555 2539 619 laci,
2569 573 2677 626 quo
2717 557 2973 624 tetnplnm
3021 555 3355 609 condebalnr
3405 558 3716 626 superficiem

2177 659 2476 716 διφυῆ-(³111.

2249 741 2385 793 (Inui
2427 752 2605 794 autem
2641 742 2892 795 sultanns
2924 739 3311 800 Muchemetes,
3341 740 3494 807 cujus
3516 739 3725 796 Amasite

2179 833 2336 886 sedes
2355 843 2490 894 erat,
2519 833 2586 886 de
2620 835 2768 887 hisce
2791 836 2952 888 rebus
2992 833 3270 898 omnibus,
3303 842 3358 884 ut
3381 842 3532 886 erant
3560 842 3728 901 geste,

2181 927 2383 978 certior
2414 925 2586 980 factus
2619 927 2807 981 fuisset
2833 944 2846 990 ;
2886 927 3142 980 nimirum
3180 921 3412 988 Musam,
3442 925 3729 980 Soleimane

2181 1018 2248 1069 de
2288 1019 2463 1070 medio
2525 1019 2765 1078 sublato,
2803 1019 3082 1072 Romaniae
3122 1018 3236 1071 sive
3261 1017 3479 1072 Graeciae
3521 1017 3730 1086 imperio

2183 1110 2414 1178 potitum
2445 1125 2462 1162 :
2492 1111 2632 1164 bello
2694 1111 2902 1166 Musam
2959 1111 3394 1182 persequendum
3450 1111 3650 1172 statuit,
3688 1121 3733 1164 et

2182 1202 2531 1270 expeditione
2593 1217 2866 1270 suscepta,
2912 1203 3138 1257 l’rusant
3212 1201 3420 1256 duxit:
3461 1217 3734 1271 omnesque

2181 1294 2447 1351 Analoliae
2509 1297 2844 1363 provincias,
2880 1295 3037 1350 cmiri
3092 1295 3390 1350 Solcimani
3439 1294 3584 1348 fratri
3643 1311 3732 1347 non

2184 1389 2360 1442 multo
2415 1398 2540 1442 ante
2569 1389 2817 1444 subditas
2868 1390 2919 1443 in
2954 1397 3276 1458 potestatem
3309 1387 3536 1455 redegit.
3567 1386 3734 1440 Itidem

2183 1481 2240 1538 in
2271 1483 2540 1540 Bouiania
2583 1498 2681 1537 nec
2709 1482 2824 1552 ipse
2857 1481 3001 1537 Musa
3040 1498 3220 1536 rerum
3255 1478 3478 1535 suarum
3509 1493 3628 1533 cura
3659 1478 3739 1529 de-

2186 1577 2377 1643 posita.
2421 1571 2552 1642 quid
2581 1574 2846 1644 agendum
2880 1574 2980 1627 sibi
3033 1573 3193 1633 foret.
3265 1570 3738 1633 circumspiciebat.

2379 1670 2518 1724 Ante
2545 1665 2729 1724 omnia
2773 1665 3054 1722 Scachum‘
3077 1653 3352 1726 Melicum.
3387 1668 3470 1722 cui
3505 1666 3740 1718 duntaxat

2189 1777 2330 1812 unus
2395 1772 2512 1812 erat
2589 1760 2806 1826 oculus,
2835 1757 3084 1814 Vezirem
3137 1760 3392 1812 creavit:
3440 1755 3740 1810 Samobunte

2187 1853 2374 1912 tilium.
2417 1854 2862 1908 Cadileseherum
2919 1868 3038 1907 esse
3075 1853 3240 1906 voluit
3274 1870 3286 1906 :
3321 1852 3514 1906 ducent
3559 1852 3740 1918 stipeno

2184 1945 2482 1998 diariorum
2534 1946 2806 2017 signiferis
2855 1945 3096 2018 praefecit
3129 1961 3144 1998 :
3179 1944 3493 2015 provincias
3535 1941 3745 2012 denique

2182 2055 2310 2092 suos
2350 2039 2488 2092 inter
2516 2039 2816 2094 familiares
2849 2055 2912 2094 ac
2964 2041 3226 2093 militares
3269 2039 3422 2092 viros
3469 2033 3740 2092 distribuit.

2183 2131 2500 2201 Reliquerat
2532 2135 2672 2188 emir
2703 2133 3048 2188 Soleimazies
3104 2132 3306 2185 liberos
3349 2129 3747 2201 superstites,“-

2186 2225 2319 2279 liuttt
2335 2237 2497 2298 atque
2516 2227 2681 2285 ﬁliam
2700 2245 2715 2286 :
2733 2228 2823 2296 qui
2845 2226 3373 2296 Constantinopolim
3396 2225 3745 2294 profugerunt.

2187 2323 2521 2379 [iurantibus
2546 2323 2696 2378 hisce
2717 2321 2960 2376 dissidiis
2987 2318 3280 2383 intestinis,
3301 2319 3472 2373 etiam
3507 2317 3630 2371 urbs
3665 2315 3747 2368 Vi-

2185 2418 2334 2481 dina,
2359 2417 2425 2474 ad
2445 2417 2751 2471 Danubium
2773 2417 2894 2479 sita,
2921 2413 3114 2467 defecit
3141 2431 3153 2476 ;
3177 2412 3267 2467 sed
3297 2412 3646 2477 Mnsa,ducto
3667 2408 3749 2461 ad-

2184 2525 2376 2564 versus
2405 2524 2521 2563 eam
2553 2509 2746 2570 milite.
2771 2521 2963 2561 rursus
2983 2505 3269 2574 imperium
3313 2500 3749 2572 accipcrccoegit.

2259 2605 2400 2660 Idem
2436 2606 2610 2671 Musa,
2649 2604 2835 2659 relicta
2860 2601 3081 2667 Vidina,
3121 2601 3474 2656 Buruvadam
3526 2610 3576 2654 et
3605 2597 3750 2652 blate-

2193 2717 2306 2756 ratu
2332 2698 2519 2768 copias
2558 2698 2736 2762 dttxit,
2769 2711 2942 2766 caque
2977 2695 3172 2761 oppida
3215 2693 3316 2749 sibi
3363 2692 3606 2764 subjecit.
3655 2689 3749 2744 Ma—

2189 2809 2350 2860 gnam
2380 2793 2435 2845 in
2481 2792 2737 2846 omnibus
2767 2790 3065 2860 provinciis
3115 2788 3465 2861 tyrannidem
3511 2784 3748 2842 exercuit.

2189 2882 2488 2951 Occupavit
2554 2880 2814 2949 oppidum
2905 2879 3246 2946 Chiupnrlini
3286 2919 3298 2935 .
3377 2879 3518 2948 quod
3577 2871 3747 2928 La‘zari

2189 2976 2416 3033 ditionis
2441 2985 2576 3030 erat.
2611 2973 2752 3029 Suos
2806 2973 2969 3028 etiam
3025 2988 3318 3027 excurrere
3382 2982 3750 3038 nonnunquam

2187 3067 2447 3141 jussit,ad
2483 3067 2597 3135 ipsa
2645 3081 2820 3134 usque
2843 3064 3040 3120 moenia
3088 3061 3629 3132 Constantinopolis:
3685 3059 3748 3112 ita

512 3131 790 3200 profectus
821 3141 907 3188 est
941 3132 1172 3190 [suisaut
1203 3176 1217 3196 .
1249 3138 1338 3190 uhi
1395 3147 1540 3194 totos
1584 3139 1700 3194 dies
1733 3140 1786 3194 in
1819 3141 2086 3198 conviviis

2193 3131 2434 3230 quidem.
2491 3131 2549 3213 ut
2607 3131 2743 3228 ipso—
2779 3158 3109 3228 imperante,
3171 3149 3751 3221 ConstantinOpolitani

513 3233 569 3276 et
597 3227 1094 3295 compotationibus
1123 3229 1393 3299 exigebat.
1437 3228 1620 3287 Nihilo
1660 3233 1838 3289 minus
1871 3243 2084 3290 secreto

513 3319 720 3376 Musam
771 3337 955 3375 secum
1009 3321 1202 3377 habuit
1246 3323 1548 3392 lsvcndiar,
1597 3341 1831 3398 eumque
1872 3328 2091 3400 navigio

518 3413 858 3482 impositum,
915 3429 1014 3483 per
1068 3426 1296 3484 pontum
1351 3417 1622 3473 Euxinum
1677 3419 1731 3473 in
1783 3420 2088 3476 Valacltiain

516 3507 794 3575 deportari
824 3507 1058 3562 curavit.
1104 3507 1235 3564 Erat
1280 3509 1330 3564 id
1368 3512 1628 3582 temporis
1663 3511 1902 3568 Vaivoda
1939 3512 2094 3568 Vala-

517 3601 657 3653 cbiaa
677 3599 918 3668 quidam,
944 3601 1032 3654 cui
1075 3615 1273 3656 nomen
1333 3601 1564 3658 Mnrzes.
1603 3603 1701 3658 llic
1756 3614 1810 3658 et
1855 3605 2096 3670 hospitio

520 3694 736 3764 excepit
761 3710 908 3755 eum.
941 3708 995 3750 et
1026 3695 1168 3749 viam
1197 3698 1414 3764 aperuit
1453 3708 1507 3753 et
1534 3699 1737 3753 auxilio
1770 3700 1870 3754 fuit
1897 3711 1955 3752 ut
1985 3698 2094 3756 Ro-

527 3790 762 3845 maniam
798 3791 1199 3862 ingrederetur.
1230 3790 1368 3846 Cum
1413 3791 1858 3862 lladrianOpolim
1906 3810 2094 3864 pet-ve.

525 3888 724 3952 uisset,
747 3901 873 3940 mox
906 3884 973 3939 ab
1009 3884 1362 3952 exercitibus,
1392 3901 1456 3941 eo
1481 3885 1898 3951 confluentibus,
1923 3889 2095 3957 impc-

523 3989 674 4034 tator
712 3981 981 4034 salutatus
1029 3977 1146 4032 fuit.
1176 3978 1342 4034 'Einir
1390 3993 1519 4034 vero
1569 3980 1932 4046 Soleimanes,
1973 3981 2095 4036 licet

519 4084 840 4143 occupatam
874 4089 904 4128 a
941 4073 1109 4128 fratre
1139 4073 1458 4128 ilomaniam
1499 4073 1853 4128 intellexisset
1880 4074 2095 4128 univer-

521 4185 668 4230 sam,
702 4165 872 4223 nihilo
899 4176 1078 4222 tamen
1113 4169 1294 4222 mintts
1339 4177 1596 4236 perpetuo
1641 4167 1764 4221 luxu
1788 4177 1842 4221 et
1889 4167 2098 4222 hellua-

520 4262 768 4317 tionibus
799 4262 916 4316 suis
949 4261 1344 4330 occupabatur.
1383 4260 1446 4314 Et
1470 4261 1685 4331 quoties
1728 4277 1757 4313 c
1791 4276 1940 4313 mero
1983 4262 2092 4328 jam

520 4355 707 4406 ebrius
736 4353 1058 4418 incaluerat,
1090 4367 1463 4422 saepenumero
1487 4367 1648 4407 voces
1676 4353 1774 4406 has
1797 4353 2100 4421 ingemina-

522 4449 613 4500 bat
646 4463 660 4501 :
689 4444 865 4510 Musa,
888 4445 1058 4508 Musa,
1088 4445 1217 4516 quid
1269 4445 1361 4499 tibi
1405 4445 1542 4500 meis
1571 4447 1624 4498 in
1672 4445 1983 4514 regionibus
2013 4453 2097 4499 est

2195 3264 2381 3323 portas
2413 3252 2564 3307 urbis
2611 3250 2826 3321 aperire
2859 3250 2946 3303 vix
3001 3246 3286 3303 auderent.
3341 3245 3554 3302 Accidit
3592 3251 3750 3296 autem

2195 3346 2519 3416 aliquando.
2553 3353 2612 3397 ιιι
2644 3343 2709 3398 ad
2740 3342 3028 3416 Silynriam
3061 3339 3382 3398 accederet:
3430 3353 3584 3409 quam
3638 3335 3751 3388 dum

2196 3445 2556 3509 oppugnaret,
2585 3435 2798 3508 egregie
2858 3450 2918 3490 se
2965 3433 3258 3486 tuebantur
3302 3427 3654 3499 oppidani,et
3705 3423 3753 3476 in
3812 3431 3818 3437 ‘

2199 3535 2408 3588 hostem
2454 3531 2701 3586 animose
2729 3533 3058 3600 pugnabant.
3093 3523 3226 3579 Dum
3285 3525 3546 3592 utrinque
3585 3529 3756 3572 manus

2198 3622 2873 3687 Conseruntur,Scachus.
2892 3620 3139 3686 Melicus,
3169 3617 3343 3673 Musa:
3386 3616 3603 3671 Veziraz
3624 3624 3753 3671 anes.

2199 3718 2577 3779 herodeserto.
2594 3713 3128 3778 Constantinopolim
3171 3727 3229 3766 se
3271 3706 3618 3780 recepit.flis
3647 3718 3757 3774 per-

2198 3813 2399 3878 spectis
2439 3809 2654 3864 insidiis
2705 3819 2757 3862 et
2793 3816 2913 3860 astu
2969 3805 3166 3868 Melici,
3194 3804 3551 3859 vehementer
3592 3799 3756 3853 animo

2199 3904 2348 3958 Musa
2380 3900 2686 3972 perturbari
2713 3941 2726 3964 ,
2757 3913 3130 3967 conversoque
3159 3897 3379 3958 itinere,
3412 3895 3758 3960 Hadrianopo-

2199 3999 2290 4052 lim
2337 3997 2586 4054 reverti:
2643 3994 2864 4064 etquis
2920 3993 3150 4060 hujusce
3209 3991 3501 4058 transfugii
3568 3989 3760 4044 futurus

2197 4101 2338 4147 esset
2365 4091 2567 4155 exitus,
2604 4104 2789 4143 secum
2819 4087 2934 4157 ipse
2967 4085 3260 4154 dispicere.
3296 4083 3555 4139 Vicissim
3586 4096 3644 4133 ex
3674 4076 3760 4131 ad-

2198 4183 2355 4236 versa
2414 4189 2566 4250 patte
2631 4180 2879 4234 sultanns
2934 4175 3304 4230 Muchemetes
3369 4175 3592 4229 omnino
3649 4183 3756 4225 cum

2202 4274 2348 4328 Musa
2377 4273 2564 4345 pmiio
2581 4269 2838 4341 congredi
2877 4269 3172 4322 statuebat.
3201 4267 3334 4321 Erat
3369 4268 3499 4321 huic
3557 4263 3760 4317 Vezira-

2199 4382 2400 4426 Zenies.
2439 4362 2908 4432 Bajasiteshassa,
2939 4373 3049 4428 quo
3070 4373 3193 4411 cum
3239 4356 3475 4411 sollicite
3505 4351 3761 4408 Consulta-

2200 4461 2310 4525 bat,
2332 4473 2569 4527 quonam
2605 4456 2764 4508 modo
2784 4454 3015 4522 navigiis
3046 4452 3098 4504 in
3127 4451 3456 4504 Romaniam
3483 4442 3757 4502 trauSniitti

522 4540 776 4610 negotii?-
801 4537 990 4608 Neque
1022 4553 1220 4608 magno
1269 4539 1534 4607 temporis
1565 4537 1849 4607 interjecto
1899 4539 2089 4606 spatio,

2208 4553 2402 4606 fretum
2435 4557 2640 4620 posset.
2666 4545 2829 4600 Forte
2865 4544 3220 4598 fortunatum
3267 4543 3518 4596 Scachns
3563 4546 3758 4606 quoque

523 4649 752 4688 securus
776 4635 912 4702 ipse,
946 4647 1010 4687 ac
1033 4641 1212 4686 metus
1233 4632 1415 4686 omnis
1443 4647 1660 4700 expers,
1694 4649 1723 4684 τι
1757 4628 1906 4684 Musa
1934 4632 2102 4686 fratre

525 4727 628 4780 fuit
661 4728 911 4779 obrutus.
970 4725 1046 4778 lbi
1079 4740 1204 4778 cum
1237 4739 1270 4778 a
1293 4725 1528 4779 ducibus
1561 4733 1615 4778 et
1644 4724 1982 4778 administris
2013 4741 2100 4778 re-

520 4831 643 4870 rum
667 4831 913 4879 suarum,
944 4817 1016 4870 ad
1050 4816 1256 4870 Musam
1293 4817 1723 4881 transeuntibus,
1750 4817 1974 4886 ejusque
2001 4815 2102 4870 nii-

523 4914 651 4967 litia:
680 4927 740 4967 se
768 4910 1183 4974 devoventibus,
1237 4912 1598 4981 desereretur,
1639 4912 1817 4980 fugam
1849 4913 2097 4980 arripuit.

526 5008 580 5060 itt
629 5020 739 5076 qua
795 5005 974 5059 vicum
1027 5005 1093 5059 ad
1138 5007 1423 5074 quemdAm
1457 5008 1795 5075 perveniens.
1860 5007 1928 5059 ab
1984 5007 2100 5076 ejus

525 5097 722 5152 incolis
753 5095 860 5152 fuit
908 5097 1288 5165 interemptus.
1339 5097 1474 5151 Eum
1512 5115 1687 5152 vicum
1748 5099 1920 5163 Musa,
1977 5113 2098 5150 cum

527 5192 722 5246 incolis
753 5190 1048 5252 universis,
1079 5191 1235 5261 cujus
1263 5191 1479 5244 tandem
1512 5191 1594 5244 vel
1616 5207 1798 5254 sexus,
1823 5191 1903 5244 vel
1925 5191 2102 5244 artatis

525 5292 733 5346 essent,
767 5283 890 5352 igne
917 5283 1162 5351 subjecto
1187 5283 1527 5337 concremari
1548 5283 1734 5351 jnSsit.
1767 5283 1865 5335 hac
1893 5281 2099 5347 adjecta

527 5393 664 5430 vocc
694 5395 707 5429 :
741 5374 851 5429 Cur
882 5375 1103 5429 fratrem
1135 5391 1314 5429 meum
1346 5376 1501 5430 vobis
1534 5391 1728 5428 nccare
1763 5374 1966 5426 libuit?
2006 5374 2101 5427 Se-

525 5470 764 5522 cundum
793 5469 912 5522 inec
953 5483 1209 5522 reversus
1237 5466 1700 5534 Hadrianopolim,
1735 5466 1890 5534 plene
1917 5483 2098 5520 rerum

530 5563 733 5629 potitus
768 5562 870 5616 fuit
919 5576 1063 5615 anno
1117 5562 1221 5616 8t8
1264 5561 1425 5629 (Chr.
1469 5559 1677 5628 Mil);
1728 5559 1864 5614 cmir
1919 5569 2103 5615 autem

523 5655 871 5708 Solcitnanes
900 5654 1185 5723 imperavit
1222 5654 1382 5708 annis
1407 5653 1458 5706 7.

601 5746 800 5799 Abltoc
827 5745 1077 5801 inchoata
1112 5748 1210 5799 fuit
1243 5746 1624 5814 iladriaanioli
1664 5759 1932 5800 structura
1968 5758 2099 5799 tem-

532 5839 604 5913 pli
635 5841 790 5909 longe
823 5840 1164 5907 amplissimi,
1199 5839 1355 5906 cujus
1409 5841 1524 5906 ipso
1581 5844 1866 5910 superstite
1903 5841 2097 5902 fuuu'a-

2205 4642 2430 4698 Melicus
2458 4643 2523 4695 ad
2552 4640 2828 4694 sultanum
2859 4636 3250 4690 Muchcmrtent
3304 4621 3760 4693 Constantinopoli

2205 4728 2661 4795 venerat.ltaque
2723 4725 2990 4796 Bajazites
3017 4725 3174 4778 bassa
3220 4721 3546 4776 Mucbemeti
3588 4722 3762 4770 auctor

2203 4830 2344 4887 erat,
2378 4831 2437 4876 ut
2470 4821 2516 4876 is
2567 4821 2730 4875 etiam
2789 4823 3087 4873 arcessitus
3123 4815 3504 4871 deliberationi
3559 4809 3762 4863 adhibe-

2205 4926 2382 4978 retur,
2417 4915 2546 4984 quid
2582 4914 2681 4982 ipsi
2707 4910 3020 4966 faciundum
3080 4919 3311 4979 pareret,
3382 4907 3758 4976 explicaturos.

2202 5007 2297 5060 illc
2329 5005 2628 5058 vocatusin
2681 5003 2998 5063 consilium,
3037 5002 3312 5055 accessit:
3361 5008 3416 5051 et
3484 4995 3756 5049 uitelli-rt".

2205 5114 2402 5166 cupere
2435 5097 2828 5149 fducltemetctn
2852 5099 2901 5147 in
2933 5093 3248 5147 Romaniam
3275 5089 3570 5144 exercitum
3598 5095 3752 5137 trausr

2207 5198 2443 5258 portare,
2473 5189 2655 5251 modo,
2683 5188 2750 5240 de
2785 5187 2954 5255 ipsius
3002 5186 3234 5239 consilio
3280 5185 3420 5236 viam
3482 5180 3758 5233 rationem-

2205 5299 2308 5352 que
2335 5283 2619 5336 commode
2677 5280 3050 5349 transjiciendi
3105 5285 3492 5348 cogtmscerct:
3555 5283 3755 5338 respou-

2207 5377 2303 5435 dit.
2343 5376 2568 5428 omnino
2604 5373 3138 5442 ConstantinOpolim
3197 5375 3492 5426 mittendos
3550 5369 3755 5433 legatos.

2205 5477 2257 5519 et
2294 5483 2418 5521 cum
2467 5465 2735 5536 Tcggiure
2776 5467 2926 5536 pacis
2961 5467 3193 5519 ineunda
3254 5465 3608 5529 foedera,an
3659 5453 3762 5509 ﬁeri

2210 5561 2482 5628 permissu
2522 5563 2694 5631 ipsius
2729 5571 2783 5615 ct
2836 5561 3154 5630 adjuntcnto
3213 5557 3527 5624 trausjectio
3579 5557 3762 5622 posset.

2206 5652 2321 5707 Noti
2355 5652 2494 5706 enim
2538 5653 2734 5705 fretum
2781 5653 2892 5707 ullo
2925 5653 3031 5706 alio
3089 5634 3384 5707 transmitti
3429 5650 3549 5702 loco
3601 5657 3763 5712 possm

2205 5762 2329 5801 cum
2360 5747 2646 5815 Callipolis
2680 5749 2731 5800 in
2763 5756 3031 5816 potestate
3068 5746 3232 5800 Μυκη
3263 5746 3348 5799 sit.
3382 5743 3506 5796 litat
3538 5737 3588 5794 id
3645 5745 3764 5787 tem~

2207 5841 2356 5910 poris
2416 5842 2612 5911 insigni
2672 5842 2752 5894 vir
2807 5840 3027 5910 quidam
3081 5842 3404 5895 auctOtilatc
3461 5833 3706 5906 prirditus
3747 5863 3765 5890 ι
