4026 6204
310 318 422 381 om

1605 309 1960 388 ANNALES
2002 303 2332 394 TURClCi.

3485 337 3593 400 66'?

315 437 551 488 nomine
610 435 907 502 Faselulla,
967 439 1059 509 qui
1117 442 1266 496 Cadii
1319 443 1435 498 sive
1485 444 1688 514 judicis
1735 446 1986 512 oliicioA
2016 449 2258 516 recipite.
2319 451 2439 506 Mox
2498 453 2587 524 qui
2643 452 3024 520 locupletiores
3073 460 3252 517 erant,
3302 449 3358 504 in
3406 467 3587 505 arcem

314 528 559 585 Geivism
597 530 945 598 fungebatur.
978 534 1029 589 is
1061 545 1116 588 et
1159 548 1322 592 notus
1353 549 1472 594 erat
1524 548 1578 593 et
1629 541 1912 596 familiaris

315 619 624 675 admodum
660 622 914 694 Teggiuri
944 627 1581 700 Constantinopolitano.
1623 631 1781 686 Hunc
1810 633 1910 702 igi-

319 723 418 766 tur
446 713 864 784 ablegaruntuti
915 733 1039 776 cum
1087 720 1354 790 Teggiure
1403 726 1468 778 de
1521 739 1655 793 pace
1693 736 1907 794 ageret:

317 823 436 876 qua
462 809 607 862 inter
635 820 932 881 utramque
962 824 1167 883 partem
1197 818 1429 882 saucita,
1464 821 1748 887 profectus
1776 819 1914 875 Pru-

320 914 388 952 sa
415 901 667 956 sultanus
700 904 1092 973 Muchemetes,
1145 909 1210 961 ad
1237 910 1388 964 littus
1420 913 1588 965 maris
1638 931 1667 964 e
1693 912 1913 982 regione

320 993 842 1066 Constantinopolis
871 1002 1124 1056 accessit.
1149 1004 1230 1057 Illi
1266 1005 1911 1076 Constantinopolitanus

325 1086 577 1158 Teggiur
603 1105 765 1148 naves
787 1109 916 1148 suas
943 1095 1160 1150 obviam
1201 1100 1373 1162 misit,
1420 1100 1596 1168 ipsum
1627 1101 1678 1154 in
1711 1099 1914 1154 Roma-

328 1178 484 1232 niam
516 1195 640 1235 cum
689 1185 928 1239 exercitu
985 1189 1227 1243 trasvehi
1272 1193 1503 1246 curavit.
1567 1193 1697 1262 Ejus
1757 1191 1908 1246 Musa

329 1269 411 1322 rei
443 1268 621 1325 factus
640 1274 870 1330 certior:
922 1274 1308 1346 Hadrianopoli
1364 1282 1578 1346 relicta,
1632 1286 1906 1354 regionem

329 1361 525 1417 Lazari
551 1365 725 1430 petiit.
756 1368 968 1424 Interea
997 1374 1146 1425 venit
1173 1371 1660 1432 lnznamsultanus
1690 1375 1911 1433 Muelle-

325 1465 520 1520 metes,
569 1469 733 1529 atque
779 1460 851 1515 ibi
887 1465 1083 1520 castris
1142 1464 1320 1522 locum
1377 1470 1593 1536 delegit.
1619 1471 1739 1524 Mox
1793 1472 1907 1526 Alis

320 1549 519 1620 begus,
553 1550 848 1611 Eurenosis
877 1556 998 1628 begi
1057 1557 1226 1622 illius,
1261 1562 1375 1616 suis
1431 1562 1602 1628 cepiis
1628 1561 1691 1616 ad
1739 1564 1907 1620 sulta-

320 1659 454 1698 num
485 1645 883 1702 Muchcmetem
912 1650 1142 1706 defecit:
1174 1662 1295 1720 post
1350 1669 1509 1721 quem
1544 1662 1598 1708 et
1650 1653 1902 1724 Michael,

319 1733 514 1790 Jochzi
552 1738 672 1807 begi
706 1738 871 1800 filius.
907 1756 1035 1795 cum
1064 1744 1240 1797 milite
1268 1759 1367 1797 suo
1390 1745 1454 1798 ad
1493 1736 1744 1800 eumdem
1810 1762 1904 1802 ac-

326 1830 519 1884 cessit.
543 1831 609 1885 Et
631 1840 750 1887 erat
797 1833 843 1887 is
878 1832 1044 1889 Musae
1081 1833 1457 1904 beglerbegus.
1514 1837 1717 1892 Horum
1774 1855 1906 1894 con-
1936 1871 1979 1926 Β

331 1921 579 1974 ﬁrmatus
611 1923 871 1980 subsidiis
921 1926 1166 1981 sultanus
1222 1927 1608 1995 Muchemetcs,
1669 1931 1902 1989 ulterius

333 2016 625 2082 processit,
652 2026 707 2071 et
755 2015 1203 2090 Hadrianopolim
1227 2023 1400 2079 venit.
1420 2023 1700 2093 Quotquot
1718 2034 1898 2080 autem

335 2105 551 2160 Turcici
604 2123 854 2174 proceres
893 2125 992 2180 per
1044 2111 1364 2168 Romaniam
1401 2115 1530 2168 hinc
1565 2115 1690 2170 inde
1742 2117 1900 2185 dege-

327 2195 480 2256 bant.
508 2197 741 2253 universi
775 2199 926 2256 Musa
950 2202 1187 2268 deserto,
1231 2205 1297 2258 ad
1352 2204 1630 2259 sultanum
1684 2202 1905 2261 Muche-

320 2299 524 2344 metem
553 2306 614 2346 se
671 2293 1041 2351 contulerunt.
1072 2293 1184 2350 Nec
1212 2311 1242 2350 a
1295 2295 1462 2352 Musae
1496 2298 1742 2368 partibus
1803 2298 1900 2354 ulli

323 2399 578 2439 mansere
617 2386 838 2451 milites,
877 2399 1074 2458 praeter
1102 2390 1396 2448 Acanzios.
1434 2391 1747 2448 Secundum
1783 2393 1900 2449 haec

322 2479 610 2544 digressus
638 2479 1023 2554 Hadrianopoli
1063 2485 1313 2541 sultanus
1343 2485 1732 2549 Muchemetes,
1789 2486 1904 2540 Mu-

326 2588 439 2627 sam
472 2589 502 2626 a
539 2581 692 2642 tergo
748 2578 998 2647 persequi
1052 2593 1162 2632 non
1221 2579 1404 2643 desiit,
1429 2588 1482 2633 et
1531 2596 1653 2634 cum
1685 2594 1749 2634 eo
1777 2594 1902 2650 pro-

324 2677 446 2734 pter
481 2665 745 2737 oppidum
780 2668 1138 2726 Samocovam
1171 2671 1414 2741 praelium
1464 2671 1605 2728 iniit.
1633 2671 1768 2729 Cum
1806 2689 1903 2727 au-

327 2771 434 2816 tem
470 2762 926 2818 animadverteret
976 2765 1151 2827 Musa,
1203 2781 1309 2819 non
1361 2766 1493 2820 satis
1545 2766 1648 2820 sibi
1705 2767 1900 2821 virium

321 2869 448 2908 esse
486 2853 554 2908 ad
602 2856 984 2922 resistendum,
1023 2856 1162 2927 fugae
1220 2873 1279 2913 se
1333 2859 1502 2923 dedit,
1561 2868 1614 2915 et
1674 2857 1902 2929 fugienti

319 2958 500 3011 equus
539 2945 592 2997 in
641 2944 973 3014 profundum
1028 2962 1243 3002 cteuum
1279 2950 1568 3020 prolapsus
1617 2951 1739 3005 fuit.
1773 2951 1903 3007 Erat

321 3037 370 3090 ei
407 3037 646 3091 famulus
666 3038 910 3107 quidam,
935 3041 1164 3094 vestium
1203 3049 1403 3105 sartor,
1437 3050 1491 3097 et
1541 3041 1758 3097 servilis
1801 3042 1903 3097 ho-

323 3145 413 3182 mo
458 3130 810 3195 conditionis,
863 3132 948 3186 cui
1011 3147 1208 3188 nomen
1265 3131 1552 3190 Sarudzes.
1608 3133 1706 3190 Hic
1761 3151 1902 3205 equo

2015 544 2130 594 suis
2148 559 2269 596 cum
2296 547 2456 600 rebus
2476 547 2728 616 migrant.
2753 545 3108 615 Posteaquam
3135 546 3200 599 ad
3227 543 3410 598 urbem
3428 543 3587 614 325

2018 633 2356 689 Caramanize
2403 636 2573 706 hegns
2626 638 2974 699 accessisset,
3023 635 3204 692 llmses
3254 636 3366 692 arci
3421 643 3588 690 semet

2018 725 2268 781 includit.
2305 726 2424 792 Quo
2460 728 2804 782 Garamantis
2864 729 3268 790 animadverso,
3316 727 3589 781 civitatem

2019 819 2142 888 igne
2168 819 2416 886 subjecto
2442 823 2833 876 concremavit.
2883 821 3015 876 lude
3038 837 3231 874 versus
3275 835 3456 874 arcem
3498 836 3583 872 cu.

2018 911 2232 966 uiculos
2290 928 2449 979 agere
2484 914 2646 982 cepit.
2697 913 2876 969 lbases
2934 931 2997 968 ex
3055 914 3286 967 adverso
3322 912 3589 966 cuniculis

2017 1003 2133 1055 suis
2159 1003 2224 1055 ad
2262 1003 2498 1058 hostium
2563 1003 2846 1058 cuniculos
2904 1005 3204 1073 perductis.
3260 1013 3312 1055 et
3363 1018 3502 1070 aqua
3537 1002 3590 1054 iu

2017 1109 2112 1148 eos
2141 1092 2404 1155 derivata,
2433 1093 2721 1149 Caramani
2755 1095 2995 1150 fossores
3043 1097 3199 1164 aquis
3233 1094 3462 1148 obrutos
3493 1111 3591 1146 ex-

2019 1186 2224 1241 stinxit.
2255 1187 2475 1240 Interim
2500 1202 2628 1241 vero
2661 1189 2785 1240 dum
2819 1188 2882 1241 ad
2945 1188 3172 1242 Prusatu
3222 1203 3306 1240 res
3339 1186 3590 1251 utrinque

2017 1276 2225 1342 geritur
2251 1278 2473 1338 acriter,
2505 1288 2558 1331 et
2615 1282 2748 1333 citra
2793 1279 3258 1334 intermissionem
3287 1321 3301 1344 ,
3347 1279 3589 1346 inopina-

2016 1377 2072 1424 to
2128 1369 2292 1425 Musa:
2343 1372 2572 1425 cadaver
2603 1387 2667 1426 eo
2725 1372 3093 1441 deportatum,
3153 1386 3321 1439 prope
3351 1373 3591 1425 thermas

2015 1474 2371 1518 monumento
2407 1479 2632 1533 paterno
2681 1466 2927 1520 infertur.
2994 1466 3046 1518 ld
3101 1465 3190 1519 uhi
3248 1465 3591 1520 Caramanus

2013 1551 2129 1609 fieri
2162 1555 2313 1620 vidit,
2369 1557 2656 1612 confestim
2705 1560 2868 1613 motis
2897 1560 3116 1624 castris,
3153 1575 3311 1613 suam
3380 1561 3430 1612 in
3467 1576 3591 1627 pro-

2012 1648 2248 1702 vinciam
2273 1653 2574 1706 exercitum
2612 1652 2859 1708 abduxit.

2083 1741 2390 1796 Secundem
2449 1744 2562 1798 haec
2613 1746 2888 1812 profectus
2936 1762 2966 1799 e
3015 1745 3280 1801 Romania
3341 1750 3591 1802 sultanus

2012 1834 2398 1897 Muchemetes,
2443 1837 2766 1890 transmisso
2824 1837 2981 1904 freto,
3013 1838 3237 1895 Prusam
3283 1841 3435 1904 adiit,
3488 1840 3590 1893 ilii-

2005 1941 2111 1996 que
2162 1925 2462 1994 majoribus
2513 1931 2718 1984 coactis
2772 1931 2966 1998 copiis,
3027 1943 3080 1986 et
3145 1933 3418 2003 adjnnetis
3483 1931 3585 1986 sibi

2004 2017 2218 2072 duobus
2243 2020 2294 2072 in
2322 2018 2442 2073 belli
2482 2019 2796 2077 sacietatem
2857 2025 3211 2094 principibus,
3274 2025 3589 2079 lsveudiare

2005 2110 2278 2177 videlicet,
2309 2128 2371 2168 ac
2409 2110 2683 2170 Germiaui
2715 2115 2974 2183 domino;
3024 2133 3147 2171 cum
3189 2117 3268 2172 eis
3321 2116 3588 2172 adversus

2004 2203 2371 2260 Caramauum
2459 2207 2860 2278 expeditionem
2946 2210 3214 2276 suscepit.
3305 2208 3588 2278 Ingressus

2001 2303 2183 2354 autem
2210 2299 2503 2353 Caramani
2526 2300 2814 2364 ditionem,
2841 2315 2964 2355 mox
2997 2301 3258 2370 oppidum
3283 2299 3584 2355 Varsucum

2005 2389 2239 2459 Suhegit,
2270 2390 2466 2446 incolis
2519 2392 2725 2462 absque
2772 2408 2923 2448 mora
2977 2393 3302 2448 deditionem
3336 2393 3588 2464 facienti-

2003 2481 2128 2538 bus.
2159 2481 2291 2538 inde
2311 2480 2536 2538 Couiam
2557 2499 2680 2538 cum
2713 2487 2954 2539 exercitu
2983 2486 3286 2548 contendit.
3344 2486 3434 2539 ubi
3461 2503 3584 2539 cum

2003 2577 2260 2649 princeps
2327 2579 2480 2636 urbis
2531 2581 2582 2635 ei
2637 2583 2752 2637 suis
2815 2596 2938 2636 cum
2995 2583 3172 2651 copiis
3220 2591 3580 2644 occurreret,

2005 2671 2265 2741 praelium
2297 2675 2438 2727 inter
2467 2686 2524 2728 se
2578 2661 2996 2741 commiserunt,
3035 2691 3144 2744 quo
3186 2675 3433 2728 sultauus
3465 2673 3581 2752 Μιιέ

2006 2765 2284 2821 chemetes
2315 2767 2566 2837 superior
2595 2765 2715 2833 fuit,
2762 2777 2815 2822 et
2861 2767 3204 2824 Caramanus
3235 2785 3358 2823 cum
3392 2785 3588 2836 supre-

2007 2872 2095 2911 mo
2123 2857 2404 2926 copiarum
2437 2874 2662 2915 suarum
2703 2860 2861 2925 duce,
2919 2861 3135 2916 Zehuco
3179 2857 3487 2930 lilnstapha,
3533 2863 3584 2916 iu

2007 2950 2242 3004 hostium
2295 2959 2618 3020 potestatem
2677 2955 2839 3007 venit.
2914 2954 3095 3008 Multis
3149 2953 3296 3008 ultro
3342 2956 3588 3024 citroque

2005 3039 2294 3111 colloquiis
2332 3041 2556 3110 habitis,
2603 3043 2822 3100 tandem
2874 3047 3238 3115 compositum
3277 3047 3376 3100 fuit
3424 3042 3586 3110 dissic

2007 3133 2182 3202 dlum,
2216 3145 2268 3190 et
2300 3146 2486 3192 mutua
2517 3139 2868 3194 reconciliata
2898 3151 3104 3210 gratia:
3159 3136 3251 3194 sed
3276 3143 3345 3195 ita
3380 3132 3584 3204 tamen,

320 3222 552 3284 domini,
581 3223 660 3278 sic
687 3224 838 3278 humi
872 3232 1164 3294 prostrato,
1219 3228 1469 3282 tendiues
1520 3227 1733 3292 incidit,
1767 3244 1895 3299 cap-
1922 3217 1968 3282 G
2001 3237 2061 3282 ut
2083 3227 2421 3286 Caramanus
2449 3230 2665 3285 sultauo
2706 3231 3028 3286 Muehemeti
3060 3233 3232 3288 trilttts
3276 3233 3587 3304 oppidis,ct

322 3327 553 3386 tumque
577 3317 858 3371 dominum
905 3333 1062 3373 suum
1096 3319 1311 3375 Musam
1358 3319 1425 3375 ad
1469 3323 1745 3378 sultanum
1777 3323 1896 3376 Illu-

324 3411 623 3466 chemetem
646 3410 892 3466 adduxit.
943 3411 1054 3466 Sub
1083 3411 1301 3467 initium
1329 3413 1503 3468 noctis
1553 3414 1604 3467 in
1658 3413 1895 3468 tentorio

328 3508 566 3576 quodam
614 3507 756 3563 Musa
819 3497 1214 3580 strangulatus.
1283 3509 1465 3564 statim
1538 3509 1726 3564 eadem
1791 3521 1895 3561 no-

327 3608 416 3653 cte
494 3599 716 3655 Prusam
784 3603 938 3656 avehi
1015 3602 1207 3670 jussus
1259 3611 1362 3669 est,
1420 3612 1480 3658 ut
1526 3602 1654 3657 istic
1717 3602 1772 3656 in
1806 3605 1894 3666 avi

321 3703 681 3748 moumnento
702 3695 1047 3750 conderetur.
1097 3694 1386 3766 Imperavit
1433 3697 1592 3754 annis
1621 3699 1794 3754 tribus
1841 3709 1895 3758 et

320 3784 571 3839 dimidio.
623 3785 1008 3840 Meehemetem
1064 3787 1281 3854 begum,
1336 3769 1615 3845 Michaelis
1699 3790 1890 3858 tilium,

317 3879 411 3948 qui
438 3879 801 3932 Acanziorum
837 3878 943 3933 dux
968 3887 1083 3934 erat
1115 3878 1171 3934 in
1212 3881 1457 3937 exercitu
1503 3881 1691 3946 Musae,
1725 3887 1896 3956 capti-

318 3985 443 4022 vum
511 3972 762 4025 sultanus
818 3970 1185 4027 Muchemetes
1249 3975 1314 4027 ad
1377 3974 1566 4029 urbem
1628 3975 1890 4033 Tocatam

319 4063 618 4130 deportari,
647 4072 701 4117 et
734 4063 930 4118 ibidem
964 4063 1229 4118 custodiri
1281 4066 1556 4137 praecepit,
1625 4063 1895 4125 Samobu-

317 4172 557 4223 navem
589 4157 782 4220 lilium,
811 4156 902 4223 qui
940 4157 1118 4211 oﬂicio
1161 4158 1515 4214 cadilescheri
1543 4159 1893 4232 fungebatur,

315 4267 440 4303 cum
470 4250 732 4305 uxoribus
756 4262 811 4305 et
835 4253 1021 4306 liberis
1052 4251 1286 4306 Isnlcam
1325 4253 1491 4324 jussit
1515 4253 1736 4321 abduci,
1800 4258 1893 4313 ubi

316 4339 470 4393 mille
523 4353 810 4405 asprorum
864 4355 1133 4396 annonam
1185 4342 1234 4396 ei
1284 4344 1529 4413 singulos
1572 4345 1627 4400 in
1678 4362 1895 4402 menses

315 4433 640 4501 assignavit.
675 4432 925 4489 Peditum
963 4433 1127 4490 Musae
1157 4435 1264 4490 dux
1297 4435 1351 4489 in
1384 4435 1698 4493 Valachiam
1730 4439 1893 4496 aufu-

1999 3320 2092 3374 uni
2149 3330 2332 3376 castro
2387 3323 2628 3378 cederet.
2694 3323 2938 3390 Quorum
3001 3324 3245 3377 locorum
3311 3325 3586 3380 deditione

1998 3411 2163 3476 facta,
2192 3411 2433 3468 vicissim
2463 3414 2836 3469 Muehemetes
2866 3415 3233 3469 Caramauum
3262 3417 3593 3474 muneribus

1997 3504 2399 3568 cohonestavit,
2436 3514 2492 3561 et
2515 3505 2754 3560 libertati
2782 3506 3094 3561 restitutum
3136 3521 3292 3562 suam
3347 3507 3400 3560 in
3455 3523 3584 3572 pro-

1998 3596 2231 3651 vinciam
2257 3596 2488 3654 remisit.
2519 3597 2884 3654 Muchetnctes
2907 3601 3022 3670 ipse
3049 3599 3276 3654 Prusam
3303 3615 3591 3662 reversus,

1997 3703 2108 3745 non
2136 3690 2227 3746 diu
2263 3690 2384 3747 istic
2419 3691 2616 3747 haesit:
2668 3694 2762 3748 sed
2797 3693 2898 3747 iter
2945 3704 3163 3763 ceptum
3219 3709 3589 3764 prosequens,

1996 3791 2148 3840 trans
2192 3785 2390 3841 fretum
2442 3785 2883 3856 Hadrianopolim
2941 3789 3270 3859 properavit,
3328 3799 3385 3843 ut
3441 3789 3594 3843 bello-

1996 3871 2269 3935 Valachos
2294 3881 2594 3940 invaderet.
2641 3881 2696 3935 In
2732 3880 2781 3935 id
2841 3879 3044 3936 bellum
3075 3892 3128 3934 et
3172 3897 3200 3935 a
3255 3879 3589 3940 Caramano.

1997 3979 2052 4024 et
2085 3971 2153 4025 ab
2185 3970 2500 4028 Isvendiare
2538 3974 2675 4044 bego
2731 3975 2918 4044 copias
2966 3975 3264 4028 auxiliares
3325 3958 3586 4038 impetra-J

1997 4061 2113 4116 vit:
2150 4063 2349 4131 quibus
2383 4063 2447 4117 ad
2501 4080 2628 4118 suas
2676 4065 2969 4132 adjunctis,
3007 4064 3056 4118 iu
3091 4064 3298 4117 hostem
3331 4078 3584 4132 progres-

1997 4169 2114 4220 sus,
2147 4155 2212 4209 ad
2260 4153 2567 4210 Danubium
2629 4165 2807 4210 castra
2869 4156 3106 4215 locavit;
3158 4155 3246 4208 ubi
3295 4155 3422 4208 dum
3462 4170 3584 4208 cas-

1998 4248 2186 4301 tellum
2248 4256 2579 4310 exstrueret,
2636 4253 2888 4318 magnam
2960 4263 3186 4302 suorum
3245 4263 3463 4300 manum
3522 4264 3578 4298 -ιι

1997 4335 2312 4394 Valachiam
2364 4350 2517 4395 trans
2568 4339 2762 4394 ﬂumen
2803 4338 3048 4402 immisit,
3096 4349 3152 4392 ut
3203 4339 3403 4408 pt'mdis
3445 4332 3586 4392 actis.

1997 4447 2114 4486 eam
2139 4433 2622 4502 depopularentur.
2656 4433 2854 4488 Milites
2891 4449 2919 4488 e
2948 4429 3209 4485 Valachia
3237 4431 3392 4492 salvi,
3430 4430 3581 4484 nuilo

313 4528 415 4598 git,
453 4527 566 4582 Hoc
598 4527 760 4582 modo
789 4527 1094 4583 Tur-corum
1152 4529 1447 4598 imperator
1499 4532 1672 4588 factus
1720 4535 1892 4590 sulm.
1922 4561 1969 4618 υ
2000 4535 2224 4594 accepto
2249 4524 2601 4587 detrimento,
2629 4536 2782 4580 trans
2807 4524 3144 4584 Danubium,
3182 4524 3433 4578 maximis
3485 4538 3580 4576 au-

317 4636 421 4673 tms
454 4617 838 4681 aluchemetes,
868 4621 1122 4676 universa
1179 4621 1404 4677 subacta
1430 4622 1698 4681 Romania
1746 4642 1894 4683 anno

315 4710 422 4766 816
449 4711 600 4780 (mir.
641 4711 819 4780 tut).

391 4803 532 4856 Inito
573 4818 761 4872 regno,
796 4805 1004 4872 legatos
1031 4803 1097 4859 ad
1127 4820 1320 4860 omnes
1355 4804 1458 4860 sibi
1493 4806 1701 4864 vicinos
1737 4795 1898 4878 prin-i

318 4897 471 4965 cipes
499 4899 668 4963 misit,
701 4912 765 4951 ac
812 4899 960 4966 pacis
1005 4909 1058 4952 et
1108 4898 1368 4954 amicitia:
1407 4898 1610 4954 foedera
1653 4916 1775 4955 cum
1812 4903 1894 4958 eis

320 4988 542 5058 pepigit.
593 4988 804 5043 Interea
839 5004 988 5052 vero,
1015 4988 1142 5042 dum
1176 4987 1355 5043 adhuc
1390 4988 1538 5043 Musa
1576 4987 1891 5045 Muchcme-

317 5091 508 5148 tesque
540 5081 681 5133 bello
709 5089 883 5134 semet
905 5079 1134 5134 invicem
1165 5081 1218 5133 in
1250 5079 1571 5134 liomaniam
1599 5096 1893 5150 perseque-

322 5177 554 5226 bantur:
589 5171 927 5226 Caramauize
985 5171 1237 5240 princeps
1297 5172 1525 5225 I’rusam
1585 5175 1890 5227 exercitum

317 5266 560 5319 adduxit.
602 5264 730 5335 Ejus
779 5266 1137 5334 expeditionis
1194 5280 1413 5319 rumore
1447 5263 1514 5317 ad
1562 5281 1620 5320 se
1660 5265 1888 5335 perlato,

318 5357 502 5413 [bases
535 5358 715 5417 baSsa,
749 5360 979 5426 quitum
1017 5357 1199 5411 Prusae
1253 5373 1376 5411 cum
1427 5357 1600 5411 bassa‘
1659 5357 1890 5427 imperio

317 5457 570 5514 prmerat,
597 5449 874 5502 arcessitis
901 5447 965 5499 ad
991 5463 1048 5502 se
1077 5445 1313 5500 Prusreis
1350 5447 1586 5510 civibus,
1629 5448 1708 5501 uti
1762 5463 1886 5503 cum

316 5537 399 5590 cis
449 5536 516 5590 tle
569 5537 874 5593 imminenti
933 5539 1073 5593 bello
1135 5540 1494 5595 deliberaret:
1551 5541 1890 5595 Caramauia:

315 5629 597 5698 princeps,
629 5630 726 5691 ait,
779 5646 928 5686 arma
985 5633 1145 5701 cepit,
1183 5642 1240 5684 ut
1288 5647 1388 5686 nos
1438 5633 1726 5702 opprimat.
1785 5631 1888 5686 Vos

315 5735 538 5788 operam
568 5724 716 5783 date,
748 5732 807 5776 ut
840 5722 905 5776 ad
927 5723 1301 5792 excipiendam
1341 5723 1485 5778 illius
1509 5723 1640 5787 vim,
1675 5724 1884 5777 instru-

315 5813 552 5877 ctisitis,
579 5824 769 5872 etcum
809 5815 1158 5873 facultatibus
1231 5817 1424 5873 vestris
1471 5818 1523 5872 in
1557 5832 1737 5872 arcem
1790 5832 1887 5872 vos

1997 4616 2070 4673 eti
2122 4617 2334 4688 Spoliis,
2380 4617 2608 4673 rediere.
2649 4617 2803 4684 Quod
2859 4633 2984 4670 cum
3050 4617 3290 4686 regionis
3350 4616 3578 4670 voivoda

1996 4719 2266 4775 eerneret,
2311 4709 2457 4764 aliud
2519 4709 2668 4779 quod
2727 4719 2910 4780 ageret
2962 4709 3096 4764 nihil
3149 4708 3360 4770 habuit,
3413 4724 3578 4778 quam

1997 4811 2053 4856 ιιι
2077 4817 2210 4872 pace
2244 4817 2368 4857 cum
2393 4803 2616 4857 sullano
2649 4802 2975 4871 composita,
3028 4802 3326 4872 quotannis
3384 4816 3443 4855 se
3485 4801 3584 4854 tri.

1996 4895 2188 4948 butum
2261 4896 2560 4949 missurum
2621 4895 2990 4963 polliceretur,
3029 4911 3204 4968 eoque
3255 4895 3473 4950 nomine
3513 4896 3580 4947 fi-

1996 4987 2128 5040 lium
2160 4987 2311 5042 daret
2347 4988 2615 5042 obsidem.
2660 4987 2871 5055 Quibus
2904 4990 3065 5044 rebus
3096 4989 3286 5058 gestis.
3346 4987 3578 5042 Prnsam

1996 5081 2362 5135 Muchemetes
2413 5081 2646 5147 repetiit,
2686 5091 2738 5135 et
2792 5081 2920 5135 inde
2971 5081 3159 5150 copias
3195 5082 3262 5134 ad
3311 5081 3574 5150 oppidum

1994 5172 2138 5243 quod
2163 5171 2439 5226 Samsouis
2479 5171 2698 5238 dicitur,
2751 5173 3027 5226 traduxit:
3071 5188 3178 5242 quo
3206 5170 3425 5240 quidem
3479 5185 3571 5224 0c-

1994 5272 2212 5332 cupato,
2244 5265 2550 5334 complures
2593 5265 2644 5318 iu
2677 5265 2746 5319 iis
2785 5265 2918 5319 locis
2957 5262 3208 5323 Tataros,
3263 5279 3292 5315 a
3352 5261 3575 5317 Temire

1993 5357 2179 5411 Chane
2212 5355 2452 5416 relictos.
2515 5357 2740 5410 invenit.
2781 5354 2889 5409 llos
2923 5355 3102 5408 edicto
3159 5353 3456 5424 publicato,
3514 5353 3566 5406 iu

1993 5447 2313 5503 Romaniam
2346 5448 2574 5518 migrare
2604 5447 2804 5516 jussit:
2858 5456 2913 5502 et
2955 5445 3255 5501 ditiuncula
3301 5448 3562 5516 quadam.

1994 5543 2136 5597 haud
2165 5541 2349 5610 procul
2381 5557 2408 5594 a
2444 5551 2628 5596 castro
2663 5539 2903 5601 Cituuza,
2926 5539 3169 5602 donavit,
3198 5548 3256 5593 ut
3296 5540 3365 5593 ibi
3397 5539 3602 5604 dmui-_

1991 5633 2118 5686 cilia
2167 5631 2268 5687 sibi
2294 5633 2706 5686 constituerent.
2748 5630 2872 5685 Erat
2921 5631 3066 5684 enim
3120 5630 3165 5685 is
3199 5629 3349 5684 locus
3395 5625 3577 5685 incul-

1991 5737 2081 5780 tus
2108 5736 2161 5780 et
2183 5727 2448 5781 desertus.
2487 5727 2658 5794 Atque
2682 5724 2770 5778 illa
2800 5724 3021 5795 quidem
3045 5723 3245 5778 vicinia
3299 5733 3349 5777 et
3415 5721 3564 5792 regio

1993 5819 2047 5872 iu
2080 5818 2220 5873 hunc
2245 5818 2463 5873 modum
2490 5815 2713 5872 Tataros
2740 5817 2944 5888 accepit
2975 5815 3201 5880 incolas,
3233 5813 3320 5886 qui
3353 5829 3468 5869 eam
3504 5812 3582 5867 in'
