4026 6204
393 227 495 288 603

1653 228 2006 299 ΑΝΝᾹΕΕΞ
2043 229 2377 295 TURCICI.

3560 222 3675 286 6οί

399 350 724 405 hodiernum
773 364 949 420 usque
999 350 1141 405 diem
1212 350 1514 419 possident.
1583 350 1797 407 Interea
1862 351 1992 408 dum
2023 359 2068 418 Α
2098 348 2293 405 Set-ras
2336 349 2400 403 ad
2434 346 2713 402 sultanum
2737 344 3132 402 Mucbemetem
3162 341 3521 399 adduxerunt.
3549 345 3683 401 Erat

396 442 484 497 his
521 442 682 497 rebus
718 441 959 497 intentus
989 453 1107 498 erat
1165 444 1559 508 Muchemetes,
1619 448 1672 500 in
1728 445 1978 500 Anatolia

396 536 594 593 seditio
615 537 859 606 quaedam
882 548 1072 590 coorta
1099 536 1219 601 fuit,
1263 546 1487 591 auctore
1536 538 1805 607 Burgluze
1859 536 1980 592 Mu-

401 629 618 699 stapha,
644 628 736 698 qui
766 627 1055 682 Scheicbis
1093 627 1407 682 Bedredinis
1433 628 1711 698 quondam
1763 643 1983 685 cecono-

401 737 525 774 mus
567 720 765 775 fuerat.
804 720 868 774 Et
916 720 1199 775 scheicbcs
1230 721 1319 774 ille
1352 719 1705 786 Bedredines,
1770 721 1853 775 uti
1890 736 1983 777 su-

399 832 499 886 pra
551 815 830 880 diximus,
893 815 1035 884 apud
1103 814 1308 869 Musam
1368 815 1729 871 cadileseheri
1785 829 1984 869 munus

402 916 667 972 gesserat,
696 906 889 962 lsnica‘.
922 907 1180 979 deinceps
1200 908 1456 964 exsulare
1495 909 1705 980 jussus.
1739 906 1839 963 llic
1896 923 1985 961 er—

403 1015 471 1067 go
520 998 835 1069 Mustaphas
896 999 949 1053 in
1001 1016 1191 1070 agrum
1265 1001 1623 1056 Aidinensem
1686 1001 1983 1071 profectus,

405 1107 656 1161 magnam
685 1091 759 1146 ibi
788 1092 1110 1148 seditionem
1145 1093 1433 1147 excitavit:
1469 1094 1746 1163 persnas‘s
1794 1093 1986 1149 incolis

404 1191 461 1235 ut
490 1182 661 1251 ipsius
716 1186 968 1253 potestati
1020 1200 1080 1241 se
1126 1187 1530 1256 permitterent,
1591 1195 1644 1241 et
1694 1186 1984 1255 imperium

406 1273 655 1329 lubentes
689 1276 1001 1346 acciperent
1025 1295 1040 1332 :
1078 1293 1271 1333 nomen
1296 1278 1511 1333 interim
1533 1276 1814 1348 prophetae
1836 1292 1988 1332 men-

406 1367 559 1431 titus,
590 1378 649 1422 ut
676 1384 740 1423 eo
765 1368 980 1423 facilius
1005 1387 1094 1426 res
1127 1386 1296 1426 novas
1317 1370 1626 1426 moliretur.
1664 1369 1764 1426 Ubi
1793 1370 1860 1426 de
1886 1370 1990 1425 hoc

405 1470 557 1515 mutu
639 1460 830 1517 lsnic:e
906 1463 1190 1519 scbeiches
1272 1462 1601 1519 Bedredines
1665 1461 1985 1531 accepisset,

406 1553 680 1608 meonomi
708 1552 956 1607 videlicet
983 1554 1065 1608 sui
1098 1570 1183 1609 res
1204 1564 1415 1609 tantum
1452 1554 1777 1609 incrementi
1805 1568 1989 1607 sume-

408 1660 502 1697 re:
531 1659 651 1698 mox
681 1644 855 1700 lsnica
889 1645 1076 1700 relicta
1110 1646 1291 1716 fugam
1313 1648 1563 1716 arripuit,
1600 1660 1653 1701 ct
1715 1643 1988 1700 lsvendia-

2093 446 2236 515 apud
2259 445 2534 499 sultanmn
2567 457 2777 511 magnae
2805 441 3028 511 quidam
3071 439 3334 504 doctrina:
3361 440 3466 505 vir,
3500 441 3683 493 nomi-

2088 553 2155 591 ne
2182 537 2424 591 Meuiana
2452 534 2709 597 Cheider,
2747 534 3017 589 oriundus
3062 548 3093 587 e
3120 532 3361 591 Parthia.
3412 533 3554 585 unde
3617 548 3684 586 se

2090 629 2157 680 ad
2197 627 2592 682 Muchemetem
2630 625 2958 688 contulerat,
3009 625 3101 693 qui
3134 639 3259 680 eum
3290 639 3390 693 pro
3406 624 3526 678 viro
3557 639 3683 678 san-

2089 730 2177 775 cto
2203 719 2433 786 colebat,
2457 728 2513 774 et
2553 733 2582 772 a
2620 718 2787 773 latere
2810 732 2911 773 suo
2940 732 3215 780 nunquam
3251 717 3531 772 discedere
3582 734 3687 786 pa-

2091 813 2350 867 tiebatur.
2388 811 2437 868 ls
2465 811 2607 866 hanc
2631 810 2961 866 sententiam
2985 810 3134 875 tulit,
3163 810 3432 879 utcapitis
3458 809 3685 880 quidem

2090 906 2417 975 supplicium
2464 903 2750 960 scheiches
2781 902 3110 959 Bedredines
3142 904 3342 967 lueret,
3373 904 3468 958 sed
3519 903 3689 957 mini-

2094 1015 2180 1053 me
2234 1009 2417 1053 tamen
2495 998 2628 1051 iisco
2692 996 2976 1052 facultates
3026 995 3201 1066 ipsius
3252 995 3681 1066 applicarentur.

2097 1091 2355 1147 Sultanus
2377 1105 2509 1159 ergo
2540 1089 2934 1153 Mucltemetes,
2957 1088 3061 1145 hac
3086 1090 3139 1144 in
3172 1104 3297 1143 eum
3328 1089 3435 1144 lata
3463 1098 3683 1144 senten-
3764 1092 3781 1153 f.

2094 1185 2190 1248 tia,
2218 1199 2377 1255 poena
2403 1183 2683 1255 suspendii
2725 1185 2870 1252 apud
2898 1182 3090 1238 Serras
3140 1182 3416 1238 hominem
3474 1181 3680 1239 alfecit.
3764 1204 3769 1209 ·

2093 1278 2289 1334 Postea
2320 1292 2467 1344 vero,
2528 1291 2693 1347 quam
2746 1277 3105 1347 exspirasset,
3163 1274 3400 1331 cadaver
3456 1273 3579 1343 ejus
3611 1273 3685 1328 de

2094 1369 2339 1441 patibulo
2371 1368 2679 1424 detractum
2735 1376 2790 1424 et
2823 1377 2980 1423 terrae
3006 1367 3320 1423 mandatum
3377 1365 3500 1423 fuit.
3549 1367 3682 1421 inde

2096 1461 2347 1517 sultanus
2380 1460 2744 1517 Mucbemetes
2770 1459 3002 1517 Prusam
3051 1474 3326 1527 reversus,
3356 1458 3424 1514 ad
3455 1458 3681 1530 aliquod

2099 1553 2173 1609 ibi
2200 1563 2417 1624 tempus
2447 1553 2713 1610 substitit.
2747 1552 3135 1623 Hadrianopoli
3192 1554 3476 1623 templum,
3530 1552 3678 1622 quo'l

2100 1646 2267 1701 frater
2289 1646 2410 1716 ejus
2442 1647 2579 1702 emir
2602 1646 2939 1702 Soleimanes
2960 1654 3247 1701 exstruere
3290 1656 3555 1716 coeperat.
3587 1645 3685 1699 ab-

408 1754 524 1794 rem
557 1740 714 1797 adiit.
748 1741 902 1810 Apud
930 1742 1074 1797 hunc
1103 1758 1227 1796 cum
1270 1742 1585 1812 aliquandiu
1626 1741 1984 1813 substitisset,
2022 1721 2064 1775 Β
2097 1734 2235 1789 Solvi
2260 1736 2495 1790 curaVil.
2523 1736 2682 1790 Aliud
2707 1735 2871 1790 etiam
2897 1734 3087 1791 Prusae
3119 1734 3332 1798 fanum.
3364 1751 3489 1791 cum
3520 1738 3685 1791 scho-

411 1830 594 1884 navim
649 1832 990 1895 conscenr'it,
1018 1842 1071 1887 et
1115 1833 1311 1887 itinere
1362 1833 1639 1887 maritimo
1673 1830 1987 1887 Valachiam

409 1921 585 1989 petiit.
607 1920 871 1979 Sullanus
904 1933 1085 1979 autem
1148 1924 1516 1981 Mucbemetes
1573 1924 1848 1981 intellecto
1892 1925 1992 1980 ha-

409 2012 542 2068 bere
582 2013 691 2083 jam
729 2014 1055 2087 Burgluzam
1090 2015 1432 2087 Mustapham
1469 2017 1793 2073 selectorum
1843 2017 1992 2073 mili-

410 2116 525 2160 tum
555 2106 619 2159 ad
645 2107 748 2161 tria
775 2107 968 2169 millia.
1000 2110 1187 2179 copias
1212 2125 1341 2165 suas
1386 2110 1440 2163 in
1485 2125 1635 2176 eum,
1662 2111 1802 2164 duce
1822 2110 1995 2166 sulta-

412 2216 485 2253 no
518 2199 723 2254 Μαι-τηρ
770 2201 900 2269 filio,
932 2203 1101 2259 misit.
1136 2202 1185 2257 Is
1223 2202 1312 2257 ubi
1348 2201 1588 2272 Bajazite
1645 2201 1806 2258 bassa
1832 2216 1995 2273 expe-

413 2294 637 2349 ditionis
677 2298 849 2361 socio,
882 2313 1009 2352 cum
1044 2298 1290 2357 exercitu
1338 2298 1404 2352 ad
1436 2296 1763 2353 defectionis
1809 2305 1997 2354 aucto-

415 2402 529 2439 rem
560 2389 917 2456 pervenisset,
977 2388 1177 2443 accidit
1232 2398 1292 2443 ut
1332 2389 1540 2458 impetu
1609 2389 1897 2459 repentino
1937 2404 1998 2445 se

414 2479 645 2535 invicem
681 2481 1097 2543 invaderent.et
1131 2496 1324 2537 manus
1350 2488 1463 2536 tam
1516 2481 1761 2537 animose
1806 2496 2000 2538 conse-

417 2581 624 2636 rerent,
655 2582 715 2628 ut
746 2574 838 2628 illo
890 2573 1077 2644 praelio
1142 2573 1334 2644 ingens
1375 2574 1658 2631 hominum
1710 2573 2001 2630 multitudo

416 2668 653 2720 caderet.
681 2664 921 2721 Tandem
983 2665 1282 2737 Burgluzes
1322 2666 1661 2739 Mustapbas,
1719 2667 1774 2724 in
1828 2665 2001 2723 frusta

418 2760 675 2814 concisus
736 2760 917 2831 periit.
955 2761 1064 2815 liae
1101 2763 1169 2815 de
1216 2762 1329 2819 illo.
1379 2773 1433 2818 et
1465 2762 1845 2832 complicibus,
1909 2764 2002 2818 ob-

419 2862 568 2907 tenta
616 2853 885 2914 victoria.
917 2855 1077 2908 rediit
1132 2855 1199 2907 ad
1241 2856 1531 2923 pristinum
1572 2855 1861 2925 imperium
1888 2872 2003 2911 om-

422 2946 508 2999 nis
532 2960 591 2999 ea
645 2944 803 3009 ditio,
839 2946 1129 3000 diSIributa
1165 2946 1424 3017 deinceps
1456 2947 1599 3003 inter
1622 2947 1827 3003 sultani
1883 2949 2002 3003 Mu-

2092 1825 2219 1881 laet
2276 1840 2511 1894 xenone,
2551 1827 2820 1883 condidit.
2871 1827 3046 1897 Atque
3071 1826 3225 1883 hisce
3268 1828 3434 1899 gestis
3494 1827 3684 1892 rebus,

2092 1920 2308 1974 vivendi
2345 1920 2508 1976 finem
2562 1920 2715 1977 fecit.
2762 1920 2896 1993 Ejus
2953 1921 3076 1977 loco
3134 1922 3389 1978 sultanus
3444 1922 3687 1977 Mnrates

2093 2011 2541 2082 illiusimperator
2560 2011 2740 2068 factus
2768 2024 2874 2080 est,
2899 2028 3043 2069 anno
3064 2013 3169 2091 824
3191 2014 3342 2085 (Chr.
3366 2013 3549 2080 “22).
3580 2014 3687 2081 Qui

2093 2104 2279 2164 Prusae
2295 2106 2526 2163 cadaver
2546 2108 2716 2177 patris
2736 2119 3113 2178 monumento,
3157 2124 3256 2179 pro
3270 2125 3445 2174 more,
3474 2110 3685 2167 intulit.

2167 2199 2480 2255 Secundum
2518 2202 2632 2257 hac
2656 2211 2842 2258 secuta
2877 2203 2979 2258 fuit
3008 2209 3388 2259 universorum
3429 2204 3482 2259 in
3536 2207 3685 2259 Ana—

2097 2292 2228 2348 tolia
2260 2293 2518 2359 defectio,
2551 2294 2816 2350 nimirum
2842 2294 3064 2367 lsmym
3099 2298 3385 2368 principis,
3426 2308 3481 2354 et
3534 2298 3683 2354 Men-

2101 2385 2263 2440 tbesii
2293 2402 2308 2439 :
2341 2396 2397 2441 et
2434 2385 2501 2441 ad
2533 2401 2803 2444 summam
2830 2428 2846 2452 ,
2901 2389 3145 2444 omnium
3200 2391 3270 2445 ab
3324 2391 3475 2447 omni
3534 2401 3688 2461 parte

2102 2493 2413 2549 procerum.
2477 2475 2535 2533 In
2591 2479 2859 2535 Romania
2924 2496 3161 2550 namque
3203 2497 3304 2552 pro
3361 2482 3578 2537 sultano
3624 2496 3688 2537 se

2105 2571 2332 2640 quidam
2370 2572 2614 2642 gerebat,
2647 2573 2734 2627 cui
2804 2587 3003 2628 nomen
3066 2572 3298 2629 Dusmes
3347 2573 3683 2644 Mustaphas.

2107 2662 2157 2719 ls
2222 2663 2391 2718 lilium
2457 2678 2518 2719 se
2549 2650 2863 2720 Gilderunis
2920 2663 3125 2721 Cbanis
3196 2665 3573 2735 proﬁtebatur,
3631 2674 3689 2719 et

2107 2757 2429 2827 plerumque
2492 2758 2705 2813 solebat
2762 2758 2814 2812 in
2898 2759 3100 2827 oppido
3146 2758 3411 2814 Vardario
3462 2760 3682 2827 degere.

2108 2848 2468 2903 Transierunt
2504 2848 2555 2903 in
2585 2857 2766 2918 partes
2796 2851 2971 2919 ipsius
3004 2850 3169 2905 etiam
3232 2867 3485 2920 proceres
3554 2854 3680 2922 qui-

2111 2940 2232 2994 dam
2265 2940 2385 3005 ejus
2413 2939 2820 3011 familite,qttos
2878 2941 3189 2999 Eurenoses
3249 2944 3417 3014 begos
3470 2957 3688 3000 vocant.

420 3036 685 3092 cbcmetis
712 3037 933 3092 milites.
985 3036 1080 3092 His
1104 3039 1271 3094 rebus
1318 3038 1505 3109 gestis,
1543 3039 1811 3111 Bajazites
1843 3040 2002 3097 bassa

2113 3030 2314 3085 llorum
2339 3033 2600 3089 subsidiis
2628 3033 2873 3103 adjutus,
2901 3035 3097 3092 Serras
3119 3036 3335 3092 obsedit
3359 3056 3374 3093 :
3400 3053 3521 3108 quae
3567 3040 3689 3108 qui-

421 3144 546 3181 eum
577 3127 795 3182 sultano
842 3128 1049 3185 lliurate
1088 3127 1383 3185 Mauissam
1437 3130 1593 3185 duxit
1655 3132 1998 3189 exercitum:

421 3237 531 3289 quo
558 3220 678 3289 ipso
699 3221 863 3277 etiam
916 3222 970 3277 in
1000 3222 1119 3277 loco
1149 3222 1373 3293 quidam
1398 3232 1515 3279 erat
1566 3224 1729 3279 homo
1783 3223 2008 3280 seditio-

422 3330 541 3381 sus,
569 3313 826 3371 Torlaces
880 3313 1224 3387 Huggiemal,
1253 3317 1490 3386 stipatus
1544 3316 1626 3372 his
1660 3316 1805 3372 mille
1850 3317 2007 3380 viris.

422 3408 515 3473 qui
546 3424 669 3462 eum
696 3408 1068 3464 sectabantur.
1104 3406 1214 3464 Hos
1241 3424 1364 3465 cum
1420 3408 1689 3478 Bajazites
1720 3420 2008 3467 assecutus

426 3499 640 3565 fuisset,
668 3508 815 3569 terga
844 3500 973 3555 dare
995 3500 1191 3571 coegit,
1240 3510 1293 3555 et
1325 3500 1502 3571 ipsum
1556 3500 1839 3558 Torlacem
1882 3518 2006 3558 cum

423 3590 548 3644 aliis
579 3591 784 3659 aliquot
812 3590 1115 3657 conjuratis
1164 3600 1407 3660 captum,
1454 3590 1654 3646 ibidem
1710 3594 2009 3663 suspendio

426 3679 611 3735 necari
638 3680 823 3750 jussit.
880 3679 1104 3735 Interim
1167 3680 1446 3750 profectus
1512 3681 1705 3739 Serras
1758 3684 2009 3739 sultanus

428 3772 819 3838 Muchemetes,
874 3784 994 3826 eam
1053 3770 1326 3827 civitatem
1386 3774 1715 3844 occupavit:
1768 3784 1822 3830 et
1881 3790 2009 3831 cum

425 3865 612 3920 animo
637 3879 740 3921 suo
793 3863 1103 3930 constituit,
1151 3865 1463 3922 Salonicam
1521 3883 1739 3939 quoque
1775 3868 2011 3924 militum

426 3972 631 4012 corona
656 3958 1018 4013 circumdare.
1055 3955 1292 4015 Durante
1353 3975 1481 4015 vero
1533 3959 1812 4017 Serrensis
1861 3961 2013 4018 urbis

428 4050 740 4115 obsidione,
770 4049 1066 4106 Scheicbes
1096 4051 1185 4105 ille
1206 4050 1558 4116 Bedredines,
1589 4069 1749 4124 quem
1801 4054 1856 4109 in
1910 4053 2016 4109 Va-

428 4143 664 4199 lachiam
698 4142 1011 4215 profugisse
1035 4143 1302 4213 diximus,
1359 4143 1683 4203 Romaniam
1712 4147 2015 4218 ingressus,

426 4237 637 4307 aliquot
667 4234 994 4307 sopbilarios
1026 4244 1152 4291 ante
1176 4251 1236 4293 se
1255 4236 1403 4293 misit
1432 4237 1488 4292 in
1519 4252 1709 4307 agrum
1745 4237 2019 4310 Zagoren-

2112 3124 2232 3179 dem
2270 3125 2419 3191 urbs,
2460 3140 2565 3180 una
2598 3140 2723 3180 cum
2768 3142 2915 3195 arce,
2972 3136 3097 3183 mox
3157 3128 3490 3185 deditionem
3543 3130 3689 3185 fecit.

2112 3216 2253 3273 Hinc
2278 3232 2600 3289 progressus
2658 3219 2910 3286 ulterius,
2952 3216 3402 3291 Hadrianopolim
3438 3222 3518 3278 ire
3577 3238 3693 3293 per-

2108 3310 2256 3367 rexit
2282 3327 2297 3365 :
2324 3327 2434 3381 quo
2460 3327 2581 3367 cum
2614 3312 2958 3378 accessisset,
2984 3313 3178 3368 incola:
3219 3313 3392 3384 portis
3442 3317 3689 3379 reclusis,

2112 3405 2231 3476 ejus
2270 3421 2330 3461 se
2354 3405 2476 3460 lidei
2507 3407 2875 3477 potestatique
2897 3408 3288 3477 permiserunt.
3315 3408 3395 3461 Ad
3423 3424 3689 3463 summam

2115 3507 2223 3553 tota
2261 3495 2530 3552 Romanis
2556 3498 2609 3552 in
2645 3507 2826 3570 partes
2855 3497 2977 3569 ejus
3002 3501 3298 3554 concessit.
3332 3500 3458 3553 Alio
3512 3510 3692 3553 tamen

2112 3586 2277 3645 Porta
2313 3589 2434 3643 loco
2454 3604 2562 3644 non
2594 3597 2732 3654 erat,
2797 3604 2962 3658 quam
3002 3589 3283 3646 Vartlarii.
3332 3590 3691 3662 Posteaquam

2116 3680 2369 3737 sultanus
2393 3679 2657 3748 Murates,
2709 3681 2803 3751 qni
2842 3681 2948 3737 hoc
2996 3692 3240 3753 tempore
3296 3683 3481 3739 Prusae
3539 3683 3693 3751 dege-

2115 3772 2209 3827 bat
2242 3773 2294 3827 in
2326 3773 2459 3839 otio,
2489 3772 2555 3828 de
2572 3772 2722 3828 hisce
2746 3773 2987 3830 motibus
3014 3775 3219 3831 certior
3251 3773 3430 3832 factus
3464 3775 3656 3835 fuisset
3678 3826 3695 3850 ,

2116 3865 2409 3936 Bajazitem
2476 3865 2690 3922 bassam
2734 3865 2911 3935 copiis
2985 3866 3319 3923 instructum
3376 3868 3548 3933 misit,
3604 3872 3692 3938 qui

2121 3960 2267 4013 hunc
2295 3973 2462 4028 regno
2496 3957 2813 4028 depelleret.
2843 3957 2983 4014 Cum
3024 3959 3264 4029 primum
3323 3960 3370 4017 is
3402 3958 3695 4015 Hadriano-

2119 4052 2286 4123 polim
2324 4052 2379 4106 in
2412 4048 2741 4107 Romaniam
2770 4053 3039 4117 venisset,
3077 4053 3146 4107 ab
3182 4054 3315 4110 hero
3349 4070 3451 4111 suo
3480 4053 3694 4121 defecit,

2121 4160 2187 4201 ac
2214 4144 2404 4201 Dusmi
2454 4145 2759 4215 Mustapha:
2822 4160 2882 4202 se
2914 4145 3165 4202 dedidit:
3222 4161 3253 4201 a
3310 4163 3421 4219 quo
3460 4148 3696 4204 vicissim

2120 4238 2320 4295 veziris
2368 4238 2633 4310 dignitate
2723 4237 2830 4293 fuit
2895 4246 3147 4295 ornatus.
3220 4238 3409 4296 Eidem
3489 4250 3545 4295 et
3618 4241 3698 4294 is-

429 4330 753 4400 setn.vulgo
786 4343 1169 4400 persuasuros,
1192 4329 1477 4400 imperium
1498 4328 1750 4387 Scheichi
1772 4331 2022 4388 Bedredi-
2122 4345 2292 4401 myrte
2320 4330 2580 4401 princeps
2603 4370 2619 4393 .
2659 4331 2965 4388 Cbuseines
2999 4330 3171 4401 begus
3221 4342 3395 4389 semet
3419 4333 3691 4403 adiunxit.

430 4422 485 4476 ni
518 4423 780 4478 divinitus
816 4438 940 4479 esse
980 4423 1348 4490 destinatum;
1395 4424 1586 4481 saltem
1616 4440 1824 4496 paucos
1870 4427 2013 4481 intra
2045 4437 2094 4494 ι)
2123 4421 2377 4493 Magnum
2406 4430 2587 4475 tamen
2623 4421 2863 4491 peditum
2924 4436 3215 4477 numerum
3245 4465 3261 4487 ,
3299 4438 3442 4491 quos
3487 4424 3697 4495 Azapos

430 4516 548 4570 dies
598 4514 889 4571 adventum
956 4516 1075 4587 ejus
1152 4517 1615 4587 praestolarentur.
1685 4518 1822 4574 Cum
1880 4534 2011 4590 ergo

433 4605 723 4661 scheicbes
757 4605 1088 4662 Bedredines
1114 4607 1226 4676 jam
1281 4608 1501 4678 propius
1536 4608 1605 4663 ad
1634 4624 1729 4667 eos
1788 4610 2017 4668 accede-

433 4707 538 4761 ret,
604 4714 836 4768 magnus
910 4698 1296 4755 seditiosorum
1358 4717 1622 4758 numerus
1698 4704 1767 4759 ad
1833 4703 2012 4775 ipsum

433 4790 723 4857 confluxit,
758 4800 812 4846 et
846 4792 1064 4847 illorum
1098 4793 1260 4865 325
1284 4810 1503 4865 quoque
1524 4812 1632 4851 non
1663 4798 1844 4869 pauci,
1878 4814 2019 4869 quos

435 4890 738 4956 imperante
760 4885 914 4941 Musa
945 4886 1226 4943 beneficiis
1249 4889 1520 4945 obnoxios
1576 4890 1633 4945 in
1692 4892 2013 4960 magistratu

437 4979 541 5034 sibi
568 4979 898 5043 reddiderat,
921 4978 1048 5033 dum
1093 4979 1235 5051 apud
1267 4981 1420 5036 illum
1456 4982 1814 5040 cadilescheri
1843 4985 2020 5041 cilicio

418 5072 789 5141 fungeretur:
824 5070 897 5124 ita
944 5069 1183 5138 quidem,
1244 5081 1305 5127 ut
1362 5073 1648 5129 hominum
1709 5076 1880 5146 copiis
1912 5093 2019 5131 non

439 5160 855 5219 contemnendis
883 5161 1098 5218 cinctus
1130 5176 1295 5219 esset.
1333 5163 1532 5218 Verum
1587 5166 1749 5220 iidem
1776 5168 2020 5221 animad-

444 5276 620 5325 verso,
655 5259 878 5312 minime
912 5256 1122 5311 felicem
1178 5256 1446 5323 futurum,
1482 5268 1662 5314 motus
1705 5260 1852 5316 illius
1906 5262 2021 5316 exi-

444 5363 595 5406 tum:
631 5352 935 5407 Bededriue
961 5352 1203 5414 deserto,
1227 5353 1390 5408 etiam
1419 5367 1594 5418 arma,
1623 5368 1743 5421 qum
1774 5369 2023 5424 sumpse-

445 5453 588 5517 rant,
618 5444 1012 5513 deposuerunt.
1046 5440 1250 5497 Harum
1286 5441 1573 5495 turbarum
1624 5452 1849 5510 accepto
1884 5456 2021 5494 nun-

446 5538 543 5600 tio,
606 5538 874 5608 insignem
932 5537 1233 5591 exercitum
1290 5535 1344 5589 in
1402 5549 1591 5603 agrum
1656 5532 2019 5601 Zagorensem

445 5630 694 5684 sultanus
757 5630 1129 5683 Mucbemetes
1184 5624 1511 5695 expedivit:
1569 5623 1667 5693 qui
1710 5623 2022 5679 schelcbem

437 5721 803 5778 Bcdredinem
836 5723 907 5777 ibi
937 5720 1335 5795 deprehensum
1394 5727 1676 5789 ceperunt,
1705 5729 1757 5774 et
1807 5730 2022 5791 Captum

2116 4522 2336 4579 vocant,
2361 4513 2579 4583 collegit
2606 4512 2838 4570 Dusmes
2868 4513 2958 4570 bic
2983 4514 3325 4584 Mustapbas,
3367 4527 3422 4571 et
3464 4516 3694 4587 insignia

2119 4607 2395 4662 concessit
2425 4605 2533 4661 illis
2570 4607 2879 4679 privilegia,
2901 4607 2994 4677 qui
3016 4617 3212 4675 sponte
3240 4608 3492 4664 militiam
3526 4608 3699 4678 ipsius

2119 4700 2497 4755 sectabantur.
2525 4699 2662 4755 Cum
2722 4699 2888 4769 igitur
2940 4701 3214 4771 ingentem
3267 4698 3383 4770 jam
3435 4704 3699 4772 coegisset

2120 4794 2447 4859 exercitum,
2496 4809 2562 4848 eo
2617 4793 2853 4850 consilio
2882 4793 3140 4850 discessit
3209 4791 3600 4864 iladriauopoli
3645 4806 3700 4850 ut

2119 4886 2348 4941 Prusam
2382 4887 2745 4942 contenderet
2773 4904 2787 4943 :
2812 4901 2843 4941 a
2879 4901 2988 4956 qua
3020 4886 3157 4942 urbe
3185 4902 3310 4941 cum
3346 4887 3461 4956 jam
3501 4889 3696 4942 itinere

2123 4981 2286 5037 unius
2320 4979 2431 5037 diei
2458 4981 2693 5045 abesset,
2725 4983 2965 5036 vezirem
3007 4992 3167 5037 Suum
3191 5020 3207 5045 ,
3257 4979 3551 5050 Bajazitem
3580 4981 3698 5034 bas--

2121 5091 2264 5142 sam,
2331 5076 2602 5146 supplicio
2654 5077 2849 5147 capitis
2925 5075 3125 5131 aifecit.
3181 5076 3407 5132 Interim
3466 5076 3697 5131 Murates

2120 5184 2341 5241 quoque
2365 5170 2433 5223 de
2498 5170 2642 5225 bello
2701 5169 2942 5241 gerendo
3001 5185 3125 5224 cum
3184 5169 3302 5224 suis
3346 5169 3692 5224 deliberabat.

2124 5262 2618 5329 Suadebantvero,
2654 5265 2747 5335 qui
2785 5263 2914 5317 huic
2982 5278 3012 5317 a
3080 5263 3333 5318 consiliis
3394 5272 3569 5322 erant,
3644 5271 3697 5315 nt

2122 5352 2479 5409 Mechmetem
2530 5356 2748 5424 begum,
2804 5356 3093 5411 Michaelis
3146 5354 3338 5420 filium,
3393 5370 3424 5409 e
3482 5370 3698 5409 carcere

2125 5445 2416 5501 Tocatensi
2444 5455 2749 5511 revocaret,
2776 5461 2841 5500 ac
2872 5446 3113 5502 libertati
3163 5447 3495 5502 restitueret.
3546 5446 3699 5501 Ilunc

2125 5537 2291 5608 igitur
2320 5539 2641 5595 arcessitum
2670 5555 2702 5594 ο
2729 5540 3005 5606 custodia,
3058 5554 3247 5595 secum
3279 5540 3334 5594 in
3393 5540 3697 5609 etpeditio-

2126 5645 2249 5684 nem
2273 5632 2409 5686 hanc
2440 5634 2691 5688 sultanus
2713 5632 2949 5688 Murates
2983 5633 3239 5703 sumpsit,
3294 5648 3358 5687 ac
3392 5632 3567 5688 Prusa
3614 5648 3697 5685 re-

2127 5720 2275 5789 licta,
2301 5726 2365 5778 ad
2398 5739 2614 5780 amnem
2639 5722 2928 5784 Ulubatam
2978 5725 3262 5795 processit,
3295 5725 3513 5795 etjuxta
3572 5738 3693 5793 pon-
