4026 6204
360 352 469 418 COS

1614 346 1959 409 ANNALES
1998 348 2340 411 TURCICI.

3477 346 3587 409 606

362 476 472 518 tem
501 468 681 515 castra
734 420 973 513 metatus
1029 466 1134 513 est.
1181 457 1386 513 Eodem
1438 471 1560 512 eum
1607 468 1661 514 et
1709 460 1935 513 Dusmcs
1964 464 2008 519 Α
2036 460 2238 517 Ibidem
2272 469 2520 517 mortuus
2545 469 2625 516 est
2660 459 2920 515 Ibraimes
2946 458 3134 523 bassa,
3165 457 3383 515 Cbelilis
3412 457 3588 515 bassae

366 550 683 621 Mustapbas
708 550 1063 615 venisset,ex
1107 550 1274 604 altera
1322 559 1470 618 parte
1525 552 1703 619 pontis
1751 552 1925 604 locum

365 646 564 699 castris
606 643 825 711 delegit.
880 640 993 697 Hoc
1043 643 1205 697 modo
1261 641 1544 696 collocatis
1587 656 1652 695 ex
1701 642 1929 695 adverso

365 737 539 805 copiis
572 735 857 803 utriusque
881 734 1165 803 principis,
1200 733 1557 788 Mechemetes
1612 735 1801 805 begus,
1834 733 1929 786 Mi-

366 826 575 879 cbaelis
602 826 766 889 ﬁlius,
790 824 1055 879 militibus
1089 840 1118 878 a
1147 824 1349 879 Dusme
1396 823 1679 911 bjustapha
1741 826 1931 878 stanti-

372 922 475 974 bus
495 918 936 987 cognoscendum
968 933 1028 972 se
1054 918 1311 988 praebere,
1336 933 1400 972 ac
1436 928 1779 986 peramanter
1837 934 1931 971 eos

374 1009 727 1078 compellare.
760 1005 880 1073 Quo
910 1006 1075 1071 facto,
1106 1023 1227 1063 cum
1260 1023 1514 1078 proceres
1562 1016 1727 1077 atque
1786 1008 1933 1061 mili-

382 1111 488 1161 tes,
517 1102 824 1171 quisecum
858 1101 1061 1155 Dusme
1112 1099 1395 1168 Mustapha
1448 1101 1548 1155 hac
1594 1099 1934 1170 expeditione

385 1190 797 1255 coniunxerant,
830 1178 1110 1246 Michaelis
1140 1191 1313 1246 ﬁlium
1336 1192 1688 1259 agnovissent
1719 1208 1732 1243 :
1767 1200 1930 1245 noctu

386 1280 607 1336 ﬂuvium
641 1281 927 1338 Ulubatam
976 1283 1322 1352 transgressi,
1380 1284 1446 1337 ad
1486 1283 1760 1338 sultanum
1816 1282 1935 1335 Ilu-

387 1371 1023 1436 ratemsecoutuleruut,
1052 1374 1212 1441 eique
1252 1388 1309 1427 se
1340 1373 1685 1428 dediderunt.
1736 1373 1790 1427 Id
1843 1372 1933 1426 ubi

378 1463 609 1517 Dusmes
635 1461 947 1532 Mustapbas
979 1462 1091 1516 ﬁeri
1132 1462 1287 1528 vidit,
1347 1463 1413 1517 ad
1472 1477 1685 1517 amnem
1730 1462 1935 1532 Bugam

374 1552 641 1624 profugit,
667 1567 971 1621 magnaque
1018 1553 1259 1623 pecuni:e
1289 1554 1340 1606 vi
1377 1552 1534 1623 Bugze
1554 1553 1734 1622 oppidi
1768 1551 1936 1605 Cadio

376 1645 607 1707 donata,
632 1643 752 1714 ejus
774 1658 875 1713 ope
924 1643 1107 1698 salvus
1132 1643 1305 1697 evasit
1336 1661 1351 1709 ;
1395 1653 1449 1698 et
1512 1652 1730 1713 propter
1772 1644 1938 1698 Galli-

377 1736 547 1806 polim
578 1745 729 1789 trans
765 1735 962 1790 fretum
993 1735 1046 1789 iu
1071 1734 1391 1790 Romaniam
1424 1750 1699 1799 reversus,
1736 1735 1933 1789 ibidem

383 1828 448 1881 ad
482 1827 698 1896 aliquod
723 1836 935 1895 tempus
957 1827 1180 1896 quievit,
1220 1827 1448 1880 navibus
1476 1826 1530 1880 in
1581 1835 1777 1880 terram
1813 1828 1935 1880 sub-
1966 1810 2009 1866 Β

386 1917 741 1985 γεωμεηηι
796 1917 916 1972 sine
943 1933 1093 1971 mora
1124 1926 1345 1972 secutus
1399 1934 1429 1972 a
1486 1930 1640 1987 tergo
1688 1918 1937 1973 sultauus

390 2009 640 2076 Murates,
664 2011 851 2078 copias
880 2026 1007 2065 suas
1039 2021 1400 2065 mercatorum
1448 2010 1681 2082 navrgiis
1717 2012 1939 2080 impasi—

391 2114 476 2158 tas
510 2103 565 2158 in
594 2103 880 2159 adversum
936 2104 1091 2159 littus
1120 2104 1239 2159 vehi
1276 2105 1509 2173 curavit,
1538 2114 1596 2160 et
1656 2106 1847 2159 castris
1885 2104 1938 2159 in

387 2200 525 2255 Em
552 2200 771 2280 planitie
802 2201 980 2256 locum
1002 2200 1163 2271 cepit.
1198 2199 1335 2254 Tum
1366 2216 1496 2255 vero
1541 2200 1766 2257 Dusmes
1793 2200 1940 2256 Mus-

384 2294 605 2364 staphas
629 2296 788 2348 motis
815 2295 1032 2359 castris,
1056 2308 1248 2349 versus
1270 2294 1537 2347 Bolairem
1575 2294 1699 2361 iuga
1746 2309 1804 2349 se
1855 2309 1941 2346 rc-

383 2387 568 2456 cepit:
606 2387 747 2439 unde
774 2401 897 2441 cum
950 2384 1397 2456 Hadrianopolim
1432 2393 1701 2455 pergeret,
1734 2400 1763 2439 a
1827 2385 1942 2441 suis

382 2482 635 2533 desertus
660 2477 783 2531 fuit.
814 2474 925 2531 Nec
954 2476 1126 2531 multo
1156 2484 1279 2547 post
1301 2484 1514 2542 captus,
1542 2488 1595 2529 et
1635 2475 1944 2530 Hadriano-

387 2572 552 2640 polim
588 2570 654 2625 ad
688 2570 964 2624 sultauum
994 2567 1254 2623 Moralem
1273 2568 1592 2638 perductus,
1625 2566 1941 2635 illiusjussu

384 2666 452 2717 de
485 2663 651 2731 pinna
683 2660 917 2731 quadam
941 2660 1009 2714 ad
1050 2674 1267 2713 murum
1326 2659 1481 2715 urbis
1529 2675 1832 2728 suspensus
1864 2662 1909 2713 la
1932 2688 1944 2701 -

384 2769 529 2823 queo
550 2752 715 2807 vitam
750 2751 907 2805 ﬁniit.
939 2750 1057 2806 Mox
1091 2750 1292 2805 ibidem
1320 2749 1569 2805 sultauus
1619 2749 1856 2806 liurates
1888 2751 1943 2803 iu

390 2847 594 2915 regium
634 2844 886 2898 thronum
918 2842 1235 2908 collocatus,
1288 2852 1342 2896 et
1402 2842 1700 2911 imperator
1747 2856 1775 2895 a
1830 2842 1947 2896 suis

390 2939 658 2993 salutatus
684 2944 786 2999 est,
814 2949 958 2989 anno
986 2934 1088 2990 827
1123 2933 1272 3004 (Chr.
1305 2934 1491 3003 “25).
1528 2932 1659 2989 Erat
1687 2935 1734 2988 ei
1780 2932 1947 2987 frater

388 3033 442 3085 in
476 3029 748 3090 Anatolia,
780 3026 865 3082 eui
889 3040 1088 3081 nomen
1141 3025 1478 3093 Mnstaphas.
1530 3026 1580 3081 is
1630 3029 1791 3080 etiam
1832 3039 1947 3079 ma-

2034 565 2206 622 pater,
2243 569 2389 608 anno
2423 552 2527 609 852
2554 553 2705 623 (Chr.
2740 552 2924 622 1450).

2101 643 2337 700 Murates
2364 655 2572 709 autem,
2603 646 2801 716 quietis
2858 655 2910 699 et
2948 643 3043 701 otii
3101 644 3360 715 longioris
3421 644 3591 711 impa-

2033 738 2194 798 tiens.
2234 738 2433 792 bellum
2464 754 2524 793 se
2554 747 2935 807 suscepturum
2976 739 3091 794 suis
3120 737 3309 803 edixit,
3329 737 3591 791 ditiuilus

2033 830 2133 883 sibi
2168 831 2501 884 mandatum.
2532 828 2717 898 itaque
2757 830 3022 885 maximas
3047 830 3233 899 copias
3278 829 3342 882 ad
3400 830 3589 889 urbem

2034 921 2340 975 Salouicam
2394 922 2617 977 adduxit
2650 965 2665 987 ,
2700 938 2871 993 eaque
2932 924 3136 992 potitus
3183 932 3280 983 est.
3351 922 3589 977 exercitu

2033 1013 2221 1080 spoliis
2244 1014 2441 1081 opimis
2472 1014 2683 1070 dilato:
2735 1016 2877 1086 quod
2928 1015 3141 1079 quidem
3199 1014 3395 1069 accidit
3448 1031 3590 1077 antu;

2034 1106 2139 1161 εδδ
2169 1107 2323 1174 (Chr.
2360 1108 2544 1175 ttat).

2105 1198 2272 1266 Capta
2299 1197 2570 1260 Salonica,
2596 1198 2843 1253 nonnihil
2863 1216 2889 1251 a
2917 1199 3121 1254 bellicis
3143 1200 3593 1269 occupationibus

2035 1288 2306 1343 abstinere
2373 1288 2690 1349 constituit.
2745 1299 2797 1343 et
2820 1289 2886 1343 ad
2948 1301 3201 1344 montana
3255 1289 3412 1357 Ζοεκ
3467 1306 3593 1358 pro-

2038 1382 2209 1435 fectus
2229 1389 2331 1435 est.
2366 1379 2484 1446 Quo
2506 1389 2747 1449 tempore
2780 1389 2937 1434 natus
2970 1390 3053 1434 est
3076 1381 3123 1434 ci
3156 1380 3317 1438 ﬁlius.
3350 1379 3436 1430 etii
3501 1393 3598 1429 uo.

2038 1487 2160 1526 men
2189 1470 2539 1526 Muchemetis
2571 1472 2852 1542 imposuit,
2886 1471 3079 1526 eodem
3105 1488 3246 1528 anno
3298 1471 3400 1526 835
3444 1470 3593 1541 (Chr.

2040 1566 2223 1634 ηδε).

2110 1659 2266 1714 Edito
2287 1660 2341 1714 in
2368 1660 2543 1714 lucem
2566 1658 2700 1725 ﬁlio,
2730 1674 2904 1714 novos
2932 1657 3134 1728 signari
3180 1656 3341 1725 jussit
3367 1671 3555 1726 aspros
3580 1670 3595 1709 :

2040 1765 2276 1820 moxque
2298 1765 2487 1805 rursus
2506 1751 2571 1804 ad
2601 1760 2855 1807 montana
2888 1766 2945 1806 se
2964 1749 3213 1805 contulit.
3255 1747 3307 1802 id
3341 1748 3599 1817 temporis

2038 1844 2200 1897 etiam
2234 1840 2623 1910 Hadrianopoli
2682 1842 2971 1910 templum.
3027 1850 3081 1896 et
3140 1839 3339 1895 ibidem
3391 1840 3442 1892 in
3471 1854 3597 1891 arce

2040 1934 2205 1987 veteri
2234 1932 2494 2003 palatium
2521 1932 2740 2001 elegans
2756 1948 2820 1986 ac
2840 1932 3159 1987 deliciosum
3186 1930 3392 1986 exstrui
3413 1930 3597 2001 jussit,

2039 2040 2183 2080 anno
2213 2024 2593 2079 Mahumetano
2620 2024 2724 2080 855
2755 2024 2907 2095 (Chr.
2945 2024 3128 2093 1432).

2110 2116 2269 2168 Anno
2293 2123 2473 2169 autem
2503 2116 2748 2183 sequenti
2776 2114 3049 2182 proximo.
3107 2130 3231 2170 cum
3295 2113 3598 2169 Hadriano-

2042 2205 2149 2275 poli
2175 2206 2415 2273 degeret,
2440 2206 2672 2276 quodam
2705 2205 2955 2261 Mercurii
2984 2206 3094 2269 die,
3124 2206 3230 2262 sub
3289 2222 3597 2275 vesperam,

2044 2314 2215 2366 usque
2243 2298 2379 2353 adeo
2418 2298 2599 2353 lumen
2627 2298 2760 2353 solis
2787 2298 3027 2362 deiecit,
3076 2308 3137 2351 ut
3195 2297 3435 2353 tenebrm
3484 2305 3603 2351 ter-

2046 2409 2161 2448 ram
2193 2404 2544 2463 occuparent.
2573 2395 2771 2450 Eodem
2822 2408 2966 2449 anno
2996 2400 3237 2449 cometes
3257 2392 3418 2449 etiam
3478 2408 3606 2445 cau-

2044 2485 2205 2540 datus
2237 2485 2509 2554 apparuit.

2114 2577 2268 2632 Tunc
2294 2586 2348 2631 et
2410 2574 2705 2630 Eurenosis
2761 2574 2881 2644 begi
2938 2574 3103 2636 illius.
3159 2574 3276 2629 Alis
3304 2573 3495 2643 begus,
3548 2578 3601 2625 in

2045 2670 2330 2724 Albaniam
2360 2669 2545 2737 copias
2575 2670 2748 2731 duxit,
2776 2667 2935 2723 irrito
2958 2667 3115 2737 plane
3143 2676 3364 2723 conatu.
3422 2666 3606 2735 Neque

2046 2761 2216 2817 multo
2242 2772 2377 2831 post.
2415 2758 2841 2829 llerzegovinam
2874 2775 3185 2831 aggressus,
3228 2759 3423 2812 ibidem
3471 2773 3608 2825 quo-

2046 2870 2151 2923 que
2170 2868 2291 2906 eum
2323 2853 2562 2906 exercitu
2586 2852 2760 2906 victus
2796 2851 2914 2915 fuit,
2950 2867 3092 2905 anno
3110 2850 3212 2905 836
3238 2848 3388 2920 (Chr.
3423 2850 3604 2915 MSS).

2119 2944 2229 2999 llac
2259 2943 2413 2998 clade
2473 2952 2714 3014 accepta,
2770 2946 2895 2997 dum
2940 2940 3320 3012 Hadrianopoli
3372 2938 3608 2993 Murates

2048 3039 2296 3093 sultanus
2331 3036 2677 3107 quiesceret;
2732 3035 2994 3090 limitauei
3050 3034 3237 3096 duces,
3307 3031 3605 3103 praesertim

386 3138 521 3192 κηεε
552 3120 833 3177 “mutilas
866 3120 1056 3175 dedi“
1098 3119 1191 3175 sed
1252 3121 1467 3174 ιεηάθτη
1520 3118 1759 3174 murales
1787 3134 1949 3187 "09'
1972 3142 2018 3206 ο
2050 3133 2221 3188 Sinan
2265 3130 2456 3200 begus,
2500 3128 2686 3185 lsaeus
2723 3129 2911 3195 begus,
2938 3135 2994 3183 et
3041 3126 3358 3183 Turchancs
3417 3126 3607 3195 begus.

386 3217 647 3272 ditionem
710 3214 976 3269 adversus
1061 3212 1281 3267 fratrem
1337 3212 1599 3282 suscepit,
1662 3223 1715 3268 et
1766 3212 1951 3269 lsuicze

388 3320 608 3374 captum
680 3306 864 3362 necari
913 3305 1110 3375 jussit;
1172 3303 1313 3359 unde
1349 3304 1576 3358 Prusam
1618 3315 1840 3366 vectus,
1898 3313 1953 3358 ct

388 3406 544 3472 juxta
572 3411 777 3468 patrem
818 3401 1067 3454 conditus
1094 3398 1214 3451 fuit.
1254 3398 1566 3451 Secundum
1627 3398 1741 3451 haec
1793 3396 1953 3450 rediit

398 3494 647 3544 sultanus
686 3490 923 3543 Mutates
962 3486 1427 3555 Hadrianopolim.
1453 3502 1561 3556 quo
1596 3501 1718 3542 cum
1767 3500 1957 3555 perve-

411 3584 602 3644 nisset,
636 3582 701 3637 de
765 3581 1006 3635 voivoda
1058 3576 1285 3633 Valaehi
1317 3576 1622 3633 deiectione
1679 3576 1951 3646 cognovit.

392 3679 732 3748 Quapropter
753 3675 934 3730 ductis
974 3675 1025 3727 in
1060 3671 1379 3727 Valacbiam
1430 3671 1627 3741 copiis,
1678 3671 1951 3741 regionem

391 3771 704 3823 universam
734 3766 1140 3835 loadediripuit,
1179 3772 1232 3817 et
1283 3762 1478 3831 amplis
1540 3762 1740 3831 potitus
1793 3758 1956 3829 326

389 3863 605 3932 spoliis,
642 3860 1086 3928 liadrianOpolim
1126 3872 1377 3912 reversus
1406 3865 1513 3919 est,
1545 3871 1690 3910 anno
1719 3853 1845 3908 827.

465 3956 599 4011 lude
653 3968 847 4009 rursus
900 3952 955 4006 in
990 3950 1297 4005 Anatolium
1360 3948 1672 4017 profectus,
1739 3946 1955 4016 lsmyrte

396 4050 703 4121 principem
731 4045 937 4099 ditione
966 4057 1061 4096 sua
1112 4041 1336 4110 expulit,
1372 4051 1426 4095 et
1464 4049 1721 4109 prtrterea
1774 4037 1954 4105 regio-

396 4142 584 4198 nibus.
609 4135 979 4199 Meutesiame,
1004 4131 1312 4195 Aidinensi,
1340 4130 1677 4192 Sarchanite,
1712 4136 1766 4181 et
1815 4128 1958 4181 Che-

397 4232 658 4291 midensi,
697 4225 944 4297 praesidia
997 4239 1222 4279 suorum
1252 4222 1532 4287 imposuit,
1557 4218 1805 4275 deductis
1860 4234 1955 4274 eo-

394 4326 520 4379 dem
554 4320 807 4383 coloniis,
844 4328 896 4372 et
923 4316 1071 4386 agris
1099 4315 1239 4369 inter
1258 4329 1384 4369 suos
1414 4310 1743 4367 distributis.
1792 4307 1955 4364 Gesta

397 4430 529 4469 vero
565 4413 783 4467 fuerunt
810 4413 923 4463 lucc
944 4407 1136 4462 eodem
1167 4421 1311 4460 anno
1343 4404 1444 4458 827
1484 4401 1636 4471 (Chr.
1666 4399 1851 4471 1425).

2051 3238 2173 3278 eum
2238 3223 2462 3284 adeunt,
2495 3230 2550 3274 et
2602 3229 2806 3276 orant:
2862 3228 3183 3290 potestatem
3235 3218 3336 3272 sibi
3391 3217 3609 3281 laceret,

2053 3312 2370 3368 invadenda:
2400 3326 2463 3365 ac
2514 3311 2906 3380 depopulanda:
2966 3310 3226 3365 Albaniae.
3278 3309 3429 3376 Quod
3488 3324 3609 3363 cum

2052 3406 2133 3460 eis
2198 3406 2583 3466 concessisset,
2645 3404 2761 3468 ipse
2822 3402 3109 3473 praealtum
3162 3418 3330 3471 prope
3385 3402 3609 3455 Prusmn

2052 3505 2292 3551 montem
2338 3495 2490 3560 adiit,
2545 3511 2705 3564 quem
2755 3510 2897 3547 nunc
2939 3502 3171 3548 montem
3229 3492 3611 3562 Caiogerorum

2054 3595 2286 3641 vocant:
2319 3585 2407 3640 ubi
2430 3592 2668 3639 aestatem
2702 3582 2847 3638 illam
2911 3583 3036 3637 anui
3069 3582 3173 3638 8⁸58
3224 3583 3375 3652 (Chr.
3430 3581 3611 3645 “55).

2051 3675 2251 3747 exegit.
2302 3673 2430 3728 lude
2484 3686 2736 3729 reversus
2816 3672 3282 3743 Hadrianopolim.
3330 3672 3615 3727 adductam

2048 3766 2208 3835 jussu
2235 3780 2338 3821 suo
2374 3764 2525 3819 Bulci
2555 3764 2719 3820 filiam
2758 3766 3106 3821 matrimonio
3136 3765 3238 3821 sibi
3257 3766 3459 3835 junxit.

2124 3858 2237 3914 lloc
2270 3872 2413 3914 anno
2442 3872 2637 3912 rursus
2661 3856 2955 3913 Eurenosis
3012 3857 3131 3928 begi
3187 3856 3350 3920 lilius,
3386 3857 3499 3911 Alis
3525 3857 3619 3911 be-

2055 3965 2178 4021 gus,
2205 3950 2259 4003 in
2287 3949 2574 4003 Albaniatu
2606 3949 2902 4019 profectos,
2927 3950 3193 4002 maximas
3227 3948 3435 4017 praedas
3487 3948 3615 4013 egit.

2054 4052 2109 4096 et
2145 4041 2318 4107 ampla
2354 4040 2525 4110 spolia
2554 4040 2865 4110 reportavit,
2898 4054 3043 4093 anno
3103 4037 3207 4093 839
3238 4037 3389 4107 (Chr.
3428 4034 3614 4099 1436).

2126 4131 2362 4186 Murates
2417 4143 2598 4185 autem
2651 4146 2772 4185 cum
2813 4131 3053 4185 exercitu
3110 4129 3484 4185 Caramaniam
3538 4128 3620 4181 iu-

2058 4240 2279 4294 gressus
2301 4232 2404 4279 cst.
2438 4224 2542 4278 Sed
2567 4223 2733 4278 rebus
2754 4239 2877 4277 cum
2908 4223 3183 4277 lbrahime
3238 4222 3393 4292 bego,
3444 4219 3619 4290 regio-

2061 4316 2432 4384 nispriucipe.
2469 4315 2785 4378 transactis,
2840 4329 2941 4384 pax
2998 4314 3142 4369 inter
3172 4329 3269 4370 eos
3325 4316 3618 4370 constituta

2060 4409 2181 4465 fuit.
2209 4409 2265 4462 In
2297 4409 2469 4463 reditu
2496 4418 2735 4464 castrum
2764 4408 3014 4462 Buruzen
3058 4406 3161 4463 sibi
3191 4407 3447 4477 subjecit,
3478 4423 3621 4462 anno

468 4504 600 4559 Post
622 4504 707 4556 illa
739 4519 858 4555 cum
884 4502 948 4555 ad
979 4510 1192 4569 tempus
1248 4497 1470 4567 aliquod
1525 4494 1708 4550 Prusae
1740 4494 1949 4549 substi-
1981 4487 2025 4543 Ι)
2053 4503 2147 4558 gn
2177 4501 2381 4571 (ηδ-ι),

398 4598 580 4656 tisset,
606 4594 773 4664 quieti
803 4594 1053 4649 deditus:
1097 4593 1310 4646 tandem
1357 4599 1610 4658 suscepta
1666 4602 1855 4641 rursus
1900 4586 1956 4641 in

400 4687 724 4741 Romaniam
750 4686 1107 4756 proiectione,
1164 4681 1354 4737 Lazari
1386 4682 1645 4736 ditionem
1680 4680 1959 4749 ingressus

399 4788 505 4839 est.
542 4793 713 4846 eaque
737 4778 1019 4844 despotam
1051 4789 1235 4831 senem
1297 4788 1525 4843 prorsus
1582 4771 1763 4841 ejeeit,
1813 4785 1958 4825 anno

401 4870 782 4923 Ilahutuetauo
806 4868 909 4922 829
934 4867 1084 4937 (Chr.
1116 4864 1299 4934 M27).

471 4961 562 5015 His
599 4959 888 5013 exantlatis
952 4958 1233 5013 laboribus
1265 4975 1328 5011 ac
1360 4956 1652 5018 molestiis.
1694 4956 1866 5027 quieti
1900 4970 1961 5010 se

398 5055 617 5123 quidem
647 5052 817 5115 dedit,
870 5051 1096 5105 seduou
1150 5052 1458 5104 diuturnae:
1518 5051 1648 5103 dum
1702 5048 1960 5102 Anatolius

403 5155 660 5196 montana
687 5148 911 5208 peteret,
942 5140 1222 5208 captandas
1255 5140 1556 5210 frigidioris
1593 5154 1737 5191 aura:
1766 5153 1953 5192 causa.

400 5235 639 5289 Rursum
674 5249 803 5287 vero
853 5234 1129 5300 transjeeit
1191 5233 1245 5285 in
1303 5231 1644 5293 Romaniatn,
1708 5240 1761 5283 et
1795 5230 1962 5283 armis

401 5328 610 5381 Lazaro
635 5326 815 5389 illatis,
848 5326 1154 5378 universam
1184 5324 1302 5393 ejus
1346 5324 1619 5392 regionem
1673 5320 1961 5390 populatus

399 5431 502 5485 est,
524 5436 668 5474 anno
695 5419 797 5474 850
827 5417 977 5487 (Cltr.
1015 5417 1196 5485 1428).

474 5513 611 5566 Hinc
641 5512 859 5581 quidam
887 5527 949 5565 ex
998 5510 1348 5579 proceribus,
1404 5508 1495 5562 Qui
1524 5510 1737 5579 ;uomen
1785 5511 1963 5565 Hoser

402 5604 591 5669 begus,
634 5606 685 5657 in
713 5604 960 5656 Auatolia
988 5603 1248 5656 ditionem
1277 5600 1551 5655 Zietucam
1588 5601 1813 5656 Muratis
1854 5602 1959 5654 im-

404 5696 553 5765 pcrio
583 5694 796 5765 adjecit,
854 5711 995 5749 anno
1022 5696 1116 5750 831
1152 5693 1306 5763 (Chr.
1342 5693 1521 5760 1429),
1557 5709 1680 5747 eum
1738 5695 1957 5748 interim

404 5785 651 5840 Sullanus
698 5787 808 5847 ipse
876 5786 1258 5856 liadriauopoli
1331 5786 1512 5854 quiete
1568 5801 1625 5840 se
1689 5786 1949 5840 relicm'et.

2128 4594 2254 4647 inde
2285 4592 2500 4663 repetiit
2527 4591 2996 4661 Hadrianopolim.
3030 4604 3192 4662 atquc
3228 4593 3299 4647 lbi
3361 4594 3621 4662 templum

2058 4685 2323 4740 aedificare
2349 4687 2518 4754 erepit
2548 4702 2561 4739 :
2606 4702 2726 4740 cum
2757 4685 2991 4755 quodam
3027 4684 3248 4739 Veneris
3279 4685 3388 4761 die,
3414 4699 3626 4738 summo

2061 4793 2240 4838 mane,
2304 4780 2537 4846 primum
2601 4776 2832 4847 lapidem
2886 4776 3141 4831 manibus
3191 4777 3306 4846 ipse
3365 4775 3479 4830 suis
3530 4791 3626 4845 po-

2063 4868 2282 4921 suisset.

2131 4959 2259 5013 Post
2280 4958 2393 5013 hzec
2424 4957 2477 5011 in
2510 4957 2803 5027 Ungariam
2874 4958 3090 5028 irrupit,
3119 4969 3172 5013 et
3210 4974 3302 5014 sex
3360 4959 3412 5012 in
3444 4972 3503 5011 ea
3536 4971 3626 5011 ea-

2061 5049 2231 5106 stellis
2260 5050 2459 5119 potitus
2494 5060 2596 5110 est,
2629 5064 2772 5104 anno
2801 5049 2899 5105 8H
2936 5050 3087 5125 (Chr.
3120 5050 3295 5119 1457).
3366 5058 3369 5059 ⁷

2135 5140 2290 5195 Unde
2340 5156 2613 5202 reversus,
2663 5141 2979 5211 aliquandiu
3036 5140 3192 5194 bellis
3254 5139 3534 5203 abstinuit,
3575 5149 3625 5194 et

2062 5234 2313 5288 instituta
2351 5233 2697 5287 solemnitate
2752 5235 3008 5297 maxima,
3074 5233 3352 5287 sultanum
3402 5232 3621 5286 Mucbe-

2063 5338 2254 5381 metem
2309 5326 2481 5379 ﬁlium
2514 5325 2826 5380 circumcidi
2888 5325 3117 5380 curavit.
3176 5324 3286 5379 Hac
3334 5324 3625 5379 festivuate

2060 5427 2301 5488 peracta,
2354 5418 2727 5472 Semeudriam
2790 5418 2941 5471 duxit
3015 5418 3332 5477 exercitum.
3397 5406 3625 5487 eamque

2061 5510 2418 5564 munitionem
2441 5508 2493 5561 iu
2535 5517 2851 5579 potestatem
2886 5508 3114 5577 redegit,
3151 5524 3294 5562 anno
3328 5508 3430 5563 842
3472 5508 3623 5573 (Chr.

2064 5601 2247 5671 “58).

2132 5692 2269 5747 Hinc
2292 5690 2357 5745 ad
2385 5690 2600 5751 Albam.
2655 5702 2818 5758 quam
2842 5687 3084 5743 Graecam
3108 5698 3325 5756 vocant,
3358 5702 3581 5744 accessu
3611 5708 3624 5743 :

2062 5783 2155 5839 sed
2186 5798 2307 5837 cum
2327 5797 2445 5839 eam
2475 5796 2786 5852 expugnare
2810 5796 2915 5837 non
2939 5779 3402 5852 posset,abdoetis
3427 5783 3619 5852 copiis,
