4026 6204
459 262 568 319 ﬁl)?

1720 268 2068 330 ANNALES
2108 272 2313 332 TURC
2336 273 2459 332 lCI.

3588 284 3679 345 (08

462 371 609 427 aliud
652 371 753 424 iter
778 373 1041 442 arripuit,
1078 373 1279 428 Novam
1309 375 1601 431 adeundo:
1642 395 1807 449 quam
1846 396 2023 434 arcem
2055 385 2104 445 Α
2128 390 2239 437 tum
2281 384 2534 448 restituit,
2579 395 2630 439 et
2673 401 2736 438 ex
2766 385 2860 442 illo
2918 395 3157 455 tempore
3193 386 3368 442 solida
3417 388 3513 443 fuit
3539 397 3667 449 ami-

465 481 587 516 t‘tttlt
623 465 769 517 omni
808 481 936 535 agro
998 464 1227 520 ﬁnitimo
1277 484 1389 523 sua:
1420 469 1641 525 ditionis
1678 470 1823 526 fecit.
1887 472 2029 526 Ulte-

464 559 584 610 rius
614 558 774 611 etiam
803 560 1099 628 progressi.
1135 558 1413 615 Romanis:
1471 564 1831 633 beglerltegus
1852 579 2024 617 ettntt-
2053 561 2057 565 ’

465 650 624 709 chus,
657 648 741 699 cui
771 663 963 700 nomen
1000 646 1244 703 Scachus
1274 650 1546 724 Abediues
1574 654 1753 712 bassa,
1776 663 1826 705 et
1857 652 2027 705 Edzcs

466 739 655 803 ltt‘glh‘,
693 738 949 792 ctlsacus
1009 739 1175 807 begtts
1204 757 1422 795 omnem
1481 743 1628 796 illam
1687 745 2023 812 provinciam

467 830 669 895 rapinis
700 820 1022 885 exhaustam
1064 831 1287 889 Muralis
1352 835 1579 904 imperio
1640 837 2024 900 subdiderunt,

467 938 607 973 :tttno
646 922 749 976 845
783 922 994 992 (1459).

537 1033 799 1086 Sullanus
867 1046 1045 1086 autem
1113 1035 1369 1101 Mitt-ales,
1435 1038 1640 1092 relictis
1676 1038 1828 1103 hisce
1866 1039 2022 1103 locis,

462 1123 906 1193 Hadrianopoiint
968 1144 1217 1182 reversus
1287 1132 1538 1185 esttnbi
1590 1148 1710 1185 cum
1775 1133 2025 1201 aliquan-

463 1220 631 1285 tisper
657 1218 999 1281 subsisteret,
1025 1218 1197 1274 Mesiti
1244 1222 1378 1289 bego
1413 1223 1461 1275 ltl
1492 1224 1691 1291 negotii
1746 1223 1914 1286 dedit,
1969 1233 2025 1277 ιιι

468 1328 560 1379 per
584 1312 893 1367 Valathiam
926 1312 977 1366 in
1019 1312 1312 1383 Ungariam
1342 1325 1670 1384 penetraret,
1700 1332 2026 1385 omnemque

468 1406 740 1471 regionem
816 1408 960 1461 illam
1021 1404 1286 1474 direptam
1348 1419 1609 1462 vastaret.
1682 1409 1786 1462 Sed
1848 1407 2023 1463 Mesiti

462 1494 758 1562 Ungariam
790 1498 1056 1565 ingresso,
1092 1512 1196 1553 twn
1252 1514 1317 1551 ex
1358 1500 1525 1552 animi
1583 1502 1851 1555 sententia
1896 1515 2026 1555 suc-

461 1591 628 1643 cessit
660 1594 957 1661 expeditio.
983 1594 1193 1663 Quippe
1234 1609 1355 1647 cum
1382 1596 1650 1648 universis
1688 1596 1857 1665 copiis
1908 1599 2023 1651 suis

460 1695 635 1734 cursus
655 1690 707 1733 et
743 1680 1099 1752 interemptus
1150 1682 1272 1747 fuit,
1313 1698 1455 1738 anno
1495 1684 1601 1738 845
1632 1684 1783 1754 (Chr.
1840 1686 2022 1755 1440).
2054 1728 2103 1788 Β

536 1792 666 1861 Ejus
699 1794 871 1849 cladis
934 1805 1156 1865 accepto
1208 1796 1422 1858 nuntio,
1477 1797 1731 1866 Sophiam
1790 1796 2026 1853 Murales

461 1886 710 1941 sultanus
740 1903 798 1941 se
829 1888 1084 1956 contulit,
1108 1889 1290 1959 ibique
1337 1900 1776 1951 castrametatus,
1818 1890 2029 1959 begler-

462 1976 656 2045 begttm
723 1978 1036 2041 Romaniae,
1086 1981 1341 2034 scbacum
1401 1979 1695 2032 Abedinem
1776 1981 2026 2041 liassam,

462 2087 586 2121 cum
651 2070 924 2125 universis
977 2071 1255 2125 Romanis:
1306 2072 1497 2139 copiis,
1552 2082 1606 2123 et
1658 2072 1927 2133 Aeanziis,
1977 2077 2030 2125 et

463 2160 765 2225 chizaris,
814 2162 1112 2229 expedivit,
1173 2172 1253 2227 ut,
1290 2173 1569 2231 peragrata
1602 2164 1872 2224 Valachia.
1922 2161 2033 2216 Un-

466 2254 668 2315 gariam
699 2254 1105 2324 popularentur.
1137 2255 1241 2311 Eos
1264 2257 1317 2309 in
1354 2254 1690 2325 Ungarorum
1751 2256 1886 2309 lines
1933 2255 2031 2309 de-

462 2343 603 2399 latos
667 2348 1025 2415 impressione
1080 2348 1257 2402 subita
1302 2346 1502 2403 Jancus
1552 2350 1770 2409 invasit,
1814 2346 2035 2414 cecidit,

473 2437 787 2492 interemit:
825 2439 942 2508 ipso
967 2439 1130 2492 etiam
1160 2440 1481 2511 begletbego
1547 2453 1760 2501 necato,
1795 2450 1848 2493 et
1884 2454 2031 2492 eam-

467 2532 592 2583 dem
623 2546 746 2585 cum
775 2530 964 2586 Mesite
992 2531 1119 2586 belli
1180 2531 1456 2587 fortunam
1546 2542 1789 2604 experto.
1849 2532 2035 2587 Conti-

469 2632 665 2688 gertint
699 2623 816 2677 haec
852 2638 997 2679 anno
1019 2623 1123 2679 846
1155 2624 1306 2690 (Chr.
1345 2623 1528 2693 Iul).

534 2738 875 2794 Caratnanite
905 2742 1092 2809 begus,
1133 2742 1199 2796 de
1228 2742 1381 2796 hisce
1416 2741 1721 2796 Turcorttm
1788 2740 2036 2796 cladibus

463 2830 666 2885 certior
718 2830 918 2896 factus,
967 2833 1273 2887 Anatoliam
1339 2848 1463 2887 cum
1514 2834 1686 2903 copiis
1731 2834 2033 2903 ingressus,

464 2923 685 2979 Belttlen
715 2925 973 2993 oppidum
1003 2926 1249 2980 tentavit.
1275 2925 1332 2979 Id
1367 2925 1456 2979 ubi
1504 2925 1869 2994 significatum
1925 2925 2035 2978 sul-

463 3014 592 3068 Iano
622 3013 817 3069 Murati
847 3015 1060 3079 fuisset,
1121 3016 1465 3084 expeditione
1533 3031 1727 3086 magna
1759 3015 2033 3071 celeritate

462 3117 737 3176 suscepta,
772 3107 1023 3161 lbrahimi
1048 3108 1210 3179 327
1239 3107 1544 3162 Caramano
1596 3108 1798 3161 bellum
1822 3107 2028 3161 intulit:

460 3200 639 3267 quoin
668 3208 951 3254 montuosa
980 3199 1120 3264 loca,
1154 3215 1374 3269 praeque
1408 3201 1553 3254 saxis
1577 3199 1746 3261 invia,
1789 3199 2028 3268 dilapso:

463 3302 797 3345 transactum
831 3292 1068 3360 denique
1099 3291 1377 3360 negotium
1408 3291 1531 3358 fuit,
1559 3301 1613 3348 et
1634 3294 1883 3349 sultanus
1919 3293 2034 3349 Mu-

460 3395 605 3439 rates
647 3383 1085 3452 Hadrianopolim
1120 3384 1305 3439 rediit.

535 3499 755 3568 Accepit
816 3509 995 3553 autem
1053 3498 1102 3552 id
1138 3501 1402 3569 temporis
1435 3492 1689 3556 nuntium
1736 3500 1802 3555 de
1861 3510 2033 3554 morte

460 3588 558 3641 lilii
595 3587 929 3650 sui,.sultani
959 3589 1264 3653 .Aladinis‘,
1296 3592 1388 3659 qui
1449 3592 1682 3645 Amasis:
1722 3593 1886 3646 rebus
1934 3592 2032 3645 htt-

465 3680 641 3733 manis
700 3689 1033 3734 excesserat.
1129 3681 1265 3736 Dum
1330 3692 1550 3753 propter
1616 3685 1761 3740 illius
1822 3685 2030 3739 obitum

461 3772 718 3828 adhucin
747 3772 892 3827 luctu
913 3781 1080 3836 esset,
1114 3789 1208 3829 rex
1261 3774 1627 3846 Ungarorum,
1683 3794 1807 3833 cum
1872 3779 2032 3833 laneo

462 3866 734 3921 ctLazari
774 3866 902 3932 filio,
958 3880 1079 3921 sese
1139 3871 1325 3936 movit,
1388 3878 1604 3924 etcum
1667 3870 1909 3925 exercitu
1965 3873 2031 3925 ad

459 3961 696 4016 clisuras
724 3959 992 4015 Isladinas
1017 3962 1270 4017 accessit.
1296 3963 1575 4018 Adversus
1606 3962 1707 4019 hos
1756 3962 2033 4033 prolectus

461 4053 745 4126 Romanize
798 4053 1154 4124 beglerbegus
1207 4054 1445 4111 Casanes
1503 4055 1683 4117 bassa.
1720 4070 1844 4109 cum
1896 4053 2035 4110 Tur-

458 4147 639 4200 chane
660 4146 812 4217 begs,
846 4156 909 4221 et,
936 4146 1212 4202 universis
1237 4148 1520 4205 Romaniae
1570 4149 1764 4218 copiis,
1793 4158 1847 4204 et
1908 4165 2031 4204 cum

463 4237 737 4299 Acauziis,
769 4237 957 4307 praelia
1007 4254 1132 4293 eum
1160 4238 1239 4294 eis
1263 4254 1591 4310 congressus
1620 4247 1723 4293 est.
1766 4237 1870 4292 Sed
1907 4254 2031 4294 cum

460 4327 782 4386 Turchanes
808 4330 1001 4401 begus,
1054 4332 1259 4388 amisso
1320 4334 1507 4402 vigore
1539 4332 1732 4396 animi,
1770 4348 1881 4401 prae
1918 4332 2033 4387 for-

2127 476 2255 530 citia
2275 476 2522 545 junctus.

2200 567 2405 622 Interea
2437 570 2773 625 Caralitanus
2802 569 3104 625 Ibrahimes
3150 570 3317 640 begus
3363 573 3673 639 Anatoliam,

2127 668 2276 711 moto
2311 660 2472 727 bello,
2511 661 2791 716 turbavit:
2819 662 2966 730 quod
3004 662 3091 716 ubi
3118 663 3423 717 nuntiatum
3470 666 3676 721 sultano

2128 745 2342 813 fuisset,
2375 750 2425 803 in
2459 751 2762 808 Anatoliam
2789 753 3029 807 transiit:
3061 763 3111 808 et
3138 770 3262 808 cum
3297 755 3677 815 Genizarorutn

2127 840 2290 894 aulici
2319 843 2631 908 comitatus,
2664 843 3035 914 Anatoliazque
3069 845 3261 913 copiis,
3323 848 3678 904 Caramanum

2109 926 2361 985 'invasit:
2394 932 2485 999 qui
2516 946 2639 985 mox
2673 933 2797 1001 fuga
2847 936 3009 988 rebus
3048 936 3161 989 suis
3216 938 3511 991 consuluit.
3561 941 3681 995 Erat

2126 1022 2267 1089 apud
2294 1024 2438 1077 hunc
2464 1026 2517 1077 in
2552 1028 2872 1080 auctoritate
2899 1028 3134 1081 maxima
3189 1028 3448 1082 Sarumes
3474 1032 3677 1096 quidam

2124 1110 2375 1181 Jacupes,
2403 1130 2500 1183 pro
2532 1117 2650 1170 viro
2691 1128 2885 1172 sancto
2936 1119 3169 1173 habitus.
3203 1119 3253 1174 Is
3300 1120 3370 1172 ad
3415 1121 3679 1187 sultanum

2128 1198 2389 1257 Muratem
2413 1205 2713 1275 ablegatus,
2748 1209 2978 1263 invicem
3017 1220 3305 1279 utrumque
3346 1210 3451 1264 sibi
3506 1229 3682 1267 recon-

2126 1293 2348 1348 ciliavit.
2383 1296 2497 1361 Qua
2532 1313 2663 1365 pace
2702 1299 2965 1363 confecta,
3028 1300 3271 1355 Mttrates
3321 1302 3564 1357 exercitu
3605 1306 3683 1357 di-

2127 1386 2316 1451 misso,
2352 1385 2643 1443 Manissam
2685 1390 2959 1459 profectus
3009 1403 3135 1446 est:
3177 1393 3269 1447 ubi
3319 1409 3445 1446 cum
3502 1405 3682 1463 sponte

2125 1491 2184 1531 se
2215 1476 2441 1545 imperio
2464 1479 2793 1547 abdicasset,
2829 1484 2992 1536 tilium
3022 1485 3124 1538 sibi
3168 1486 3453 1540 sultanum
3481 1489 3685 1544 Muelle-

2126 1579 2323 1621 metcm
2358 1570 2663 1638 substituit,
2699 1574 2860 1644 eique
2910 1575 3170 1631 Cbelilem
3204 1579 3426 1633 hassam
3463 1583 3682 1635 vezirem

2126 1659 2392 1729 adjunxit,
2422 1678 2545 1717 cum
2575 1665 2820 1720 Meuiana
2874 1667 3184 1735 Cbusrone,
3232 1672 3329 1740 qui
3387 1672 3564 1727 oﬂicio
3607 1688 3686 1726 ca-

2131 1754 2414 1809 dilescheri
2470 1757 2828 1826 fungeretur:
2869 1761 3154 1817 amborum
3228 1764 3417 1818 virtuti
3463 1778 3527 1819 ac
3576 1765 3686 1819 tidci

2130 1853 2239 1897 tam
2275 1846 2409 1910 lilio,
2435 1863 2598 1917 quam
2658 1852 2956 1918 provinciis
2986 1854 3218 1922 imperii,
3279 1856 3685 1911 commendatis.

2129 1933 2184 1988 Id
2219 1937 2415 1992 factum
2450 1955 2595 1994 anno
2627 1942 3008 2000 Mabnmetano
3043 1947 3145 1999 847
3186 1946 3343 2015 (Chr.
3377 1949 3557 2015 me).

2207 2027 2319 2083 Rex
2357 2040 2535 2086 autem
2572 2031 2819 2103 Ungarire
2865 2035 3178 2091 cumJanco
3208 2054 3367 2093 novzc
3390 2049 3559 2093 semet
3606 2054 3687 2093 et-

2129 2121 2386 2190 peditioui
2416 2108 2676 2189 accinxit,
2705 2127 2883 2181 doctis
2914 2143 3102 2184 secum
3146 2130 3414 2210 Ungaris,
3442 2186 3445 2187 ν
3473 2132 3687 2186 Germa-

2131 2212 2234 2271 nis.
2268 2212 2545 2280 Boltemis,
2579 2215 2815 2279 Polonis,
2861 2217 3031 2283 Italis,
3096 2228 3153 2273 et
3211 2218 3513 2277 Valachis:
3565 2239 3689 2291 quo—

2130 2317 2251 2354 rum
2276 2306 2519 2359 omnium
2550 2307 2747 2377 ingens
2768 2320 2885 2363 erat
2936 2311 3246 2375 multitudo,
3280 2313 3535 2369 videlicet
3589 2315 3686 2368 ho-

2132 2396 2336 2450 minum
2405 2399 2471 2451 ad
2540 2400 2814 2471 octoginta
2875 2401 3063 2457 millia.
3140 2404 3440 2461 Tormenta
3490 2422 3689 2476 quoque

2133 2487 2322 2542 bellica
2379 2492 2512 2544 rotis
2563 2491 2815 2560 imposita
2864 2494 3220 2559 vehebantur,
3279 2514 3513 2555 numero
3565 2516 3688 2570 qua-

2133 2577 2438 2647 dringenta.
2465 2579 2660 2636 Milites
2686 2582 2787 2653 ipsi
2818 2583 2967 2639 ferro
3008 2601 3236 2655 prorsus
3289 2591 3491 2644 armati
3526 2576 3687 2644 tecti-

2135 2687 2240 2741 que
2310 2673 2806 2741 conspiciebantur.
2888 2676 3135 2748 Cumque
3224 2684 3553 2737 transmisso
3628 2684 3685 2735 ad

2135 2763 2327 2816 Albam
2379 2764 2619 2819 Grazeam
2678 2765 2958 2833 Danubio,
3021 2769 3157 2824 fines
3216 2772 3435 2840 imperii
3493 2775 3688 2829 Turcici

2136 2858 2461 2924 transgressi
2493 2856 2760 2912 fuissent:
2799 2858 3056 2915 Materam
3103 2871 3155 2916 et
3195 2861 3484 2920 Scliulium
3508 2869 3686 2937 Oppida

2137 2958 2439 3003 vaStarunt.
2479 2949 2606 3006 Inde
2630 2957 2894 3023 promotis
2921 2956 2987 3010 ad
3012 2957 3310 3023 Nicepolim
3379 2964 3585 3028 castris,
3638 2964 3686 3016 in

2139 3056 2353 3096 omnem
2385 3044 2535 3099 illum
2562 3061 2753 3114 agrum
2784 3048 2928 3102 ferro
2954 3058 3009 3103 et
3062 3051 3172 3119 igni
3230 3056 3547 3111 saevierunt.
3598 3056 3686 3108 Ar-

2138 3148 2254 3187 cem
2278 3150 2493 3205 quoque
2548 3137 2885 3194 Buruvadam
2929 3157 3289 3214 occuparunt,
3364 3158 3417 3203 et
3456 3148 3687 3218 imposito

2138 3226 2389 3291 prtesidio
2416 3229 2750 3284 munierunt.
2783 3231 2915 3286 Cum
2944 3248 2971 3286 a
3007 3231 3249 3304 NicOpoli
3283 3239 3481 3308 copias
3531 3237 3686 3292 abdu-

2137 3325 2343 3385 cerent,
2377 3329 2596 3376 secutus
2623 3336 2717 3375 eos
2746 3338 2870 3376 cum
2927 3325 3042 3379 suis
3088 3340 3119 3380 a
3152 3337 3303 3396 tergo
3352 3329 3686 3385 Mechemetes

2134 3409 2411 3481 Nicopolis
2460 3413 2648 3483 begus,
2672 3414 2893 3486 Syrusis
2933 3417 3051 3487 begi
3086 3419 3251 3478 ﬁlius.
3290 3432 3354 3475 et
3394 3439 3575 3491 agmen
3606 3437 3686 3475 ex-

2137 3513 2369 3558 tremum
2398 3506 2641 3572 adortus,
2669 3510 2981 3576 complures
3038 3512 3278 3577 occidit,
3321 3516 3686 3583 cataphractos

2136 3594 2399 3661 quosdam
2459 3594 2787 3664 interceptos
2821 3597 2887 3651 ad
2938 3598 3156 3654 Portam
3215 3601 3391 3657 misit.
3430 3600 3499 3654 De
3555 3601 3686 3654 hisce.

2135 3688 2377 3739 motibus
2406 3687 2681 3741 sultanum
2718 3688 2978 3745 Muratem
3008 3706 3132 3747 mox
3161 3690 3391 3748 Vezires
3424 3695 3685 3748 certiorem

2140 3776 2522 3832 reddiderunt.
2584 3776 2635 3832 ls
2693 3777 2944 3834 Manissa:
3000 3792 3112 3834 tum
3169 3782 3425 3849 degebat,
3484 3798 3587 3852 quo
3636 3796 3686 3833 se

2136 3868 2334 3937 quieta:
2386 3869 2510 3922 vitae
2564 3871 2745 3924 studio
2806 3886 2915 3925 non
2980 3872 3052 3926 ita
3112 3873 3320 3940 pridem
3381 3875 3683 3929 contuierat.

2137 3959 2457 4030 Quanquam
2496 3976 2621 4016 vero
2657 3962 2835 4018 serius
2859 3962 3053 4017 barum
3084 3981 3264 4020 rerum
3302 3969 3549 4022 nuntium
3604 3980 3687 4019 ac.

2135 4053 2361 4122 ciperct.
2402 4061 2583 4106 tamen
2608 4054 2674 4107 ad
2712 4054 2813 4107 iter
2844 4063 3054 4109 mature
3095 4072 3152 4109 se
3178 4072 3525 4126 comparans,
3574 4055 3686 4109 Gal-

2134 4143 2341 4212 Iipolim
2374 4143 2645 4199 advolavit
2674 4155 2689 4197 :
2722 4160 2832 4214 quo
2857 4145 2969 4215 jam
3002 4145 3120 4199 Itali
3162 4162 3357 4216 magna
3385 4163 3502 4201 cum
3526 4148 3685 4201 classe

2135 4237 2475 4306 appulerant,
2507 4244 2563 4290 et
2591 4237 2889 4304 quominus
2916 4237 2971 4291 in
3014 4238 3284 4306 EttrOpam
3340 4240 3685 4295 transmittere

2134 4336 2337 4398 posset,
2367 4329 2753 4398 impediebant.
2786 4329 3150 4395 Quamobrem
3195 4347 3386 4387 versus
3436 4330 3685 4385 Constan-

462 4422 669 4476 inidine
691 4438 754 4477 ac
776 4420 1155 4492 desperatione
1187 4439 1244 4477 se
1268 4424 1409 4494 rugae
1438 4425 1677 4479 dedisset
1704 4441 1718 4476 :
1782 4425 2025 4479 casanes
2054 4408 2108 4471 D
2137 4420 2420 4489 tinopolim
2462 4436 2584 4475 cum
2621 4422 2862 4476 exercitu
2888 4420 3174 4489 profectus
3204 4434 3303 4486 eSt,
3346 4433 3396 4477 et
3425 4440 3453 4477 e
3483 4421 3685 4490 regione

466 4518 624 4571 bassa
658 4533 780 4573 cum
801 4518 1027 4588 reliquis
1088 4517 1395 4582 militibus,
1446 4526 1715 4586 quotquot
1765 4517 2024 4570 adversus

461 4608 677 4663 hostem
705 4625 828 4663 cum
859 4625 925 4664 eo
961 4610 1337 4669 substiterant,
1390 4624 1562 4663 caesus
1608 4608 1727 4663 fuit.
1770 4607 2025 4662 Sultauus

463 4709 646 4755 autem
695 4699 954 4765 Murates,
1013 4702 1218 4772 perlata
1272 4702 1340 4755 ad
1380 4717 1437 4755 se
1469 4701 1543 4755 rei
1570 4712 1679 4755 tam
1739 4702 2029 4755 infeliciter

461 4800 628 4856 gesta:
657 4774 823 4854 fama,
848 4804 972 4843 cum
1005 4791 1259 4845 onmibtts
1286 4788 1588 4850 Genizaris,
1629 4798 1683 4843 et
1735 4791 1872 4844 aula:
1933 4806 2028 4846 co-

465 4880 681 4947 mitatu,
718 4879 1106 4952 IIadrianopoli
1134 4882 1387 4939 discessit
1412 4901 1426 4938 :
1454 4892 1507 4939 et
1533 4884 1771 4938 evocatis
1793 4883 2029 4952 undique

458 4970 718 5025 omnibus
744 4970 811 5025 ad
846 4973 985 5028 hanc
1016 4973 1284 5036 militiam,
1306 4975 1401 5045 qui
1438 4990 1585 5030 arma
1609 4974 1751 5030 ferre
1784 4986 2030 5044 possent,

460 5065 629 5119 etiam
694 5065 901 5135 pedites
984 5063 1278 5137 Europmos
1352 5084 1548 5139 magno
1603 5083 1829 5122 numero
1903 5082 2033 5122 con-

464 5156 701 5226 scripsit.
730 5156 1072 5213 Gerebantur
1103 5170 1283 5214 antem
1318 5158 1434 5214 haec
1500 5160 1730 5215 hiberno
1768 5170 2032 5229 tempore,

464 5262 587 5300 Cum
634 5248 824 5316 ingens
868 5248 1040 5317 frigus
1085 5259 1249 5304 esset.
1317 5247 1416 5303 Ubi
1482 5250 1549 5303 ad
1603 5249 2034 5304 Christianorum

462 5349 642 5393 castra
678 5350 996 5408 perventum
1029 5341 1262 5405 fuisset,
1318 5342 1502 5397 multis
1564 5342 1820 5409 utrinque
1879 5341 2040 5394 dimi-

462 5441 646 5486 catum
680 5432 975 5489 lcvioribus
1000 5435 1220 5504 praaliis.
1280 5434 1541 5503 Tandem~
1583 5450 1714 5490 vero
1766 5434 2037 5489 Christia-

467 5523 555 5578 nis
583 5527 883 5579 exercitum
918 5527 1333 5592 abducentibus,
1367 5530 1527 5584 etiam
1559 5527 1796 5583 Murates
1846 5528 2042 5582 itinere

465 5628 736 5670 converso
800 5617 1247 5690 Hadrianopolim
1309 5638 1368 5677 se
1425 5624 1667 5685 recepit:
1702 5635 1832 5690 pace
1891 5620 2043 5688 prius

468 5706 612 5761 inter
676 5723 734 5762 se
768 5708 1067 5780 Lazarique
1118 5715 1286 5769 tilium
1368 5716 1597 5781 sancita,
1626 5714 1712 5768 cui
1770 5713 2044 5780 principa-

2133 4512 2282 4568 illius
2305 4513 2432 4576 loci,
2456 4530 2563 4580 quo
2595 4513 2713 4568 loco
2744 4528 2889 4567 nunc
2912 4513 3053 4567 arcis
3081 4528 3234 4567 nova:
3293 4524 3561 4569 structura
3586 4524 3668 4561 cer

2135 4607 2301 4669 nitur,
2353 4616 2714 4660 mercatorum
2774 4605 3003 4674 navigiis
3074 4621 3228 4668 usus,
3278 4605 3330 4658 in
3386 4602 3683 4659 Itomaniam

2136 4697 2439 4767 transjecit.
2466 4697 2601 4752 Cum
2660 4696 3107 4765 Hadrianopolim
3141 4699 3492 4766 pervenisset,
3542 4708 3686 4746 moti-

2138 4793 2298 4846 strati
2328 4802 2453 4847 sunt
2479 4792 2527 4845 ei
2562 4791 2861 4845 Christiani
2914 4790 3273 4860 cataphracti,
3306 4806 3442 4860 quos
3492 4786 3685 4842 Ileche—

2138 4895 2305 4939 metes
2339 4884 2508 4954 begus
2535 4892 2775 4952 ceperat,
2817 4892 2870 4936 et
2921 4882 3048 4935 illuc
3106 4882 3352 4936 miserat.
3409 4881 3501 4935 llis
3544 4876 3682 4935 visis,

2137 4978 2345 5031 vultum
2372 4978 2622 5046 erigens:
2653 4974 2797 5029 Bene
2828 4975 2985 5029 nobis
3011 4990 3098 5028 res
3136 4983 3338 5029 nostra:
3388 4970 3680 5026 succedent.

2140 5070 2235 5134 ait,
2263 5067 2495 5136 propitio
2524 5066 2653 5123 Deo.
2686 5066 2992 5135 Statimque
3022 5081 3145 5119 cum
3190 5065 3523 5136 prapotenti,
3585 5069 3678 5110 tam

2140 5177 2205 5214 ex
2242 5158 2510 5223 Anatolia,
2536 5174 2698 5228 quam
2724 5156 2988 5211 Romania
3013 5156 3238 5211 collecto
3278 5156 3530 5214 exercitu,
3580 5162 3681 5202 tua-

2143 5267 2355 5322 gnaqtte
2388 5251 2625 5319 peditum
2652 5266 2810 5304 manu
2845 5265 3033 5304 recens
3081 5248 3410 5317 conscripta,
3474 5238 3679 5297 Hadria-

2145 5343 2328 5412 nopoli
2352 5343 2653 5399 discedens.
2683 5341 2737 5393 iii
2775 5340 2984 5392 hostem
3051 5347 3197 5392 recta
3251 5334 3425 5390 duxit.
3463 5331 3670 5386 Concut-

2146 5442 2339 5490 rerunt
2361 5433 2632 5488 exercitus
2656 5432 2721 5485 ad
2745 5438 2992 5501 stagnum
3017 5429 3131 5484 sive
3178 5429 3423 5498 paludem
3461 5421 3681 5476 Varncn-

2148 5542 2285 5591 sem,
2312 5526 2401 5579 ubi
2427 5525 2746 5579 dimicatum
2778 5524 2918 5575 inter
2947 5536 3041 5575 eos
3063 5519 3349 5584 acerrime,
3383 5514 3538 5568 multa
3569 5521 3678 5562 cum

2150 5619 2411 5674 effusione
2437 5616 2736 5686 sanguinis.
2768 5614 2879 5668 Rex
2937 5611 3191 5682 Ungarus
3253 5612 3322 5665 ab
3376 5621 3480 5662 uno
3532 5604 3682 5699 latere

2157 5712 2449 5778 pugnabat,
2493 5710 2560 5763 ab
2591 5710 2763 5763 altero
2787 5705 3012 5762 Michael
3046 5705 3157 5771 ille,
3200 5708 3548 5775 COgtiomcnto
3597 5690 3681 5743 N-
