4026 6204
347 285 462 343 609

1614 277 1816 339 ΛΝΝΛ
1830 272 1963 334 LES
1996 274 2093 333 TU
2106 275 2198 333 BC
2211 275 2329 335 (CI.

3477 281 3586 346 610

346 412 483 463 ger:
514 406 562 448 cl
594 403 742 447 ιειηιο
770 394 988 463 quidem
1021 409 1144 449 cum
1180 396 1383 464 impetu
1415 394 1640 447 Muralis
1671 393 1917 446 invasere
1948 393 1989 445 Δ
2022 388 2301 455 ingressus
2355 396 2435 442 est
2466 406 2477 440 ε
2512 390 2601 444 ubi
2657 406 2781 445 eum
2839 390 3113 447 civitatem
3173 393 3437 451 Geremen
3490 415 3585 453 ες-

343 488 558 557 copias,
596 497 655 541 ut
683 488 918 541 hostium
950 497 1239 557 utrumque
1265 503 1433 542 cornu
1468 488 1518 540 in
1564 485 1742 553 fugam
1794 499 1920 553 pro-

347 582 651 650 pellerent;
682 588 848 649 atque
869 580 967 633 hoc
994 580 1046 633 in
1070 578 1318 634 conflictu
1357 576 1711 648 beglcrbegus
1776 575 1919 628 Ana-

349 674 493 727 tolite
517 686 692 727 caesus
725 671 848 724 fuit.
877 670 1035 725 Solus
1058 670 1233 725 adhuc
1287 669 1523 723 Murates
1552 683 1674 722 cum
1706 667 1920 735 agmine

344 780 449 818 suo
478 765 655 818 stabat
676 763 954 822 immotus.
983 763 1193 816 caeteris
1220 762 1288 815 ab
1310 770 1537 830 utroque
1588 761 1758 814 latere
1794 773 1917 825 pro-

351 858 565 919 stratis,
602 864 695 908 aut
734 853 859 921 fuga
901 854 1143 924 dilapsis.
1181 855 1255 909 lbi
1288 866 1397 909 tum
1435 854 1667 908 Murates
1721 856 1916 907 erectis

346 947 414 999 ad
448 947 644 1001 coelum
681 946 875 1010 oculis,
914 961 1068 1016 opem
1107 946 1192 1001 sui
1227 946 1465 1001 numinis
1494 954 1549 1000 et
1594 944 1916 999 Mabumetis

349 1038 649 1106 implorare
676 1037 1015 1107 solliciteque
1042 1037 1276 1107 precari,
1310 1053 1376 1091 ne
1406 1053 1465 1093 se
1489 1046 1595 1091 tam
1660 1036 1913 1105 praesenti

349 1130 597 1198 periculo
659 1146 835 1185 rerum
887 1131 1221 1187 desererent.
1284 1131 1493 1196 Quibus
1549 1130 1802 1199 precibus
1842 1130 1912 1183 ita

350 1220 663 1288 conceptis,
712 1235 837 1273 mox
893 1220 1064 1273 aleam
1116 1220 1286 1291 praelii
1345 1229 1605 1274 mutatam
1661 1218 1910 1272 vidisses.

351 1311 565 1380 Quippe
594 1328 704 1373 rex,
730 1312 1020 1367 immodica
1068 1313 1377 1367 ferocientis
1399 1313 1565 1366 animi
1611 1310 1914 1366 temeritate

349 1403 639 1470 impulsus,
708 1403 762 1457 in
816 1404 1030 1460 medios
1090 1406 1299 1460 Turcos
1349 1419 1547 1474 equum
1616 1403 1815 1471 adegit,
1863 1410 1915 1454 et

344 1510 565 1549 summo
589 1510 711 1549 cum
739 1496 861 1551 nisu
889 1496 1113 1551 Muralis
1148 1497 1324 1566 ipsius
1363 1508 1526 1563 caput
1567 1496 1741 1565 petiit.
1772 1496 1909 1549 Dum

344 1586 397 1636 in
434 1586 577 1638 liunc
603 1584 823 1638 modum
852 1585 1178 1640 furibundus
1210 1586 1573 1657 progreditur,
1597 1600 1728 1639 casu
1776 1598 1912 1653 quo-

344 1676 471 1728 dam
504 1676 725 1741 accidit,
758 1685 814 1730 ut
840 1693 1013 1746 equus
1051 1678 1229 1746 regius
1260 1676 1323 1730 ad
1357 1685 1551 1730 terram
1599 1675 1910 1744 prolabere-

347 1776 456 1820 tur.
483 1766 621 1820 Tum
647 1768 867 1837 quidam
901 1784 930 1822 e
990 1768 1228 1836 peditum
1262 1784 1511 1832 numero,
1568 1778 1624 1821 et
1654 1768 1791 1821 alius
1849 1782 1914 1820 ex

352 1858 540 1911 ordine
586 1858 1003 1925 Genizarorum,
1064 1871 1446 1923 accurrentes,
1498 1861 1622 1930 equi
1675 1861 1917 1914 tendines

354 1951 680 2005 inciderunt.
711 1950 897 2021 Itaque
934 1967 1056 2020 rege
1104 1953 1252 2007 humi
1284 1963 1575 2022 prostrato,
1622 1968 1759 2006 'tnox
1789 1951 1916 2021 pro-

356 2052 523 2096 vecta
544 2044 623 2095 vir
646 2043 843 2108 aetatis,
879 2040 1083 2098 Cheser
1108 2046 1298 2114 begus,
1346 2046 1435 2114 qui
1493 2056 1620 2098 tunc
1648 2043 1821 2097 adhuc
1851 2060 1915 2097 ex

358 2132 509 2203 Elpia
530 2134 723 2188 familia
754 2146 1026 2203 superstes
1061 2144 1197 2199 erat,
1255 2151 1319 2189 ex
1369 2150 1508 2205 equo
1557 2136 1913 2199 descendens,

356 2226 469 2295 regi
513 2236 667 2295 caput
697 2234 959 2295 amputat,
986 2224 1149 2297 328
1174 2234 1224 2279 et
1272 2227 1487 2281 sultano
1512 2225 1703 2279 Murati
1737 2225 1913 2281 offert.

352 2315 422 2380 ls,
458 2316 558 2371 hoc
594 2317 905 2386 spectaculo
934 2318 1109 2383 laetus,
1139 2317 1418 2373 confestim
1480 2319 1687 2389 regium
1753 2327 1916 2388 caput

350 2410 519 2463 hasta:
539 2409 694 2479 jubet
725 2410 883 2481 affigi.
924 2410 1078 2478 Quod
1108 2412 1200 2467 ubi
1260 2413 1461 2468 factum
1491 2413 1702 2479 fuisset,
1757 2416 1912 2471 hasta

347 2502 404 2554 in
431 2502 599 2555 altum
627 2502 836 2557 sublata
862 2503 1084 2557 clamari
1140 2515 1400 2574 carptum,
1435 2506 1576 2577 regis
1608 2506 1707 2561 hoc
1752 2517 1916 2577 caput

347 2606 489 2644 esse.
516 2589 652 2645 Tum
685 2608 809 2647 vero
841 2592 1026 2657 Turci,
1059 2593 1151 2656 qui
1189 2595 1340 2662 prius
1369 2594 1504 2666 fugae
1535 2613 1592 2652 se
1619 2597 1910 2664 dederant,

351 2684 455 2735 hoc
483 2682 670 2737 audito
692 2684 948 2747 clamore,
976 2685 1192 2740 reﬂexis
1214 2686 1391 2756 equis,
1453 2703 1646 2743 rursus
1678 2689 1744 2742 ad
1800 2689 1915 2743 Mu-

350 2784 521 2828 ratem
549 2773 943 2830 conﬂuxerunt.
970 2777 1082 2843 Qua
1109 2793 1166 2831 re
1203 2793 1235 2832 a
1285 2778 1609 2835 Christianis
1671 2782 1912 2835 animad-

351 2883 529 2930 versa,
558 2883 683 2923 cum
716 2870 939 2940 reliquis
969 2888 1157 2927 eorum
1192 2873 1364 2943 copiis
1384 2873 1586 2930 Jancus
1630 2877 1681 2929 in
1731 2876 1909 2946 fugam

350 2974 413 3015 se
444 2958 835 3031 conjecit.lloc
886 2963 1043 3017 modo
1079 2964 1237 3018 victis
1294 2965 1645 3031 Christianis,
1705 2983 1767 3022 ac
1826 2968 1912 3022 l‘u-

348 3051 642 3121 gientibus,
673 3054 832 3109 'l‘urci
861 3070 953 3109 eos
982 3056 1050 3111 ab
1089 3058 1240 3111 omni
1299 3067 1453 3126 parte
1512 3060 1791 3128 persequi,
1847 3078 1910 3117 ac
1936 3077 1981 3136 ο

348 3148 610 3215 plurimos
633 3149 897 3205 occidere.
927 3150 1135 3205 Interea
1172 3167 1302 3206 vero
1333 3150 1605 3214 Genizari,
1664 3168 1728 3209 ac
1762 3154 1911 3222 pedi-

350 3250 431 3295 tes
453 3240 699 3305 Turcici,
722 3256 921 3297 currus
969 3253 1021 3297 et
1052 3243 1433 3313 impedimenta
1478 3244 1910 3300 Christianorum

350 3331 909 3399 adortidiripueruut,
942 3342 995 3388 et
1038 3335 1241 3405 ingenti
1302 3337 1457 3404 potiti
1513 3347 1640 3390 sunt
1691 3338 1909 3407 praeda:

352 3437 461 3490 qua
488 3426 698 3493 quidem
738 3427 804 3479 ad
832 3427 1106 3481 sultanum
1154 3427 1418 3481 Muratem
1483 3429 1665 3495 allata,
1723 3440 1911 3485 mutuo

354 3514 459 3567 sibi
488 3519 728 3584 gratulati
762 3528 911 3581 sunt,
946 3528 998 3573 et
1025 3518 1176 3573 illtttn
1210 3519 1350 3575 diem
1382 3521 1434 3574 in
1492 3520 1660 3575 fastos
1724 3522 1911 3577 referri

348 3604 647 3674 jusserunt.
672 3608 1045 3681 Exactumque
1083 3612 1186 3666 fuit
1231 3612 1297 3667 ab
1324 3612 1404 3666 eis
1445 3620 1616 3667 totum
1666 3613 1767 3669 hoc
1816 3615 1911 3668 tri-

349 3699 516 3751 duum
544 3702 689 3754 omni
740 3718 935 3771 genere
993 3703 1303 3759 hilaritatis.
1358 3702 1477 3789 llis]
1508 3705 1670 3761 rebus
1722 3707 1910 3776 gestis,

318 3790 634 3860 'imperium
656 3793 906 3849 sultanus
938 3794 1170 3851 Murates
1206 3796 1403 3851 iterum
1454 3797 1671 3853 sultano
1694 3800 1913 3855 Muche-

348 3887 474 3937 meti
503 3884 612 3938 illia
640 3885 895 3947 restituit,
933 3895 987 3942 et
1018 3888 1133 3955 ipse
1161 3885 1453 3942 Manissam
1512 3903 1761 3944 reversus
1804 3890 1934 3944 est.'

342 3975 714 4032 Muchemetes
755 3994 922 4047 regno
954 3994 1139 4033 rursus
1165 3980 1320 4041 inito,
1351 3996 1474 4035 mox
1510 3996 1703 4050 aspros
1742 3997 1909 4037 novos

344 4070 551 4139 signari
591 4072 811 4125 nomine
830 4086 930 4126 suo
958 4071 1136 4139 iussit,
1168 4088 1311 4126 anno
1335 4074 1439 4127 849
1463 4075 1614 4144 (Chr.
1655 4075 1835 4143 1444).

413 4162 471 4217 ln
503 4164 633 4231 ipsis
661 4175 842 4217 autem
878 4162 1248 4219 Muchemetici
1302 4166 1455 4234 regni
1514 4167 1668 4221 novis
1723 4169 1910 4237 auspi-

342 4255 467 4315 ciis,
501 4256 627 4309 urbs
668 4255 1188 4325 lladrianopolitaua
1223 4266 1334 4311 tota
1390 4259 1624 4312 flammis
1678 4275 1906 4316 accensa

341 4349 731 4415 conflagravit:
765 4357 818 4402 et
858 4346 1105 4401 Geuizari
1140 4349 1404 4403 seditione
1424 4356 1718 4411 commota,
1740 4353 1905 4419 majo-

340 4455 430 4493 res
488 4456 731 4494 annonas
798 4442 1178 4510 postularunt:
1253 4456 1363 4495 non
1423 4441 1561 4510 plebi
1644 4443 1906 4497 duntaxat

342 4531 537 4599 injecta
610 4533 992 4602 trepidatione,
1076 4547 1263 4587 verum
1331 4534 1491 4586 etiam
1583 4533 1905 4603 heglerbego

341 4622 612 4677 Chadumi
672 4626 845 4679 bassa:
908 4623 1097 4677 mortis
1158 4624 1420 4678 intentato
1476 4625 1756 4693 periculo:
1813 4626 1905 4695 qui

343 4716 429 4767 vix
462 4716 514 4768 in
547 4730 724 4769 arcem
776 4715 840 4767 ad
900 4714 1170 4767 sultanum
1234 4714 1622 4769 Muchetnetem
1670 4715 1905 4783 elapsus,

343 4808 505 4861 saluti
534 4822 647 4863 suae
672 4806 962 4861 consuluit.
996 4806 1215 4860 Interim
1271 4804 1524 4860 Genizari
1575 4821 1668 4873 per
1720 4807 1903 4859 urbem

344 4900 486 4954 fmde
517 4900 774 4969 grassari,
798 4908 853 4953 et
882 4898 1062 4953 omnia
1088 4912 1180 4966 per
1234 4911 1503 4951 summam
1562 4895 1904 4949 insolentiam

344 4993 579 5061 diripere
604 5011 618 5044 :
647 4992 819 5045 donec
861 4990 1075 5043 tandem
1098 4990 1177 5043 eis
1204 5003 1418 5041 annona
1467 4988 1695 5041 semisse
1744 4988 1906 5041 unius

342 5088 821 5154 aSpriangeretur,
881 5093 1045 5153 atque
1098 5083 1171 5136 ita
1231 5080 1675 5136 tumultuantium
1740 5082 1903 5135 animi

344 5179 681 5232 sedarentur.
1602 5232 1609 5241 η
1898 5236 1899 5239 η

416 5270 739 5337 Compositis
764 5269 911 5323 hisce
940 5268 1133 5333 turbis,
1185 5267 1357 5322 Chelil
1398 5268 1553 5322 bassa
1613 5267 1789 5333 Vezir,
1852 5278 1905 5321 et

343 5362 737 5416 abillomania‘.
786 5376 1071 5429 proceres,
1134 5360 1373 5414 unanimi
1408 5361 1636 5415 consilio
1665 5369 1719 5413 et
1774 5376 1904 5413 con-

343 5470 508 5509 sensu
542 5454 775 5509 Manissa
806 5454 1077 5508 sultanutn
1103 5451 1363 5505 Muratem
1403 5452 1596 5504 iterum
1636 5451 1701 5503 ad
1755 5467 1906 5503 sum-

343 5559 486 5599 mam
510 5560 690 5598 rerum
722 5544 1122 5598 arcessiverunt
1157 5559 1171 5594 :
1203 5540 1294 5611 qui
1329 5541 1429 5594 hoc
1461 5554 1685 5608 accepto
1714 5543 1903 5592 nuntio

346 5656 471 5695 mox
503 5641 568 5694 ad
593 5640 864 5694 sultanum
896 5638 1279 5691 Muchcmetem
1316 5652 1373 5689 se
1419 5636 1645 5689 contulit
1678 5634 1904 5689 lladria-

348 5736 609 5804 nopolim,
637 5745 689 5789 et
722 5734 900 5790 hieme
928 5731 1172 5800 sequenti
1202 5746 1321 5783 cum
1373 5730 1608 5782 exercitu
1675 5729 1902 5785 Μοτωω

2022 489 2311 547 pugnatam
2343 480 2581 534 dedisset
2632 482 2864 545 excidio,
2914 493 2965 537 et
2999 486 3100 537 alia
3134 486 3380 555 qumdam
3436 487 3589 560 oppi;

2020 569 2139 622 dula
2172 571 2446 639 cepisset,
2480 573 2727 629 abductis
2753 575 2925 645 copiis
2948 616 2962 639 ,
2998 576 3439 648 Hadrianopolim
3503 601 3587 638 re-

2019 658 2138 723 diit,
2174 676 2320 715 anno
2352 661 2456 716 850
2474 664 2626 731 (Chr.
2660 664 2844 735 1445).

2088 752 2295 808 Castris
2322 755 2700 826 lladrianopoli
2733 760 2916 824 motis,
2952 760 3001 812 in
3061 762 3344 817 Albaniam
3397 764 3579 826 duxit,

2018 854 2071 897 et
2104 859 2282 899 arcem
2313 845 2629 899 Cotziacum
2662 848 2715 901 iit
2743 849 2951 904 ditione
2998 849 3223 907 Joannis
3272 858 3581 925 occupavit,

2020 948 2082 985 ac
2113 935 2424 989 universam
2454 938 2728 1002 regionem
2774 941 2982 1009 rapinis
3018 945 3287 999 exhausit.
3348 948 3581 1002 Albano—

2018 1041 2136 1078 rum
2172 1026 2428 1096 princeps
2458 1028 2723 1085 lscodara:
2740 1033 3015 1099 dominus,
3035 1051 3157 1090 cum
3223 1039 3335 1091 suis
3382 1041 3583 1095 cedens

2017 1116 2247 1186 aufugit.
2310 1120 2495 1189 Itaque
2564 1121 2799 1177 Murates
2857 1142 3102 1196 magnam
3154 1130 3391 1201 regionis
3436 1133 3582 1187 illius

2016 1218 2223 1275 partem
2251 1212 2497 1280 adjunxit
2525 1214 2752 1283 imperio
2807 1233 2941 1283 suo;
2973 1234 3206 1290 cumque
3250 1223 3582 1281 Christiano-

2017 1315 2135 1353 rum
2171 1303 2367 1370 templa
2394 1304 2674 1370 diruisset,
2702 1323 2764 1362 ac
2801 1308 2851 1361 in
2874 1313 3127 1367 messilas
3156 1324 3581 1383 commutasset,

2016 1390 2315 1447 Turcorum
2337 1397 2580 1452 colonias
2608 1400 2656 1452 itt
2692 1400 2777 1453 illa
2804 1400 2918 1456 loca
2950 1405 3196 1459 deduxit.

2086 1481 2179 1537 llis
2229 1484 2437 1540 Murate
2461 1490 2624 1542 rebus
2684 1506 2969 1561 occupato,
3036 1497 3213 1550 nuntii
3266 1497 3534 1554 advenere
3565 1541 3581 1561 .

2014 1575 2105 1642 qui
2157 1575 2546 1645 significarent,
2608 1580 2877 1651 Ungaros,
2961 1584 3226 1652 Saxones,
3311 1588 3581 1656 Boemos;

2018 1662 2341 1729 Germanos,
2373 1677 2426 1721 et
2475 1668 2766 1737 Valachos,
2837 1675 3089 1731 maximis
3134 1679 3339 1733 coactis
3387 1682 3577 1750 copiis,

2016 1757 2125 1823 jant
2158 1758 2222 1809 ad
2254 1757 2445 1812 Albam
2474 1777 2645 1831 usque
2690 1764 2931 1820 Gra'cam
2986 1769 3279 1838 appulisse,
3329 1787 3582 1842 progres-

2018 1862 2176 1902 suros
2207 1850 2271 1901 ad
2300 1850 2450 1919 ipsos
2476 1852 2703 1908 Cosovae
2735 1872 2974 1925 campos.
3006 1862 3133 1930 Ejus
3167 1865 3239 1917 rei
3273 1863 3412 1918 fama
3466 1866 3579 1920 sul-

2019 1947 2176 1992 tanus
2217 1940 2453 1997 Mnrates
2479 1945 2765 2014 impulsus,
2798 1949 3026 2004 Albania
3056 1954 3262 2015 relicta,
3316 1954 3576 2026 Sophiaut

2018 2047 2231 2087 summa
2261 2032 2613 2090 festinatione
2664 2041 2914 2105 accessit,
2974 2042 3155 2114 ibique
3212 2047 3470 2107 sul;stit:t.
3524 2049 3577 2102 in

2016 2137 2231 2177 onmem
2261 2136 2470 2194 partem
2490 2128 2748 2198 intentus,
2772 2148 2881 2202 quo
2918 2134 3131 2190 scilicet
3177 2149 3468 2208 empturus
3492 2142 3580 2195 hic

2018 2223 2196 2277 motus
2222 2227 2388 2273 esset.
2423 2218 2595 2275 Simul
2647 2225 2909 2293 expeditis
2941 2227 2992 2280 in
3025 2243 3215 2285 omnes
3270 2234 3577 2301 provincias

2014 2304 2235 2371 litteris,
2271 2309 2469 2367 milites
2502 2312 2790 2370 universos
2832 2332 2979 2371 arma
3020 2334 3237 2390 capere,
3292 2331 3345 2377 et
3374 2324 3582 2394 absque

2018 2412 2166 2452 mora
2225 2399 2278 2453 in
2330 2411 2507 2457 castra
2566 2407 2857 2464 eonvolare
2893 2410 3079 2480 jussit.
3126 2411 3299 2470 Fuere
3342 2416 3578 2487 denique

2018 2489 2241 2545 collecta
2273 2494 2460 2548 decem
2492 2497 2661 2551 millia
2696 2498 3087 2557 Genizarorum
3112 2544 3127 2569 ,
3163 2514 3214 2560 et
3252 2507 3355 2561 alia
3388 2508 3571 2562 decem

2018 2581 2183 2635 millia
2224 2586 2489 2653 peditum,
2542 2593 2633 2657 qui
2691 2590 2886 2648 Turcis
2932 2594 3098 2665 Azapi
3131 2596 3407 2652 dicuntur.
3435 2599 3577 2655 Prte-

2018 2682 2165 2729 terea
2224 2693 2453 2747 magnus
2514 2682 2793 2738 hominum
2845 2702 3106 2743 numerus
3155 2691 3221 2743 ad
3278 2708 3400 2746 eum
3440 2710 3575 2747 cou-

2016 2767 2171 2822 fluxit
2201 2785 2264 2823 ex
2298 2772 2362 2825 iis
2395 2774 2487 2839 qtti
2526 2789 2554 2827 a
2597 2777 2789 2831 militia
2834 2781 3167 2849 ceteroquin
3194 2793 3350 2837 erant
3380 2785 3576 2840 immu-

2016 2874 2133 2913 nes.
2194 2858 2475 2916 Habebant
2526 2866 2669 2919 enim
2720 2868 2981 2924 Muratem
3046 2886 3144 2942 pro
3200 2874 3316 2929 viro
3364 2887 3574 2933 sancto.

2015 2948 2211 3018 Copias
2243 2952 2308 3006 ad
2330 2969 2601 3012 summam
2628 2956 3050 3016 innumerabiles
3074 2963 3309 3033 collegit,
3345 2966 3411 3019 ab
3456 2966 3577 3021 aliis

2015 3042 2177 3095 etiam
2229 3044 2413 3110 rebus,
2447 3045 2587 3102 bello
2655 3052 2887 3118 gerendo
2946 3056 3300 3119 necessariis,
3365 3046 3591 3129 egregie

2018 3134 2356 3191 instructus:
2390 3154 2417 3190 a
2449 3143 2734 3197 tormentis
2764 3145 3082 3213 majoribus,
3123 3146 3363 3219 inquam,
3422 3153 3576 3206 botu-

2017 3223 2221 3289 bardis,
2250 3225 2441 3292 hastis,
2474 3232 2733 3287 arcubus.
2794 3236 3089 3290 Arcessivit
3120 3240 3282 3292 etiam
3335 3244 3398 3295 ad
3436 3246 3576 3298 hanc

2014 3318 2710 3385 expeditionemsultanum
2738 3322 3131 3381 Muchemetem
3171 3330 3361 3394 filium,
3407 3344 3463 3385 ut
3520 3336 3573 3388 in

2012 3426 2072 3465 ea
2106 3412 2240 3480 patri
2272 3426 2455 3467 comes
2482 3414 2716 3470 adesset.
2752 3416 2959 3472 Interea
2998 3434 3126 3476 vero
3148 3461 3162 3484 ,
3188 3423 3314 3476 dum
3370 3426 3421 3479 in
3477 3427 3574 3482 ho-

2012 3515 2150 3558 stem
2220 3505 2334 3573 ipse
2372 3509 2761 3577 proficiscitur,
2788 3511 3006 3567 Valachi
3058 3515 3359 3573 Danubium
3424 3524 3573 3575 navi-

2014 3598 2115 3666 giis
2142 3598 2506 3668 transjiciunt,
2533 3612 2591 3656 ut
2621 3618 2833 3660 omnem
2893 3622 3082 3678 agrum
3140 3608 3570 3681 Nicopolitanum

2013 3690 2158 3745 ferro
2186 3708 2249 3747 ac
2311 3694 2547 3751 ﬂammis
2601 3708 2879 3755 vastarent
2918 3702 3059 3756 :sed
3105 3703 3151 3761 is
3213 3717 3444 3762 conatus
3506 3717 3607 3763 ex‘

2014 3785 2254 3853 ipsorum
2310 3787 2476 3840 animi
2543 3791 2809 3845 sententia
2862 3809 2969 3848 non
3023 3798 3309 3853 successit.
3365 3799 3573 3870 Quippe

2014 3877 2275 3931 limitanci
2300 3893 2554 3947 proceres
2578 3882 2628 3935 in
2656 3882 2721 3936 iis
2749 3884 2906 3945 locis.
2968 3885 3327 3943 Mechemetes
3387 3894 3570 3960 hegus,

2012 3977 2063 4021 ct
2094 3969 2174 4021 lsa
2217 3970 2406 4037 begus,
2432 3980 2485 4024 et
2540 3972 2769 4042 Usguris
2822 3976 2986 4039 filius,
3034 3992 3155 4031 cum
3211 3981 3570 4035 Acanziorum

2013 4063 2184 4131 copiis
2211 4061 2480 4119 Valachos
2509 4065 2706 4129 adorti,
2732 4066 2930 4122 multos
2954 4083 3018 4122 ex
3048 4068 3126 4125 eis
3162 4072 3567 4128 interfecerunt.

2011 4155 2167 4217 Quod
2238 4156 2325 4208 ubi
2382 4156 2585 4210 factum
2647 4157 2884 4213 Murates
2942 4160 3170 4230 accepit,
3218 4178 3322 4215 non
3380 4181 3566 4233 parum

2011 4246 2368 4312 exhilaratus,
2396 4248 2564 4302 alacri
2588 4264 2712 4303 mox
2745 4252 2927 4305 animo
2954 4268 3141 4308 γει-διεδ
3179 4254 3398 4311 Cnsova:
3456 4260 3569 4327 pl]-

2013 4344 2204 4398 nitiem
2238 4361 2359 4397 eum
2382 4349 2621 4398 exercitu
2658 4346 2932 4414 profectus
2980 4357 3081 4404 est.
3144 4348 3377 4402 Ducebat
3424 4354 3567 4403 enim

1937 4414 1981 4469 υ
2013 4436 2292 4489 hominum
2323 4438 2387 4490 ad
2421 4438 2691 4505 oet0giuta
2741 4439 2903 4491 millia
2931 4479 2944 4500 ,
2974 4449 3079 4493 tam
3108 4440 3374 4510 equitum,
3406 4458 3565 4510 quam

2010 4530 2275 4599 peditum.
2312 4530 2390 4583 Ad
2415 4531 2638 4585 Cosovae
2670 4547 2893 4601 campos
2921 4546 3044 4585 cum
3080 4534 3439 4599 pervenisset,
3468 4535 3568 4588 ob-

2010 4625 2152 4676 vium
2212 4623 2401 4677 habuit
2448 4621 2698 4677 Jancum.
2743 4624 3078 4693 Quapropter
3147 4625 3402 4694 utrinque
3466 4642 3569 4695 pu-

2010 4714 2207 4782 gnandi
2243 4717 2384 4768 facto
2444 4714 2620 4778 initio,
2672 4716 2910 4784 displosa
2969 4713 3119 4769 fuere
3156 4722 3414 4770 continuo
3461 4717 3567 4771 diei

2010 4807 2296 4875 noctisque
2323 4808 2499 4873 Spatio
2531 4817 2802 4861 tormenta
2836 4807 3049 4861 bellica.
3089 4807 3329 4865 Tandem
3363 4812 3566 4865 Jaucus

2010 4896 2062 4950 in
2088 4897 2296 4951 hostem
2336 4897 2453 4951 acie
2479 4899 2735 4965 producta
2764 4899 2988 4967 duplici,
3032 4898 3241 4955 Turcos
3288 4901 3357 4954 ab
3416 4918 3568 4954 utro-

2009 5004 2114 5057 que
2148 5004 2316 5042 coruu
2348 4989 2499 5042 fusos
2539 4998 2684 5056 terga
2716 4989 2845 5043 dare
2876 4991 3073 5060 coegit.
3133 4990 3363 5060 Jamque
3416 4996 3567 5045 solus

2010 5082 2145 5135 adeo
2178 5082 2468 5135 comitatus
2499 5084 2726 5143 aulicus,
2764 5085 2980 5136 sultano
3035 5082 3241 5136 Murate
3302 5098 3409 5135 non
3468 5086 3563 5137 de-

2009 5183 2175 5237 serto,
2208 5174 2384 5227 locum
2414 5188 2568 5226 suum
2618 5174 2669 5227 itt
2712 5175 2827 5227 aeie
2887 5174 3153 5227 tuebatur.
3212 5173 3565 5244 Ohjeetabaut

2009 5265 2338 5319 Christianis
2371 5274 2522 5319 scuta
2558 5280 2652 5318 sua
2711 5265 2987 5324 Genizari,
3050 5274 3318 5317 tormenta
3371 5265 3562 5319 bellica

2010 5357 2061 5409 in
2095 5372 2188 5411 eos
2218 5357 2540 5426 dirigebant,
2575 5358 2840 5423 sclopetos
2898 5355 3250 5409 obvertebant
3300 5355 3559 5425 undique.

2010 5449 2182 5503 Simul
2236 5464 2266 5503 a
2326 5458 2475 5517 tergo
2531 5449 2775 5512 camelis,
2830 5446 3010 5512 mulis,
3066 5455 3118 5500 et
3142 5448 3395 5502 curribus
3445 5463 3562 5502 sese

2011 5545 2342 5605 munientes,
2376 5552 2481 5594 tam
2536 5542 2748 5593 fortiter
2780 5539 2953 5593 hostis
3016 5538 3275 5607 impetum
3330 5540 3563 5593 sustine-

2008 5631 2161 5686 bant.
2223 5640 2279 5684 nt
2321 5630 2578 5684 Muratetn
2636 5644 2757 5681 cum
2802 5628 2949 5683 hisee
2988 5630 3158 5697 copiis
3210 5629 3341 5693 suis,
3406 5630 3561 5683 Chri-

2009 5729 2168 5785 stiani
2192 5726 2307 5781 loco
2343 5725 2661 5781 submovere
2698 5724 2842 5777 nulla
2889 5723 2939 5777 vi
2979 5733 3217 5794 posst-nt,
3253 5738 3347 5777 nec
3381 5723 3556 5792 al'qua
