4026 6204
411 251 512 313 ﬁll

1667 245 2018 306 ANNALES
2046 244 2378 306 'l'UliClCI.

3528 238 3635 305 6l2

413 369 569 422 clade
598 364 830 419 allicere.
863 364 996 418 Cum
1048 371 1226 420 autein
1259 361 1523 431 proﬂigati
1578 363 1726 430 prius
1777 361 1984 415 aChri-
2014 370 2057 423 Α
2088 361 2162 414 ris
2200 361 2251 413 in
2304 375 2496 414 omnes
2547 357 2857 429 provincias
2920 370 3047 410 snas
3108 352 3397 424 expedivit,
3442 352 3639 421 quibus

413 464 609 519 stianis
636 462 691 515 in
723 467 955 528 utroque
979 473 1148 512 cornu
1183 457 1372 523 Turci,
1406 457 1743 513 Christianos
1798 472 1977 510 armo-

417 570 538 610 rum
586 568 751 608 onere
802 551 969 605 nimio
1030 562 1283 619 gravatos
1341 550 1855 611 animadverterent,
1911 549 1979 603 de

416 644 683 701 industria
713 644 894 712 fugam
947 641 1307 709 arripientes,
1342 640 1662 709 insequendi
1713 642 1853 693 viam
1901 640 1981 693 eis

418 746 766 805 aperuerunt.
795 732 1007 802 Quippe
1034 730 1329 786 Christiani
1381 746 1439 786 se
1484 747 1630 796 mox,
1688 730 1859 784 instar
1900 728 1981 781 di-

419 826 872 893 luviicnjusdam,
925 824 1210 879 concitatis
1261 823 1439 892 cquis,
1523 821 1809 877 diffudere.
1873 819 1978 872 Sed

418 917 603 979 anci,
636 916 725 984 qui
751 916 929 984 fugam
965 916 1221 979 inierant,
1252 928 1514 983 equorum
1544 927 1712 967 cursu
1745 910 1978 965 adlatus

419 1007 635 1069 inﬂexo.
688 1007 969 1073 expeditos
1022 1016 1074 1059 et
1122 1006 1357 1060 inermes
1409 1004 1839 1059 Christianorum
1876 1002 1980 1056 mi-

419 1103 539 1155 lttrs
563 1101 725 1170 329
753 1100 1090 1163 invaserunt,
1124 1114 1263 1169 quos
1296 1099 1470 1152 nudos
1498 1113 1618 1152 esse
1650 1106 1872 1159 norant.
1928 1105 1982 1150 et

420 1195 473 1248 in
503 1211 596 1248 eos
626 1192 877 1246 alacriter
910 1192 1160 1245 acinaces
1216 1205 1346 1245 suos
1391 1189 1750 1244 strinxerunt.
1788 1186 1847 1241 id
1904 1185 1981 1241 illi

419 1303 544 1339 cum
586 1284 698 1339 fieri
734 1294 1045 1349 cernerent,
1080 1284 1366 1337 celerrime
1412 1282 1790 1350 cataphractos
1821 1279 1977 1347 equi-

420 1386 502 1429 tes
533 1392 662 1430 suos
694 1377 1061 1437 secutisnnt:
1105 1374 1304 1443 quibus
1367 1372 1456 1426 ubi
1508 1372 1616 1440 jam
1675 1387 1784 1427 non
1837 1378 1981 1424 esset

422 1470 714 1535 integrum,
793 1467 847 1519 in
896 1466 1102 1519 Turcos
1158 1464 1330 1519 aciem
1391 1464 1570 1518 denuo
1624 1470 1978 1517 convertere:

424 1558 637 1607 tandem
678 1554 880 1606 mutuis
914 1568 975 1609 se
1010 1554 1329 1607 vulneribus
1380 1553 1645 1607 conficere
1670 1560 1979 1621 cmperunt,

423 1657 584 1716 atque
607 1647 678 1698 ita
715 1645 909 1699 solutis
938 1654 991 1698 et
1020 1644 1295 1712 dissipatis
1346 1641 1655 1708 ordinibus,
1710 1641 1983 1717 exercitus

2080 468 2271 506 OllltleS
2300 461 2410 504 tam
2446 450 2713 505 Anatolian
2782 464 2946 518 quam
2980 446 3253 501 ltonianiae
3280 442 3455 511 coegit
3484 457 3645 496 exer-

2080 544 2241 610 citus,
2278 544 2566 599 conductis
2595 544 2757 598 etiam
2784 541 2955 596 vicies
2993 539 3139 593 mille
3160 537 3451 607 peditibus.
3482 531 3646 588 Geni-

2085 651 2335 688 zarorum
2358 636 2605 690 erantad
2641 636 2826 689 decem
2864 632 3052 686 millia.
3085 629 3454 684 Conv-uiarum
3471 636 3525 681 et
3553 625 3645 678 alii

2082 727 2393 794 complures
2426 728 2495 782 ad
2528 741 2675 789 eum.
2700 725 2897 795 quibus
2929 724 3129 792 alioqui
3164 721 3428 774 militandi
3450 734 3645 772 neces-

2082 818 2215 871 sitas
2247 832 2353 871 non
2414 817 2779 872 incumbeba.
2837 814 3033 869 Bellica
3100 826 3321 882 quoque
3376 818 3645 863 tormenta

2084 905 2233 959 fundi
2264 905 2443 975 jussit,
2474 906 2651 961 instar
2677 906 2995 960 draconum.
3028 901 3106 957 Ita
3137 917 3261 955 cum
3329 899 3474 953 omni
3535 909 3648 951 tor—

2084 1006 2391 1050 mentorum
2424 1005 2710 1065 apparatu.
2742 996 3014 1065 tantisque
3063 1010 3183 1048 cum
3218 992 3391 1062 copiis
3418 990 3648 1045 Hadria-

2083 1088 2261 1158 nopoli
2296 1087 2596 1158 prolectus,
2625 1100 2802 1143 castra
2856 1085 3333 1155 ConstantinOpoli
3364 1082 3600 1137 admovit
3630 1099 3648 1141 :

2081 1179 2449 1249 displosisquc
2479 1182 2794 1242 tormentis.
2830 1195 3040 1242 muros,
3109 1189 3163 1234 et
3207 1178 3403 1247 pinnas
3434 1191 3647 1237 eorum,

2081 1269 2312 1339 disiecit.
2345 1271 2661 1337 Christiani,
2689 1283 2953 1342 quotquot
2979 1270 3098 1325 urbi
3161 1269 3413 1338 praesidio
3469 1276 3645 1328 erant,

2083 1361 2294 1416 fortiter
2318 1362 2394 1416 illi
2413 1364 2631 1432 quidem
2662 1378 2721 1418 se
2753 1363 3114 1417 defendebant
3141 1363 3272 1416 :sed
3297 1361 3483 1414 urbem
3506 1359 3645 1412 tueri

2083 1464 2273 1509 contra
2306 1455 2410 1508 vim
2446 1454 2802 1509 Mnchemetis
2849 1454 2991 1508 haud
3041 1460 3315 1522 poterant.
3373 1450 3432 1504 Is
3481 1451 3648 1514 enim,

2083 1560 2341 1601 concessa
2370 1546 2523 1599 militi
2560 1546 2797 1609 licentia,
2828 1544 3115 1614 diripiendi
3174 1540 3646 1607 ConstantinOpo-

2086 1636 2202 1699 lim,
2228 1635 2389 1689 modo
2406 1651 2521 1689 eam
2552 1643 2933 1705 occupassent,
2983 1649 3153 1703 usque
3183 1634 3319 1685 adeo
3346 1629 3646 1683 Turcorum

423 1739 604 1793 omnis
629 1738 681 1790 in
709 1737 906 1791 foedam
949 1752 1071 1791 sese
1124 1735 1307 1804 fugam
1371 1734 1628 1803 conjecit.
1671 1733 1806 1787 Tum
1858 1747 1986 1789 vero

2089 1727 2299 1778 animos
2334 1726 2582 1779 accendit
2609 1765 2624 1788 ,
2658 1734 2715 1778 ut
2742 1739 2940 1794 magno
2973 1722 3121 1778 illam
3147 1737 3270 1776 cum
3333 1720 3532 1789 impetu
3562 1718 3649 1771 in-

424 1828 610 1889 Turci.
632 1843 768 1896 quos
792 1836 951 1880 antea
986 1825 1189 1895 fugisse
1212 1825 1473 1891 diximus,
1504 1824 1632 1879 hinc
1675 1824 1800 1880 inde
1846 1838 1983 1878 con-

426 1920 649 1989 globati,
680 1915 1058 1972 Cbristianisa
1080 1927 1232 1986 tergo
1266 1917 1332 1969 ad
1366 1915 1540 1985 ipsam
1600 1929 1771 1984 usque
1803 1912 1985 1969 muni-

425 2011 627 2064 tionem
676 2017 979 2063 castrorum
1035 2006 1411 2062 inbreserunt:
1473 2007 1682 2076 fuitque
1736 2005 1989 2076 deinceps

424 2106 718 2167 pugnatum
763 2100 1025 2167 utrinque
1056 2107 1169 2152 toto
1198 2096 1290 2151 illo
1312 2097 1420 2160 die.
1462 2112 1631 2165 usque
1689 2094 1757 2151 ad
1804 2110 1989 2165 vespe-

428 2208 564 2256 ram,
591 2201 646 2244 et
669 2206 699 2245 a
722 2205 952 2259 vespera
986 2203 1178 2244 rursus
1203 2189 1268 2243 ad
1298 2188 1597 2255 diluculum
1621 2202 1811 2257 usque.
1855 2186 1987 2243 Jan-

426 2300 523 2337 cus
546 2292 750 2349 autem,
781 2297 904 2335 cum
937 2282 1010 2335 ita
1040 2296 1155 2335 rem
1191 2281 1300 2351 geri
1362 2281 1601 2344 rideret,
1638 2290 1760 2334 astu
1811 2294 1871 2335 se
1922 2280 1989 2336 ab

428 2375 702 2429 exercitus
723 2372 1013 2435 Christiani
1045 2372 1341 2442 reliquiise
1387 2374 1584 2428 castris
1623 2373 1881 2428 subduxit
1934 2383 1991 2429 et

431 2462 687 2533 profugit.
744 2461 1069 2516 Christianis
1123 2462 1190 2515 ad
1255 2474 1561 2516 extremum
1606 2462 1784 2527 victis,
1836 2461 1989 2518 Janci

430 2554 591 2607 rebus
611 2550 886 2616 omnibus,
921 2567 1044 2607 cum
1071 2553 1388 2617 tormentis,
1438 2561 1491 2607 et
1532 2552 1784 2608 universo
1828 2569 1993 2624 appa-

431 2654 552 2697 ratu
588 2643 782 2697 bellico
810 2643 963 2714 p0titi
996 2644 1149 2699 fuere
1179 2643 1381 2699 Turci:
1432 2644 1631 2715 quibus
1698 2647 1764 2699 ad
1820 2646 1992 2700 sulta-

432 2750 560 2787 num
594 2732 850 2788 Moralem
882 2735 1151 2800 adductis,
1179 2751 1318 2791 unus
1345 2736 1496 2791 alteri
1537 2746 1782 2806 porrecta
1802 2752 1989 2806 manu,

431 2834 620 2879 mutuo
640 2835 811 2878 semet
834 2841 1098 2895 excepere
1126 2827 1526 2896 gratuiabnndi.
1557 2838 1839 2898 totumque
1890 2831 1991 2885 tri-

431 2916 598 2971 duum
659 2931 723 2971 eo
773 2916 892 2971 loco
957 2916 1344 2987 quiescentes,
1393 2920 1559 2972 veluti
1638 2918 1987 2977 feStivitatem

430 3008 740 3093 quamdam,
798 3010 1056 3077 singulari
1115 3024 1237 3063 cum
1294 3010 1571 3065 hilaritate
1625 3012 2055 3107 celebrarunt.c

431 3097 557 3153 Inde
579 3090 824 3154 sultanus
858 3096 1228 3154 Muchemetes
1259 3109 1384 3154 ante
1424 3109 1632 3169 patrem
1684 3099 1988 3158 Hadriano-

430 3189 593 3259 polim
621 3189 896 3259 profectus
914 3199 1014 3244 est.
1047 3188 1222 3245 Gesta:
1263 3205 1389 3245 vero
1438 3178 1660 3246 fuerunt
1680 3192 1763 3249 ha:
1796 3209 1882 3249 res
1932 3196 1987 3249 in

448 3283 732 3352 Cosovana
790 3284 1010 3355 planitie
1033 3300 1177 3341 anno
1201 3283 1306 3341 855
1337 3284 1489 3356 (Chr.
1519 3286 1700 3359 1418).

498 3376 736 3432 Mnrates
768 3378 929 3432 etiam
972 3376 1359 3433 Muchemetem
1395 3378 1562 3434 filium
1616 3391 1842 3437 secutus
1901 3392 1991 3438 est

431 3468 897 3538 HadrianOpolim,
960 3468 1148 3539 ibique
1196 3478 1408 3537 tempus
1431 3471 1499 3525 ad
1536 3471 1756 3543 aliquod
1792 3474 1846 3528 in
1877 3475 1991 3530 otio

430 3561 584 3626 vixit,
613 3564 683 3613 ita
719 3566 919 3621 tamen,
956 3569 1015 3612 ut
1061 3558 1337 3613 Romaniae
1366 3560 1879 3632 beglerbegumcum
1901 3580 1992 3620 co-

428 3651 532 3720 piis
558 3650 850 3716 ablegaret.
882 3649 946 3703 ad
979 3651 1371 3704 exstruendum
1403 3667 1585 3707 arcem
1641 3653 1932 3723 Gergouim
1970 3673 1985 3709 :

426 3756 536 3812 qua
564 3739 829 3810 perfeila,
870 3738 1113 3794 Murates
1166 3741 1217 3792 in
1267 3741 1533 3797 Anatolius
1590 3755 1866 3810 montana,
1901 3762 1992 3801 ca-

431 3830 647 3911 ptanda:
692 3828 990 3900 frigidioris
1021 3846 1168 3885 aura:
1189 3846 1374 3897 causa,
1431 3847 1490 3889 se
1537 3835 1789 3901 contulit,
1832 3851 1990 3909 (anno

429 3921 534 3977 855
564 3916 712 3991 (Chr.
743 3920 926 3988 1448).

500 4035 540 4089 Ε
568 4037 840 4089 montanis
865 4051 1140 4101 reversus,
1171 4037 1572 4105 expeditionem
1620 4040 1674 4095 in
1703 4040 1989 4098 Albaniam

428 4130 688 4198 suscepit.
713 4138 770 4181 ut
794 4143 970 4181 arcem
1004 4127 1429 4199 Beligradensem
1457 4144 1765 4202 occuparet.
1786 4133 1895 4191 Sed
1920 4135 1992 4190 ir-

429 4216 565 4271 ritus
583 4217 668 4270 ille
686 4226 911 4270 conatus
938 4214 1057 4282 fuit,
1076 4216 1306 4286 ideoque
1345 4217 1505 4271 rediit
1524 4214 1988 4291 Hadrianopolim,

429 4322 530 4362 nec
559 4307 793 4375 amplius
820 4305 1004 4360 abillo
1050 4315 1297 4376 tempore
1354 4307 1449 4362 ulli
1505 4309 1587 4364 vel
1633 4312 1989 4381 expeditioni,

2084 1818 2366 1881 vaderent.
2397 1828 2796 1888 oppugnarent,
2830 1832 2925 1887 per
2957 1816 3063 1870 vim
3092 1814 3331 1885 denique
3361 1818 3645 1881 caperent.

2083 1910 2244 1966 Potiti
2278 1925 2408 1965 vero
2437 1920 2564 1964 sunt
2592 1910 2725 1965 urbe
2755 1908 2948 1974 Turci,
3004 1908 3093 1963 die
3124 1907 3385 1962 vicesimo
3444 1903 3649 1959 mensis

2084 1989 2404 2056 Rebuilnlaie.
2437 2002 2695 2055 Sullanus
2758 1998 3121 2054 Muchemetes
3144 2038 3159 2062 ,
3191 1996 3379 2051 urbem
3432 2007 3644 2064 captam

2087 2092 2385 2162 ingressus.
2409 2092 2535 2151 hinc
2556 2092 2680 2146 inde
2745 2107 2842 2162 per
2889 2106 3008 2146 eam
3054 2088 3412 2160 obequitavit,
3461 2088 3651 2140 obstu-

2086 2197 2313 2253 pesccns
2343 2182 2411 2237 ad
2454 2182 2739 2238 inusitatas
2768 2180 3116 2236 aedificiorum
3144 2180 3369 2233 formas.
3426 2178 3560 2233 Cum
3593 2178 3649 2230 in

2086 2275 2465 2329 Atmindanem
2498 2274 2862 2344 pervenisset,
2890 2275 3204 2328 columnam
3239 2272 3316 2326 ibi
3383 2270 3648 2338 lapideam

2087 2367 2239 2431 vidit,
2269 2368 2355 2421 cui
2388 2367 2582 2436 triplex
2638 2377 2757 2422 erat
2802 2367 3093 2437 impositus
3113 2380 3339 2435 serpens
3410 2364 3652 2419 aheneus

2088 2459 2339 2528 idemque
2379 2460 2596 2529 triceps.
2639 2459 2794 2513 Illum
2844 2464 3215 2528 conspicatus,
3236 2456 3492 2528 quidnam
3550 2457 3656 2512 hoc

2088 2560 2232 2606 esset
2263 2550 2411 2619 idoli,
2439 2552 2704 2621 quaesivit.
2740 2551 2915 2605 Simul
2951 2551 3004 2605 in
3029 2566 3151 2605 eum
3174 2558 3427 2605 contorta
3457 2564 3650 2617 magna

2090 2643 2139 2695 vi
2178 2642 2326 2696 clava
2362 2642 2558 2707 ferrea,
2597 2658 2759 2712 quam
2796 2644 3156 2713 pusdiganum
3216 2641 3379 2697 Turci
3433 2654 3652 2710 vocant,

2090 2733 2183 2788 uni
2222 2734 2288 2788 de
2315 2735 2488 2789 tribus
2516 2734 2622 2789 illis
2652 2736 2928 2804 capitibus
2947 2734 3276 2804 serpentinis
3307 2735 3522 2789 labrum
3559 2735 3647 2787 in-

2091 2826 2260 2882 ferius
2299 2827 2637 2884 comminuit.
2680 2829 2798 2894 Quo
2825 2827 2992 2894 facto,
3058 2842 3181 2882 mox
3252 2840 3531 2898 serpentes
3592 2828 3647 2882 in

2093 2919 2226 2974 urbe
2256 2934 2449 2988 magno
2478 2919 2720 2989 conspici
2768 2933 2983 2989 cmpere
3035 2935 3283 2974 numero.
3307 2920 3651 2990 Quapropter

2091 3022 2343 3068 auctores
2368 3012 2415 3066 ei
2458 3012 2609 3065 fuere
2634 3012 2877 3081 quidam,
2931 3023 2991 3068 ut
3027 3014 3256 3070 missum
3308 3014 3563 3084 deinceps
3591 3016 3654 3068 il-

2091 3107 2200 3161 lum
2218 3116 2520 3176 serpentem
2541 3102 2745 3160 faceret
2781 3120 2797 3163 :
2826 3106 3048 3175 quando
3081 3121 3177 3175 per
3216 3107 3265 3161 id
3294 3107 3650 3162 simulacrum

2089 3198 2350 3253 effectum
2383 3197 2574 3263 fuerit,
2611 3197 2689 3253 uti
2713 3212 2936 3268 serpens
2972 3197 3029 3252 in
3080 3203 3215 3253 urbe
3276 3199 3460 3256 nullus
3487 3211 3651 3255 esset.

2090 3290 2229 3348 Hinc
2247 3307 2307 3346 ea
2337 3293 2589 3347 columna
2615 3292 2671 3347 in
2721 3292 3046 3347 hodiernum
3109 3292 3285 3347 adhuc
3310 3292 3451 3348 diem
3470 3295 3653 3351 durat.

2090 3383 2158 3439 Et
2186 3398 2498 3457 quanquam
2526 3384 2690 3438 unius
2706 3384 2898 3439 ahenei
2920 3385 3192 3453 serpentis
3222 3385 3478 3439 inferiore
3500 3386 3654 3440 labro

2089 3478 2319 3549 dejecto,
2354 3484 2634 3547 serpentes
2664 3475 2723 3530 in
2750 3477 2939 3531 urbem
2983 3477 3255 3539 venerint.
3314 3493 3508 3534 nocere
3564 3489 3646 3531 ta-

2090 3585 2213 3625 men
2250 3569 2454 3625 nemini
2493 3577 2736 3639 possunt.
2799 3567 2934 3622 Erat
2993 3569 3175 3649 etiam.
3216 3582 3431 3625 erectus
3479 3586 3655 3641 equus

2091 3663 2351 3725 aheneus.
2393 3661 2483 3715 cui
2527 3670 2706 3715 statua
2747 3660 2993 3731 quadam
3047 3664 3318 3733 equestris
3351 3663 3640 3719 insidebat.

2090 3750 2392 3824 Utrumque
2416 3753 2790 3809 Muchemetes
2809 3754 3101 3808 demolitus
3117 3764 3223 3809 est.
3253 3754 3375 3810 Feri
3391 3772 3453 3809 ur
3470 3767 3647 3810 ειιιινω

2090 3850 2193 3902 hac
2225 3855 2405 3901 statua
2436 3847 2575 3915 pesti
2603 3846 2903 3916 praelusus
2935 3845 3105 3901 fuisse
3155 3847 3359 3906 aditus.
3417 3863 3525 3917 quo
3555 3848 3656 3902 mi-

2092 3954 2193 3994 nus
2246 3940 2299 3993 in
2358 3938 2545 3993 urbem
2597 3946 2905 4008 penetraret
2932 3952 2999 3992 ac
3053 3937 3108 3991 in
3174 3952 3235 3991 ea
3294 3946 3656 4007 grassaretur.

2160 4030 2436 4102 Occupata
2487 4028 2975 4098 Constantinopoli,
3034 4028 3297 4083 Anatolize
3378 4039 3655 4096 montana,

2092 4123 2373 4179 recreandi
2397 4121 2482 4177 sui
2536 4137 2723 4187 causa,
2771 4120 3145 4175 Muchemetes
3199 4120 3352 4190 petiit
3388 4138 3403 4177 :
3443 4132 3497 4174 et
3532 4120 3656 4175 inde

2091 4232 2343 4273 reversus
2377 4216 2428 4269 in
2455 4214 2740 4269 Albaniam
2763 4213 2954 4283 copias
3006 4211 3163 4266 duxit
3194 4229 3208 4266 :
3264 4213 3353 4266 ubi
3405 4212 3654 4282 Siurigen

2095 4309 2147 4365 in
2176 4317 2497 4379 potestatem
2529 4306 2756 4375 redegit.
2781 4319 2926 4359 anno
2959 4303 3063 4358 858
3116 4303 3267 4373 (Chr.
3298 4303 3479 4373 N53).

426 4400 511 4451 vel
538 4399 678 4451 bello
714 4396 961 4450 interfuit
989 4413 1005 4451 :
1034 4399 1346 4479 exstinctus
1362 4399 1448 4453 die
1477 4400 1711 4470 quodam
1732 4400 1983 4459 Mercurii
2014 4397 2065 4457 Ι)
2162 4405 2319 4457 Anno
2350 4401 2621 4471 sequenti.
2678 4396 2885 4455 Novam
2938 4412 3060 4452 cum
3124 4396 3294 4466 copiis
3341 4411 3649 4468 aggressus,

428 4496 519 4559 qui
552 4492 796 4546 decimus
826 4501 943 4546 erat
1008 4493 1209 4546 mensis
1256 4493 1638 4558 Mucherenis,
1681 4512 1825 4552 anno
1878 4499 1984 4556 855

428 4585 583 4651 (Chr.
617 4583 802 4651 1450),
839 4597 962 4635 cum
996 4580 1152 4635 annis
1179 4583 1390 4651 triginta
1447 4599 1611 4637 unum
1642 4585 1983 4654 imperasset.

502 4674 780 4726 Successit
800 4672 937 4741 patri
972 4674 1220 4725 sultanus
1250 4673 1613 4727 Mnchemetes
1642 4675 1854 4732 liliusin
1891 4683 1987 4734 ad-

429 4767 828 4821 ministratione
861 4763 1034 4832 regni,
1089 4764 1381 4834 statimque
1434 4766 1645 4823 decimo
1693 4782 1845 4825 sexto
1898 4776 1986 4831 die

426 4859 554 4914 dicti
582 4857 783 4911 mensis
816 4860 1110 4910 exercitum
1160 4856 1212 4910 in
1268 4856 1644 4913 Caramaniam
1699 4862 1873 4929 duxit.
1933 4876 1987 4923 et

429 4953 630 5007 bellum
656 4949 886 5022 principi
919 4946 1246 5014 Caramano,
1305 4948 1560 5005 lbl‘ﬂllitlli
1590 4954 1743 5023 bego.
1783 4957 1983 5014 intulit.

426 5046 528 5101 Sed
565 5060 632 5099 eo
660 5059 765 5099 non
823 5042 994 5096 multo
1050 5051 1169 5110 post
1220 5043 1540 5111 composito,
1594 5060 1849 5101 reversus
1903 5061 1987 5105 est

429 5133 893 5203 lladrianOpolim,
933 5131 1191 5201 atqueibi
1222 5147 1413 5185 novam
1474 5148 1654 5188 arcem
1715 5138 1985 5196 aediﬁcare

424 5230 611 5299 coepit,
637 5227 824 5282 eodem
856 5239 998 5279 anno
1022 5223 1125 5277 855
1155 5223 1496 5295 (ϐίη-.1150).

496 5327 654 5380 Anno
673 5323 918 5391 sequenti
938 5308 1206 5391 proximo,
1230 5322 1478 5375 videlicet
1495 5321 1597 5376 856
1616 5323 1766 5395 (Chr.
1798 5326 1981 5397 M51),

429 5435 533 5472 non
577 5415 764 5486 procul
796 5432 824 5468 a
856 5411 1348 5482 Constantinopoli,
1386 5413 1748 5482 locoquodam
1776 5433 1806 5473 a
1837 5430 1985 5490 tergo

426 5510 627 5565 Galatae
660 5506 839 5578 oppidi
869 5506 996 5571 sito,
1058 5506 1444 5561 munitisimant
1491 5522 1668 5562 arcem
1716 5510 1781 5564 ad
1840 5529 1986 5569 tuare

427 5605 683 5659 condidit.

492 5695 752 5747 Absoluta
771 5694 932 5763 hujus
949 5692 1091 5745 arcis
1114 5686 1359 5747 aedilicio,
1392 5691 1645 5747 mandata
1675 5710 1797 5749 cum
1836 5693 1976 5749 littcc

2090 4495 2250 4565 cepit.
2293 4492 2497 4563 Quippe
2529 4488 2822 4545 Christiani
2858 4502 3048 4543 rursus
3076 4486 3179 4541 hac
3231 4490 3387 4556 potiti
3419 4490 3658 4559 fuerant.

2101 4590 2324 4643 Factum
2353 4588 2454 4642 hoc
2489 4602 2634 4640 anno
2666 4585 2770 4641 859
2795 4584 2951 4654 (Chr.
2979 4583 3159 4654 1651).

2162 4682 2470 4736 Secundum
2502 4681 2636 4744 haec,
2670 4678 2736 4732 ad
2796 4678 2987 4733 Albam
3046 4677 3290 4732 Grazcam
3353 4677 3654 4731 exercitum

2093 4774 2316 4829 adduxit
2346 4790 2361 4828 :
2397 4772 2492 4828 sed
2527 4786 2649 4825 cum
2675 4786 2793 4825 eam
2819 4784 3133 4840 expugnare
3149 4783 3257 4824 non
3287 4777 3492 4838 posset,
3521 4768 3653 4821 abs-

2092 4866 2278 4921 cessit.
2314 4863 2477 4919 Periit
2516 4863 2585 4917 ibi
2621 4861 2746 4916 Dais
2774 4859 3029 4915 Caratzes
3056 4861 3236 4927 bassa,
3289 4859 3382 4930 qui
3439 4859 3656 4927 begler-

2093 4958 2211 5027 begi
2242 4971 2464 5011 munere
2532 4955 2881 5026 fungebatur.
2932 4952 3135 5009 Eodem
3185 4969 3327 5008 anno
3348 4953 3452 5007 860
3498 4952 3655 5016 (Chr.

2093 5052 2254 5113 1456)
2301 5048 2578 5117 conspecti
2630 5058 2760 5102 sunt
2789 5048 2901 5101 duo
2957 5054 3183 5101 cometae
3248 5058 3436 5099 versus
3471 5047 3656 5099 orien-

2095 5148 2198 5189 tem
2233 5136 2402 5191 solem
2436 5150 2600 5199 unus.
2627 5135 2765 5188 alter
2792 5137 2860 5188 ad
2914 5149 3189 5189 occasum.

2162 5226 2688 5295 Constaiitinopolim
2710 5240 2994 5286 reversus.
3012 5240 3259 5294 magnam
3280 5223 3651 5279 celebritatem

2092 5318 2733 5380 illucbemetesiustituit.
2792 5317 2920 5372 dum
2949 5317 3109 5388 33o
3163 5317 3455 5386 Bajazitem
3486 5319 3657 5372 filium

2093 5410 2519 5476 circumcideret,
2552 5426 2696 5465 anno
2724 5410 2820 5464 861
2897 5411 3048 5481 (Cbr.
3106 5411 3286 5481 1157).

2170 5502 2371 5558 Deinde
2400 5511 2589 5558 coacto
2606 5502 2870 5565 exercitu,
2905 5502 2959 5555 in
2991 5500 3228 5555 .iloream
3283 5500 3439 5565 abiit,
3486 5508 3539 5553 et
3568 5515 3661 5555 ur-

2100 5595 2219 5650 bem
2251 5594 2511 5657 Cordum,
2544 5608 2663 5649 cum
2691 5593 2961 5665 oppidulis
2979 5592 3302 5664 quibusdam
3326 5594 3488 5665 cepit,
3515 5606 3661 5647 anno

2092 5688 2195 5744 862
2217 5688 2367 5757 (Chr.
2400 5688 2577 5758 uss).
