4026 6204
273 256 385 319 6:3
961 220 964 223 “
1564 248 1710 306 ANK
1739 243 1908 305 ams
1947 243 2282 308 TURCICI.
3457 253 3563 316 οη

354 364 547 420 Postea
586 362 920 418 Semendrize
947 363 1136 434 copias
1189 362 1450 418 admovit.
1511 361 1623 415 Rex
1687 368 1876 415 autem
1908 363 1956 417 Δ
1986 358 2656 431 instructa.Posteaquam
2688 361 2793 418 huc
2839 362 3182 432 appulissent
3209 367 3382 436 copia:
3420 367 3564 424 Tur-

268 458 600 511 Bozinensis
628 468 827 526 sponte
861 472 959 512 sua
980 456 1314 512 Semendriae
1349 455 1682 511 deditionem
1711 454 1865 516 fecit,
1972 453 2122 520 ciete,
2143 454 2443 509 Christiani
2466 469 2633 523 seque
2659 454 3022 525 fortunasque
3047 472 3176 512 suas
3199 460 3409 529 egregie
3433 477 3565 529 pro-

268 569 424 606 amw
458 551 560 606 εδδ
619 550 991 622 (Clu-.1459).
1975 546 2311 613 pugnabant.
2345 543 2452 599 Sed
2505 561 2628 600 cum
2677 547 2895 602 tandem
2951 549 3093 602 muri
3160 559 3563 606 tormentorum

357 667 494 724 Hinc
519 682 710 721 rursus
740 667 794 719 in
824 665 1062 720 Moream
1095 663 1392 733 prolectus,
1424 664 1592 716 multa
1642 662 1867 716 castella

1975 627 2178 701 impetu
2212 635 2414 703 pulsati
2443 639 2804 700 corruissent,
2870 653 2978 690 non
3027 654 3153 693 at'ce
3217 649 3455 704 tantum,
3512 651 3569 696 ct

272 775 408 813 curn
445 758 725 829 Oppidulis
759 758 1069 826 occupavit.
1098 727 1157 810 ld
1190 755 1478 824 temporis,
1524 754 1611 808 die
1631 753 1869 821 quodam
1973 727 2481 829 θῖνίίδιθοηνίῗῗῙίω
2513 727 2668 827 imm}
2703 727 3078 829 fue'a'r'lra
3118 748 3132 785 ε
3166 747 3355 829 ierim
3392 737 3562 829 clm"

279 815 537 918 veneri;
571 851 747 919 primo
779 815 1044 914 dilugulo’
1071 850 1151 904 sol
1182 815 1516 902 adeo'luce'm
1545 815 1702 901 sua'm
1729 846 1868 898 θηή-
1973 829 2189 867 omnem
2223 815 2509 892 ﬁnitimam
2545 819 2822 888 regionem
2847 820 3212 875 Mucheinetis
3264 825 3557 892 imperium

274 944 354 999 sit
390 985 406 1010 ,
443 954 502 998 ut
533 944 717 998 omnia
784 942 1027 998 tenebris
1082 942 1516 1004 involverentur,
1579 955 1725 993 anno
1765 937 1871 992 864

1975 904 2218 974 accipere
2239 916 2554 974 coegerunt,
2582 923 2727 961 anno
2759 908 2862 963 874
2913 908 3072 980 (Chr.
3110 912 3292 981 1470).

278 996 662 1109 (amni—60).
711 996 715 997 ί
792 996 799 998 ἡ
889 996 900 998 ἡ
1011 996 1020 998 ἡ
1191 996 1196 997 ί
1501 996 1514 1004 ’
1977 996 2511 1109 “Eg-ripo-devicta,
2571 999 3139 1109 Constantinopulim“

1975 1103 2168 1157 aspros
2207 1105 2378 1144 novos
2407 1091 2608 1161 signari
2637 1094 2826 1162 jussit,
2858 1110 3004 1150 anno
3036 1097 3142 1150 875
3190 1097 3344 1167 (Chr.
3380 1100 3563 1169 1471).

1975 1180 2112 1234 Dum
2153 1182 2632 1251 Constantinopoli
2672 1184 3318 1256 Muchemetesquiesrit,
3354 1186 3556 1242 Usnm~

1978 1276 2233 1330 chasanis
2267 1276 2594 1331 Parthorum
2627 1278 2769 1348 regis
2805 1279 3016 1333 militiae
3041 1282 3173 1343 dux,
3215 1283 3300 1335 cui
3363 1297 3562 1335 nurnen

1974 1365 2228 1423 Jusul’zes
2257 1370 2446 1439 begus,
2479 1373 2870 1426 contexercitu
2906 1387 2963 1426 se
2984 1374 3154 1426 movit
3187 1411 3201 1438 ,
3231 1384 3286 1428 et
3317 1392 3566 1446 magnam

1976 1462 2124 1516 illam
2163 1460 2349 1515 urbem
2379 1463 2651 1518 Armenia:
2678 1463 2940 1519 Tocatam
2966 1467 3276 1535 p0pulatus,
3317 1471 3367 1522 in
3391 1471 3563 1523 Cara-

1977 1555 2214 1609 maniam
2242 1555 2408 1609 venit.
2451 1556 2585 1609 Erat
2616 1557 2666 1610 id
2688 1558 2948 1626 temporis
2985 1559 3568 1631 sultauusMustaphas

357 1152 692 1206 Transmisit
726 1164 903 1206 autem
936 1153 1255 1208 secundum'
1281 1153 1401 1206 haec
1431 1149 1709 1205 universis
1746 1163 1870 1203 cum

279 1245 463 1314 copiis
493 1246 546 1299 in
590 1246 920 1311 Anatoliam,
959 1245 1302 1314 ulteriusque
1363 1258 1714 1313 pregressus,
1769 1241 1870 1295 Ca«

285 1351 620 1402 stamonem,
653 1338 913 1409 Sinopen,
969 1349 1022 1393 et
1049 1338 1457 1392 Tarabosanem
1502 1337 1753 1389 civitates
1779 1350 1873 1388 oc—

281 1433 508 1501 cupavit
537 1450 552 1489 :
581 1433 810 1501 imperio
839 1448 943 1486 suo
976 1433 1299 1503 regionibus
1333 1432 1442 1486 illis
1474 1433 1733 1486 omnibus
1774 1430 1872 1483 ad-

275 1525 515 1594 junrtis.
548 1522 705 1579 Unde
731 1525 987 1595 deinceps
1015 1523 1457 1595 Hadrianopolim
1519 1525 1705 1588 rediit,
1734 1534 1788 1578 et
1817 1523 1872 1577 in

283 1616 737 1725 ouo_l:'??'fi.ad
761 1617 980 1725 at“???
1003 1633 1062 1671 se
1087 1615 1874 1671 recream'Acc'dcrumham
1909 1723 1936 1725 _
1978 1649 2045 1725 iis
2092 1649 2226 1703 locis
2281 1667 2310 1704 a
2365 1661 2516 1718 patre
2581 1650 2915 1708 Muchemete
2955 1654 3346 1722 praelectust
3400 1657 3566 1711 colle-

287 1723 433 1762 anno
462 1707 563 1763 864
593 1706 749 1778 (Chr.
806 1709 988 1780 HGI).

1977 1751 2065 1794 clo
2091 1742 2357 1809 exercitu,
2379 1742 2595 1798 Parthis
2620 1744 2841 1798 obvium
2870 1761 2928 1800 se
2952 1747 3121 1812 dedit,
3148 1764 3352 1818 eosque
3405 1750 3568 1814 fudit,

366 1821 578 1880 Rursus
608 1824 960 1894 expeditione
997 1835 1276 1896 suscepta,
1312 1825 1622 1882 Valachiam
1660 1828 1873 1898 ingres-
1976 1830 2202 1887 Jusul‘ze
2225 1835 2360 1901 bego
2380 1835 3197 1910 capto,etConstantinOpolim
3221 1842 3288 1895 ad
3348 1853 3561 1912 patrem

294 1931 394 1970 sus
429 1929 527 1984 est,
556 1929 610 1970 et
641 1915 939 1972 Vaivodam
970 1915 1265 1986 Valacbiaa,
1292 1919 1382 1974 cui
1416 1935 1612 1974 nomen
1665 1919 1874 1975 Draco-
1980 1924 2374 1979 Muchemetem
2400 1927 2564 1982 misso
2601 1948 2613 1983 :
2641 1928 2788 2000 quod
2807 1929 3026 1999 quidem
3058 1935 3243 1987 evenit
3270 1948 3414 1988 anno
3464 1934 3570 1988 877

300 2014 406 2075 les,
426 2027 617 2083 magno
645 2027 768 2066 cum
798 2011 1036 2066 exercitu
1060 2011 1279 2066 invasit.
1309 2009 1420 2066 Hoc
1448 2011 1592 2066 bello
1647 2013 1874 2067 voivoda
1980 2015 2131 2088 (Chr.
2157 2020 2341 2088 M75).

301 2105 572 2161 Valachus
602 2105 889 2161 consilium
914 2107 1058 2175 cepit
1080 2106 1422 2174 opprimendi
1449 2115 1630 2161 castra
1654 2106 1880 2162 Muclteo
2054 2110 2190 2162 Tum
2215 2126 2344 2164 vero
2376 2111 2750 2168 Muchemetes
2781 2114 2848 2168 ad
2877 2128 3029 2169 arma
3064 2130 3124 2170 se
3170 2132 3371 2186 parans
3420 2121 3572 2173 Ana-

301 2199 464 2254 rnetis
498 2208 760 2254 nocturno
787 2209 1053 2268 tempore,
1083 2197 1178 2254 sed
1209 2212 1399 2267 parum
1439 2197 1650 2253 eﬂicere
1677 2200 1880 2270 patuit.
1985 2201 2171 2256 toliam
2197 2203 2375 2260 adiit:
2410 2212 2463 2258 et
2497 2205 2771 2260 mandatis
2799 2206 2927 2262 hinc
2957 2208 3084 2263 inde
3126 2210 3336 2271 missis.
3369 2221 3427 2266 ut
3450 2227 3572 2266 om-

295 2291 533 2360 ldcoque
555 2306 660 2345 non
688 2290 1015 2344 succedente
1056 2298 1256 2343 conatu
1286 2289 1528 2358 profugit
1592 2292 1646 2344 in
1701 2290 1881 2362 Unga-
1986 2309 2083 2347 nes
2114 2294 2316 2349 milites
2347 2295 2412 2348 ad
2449 2296 2629 2364 ipsum
2661 2295 2716 2350 in
2772 2299 3084 2352 Anatoliam
3119 2315 3179 2353 se
3238 2293 3568 2368 conferrent,

294 2385 434 2438 riam
470 2400 484 2437 :
522 2385 614 2437 ubi
646 2398 768 2438 cum
803 2383 857 2436 in
877 2397 1069 2439 manus
1088 2384 1231 2452 regis
1262 2381 1467 2454 Ungari
1521 2385 1880 2455 pervenisset,
1986 2389 2177 2442 edixit.
2200 2388 2451 2445 Peditum
2482 2393 2548 2444 ad
2591 2392 2783 2462 viginti
2814 2392 2983 2447 millia
3019 2393 3073 2447 in
3103 2396 3271 2450 armis
3313 2410 3433 2450 esse
3456 2398 3574 2466 jus—

294 2475 504 2531 carceri
566 2474 909 2544 mancipatus
972 2473 1096 2528 fuit.
1124 2473 1337 2529 Interea
1386 2490 1516 2529 vero
1570 2473 1882 2533 Valachiam
1988 2482 2081 2545 sit,
2107 2491 2159 2536 et
2183 2481 2579 2538 Cenizarornm
2612 2498 2872 2540 numeros
2893 2485 2958 2540 ad
2986 2486 3175 2541 decem
3198 2504 3368 2558 usque
3406 2491 3572 2545 millia

298 2570 401 2625 sibi
443 2569 697 2624 sultanus
729 2566 1095 2623 Muchemetes
1146 2569 1412 2623 subdidit.
1990 2578 2284 2647 suppleri:
2340 2593 2463 2632 cum
2551 2578 2762 2633 aulicus
2833 2579 2996 2633 etiam
3124 2586 3416 2638 comitatus
3473 2584 3575 2638 de-

370 2663 516 2717 Μίδῖι
543 2673 596 2718 ει
626 2664 861 2717 Classem
895 2661 949 2714 in
987 2662 1220 2716 ίη⁵υ¹²¹¹¹
1286 2662 1606 2734 Mitylenen.
1654 2664 1890 2734 ejusque
1993 2689 2107 2727 cem
2137 2673 2419 2725 hominum
2454 2670 2622 2724 millia
2653 2671 3128 2741 complecteretur.
3158 2673 3238 2728 Ad
3274 2693 3572 2740 summam,

300 2753 425 2808 belli
457 2769 621 2806 causa
663 2755 826 2807 etiam
860 2754 972 2822 ipse
1009 2753 1200 2808 relicta
1251 2753 1512 2811 Valachia
1579 2757 1888 2811 Anatolium
1994 2775 2217 2820 coactus
2251 2767 2300 2819 ei
2325 2765 2429 2818 fuit
2467 2765 2766 2830 exercitus,
2791 2767 2882 2834 qui
2903 2781 3192 2822 numerum
3230 2771 3576 2841 septuaginta

302 2845 458 2900 adiit.
482 2843 756 2911 Occupata
783 2858 910 2898 vero
958 2843 1061 2898 fuit
1091 2844 1269 2900 insula
1303 2845 1556 2917 Mitylene
1590 2863 1734 2904 anno
1788 2847 1871 2904 861

1995 2861 2078 2914 vel
2131 2860 2405 2929 octOginta
2457 2859 2687 2912 millium
2739 2860 3045 2915 excederet.
3103 2859 3238 2915 Cum
3299 2866 3402 2919 hoc
3449 2881 3577 2935 ergo

304 2935 453 3003 (ωηο
494 2934 678 3006 Ηδὲλ
1997 2954 2169 3010 milite
2186 2970 2375 3009 versus
2397 2953 2676 3008 Parthiam
2703 2953 3006 3023 profectus,
3037 2954 3433 3011 Usumchasatii
3460 2934 3573 3028 rrgi

373 3051 446 3106 Ex
479 3053 731 3108 Anatolia
763 3053 1300 3124 Constantinopolim
1359 3073 1420 3112 se
1479 3057 1733 3121 contulit,
1789 3058 1877 3112 ubi
1909 3061 1952 3118 ο
1986 3047 2682 3116 bellumintulit:sumptis
2702 3048 2866 3100 etiam
2890 3048 3144 3103 secumin
3169 3049 3306 3103 hanc
3357 3051 3577 3117 expedi-

303 3147 550 3216 quaedam
582 3147 807 3202 aedilicia
843 3149 1057 3204 curavit
1111 3151 1320 3204 exstrui
1354 3165 1368 3204 :
1424 3159 1478 3204 et
1518 3149 1876 3206 Mechmetem
1985 3145 2186 3199 tionem
2202 3141 2352 3206 ﬁliis,
2390 3138 2882 3210 sultanuBajazite,
2922 3140 3137 3196 sultano
3177 3139 3481 3211 Mustapha,
3525 3152 3579 3197 et

303 3241 543 3306 bassam,
580 3245 815 3295 vezirem
843 3257 1031 3304 suum,
1054 3242 1108 3295 in
1163 3240 1403 3297 Morcam
1464 3241 1755 3310 ablegavit.
1831 3244 1882 3299 Is
1983 3239 2199 3294 sultano
2217 3235 2401 3290 Zeute.
2424 3235 2752 3304 Progressus
2772 3242 2951 3290 autem
2971 3249 3094 3289 cum
3113 3236 3230 3289 suis
3261 3236 3315 3288 in
3367 3238 3576 3300 Asiam,

303 3336 516 3404 aliquot
545 3334 744 3389 ibidem
787 3333 1043 3403 oppidula
1141 3335 1305 3403 cepit,
1371 3349 1517 3388 anno
1573 3334 1676 3390 867
1727 3333 1879 3406 (Chr.
1985 3348 2092 3386 non
2111 3331 2266 3400 plura
2288 3328 2852 3396 duntaxatoccupavit
2901 3327 3135 3397 oppida,
3182 3343 3367 3382 verum
3412 3329 3576 3381 etiam

307 3429 498 3496 1463).
1987 3425 2210 3479 sublimi
2241 3424 2400 3478 sitam
2445 3422 2586 3485 loco,
2621 3423 2995 3490 munitamque
3027 3421 3308 3491 insigniter
3372 3437 3578 3488 arcem,

389 3521 696 3576 Secundum
751 3521 842 3575 illa
909 3520 1196 3591 productis
1257 3519 1626 3577 Muchemetes
1689 3522 1886 3592 copiis,
1987 3517 2403 3575 Carachisarem
2458 3516 2622 3587 cepit.
2665 3512 3580 3573 Usumchasanesobviamllluchc-

310 3615 353 3668 Β
376 3617 565 3668 -zinam
593 3616 814 3669 adortus
845 3623 946 3679 est,
977 3622 1031 3668 et
1085 3629 1302 3669 omnem
1349 3614 1498 3668 illam
1543 3615 1885 3684 regionemin
1990 3610 2122 3667 meti
2155 3625 2264 3665 non
2316 3607 2540 3680 prodiit,
2571 3607 2668 3666 sed
2691 3617 2813 3663 astu
2844 3607 3081 3678 quodam
3110 3610 3440 3680 excogitato,
3475 3612 3577 3664 mi-

307 3716 632 3779 potestatem
656 3708 888 3778 redegit,
923 3721 1213 3778 regemque
1253 3718 1471 3777 captum
1508 3707 1728 3762 occidit.
1758 3707 1890 3764 Inde
1991 3704 2141 3758 litem
2173 3718 2334 3758 suum
2366 3701 2497 3756 hinc
2527 3700 2654 3756 inde
2683 3702 2939 3771 partitus,
2988 3703 3044 3757 in
3093 3703 3305 3759 insidiis
3353 3704 3575 3759 locavit.

308 3803 410 3854 sub
428 3801 620 3871 jugum
648 3800 717 3855 ab
739 3816 806 3855 eo
833 3800 1003 3855 missa
1049 3799 1152 3854 fuit
1179 3798 1572 3871 Herzegovina,
1604 3816 1729 3857 cum
1790 3802 1892 3857 (Σο-
1993 3795 2060 3851 Et
2085 3796 2216 3866 quia
2267 3793 2500 3865 primam
2555 3794 2725 3849 aciem
2783 3794 2840 3848 in
2892 3795 3167 3850 excercitu
3225 3794 3580 3851 Mucltcmetis

309 3893 474 3946 vadza
511 3909 524 3947 ε
563 3893 766 3963 quibus
798 3893 962 3947 rebus
1000 3892 1190 3963 gestis,
1223 3893 1415 3948 itinere
1445 3894 1871 3959 converso,Con

1993 3887 2278 3943 Romanizn
2346 3885 2742 3957 beglerhegus,
2800 3887 2946 3941 Chas
2999 3885 3262 3951 Murates,
3322 3888 3577 3950 ducebat,

307 3981 718 4052 stantinopolim
748 3983 980 4051 repetiit,
1007 3999 1152 4037 anno
1175 3983 1278 4038 869
1311 3983 1462 4053 (Chr.
1494 3984 1679 4052 1464).
1997 3983 2140 4036 forte
2174 3980 2391 4047 accidit,
2424 3988 2484 4034 ut
2514 3980 2800 4049 inopinato
2854 3980 3122 4049 quasdam
3179 3980 3234 4032 in
3289 3977 3580 4033 Persarum

375 4078 764 4131 Annusautem
782 4091 1020 4147 sequens
1050 4075 1155 4130 870
1177 4077 1328 4148 (Chr.
1352 4079 1538 4148 1495),
1563 4089 1791 4135 exactus
1822 4079 1892 4134 ab
1996 4075 2185 4145 copias
2216 4074 2505 4139 incideret,
2536 4087 2602 4128 ac
2640 4087 2862 4126 manum
2897 4088 3021 4126 cum
3048 4072 3128 4126 eis
3171 4086 3461 4126 conserere
3490 4087 3581 4125 co-

306 4183 371 4223 eo
394 4167 871 4238 Constantinopoli
903 4169 1005 4222 fuit
1034 4168 1088 4222 in
1123 4170 1260 4223 otio.
1331 4169 1435 4224 Sed
1484 4172 1539 4223 in
1604 4171 1893 4226 Albaniam
2000 4175 2240 4236 geretur.
2275 4166 2354 4222 ibi
2393 4182 2519 4222 cum
2555 4168 2796 4236 majores
2818 4165 3150 4220 Parthorum
3205 4166 3349 4219 vires
3372 4177 3577 4227 essent,

305 4259 501 4314 deinde
527 4259 824 4329 prolectus,
856 4260 1120 4316 ditionem
1157 4260 1314 4316 ducis
1362 4259 1596 4317 Joannis
1639 4262 1768 4318 istic
1792 4263 1898 4318 im-
1998 4263 2297 4334 dissipatus
2323 4260 2602 4315 Romaniae
2628 4258 2809 4321 miles.
2838 4269 2891 4313 et
2926 4258 3044 4328 ipse
3100 4258 3582 4336 beglet'bcgus'oc-

307 4353 463 4418 perio
493 4367 597 4406 suo
623 4350 880 4420 subjecit.
909 4351 1048 4405 Cum
1079 4363 1262 4406 autem
1306 4353 1359 4406 id
1404 4354 1672 4422 temporis
1733 4370 1894 4409 exer-
1921 4409 1968 4422 _
2001 4361 2153 4416 cisus
2183 4357 2302 4412 fuit.
2338 4355 2551 4410 Interea
2584 4369 2713 4409 vero
2749 4354 2881 4407 dum
2935 4351 3120 4406 Partiri
3180 4351 3411 4420 primam
3441 4353 3581 4403 hanc

307 4445 479 4498 citum
525 4445 696 4512 ipsius
752 4445 870 4498 dira
921 4445 1167 4513 quadam
1231 4446 1348 4500 lues
1403 4447 1716 4514 invasisset,
1774 4445 2361 4519 ipseuMuchcmetis
2385 4450 2564 4505 aciem
2592 4451 2864 4504 caderent
2900 4450 3112 4504 :etiam
3154 4446 3284 4516 ipsi,
3347 4445 3584 4498 desertis

306 4534 730 4606 Philippopolim
766 4537 922 4604 adiit,
947 4537 1130 4608 ibique
1160 4552 1220 4592 se
1280 4538 1450 4609 quieti
1513 4539 1685 4608 dedit,
1745 4557 1891 4597 anno
1998 4545 2284 4602 ordinibus
2318 4544 2456 4607 suis,
2481 4543 2693 4598 hostem
2716 4543 3238 4613 confusipersecuti,
3273 4547 3487 4600 tandem
3514 4546 3582 4598 ad

309 4629 407 4683 87‘
445 4628 604 4698 (ωηο
637 4628 820 4698 υδδλ
1997 4639 2147 4694 illaut
2175 4645 2544 4708 pervenerunt
2578 4635 2777 4702 aciem,
2815 4636 2970 4707 cujus
2997 4637 3114 4707 ipse
3158 4638 3406 4692 sultanus
3463 4637 3579 4689 Mu-

381 4721 744 4792 Philippopoli
768 4723 1078 4790 discedens,
1121 4740 1315 4780 rursus
1343 4726 1398 4780 in
1450 4725 1736 4782 Albaniam
1767 4743 1895 4796 per-
1999 4736 2276 4790 chemetes
2307 4731 2417 4786 dux
2444 4738 2583 4784 erat.
2619 4729 2668 4783 Is
2694 4743 2878 4786 autem
2910 4732 3070 4802 331
3103 4731 3428 4786 Parthorum
3465 4747 3584 4800 per-

311 4815 472 4879 rexit,
499 4817 872 4886 maioremque
898 4819 1195 4888 provinciae
1222 4829 1433 4888 partem
1464 4823 1778 4890 occupavit,
1798 4837 1896 4876 an-
2000 4827 2248 4879 turbatus
2278 4823 2632 4889 conspicatus
2665 4821 2906 4885 ordines,
2961 4838 3084 4877 cum
3139 4821 3254 4879 suis
3279 4837 3373 4876 eos
3421 4822 3585 4873 ador-

312 4925 387 4962 no
420 4909 525 4963 872
578 4910 730 4979 (Chr.
767 4910 955 4983 1467.)
2002 4929 2092 4974 tus
2123 4929 2229 4973 est.
2257 4915 2414 4982 Quod
2447 4929 2477 4967 a
2509 4914 2853 4968 Mucltemete
2877 4915 2996 4969 lieri
3029 4916 3220 4970 videns
3279 4911 3586 4966 Usumrha-

388 4999 462 5054 Ex
489 5001 712 5056 Albania
745 5002 1023 5073 profectus
1060 5005 1113 5060 in
1162 5004 1499 5068 Analoliam.
1555 5004 1896 5059 Caralitani-'1!
1999 5027 2185 5077 sanes,
2211 5025 2410 5080 magno
2441 5007 2610 5062 animi
2636 5009 2837 5063 ardore
2859 5008 3196 5072 concitatus,
3229 5015 3284 5060 et
3338 5006 3453 5071 ipse
3485 5019 3583 5055 sua

313 5096 454 5152 ﬁnes
479 5100 760 5167 ingressus
779 5110 881 5162 est.
910 5107 962 5153 et
995 5113 1172 5152 arcem
1191 5097 1586 5152 Giolcbisarem
1621 5111 1896 5166 expugua-
2000 5121 2056 5175 in
2083 5102 2474 5158 Turcosduxit
2502 5101 2739 5171 agmina.
2777 5097 3057 5156 Permistis
3105 5101 3360 5166 utrinque
3422 5097 3585 5147 tantis

313 5192 390 5246 vit
423 5193 606 5248 :unde
639 5202 824 5263 postea
862 5191 1396 5262 Constantinopolim
1450 5205 1729 5255 reversus.
1792 5190 1897 5243 ali‘
2000 5197 2357 5261 exercitibus,
2379 5197 2707 5251 acerrimum
2742 5193 2988 5260 praelium
3032 5190 3396 5245 commissum
3433 5186 3533 5238 t'nit
3568 5202 3583 5238 :

310 5288 560 5358 quandiu
591 5287 849 5343 bellicisa
870 5287 1102 5358 negotiis
1138 5287 1423 5350 abstinuit,
1446 5300 1590 5340 anno
1609 5284 1711 5338 875
1770 5285 1870 5354 (Ch
2001 5306 2126 5346 cum
2151 5287 2512 5343 Muchemetis
2544 5286 2639 5340 lilii
2671 5285 2787 5341 suis
2844 5298 2968 5337 cum
3033 5281 3210 5351 copiis
3257 5279 3582 5350 gravissime

319 5381 501 5447 Μϋθ).
2003 5384 2236 5439 Parthos
2260 5393 2535 5453 urgerent,
2561 5388 2617 5434 et
2668 5379 2720 5431 in
2781 5377 2952 5430 altero
3012 5389 3182 5429 cornu
3244 5373 3584 5426 Machmutes

385 5474 501 5530 Non
536 5476 706 5530 multo
734 5488 876 5546 post,
915 5487 974 5530 ut
1005 5477 1099 5530 otii
1153 5490 1285 5532 sane
1353 5473 1717 5528 diutornioris
1779 5486 1871 5526 era

2003 5481 2188 5542 bassa,
2214 5493 2339 5532 cum
2371 5478 2540 5530 Daute
2566 5475 2746 5534 bassa,
2781 5470 3048 5524 Aaatolize
3100 5466 3445 5537 beglerbego,
3475 5473 3587 5517 tor-

312 5568 626 5637 impatiens,
660 5569 887 5638 ipsemet
934 5569 1128 5622 itinere
1183 5567 1426 5623 terrestri
1477 5565 1756 5636 prolectus
1816 5579 1871 5617 es

2005 5572 2202 5628 mentis
2232 5570 2444 5626 bellicis
2477 5571 2690 5624 hostem
2723 5567 3078 5619 vehementer
3101 5560 3382 5631 amigeret.
3407 5557 3585 5611 Etiam

314 5677 507 5718 versus
546 5663 781 5732 Egripon
823 5679 994 5718 :cum
1039 5661 1404 5717 Machmutcm
1440 5661 1661 5716 bassam
1702 5659 1871 5714 eoden

2012 5668 2444 5724 Usumchasanis
2468 5665 2559 5719 uni
2600 5665 2667 5718 de
2720 5662 2845 5716 [iliis
2894 5669 3057 5728 caput
3102 5665 3470 5726 amputatum,
3535 5667 3588 5706 et

316 5761 632 5829 ablegasset
660 5776 782 5815 cum
811 5761 1004 5828 classe,
1026 5759 1316 5817 duodecim
1352 5756 1593 5813 millibus
1614 5756 1901 5813 hominum
2017 5766 2235 5820 somno
2266 5761 2592 5816 Illuclmneti
2621 5761 2862 5815 oblatum
2901 5759 3021 5813 fuit.
3049 5757 3184 5811 Cum
3216 5772 3342 5821 ergo
3401 5751 3588 5807 Parthi
