4026 6204
425 233 524 294 Sil

1679 235 2028 294 ANNALES
2058 235 2389 295 'l'L'llClCl.

3540 235 3646 301 612

425 351 581 403 clade
611 345 842 401 allicere.
875 347 1008 401 Cum
1060 355 1237 403 auteiu
1271 347 1536 416 profligati
1589 350 1737 416 prius
1789 350 1994 403 aChi-i-
2026 359 2067 412 Α
2099 351 2173 403 ris
2212 352 2262 403 in
2316 365 2507 405 omnes
2559 351 2868 421 provincias
2932 365 3058 402 snas
3119 348 3409 418 expediiit,
3453 349 3650 417 quibus

425 446 620 499 stianis
649 444 702 496 in
736 450 966 510 utroque
991 457 1158 496 cornu
1195 442 1383 507 Turci,
1418 443 1754 498 Christianos
1809 461 1987 498 armo-

428 551 548 590 rum
597 550 762 590 onere
814 535 979 588 nimio
1041 547 1294 603 gravatos
1352 537 1865 598 animadverterent,
1922 539 1989 591 de

427 625 692 682 industria
724 627 904 695 fugam
957 625 1316 693 arripientes,
1353 628 1671 694 insequendi
1723 630 1862 681 viain
1911 629 1990 681 eis

427 728 776 785 aperuerunt.
807 715 1016 785 Quippe
1044 715 1338 771 Christiani
1391 733 1448 771 se
1494 734 1640 782 mox,
1698 718 1867 772 instar
1910 717 1990 769 di-

429 807 882 875 luviienjnsdam,
935 809 1219 863 concitatis
1271 809 1448 876 cquis,
1533 808 1818 862 dilfudere.
1882 808 1986 860 Sed

428 899 612 960 anci,
645 899 734 966 qni
761 900 938 966 fugam
975 900 1229 964 inierant,
1261 915 1523 968 equorqu
1553 915 1720 954 cursu
1754 898 1822 952 ad
1846 899 1986 952 latus

428 989 643 1051 inflexo,
697 991 977 1056 expeditos
1030 1001 1082 1043 et
1130 991 1365 1044 inermes
1417 991 1847 1045 Christianorum
1885 991 1987 1044 iiii-

427 1085 546 1137 litcs
571 1083 733 1152 329
761 1085 1097 1147 invaserunt,
1133 1100 1271 1153 quos
1305 1085 1477 1138 nudos
1506 1100 1626 1138 esse
1659 1094 1879 1146 norant,
1936 1094 1989 1138 et

427 1177 480 1229 in
511 1194 603 1229 eos
635 1176 884 1228 alacriter
917 1177 1167 1230 acinaces
1223 1191 1352 1230 suos
1399 1176 1756 1231 strinxerunt.
1796 1174 1853 1228 ld
1911 1174 1988 1229 illi

427 1285 550 1320 cum
593 1268 705 1321 lii-ri
741 1278 1051 1333 cernerent,
1087 1269 1372 1323 celerrime
1419 1269 1796 1336 cataphractos
1828 1268 1983 1335 equi-

429 1367 508 1410 tes
539 1375 668 1412 suos
701 1361 869 1412 secuti
897 1369 1068 1421 sunt:
1112 1359 1310 1426 quibus
1373 1359 1461 1412 ubi
1515 1359 1622 1426 jam
1681 1375 1790 1413 non
1845 1367 1987 1412 esset

428 1451 720 1517 integrum,
800 1450 853 1502 in
902 1449 1108 1503 Turcos
1165 1449 1336 1503 aciem
1397 1450 1575 1504 denuo
1630 1459 1984 1503 convertere:

429 1539 642 1588 tandem
684 1538 886 1588 mutuis
920 1552 980 1591 se
1016 1538 1335 1591 vulneribus
1385 1539 1649 1593 conficere
1675 1549 1983 1609 cmperunt,

429 1629 682 1696 atqueita
721 1627 913 1682 solutis
943 1637 996 1681 et
1025 1629 1300 1696 dissipatis
1351 1627 1659 1695 ordinibus,
1716 1630 1988 1698 exercitus

428 1721 609 1773 omnis
634 1720 686 1771 in
715 1720 910 1772 ftedam
954 1735 1075 1774 sese
1130 1719 1311 1788 fugam
1377 1721 1631 1789 coojecit.
1676 1721 1810 1774 Tum
1863 1736 1990 1777 vero

429 1809 614 1870 'l'urci.
637 1825 772 1878 quos
796 1819 955 1862 antea
991 1809 1193 1879 fugisse
1217 1810 1476 1876 diximus,
1509 1811 1635 1864 hinc
1679 1811 1804 1866 inde
1851 1827 1986 1866 con-

430 1901 652 1968 globati,
685 1898 1061 1954 Christiauisa
1084 1911 1235 1970 tergo
1270 1903 1335 1953 ad
1369 1901 1543 1970 ipsam
1603 1918 1774 1971 usque
1807 1902 1988 1956 muni-

429 1991 630 2044 tionem
680 2000 982 2044 castrorum
1039 1991 1414 2046 inhaeseruut:
1477 1993 1685 2063 fuitque
1739 1993 1990 2064 deinceps

428 2088 721 2148 pugnatum
767 2084 1028 2150 utrinque
1060 2092 1171 2136 toto
1201 2081 1292 2135 illo
1315 2083 1422 2144 die,
1465 2099 1634 2152 usque
1691 2083 1759 2138 ad
1807 2099 1991 2153 vespe-

431 2189 566 2237 ram,
595 2183 648 2225 et
673 2188 701 2226 a
725 2188 955 2241 vespera
990 2187 1180 2228 rursus
1206 2175 1270 2226 ad
1301 2174 1598 2228 diluculum
1624 2189 1813 2244 usque.
1857 2175 1989 2230 ian-

429 2282 525 2318 cus
549 2275 752 2330 autem,
783 2280 906 2318 cum
941 2265 1012 2318 ita
1044 2280 1156 2318 rem
1193 2266 1301 2335 geri
1365 2267 1602 2330 videret,
1640 2278 1761 2322 astu
1813 2283 1872 2323 se
1923 2269 1991 2324 ab

430 2357 703 2409 exercitus
725 2356 1014 2409 Christiani
1047 2356 1342 2426 reliquiise
1388 2360 1586 2414 castris
1625 2361 1881 2416 subduxit
1935 2371 1991 2417 et

432 2444 687 2514 profugit.
746 2444 1070 2499 Christianis
1125 2447 1191 2499 ad
1257 2459 1561 2502 extremum
1608 2450 1784 2514 victis,
1836 2449 1988 2506 Janci

431 2535 592 2588 rebus
612 2533 886 2598 omnibus,
921 2551 1044 2590 cum
1071 2539 1388 2603 tormentis,
1439 2548 1492 2592 et
1533 2540 1783 2594 universo
1829 2557 1992 2611 appa-

433 2635 551 2677 ratu
590 2626 781 2678 bellico
810 2626 962 2696 potiti
997 2627 1149 2682 fuere
1180 2629 1380 2684 Turci:
1432 2631 1631 2700 quibus
1699 2635 1764 2685 ad
1821 2635 1990 2687 sulta-

432 2731 560 2767 num
595 2715 849 2770 Moralem
882 2718 1150 2784 adductis,
1179 2736 1316 2776 unus
1345 2722 1495 2776 alteri
1536 2734 1781 2792 porrecta
1802 2741 1987 2793 manu,

431 2816 619 2860 mutuo
640 2817 810 2861 semet
834 2825 1097 2877 excepere
1125 2813 1525 2880 gi-atulabnndi,
1556 2824 1838 2885 totumque
1889 2820 1990 2872 tri-

429 2897 596 2951 duum
658 2913 721 2952 eo
772 2899 891 2954 loco
956 2901 1342 2970 quiescentes,
1392 2907 1557 2958 veluti
1636 2905 1985 2965 festivitatem

428 2990 738 3060 quamdam,
796 2993 1054 3060 singulari
1114 3009 1235 3047 cum
1293 2996 1568 3052 hilaritate
1623 2999 1982 3058 celebrarunt.

429 3078 554 3134 Inde
577 3082 822 3136 sultanns
857 3080 1225 3138 Muchemetes
1257 3095 1381 3139 ante
1423 3096 1630 3154 patrem
1682 3087 1985 3146 Hadriano-

427 3171 590 3239 polim
617 3171 893 3240 profectus
911 3183 1012 3226 cst.
1045 3173 1220 3229 Gesta:
1261 3190 1386 3229 vero
1436 3176 1760 3235 fueruntlize
1793 3197 1878 3237 res
1930 3185 1983 3238 in

445 3264 728 3332 Cosovana
787 3267 1007 3336 planitie
1031 3284 1173 3324 anno
1199 3269 1302 3325 855
1334 3269 1485 3340 (Chr.
1516 3272 1695 3344 1448).

495 3357 732 3413 Min-ales
765 3360 925 3413 etiam
969 3359 1356 3417 Muchemetem
1392 3363 1558 3419 filium
1612 3378 1837 3424 secutus
1897 3380 1986 3425 est

427 3449 892 3520 Hadrianopolim,
956 3451 1143 3522 ibique
1192 3462 1404 3522 tempus
1427 3457 1494 3510 ad
1532 3457 1750 3528 aliquod
1788 3461 1841 3514 in
1872 3463 1986 3516 otio

426 3542 579 3606 vixit,
609 3545 678 3594 ita
715 3549 913 3603 tamen,
952 3552 1010 3595 ut
1057 3542 1331 3597 Romanize
1362 3546 1873 3618 beglerheguincum
1897 3567 1986 3607 co-

424 3632 527 3700 piis
554 3631 843 3697 ahlegaret.
877 3632 940 3686 ad
974 3635 1365 3689 exstruendnm
1398 3652 1579 3692 arcem
1637 3639 1926 3710 Gergonim
1965 3661 1979 3697 :

422 3738 530 3791 qua
560 3721 724 3790 perfec
750 3733 823 3783 ta,
865 3721 1107 3777 Murates
1160 3725 1211 3776 iti
1262 3727 1526 3782 Anatoliae
1585 3742 1860 3797 montana,
1895 3750 1986 3789 ca-

425 3812 640 3880 ptanda:
686 3811 983 3881 frigidioris
1016 3829 1162 3868 aurae
1183 3830 1368 3882 causa,
1425 3833 1483 3874 se
1531 3822 1783 3887 contulit,
1840 3839 1984 3880 anno

422 3902 916 3971 855(cnr.iiisy

493 4017 532 4070 E
562 4019 832 4070 montanis
857 4035 1132 4084 reversus,
1164 4022 1564 4090 expeditionem
1614 4026 1667 4080 in
1697 4027 1980 4086 Albaniam

421 4111 680 4178 suscepit,
705 4119 760 4163 ut
786 4125 962 4164 arcem
997 4111 1421 4182 Beligradensem
1450 4131 1757 4187 occuparet.
1779 4121 1887 4177 Sed
1913 4124 1984 4178 ir-

422 4198 557 4251 ritus
575 4199 659 4251 ille
677 4209 902 4252 conatus
929 4198 1048 4265 fuit,
1068 4199 1297 4270 ideoque
1338 4203 1496 4256 rediit
1517 4200 1979 4278 Hadrianopolim,

421 4303 521 4341 nec
551 4289 783 4356 amplius
811 4288 995 4343 abillo
1042 4298 1287 4360 tempore
1346 4293 1440 4347 ulli
1496 4296 1577 4349 vel
1625 4299 1980 4367 expeditioni,

2091 457 2282 495 Omnes
2313 451 2420 494 tam
2457 441 2723 496 Anatolii!)
2793 458 2957 511 quam
2991 441 3263 494 ltomanize
3292 440 3466 506 coegit
3495 454 3656 492 exer-

2091 533 2251 599 citus,
2290 535 2576 590 conductis
2606 537 2767 590 etiam
2796 535 2965 588 vicies
3004 534 3148 586 mille
3171 533 3460 602 peditibus.
3494 528 3656 583 Geni-

2095 641 2344 678 zarorum
2369 638 2522 681 erant
2546 629 2614 681 ad
2651 628 2836 681 decem
2875 626 3061 679 millia.
3096 624 3463 678 Convolarunt
3481 633 3534 676 et
3564 622 3655 674 alii

2092 718 2402 784 cortu-lures
2436 720 2504 773 ad
2539 733 2684 782 eum,
2711 719 2906 787 quibus
2939 719 3138 786 alioqui
3173 717 3436 769 militandi
3459 731 3654 768 neces-

2091 808 2224 860 sitas
2257 823 2361 860 non
2424 809 2788 864 incumbeha.
2846 807 3042 862 Bellica
3109 822 3330 876 quoque
3385 815 3654 859 tormenta

2093 895 2241 948 fundi
2273 896 2451 965 jussit,
2485 898 2659 952 instar
2686 899 3002 952 draconum.
3037 896 3113 950 ita
3146 911 3270 950 cum
3337 897 3482 949 omni
3544 907 3657 948 tor-

2093 996 2399 1040 mentorum
2433 997 2718 1056 apparatu,
2751 990 3022 1058 tantisque
3071 1005 3191 1042 cum
3227 989 3398 1057 copiis
3425 987 3655 1041 lladria-

2091 1078 2269 1147 n0poli
2303 1078 2604 1148 profectus,
2633 1094 2808 1135 castra
2865 1081 3338 1150 Constantinopoli
3371 1080 3606 1133 admovit
3639 1096 3655 1138 ;

2088 1169 2455 1240 displosisquc
2486 1175 2801 1234 tormentis.
2837 1190 3046 1236 muros,
3116 1185 3170 1228 et
3215 1174 3410 1241 pinnas
3441 1189 3654 1233 eorum,

2087 1259 2318 1328 disjecit.
2352 1263 2668 1329 Christiani,
2695 1276 2958 1334 quotquot
2986 1265 3104 1319 urbi
3167 1265 3418 1332 praesidio
3475 1274 3652 1325 erant,

2089 1351 2300 1406 fortiter
2325 1353 2399 1406 illi
2420 1356 2637 1422 quidem
2669 1371 2727 1409 se
2759 1356 3120 1410 defendebant
3147 1373 3160 1409 :
3183 1358 3278 1410 sed
3303 1358 3489 1409 urbem
3512 1355 3651 1409 tueri

2089 1455 2278 1498 contra
2313 1446 2415 1498 vim
2452 1446 2807 1501 Muchemetis
2855 1448 2996 1500 haud
3049 1457 3320 1516 poterant.
3379 1447 3437 1499 ls
3487 1448 3654 1510 ciiini,

2089 1550 2346 1591 concessa
2376 1537 2527 1590 militi
2565 1538 2802 1602 licentia,
2833 1537 3120 1608 diripiendi
3179 1537 3651 1604 Constantinopo-

2091 1625 2206 1688 lim,
2233 1626 2393 1679 modo
2411 1642 2526 1680 eam
2557 1637 2938 1698 occupassent,
2989 1643 3158 1696 usque
3188 1629 3323 1679 adeo
3350 1626 3650 1679 Turcornm

2017 1701 2065 1760 Β
2093 1717 2304 1768 animos
2338 1717 2586 1770 accendit
2613 1757 2628 1780 ,
2663 1727 2719 1770 ut
2747 1733 2944 1787 magno
2977 1717 3125 1771 illam
3151 1733 3274 1771 cum
3337 1717 3537 1785 impetu
3568 1715 3653 1767 in-

2089 1809 2369 1870 vaderent,
2401 1821 2800 1879 oppugnarent,
2835 1827 2928 1879 per
2961 1811 3066 1864 vim
3097 1810 3334 1879 denique
3365 1815 3648 1877 caperent.

2087 1900 2247 1954 Potiti
2281 1916 2411 1955 vero
2441 1912 2567 1954 sunt
2596 1903 2728 1957 urbe
2759 1902 2951 1967 Turci,
3007 1903 3096 1956 die
3128 1902 3388 1956 vicesimo
3448 1900 3652 1954 mensis

2088 1981 2406 2046 Rebuilnliis.
2440 1994 2697 2047 Sullanus
2761 1991 3124 2047 Muchemetes
3147 2033 3161 2057 ,
3195 1992 3381 2046 urbem
3435 2004 3646 2060 captam

2090 2083 2388 2151 ingressus,
2411 2083 2537 2142 hinc
2559 2085 2681 2138 inde
2748 2100 2844 2154 per
2892 2101 3010 2138 eam
3057 2083 3415 2153 obequitavit,
3463 2085 3653 2137 obstu-

2088 2186 2315 2242 pescens
2345 2174 2412 2226 ad
2457 2175 2740 2228 inusitatas
2770 2174 3118 2228 mdificiorum
3147 2175 3371 2228 formas.
3429 2175 3562 2228 Cum
3596 2175 3650 2227 in

2088 2265 2465 2318 Atinindanem
2500 2267 2862 2335 pervenisset,
2893 2268 3205 2322 columnam
3241 2267 3317 2321 ibi
3385 2267 3650 2334 lapideam

2088 2357 2240 2419 vidit,
2270 2359 2356 2412 cui
2389 2359 2582 2427 triplex
2639 2370 2758 2414 crat
2805 2361 3094 2430 impositus
3115 2375 3339 2430 serpens
3411 2360 3654 2416 ahencus

2089 2448 2339 2518 idemque
2379 2451 2597 2520 triceps.
2640 2451 2794 2505 Illum
2845 2458 3215 2522 conspicatus,
3239 2452 3493 2523 quidnam
3552 2454 3657 2509 hoc

2089 2551 2232 2595 esset
2263 2541 2410 2609 idoli,
2440 2545 2704 2612 quaesivit.
2740 2545 2914 2598 Simul
2951 2546 3004 2598 in
3029 2561 3150 2599 eum
3175 2554 3427 2600 contorta
3458 2562 3651 2613 magna

2091 2633 2138 2684 vi
2178 2633 2325 2686 clava
2361 2633 2557 2698 ferrea,
2597 2651 2758 2704 quant
2796 2638 3155 2706 pusdiganum
3216 2637 3379 2692 Turci
3434 2651 3652 2706 vocant,

2090 2724 2181 2776 uni
2222 2725 2286 2778 (le
2315 2727 2487 2781 tribus
2515 2726 2620 2781 illis
2652 2729 2926 2796 capitibus
2946 2730 3275 2798 serpentinis
3307 2731 3521 2784 labrum
3560 2732 3648 2784 iu-

2090 2815 2258 2872 ferius
2298 2819 2635 2876 comminuit.
2679 2822 2797 2886 Quo
2824 2821 2990 2888 facto,
3057 2837 3179 2876 mox
3251 2836 3530 2893 serpentes
3592 2826 3646 2878 in

2092 2909 2224 2963 urbe
2255 2926 2448 2978 magno
2477 2912 2717 2980 conspici
2766 2926 2980 2982 coepere
3033 2929 3281 2968 numero.
3306 2916 3650 2986 Quapropter

2089 3013 2341 3057 auctores
2366 3003 2412 3056 ei
2456 3003 2607 3056 fuere
2633 3005 2874 3072 quidam,
2929 3017 2987 3062 ut
3025 3009 3253 3064 missum
3307 3010 3562 3080 deinceps
3591 3013 3652 3064 il-

2089 3097 2197 3149 lum
2216 3107 2517 3165 serpentem
2539 3094 2742 3151 faceret
2779 3114 2794 3155 :
2823 3100 3044 3167 quando
3079 3116 3174 3168 per
3214 3102 3263 3155 id
3293 3103 3647 3158 simulacrum

2087 3188 2347 3243 effectum
2379 3188 2570 3254 fuerit,
2608 3189 2686 3244 uti
2710 3205 2932 3260 serpens
2969 3191 3025 3245 in
3078 3198 3211 3247 urbe
3274 3195 3457 3251 nullus
3485 3207 3648 3251 esset.

2088 3279 2226 3336 Hine
2244 3297 2304 3336 ea
2334 3283 2585 3337 columna
2612 3284 2667 3338 iu
2717 3284 3042 3340 hodiernum
3105 3287 3280 3342 adhuc
3307 3288 3448 3344 diem
3468 3291 3650 3348 durat.

2087 3373 2153 3427 Et
2182 3389 2493 3446 quanquam
2522 3376 2685 3429 unius
2702 3377 2894 3432 ahenei
2916 3380 3186 3447 serpentis
3219 3380 3474 3436 inferiore
3497 3382 3650 3436 labro

2085 3468 2314 3537 dejeeto,
2349 3475 2629 3537 serpentes
2661 3467 2717 3521 in
2746 3470 2934 3524 urbem
2979 3471 3250 3533 venerint.
3310 3489 3504 3529 nocere
3561 3486 3640 3527 ta-

2085 3575 2207 3614 men
2246 3560 2449 3614 nemini
2489 3570 2730 3629 pOSsunt.
2795 3560 2929 3614 Erat
2988 3563 3169 3643 etiam_
3211 3578 3426 3620 erectus
3474 3584 3650 3636 equus

2086 3651 2345 3715 alieneus,
2388 3652 2476 3705 cui
2522 3661 2700 3706 statua
2742 3654 2988 3723 quaedam
3041 3659 3312 3726 equestris
3346 3659 3634 3714 insidebat.

2085 3739 2386 3813 Utrumque
2411 3743 2784 3800 Muchemetes
2803 3748 3094 3801 demolitus
3111 3758 3216 3803 est.
3248 3749 3368 3804 Feri
3385 3768 3447 3804 nr
3465 3764 3642 3806 autem

2085 3839 2186 3890 hac
2219 3845 2398 3890 statua
2430 3839 2567 3904 pesti
2596 3838 2896 3907 praeclusus
2929 3839 3097 3894 fuisse
3149 3842 3352 3901 aditus.
3411 3859 3519 3912 quo
3550 3845 3649 3898 iiii-

2085 3943 2186 3982 nus
2239 3929 2292 3982 in
2353 3929 2537 3983 urbem
2591 3939 2898 3998 penetraret
2926 3945 2991 3984 ac
3047 3931 3099 3984 in
3167 3947 3227 3986 ea
3287 3943 3649 4002 grassaretur.

2153 4019 2429 4091 Occupata
2479 4019 2967 4090 ConstantinOpoli,
3027 4022 3288 4076 Anatolize
3371 4035 3647 4092 montana,

2085 4113 2365 4168 recreandi
2390 4112 2474 4166 sui
2528 4128 2715 4178 causa,
2763 4113 3137 4168 Muchemetes
3191 4116 3344 4183 petiit
3381 4133 3394 4172 :
3436 4129 3489 4170 et
3525 4117 3647 4172 inde

2083 4221 2335 4262 reversus
2370 4206 2419 4259 in
2447 4205 2732 4259 Albaniam
2755 4207 2944 4275 c0pias
2998 4205 3153 4259 duxit
3185 4223 3198 4260 :
3256 4209 3344 4260 tibi
3397 4208 3645 4278 Siurigen

2087 4298 2137 4353 in
2168 4307 2488 4368 potestatem
2521 4297 2746 4366 redegit,
2773 4313 2916 4350 anno
2950 4297 3053 4350 858
3107 4297 3257 4366 (Chr.
3291 4298 3469 4368 N53).

418 4381 501 4431 vel
530 4380 669 4432 bello
705 4379 951 4432 interfurit
980 4397 995 4434 :
1025 4383 1336 4438 exstinctus
1353 4385 1439 4439 die
1468 4387 1701 4456 quodam
1723 4387 1974 4446 Mercurii
2005 4385 2056 4444 Ι)
2153 4395 2310 4446 Antio
2341 4393 2612 4460 sequenti,
2670 4389 2875 4444 Novam
2929 4405 3050 4444 cum
3115 4391 3284 4459 copiis
3332 4407 3638 4463 aggressus,

420 4477 509 4538 qui
544 4474 785 4528 decimus
816 4485 932 4530 erat
999 4478 1199 4530 mensis
1247 4478 1628 4544 Muchercnis..
1672 4499 1815 4538 anno
1868 4486 1974 4543 855

420 4566 574 4630 (Chr.
609 4564 790 4633 1450),
829 4581 951 4618 cum
985 4565 1142 4618 annis
1169 4568 1380 4634 triginta
1437 4585 1601 4622 unum
1633 4571 1972 4640 imperasset.

493 4654 768 4707 Successit
789 4656 925 4722 patri
962 4658 1209 4708 sultanns
1239 4657 1602 4713 Muchemetes
1631 4661 1843 4718 liliUsin
1881 4670 1976 4720 ad-

420 4748 816 4801 ministratione
850 4746 1022 4814 regni,
1077 4748 1369 4818 statimque
1423 4751 1633 4808 decimo
1682 4769 1833 4810 Sexto
1887 4763 1974 4818 die

416 4840 542 4894 dicti
571 4839 771 4891 mensis
803 4841 1097 4891 exercitum
1149 4839 1200 4893 iu
1256 4841 1632 4898 Caramaniain
1687 4848 1861 4915 duxit,
1921 4864 1975 4909 et

419 4934 618 4986 bellum
644 4931 873 5001 principi
907 4929 1233 4997 Cat-amatio,
1293 4933 1547 4990 lbrahinii
1577 4939 1730 5009 hego,
1771 4943 1970 5002 intulit,

415 5027 515 5081 Sed
552 5040 619 5079 eo
647 5039 752 5079 non
810 5025 981 5077 multo
1037 5035 1156 5092 post
1208 5028 1526 5094 composito,
1581 5047 1836 5088 reversus
1890 5049 1973 5092 est

417 5115 879 5184 lladriaquolim,
920 5114 1178 5183 atqueibi
1210 5131 1400 5168 novam
1461 5134 1640 5173 arcem
1702 5125 1971 5184 aedificare

411 5211 596 5278 caepit,
623 5208 810 5262 eodem
843 5221 984 5260 anno
1009 5206 1112 5259 855
1143 5206 1482 5278 (ChrJiSO).

483 5307 639 5359 Anno
659 5305 904 5371 sequenti
924 5306 1192 5373 proximo,
1217 5306 1463 5359 videlicet
1481 5307 1582 5362 856
1602 5311 1750 5381 (Chr.
1785 5315 1966 5385 “51),

415 5415 518 5451 non
563 5397 749 5466 procul
782 5414 808 5449 a
842 5394 1333 5466 Constantinopoli,
1371 5399 1732 5468 locoquodam
1761 5422 1790 5459 a
1821 5418 1969 5478 tergo

411 5490 612 5543 Galatae
646 5489 824 5559 oppidi
855 5489 981 5553 site,
1043 5491 1428 5545 munitisimam
1476 5509 1652 5548 arcem
1700 5498 1765 5550 ad
1825 5517 1970 5556 mare

411 5585 667 5638 condidit.

477 5675 1074 5744 Absolntohnjusarcis
1099 5669 1341 5728 aedilicio.
1375 5677 1627 5731 mandata
1659 5696 1780 5735 cum
1819 5681 1959 5735 litte-

2081 4484 2240 4554 cepit.
2283 4483 2488 4552 Quippe
2520 4481 2812 4535 Christiani
2849 4495 3037 4535 rursus
3067 4479 3168 4536 hac
3221 4486 3376 4550 potiti
3409 4485 3648 4556 l'ucrattt_

2091 4578 2313 4631 Factum
2343 4578 2444 4632 hoc
2479 4593 2623 4631 anno
2656 4577 2760 4632 859
2786 4577 2940 4645 (Chr.
2969 4577 3149 4647 1454).

2152 4672 2459 4725 Secundum
2492 4673 2625 4734 haec,
2659 4671 2724 4723 ad
2785 4671 2976 4724 Albam
3035 4671 3278 4725 Graecam
3343 4674 3642 4725 exercitum

2082 4764 2304 4817 adduxit
2335 4781 2350 4817 :
2386 4764 2480 4818 sed
2516 4778 2637 4816 cum
2663 4778 2781 4817 eam
2808 4777 3121 4833 expugnare
3137 4779 3244 4817 non
3276 4773 3480 4832 posset,
3510 4764 3640 4818 abs-

2081 4855 2265 4909 cessit.
2303 4854 2466 4908 Periit
2505 4855 2574 4908 ibi
2609 4853 2733 4907 Dais
2762 4852 3017 4907 Caratzes
3045 4855 3223 4920 bassa,
3279 4854 3370 4924 qui
3428 4855 3643 4922 begler-

2081 4947 2198 5015 begi
2230 4962 2452 5002 munere
2520 4947 2868 5017 fungebatur.
2921 4946 3122 5001 Eodem
3173 4963 3314 5002 anno
3336 4949 3440 5002 860
3487 4949 3642 5011 (Chr.

2081 5041 2240 5101 1456)
2289 5040 2564 5108 conspecti
2617 5051 2746 5094 sunt
2777 5041 2887 5092 duo
2944 5049 3169 5094 cometa:
3235 5054 3424 5094 versus
3459 5043 3642 5094 orien-

2082 5137 2185 5178 tem
2221 5126 2389 5180 solem
2423 5141 2586 5189 unus,
2614 5127 2751 5179 alter
2779 5129 2846 5180 ad
2900 5142 3176 5182 occasum.

2149 5214 2674 5286 Constantinopolim
2697 5232 2979 5278 reversus.
2998 5234 3245 5288 magnam
3267 5219 3636 5275 celebritatem

2078 5307 2717 5371 lllucheiiietesinstituit,
2778 5309 2905 5364 dum
2935 5310 3095 5381 330
3149 5311 3440 5380 Bajaziteni
3473 5317 3640 5368 lilium

2079 5400 2504 5466 circumcideret,
2539 5417 2680 5456 anno
2709 5403 2804 5456 861
2883 5404 3033 5473 (Chr.
3091 5405 3272 5475 “57).

2155 5491 2354 5547 Deinde
2385 5502 2573 5548 coacto
2591 5494 2854 5557 exercitu,
2891 5495 2942 5547 in
2976 5493 3213 5548 .‘loream
3269 5496 3424 5560 abiit,
3471 5504 3523 5548 et
3553 5511 3644 5550 nr.

2085 5585 2202 5638 hem
2235 5584 2494 5647 Cordum,
2528 5599 2647 5639 cum
2675 5585 3286 5657 oppidulisquibusdam
3311 5590 3472 5659 cepit,
3500 5602 3644 5643 anno

2076 5677 2560 5748 862(car.iissy
