4026 6204
277 238 392 301 δῗῖὶ

1571 232 1717 290 ANK
1746 228 1914 290 -‘~.I.E3
1953 228 2290 294 TURCICI.

3465 240 3570 304 6H

359 346 556 401 Postea
595 345 928 401 Semendria:
955 346 1144 417 copias
1197 346 1458 401 admovit.
1519 344 1629 400 Rex
1694 353 1884 399 autem
1916 347 1964 402 Δ
1993 343 2663 416 instrncta.Posteaquam
2695 346 2800 404 hnc
2846 349 3190 418 appulissent
3215 354 3389 422 copiae
3427 353 3572 410 Tur-

272 440 609 494 Bozinensis
636 450 834 509 sponte
868 454 966 494 sna
987 438 1322 495 Setnendria:
1356 439 1689 494 deditionem
1718 437 1871 500 fecit,

272 551 432 588 anno
467 533 568 588 863
627 535 778 603 (Cltr.
815 533 998 603 1459).

363 650 502 706 llinc
527 665 718 703 rursus
747 649 802 702 in
831 647 1069 703 Moream
1103 647 1398 717 profectus,
1431 648 1598 700 multa
1649 646 1874 700 castella

275 757 416 795 cum
454 740 732 811 oppidulis
766 741 1076 809 occupavit.
1109 740 1164 793 Id
1197 739 1484 807 temporis,
1531 738 1618 792 die
1638 738 1876 806 quodam

283 832 543 900 Veneris,
578 833 754 902 primo
786 832 1052 898 diluculo,
1079 834 1158 888 sol
1189 834 1324 886 adeo
1347 832 1523 886 lucem
1552 845 1709 885 suam
1735 831 1875 883 ami-

278 927 363 982 sit
399 967 414 992 ,
452 937 510 980 ut
541 927 724 980 omnia
791 925 1034 981 tenebris
1089 925 1522 988 involverentur,
1585 939 1731 978 anno
1771 922 1877 976 864

283 1021 452 1092 (Chr.
480 1020 669 1090 1160).

366 1134 699 1189 Transmisit
733 1146 910 1189 autem
943 1136 1261 1190 secundum'
1288 1136 1407 1190 haec
1437 1134 1716 1189 universis
1752 1148 1876 1188 curn

284 1228 471 1296 copiis
500 1229 553 1281 in
596 1229 927 1294 Anatoliam,
965 1228 1309 1297 ulteriusque
1369 1242 1720 1297 pregressus,
1776 1226 1876 1280 Ca«

290 1333 626 1386 stamonem,
658 1320 919 1392 Sinopen,
975 1333 1028 1377 et
1055 1322 1463 1375 Tarabosanem
1509 1321 1759 1374 civitates
1785 1334 1879 1373 oc—

287 1415 514 1483 cnpavit
543 1433 558 1472 :
587 1415 815 1484 imperio
845 1431 949 1469 suo
982 1417 1305 1486 regionibus
1339 1416 1448 1470 illis
1481 1417 1739 1471 omnibus
1780 1415 1878 1468 ad-

282 1508 521 1576 junt-tis.
554 1505 711 1562 Unde
736 1508 993 1578 deinceps
1020 1507 1463 1579 Hadrianopolim
1525 1509 1712 1572 rediit,
1740 1518 1794 1563 et
1822 1508 1878 1561 in

289 1599 405 1654 Otio
435 1611 650 1667 tempus
675 1599 743 1652 ad
767 1599 985 1668 aliquod
1010 1616 1068 1654 se
1093 1601 1384 1655 recreavit.
1407 1600 1740 1655 Acciderunt
1765 1599 1880 1654 haic

293 1705 440 1744 anno
469 1690 570 1745 864
598 1690 754 1761 (Chr.
811 1692 993 1762 1461).

372 1803 583 1862 Rursus
613 1807 965 1877 expeditione
1002 1818 1282 1879 suscepta,
1316 1808 1628 1866 Valachiam
1666 1813 1878 1882 ingres-

300 1913 401 1953 sus
436 1911 534 1966 est,
562 1912 615 1953 et
645 1897 944 1955 Vaivodam
976 1898 1270 1969 Valachize,
1298 1903 1387 1958 cui
1421 1918 1616 1958 nomen
1669 1903 1878 1959 Draco-

305 1996 411 2056 les,
434 2009 623 2065 magno
650 2009 774 2048 cum
802 1994 1041 2049 exercitu
1065 1995 1284 2049 invasit.
1314 1993 1425 2049 Hoc
1453 1995 1596 2050 bello
1652 1998 1879 2052 voivoda

308 2087 578 2143 Valachus
607 2087 894 2143 consilium
918 2089 1063 2158 cepit
1085 2089 1428 2158 opprimendi
1455 2098 1635 2144 castra
1659 2091 1885 2147 Mucheo

305 2181 469 2236 metis
502 2190 765 2236 nocturno
791 2191 1058 2251 tempore,
1088 2180 1182 2235 sed
1214 2195 1404 2250 parum
1444 2181 1655 2236 elﬁcere
1682 2185 1885 2254 potuit.

298 2273 537 2342 lchque
560 2288 664 2326 non
692 2273 1019 2327 succedente
1061 2281 1260 2326 conatu
1291 2272 1532 2342 profugit
1597 2276 1650 2328 in
1706 2274 1886 2346 Unga-

298 2366 438 2420 riam
473 2382 487 2419 :
525 2366 618 2419 ubi
650 2381 773 2420 cum
807 2365 860 2418 in
881 2381 1073 2421 manus
1094 2367 1235 2436 regis
1267 2363 1472 2437 Ungnri
1526 2370 1884 2439 pervenisset,

298 2457 507 2514 carceri
570 2457 914 2526 mancipatus
977 2455 1101 2512 fuit.
1129 2457 1342 2512 Interea
1391 2473 1520 2513 vero
1575 2457 1887 2518 Valacltiam

302 2551 404 2606 sibi
446 2552 700 2606 sultanus
733 2549 1099 2605 Mnehemetcs
1151 2552 1417 2606 subdidit.

373 2645 519 2700 Misit
546 2655 599 2701 et
630 2646 865 2699 classem
899 2645 953 2697 in
991 2645 1224 2699 insulam
1289 2645 1610 2718 Mitylenen,
1658 2648 1894 2718 ejusque

305 2735 428 2790 belli
460 2751 625 2789 causa
667 2737 830 2790 etiam
863 2737 976 2805 ipse
1013 2736 1205 2792 relicta
1256 2736 1517 2794 Valachia
1583 2741 1891 2795 Anatolium

305 2827 460 2882 adiit.
484 2825 759 2894 Occupata
787 2841 913 2881 vero
963 2827 1065 2881 fuit
1095 2827 1273 2883 insula
1307 2829 1560 2901 Mitylene
1594 2846 1738 2888 anno
1792 2831 1896 2888 866

307 2917 455 2986 (Chr.
496 2917 682 2989 1462).

1980 438 2129 504 ciete,
2150 439 2449 494 Christiani
2473 454 2640 508 seque
2666 439 3029 512 fortunasque
3054 459 3183 498 suas
3206 447 3416 516 egregie
3441 464 3573 516 pro-

1981 531 2318 597 pugnabant.
2351 528 2458 585 Sed
2513 546 2636 585 cum
2685 533 2903 587 tandem
2958 536 3100 588 muri
3167 545 3570 592 tormentorum

1981 612 2183 686 impetu
2219 620 2811 688 pnlsaticorruissent,
2877 639 2986 676 non
3033 640 3160 679 arce
3224 636 3461 690 tantum,
3519 638 3576 682 et

1980 708 2218 774 civitate,
2254 726 2348 779 per
2383 714 2488 765 vim
2520 713 2674 781 potiti
2710 713 2865 768 fuere
2913 713 3086 770 anci
3125 734 3140 770 :
3173 733 3361 771 verum
3399 723 3569 774 etiam

1980 814 2196 852 omnem
2230 800 2516 878 ﬁnitimam
2551 804 2828 873 regionem
2853 806 3218 861 Muchemetis
3271 811 3564 878 imperium

1980 889 2225 959 accipere
2246 875 2562 959 ccegerunt,
2589 908 2734 946 anno
2765 894 2868 948 874
2919 893 3078 965 (Chr.
3116 898 3298 968 1470).

2051 981 2250 1051 Egripo
2283 983 2517 1046 devicta,
2582 984 3117 1057 Οοιιειςιιιιίιιοροιίιιι
3181 1008 3236 1044 se
3273 992 3487 1060 recepit.
3521 1004 3573 1047 rt.

1981 1088 2174 1142 aspros
2213 1090 2384 1130 novos
2413 1077 2615 1146 signari
2644 1080 2832 1148 jussit,
2864 1095 3011 1136 anno
3042 1083 3147 1136 875
3196 1083 3350 1153 (Chr.
3386 1087 3569 1155 1471).

1981 1165 2118 1219 Dum
2159 1167 2638 1237 Constantinopoli
2678 1169 3325 1241 illuchemetesquiesvit,
3361 1173 3562 1229 Usum-

1983 1261 2239 1316 cltasanis
2273 1261 2600 1316 Parthorum
2633 1264 2774 1334 regis
2810 1265 3022 1319 militiae
3047 1268 3179 1330 dux,
3221 1270 3306 1322 cui
3369 1284 3568 1322 nomen

1980 1350 2234 1408 Jusnl’zes
2263 1356 2452 1424 begus,
2485 1360 2876 1412 cumexercitu
2912 1373 2969 1412 se
2990 1361 3160 1412 movit
3192 1398 3207 1424 ,
3237 1370 3292 1415 et
3322 1378 3571 1433 magnam

1983 1447 2130 1500 illam
2169 1445 2355 1500 urbem
2384 1448 2657 1504 Armenia:
2683 1449 2946 1506 Tocatam
2972 1453 3280 1522 populatus,
3322 1457 3372 1508 in
3396 1457 3569 1510 Cara-

1982 1540 2220 1593 maniam
2249 1541 2414 1594 venit.
2457 1541 2590 1595 Erat
2621 1543 2670 1596 id
2693 1545 2954 1612 temporis
2990 1546 3574 1618 sultanusMustaphas

1983 1634 2050 1709 iis
2098 1634 2232 1688 locis
2287 1651 2316 1689 a
2371 1646 2522 1704 patre
2585 1636 2920 1694 Muchemete
2960 1639 3352 1708 praelectust
3404 1643 3571 1698 colle-

1911 1707 1952 1760 Β
1983 1707 2070 1779 cto
2096 1727 2362 1794 exercitu,
2385 1727 2600 1782 Parthis
2624 1730 2846 1784 obvium
2875 1747 2932 1786 se
2957 1707 3126 1797 dedit.
3153 1750 3358 1804 eosque
3409 1736 3573 1801 fudit,

1981 1814 2207 1872 Jusul‘ze
2231 1819 2365 1886 bego
2385 1832 2565 1886 capto,
2585 1828 2640 1874 et
2659 1821 3202 1896 Constantinopolim
3226 1829 3293 1881 ad
3353 1839 3566 1898 patrem

1984 1908 2380 1964 Muchemetem
2405 1912 2569 1967 misso
2605 1933 2617 1968 :
2646 1914 2793 1985 quod
2811 1915 3031 1985 quidem
3063 1920 3247 1973 evenit
3274 1934 3418 1974 anno
3469 1921 3575 1976 877

1985 2000 2136 2072 (Chr.
2161 2005 2346 2072 1175).

2059 2094 2195 2147 Tum
2219 2111 2349 2149 vero
2381 2095 2754 2153 Muchemetes
2785 2099 2852 2154 ad
2881 2115 3033 2155 arma
3069 2116 3128 2157 se
3174 2118 3376 2172 parans
3425 2107 3576 2160 Ana-

1989 2186 2176 2241 toliam
2202 2187 2339 2242 adiit
2366 2205 2380 2245 :
2415 2197 2468 2242 et
2501 2190 2776 2246 mandatis
2803 2192 2932 2248 hinc
2962 2194 3088 2249 inde
3131 2196 3340 2257 missis.
3374 2209 3576 2253 1110111-

1991 2294 2087 2332 nes
2118 2279 2321 2334 milites
2352 2280 2417 2333 ad
2454 2281 2633 2348 ipsum
2665 2280 2720 2336 in
2777 2284 3089 2338 Anatoliam
3125 2301 3183 2340 se
3243 2287 3572 2355 conferrent,

1990 2373 2181 2427 edixit.
2204 2373 2456 2430 Peditum
2487 2379 2553 2429 ad
2596 2377 2788 2448 viginti
2817 2378 2988 2433 millia
3024 2379 3077 2433 in
3108 2382 3276 2436 armis
3317 2397 3438 2437 esse
3461 2385 3578 2453 jus-

1993 2467 2085 2530 sit,
2111 2476 2163 2521 et
2187 2467 2583 2523 Genizarornm
2617 2485 2876 2527 numeros
2897 2472 2963 2525 ad
2991 2472 3180 2527 decem
3202 2490 3372 2544 usque
3410 2478 3575 2532 millia

1994 2563 2288 2631 suppleri:
2344 2579 2467 2617 cum
2555 2563 2766 2618 aulicus
2837 2565 3000 2618 etiam
3128 2571 3578 2624 comitatustle-

1997 2673 2111 2711 cem
2141 2658 2423 2709 hominum
2457 2656 2626 2709 millia
2657 2657 3132 2727 complecteretur.
3162 2660 3242 2714 Ad
3278 2679 3576 2727 summam,

1997 2759 2221 2805 coactus
2255 2752 2304 2804 ei
2329 2751 2434 2804 fuit
2471 2751 2769 2816 exercitus,
2795 2753 2886 2820 qui
2907 2767 3196 2807 numerum
3234 2757 3578 2827 septuaginta

1998 2845 2082 2898 vel
2135 2845 2409 2913 oct0gittta
2461 2843 2691 2898 millium
2742 2845 3048 2900 excederet.
3107 2845 3242 2901 Cum
3303 2852 3406 2904 hoc
3453 2867 3580 2921 ergo

2001 2939 2172 2994 milite
2190 2955 2379 2994 versus
2401 2938 2680 2993 Parthian)
2706 2939 3010 3008 profectus,
3041 2939 3437 2997 Usumchasani
3464 2944 3576 3014 rtgi

375 3033 449 3088 Ex
481 3036 734 3090 Anatolia
767 3036 1304 3108 Constantinopolim
1363 3056 1424 3096 se
1483 3040 1736 3104 contulit,
1793 3042 1880 3096 ubi
1912 3045 1956 3102 (ς
1991 3032 2686 3101 bellumintulitzsumptis
2706 3033 2870 3085 etiam
2894 3034 3148 3088 secnmin
3171 3035 3310 3089 hanc
3360 3037 3581 3104 expedi-

305 3129 552 3198 qutedam
585 3130 810 3185 aedilicia
847 3133 1061 3187 curavit
1114 3134 1324 3188 exstrui
1357 3149 1372 3187 :
1427 3143 1481 3188 et
1522 3133 1879 3190 Mechmetetu

305 3224 546 3288 bassam,
582 3227 819 3278 veziretn
847 3225 1113 3287 suum,in
1166 3224 1406 3281 Murcam
1467 3225 1758 3294 ablegavit.
1834 3228 1885 3284 ls

305 3318 519 3387 aliquot
548 3316 746 3372 ibidem
791 3317 1046 3386 oppidula
1145 3319 1308 3387 cepit,
1374 3333 1520 3371 anno
1577 3318 1679 3373 867
1730 3317 1883 3390 (Chr.

309 3411 501 3478 uss).

393 3503 700 3558 Secundum
753 3503 845 3558 illa
912 3503 1199 3573 productis
1261 3501 1629 3561 Muchemetes
1692 3505 1889 3576 copiis,

312 3597 569 3650 B-zinam
597 3597 817 3651 adortus
848 3606 949 3662 est,
979 3605 1033 3651 et
1088 3613 1306 3652 omnem
1352 3597 1500 3651 illam
1545 3598 1888 3668 regionemin

309 3698 634 3760 potestatem
658 3690 891 3760 redegit,
926 3705 1215 3760 regemque
1257 3701 1474 3760 captum
1511 3691 1731 3745 occidit.
1760 3691 1892 3747 Inde

309 3783 623 3852 subjugum
650 3783 720 3837 ab
742 3798 809 3838 eo
836 3783 1006 3838 missa
1051 3782 1154 3837 fuit
1183 3781 1575 3854 Herzegovina,
1607 3801 1731 3840 cum
1793 3786 1895 3842 Co-

311 3875 476 3928 vadza
514 3891 526 3929 :
565 3875 769 3944 quibus
801 3876 964 3930 rebus
1003 3875 1192 3946 gestis,
1226 3876 1417 3932 itinere
1447 3878 1897 3944 converso,Con-

308 3964 720 4034 stantiaopolitn
750 3966 982 4034 repetiit,
1010 3982 1154 4020 anno
1177 3966 1280 4022 869
1313 3967 1464 4037 (Chr.
1497 3969 1682 4037 1464).

377 4060 569 4113 Annus
583 4066 766 4113 autem
785 4073 1022 4130 sequens
1052 4059 1157 4113 870
1178 4060 1330 4133 (Chr.
1354 4063 1540 4132 1495),
1565 4073 1794 4120 exactus
1825 4064 1894 4119 ab

308 4165 373 4204 eo
396 4149 872 4221 Constantinopoli
905 4152 1007 4205 fuit
1036 4151 1090 4205 in
1126 4153 1262 4208 otio.
1333 4153 1437 4208 Sed
1487 4155 1541 4207 in
1606 4155 1895 4210 Albaniam

308 4240 504 4296 deinde
529 4242 826 4311 profectus,
859 4243 1122 4299 ditionem
1159 4244 1315 4300 ducis
1364 4243 1598 4301 Joannis
1641 4247 1770 4302 istic
1794 4248 1900 4302 im-

309 4335 466 4400 perio
496 4349 598 4387 suo
625 4333 882 4402 subjecit.
911 4334 1050 4388 Cum
1081 4346 1264 4390 autem
1308 4336 1361 4390 id
1405 4339 1674 4406 temporis
1735 4354 1895 4394 exer-

310 4426 482 4479 citum
526 4428 698 4493 ipsius
754 4428 873 4481 dira
923 4429 1169 4496 quendam
1232 4431 1350 4484 lues
1403 4431 1717 4497 invasisset,
1775 4433 1892 4503 ipse

309 4515 732 4588 Philippopolim
768 4519 923 4586 adiit,
949 4520 1132 4590 ibique
1162 4535 1221 4575 se
1281 4522 1451 4592 quieti
1514 4523 1686 4591 dedit,
1746 4541 1892 4581 anno

311 4610 408 4664 87l
447 4610 605 4680 (Chr.
640 4611 822 4681 1166).

382 4703 746 4775 Philippopoli
771 4706 1080 4774 discedens,
1123 4723 1316 4764 rursus
1344 4709 1399 4764 in
1452 4709 1737 4766 Atbaniam
1768 4727 1896 4781 per-

313 4797 473 4861 rexit,
501 4799 874 4868 maioremque
900 4802 1196 4870 provinciae
1223 4814 1434 4872 partem
1465 4807 1778 4874 occupavit,
1799 4821 1896 4861 an-

313 4907 388 4944 no
422 4891 526 4945 372
579 4893 732 4961 (cur.
769 4893 957 4966 1161.)

389 4982 464 5037 Ex
489 4984 714 5040 Albania
746 4985 1024 5056 profectus
1061 4988 1114 5042 in
1164 4988 1500 5052 Anatoliam,
1556 4989 1897 5044 Caramanize

314 5078 455 5134 ﬁnes
479 5082 761 5150 ingressus
779 5093 882 5145 est,
911 5090 963 5136 et
995 5095 1172 5135 arcem
1191 5080 1587 5135 Giolchisarem
1622 5096 1896 5151 expugna—

313 5175 391 5229 vit
424 5175 606 5230 :nnde
640 5185 824 5246 postea
863 5174 1396 5245 Constantinopolim
1450 5189 1730 5238 reversus,
1793 5174 1897 5227 ali-

311 5271 560 5340 quandiu
591 5271 850 5326 bellicisa
870 5270 1103 5341 negotiis
1138 5270 1423 5334 abstinuit,
1446 5284 1590 5323 anno
1610 5268 1711 5323 875
1771 5269 1871 5338 (Ch

319 5363 501 5429 11119).

386 5456 501 5512 Non
536 5459 706 5513 multo
734 5471 876 5529 post,
915 5470 974 5513 ut
1005 5459 1099 5513 otii
1153 5473 1285 5514 sane
1353 5456 1716 5511 diuturnioris
1779 5466 1900 5510 erat

311 5551 626 5619 impatiens,
660 5552 886 5620 ipsemet
934 5552 1128 5605 itinere
1183 5551 1426 5606 terrestri
1476 5549 1756 5620 profectus
1816 5558 1901 5603 est

313 5659 508 5700 versus
546 5645 781 5714 Egripon
823 5663 837 5699 :
869 5661 994 5700 cum
1039 5644 1403 5700 Machtnutcm
1439 5645 1661 5699 bassam
1701 5642 1898 5698 eodem

317 5742 632 5811 ablegasset
660 5759 781 5797 cutn
811 5744 1004 5810 classe,
1025 5743 1316 5799 duodecim
1351 5739 1592 5797 millibus
1614 5740 1900 5797 hominum

1989 3129 2190 3182 tionem
2206 3126 2355 3190 ﬁliis,
2394 3123 2886 3194 sultannBajazite,
2925 3125 3140 3181 sultano
3181 3125 3484 3197 Mustapha,
3528 3139 3582 3184 et

1985 3224 2202 3278 sultano
2221 3221 2405 3275 Zeme.
2427 3220 2755 3289 Progressus
2775 3227 2955 3275 autem
2974 3235 3097 3274 cum
3117 3222 3233 3275 suis
3265 3221 3318 3274 in
3370 3222 3578 3286 Asiam,

1988 3315 2269 3385 uouplura
2291 3313 2854 3381 duntaxatoccupavit
2905 3313 3138 3382 oppida,
3185 3328 3370 3367 verum
3415 3315 3579 3368 etiam

1990 3409 2213 3463 sublimi
2244 3409 2403 3462 sitam
2448 3407 2588 3469 loco,
2623 3409 2998 3475 munitamque
3031 3407 3312 3476 insigniter
3375 3424 3581 3474 arcem,

1991 3502 2406 3558 Carachisarem
2461 3501 2624 3572 cepit.
2667 3497 3108 3557 Usumchasanes
3127 3503 3340 3557 obviam
3364 3503 3582 3558 Muchc-

1993 3595 2124 3651 meti
2158 3609 2268 3649 non
2319 3592 2542 3665 prodiit,
2574 3592 2671 3650 sed
2694 3602 2816 3649 astu
2847 3593 3083 3663 quodam
3113 3596 3442 3666 excogitato,
3478 3598 3580 3651 mi-

1993 3689 2144 3743 litem
2176 3703 2336 3742 suum
2369 3686 2500 3741 hinc
2530 3685 2656 3741 inde
2685 3687 2941 3756 partitus,
2990 3688 3046 3742 in
3096 3687 3308 3744 insidiis
3355 3689 3578 3746 locavit.

1995 3780 2063 3835 Et
2088 3780 2218 3851 quia
2269 3778 2503 3849 primam
2557 3779 2728 3834 aciem
2786 3779 2842 3834 in
2894 3780 3170 3835 excercitu
3227 3779 3583 3837 Mucltemetis

1996 3871 2281 3927 Romaniae
2348 3871 2744 3942 beglerbegus,
2802 3872 2948 3926 Chas
3001 3871 3264 3937 Murates,
3324 3874 3580 3937 ducebat,

1998 3967 2142 4021 forte
2177 3965 2393 4032 accidit,
2427 3973 2486 4019 ut
2515 3965 2802 4034 inOpinato
2857 3965 3123 4034 quasdam
3181 3965 3236 4018 in
3291 3963 3582 4019 Persarum

1999 4060 2187 4130 cepias
2219 4059 2506 4124 incideret,
2538 4072 2603 4113 ac
2642 4073 2864 4112 manum
2899 4074 3023 4112 cum
3050 4058 3130 4113 eis
3173 4073 3463 4112 conserere
3493 4075 3584 4112 co-

2001 4161 2242 4222 geretur.
2277 4151 2356 4206 lbi
2395 4167 2520 4208 cum
2557 4154 2797 4222 majores
2820 4151 3152 4205 Parthorum
3206 4152 3352 4206 vires
3374 4164 3580 4214 essent,

2000 4248 2299 4319 dissipatus
2325 4245 2604 4300 Romanis:
2630 4243 2811 4306 miles.
2839 4255 2892 4298 et
2928 4244 3045 4314 ipse
3102 4244 3585 4323 beglerbegus‘oc-

2003 4346 2155 4401 cisus
2184 4341 2303 4396 fuit.
2339 4339 2552 4394 Interea
2585 4355 2715 4395 vero
2751 4340 2882 4393 dtttn
2935 4336 3121 4392 l’at'liti
3182 4337 3414 4406 primam
3443 4341 3583 4390 hanc

2000 4435 2362 4492 Mucbcmetis
2387 4434 2565 4491 aciem
2593 4436 2865 4489 caderent
2901 4451 2916 4490 :
2944 4436 3113 4489 etiam
3155 4433 3285 4502 ipsi,
3349 4432 3586 4485 desertis

1999 4530 2286 4586 ordinibus
2319 4529 2457 4592 suis,
2481 4527 2694 4584 hostem
2717 4528 3240 4599 contusipersecuti.
3274 4534 3488 4587 tandem
3516 4533 3584 4585 ad

1998 4624 2148 4679 illaut
2176 4630 2546 4692 pervenerunt
2579 4620 2778 4687 aciem,
2816 4621 2971 4692 cnjus
2997 4622 3115 4693 ipse
3159 4624 3407 4678 sultanus
3465 4623 3581 4676 Mn-

2000 4721 2276 4774 cltemetes
2307 4717 2418 4770 dux
2445 4723 2584 4769 erat.
2621 4714 2669 4767 ls
2695 4728 2879 4771 autem
2911 4717 3071 4788 331
3104 4716 3430 4772 Parthorum
3467 4733 3586 4786 per-

2001 4812 2248 4864 turbatus
2279 4807 2633 4874 conspicatus
2665 4805 2906 4870 ordines,
2961 4823 3084 4862 cum
3140 4808 3255 4864 suis
3279 4823 3374 4862 eos
3422 4809 3586 4860 ador-

2003 4914 2093 4958 tus
2123 4914 2230 4958 est.
2257 4901 2413 4966 Quod
2447 4913 2478 4952 a
2509 4899 2853 4954 Muchemete
2878 4901 2997 4955 ﬁeri
3029 4901 3221 4956 videns
3279 4897 3587 4952 Usutm-ha-

1999 5012 2186 5062 sanes,
2211 5010 2411 5065 magno
2441 4992 2611 5047 animi
2637 4995 2837 5048 ardore
2860 4994 3196 5057 concitatus,
3230 5001 3285 5046 et
3339 4992 3454 5057 ipse
3487 5005 3585 5041 sua

2001 5106 2056 5160 in
2084 5089 2297 5144 Turcos
2319 5086 2474 5142 duxit
2502 5087 2740 5157 agmina.
2777 5083 3058 5142 Permistis
3105 5086 3360 5152 utrinqne
3423 5082 3586 5133 tantis

2000 5182 2357 5246 exercitibus,
2379 5182 2708 5236 acerrimum
2743 5179 2988 5246 praalium
3032 5176 3396 5231 commissum
3434 5173 3534 5225 l‘nit
3568 5188 3583 5225 ;

2001 5291 2126 5330 cum
2151 5273 2513 5328 Muchemetis
2545 5271 2639 5325 ﬁlii
2671 5270 2787 5326 suis
2844 5284 2968 5323 cutn
3033 5267 3210 5337 copiis
3256 5265 3583 5336 gravissime

2002 5369 2236 5423 Parthos
2259 5378 2535 5438 urgerent,
2561 5373 2617 5420 et
2668 5365 2720 5417 in
2781 5362 2952 5415 altero
3012 5375 3182 5414 cornu
3244 5358 3584 5412 Machmutcs

2002 5465 2187 5526 bassa,
2214 5478 2338 5516 cum
2370 5463 2539 5515 Dante
2565 5461 2746 5520 bassa,
2781 5455 3047 5510 Anatolio:
3099 5452 3445 5523 beglerbego,
3475 5460 3587 5504 tor-

2005 5558 2201 5613 mentis
2231 5555 2443 5611 bellicis
2477 5557 2690 5609 hostem
2723 5553 3077 5605 vehementer
3100 5546 3382 5617 allltgeret.
3407 5543 3584 5598 Etiam

2011 5653 2444 5709 Usumchasanis
2467 5650 2558 5704 uni
2600 5650 2667 5704 de
2720 5648 2844 5701 ﬁliis
2893 5653 3056 5714 caput
3101 5651 3470 5712 amputatum,
3534 5654 3587 5694 et

2016 5751 2234 5805 saltatio
2267 5745 2592 5802 Muchemeti
2621 5746 2861 5800 oblatum
2901 5744 3020 5798 fuit.
3048 5743 3183 5796 Cum
3214 5758 3342 5807 ergo
3400 5739 3587 5794 Parthi
