4026 6204
309 303 423 379 mi

1593 301 1940 374 amares
1980 314 2317 376 runclcr.

3449 318 3554 381 Μ

307 429 456 484 ﬁlius
507 429 648 497 ejus,
693 427 942 480 snltanus
985 424 1276 493 Bajazites,
1303 425 1522 477 Amasia
1561 425 1880 480 Constanti-
1915 436 1956 491 Α
1988 445 2054 484 ex
2106 427 2340 498 Ungaria
2373 444 2384 480 :
2412 443 2546 496 quos
2583 428 2800 496 quidam
2843 430 3035 484 ordine
3083 442 3402 500 perorantes
3455 451 3555 488 au-

307 520 552 590 nopolim
621 518 950 587 appulit:et
986 529 1246 584 occupata
1301 516 1428 570 sede
1489 518 1657 585 regia,
1712 518 1882 584 patris

304 615 432 667 Ioco
491 614 764 667 salutatus
793 618 877 665 est
933 611 1254 679 imperator.

391 702 487 755 νει
563 699 1040 768 Constantinopoli
1099 701 1290 768 paucis
1355 699 1550 754 diebus
1629 700 1880 761 haserat,

303 810 434 847 cum
479 792 646 846 frater
695 790 831 857 ejus,
889 789 1136 843 sultanus
1173 788 1388 855 Zemes,
1442 789 1621 844 ductis
1662 790 1884 844 eCara-

306 883 492 935 mania
543 881 740 951 c0piis,
802 880 1029 932 Prusam
1083 879 1242 944 adiit,
1303 879 1489 948 ibique
1545 878 1880 933 domicilium

302 974 415 1028 sibi
467 972 792 1036 constituit;
844 971 1092 1024 sultanus
1121 982 1248 1020 vero
1283 967 1570 1039 Bajazites,
1619 966 1882 1022 arcessito

299 1082 378 1120 ex
434 1065 628 1132 Apulia
669 1079 793 1117 cum
849 1063 1092 1116 exercitu
1125 1061 1344 1117 Geduce
1405 1061 1671 1115 Achmete
1701 1060 1877 1121 bassa,

303 1159 636 1225 magnisque
718 1155 1059 1222 cteteroquin
1134 1155 1296 1208 etiam
1375 1153 1621 1208 collectis
1685 1152 1880 1220 cepiis,

299 1251 577 1304 adversus
640 1247 860 1301 Zemem
921 1246 1142 1300 fratrem
1208 1246 1262 1300 in
1329 1245 1631 1298 Anatoliam
1689 1244 1878 1297 movit.

294 1342 446 1397 Cum
500 1341 682 1406 praelio
739 1339 1014 1406 congressi
1077 1339 1327 1399 fuissent,
1377 1337 1602 1394 inferior
1633 1337 1881 1390 discessit

298 1432 534 1495 Zemes,
595 1446 658 1486 ac
705 1444 828 1483 mox
884 1431 935 1481 in
969 1430 1346 1483 Caramaniam
1393 1430 1673 1498 profugit:
1738 1427 1880 1481 unde

301 1538 430 1576 etim
515 1538 641 1574 eum
710 1521 960 1574 sultanus
1043 1520 1307 1588 Bajazites
1384 1521 1731 1589 expulisset:
1797 1519 1882 1572 iti-

302 1629 440 1669 nere
459 1627 750 1675 converso,
771 1611 1304 1680 Constantirwpolim
1350 1611 1593 1680 repetiit.
1623 1610 1752 1664 Inde
1776 1609 1878 1664 Ge-

303 1706 504 1759 du'cem
565 1705 879 1758 Aclunetem
914 1703 1126 1757 bassam
1166 1703 1218 1755 in
1240 1701 1620 1757 Caramaniam
1644 1700 1876 1765 remisit,

1985 523 2142 584 divit,
2194 531 2248 574 et
2301 521 2586 590 postulatis
2647 535 2928 587 assensus,
2977 523 3272 578 liberaliter
3323 529 3556 582 donatos

1989 613 2210 666 dimisit.

2059 707 2251 758 Postea
2299 705 2578 775 profectus
2613 717 2698 768 est
2746 707 2862 760 Alis
2901 705 3067 778 begus
3123 711 3432 775 eunuchus,
3461 715 3550 780 qui
3593 726 3607 738 '

1986 794 2295 864 begleibegi
2328 811 2528 849 munus
2556 797 2998 864 administrabat,
3034 813 3232 868 magno
3264 816 3386 854 cum
3411 818 3553 862 ειυς-

1985 887 2096 940 citu
2149 888 2202 940 in
2260 887 2605 942 Vaiacltiam:
2663 889 3061 960 Conciliatoque
3127 891 3230 945 sibi
3315 892 3551 947 Vaivoda

1985 973 2250 1044 Valacho,
2288 993 2410 1034 cum
2440 979 2554 1034 suis
2589 990 2640 1034 et
2672 979 2897 1035 Valacbi
2939 983 3113 1050 copiis
3141 984 3195 1037 in
3228 983 3492 1039 Moldaria
3520 1005 3549 1037 ιι

1985 1071 2184 1137 irrupit
2213 1086 2226 1119 :
2251 1085 2314 1125 ac
2339 1072 2564 1139 rapinis,
2587 1071 2757 1135 ferro,
2788 1073 3044 1138 ﬂammis,
3081 1077 3314 1130 vastavit
3332 1079 3513 1140 omnia
3539 1096 3549 1127 :

1985 1162 2176 1230 spoliis
2250 1171 2481 1216 onustus
2533 1162 2765 1233 denique
2849 1165 3006 1218 rediit
3075 1165 3545 1237 Hadrianopolim,

1985 1268 2129 1306 anno
2159 1253 2262 1308 890
2281 1254 2433 1323 (Chr.
2461 1255 2642 1323 H86).

2054 1343 2315 1398 Sullanus
2351 1347 2570 1400 interim
2611 1347 2875 1416 Bajazites
2913 1349 3059 1403 domi
3093 1353 3402 1420 quiescens,
3449 1353 3546 1406 du-

1983 1450 2074 1487 ces
2113 1451 2262 1499 suos,
2315 1434 2695 1494 Iselrenderem
2749 1440 2966 1510 begum,
3000 1455 3056 1496 et
3099 1442 3267 1496 Balim
3331 1448 3542 1514 begum,

1982 1525 2227 1579 Malcozii
2293 1529 2490 1593 ﬁlium,
2524 1530 2850 1598 ablegavit:
2891 1544 2950 1587 ut
3003 1535 3184 1588 denuo
3230 1535 3543 1593 Valacltiam

1984 1613 2418 1682 ingrederentur,
2459 1628 2513 1672 et
2543 1619 2795 1674 Vaivoda:
2835 1622 3075 1677 Valaclto
3131 1629 3544 1692 persuaderent,

1984 1705 2060 1757 uti
2114 1707 2424 1788 conjunctis
2447 1724 2630 1763 secum
2664 1714 2834 1766 armis
2885 1717 3078 1768 iterum
3119 1718 3171 1770 in
3228 1718 3544 1773 Moldariam

299 1799 402 1864 qui
465 1798 591 1849 dum
633 1794 759 1850 istic
795 1794 1052 1858 haereret,
1105 1793 1353 1862 Apuliam
1419 1792 1533 1847 Itali
1593 1807 1874 1855 recupera-
1909 1780 1948 1832 Β
1983 1780 2396 1866 impressionem
2441 1801 2663 1858 faceret.
2717 1805 3062 1862 Asseutiente
3090 1809 3353 1868 Valaclro.
3423 1830 3544 1867 mox

308 1899 441 1945 runt
485 1887 728 1942 :Turcis
775 1885 1058 1948 erunibus,
1118 1886 1210 1953 qui
1241 1885 1451 1942 Otranti
1507 1884 1757 1952 prwsidio
1791 1897 1872 1938 re-

302 1983 422 2037 licti
471 1981 708 2044 fuerant,
761 1979 815 2032 in
840 1976 1215 2048 captivitatem
1285 1978 1547 2040 redactis,
1594 1993 1739 2032 anno
1773 1976 1876 2030 886

301 2074 465 2142 (Chr.
500 2070 680 2140 1482).

387 2163 592 2215 Rursus
629 2167 810 2212 autem
847 2157 1326 2227 Constantinopoli
1391 2158 1639 2211 sultanus
1671 2159 1875 2228 Bajazi-

303 2265 396 2308 te:
454 2252 729 2313 discessit,
789 2259 844 2303 et
885 2247 945 2302 in
1000 2243 1378 2302 Caramaniant
1430 2264 1552 2302 cum
1629 2251 1872 2304 exercitu

302 2345 479 2398 venit.
531 2343 742 2410 Quippe
799 2340 968 2393 frater
1046 2340 1168 2407 eius
1231 2338 1425 2396 Zemes
1471 2356 1502 2392 e
1562 2343 1871 2409 peregrina-

298 2438 456 2489 tione
523 2432 828 2493 Mecbiensi
893 2431 1006 2498 jam
1085 2446 1338 2486 reversus
1419 2431 1616 2487 fuerat.
1689 2435 1872 2500 Itaque

300 2529 487 2580 denuo
525 2526 822 2580 commisso
881 2525 932 2578 iu
989 2523 1312 2580 Caramauia
1356 2525 1568 2591 prselio.
1622 2525 1872 2579 sullanus

303 2616 500 2670 Zemes
564 2617 763 2670 iterum
801 2616 974 2670 victus
1013 2614 1079 2668 ad
1109 2630 1259 2668 mare
1298 2613 1559 2684 profugit,
1590 2623 1644 2668 et
1677 2616 1727 2668 iu
1764 2613 1873 2670 Ita-

311 2709 441 2760 Iiaut
469 2722 527 2760 se
568 2706 796 2772 recepit.
863 2705 1001 2759 Hinc
1062 2707 1266 2759 castris
1324 2709 1507 2768 motis,
1557 2705 1868 2762 Constanti-

311 2800 556 2868 rmpolim
586 2797 836 2852 sultanus
873 2796 1138 2865 Bajazitcs
1182 2797 1340 2861 abiit,
1389 2805 1555 2865 atque
1592 2798 1717 2857 inde
1748 2814 1870 2868 pro-

301 2891 479 2945 fer-tus
508 2900 587 2944 est
633 2887 1100 2958 Ilatlriaquolim.

375 2984 541 3038 Nocte
588 2992 740 3038 sexta
801 2982 1007 3037 mensis
1053 2981 1358 3045 Schevalis,
1433 2999 1623 3040 omnes
1679 2984 1744 3039 ad
1811 3001 1869 3038 se

1978 1905 2042 1943 ea
2071 1903 2322 1960 suscepta
2345 1892 2446 1947 fuit
2469 1896 2776 1964 expeditio:
2806 1908 3027 1969 totaque
3057 1906 3280 1970 regione
3305 1906 3540 1974 direpta,

1980 1997 2176 2050 magna
2208 2000 2330 2038 cum
2373 1988 2552 2054 praeda
2593 1989 2923 2046 discessum.

2051 2071 2186 2127 Dum
2227 2076 2338 2130 lmc
2372 2079 2425 2131 iu
2464 2077 2726 2135 Romania
2757 2096 3095 2152 gererentur,
3141 2090 3341 2145 Aicairi
3369 2095 3541 2148 sulta-

1977 2179 2084 2218 nus
2135 2166 2203 2219 ab
2254 2182 2359 2219 una
2413 2178 2565 2236 parte
2619 2185 2677 2225 se
2719 2178 3014 2230 commovit
3046 2193 3168 2231 cum
3229 2182 3364 2242 suis,
3399 2199 3536 2252 quos

1976 2256 2118 2310 inter
2167 2268 2287 2312 erat
2344 2259 2556 2315 Usrmes
2590 2262 2837 2334 Usbegus
2873 2284 2888 2333 ;
2928 2279 2980 2322 et
3025 2285 3150 2322 suas
3196 2287 3534 2342 suorumque

1974 2346 2225 2413 cupiasiu
2259 2349 2390 2402 locis
2415 2352 2620 2407 Adauis
2651 2370 2713 2408 ac
2733 2358 2900 2412 'I‘erso
2932 2360 3252 2430 interiectis,
3277 2368 3530 2438 collegit:

1973 2437 2042 2489 ab
2076 2439 2244 2492 altera
2286 2441 2486 2496 sultani
2543 2443 2800 2514 Bajazitis
2825 2461 2996 2518 parte,
3056 2453 3343 2525 Saugiachi
3382 2437 3527 2514 Aua-

1975 2530 2140 2594 toliat,
2201 2531 2441 2602 itemque
2487 2535 2754 2595 Ferliales
2790 2543 2980 2612 begus,
3033 2549 3234 2602 sultaui
3277 2551 3527 2622 Bajazitis

1973 2636 2157 2686 gener,
2201 2623 2542 2682 Caramanire
2607 2631 2983 2704 lii-glerbcgus,
3039 2638 3307 2710 Caragosa
3343 2645 3530 2716 begus,

1973 2713 2281 2782 congregati
2306 2731 2325 2778 7;
2355 2717 2562 2784 junctis
2595 2724 2946 2786 exercitibus,
3005 2738 3195 2784 contra
3228 2713 3536 2791 Sullaninos

1976 2803 2322 2860 Alcaireuses
2348 2810 2576 2876 profecti
2639 2824 2785 2867 sunt.
2841 2817 2945 2894 Ubi
2978 2832 3194 2875 ventum
3233 2825 3297 2878 ad
3341 2844 3539 2883 manus

1972 2906 2141 2955 esset.
2186 2898 2255 2952 ab
2315 2910 2542 2972 utraque
2591 2911 2745 2973 parte
2785 2923 2917 2964 sane
2965 2927 3125 2980 quam
3194 2917 3422 2972 viriliter
3462 2923 3540 2972 dz-

1977 2989 2272 3046 micarunt.
2335 2992 2605 3051 Sultauiui
2659 2999 2896 3066 denique
2977 3004 3299 3073 Bajaziticos
3391 3024 3535 3082 terga

302 3077 514 3130 vexit-es
573 3090 706 3131 suos
739 3076 1011 3140 invitavit,
1065 3091 1172 3128 .una
1217 3091 1338 3130 cum
1366 3076 1585 3132 Geduce
1612 3077 1866 3130 Achmete
1895 3109 1940 3170 ο
1977 3083 2106 3135 dare
2130 3097 2451 3154 coegerunt,
2515 3091 2632 3158 ipso
2666 3097 2832 3147 etiam
2881 3095 3136 3166 Bajazitis
3173 3120 3398 3173 genero,
3441 3076 3535 3162 F2.

303 3171 463 3224 nassa
501 3182 654 3237 :quo
681 3165 896 3236 quidem
961 3167 1016 3221 in
1065 3167 1313 3221 convivio
1357 3169 1540 3222 vinum
1598 3183 1731 3222 cum
1788 3169 1866 3222 eis

303 3261 510 3324 hausit,
535 3268 583 3312 et
605 3258 895 3326 unicuique
927 3258 1090 3312 veniri
1120 3268 1319 3314 vestem
1364 3259 1605 3322 donavit,
1637 3271 1865 3328 excepto

300 3348 520 3406 Ccduce
567 3351 828 3405 Achmete
869 3351 1047 3414 bassa,
1087 3365 1247 3421 quem
1298 3363 1352 3405 et
1402 3353 1630 3406 interlici
1681 3354 1864 3422 jussit,

300 3457 450 3496 anno
481 3444 579 3499 887
605 3444 760 3512 (Chr.
797 3444 978 3505 1485).

382 3535 580 3590 Eodem
605 3543 852 3605 tempore
904 3545 1151 3590 mortuus
1191 3546 1270 3590 est
1331 3534 1614 3589 Caramani
1666 3536 1868 3604 princi-

302 3626 391 3696 pis
447 3626 611 3689 ﬁlius,
660 3627 900 3680 Casanes
934 3627 1126 3696 begus,
1189 3641 1352 3696 quem
1383 3626 1438 3678 in
1464 3628 1719 3681 comitatu
1765 3644 1866 3681 suo

306 3714 571 3780 Bajazites
617 3717 817 3771 alebat.

377 3805 516 3859 Hine
575 3820 826 3877 suscepta
873 3808 1136 3880 Bajazites
1200 3811 1566 3880 expeditione,
1649 3809 1866 3876 Sophim

300 3910 518 3967 tempus
544 3901 610 3954 ad
643 3901 861 3970 aliquod
912 3903 1178 3968 substitit,
1215 3903 1308 3956 ubi
1349 3919 1600 3972 magnam
1631 3903 1864 3956 militum

299 4004 520 4042 manum
553 3990 837 4043 collectam
873 3991 1124 4044 habebat.
1178 3989 1379 4043 Horum
1437 3991 1699 4059 majorem
1745 4005 1868 4058 par-

297 4087 413 4132 tem
448 4081 513 4132 ad
549 4079 771 4134 ﬂuvium
799 4080 1071 4134 Moravam
1125 4082 1294 4142 misit,
1330 4082 1514 4151 ibique
1551 4085 1686 4136 duas
1709 4098 1863 4135 arces

297 4180 516 4223 vett-res
552 4173 878 4224 communiri
932 4173 1120 4240 jussit.
1179 4172 1393 4237 Quibus
1447 4172 1864 4242 expeditis,So-

299 4265 424 4330 pnia
488 4264 1024 4333 Constantinopolim
1080 4276 1331 4320 reversus
1409 4275 1521 4329 est,
1561 4278 1706 4318 anno
1761 4264 1865 4318 888

295 4355 454 4422 (Chr.
477 4354 657 4423 ttat).

1974 3172 2127 3226 rbate
2153 3174 2307 3243 bego,
2342 3177 2686 3250 interempto.

2036 3265 2196 3335 333
2230 3267 2344 3322 Non
2385 3272 2552 3324 multo
2592 3284 2713 3342 post
2760 3278 2928 3331 edixit
2983 3281 3265 3352 Bajazites,
3295 3290 3370 3342 uti
3417 3290 3532 3344 Mu-

1969 3355 2243 3413 chemetes
2278 3360 2466 3430 begus,
2522 3363 2774 3420 Clieseris
2829 3370 2946 3440 begi
3000 3374 3178 3440 ﬁlius,
3211 3394 3335 3432 eum
3375 3383 3530 3435 άιιρξς

1971 3447 2098 3512 ﬁlio,
2130 3451 2219 3518 qui
2251 3452 2598 3525 beglerbegus
2631 3457 2904 3515 Romaniut
2928 3477 3143 3520 creatus
3174 3480 3308 3532 erat,
3335 3474 3529 3527 [torna-

1969 3540 2071 3593 nite
2105 3541 2360 3610 copiasin
2402 3544 2706 3600 Anatolium
2733 3551 3130 3619 transjicerent,
3162 3565 3216 3610 et
3244 3573 3529 3629 assump'o

1969 3634 2257 3687 Anatolii-:0
2315 3637 2501 3700 milite,
2567 3641 2842 3696 sullanum
2885 3646 3086 3700 Alcairi
3145 3649 3282 3703 bello
3314 3654 3529 3706 invadi--

1969 3733 2111 3778 rent.
2144 3725 2240 3780 His
2271 3727 2436 3790 igitur
2467 3729 2724 3800 Bajazitis
2751 3735 2980 3805 imperio
3019 3742 3356 3806 parent‘bus,
3385 3759 3530 3797 recta

1968 3815 2171 3882 petitus
2213 3819 2383 3872 hostis
2413 3835 2430 3872 τ
2465 3824 2557 3888 qui
2597 3837 2722 3876 cum
2755 3836 2808 3879 et
2839 3827 2954 3895 ipse
2987 3842 3208 3896 paratus
3254 3835 3318 3885 ad
3368 3835 3531 3887 dirui-

1967 3909 2202 3961 candum
2234 3921 2401 3972 esset,
2434 3913 2691 3982 utrinque
2729 3931 3063 3972 concursum
3095 3925 3365 3976 acerrimo
3397 3941 3527 3993 prae—

1969 3998 2061 4062 lio,
2089 4015 2198 4067 quo
2236 4003 2389 4056 ducis
2424 4003 2588 4066 ﬁlius,
2639 4007 2928 4064 Achmetes
2989 4011 3168 4077 bassa,
3220 4030 3346 4068 cum
3389 4033 3529 4084 equo

1968 4092 2274 4160 prolapsus,
2307 4095 2358 4146 iu
2382 4096 2793 4151 Sultauiuorum
2823 4117 3016 4156 manus
3053 4108 3200 4166 venit
3231 4125 3242 4160 :
3277 4117 3329 4160 et
3362 4109 3527 4160 dedu-

1968 4190 2089 4234 etus
2121 4182 2186 4234 ad
2224 4183 2519 4251 Usbegum,
2551 4191 2812 4242 custodim
2833 4195 3067 4249 traditus
3102 4196 3218 4252 fuit.
3254 4199 3525 4268 Ingentem

1969 4269 2250 4337 Bajazitici
2287 4273 2495 4327 cladem
2530 4275 2580 4328 id
2615 4281 2874 4348 temporis
2909 4299 3254 4354 acceperunt,
3286 4305 3404 4356 qua:
3431 4291 3526 4342 Ba-

1967 4361 2116 4429 jaziti
2148 4365 2445 4433 signiﬁcata
2474 4384 2596 4422 cum
2629 4370 2838 4439 fuisset,
2875 4376 3106 4429 vezirem
3173 4394 3353 4443 suum,
3391 4382 3525 4434 Dau—

374 4444 555 4497 Mense
611 4447 891 4516 Itebjulula
924 4487 938 4511 ,
998 4447 1085 4502 die
1164 4449 1396 4517 quodam
1480 4448 1686 4512 Martis,
1734 4450 1864 4503 urbs
1898 4447 1940 4501 ἰ)
1969 4453 2090 4507 dem
2121 4455 2359 4517 bassam,
2398 4463 2714 4528 prmpotenti
2754 4479 2873 4516 cum
2905 4470 3147 4521 exercitu
3195 4484 3380 4524 contra
3410 4477 3525 4527 sul-

295 4522 842 4604 Iladriauopolitana,
910 4554 1036 4593 cum
1088 4541 1344 4592 omnibus
1379 4540 1444 4592 ad
1477 4539 1861 4593 disrralieudas

297 4641 532 4689 metues,
592 4629 881 4684 exstructis
937 4629 1205 4695 adiﬁciis,
1288 4630 1410 4698 igne
1487 4629 1859 4697 conﬂagravit.

299 4717 502 4772 Ibidem
560 4718 725 4772 etiam
820 4720 871 4774 id
914 4721 1180 4790 temporis
1239 4720 1504 4790 Bajasites
1581 4718 1859 4775 Xenonem

297 4809 534 4864 condere
560 4823 784 4880 prepter
823 4813 1021 4866 ﬁumen
1059 4813 1225 4881 cepit.
1246 4812 1376 4865 lude
1416 4813 1611 4867 castris
1629 4810 1862 4865 Hadria-

299 4903 480 4970 nopoli
533 4903 721 4966 motis,
763 4903 1084 4958 Moldaviam
1109 4903 1364 4970 transiit;
1381 4913 1436 4957 et
1461 4913 1641 4956 arcem
1660 4902 1858 4957 Cltilim

296 4994 604 5061 occupavit.
647 4991 832 5063 Neque
872 4995 1042 5048 multo
1089 5004 1236 5062 post,
1290 4993 1377 5047 die
1414 4994 1650 5062 quodam
1715 4993 1861 5046 Mer-

292 5079 456 5145 curii,
515 5081 683 5135 etiam
711 5096 892 5136 arcem
943 5082 1241 5146 Cbermen,
1297 5082 1489 5137 iisdem
1545 5083 1600 5136 in
1660 5084 1861 5138 ﬁnibus

298 5170 486 5244 sitam,
541 5171 596 5225 in
657 5181 984 5240 potestatem
1043 5174 1273 5242 redegit.
1335 5174 1514 5243 Atque
1553 5176 1701 5228 omni
1754 5175 1859 5230 hoc

294 5275 427 5328 agro
469 5261 698 5329 potitus,
752 5272 959 5318 mutata
1011 5263 1365 5331 profectione,
1415 5264 1856 5337 Hadrianopolim

292 5351 470 5415 rediit,
492 5367 635 5406 anno
662 5352 766 5408 889
791 5354 938 5424 (Chr.
971 5355 1152 5422 M85).

356 5441 510 5496 Tunc
561 5455 616 5497 et
650 5444 834 5500 lumen
863 5447 998 5502 solis
1028 5447 1249 5514 defecit,
1284 5457 1340 5504 et
1386 5449 1639 5505 aultanus
1700 5450 1858 5520 Baja-

290 5534 426 5588 zites
487 5549 684 5590 versus
730 5535 846 5591 loca
881 5548 1168 5606 montana,
1227 5541 1506 5594 recreandi
1537 5542 1622 5595 sui
1672 5557 1856 5606 causa,

290 5639 346 5677 se
378 5627 632 5682 contulit.
663 5627 765 5681 Hic
795 5643 920 5684 eum
983 5631 1168 5684 adiere
1229 5630 1394 5699 legati
1447 5640 1579 5695 tres,
1627 5646 1856 5700 quorum

293 5728 433 5770 unus
459 5731 523 5769 ex
553 5718 704 5770 India
733 5719 936 5774 missus
983 5721 1156 5774 {iterat
1207 5721 1346 5775 alter
1397 5722 1632 5788 Alcairo,
1668 5726 1858 5778 tertius

609 5809 873 5870 Parnm.
911 5819 953 5875 (ἶ
967 5837 1024 5875 τι,
1059 5814 1253 5874 CLIX.

1966 4555 2151 4598 tauum
2184 4546 2383 4600 Alcairi
2421 4551 2592 4604 misit.
2634 4550 2851 4608 Minime
2879 4571 3004 4609 vero
3036 4559 3210 4613 territi
3242 4564 3522 4625 sultanini,

1964 4651 2089 4689 mox
2116 4637 2164 4689 ei
2191 4651 2314 4693 eum
2337 4640 2450 4693 suis
2465 4642 2678 4695 obviam
2709 4647 2979 4714 progressi
3011 4661 3156 4705 sunt.
3187 4651 3398 4708 Daudcs
3422 4657 3524 4709 illis

1969 4727 2111 4781 haud
2145 4736 2551 4788 occurrendum
2589 4744 2760 4800 ratus,
2812 4749 3025 4795 malure
3061 4753 3217 4812 capto
3258 4749 3527 4802 mutanda:

1963 4820 2316 4885 profectionis
2344 4825 2595 4888 consilio,
2643 4839 2788 4883 retro
2818 4831 2973 4885 duxit
3022 4836 3342 4896 exercitum,
3384 4841 3520 4892 Adiit

1964 4910 2068 4966 hoc
2102 4913 2153 4964 in
2193 4915 2387 4969 itinere
2418 4916 2654 4972 Daudem
2688 4920 2973 4979 Aladeules
3030 4927 3335 4994 Dulgadiris
3392 4931 3522 4992 dux,

1961 5001 2050 5053 eui
2095 5018 2346 5073 magnum
2384 5007 2496 5076 ipse
2516 5009 2776 5066 honorem
2803 5015 3072 5069 exhibuit.
3104 5016 3461 5086 Posteaquam
3495 5039 3520 5070 τι

1964 5093 2256 5148 sultaninis
2311 5111 2370 5151 se
2404 5097 2616 5156 Daudes
2644 5105 2952 5170 avertisset,
2987 5105 3382 5164 Varsacensem
3444 5112 3519 5162 dl-

1966 5183 2164 5236 tioncm
2191 5185 2487 5254 ingressus,
2509 5205 2761 5259 proceres
2790 5197 2983 5265 partim
3017 5200 3070 5252 in
3095 5200 3306 5254 vincula
3338 5203 3512 5268 conje-

1961 5273 2056 5334 cit,
2082 5278 2276 5343 partim
2309 5281 2525 5347 occidit,
2579 5289 2776 5352 partim
2829 5288 3222 5346 interveniente
3279 5302 3520 5347 transac-

1961 5365 2109 5418 tioue
2141 5369 2340 5436 recepit
2370 5370 2422 5424 in
2451 5376 2700 5438 gratiam,
2745 5375 3079 5448 fortunisque
3106 5381 3222 5434 suis
3260 5383 3518 5436 restituit.

1961 5453 2326 5527 Turgureusis
2379 5465 2670 5529 provincia:
2722 5483 2975 5536 proceres
3015 5471 3344 5526 saluti-sua:
3397 5473 3519 5542 fuga

1961 5551 2304 5606 consuluere.
2340 5554 2578 5610 Tandem
2618 5566 2796 5613 tamen
2850 5561 3140 5631 impetrato
3174 5565 3326 5620 salvo
3374 5581 3519 5619 com-

1962 5652 2139 5695 meatu
2173 5641 2408 5698 Daudem
2459 5648 2672 5702 bassam
2731 5653 3003 5720 adierunt,
3048 5663 3104 5708 et
3134 5671 3263 5724 pace
3286 5671 3411 5710 cum
3451 5674 3517 5710 eo

1963 5733 2196 5796 saucita,
2241 5747 2644 5792 sacramentum
2705 5745 3096 5811 praestiterunt.
3159 5745 3251 5802 liis
3311 5749 3518 5800 eiii-etis

3080 5844 3160 5899 20
