4026 6204
468 358 479 363 _
516 264 642 335 eis

1788 248 2138 320 ANNALES
2165 247 2512 317 TURCICI.

3662 238 3768 311 i390

536 372 729 449 rebus,
763 377 972 434 Daudes
1010 380 1360 432 exauctorato
1395 371 1571 430 milite
1627 382 1878 426 reversus
1911 380 1995 425 est
2038 369 2103 422 ad
2134 376 2181 430 Α
2280 367 2552 437 Bajazites
2590 378 2841 435 magnam
2880 378 3076 418 rursus
3107 358 3340 427 militum
3398 375 3608 416 manum
3660 364 3771 417 col-

538 474 812 530 sultanum
845 468 1163 541 Bajazitem,
1195 465 1290 537 qui
1327 474 1460 520 tunc
1506 464 1559 519 in
1611 464 1832 534 regione
1880 461 2106 517 Visena-

539 565 681 622 hiesi
706 563 948 632 degebat.

610 654 767 710 Venit
799 652 854 706 id
897 648 1156 719 temporis
1196 646 1261 701 ad
1292 645 1582 714 Bajazitem
1636 644 1846 713 legatus
1885 657 1950 697 ex
1994 639 2108 694 Uit-

541 748 713 818 garia,
744 745 827 798 vir
850 741 1062 796 eximire
1099 738 1403 809 dignitatis,
1436 737 1524 790 cui
1562 750 1756 790 nomen
1783 732 2109 788 Jachoschi-

541 841 680 894 eius.
716 837 765 891 ls
788 834 853 889 ad
887 834 1164 889 sultauum
1199 830 1488 890 adductus,
1520 837 1574 882 et
1628 824 1957 895 pet-benigne
2008 824 2112 877 fuit

542 930 784 985 auditus.
851 926 1114 995 Expedita
1173 921 1467 991 legatione.
1530 926 1735 973 vestem
1790 932 1819 971 a
1874 915 2112 985 Bajazite

544 1026 708 1083 dono,
733 1035 831 1089 pro
862 1033 1014 1073 more
1046 1016 1221 1086 gentis
1245 1014 1473 1081 accepit,
1536 1023 1591 1065 et
1618 1011 1921 1070 admodum
1946 1010 2112 1063 hono-

544 1112 693 1164 rifice
721 1109 1057 1177 benigneque
1086 1103 1344 1158 dimissus
1373 1102 1494 1155 fuit.
1525 1099 1581 1153 lu
1606 1099 1801 1152 itinere
1830 1112 1980 1156 vero.
2004 1111 2112 1164 quo

547 1207 767 1275 domum
805 1199 1079 1255 rediturus
1133 1205 1275 1260 erat,
1339 1209 1461 1248 cum
1487 1192 1598 1263 jam
1624 1190 1955 1245 Semendriae
1980 1190 2113 1243 lines

549 1293 838 1363 attigisset,
888 1289 1109 1359 quidam
1173 1299 1340 1356 eques
1376 1283 1664 1347 Turcieus,
1703 1280 1787 1335 vir
1836 1279 2112 1344 militaris,

547 1387 630 1438 cui
651 1398 842 1439 nomen
877 1380 1050 1435 Gases
1085 1377 1419 1447 Mustaplias,
1450 1384 1504 1429 et
1530 1375 1623 1445 qui
1657 1372 1795 1427 forte
1821 1379 1936 1426 tum
1974 1380 2112 1424 tem-

550 1474 697 1543 poris
732 1472 850 1526 istic
884 1479 1024 1533 erat,
1064 1482 1206 1537 equo
1234 1478 1562 1528 conscenso,
1614 1463 1849 1531 legatum
1896 1473 2117 1530 aggres-

550 1579 644 1615 sus
673 1571 778 1624 est,
801 1568 853 1613 et
879 1557 1103 1612 acinace
1154 1568 1254 1609 suo
1286 1564 1394 1607 tam
1436 1551 1670 1621 graviter
1702 1547 2027 1607 vulneravit,
2059 1553 2118 1599 ut

551 1651 835 1707 confestim
864 1650 934 1703 ibi
966 1660 1192 1701 mortem
1225 1653 1522 1714 oppeteret.
1553 1642 1610 1695 ιιι
1644 1641 1717 1694 uti
1757 1640 1977 1701 faceret,
2005 1640 2119 1692 haec

2210 461 2359 529 legit,
2397 470 2448 515 et
2488 460 2542 514 in
2595 456 2905 512 Anatoliam
2966 454 3289 521 transmisit,
3347 453 3478 506 dato
3514 454 3587 507 eis
3637 454 3769 509 duce

2208 551 2535 605 lschendere
2562 552 2720 620 bego,
2766 536 3047 605 Michaelis
3094 548 3203 601 filio
3235 565 3247 600 :
3298 546 3391 600 cui
3426 547 3684 614 praecepit.
3714 557 3771 600 ut

2210 644 2456 698 Aladeuli
2488 644 2796 714 Dulgadiris
2838 643 2959 696 duci
3003 641 3202 696 bellum
3267 638 3519 692 inferret.
3554 637 3614 691 Hi
3659 656 3767 691 cum

2211 738 2365 792 ducis
2392 738 2523 790 fines
2554 734 2782 803 ingressi
2819 734 3071 793 fuissent,
3106 746 3288 785 rerum
3328 744 3552 783 suarum
3586 730 3769 786 securi.

2224 835 2371 880 tutos
2396 824 2620 879 omnino
2643 839 2701 879 se
2720 825 3003 893 putabant.
3029 823 3106 875 lbi
3138 832 3250 873 tum
3277 834 3378 873 eos
3406 833 3470 871 ex
3499 819 3772 886 improviso

2216 919 2441 971 adortus
2494 916 2807 977 Aladeules,
2862 915 3076 969 duobus
3134 911 3484 967 lschenderis
3514 911 3627 978 begi
3660 910 3773 962 ﬁliis

2217 1008 2542 1073 interfectis,
2575 1008 2751 1076 ipsum
2786 1007 2950 1061 etiam
2984 1003 3366 1059 Ischeuderem
3404 1001 3588 1053 vivum
3626 1000 3773 1064 cepit,

2213 1108 2268 1155 et
2290 1100 2565 1154 Alcairum
2598 1100 2816 1153 sultano
2857 1098 3021 1151 misit.
3058 1096 3169 1150 [iac
3196 1093 3350 1148 clade
3380 1099 3624 1160 accepta,
3650 1091 3779 1142 ulhi‘

2216 1190 2458 1244 lominus
2488 1188 2687 1259 insigni
2712 1184 2989 1257 'Bajazites
3026 1180 3429 1254 magnificentia
3464 1181 3621 1236 trium
3653 1180 3775 1234 filia-

2217 1295 2338 1335 rum
2402 1281 2620 1349 nuptias
2672 1278 3027 1333 celebravit:
3077 1290 3314 1345 quarum
3374 1288 3482 1327 una
3515 1274 3634 1326 data
3687 1272 3778 1325 fuit

2219 1384 2356 1423 uxor
2385 1367 2814 1422 Usumchasanis
2849 1367 2981 1433 filio,
3036 1365 3202 1419 altera
3233 1362 3460 1431 Usgulis
3493 1377 3522 1417 e
3561 1361 3665 1414 filio
3693 1376 3775 1413 ne-

2218 1461 2350 1528 poti,
2373 1459 2531 1514 tertia
2558 1460 2763 1513 Daudis
2792 1461 2964 1515 bassaa
2991 1457 3121 1513 lilio.
3147 1455 3283 1511 Post
3306 1470 3404 1510 eas
3440 1455 3673 1523 nuptias,
3694 1453 3781 1506 de-

2220 1562 2331 1605 nuo
2357 1549 2551 1603 litteris
2582 1549 2709 1603 hinc
2735 1549 2858 1602 inde
2880 1548 3087 1609 missis,
3121 1545 3422 1601 convenire
3458 1542 3651 1598 milites
3678 1540 3782 1609 jus-

2219 1645 2292 1697 sit
2325 1643 2452 1711 :qui
2481 1641 2609 1696 dum
2659 1640 2713 1694 in
2742 1640 2857 1694 dies
2893 1640 2958 1693 ad
2990 1654 3113 1693 eum
3145 1637 3514 1701 conﬂuerent,
3550 1635 3681 1688 forte
3718 1635 3784 1685 le-

554 1762 679 1801 eutn
720 1742 1013 1812 impulerat
1062 1755 1251 1801 causa,
1294 1736 1437 1805 quod
1473 1751 1594 1789 cum
1648 1732 1944 1801 aliquando
1974 1730 2119 1799 lega-

2236 1743 2379 1802 gatus
2410 1734 2479 1787 ab
2534 1733 2839 1787 Alcairensi
2875 1733 3090 1787 sultano
3122 1734 3328 1787 missus
3363 1729 3605 1784 advenit.
3658 1727 3779 1781 Eum

552 1849 640 1892 tus
675 1837 762 1891 ille
786 1832 967 1889 Gasim
998 1831 1339 1899 Mustapliam
1376 1842 1499 1881 cum
1519 1826 1685 1879 fratre
1720 1823 1994 1893 captivum
2021 1822 2117 1876 de-

552 1930 774 1993 tineret,
835 1924 1138 1993 Mustaphae
1172 1918 1396 1975 fratrem
1431 1934 1560 1972 veru
1618 1916 2008 1979 translixisset,
2042 1914 2121 1983 ip-

555 2037 791 2090 sumque
818 2017 1163 2085 Mustapbam
1197 2013 1483 2081 coegisset,
1515 2019 1573 2064 ut
1597 2011 1700 2065 hoc
1735 2008 1897 2062 modo
1931 2018 2122 2081 trans-

557 2118 886 2169 fixum-veru
950 2106 1172 2159 fratrem
1221 2117 1537 2174 germanum
1586 2106 1841 2155 assaret:
1875 2095 2124 2152 excussis

554 2202 734 2256 eidem
777 2199 931 2252 Casus
968 2194 1265 2263 Mustaphze
1330 2192 1547 2260 triginta
1588 2188 1803 2243 duobus
1869 2184 2125 2240 dentibus

556 2292 692 2346 suis.
735 2285 848 2340 Hac
874 2299 1002 2353 ergo
1038 2282 1103 2335 de
1131 2296 1295 2334 causa
1328 2285 1598 2348 repertum
1648 2276 1719 2329 ibi
1775 2276 2007 2343 legatum
2037 2289 2127 2328 oc-

558 2380 711 2442 cidit,
772 2386 1082 2444 quanquam
1113 2380 1166 2423 et
1214 2369 1329 2437 ipse
1369 2365 1540 2421 Gases
1592 2364 1905 2434 Mustapltas
1937 2363 2125 2417 eodem

557 2472 677 2525 loco
736 2466 1051 2524 vulneribus
1110 2462 1393 2517 confectus
1464 2457 1680 2513 vivendi
1745 2458 1904 2511 tinem
1979 2455 2125 2510 fecit.

559 2558 890 2619 Acciderunt
933 2559 1046 2612 haec
1102 2571 1246 2610 anno
1276 2554 1370 2609 89l
1413 2552 1562 2624 (Chr.
1593 2551 1775 2613 H87).

631 2654 942 2711 Secundum
974 2651 1088 2705 haec
1142 2647 1420 2717 profectus
1474 2659 1538 2698 ex
1579 2643 1826 2697 Analolia
1880 2644 2130 2698 sultanus

558 2747 850 2819 Bajazites,
884 2739 1412 2809 Constantinopolim
1449 2736 1597 2791 venit
1631 2758 1643 2790 :
1687 2746 1740 2795 est
1781 2735 1966 2790 missis
2003 2735 2132 2789 hinc

562 2839 690 2894 inde
723 2852 817 2908 per
847 2848 1039 2890 omnes
1072 2832 1381 2901 provincias
1412 2844 1539 2883 suas
1568 2827 1858 2894 mandatis,
1889 2841 1955 2880 ex
1990 2831 2132 2880 Ana-

563 2931 694 2987 tolia
719 2926 1092 2995 Romaniaque
1120 2937 1377 2992 magnum
1415 2919 1588 2987 coegit
1617 2920 1940 2980 exercitum,
1977 2932 2133 2971 eum-

567 3022 849 3094 que'misit
881 3032 1071 3073 versus
1101 3014 1356 3069 Arabiam
1392 3028 1407 3068 :
1440 3027 1655 3067 summo
1698 3011 1978 3080 copiarum
2012 3023 2132 3061 om-

564 3117 719 3171 nium
757 3114 1085 3179 imperatore
1144 3105 1448 3173 designato,
1490 3102 1575 3155 Ali
1632 3103 1788 3156 bassa
1851 3096 2130 3153 eunucho.

565 3207 620 3262 Is
648 3204 738 3261 ubi
770 3216 896 3257 cum
928 3198 1097 3253 milite
1131 3195 1469 3266 pervenisset
1499 3192 1566 3247 ad
1614 3192 1885 3247 civitatem
1918 3191 2138 3245 Adano-

568 3310 714 3358 rum,
742 3306 921 3346 arcem
948 3287 1097 3343 urbis
1121 3282 1465 3345 instauravit,
1498 3280 1706 3345 refecit,
1739 3279 2134 3335 communivit:

566 3395 624 3441 et
644 3386 766 3440 aliis
798 3381 1123 3452 quibusdatn
1177 3375 1391 3446 oppidis
1448 3373 1646 3443 captis,
1679 3372 1927 3443 praesidia
1962 3373 2138 3442 impo-

571 3478 702 3540 suit,
754 3489 897 3527 auno
927 3470 1029 3524 893
1062 3469 1211 3537 (Chr.
1255 3465 1436 3533 1489).

644 3563 859 3616 Interea
888 3559 1014 3612 dum
1044 3556 1132 3609 bis
1164 3554 1382 3606 arcibus
1411 3550 1744 3619 occupandis
1780 3557 1834 3603 et
1855 3556 2143 3604 exstruen-

572 3654 664 3711 dis
716 3651 907 3706 intenti
958 3655 1088 3702 sunt
1141 3644 1445 3712 Bajazitici,
1496 3643 1656 3695 etiam
1685 3656 1751 3694 ex
1786 3641 1952 3694 altera
1994 3649 2142 3707 parte

574 3740 836 3801 sultanini
867 3737 1212 3807 expeditione
1245 3742 1519 3802 suscepta,
1556 3733 1607 3785 in
1642 3731 1850 3785 hostem
1912 3730 2141 3799 profecti

575 3846 723 3893 sunt.
754 3832 1069 3903 Congressis
1099 3827 1448 3889 exercitibus,
1473 3824 1767 3879 vehemens
1790 3823 2141 3877 commissum

574 3930 677 3984 fuit
714 3927 981 3997 praelium.
1032 3922 1109 3975 Ae
1146 3920 1359 3974 tametsi
1385 3917 1787 3972 sultaninorutn
1831 3915 1976 3969 acies
2008 3926 2146 3968 tan—

574 4024 697 4077 dem
722 4019 911 4075 solulte
930 4016 1346 4085 dissiparentur,
1369 4028 1476 4065 non
1498 4019 1679 4064 tamen
1708 4026 1903 4079 passus
1925 4017 2008 4063 est
2030 4008 2146 4063 Alis

576 4116 736 4169 bassa
762 4111 989 4185 militem
1021 4122 1179 4163 suum
1201 4122 1229 4160 a
1265 4116 1413 4172 tergo
1435 4120 1531 4158 eos
1554 4104 1804 4173 persequi
1840 4122 1851 4155 :
1880 4104 2023 4171 quod
2054 4118 2148 4155 ve-

576 4216 808 4268 reretur,
844 4215 910 4253 ne
938 4199 1062 4254 belli
1095 4213 1152 4253 se
1181 4202 1523 4251 converteret
1562 4194 1680 4247 alea
1709 4212 1721 4248 :
1751 4193 2017 4262 simulque
2047 4206 2148 4261 pu-

576 4305 734 4360 taret,
775 4295 907 4347 satis
947 4306 1004 4345 se
1039 4298 1393 4344 consecutum
1434 4286 1639 4356 gloriae,
1675 4288 1769 4354 qui
1840 4295 1946 4339 tam
1973 4284 2148 4339 felici-

575 4396 661 4458 ter
696 4386 922 4441 hostiles
956 4382 1142 4451 copias
1193 4379 1505 4448 disiecisset
1536 4394 1549 4431 :
1581 4376 1881 4432 cavendum
1914 4376 2149 4445 denique

577 4487 842 4539 censeret,
881 4488 947 4528 ne
979 4472 1062 4527 sui
1100 4470 1269 4524 nimio
1304 4468 1490 4522 labore
1513 4465 1958 4536 defatigarentur.
1989 4465 2144 4519 ldeo-

576 4583 683 4636 que
715 4565 875 4619 motis
907 4564 1032 4616 hinc
1063 4560 1282 4620 castris,
1315 4559 1536 4611 domum
1595 4556 1822 4610 militem
1868 4571 2030 4610 suum
2062 4572 2148 4611 re-

576 4657 751 4712 duxit.
783 4654 1075 4723 Postquam
1130 4664 1258 4704 Vcl‘o
1289 4645 1569 4716 Bajazitici
1604 4645 1994 4710 discesserant.
2027 4645 2149 4701 Sul-

580 4746 750 4802 tanini
809 4746 925 4799 suis
960 4743 1141 4797 denuo
1215 4739 1480 4804 collectis,
1531 4738 1720 4793 Adaua
1770 4740 2116 4807 Tersumque

577 4842 825 4895 civitates
848 4834 1136 4890 obsidione
1163 4832 1454 4887 cinxerunt
1495 4846 1509 4883 :
1567 4831 1769 4899 quibus
1829 4846 1951 4885 cum
1986 4829 2151 4899 potiri

578 4947 687 4988 non
715 4937 959 5000 possent,
994 4925 1182 4994 cepias
1231 4910 1355 4979 inde
1385 4938 1512 4978 suas
1540 4923 1908 4977 abduxerunt.
1943 4924 2146 4977 Verum

580 5038 689 5077 nou
727 5020 896 5074 multo
926 5025 1068 5088 post,
1099 5021 1494 5070 tormentorum
1517 5024 1571 5067 et
1589 5012 1815 5066 aliarum
1845 5027 2028 5067 rerum
2051 5029 2151 5081 ap-

578 5124 770 5186 paratu
810 5110 1084 5174 instructi,
1119 5121 1309 5162 rursus
1350 5105 1526 5159 adorti
1563 5114 1691 5159 sunt
1725 5105 1932 5169 Adaua,
1966 5117 2016 5159 et
2058 5122 2148 5161 ex-

581 5213 871 5277 pugnatam
901 5202 1051 5256 urbis
1080 5214 1260 5253 arcem
1290 5200 1598 5262 diruerunt,
1631 5209 1793 5268 atque
1825 5198 1895 5252 ita
1928 5199 2146 5252 domum

580 5296 782 5352 reversi
813 5301 964 5357 sunt,
1002 5308 1145 5346 anno
1176 5290 1280 5345 895
1312 5290 1466 5361 (Chr.
1510 5289 1692 5359 H90).

648 5389 803 5442 Tunc
827 5396 883 5441 et
906 5387 990 5440 die
1017 5387 1252 5454 quodam
1290 5382 1462 5446 Jovis,
1493 5383 1637 5437 circa
1668 5383 1972 5446 meridiem,
2005 5382 2148 5436 Con-

575 5478 930 5549 stantinOpoli
954 5488 1095 5531 terra
1127 5485 1273 5530 mota
1298 5475 1537 5540 tremuit,
1557 5485 1610 5529 et
1632 5476 1801 5529 multa
1826 5483 2154 5530 corruerunt

576 5572 825 5631 aedificia.
872 5570 997 5625 Fuit
1059 5579 1113 5625 et
1177 5568 1364 5623 Prusa
1429 5577 1643 5622 tantum
1715 5569 2051 5637 incendium,
2094 5578 2150 5621 ttt

579 5664 729 5720 urbis
786 5663 1037 5733 regiones
1085 5660 1156 5715 25
1188 5661 1626 5715 absumerentur.

2188 1822 2192 1826 ’
2224 1824 2493 1894 Bajazites
2533 1824 2836 1878 inauditum
2863 1824 3027 1894 jussit
3060 1822 3381 1878 abscedere.

2296 1915 2409 1970 lloc
2437 1924 2685 1985 tempore
2713 1915 3218 1985 Constantinopoli,
3253 1916 3347 1970 die
3378 1885 3610 1985 quodam
3640 1911 3777 1977 solis,

2224 2007 2402 2075 primo
2443 2006 2707 2071 diluculo.
2749 2008 2932 2077 pluere
2983 2008 3126 2076 cepit
3160 2024 3174 2061 :
3211 2017 3519 2075 secutoquc
3582 2005 3781 2065 tonitru,

2227 2104 2431 2149 tactum
2461 2095 2529 2150 de
2551 2096 2690 2151 coelo
2718 2098 2976 2165 templum
3008 2095 3172 2167 334
3209 2096 3338 2161 fuit,
3369 2097 3423 2151 in
3465 2110 3573 2167 quo
3626 2096 3783 2167 pulvis

2224 2186 2621 2241 tormentarius
2667 2202 2860 2258 magna
2900 2203 3021 2243 eum
3083 2188 3212 2244 nitri
3267 2190 3433 2257 copia
3492 2188 3786 2245 reconditus

2225 2284 2364 2331 erat.
2397 2275 2873 2334 iiacinﬂammata
2922 2281 3169 2343 materia.
3234 2280 3503 2350 templum
3558 2282 3720 2351 ipsum
3759 2292 3785 2331 e

2228 2367 2583 2423 fundamento
2616 2369 2907 2439 disiectum
2943 2369 3067 2434 fuit,
3093 2379 3146 2425 et
3176 2371 3325 2441 ignis
3368 2372 3555 2427 urbem
3616 2384 3788 2441 perva-

2227 2471 2406 2530 gatus,
2444 2476 2551 2515 non
2584 2462 2815 2531 plurima
2847 2462 3105 2519 duntaxat
3132 2462 3386 2529 aedilicia,
3422 2478 3603 2518 verum
3636 2464 3782 2516 etiam

2227 2555 2471 2621 quinque
2508 2553 2789 2608 hominum
2836 2554 3031 2618 millia.
3062 2555 3307 2625 cujusvis
3361 2555 3535 2609 aetatis
3563 2564 3613 2609 et
3640 2570 3786 2609 sexus

2231 2648 2557 2717 absumpsit.

2301 2740 2382 2795 Ab
2404 2742 2569 2795 altera
2594 2753 2748 2809 parte
2782 2741 3046 2797 sultanini
3080 2755 3273 2797 rursus
3303 2742 3646 2811 expeditione
3670 2754 3781 2793 sus-

2232 2840 2408 2898 cepta,
2457 2829 2763 2885 Larendam
2829 2842 3039 2901 captam
3075 2834 3461 2903 direptamque
3509 2830 3781 2885 succende-

2234 2932 2382 2987 runt,
2411 2932 2465 2976 et
2494 2925 2547 2976 in
2594 2924 2807 2978 cineres
2840 2926 3161 2995 redegerunt
3194 2968 3209 2992 ,
3251 2926 3495 2995 aliisque
3552 2931 3783 2994 pratcrea

2236 3011 2484 3079 spoliatis
2541 3012 2755 3083 oppidis
2787 3029 2851 3071 ac
2890 3014 3046 3080 vicis,
3082 3015 3308 3069 domum
3369 3015 3594 3070 rediere.
3642 3010 3784 3064 Periit

2245 3103 2443 3157 ibidem
2477 3116 2530 3160 et
2562 3104 2793 3177 Jacupes
2822 3108 3013 3177 begus,
3036 3107 3475 3167 Usumchasanis
3516 3106 3665 3164 filius.
3698 3107 3784 3160 Ac-

2242 3196 2496 3251 ciderunt
2519 3206 2695 3252 autem
2730 3199 2844 3253 hzec
2872 3214 3016 3254 anno
3045 3199 3171 3256 895.

2316 3286 2584 3357 Bajazites
2609 3286 2756 3343 hisce
2792 3288 2859 3343 de
2896 3290 3060 3344 rebus
3092 3292 3296 3346 certior
3336 3292 3526 3355 factus.
3548 3292 3784 3347 Constan-

2247 3379 2471 3447 tin0poli
2501 3377 2807 3445 discedens,
2844 3380 3227 3436 Gumulzinam
3265 3384 3430 3451 abiit,
3464 3400 3527 3439 ac
3568 3381 3785 3437 venando

2247 3479 2418 3525 semet
2461 3470 2771 3526 oblectavit.
2818 3471 3143 3527 Gumulz-ina
3200 3474 3418 3540 relicta,
3471 3470 3701 3545 Ypsalam
3733 3484 3784 3524 se

2248 3563 2500 3627 contulit,
2548 3564 2732 3632 ibique
2770 3567 2957 3631 paucis
2992 3566 3186 3621 diebus
3232 3570 3465 3634 exactis,
3511 3562 3785 3623 Consland-

2253 3658 2491 3725 n0polim
2531 3659 2713 3713 rediit.
2744 3657 2906 3711 Venit
2936 3658 3042 3712 huc
3072 3659 3138 3711 ad
3170 3673 3292 3711 eum
3336 3660 3541 3728 legatus
3564 3658 3684 3711 alter
3710 3655 3786 3707 Al-

2250 3750 2398 3801 cairo
2452 3749 2689 3802 missus:
2751 3764 2912 3816 quem
2963 3748 3379 3817 perhumaniter
3421 3756 3709 3817 exceptum,
3741 3754 3785 3797 et

2251 3840 2604 3908 amplissimis
2643 3841 2906 3893 donatum
2941 3842 3281 3907 muneribus,
3350 3845 3484 3896 bona
3514 3856 3628 3893 cum
3674 3848 3786 3906 pace

2251 3931 2477 3986 dimisit.
2509 3930 2691 4001 Neque
2722 3932 2891 3986 multo
2941 3942 3080 4001 post,
3113 3934 3273 3986 etiam
3307 3935 3428 4003 ipse
3478 3930 3737 4002 quemdam
3761 3939 3787 3977 e

2254 4023 2366 4077 suis
2408 4024 2682 4078 Alcairum
2750 4024 3036 4092 ablegavit,
3109 4039 3250 4077 anno
3297 4025 3405 4080 896
3436 4025 3581 4095 (Chr.
3630 4015 3783 4084 H9l).

2254 4112 2389 4166 Cum
2421 4114 2464 4165 is
2492 4115 2701 4168 Sullani
2740 4113 2991 4185 Bajazitis
3019 4115 3224 4182 legatus
3256 4113 3529 4169 Alcairum
3558 4109 3785 4169 venisset,

2257 4220 2360 4273 pax
2398 4205 2538 4258 inter
2574 4221 2670 4259 eos
2699 4205 2905 4259 saneita
2940 4203 3039 4257 fuit
3072 4222 3086 4257 :
3115 4213 3169 4258 et
3214 4205 3466 4262 sultauus
3496 4197 3788 4255 Alcaitensis

2257 4293 2483 4363 Bajaziti
2515 4294 2739 4349 Tersum
2774 4305 2936 4364 atque
2966 4295 3154 4350 Adaua
3177 4311 3300 4350 cum
3330 4294 3599 4365 Oppidulis
3625 4286 3788 4343 eodem

2180 4426 2224 4482 α
2259 4388 2651 4454 pertinentibus
2684 4389 2939 4441 restituit.

2326 4478 2439 4532 Hoc
2480 4490 2723 4548 tempore
2761 4492 2977 4534 mortuo
3020 4478 3273 4549 Ungariae
3337 4495 3481 4547 rege,
3535 4482 3790 4531 successor

2252 4570 2371 4640 ejus
2419 4569 2652 4637 legatum
2712 4571 2777 4625 ad
2816 4571 3091 4625 sultanqu
3121 4571 3414 4641 Bajazitem
3448 4569 3609 4623 misit.
3642 4561 3788 4626 llujus

2254 4660 2522 4729 postulata
2549 4675 2672 4714 cum
2710 4662 2994 4728 audiisset,
3032 4679 3217 4732 pacem
3249 4663 3509 4731 B.tjazites
3540 4672 3654 4713 cum
3702 4648 3790 4702 Uu-

2253 4768 2385 4824 garo
2417 4754 2563 4806 fecit.
2597 4753 2793 4808 Eodem
2823 4769 2966 4808 anno
2994 4773 3188 4812 rucsus
3214 4767 3402 4809 exorto
3432 4756 3606 4808 Prusm
3629 4750 3789 4797 incert-

2255 4846 2366 4910 ἀίον
2396 4860 2590 4913 magna
2650 4860 2774 4913 pars
2804 4848 2976 4911 urbis,
3027 4864 3150 4901 cum
3192 4850 3434 4902 tabernis
3464 4845 3785 4896 mercatorum

2256 4940 2532 5007 plurimis,
2567 4940 2946 5007 conﬂagravit.
2982 4940 3126 4995 Misit
3158 4943 3321 4993 etiam
3357 4940 3593 4992 sultanus
3616 4920 3784 4982 Aleail'i

2256 5031 2488 5097 legatum
2515 5046 2636 5083 cum
2669 5031 3007 5099 atnplissimo
3038 5032 3298 5085 comitatu
3329 5031 3392 5083 ad
3418 5029 3672 5082 sullanutn
3698 5016 3783 5066 lia-

2251 5121 2496 5190 jazitem.
2546 5120 2847 5176 Referenda
2889 5138 3015 5175 vero
3053 5133 3181 5177 sunt
3228 5124 3342 5176 haec
3394 5120 3457 5173 ad
3493 5100 3783 5170 annum897

2260 5213 2409 5281 (Chr.
2445 5212 2627 5280 M92).

2332 5301 2640 5359 Secundum
2671 5303 2758 5356 illa
2796 5303 3053 5359 discessit
3083 5297 3545 5367 ConstantinOpoli
3602 5282 3781 5355 anﬂi'

2263 5401 2365 5455 tes,
2395 5402 2451 5445 et
2477 5392 2920 5463 Hadriatmpolim
2958 5396 3262 5464 profectus.
3299 5402 3451 5450 extra
3498 5388 3666 5440 urbem
3709 5387 3787 5464 cia-

2261 5492 2373 5537 stra
2406 5492 2639 5538 metatus
2671 5458 2780 5546 est,
2815 5498 2879 5537 ac
2931 5458 3132 5537 ibidem
3169 5483 3232 5535 ad
3267 5484 3465 5547 aliquot
3489 5473 3596 5526 dies
3629 5458 3782 5518 haesit.

2258 5571 2503 5637 Quodam
2553 5588 2682 5627 vero
2736 5575 2823 5628 die
2862 5573 3067 5627 vezires
3130 5589 3260 5627 suos
3293 5573 3569 5625 allocutus.
3613 5553 3786 5609 habere

2260 5678 2318 5716 se
2355 5663 2407 5716 in
2434 5664 2614 5719 animo
2642 5664 2775 5720 dixit
2794 5666 3190 5733 expeditionem
3217 5660 3499 5735 quamdam
3518 5644 3781 5708 difﬁcilem:
