4026 6204
271 299 364 375 Gel

1540 294 1884 374 ANNALES
1908 313 2007 373 TU
2023 311 2250 373 RCICI.

3417 306 3528 370 629

268 417 566 490 gerendum
593 432 717 472 cum
747 414 983 486 Ungaris
1009 417 1214 474 bellum
1245 419 1577 493 intelligens.
1603 424 1845 499 Ideoque
1875 423 1921 477 Α
1945 419 2137 486 jussis,
2163 423 2342 475 claves
2381 417 2533 473 urbis
2559 417 2776 472 sultano
2805 415 3029 485 Bajaziti
3065 430 3162 484 per
3205 429 3302 472 eos
3359 431 3527 472 ootu-

265 511 476 564 coactis
509 510 782 564 universis
815 511 985 580 c0piis
1009 511 1146 574 suis,
1167 507 1556 584 IIadrianopOli
1587 514 1846 580 SOpbiam

265 603 548 672 proiectus
577 611 682 658 est.
724 603 840 658 Non
894 612 1076 658 tamen
1136 604 1432 676 Ungarium
1494 607 1699 677 ingredi
1749 607 1851 660 fuit

266 709 459 760 ausus,
492 695 586 750 sed
617 695 881 749 Achmete
911 697 1052 766 bego
1085 713 1206 752 cum
1242 699 1413 754 milite
1441 700 1728 754 Anatolico
1753 699 1852 753 So-

264 787 410 856 phiie
441 787 602 855 jusso
634 787 961 851 subsistere,
997 787 1236 842 Daudem
1275 790 1491 845 bassam
1533 805 1655 856 cum
1699 799 1850 858 parte

265 880 555 948 Copiarum
599 878 890 948 Uscopiam
925 879 1071 932 misit
1101 898 1113 932 :
1147 880 1264 949 ipse
1292 897 1416 936 cum
1447 880 1637 936 Jochia
1665 881 1848 944 bassa,

262 981 319 1022 et
351 986 473 1022 cum
523 970 694 1024 milite
725 970 1026 1031 Romaniae,
1057 970 1414 1026 Manastirum
1453 973 1588 1026 abiit
1626 989 1639 1026 :
1685 984 1849 1041 atque

264 1063 396 1116 inde
428 1063 483 1115 in
520 1062 831 1125 Albaniam,
875 1063 1142 1132 ducisque
1194 1047 1422 1117 Joannis
1479 1066 1756 1133 regionem
1790 1079 1850 1119 se

262 1151 528 1206 contulit.
559 1151 839 1221 Expedivit
865 1163 920 1206 et
969 1156 1102 1208 mari
1141 1168 1304 1207 naves
1332 1154 1622 1223 quasdam,
1660 1163 1717 1206 ut
1755 1154 1847 1207 ΑΙ-

261 1245 542 1298 banorum
577 1242 766 1296 itinera
799 1235 1292 1311 praecluderentur.
1327 1228 1452 1300 Hac
1494 1260 1617 1299 cum
1649 1236 1846 1298 Albani

258 1335 782 1397 animadverterent,
804 1334 871 1388 ad
903 1342 1113 1389 montes
1136 1349 1195 1389 se
1227 1344 1573 1404 receperunt,
1596 1344 1650 1389 et
1684 1337 1736 1388 iu
1766 1336 1846 1389 eis

262 1427 341 1480 ita
377 1441 436 1480 se
466 1426 928 1491 communierunt,
997 1435 1057 1480 ut
1096 1441 1347 1494 magnum
1381 1426 1506 1481 inde
1532 1410 1729 1482 Turcis
1755 1428 1850 1482 de-

261 1518 587 1572 trimentum
626 1516 910 1570 inferrent.
964 1517 1044 1570 Ad
1094 1525 1402 1572 extremum
1441 1528 1616 1573 tamen
1660 1522 1846 1582 Turci,

261 1608 589 1662 conscensis
612 1607 742 1662 locis
771 1607 1079 1670 altioribus,
1115 1609 1167 1662 in
1200 1624 1294 1664 eos
1325 1610 1600 1665 irruerunt
1640 1625 1653 1669 ζ
1684 1623 1736 1668 et
1767 1615 1849 1668 vi-

262 1699 346 1754 ris
370 1699 695 1763 interfectis,
731 1697 988 1753 mulieres
1016 1713 1078 1753 ac
1127 1715 1326 1788 pueros
1363 1699 1634 1756 adduxere
1669 1709 1844 1772 capti—

1962 513 2139 565 lerunt
2172 529 2184 565 :
2219 520 2380 578 atque
2409 511 2512 565 hoc.
2546 510 2706 564 modo
2726 509 2915 563 urbem
2948 507 3118 575 ipsius
3142 511 3390 576 potestati
3412 527 3531 582 per-

1959 605 2178 664 tnisere,
2207 617 2352 656 anno
2401 601 2507 656 905
2543 602 2698 669 (Chr.
2735 599 2912 669 M99).

2028 673 2241 747 I‘otitus
2289 692 2592 755 Inebechti,
2645 692 2955 760 praesidium
2987 692 3109 748 urbi
3146 703 3318 762 captas
3351 695 3530 763 impu-

1955 783 2063 840 suit
2101 793 2200 837 :et
2226 782 2668 851 Iladrianopolim
2707 797 2984 845 reversus,
3022 784 3218 837 ibidem
3272 783 3527 838 hiberna~

1957 858 2053 931 vit.
2089 859 2190 932 Ubi
2249 877 2363 943 jam
2399 887 2562 932 aestas
2621 876 2956 944 appetiisset,
2995 874 3202 930 coactis
3252 875 3530 931 Romaniae

1956 970 2329 1037 Anatolizeque
2384 967 2740 1023 exercitibus.
2785 970 2968 1020 denuo
3025 965 3259 1020 Moream
3309 967 3528 1030 invasit,

1959 1077 2153 1127 magna
2188 1060 2350 1114 etiam
2393 1059 2523 1112 mari
2566 1059 2737 1114 classe
2792 1059 3063 1130 a-hlegata,
3119 1058 3534 1128 Methonemque

1959 1154 2190 1206 militum
2248 1168 2450 1207 corona
2517 1152 2897 1207 circumdedit.
2951 1153 3053 1218 Qui
3110 1153 3338 1208 erantin
3397 1153 3532 1207 urbe

1955 1226 2116 1312 335
2157 1239 2482 1304 Christiani,
2545 1242 2684 1295 adeo
2722 1257 2779 1296 se
2827 1240 3118 1296 defendere
3165 1253 3407 1307 Strenue,
3449 1252 3532 1298 to-

1959 1335 2064 1387 tius
2098 1341 2157 1385 ut
2189 1332 2393 1386 mensis
2424 1332 2624 1400 spatio,
2659 1331 2794 1385 citra
2827 1331 3316 1393 intermissionem,
3358 1333 3530 1386 inter-

1956 1425 2047 1478 diu
2071 1431 2344 1492 noctuque
2379 1423 2752 1489 dimicaretur,
2774 1424 2944 1477 muris
2973 1424 3103 1490 ipsis
3132 1432 3526 1478 tormentorum

1956 1514 2156 1582 impetu
2191 1514 2457 1582 disjectis.
2491 1513 2689 1569 Videns
2721 1524 2904 1568 autem
2951 1514 3239 1582 Bajazites,
3283 1516 3468 1570 urbem
3498 1531 3529 1568 a

1955 1607 2284 1662 Christianis
2315 1607 2645 1677 propugnari
2681 1624 2694 1660 :
2732 1617 3042 1662 commotus
3076 1607 3178 1670 ira,
3214 1608 3329 1662 suis
3378 1623 3529 1676 spem

1957 1700 2108 1754 urbis
2131 1698 2452 1768 diripiendas
2479 1697 2628 1761 fecit,
2658 1698 2924 1764 siquidem
2954 1698 3042 1752 illa
3068 1699 3394 1768 potirentur.
3421 1699 3533 1754 Hac

263 1806 392 1853 vos,
423 1807 751 1861 omnemque
787 1786 1060 1861 regionem
1095 1786 1238 1846 illam
1279 1794 1512 1850 ﬂammis
1538 1805 1844 1852 vastarunt.

1960 1792 2154 1845 sultani
2190 1807 2321 1845 voce
2364 1791 2560 1844 milites
2592 1790 2800 1853 audita,
2855 1790 3090 1858 quodam
3126 1790 3236 1853 die,
3269 1790 3529 1858 cumjam

265 1882 370 1938 IIis
402 1884 564 1938 rebus
595 1882 782 1953 gestis,
835 1881 1195 1937 Manastirum
1253 1885 1525 1956 Bajazites
1565 1889 1749 1953 rediit,
1792 1905 1856 1945 ac

264 1975 463 2028 diebus
491 1974 697 2044 aliquot
720 1974 792 2027 ibi
823 1973 1092 2029 substitit.
1131 1973 1426 2032 Manastiro
1449 1993 1572 2032 cum
1603 1979 1856 2036 discede-

268 2075 381 2131 ret,
410 2067 626 2119 obvium
665 2066 857 2120 habuit
890 2068 942 2120 in
972 2068 1168 2124 itinere
1217 2063 1523 2126 Dervisium
1561 2073 1851 2142 quemdam

264 2147 588 2224 Turcicutn,
616 2161 868 2229 gepeneci
900 2161 1097 2216 lacinia
1149 2170 1374 2218 tectum.
1413 2163 1460 2218 Is
1505 2175 1561 2220 et
1605 2166 1852 2232 auribus,

264 2258 322 2304 et
369 2248 533 2314 collo,
559 2260 610 2304 et
647 2250 888 2306 brachiis
924 2269 1198 2322 appensos
1247 2257 1480 2312 annulos
1532 2258 1738 2315 ferreos
1765 2274 1857 2328 ge'

266 2343 473 2404 stabat.
505 2355 557 2398 et
591 2345 804 2400 illorum
836 2358 1041 2408 sectam
1078 2350 1455 2419 proﬁtebatur,
1492 2369 1631 2423 quos
1658 2354 1852 2410 Calen-

263 2434 427 2491 deres
453 2437 612 2492 Turci
646 2449 864 2498 vocant.
888 2425 991 2495 Ubi
1024 2443 1248 2510 propius
1282 2444 1346 2498 ad
1381 2446 1656 2500 sultanum
1699 2447 1856 2515 Baja-

281 2528 447 2580 zitem
546 2531 889 2593 accessisset,
959 2534 1237 2588 acinacem
1317 2552 1592 2606 gepeneco
1652 2548 1851 2593 tectum

280 2608 526 2685 strinxit,
553 2621 728 2691 ipsum
763 2621 1054 2693 Bajazitem
1093 2626 1406 2682 invasurus.
1441 2628 1575 2682 Cum
1614 2630 1852 2683 timidioa

271 2723 365 2764 res
421 2709 641 2777 quidam
673 2727 703 2765 e
731 2714 946 2768 Zausiis
973 2713 1049 2767 illi
1092 2715 1158 2770 de
1180 2714 1265 2769 via
1307 2717 1578 2777 cederent,
1619 2718 1850 2773 liberum

265 2803 381 2872 jam
450 2803 658 2858 scilicet
714 2805 779 2858 ad
815 2804 1107 2874 Bajazitem
1164 2807 1399 2862 habebat
1460 2809 1688 2866 aditum.
1745 2810 1850 2865 Sed

270 2891 561 2948 Ischender
593 2894 776 2956 bassa,
813 2897 906 2965 qui
951 2912 1192 2965 praesens
1238 2899 1449 2966 aderat,
1477 2915 1540 2955 ea
1571 2901 1620 2954 vi
1658 2904 1851 2971 pusdi-

269 2999 474 3052 ganum
503 2985 556 3038 in
589 2987 869 3041 hominem
925 2991 1216 3056 contorsit,
1257 2999 1316 3046 ut
1349 2993 1501 3046 humi
1532 2994 1850 3062 prolabere-

270 3084 381 3129 tur.
425 3075 554 3129 Inde
582 3087 915 3146 prestratum
971 3080 1209 3150 aggressi
1269 3083 1518 3151 quidam,
1577 3085 1628 3137 in
1675 3085 1844 3138 frusta

271 3166 673 3222 dissecuerunt.
695 3161 937 3224 Tandem
957 3171 1227 3240 Bajazites
1249 3172 1696 3244 Hadrianopolim
1723 3193 1846 3246 pcr-
1877 3161 1904 3194 ’ί

271 3259 440 3314 venit.
496 3261 820 3316 Acciderunt
863 3264 976 3318 haec
1029 3280 1174 3320 anno
1213 3267 1318 3322 898
1373 3266 1524 3336 (Chr.
1562 3269 1738 3337 H95).

345 3351 574 3416 Quidam
618 3353 671 3407 id
711 3357 970 3424 temporis
1011 3359 1321 3423 eunuchus,
1347 3361 1433 3413 cui
1461 3376 1655 3416 nomen
1682 3361 1850 3416 laeu-

271 3459 372 3512 pes
407 3444 538 3513 Aga,
575 3449 1011 3501 commendatam
1039 3449 1158 3502 lidei
1189 3465 1300 3504 suae
1336 3449 1690 3505 Boziucnsem
1725 3468 1852 3522 pro-

273 3535 516 3588 vinciam
569 3539 1007 3595 administrabat.
1046 3543 1146 3596 Hic
1186 3543 1368 3596 missis
1418 3544 1542 3598 hinc
1586 3545 1708 3599 inde
1757 3562 1852 3614 per

275 3623 599 3680 Romaniam
635 3631 1004 3696 praeconibus,
1030 3634 1361 3703 proclamari
1387 3635 1554 3701 jussit
1585 3655 1598 3690 :
1643 3639 1776 3691 velle
1797 3654 1854 3692 se

274 3731 404 3771 cum
436 3719 621 3772 suisin
660 3717 954 3790 ngariam
993 3717 1221 3778 ir'ruere.
1273 3726 1328 3778 Si
1372 3727 1461 3780 cui
1505 3742 1689 3782 secum
1731 3744 1856 3797 pro-

276 3805 448 3858 ﬁ'cisci
471 3806 698 3872 luberet,
735 3819 796 3862 ut
843 3809 930 3862 illa
984 3811 1345 3881 impressione
1399 3829 1509 3868 rem
1553 3815 1772 3880 faceret,
1811 3818 1855 3870 is

274 3896 352 3949 uti
377 3901 781 3965 quamprimum
809 3899 873 3954 ad
902 3918 959 3954 se
984 3905 1216 3956 veniret.
1254 3896 1366 3958 Hoc
1402 3891 1677 3960 intellecto
1711 3922 1844 3975 prte-

274 3989 461 4051 conio,
505 3987 867 4042 Acanziorum
920 3991 1130 4060 aliquot
1174 3993 1341 4046 millia
1400 4009 1458 4048 se
1489 4010 1610 4047 cum
1655 3994 1858 4065 Jacupe

274 4081 680 4150 coniunxerunt
715 4098 730 4134 :
771 4082 864 4150 qui
917 4083 1081 4137 tantis
1103 4093 1298 4138 auctus
1326 4086 1520 4155 copiis,
1550 4085 1858 4156 ngariam

275 4170 498 4223 invasit.
524 4166 614 4225 Eis
639 4173 878 4226 occurrit
910 4169 1215 4244 Ungaricus
1240 4175 1448 4240 Banus,
1468 4194 1590 4232 cum
1618 4179 1859 4246 quadra-

275 4262 426 4330 ginta
459 4263 699 4318 millibus
733 4265 1037 4329 hominum,
1076 4283 1381 4338 magnaque
1413 4271 1463 4323 vi
1510 4267 1704 4324 Turcis
1764 4271 1858 4325 ob-
1889 4319 1898 4322 _

275 4355 442 4408 stitit.
500 4354 745 4409 Tandem
789 4355 890 4424 ipsi
926 4345 1312 4413 dissentientes
1359 4361 1501 4414 inter
1529 4377 1589 4417 se
1631 4363 1857 4432 Ungari,

1959 1883 2457 1952 advesperasceret,
2479 1880 2968 1946 vehementissima
3005 1881 3193 1935 urbem
3251 1895 3534 1951 Oppugna-

1959 1975 2104 2029 tione
2140 1975 2316 2030 adorti
2353 1981 2617 2043 ceperunt
2652 1988 2667 2026 :
2703 1986 3005 2038 omneSque
3039 1981 3532 2041 mares,quotquot

1958 2069 2326 2129 adoleverant,
2358 2066 2698 2129 occiderunt,
2731 2065 3046 2119 mulieribus
3093 2073 3147 2117 et
3197 2065 3382 2131 pueris
3439 2080 3534 2118 ca-

1959 2160 2086 2227 ptis.
2117 2157 2228 2213 Iloc
2249 2158 2411 2213 modo
2435 2159 2652 2213 redacta
2674 2158 2727 2210 in
2754 2165 3074 2226 potestatem
3100 2142 3378 2221 Methone,
3408 2171 3533 2226 pre-

1957 2263 2049 2303 ces
2080 2264 2109 2301 a
2144 2247 2334 2302 Turcis
2368 2249 2420 2302 in
2442 2264 2503 2302 ea
2537 2246 2689 2302 luere
2720 2255 3018 2315 conceptae,
3040 2260 3156 2314 quae.
3187 2245 3274 2299 die
3304 2244 3534 2300 Veneris

1961 2341 2152 2395 haberi
2215 2340 2408 2395 solent.
2452 2338 2578 2394 Inde
2605 2339 2875 2409 Bajazites
2907 2339 3159 2394 Coronen
3195 2339 3381 2406 copias
3426 2337 3531 2392 du-

1960 2433 2060 2497 xit,
2105 2441 2164 2487 ut
2197 2431 2343 2485 illam
2377 2446 2594 2500 quoque
2624 2430 2901 2485 civitatem
2931 2429 3232 2490 obsideret,
3269 2436 3323 2482 et
3370 2440 3535 2482 occu-

1957 2535 2130 2595 paret.
2169 2524 2275 2581 Sed
2299 2525 2474 2595 prima
2509 2525 2691 2579 statim
2735 2530 2918 2584 nocte,
2951 2529 3242 2591 postquam
3280 2517 3534 2574 Methone

1955 2621 2301 2682 discesserat,
2371 2624 2638 2671 venerunt
2684 2617 2738 2668 in
2811 2622 2992 2669 castra
3055 2612 3310 2682 Bajazitis
3355 2610 3532 2666 Coro-

1956 2725 2208 2766 nenses:
2271 2709 2580 2777 oblatisque
2648 2707 2890 2761 clavibus
2956 2705 3129 2769 urbis,
3194 2702 3529 2759 deditionem

1957 2802 2227 2865 fecerunt,
2262 2817 2406 2856 anno
2427 2801 2531 2857 906
2562 2801 2717 2871 (Chr.
2750 2798 2928 2868 1500).

2027 2896 2160 2950 Dum
2192 2896 2274 2950 his
2299 2895 2526 2949 urbibus
2554 2894 2931 2963 expugnandis
2961 2893 3206 2950 intentus
3258 2905 3404 2949 esset
3431 2894 3535 2949 Ba-

1949 2988 2166 3057 jaaites,
2190 2986 2380 3041 Veneti
2406 2987 2626 3041 auxiliis
2670 2985 3034 3053 Hispanorum
3064 2987 3387 3055 impetratis,
3413 3003 3530 3040 ma-

1955 3093 2056 3145 gna
2098 3079 2272 3134 elasse
2293 3076 2586 3148 Mitylenen
2610 3081 2848 3146 aggressi
2880 3080 3105 3142 sunt,'et
3130 3088 3528 3133 tormentorum

1958 3170 2274 3223 bellicorum
2306 3169 2378 3230 vi,
2400 3184 2586 3222 muros
2604 3167 2786 3236 oppidi
2817 3168 2884 3222 ad
2903 3168 3227 3237 quingentas
3253 3169 3408 3224 ulnas
3437 3186 3534 3226 us-

1956 3278 2062 3331 que
2091 3268 2524 3328 prostraverunt.
2572 3259 2958 3328 Mitylenenses
3011 3260 3080 3312 ab
3130 3259 3377 3316 hostibus
3427 3263 3532 3317 ob-

1957 3354 2118 3417 sessi,
2146 3351 2679 3420 Constantinopolim
2713 3352 2937 3414 misere,
2975 3352 3069 3420 qui
3129 3368 3287 3420 opem
3343 3369 3534 3420 posce-

1960 3453 2100 3498 rent.
2133 3444 2322 3512 Itaque
2359 3444 2600 3497 collectis
2631 3443 2814 3496 subito
2850 3443 3154 3496 classiariis
3199 3445 3400 3511 copiis,
3446 3446 3537 3498 in-

1958 3535 2130 3603 signis
2160 3533 2433 3588 exercitus
2480 3533 2686 3586 navalis
2734 3536 3033 3588 instructus
3080 3534 3200 3590 fuit.
3247 3535 3531 3604 Nunquam

1959 3635 2085 3679 ante
2118 3627 2220 3678 hoc
2254 3635 2467 3693 tempus
2492 3625 3110 3694 Constantinopolitani,
3137 3628 3219 3681 vel
3249 3631 3535 3697 pet-unias,

1959 3719 2039 3770 vel
2068 3717 2289 3781 milites,
2317 3717 2396 3769 vel
2438 3718 2750 3772 classiarios
2790 3716 3042 3772 conferre
3086 3719 3257 3774 coacti
3297 3718 3534 3774 fuerant.

1962 3809 2064 3863 Sed
2083 3809 2345 3879 dungravi
2373 3817 2501 3862 tunc
2529 3819 2753 3879 urgente
2771 3813 3120 3876 necessitate,
3142 3827 3247 3866 non
3269 3813 3383 3868 ha:c
3401 3813 3536 3866 duu-

1961 3909 2104 3954 taxat
2133 3903 2200 3953 ab
2229 3901 2309 3954 eis
2346 3909 2535 3955 exacta
2577 3901 2746 3963 fuere,
2814 3918 2998 3957 verum
3042 3904 3203 3957 etiam
3234 3921 3331 3958 ttsu
3382 3922 3532 3959 rece-

1963 4001 2135 4060 ptum,
2170 4001 2229 4044 ut
2267 3992 2523 4060 deinceps
2553 4009 2792 4062 quoque.
2847 3994 3008 4047 rebus
3042 3995 3112 4047 ita
3153 3998 3525 4064 poscentibus.

1962 4088 2152 4143 eadem
2181 4089 2247 4139 ab
2300 4089 2432 4155 ipsis
2468 4098 2814 4156 praestentur.
2847 4090 2985 4144 Ante
3023 4105 3184 4158 quam
3224 4092 3412 4146 classis
3443 4094 3530 4146 illa

1962 4179 2438 4242 Constantinopoli
2513 4179 2794 4246 profecta,
2857 4180 3145 4249 Mitylenen
3199 4187 3534 4251 appulisset.

1959 4268 2070 4337 jam
2101 4266 2395 4321 Christiani
2425 4268 2603 4322 decies
2633 4278 2686 4322 et
2711 4270 2880 4323 octies
2913 4271 3168 4338 oppidum
3192 4273 3389 4338 adorti,
3426 4290 3532 4330 nou

1963 4369 2145 4414 tamen
2200 4376 2509 4430 expugnare
2556 4342 2866 4430 potuerant.
2909 4362 3094 4432 Itaque
3145 4381 3267 4418 cum
3321 4367 3534 4422 intelle-

277 4457 429 4516 terga
481 4447 800 4501 dederunt:
858 4459 1161 4519 captusque
1221 4449 1520 4506 Direnzilcs
1572 4454 1750 4508 Banus
1795 4469 1858 4508 ac
1894 4450 2172 4521 Dxissent
2223 4447 2446 4514 Veneti,
2498 4451 2686 4506 venire
2744 4453 3212 4522 Constantinopoli
3266 4457 3426 4511 talem
3473 4473 3539 4511 ac

276 4534 517 4587 vinculis
543 4536 895 4601 constrictus,
927 4539 991 4591 ad
1021 4538 1294 4592 sultanum
1320 4539 1617 4608 Bajazitem
1651 4543 1852 4598 missus

276 4626 404 4680 fuit.
445 4625 494 4678 Is
541 4630 614 4680 rei
653 4636 759 4680 tam
797 4630 934 4682 bene
979 4639 1142 4696 gestae
1172 4631 1364 4683 nuntio
1423 4633 1648 4686 multum
1703 4634 1857 4686 exhi-

275 4721 510 4781 laratus,
536 4719 600 4770 ad
646 4727 857 4786 tempus
883 4719 1102 4789 aliquod
1132 4721 1600 4792 Constantinopoli
1623 4725 1854 4791 quievit.

279 4809 595 4862 Evenerunt
628 4821 807 4862 autem
840 4810 953 4864 haec
975 4826 1120 4866 anno
1148 4809 1251 4866 899
1280 4813 1429 4881 (Chr.
1462 4814 1647 4882 H94).

258 4911 265 4918 '
354 4898 715 4970 Posteaquam
759 4901 1041 4970 Bajazites,
1082 4919 1111 4957 a
1163 4907 1326 4960 rebus
1370 4908 1624 4976 gerendis
1684 4908 1857 4961 absti-

279 4993 487 5054 nendo,
513 4996 644 5048 satis
673 4995 761 5048 diu
789 5011 848 5050 se
880 5006 1182 5051 recreasset
1213 5015 1223 5048 :
1253 4999 1495 5053 collectis
1545 5000 1742 5053 iterum
1771 5016 1861 5052 ro-

282 5086 415 5152 piis,
467 5083 700 5138 Moream
749 5088 1048 5155 ingressus,
1090 5089 1156 5141 ad
1205 5088 1528 5144 Iueheehtim
1604 5095 1859 5157 accessit,

281 5177 450 5228 etiam
473 5175 646 5230 classe
666 5178 958 5245 instructa,
977 5195 1139 5249 quam
1165 5183 1356 5234 eodem
1379 5184 1652 5251 appellere
1675 5186 1863 5256 jussit.

286 5267 380 5321 llis
399 5285 524 5323 cum
549 5267 728 5322 Italica
761 5271 958 5326 classis
983 5272 1338 5338 occurrisset,
1362 5277 1661 5330 commisso
1683 5280 1862 5332 navali

287 5361 499 5428 praelia,
533 5361 751 5413 tandem
788 5362 905 5415 Itali
943 5363 1170 5418 remisso
1193 5366 1463 5434 pugnandi
1501 5367 1718 5434 ardore,
1745 5369 1864 5425 dis-

287 5461 595 5507 cesserunt.
651 5451 834 5523 Itaque
869 5454 1117 5509 videntes
1149 5455 1474 5522 lnebechtii,
1506 5473 1563 5513 se
1587 5468 1732 5513 terra
1764 5478 1862 5530 pa-

294 5545 445 5607 riter,
487 5556 538 5598 et
565 5547 702 5600 mari
753 5547 1028 5614 obsessos,
1065 5548 1385 5616 aliquandiu
1415 5550 1634 5618 quidem
1671 5565 1730 5606 se
1767 5553 1868 5606 de-

292 5636 510 5690 fendere
538 5637 749 5691 fortiter
787 5656 800 5692 :
848 5640 940 5694 sed
997 5640 1402 5704 animadverso,
1447 5641 1581 5694 nihil
1632 5643 1866 5710 amplius

294 5732 405 5790 opis
437 5745 500 5784 ac
551 5733 788 5794 prsesidii
855 5733 957 5786 sibi
989 5731 1278 5794 reliquum,
1317 5733 1644 5792 primatibus
1675 5735 1854 5793 egredi

1961 4551 2166 4596 tantam
2197 4553 2382 4596 contra
2431 4559 2488 4596 se
2541 4545 2769 4599 classem
2822 4561 2837 4596 :
2905 4560 3067 4598 naves
3119 4562 3248 4599 suas
3282 4548 3533 4616 illgrchi,

1963 4635 2286 4687 discessere.
2319 4633 2907 4701 Coustantiuopolitani
2940 4648 3069 4686 vero
3113 4631 3399 4704 iltityleuen
3443 4637 3539 4690 de-

1964 4727 2078 4790 lati,
2105 4741 2294 4779 tnuros
2336 4730 2401 4778 ab
2443 4727 2600 4800 hoste
2651 4727 2861 4779 dirutos
2900 4726 3229 4790 refecerunt,
3269 4737 3431 4797 atque
3463 4730 3534 4782 ita

1963 4818 2185 4870 domum
2245 4817 2443 4870 reversi
2505 4826 2655 4870 sunt.
2708 4817 2788 4869 Ad
2835 4825 3135 4870 extremum
3185 4833 3250 4871 eo
3307 4820 3536 4872 redacta-

1965 4909 2187 4963 fuorunt
2252 4908 2578 4962 Venetorum
2642 4924 2768 4971 res,
2824 4907 2900 4960 uti
2941 4907 3256 4960 muneribus
3302 4908 3540 4960 delenito

1969 5002 2168 5055 sultani
2221 4999 2475 5067 Bajazilis
2506 5001 2711 5064 animo,
2755 5015 2943 5068 pacem
2981 5015 3105 5054 cum
3154 5014 3221 5052 eo
3280 4998 3536 5056 facerent,

1965 5103 2111 5142 anno
2166 5089 2270 5143 907
2301 5087 2455 5156 (Chr.
2486 5089 2664 5150 1501).

2045 5181 2316 5251 Bajazites
2346 5198 2376 5236 e
2420 5181 2600 5235 Morea
2636 5182 3169 5253 Constantinopolim
3234 5185 3535 5251 profectus.

1970 5277 2040 5328 ita
2091 5285 2261 5328 totum
2298 5288 2356 5327 se
2380 5273 2530 5327 dedit
2581 5275 2737 5338 0tio,
2773 5274 3022 5342 pluribus
3076 5276 3320 5329 tttannis
3370 5291 3536 5342 expe-

1971 5367 2228 5421 ditionem
2257 5366 2415 5433 plane
2441 5366 2646 5418 nullam
2684 5366 3008 5434 susciperet.

2040 5463 2197 5509 Anno
2241 5455 2516 5524 915(Chr.
2542 5455 2697 5523 I509)
2715 5456 2847 5508 hora
2870 5455 3110 5509 secunda
3148 5459 3324 5510 noctis
3357 5457 3542 5525 cujuw

1971 5547 2120 5610 dam,
2150 5547 2338 5600 martis
2365 5546 2505 5599 diem
2529 5560 2755 5611 SCCIIUB,
2777 5555 2921 5600 terra
2947 5545 3420 5615 Constantinopoli
3448 5564 3544 5601 ut-

1972 5656 2077 5710 que
2096 5646 2228 5695 adeo
2261 5643 2465 5693 moveri
2502 5641 2665 5709 cepit,
2710 5647 2768 5693 ut
2793 5649 2970 5695 turres
2989 5639 3195 5708 aliquot
3219 5641 3540 5710 templorum

1974 5736 2331 5788 'I'nrcicorum
2409 5742 2752 5800 corruerent,
2806 5732 3163 5802 ipsormnque
3219 5732 3544 5803 templorum
