4026 6204
580 345 683 409 693
738 391 742 395 ς

1830 326 2182 391 ANNALES
2221 328 2321 387 TU
2331 323 2547 387 RCICI.

3684 326 3779 388 624

581 450 890 508 testudines
919 448 1113 517 partim
1154 446 1319 497 rimas
1352 450 1600 512 agerent,
1628 441 1824 507 partim
1860 441 2008 493 humi
2033 441 2151 493 eol-
2182 460 2226 513 Α
2256 438 2557 491 Anatolium
2593 436 2746 505 petiit
2779 454 2793 496 ;
2829 444 2882 492 et
2912 436 3292 507 bcglerbegum
3322 439 3593 505 Anatolia,
3627 442 3777 497 Cara-

580 542 919 598 laberentur.
943 534 1325 591 JEdiﬁciorum
1362 546 1491 585 vero
1544 532 1884 601 privatorum
1950 528 2144 582 camini

584 634 701 688 sive
733 628 1055 683 intumibula
1115 625 1322 694 dejecta
1357 632 1504 688 sunt,
1572 631 1626 674 et
1658 620 1893 690 parietes
1946 620 2143 688 partim

582 721 937 789 ﬁssi.partim
975 716 1255 783 prostrati.
1292 713 1479 767 Pinna:
1533 727 1814 766 murorum
1859 711 2010 765 urbis
2078 711 2146 764 ad

581 831 778 871 terram
812 813 1246 883 prmcipitarunt,
1269 809 1494 877 ipsaque
1520 806 1721 860 inmitia
1745 819 1867 859 cum
1901 804 2141 857 turribus

581 910 696 965 sitis
725 905 1107 962 conciderunt.
1149 902 1405 955 Pluribus
1435 901 1668 968 denique
1694 896 1964 965 magniﬁci
2018 910 2147 963 ope-

522 1056 537 1069 ,
579 1003 657 1054 ris
681 998 923 1052 aediﬁciis
952 992 1216 1064 usquead
1280 991 1632 1044 fundamenta
1674 986 1902 1049 eversis,
1949 994 2145 1052 magna

581 1093 858 1146 hominum
895 1086 1188 1141 multitudo
1222 1084 1323 1138 sub
1360 1083 1493 1151 ipsis
1516 1080 1782 1135 exstincta
1816 1077 2142 1132 tuitruderi-

577 1187 699 1239 bus.
729 1183 846 1249 Quo
868 1196 925 1237 se
950 1178 1251 1239 conferret,
1286 1183 1444 1229 norat
1471 1188 1650 1227 nemo.
1712 1173 1873 1228 Plebs
1930 1172 2141 1223 ttrbana

578 1279 693 1332 suis
756 1289 819 1328 cx
888 1271 1094 1324 aedibus
1159 1268 1443 1334 migrans,
1511 1264 1706 1332 partim
1774 1263 1825 1315 in
1890 1262 2140 1329 plateas.

581 1369 778 1440 partim
848 1366 902 1419 in
961 1378 1120 1417 areas
1174 1358 1395 1421 :edium,
1448 1358 1642 1424 partim
1706 1356 1758 1407 in
1828 1355 2015 1408 lim-tos
2092 1369 2148 1407 se

586 1458 883 1529 recipiebat
933 1471 947 1507 :
1001 1468 1069 1508 ne
1121 1452 1330 1506 scilicet
1393 1464 1420 1501 a
1482 1447 1866 1501 corruentibus
1906 1445 2148 1499 aediﬁciis

588 1552 1045 1622 opprimerentur.
1091 1545 1305 1614 Quippe
1364 1552 1529 1597 totam
1578 1540 1723 1594 illam
1763 1549 1979 1593 noctem
2034 1538 2149 1606 pri-

586 1658 730 1696 mam
779 1648 926 1693 terra
966 1646 1200 1692 tremere
1240 1648 1346 1687 non
1392 1630 1569 1687 desiit.
1593 1629 1843 1698 Cumque
1892 1641 2146 1682 somnum

583 1732 758 1791 oculis
786 1746 946 1785 nemo
992 1727 1203 1783 rideret
1255 1726 1410 1790 suis,
1467 1737 1657 1778 omnes
1692 1763 1706 1788 ,
1765 1730 1817 1775 et
1884 1718 2145 1784 numinis,

585 1836 637 1881 et
685 1821 1012 1877 Mahumetis
1073 1833 1226 1889 opem
1258 1819 1399 1872 votis
1460 1815 1700 1870 assiduis
1762 1813 2144 1882 implorabant.
2180 1792 2220 1846 Β

583 1916 767 1971 Terrae
803 1923 983 1969 motus
1012 1912 1098 1965 liic
1128 1911 1364 1980 denique
1457 1905 1737 1961 continuis
1787 1904 2146 1974 quadraginta

583 2009 777 2062 diebus
810 2006 860 2059 in
893 2007 1055 2058 lioras
1075 2001 1319 2071 singulas
1363 1999 1551 2054 sentiri
1584 1998 1780 2064 potuit.
1805 1999 1942 2051 Cum
1965 2004 2146 2048 autem

588 2106 906 2168 remisisset,
942 2098 1211 2165 expeditis
1243 2096 1511 2166 Bajazites
1544 2109 1640 2164 per
1668 2092 1975 2148 universam
2007 2090 2151 2145 Ana-

582 2196 767 2251 toliam
804 2189 1234 2257 Romaniamque
1280 2184 1550 2239 mandatis
1597 2183 1713 2236 suis
1741 2222 1756 2245 ,
1795 2183 1870 2234 uti
1921 2179 2146 2233 sarcho-

583 2302 693 2351 res,
737 2286 842 2338 ltoc
869 2291 971 2344 est,
1003 2275 1326 2332 mercenarii
1354 2287 1407 2329 et
1431 2274 1652 2343 opifices
1682 2272 2147 2339 Constantinopo—

581 2378 676 2431 iiin
715 2374 1087 2431 mitterentur,
1149 2366 1339 2421 edixit.
1386 2364 1783 2419 Conﬂuxerunt
1824 2363 1888 2417 ad
1954 2361 2145 2416 urbem

581 2468 886 2527 fabrorum,
915 2472 1023 2515 tam
1046 2457 1541 2518 caementariorum,
1582 2470 1743 2525 quam
1767 2452 2147 2522 liguariorum,

579 2556 950 2625 opiﬁcumque
994 2548 1456 2603 mercenariorum
1507 2545 1570 2599 ad
1604 2543 1882 2612 octoginta
1934 2540 2149 2595 millia:

501 2686 515 2698 .
581 2647 780 2714 quibus
809 2644 860 2697 id
896 2642 1081 2695 datum
1122 2638 1351 2706 negotii,
1381 2645 1440 2689 ttt
1470 2646 1698 2702 accepta
1728 2630 2002 2691 mercede,
2038 2629 2152 2682 col-

580 2741 733 2805 lapsa
797 2735 951 2789 urbis
1002 2732 1230 2785 aedilicia
1284 2729 1564 2783 relicerent
1607 2741 1670 2780 ac
1758 2726 2148 2779 instaurarent.

591 2827 888 2885 Praefectus
922 2841 950 2877 a
978 2824 1217 2892 Bajazite
1272 2822 1373 2875 fuit
1403 2820 1669 2890 operariis
1722 2819 1873 2871 hisce
1917 2813 2152 2868 Jouuzes

586 2937 708 2992 aga,
764 2918 1139 2987 genizarorum
1192 2915 1491 2967 tribunus:
1530 2913 1622 2977 qui
1664 2919 1717 2964 et
1757 2910 2051 2976 inspector,
2099 2911 2153 2956 et

584 3021 805 3069 exactor
837 3022 1147 3079 operarum.
1172 3020 1383 3059 summa
1402 3019 1525 3057 cum
1581 3010 1863 3070 potestate,
1889 3014 2001 3054 suis
2025 3013 2149 3052 cum

2253 545 2438 597 gosam
2470 529 2684 584 bassam
2751 531 2975 586 adortus
3002 542 3104 588 est.
3128 535 3377 588 Occurrit
3413 535 3603 589 homini
3635 538 3776 591 Cara~

2249 637 2376 692 gosa
2407 637 2531 677 cum
2550 623 2793 678 exercitu
2825 624 3112 688 Anatoliaa.
3137 628 3425 697 statimque
3447 628 3573 682 inito
3598 630 3779 697 praelia.

2249 715 2495 770 seditiosi
2518 716 2689 770 victos
2706 732 2763 770 se
2783 716 3062 780 simulare,
3092 733 3155 771 ac
3175 719 3362 787 pedem
3380 722 3611 773 nonniliil
3633 722 3780 776 refer-

2249 820 2330 861 re.
2351 804 2485 859 Tum
2514 822 2643 860 vero
2664 805 2827 861 Turci
2853 810 3084 863 desertis
3109 810 3393 865 ordinibus
3423 812 3552 875 suis,
3578 812 3782 865 hostium

2255 897 2646 965 impedimenta
2683 896 2917 966 diripere
2946 908 3227 967 ceperunt.
3251 899 3556 954 Perduelles
3576 915 3710 954 vero.
3735 899 3781 952 in

2250 995 2495 1056 tempore
2516 989 2797 1043 conversis
2842 989 3093 1053 habenis,
3127 989 3413 1060 Caragosa
3447 992 3621 1061 copias
3663 996 3779 1045 reci-

2250 1076 2449 1130 derunt
2476 1093 2489 1128 :
2516 1079 2803 1146 ipsumque
2851 1088 3063 1148 captum
3094 1082 3158 1133 ad
3185 1082 3520 1147 mctr0polim
3551 1082 3782 1135 Anatoliat

2249 1168 2915 1241 Cutaigeuadduxerunt,
2955 1182 3008 1226 et
3046 1173 3306 1242 oppidum
3331 1174 3432 1227 sibi
3456 1174 3573 1229 dedi
3615 1182 3771 1243 postu-

2249 1260 2450 1314 larunt.
2484 1259 2535 1314 ltl
2557 1276 2678 1313 cum
2710 1264 2778 1315 ab
2801 1264 3088 1333 oppidanis
3120 1266 3411 1334 impetrare
3442 1282 3544 1319 non
3569 1274 3781 1334 possent,

2252 1354 2303 1407 in
2322 1368 2508 1407 eorum
2533 1366 2825 1424 conspectu
2858 1354 3186 1426 Caragosam
3221 1358 3437 1412 bassam
3470 1358 3641 1411 vivum
3676 1358 3778 1425 palo

2251 1446 2596 1500 transﬁxere.
2622 1446 2932 1501 Secandum
2967 1450 3079 1502 haec
3126 1448 3404 1517 proiectus
3432 1448 3657 1503 Manissa
3683 1462 3787 1500 cum

2253 1536 2533 1607 Sangiacis
2584 1540 2913 1607 quibusdam
2963 1541 3218 1596 sultanus
3274 1542 3557 1599 Corcutes.
3616 1538 3791 1593 sultani

2251 1627 2508 1697 Bajazitis
2542 1630 2705 1696 lilius,
2763 1632 2945 1699 copias
2971 1632 3024 1685 in
3080 1632 3374 1686 seditiosos
3432 1631 3589 1686 hosce
3637 1631 3789 1683 duxit.

2254 1720 2451 1773 Verum
2484 1736 2665 1777 caesus
2688 1734 2741 1777 et
2763 1724 2873 1793 ipse
2905 1738 3026 1778 cum
3062 1724 3197 1787 suis,
3232 1723 3321 1776 vix
3357 1722 3480 1788 fuga
3512 1722 3658 1775 saluti
3680 1737 3790 1773 mu.

2250 1812 2440 1866 suluit.
2469 1812 2605 1867 Hinc
2627 1814 2679 1867 in
2711 1816 2825 1869 dies
2857 1816 3031 1869 auctis
3060 1816 3291 1880 viribus,
3329 1802 3627 1869 Anatoliam
3681 1813 3790 1867 Sca-

2250 1905 2495 1959 cltoculis
2526 1908 2837 1962 universam
2893 1923 3073 1979 agere,
3143 1908 3303 1971 ferre,
3363 1910 3629 1976 multaque
3669 1906 3787 1959 tida

2250 1999 2610 2052 committere.
2648 1997 2774 2054 Post
2802 2000 2973 2053 etiam.
3007 2016 3330 2071 progressus
3366 2002 3609 2063 ulterius,
3659 1999 3791 2051 Aidi-

2252 2105 2469 2144 nensein
2507 2090 2766 2145 ditionem
2822 2092 3036 2148 invasit.
3072 2092 3337 2147 Corcutes
3374 2091 3518 2159 fuga.
3554 2106 3645 2146 ceu
3695 2091 3792 2141 dir-

2251 2188 2360 2233 tum
2386 2188 2489 2246 est,
2515 2179 2759 2248 elapsus,
2807 2197 3022 2235 summa
3054 2182 3333 2238 celeritate
3356 2183 3495 2236 datis
3521 2182 3582 2234 ad
3604 2191 3784 2249 patrem

2250 2270 2462 2337 litteris,
2495 2285 2618 2326 eum
2645 2272 2710 2325 de
2749 2287 2806 2327 re
2823 2282 2931 2327 tota
2970 2274 3255 2329 certiorem
3277 2273 3424 2329 fecit.
3446 2272 3790 2341 Bajazitesex-

2250 2365 2585 2418 candescens
2609 2365 2873 2419 adversus
2898 2365 3107 2419 vezires
3135 2379 3286 2428 suos,
3319 2380 3381 2418 ac
3402 2365 3686 2433 praisertim
3708 2364 3793 2413 ad-

2253 2472 2444 2511 versus
2474 2457 2614 2508 Alim
2638 2456 2874 2519 bassam,
2915 2466 2968 2510 et
3000 2456 3155 2511 ducis
3206 2457 3401 2518 ﬁlium,
3430 2455 3567 2524 quod
3598 2450 3799 2507 niltildc

2252 2548 2353 2601 hoc
2378 2558 2525 2599 motu
2547 2546 2648 2599 sibi
2674 2546 3073 2615 signiﬁcassent
3102 2564 3115 2600 :
3142 2564 3263 2600 mox
3292 2548 3434 2601 Alim
3460 2549 3663 2600 bassam
3687 2560 3793 2598 cum

2252 2640 2489 2693 exercitu
2513 2638 2565 2691 in
2597 2638 2897 2692 Anatoliam
2917 2639 3206 2707 proﬁcisci,
3247 2655 3312 2696 ac
3347 2641 3653 2696 seditionem
3674 2641 3798 2691 lianc

2253 2746 2617 2799 compescere,
2644 2732 3039 2800 perduellionis
3098 2736 3419 2789 auctoribus
3455 2736 3639 2802 capitis
3688 2747 3798 2800 sup-

2251 2822 2415 2890 plicio
2436 2821 2700 2885 multatis,
2734 2821 2897 2890 jussit
2930 2840 2943 2888 ;
2974 2822 3117 2892 quod
3147 2824 3250 2877 nisi
3286 2824 3526 2889 fecisset,
3582 2825 3793 2893 impera-

2254 2920 2434 2965 turum
2470 2928 2528 2967 se
2558 2913 2793 2967 minatus
2824 2922 2927 2975 est,
2960 2923 3017 2967 ut
3050 2916 3187 2969 cutis
3209 2917 3258 2969 ei
3306 2927 3418 2970 toto
3446 2932 3663 2986 corpore
3717 2920 3797 2967 de-

2255 2992 2579 3071 traheretur.
2618 3003 2957 3074 Quapropter
2987 3006 3117 3069 Alis,
3150 3007 3394 3063 adhibita
3425 3009 3645 3060 maxima
3679 3007 3787 3059 dili-

583 3096 1440 3173 gcnizaris,esset.luterimipse,
1462 3094 1660 3162 quit-tis
1675 3091 1948 3162 capiendae
1964 3105 2148 3154 causa,
2182 3121 2227 3182 α
2259 3096 2455 3163 gentia,
2485 3095 2540 3148 in
2572 3095 2876 3149 Anatoliam
2911 3112 2968 3151 se
2996 3097 3228 3152 contulit
3256 3116 3271 3153 :
3331 3116 3454 3154 cum
3488 3100 3730 3168 Bajazites
3752 3101 3794 3152 ei

584 3203 759 3251 semet
786 3188 1228 3258 Hadrianopolim
1251 3186 1499 3241 contulit.

652 3283 845 3337 Eratid
881 3279 1140 3349 temporis
1164 3278 1216 3331 in
1249 3276 1527 3346 provincia
1546 3273 1799 3329 Tekiensi
1830 3272 1907 3325 vir
1930 3272 2151 3341 quidam

582 3376 895 3444 primarius,
930 3373 1017 3426 cui
1056 3386 1252 3425 nomen
1286 3369 1561 3423 Cltasanes
1596 3366 1855 3423 Chelit‘es.
1886 3366 1937 3420 is
1984 3367 2149 3419 ﬁlium

585 3466 842 3532 habebat,
876 3463 966 3531 qui
1021 3461 1373 3516 Scachoculis
1410 3460 1716 3529 appellatus
1765 3457 1884 3521 fuit,
1945 3468 1997 3511 et
2025 3459 2153 3512 totis

581 3569 673 3609 sex
690 3554 776 3607 vel
792 3561 992 3622 septem
1016 3551 1172 3603 annis
1192 3551 1259 3601 ita
1280 3549 1459 3614 latuit,
1483 3559 1540 3602 ut
1558 3563 1833 3617 nunquam
1856 3549 2150 3617 prodierit:

583 3660 689 3712 qua
719 3642 937 3710 quidem
968 3641 1036 3694 de
1092 3653 1255 3693 causa
1291 3638 1393 3691 fuit
1425 3639 1644 3693 habitus
1673 3654 1768 3705 pro
1791 3640 1906 3691 viro
1938 3649 2150 3694 sancto.

584 3735 774 3789 Eidem
809 3731 1077 3802 Bajazites
1100 3730 1394 3798 quotannis
1427 3737 1630 3797 septem
1668 3744 1953 3797 aSprorum
1990 3731 2149 3784 millia

582 3842 734 3883 suam
756 3825 810 3878 in
831 3823 1139 3893 speluncam
1172 3821 1382 3875 mittere
1408 3820 1635 3883 solebat,
1677 3838 1799 3874 cum
1851 3820 2144 3891 ignoraret,

581 3932 703 3970 eum
730 3925 783 3970 et
808 3922 968 3969 secta?
996 3912 1239 3975 alterius,
1287 3921 1341 3966 et
1375 3910 1604 3965 Kiselem
1636 3911 1849 3967 bassam
1881 3928 2021 3969 esse.
2054 3914 2149 3968 llic

580 3994 729 4078 ergt'),
770 4022 881 4076 quo
909 4015 1148 4074 tempore
1181 4003 1647 4074 constantiuopoli
1672 4013 1890 4059 strenue
1935 4005 2150 4058 labora-

579 4101 736 4155 batur
764 4100 814 4152 in
850 4099 983 4153 urbe
1019 4095 1336 4159 reﬁcienda,
1386 4096 1500 4150 suis
1559 4096 1667 4151 illis
1727 4113 1757 4151 e
1816 4097 2038 4152 latebris
2096 4106 2150 4152 et

581 4194 828 4248 cavernis
883 4190 1098 4244 tandem
1177 4188 1406 4258 prodiit,
1452 4196 1507 4242 et
1552 4188 1967 4259 adjutus/Opera
2024 4206 2150 4244 suo-

583 4301 702 4339 ium
755 4282 1116 4352 quorumdam
1167 4282 1512 4352 complicum,
1568 4282 1655 4336 die
1715 4282 1947 4351 quodam
2019 4284 2150 4336 solis

582 4378 769 4431 urbem
806 4376 1174 4429 Antaliensem
1206 4374 1487 4443 ingressus
1507 4382 1590 4429 est
1620 4391 1635 4427 :
1669 4376 1814 4443 quod
1846 4390 1909 4429 eo
1934 4374 2148 4430 facilius

2259 3203 2365 3240 non
2401 3188 2647 3257 exiguam
2681 3198 2884 3256 partem
2926 3189 3086 3244 aulici
3106 3191 3188 3246 sui
3224 3195 3537 3258 comitatus,
3564 3202 3615 3248 et
3666 3192 3793 3263 geni-

2257 3296 2531 3345 zarorum,
2558 3281 2928 3349 adjunxisset:
2962 3284 3182 3353 ﬁlioque
3243 3295 3506 3353 praeterea
3540 3303 3652 3348 suo,
3702 3285 3796 3339 sul-

2255 3380 2385 3426 tano
2408 3371 2677 3434 Achmeti,
2707 3373 2861 3441 cujus
2896 3374 3125 3430 Amasiae
3171 3377 3332 3432 sedes
3362 3389 3460 3443 rat,
3494 3377 3792 3439 mandasset,

2256 3474 2317 3517 ut
2345 3464 2457 3517 suis
2483 3478 2604 3517 cum
2634 3464 2814 3532 cepiis
2841 3464 2923 3518 Ali
2958 3465 3132 3519 bassaz
3160 3468 3367 3523 auxilio
3397 3470 3618 3524 veniret.
3671 3467 3794 3523 Ach-

2256 3563 2427 3609 maes
2469 3553 2689 3609 Amasia
2718 3553 3016 3623 profectus,
3046 3560 3111 3611 ad
3142 3558 3280 3612 Alim
3313 3561 3525 3617 bassam
3549 3560 3754 3615 accessit
3780 3576 3792 3612 :

2254 3648 2345 3716 qui
2383 3663 2507 3700 mox
2546 3647 2688 3701 inter
2752 3663 2812 3703 se
2846 3652 3283 3718 congressi,dies
3310 3651 3798 3722 aliquotreﬁciundo

2257 3737 2413 3791 militi
2443 3738 2731 3803 dederunt,
2774 3737 2950 3806 deque
2977 3739 3114 3794 bello
3157 3743 3400 3811 gerendo
3424 3746 3793 3799 consultarent.

2252 3824 2471 3882 Interea
2535 3844 2662 3883 vero
2719 3844 2842 3883 cum
2895 3831 3065 3901 copiis
3121 3832 3175 3886 in
3231 3833 3605 3891 Caramaniam
3660 3834 3796 3888 irruit

2255 3917 2732 3983 Scaclioculis,cui
2765 3920 3104 3977 Caramaniae
3147 3925 3332 3989 bassa,
3380 3943 3537 3996 quem
3592 3926 3793 3981 Cttcidc-

2252 4027 2365 4066 rem
2400 4013 2613 4067 bassam
2643 4014 2928 4075 vocabant,
2954 4024 3004 4067 et
3031 4013 3332 4083 Saugiacus
3362 4019 3576 4087 quidam
3638 4019 3684 4070 in
3716 4030 3792 4069 ea-

2252 4100 2373 4155 dem
2405 4101 2709 4170 provincia,
2740 4102 2929 4156 Zindis
2974 4102 3226 4160 Kemales
3266 4105 3463 4177 begns,
3488 4107 3684 4161 obviam
3717 4119 3798 4155 ve-

2253 4199 2499 4242 nerunt:
2556 4192 2864 4261 pralioque
2910 4192 3082 4247 Culim
3141 4194 3342 4262 adorti,
3390 4214 3492 4251 non
3536 4196 3793 4251 inferiores

2254 4280 2417 4334 modo
2452 4281 2755 4336 discessere
2787 4298 2803 4337 :
2835 4299 3023 4337 verum
3075 4285 3235 4338 etiam
3266 4288 3503 4357 utrique,
3535 4303 3625 4358 pro
3645 4300 3792 4343 more.

2248 4382 2459 4424 resecta
2498 4370 2652 4427 fuere
2709 4375 2908 4442 capita.
2938 4375 3194 4432 Seditiosi
3258 4377 3461 4435 deinde
3503 4378 3793 4433 Caramania

579 4476 692 4521 tum
719 4467 833 4520 ﬁeri
865 4466 1057 4535 potuit,
1098 4466 1229 4534 quia
1252 4465 1599 4520 commodum
1633 4466 1684 4518 id
1726 4464 1987 4532 temporis
2036 4465 2144 4518 illic
2178 4454 2220 4507 1)
2253 4463 2458 4526 relicta,
2510 4479 2705 4520 versus
2743 4466 3024 4531 planitiem
3064 4468 3374 4525 Ziliucciam
3403 4472 3793 4541 protectisunt:

580 4559 970 4613 anniversarias
1015 4560 1270 4612 nundinae
1312 4559 1751 4613 celebrabantur.
1810 4556 1999 4626 Itaque
2054 4572 2146 4611 ca-

582 4660 729 4716 ptam
764 4650 1040 4705 civitatem
1075 4650 1323 4719 diripuit,
1354 4660 1405 4703 et
1437 4650 1660 4703 Gadium
1689 4649 1809 4717 ejus
1839 4651 1891 4702 in
1914 4659 2148 4718 quatuor

584 4738 757 4789 frusta
825 4737 1109 4800 dissecari,
1177 4751 1240 4789 ac
1292 4736 1405 4804 ipsa
1463 4735 1634 4789 frusta
1701 4735 1970 4789 distinctis
2018 4735 2148 4789 locis

582 4825 840 4894 suspendi
873 4826 1062 4894 jussit.
1125 4824 1255 4879 lude
1285 4826 1464 4881 missis
1494 4827 1544 4879 in
1606 4825 1918 4893 provincias
1968 4829 2149 4894 proxi-

552 4933 560 4941 ’
585 4932 699 4971 mas
726 4918 1051 4981 quibusdam
1086 4933 1197 4971 suae
1217 4927 1397 4979 sectr,
1416 4933 1742 4985 suarumque
1770 4918 2003 4986 partium
2058 4918 2151 4971 lto-

584 5010 842 5072 niinibus,
877 5011 1195 5078 proclamari
1229 5014 1483 5081 prwcepit
1544 5010 1830 5065 advenisse
1874 5011 1984 5079 jam
2015 5008 2151 5063 tem-

582 5121 705 5175 pus,
731 5103 864 5172 ipsis
887 5112 1276 5171 opportunum,
1301 5106 1491 5157 saltem
1512 5103 1775 5170 correptis
1790 5103 1980 5164 armis,
2004 5102 2068 5155 ad
2095 5118 2153 5156 se

584 5202 957 5265 properarent.
999 5192 1274 5262 Quotquot
1307 5193 1469 5261 igitur
1503 5194 1644 5244 illam
1671 5201 1872 5245 Sectam
1900 5192 2146 5259 amplec-

583 5287 856 5349 tebantur,
882 5294 937 5339 et
973 5285 1201 5338 anteltac
1227 5299 1344 5335 eam
1371 5292 1583 5336 secreto
1616 5283 1880 5334 duntaxat
1909 5280 2148 5350 proﬁteri

2257 4557 2402 4625 quod
2435 4571 2556 4611 eum
2592 4559 2674 4611 Ali
2732 4558 2906 4614 bassae
2960 4560 3321 4629 signiﬁcatum
3359 4564 3568 4630 fuisset,
3599 4575 3799 4631 magno.

2259 4662 2385 4716 pere
2414 4649 2760 4717 perturbatus
2789 4651 2971 4703 animo
3026 4651 3349 4723 :Quisquis,
3384 4657 3481 4718 ait,
3528 4669 3607 4708 me
3647 4661 3793 4706 amat.

2258 4739 2461 4806 absque
2490 4755 2640 4793 mora
2669 4743 3001 4795 conscendat
3028 4757 3251 4811 equum,
3283 4747 3597 4815 primusque
3614 4744 3796 4799 exteris

2259 4827 2505 4890 exemplo
2545 4828 2793 4893 prwbito.
2825 4830 3141 4883 conscendit
3195 4846 3396 4898 equum
3434 4848 3448 4884 :
3484 4840 3536 4884 et
3589 4826 3793 4881 vereda-

2262 4914 2463 4966 riorum
2500 4915 2552 4966 iu
2588 4929 2792 4967 morem
2814 4915 3073 4969 festinato
3125 4916 3341 4975 itinere.
3398 4914 3692 4983 perduelles
3743 4907 3789 4959 in

2260 5019 2451 5074 cantpo
2524 5004 2787 5060 Zibuccio
2828 5008 3042 5060 laudent
3104 5017 3389 5061 assecutus
3431 5018 3530 5061 est.
3584 5001 3793 5059 Stacha-

2262 5098 2401 5149 culis
2433 5106 2634 5161 autem,
2657 5097 3072 5152 Osmanicorum
3103 5100 3334 5152 adventu
3354 5100 3589 5168 cognito,
3619 5094 3744 5148 ibide
3766 5108 3789 5136 ιι

2262 5188 2312 5239 iu
2351 5188 2573 5255 planitie
2619 5196 2795 5241 castra
2833 5188 2975 5242 vallo
3005 5191 3385 5255 communivit,
3415 5188 3630 5243 camelis
3654 5183 3791 5237 etim"

2260 5279 2312 5332 in
2344 5280 2573 5331 circuitu
2598 5278 2883 5347 dispositis
2922 5298 2936 5333 :
2970 5289 3169 5334 etcum
3199 5282 3383 5334 animo
3409 5297 3510 5334 suo
3542 5271 3795 5333 constituit

2266 5372 2369 5425 Ιιιλε
2398 5373 2514 5425 loco
2543 5370 2730 5424 Martis
2757 5372 2932 5425 aleam
2999 5374 3257 5442 experiri.
3311 5373 3573 5427 Praeterea
3601 5367 3800 5438 quibus-

2267 5464 2390 5514 dam
2426 5471 2734 5515 castrorum
2765 5462 2820 5513 in
2853 5462 3007 5525 locis,
3040 5462 3142 5518 ltoc
3169 5464 3327 5517 modo
3356 5463 3595 5520 munitis.
3636 5466 3793 5509 turres
3832 5471 3849 5477 -

2271 5552 2530 5605 excitavit
2558 5567 2571 5602 :
2600 5552 2666 5606 de
2686 5551 2889 5621 quibus
2904 5552 3133 5619 suiQsese
3159 5549 3800 5613 defenderent,etli05lem

2273 5645 2340 5697 ab
2371 5645 2780 5713 oppugnatione
2806 5652 3113 5698 castrorum
3144 5652 3412 5699 arcerent.
3450 5640 3609 5694 Erant
3656 5631 3802 5700 igitur

2275 5736 2325 5790 hi
2344 5736 2558 5809 egregie
2581 5735 2646 5787 ad
2668 5735 2909 5805 praelium
2934 5735 3230 5791 ineumlum
3270 5733 3463 5806 parati.
3484 5731 3554 5787 Ex
3576 5726 3803 5783 advelsot

581 5380 934 5445 cogebantur.
956 5378 1182 5431 adhunc
1198 5392 1262 5430 eo
1280 5391 1506 5428 nurnero
1527 5372 1933 5437 conﬁnxerunt,
1956 5382 2012 5427 ut
2033 5388 2155 5435 per-

581 5470 732 5523 brevi
771 5472 947 5539 spatio
975 5469 1261 5537 temporis,
1311 5467 1593 5520 hominum
1636 5472 1699 5517 ad
1743 5464 1931 5517 decem
1988 5464 2152 5517 millia

582 5577 764 5614 secum
796 5562 846 5615 in
875 5561 1038 5631 336
1066 5563 1257 5615 castris
1283 5561 1524 5612 haberet.
1555 5556 1824 5610 Praeterea
1858 5556 2165 5624 complures

582 5650 871 5706 eTekiensi
904 5654 1176 5719 provincia
1196 5667 1316 5705 cum
1335 5652 1450 5718 ipso
1465 5667 1522 5705 se
1541 5649 1959 5717 eonjunxeruut.
1983 5648 2167 5716 Itaque

588 5740 722 5794 tales
753 5756 813 5796 ac
840 5750 1016 5795 tantas
1037 5741 1143 5810 jam
1179 5750 1502 5796 consecutus
1527 5740 1729 5808 copias,
1749 5738 1925 5792 Antali
1962 5738 2164 5800 relicta,
