4026 6204
263 269 362 328 ('25

1517 277 1866 336 ANNALES
1904 278 2236 343 TURCICL

3389 279 3494 344 626

261 379 380 431 licet
405 380 520 431 Alis
547 380 704 433 bassa
745 396 930 433 secum
968 391 1021 435 et
1049 383 1164 452 ipse
1197 385 1365 438 multa
1401 384 1570 438 millia
1593 386 1825 438 militum
1862 391 1906 447 Α
1935 387 1988 439 in
2045 385 2362 441 Romaniam
2390 389 2658 443 abiturus.
2686 391 2868 458 ltaque
2886 386 3022 444 Cofe
3041 388 3344 450 discedens,
3365 388 3495 440 Chi-

257 471 612 531 adduxisset,
667 479 848 525 tamen
897 473 1024 541 quia
1061 483 1200 530 totos
1249 475 1364 530 dies
1409 478 1818 545 quatuordecim

254 560 350 613 iito
405 563 599 615 itinere
674 563 972 619 veredariis
1005 582 1172 636 prope
1221 569 1370 636 paria
1410 567 1639 630 fecerat,
1715 583 1822 620 non

254 654 402 705 viros
431 653 722 716 duntaxat,
756 656 847 708 sed
889 672 1064 725 equos
1087 659 1250 712 etiam
1296 659 1576 713 laboribus
1603 659 1809 713 exhau-

254 757 374 797 stos
416 744 672 799 habebat.
701 746 1070 804 Nihilominus
1104 750 1258 805 hoste
1291 759 1586 819 conspecto
1622 769 1634 805 :
1683 749 1824 802 Teu-

255 835 456 887 damus
485 835 538 888 in
572 851 689 902 eos,
714 839 910 907 inquit.
945 839 1050 894 Sed
1084 848 1202 894 erat
1238 843 1290 895 in
1325 843 1565 897 exercitu
1599 843 1822 909 quidam

252 923 604 987 Caramuses,
637 930 1115 996 stipendiariorttm
1149 932 1470 1001 pra-iectus,
1525 947 1664 1001 quos
1683 931 1825 993 ,Πιο-

255 1015 402 1069 fezio
440 1017 653 1082 dicunt,
690 1021 775 1074 vir
802 1023 880 1075 rei
935 1023 1188 1078 militaris
1256 1025 1546 1094 insigniter
1592 1025 1820 1094 peritus.

255 1109 309 1161 is
342 1110 426 1164 Ali
459 1112 634 1167 bassa:
695 1115 1347 1188 respondens:Exspecta
1381 1118 1653 1183 nonnihil,
1678 1121 1824 1181 ait,o

257 1203 632 1262 hassa,douec
657 1208 931 1261 exercitus
955 1208 1044 1261 alii
1073 1224 1130 1262 se
1153 1209 1434 1263 nobiscum
1455 1210 1814 1278 coniungant.

253 1293 404 1346 Fieri
487 1298 693 1365 nequit,
771 1308 829 1351 ut
914 1301 1088 1354 hostis
1177 1316 1208 1354 e
1297 1302 1552 1355 manibus
1620 1307 1824 1358 nostris

252 1386 526 1440 elabatur.
586 1389 664 1440 Ad
698 1405 864 1442 unum
947 1390 1236 1455 duntaxat,
1293 1393 1598 1447 alterumve
1658 1395 1821 1460 diem,

255 1478 507 1543 pretium
537 1478 721 1533 diti'er.
758 1479 933 1534 Etiam
966 1482 1295 1541 Ramasanis
1327 1484 1490 1551 tilius,
1512 1485 1822 1540 Adanorum

253 1568 470 1640 begusa
495 1571 650 1625 nobis
683 1572 929 1628 subsidio
962 1574 1126 1630 venit.
1153 1575 1310 1642 Sine,
1346 1581 1552 1649 quato,
1607 1590 1824 1636 nostras

256 1657 334 1709 uti
363 1659 553 1727 copias
591 1661 823 1716 aliorum
859 1667 1174 1721 accessione
1213 1668 1448 1738 majores
1477 1679 1533 1724 et
1556 1671 1825 1727 ﬁrmiores

251 1749 577 1807 cateiamus.
608 1753 724 1808 Alis
742 1764 924 1810 autem
949 1757 1106 1812 bassa
1129 1759 1366 1815 vicissim
1393 1778 1406 1814 :
1440 1761 1596 1827 Quis,
1626 1763 1825 1830 inquit,
1857 1731 1899 1786 Β

254 1851 342 1895 cst
377 1843 488 1897 Alis
519 1843 698 1909 hassa,
730 1845 922 1910 quisve
985 1849 1202 1901 tandem
1243 1850 1380 1904 alter
1430 1852 1541 1918 ille,
1572 1854 1730 1908 nobis
1770 1865 1828 1908 ut

254 1935 375 1999 ejus
411 1935 480 1987 sit
508 1937 911 2002 exspectandus
943 1937 1206 1994 adventus
1246 1940 1269 1992 i
1317 1940 1584 1995 Nimirum
1633 1943 1744 1996 Alis
1798 1959 1828 1998 e

258 2033 531 2091 potestate
561 2034 708 2080 totus
736 2029 966 2082 exierat.
1000 2027 1234 2098 Ideoque
1267 2031 1417 2086 rabie
1454 2033 1688 2102 quadam
1737 2049 1828 2087 ac-

257 2124 356 2168 tus
393 2114 599 2169 boatem
633 2117 864 2171 invasit:
897 2134 1007 2185 quo
1061 2120 1290 2187 factum,
1320 2131 1377 2176 nt
1399 2139 1524 2179 acre
1578 2126 1827 2194 praelium

255 2205 723 2263 committeretur.
766 2206 842 2261 Eo
870 2211 1054 2276 praelio
1081 2213 1364 2269 Chasanes
1396 2217 1663 2286 Chelites,
1700 2223 1830 2275 Sca-

255 2298 504 2352 rhoculis
525 2308 695 2366 pater,
719 2303 915 2372 sagitta
941 2305 1276 2372 vulneratus,
1299 2320 1353 2364 et
1394 2313 1556 2380 paulo
1580 2325 1699 2379 post
1733 2331 1828 2369 cx-

257 2391 498 2443 stinetus
517 2388 618 2443 fuit
652 2408 664 2442 :
692 2409 803 2461 quo
828 2403 1068 2462 mortuo,
1087 2401 1357 2454 tumultus
1375 2412 1539 2471 atque
1569 2407 1830 2474 strepitus

261 2481 452 2550 ingens
486 2484 661 2537 audiri
680 2486 824 2554 cepit
855 2488 908 2540 in
935 2490 1129 2544 castris
1153 2491 1558 2547 seditiosorum.
1581 2495 1827 2566 Quapro-

259 2582 381 2642 pter
406 2575 524 2630 Alis
585 2575 766 2640 bassa,
790 2581 1065 2634 concitato
1099 2585 1406 2639 calcaribus
1439 2603 1601 2654 equo,
1625 2591 1830 2645 inedios

261 2668 315 2718 in
339 2667 526 2722 hostes
547 2669 757 2725 delatus
784 2683 834 2726 et
862 2674 929 2726 ab
952 2675 1030 2728 eis
1056 2676 1273 2730 occisus
1297 2690 1401 2731 est.
1424 2678 1578 2743 Quod
1611 2684 1827 2749 quidem

261 2755 440 2820 ipsius
458 2759 759 2827 conspicati
787 2761 1010 2828 milites,
1039 2774 1193 2834 terga
1212 2766 1428 2822 dedere.
1470 2769 1829 2827 Scaehoculis

263 2849 364 2901 hac
396 2851 603 2916 potitus
662 2853 909 2918 victoria,
954 2871 1147 2912 versus
1205 2856 1488 2916 Parthicos
1527 2861 1661 2918 fines
1729 2867 1832 2919 iter

261 2943 482 3003 direxit,
547 2941 854 2998 Tebrisium
901 2948 1289 3015 proiecturus;
1323 2969 1446 3005 cum
1509 2971 1676 3024 prepe
1713 2956 1828 3026 jam

1928 477 2017 530 lim
2049 478 2314 547 navigavit
2343 497 2356 533 :
2393 479 2534 534 Cbili
2568 481 2910 548 Beligradum
2940 479 3108 532 venit.
3142 480 3268 547 Ejus
3307 478 3380 532 rei
3415 477 3493 530 ia-

1925 581 2009 620 ma
2030 566 2548 638 Constantinopolim
2575 572 2639 623 ad
2655 571 2930 623 sultanum
2955 569 3249 638 Bajazitem
3270 569 3492 636 perlata,

1925 657 2151 711 Cadium
2189 659 2341 712 urbis
2378 659 2740 728 Sarigresem,
2771 670 2824 713 et
2885 659 3190 726 Seguancm
3255 659 3493 720 bassam,

1926 747 2131 816 legatos
2152 750 2216 803 ad
2244 749 2414 804 tilium
2441 751 2609 813 misit,
2640 767 2873 819 quorum
2903 764 2956 805 et
2975 751 3222 804 consiliis
3254 758 3498 803 uteretur

1925 838 2171 904 Selimes,
2198 850 2252 894 et
2284 842 2507 896 monitis
2539 843 2922 896 instrueretur.
2987 840 3053 894 Ili
3089 857 3210 896 cutn
3244 837 3308 893 ad
3361 839 3497 893 Seli-

1926 945 2066 985 mem
2097 934 2488 1000 pervenissent,
2522 943 2773 987 auctores
2792 934 2840 987 ei
2865 932 3102 996 fuerunt,
3144 931 3220 986 uti
3253 945 3406 986 suam
3441 931 3496 983 in

1925 1023 2181 1077 ditionem
2210 1024 2410 1078 rediret
2436 1043 2451 1079 :
2489 1040 2554 1079 ne
2585 1025 2722 1080 forte
2748 1025 3006 1080 fratribus
3030 1026 3194 1080 etiam
3265 1025 3380 1078 suis
3407 1038 3497 1075 oc—

1926 1117 2201 1170 casionem
2237 1116 2524 1184 praeberet,
2563 1117 2872 1172 consimilia
2925 1118 3173 1186 quaedam
3225 1114 3494 1170 tentandi.

1926 1205 2005 1258 Ad
2037 1221 2098 1261 ea
2135 1207 2466 1276 respondens
2492 1207 2724 1264 Selimes
2755 1229 2768 1264 :
2823 1211 3016 1264 Annon
3073 1210 3384 1264 mandatum
3415 1206 3497 1260 di-

1928 1299 2130 1353 vinitus
2163 1308 2264 1364 est,
2296 1300 2495 1369 inquit,
2542 1303 2616 1356 uti
2651 1319 2780 1357 suos
2804 1305 3038 1372 quisque
3062 1311 3310 1372 parentes
3338 1301 3496 1352 tertio

1925 1390 2009 1444 vel
2030 1401 2222 1460 quarto
2239 1407 2455 1462 quoque
2474 1409 2618 1447 anno
2649 1395 2883 1448 invisat?
2918 1396 3026 1447 Hac
3060 1395 3307 1461 equidem
3327 1407 3495 1446 causa

1927 1496 2123 1546 mutus,
2151 1483 2255 1536 iter
2292 1483 2394 1537 hoc
2428 1485 2706 1553 perﬁciam
2738 1503 2751 1549 ;
2785 1495 2837 1539 ct
2855 1497 3006 1553 patre
3041 1486 3283 1548 visitata,
3319 1497 3495 1536 meatu

1928 1577 1979 1629 in
2009 1575 2265 1628 ditionem
2299 1587 2564 1632 revertar.
2598 1579 2674 1631 Ad
2708 1594 3002 1634 summam.
3038 1579 3106 1631 ab
3126 1578 3228 1630 hor
3250 1578 3501 1630 instituto

1928 1669 2086 1737 legati
2128 1666 2383 1723 Selimem
2429 1669 2581 1722 nullo
2630 1669 2908 1724 dimovere
2962 1669 3125 1725 modo
3180 1679 3497 1738 potuerunt.

1929 1760 2164 1828 Ideoque
2201 1760 2493 1814 redeuntes
2529 1762 2591 1812 ad
2627 1761 2916 1829 Bajazitem
2971 1761 3064 1814 filii
3127 1773 3361 1813 mentem
3437 1775 3499 1810 ac

1930 1854 2252 1907 sententiam
2285 1853 2422 1920 patri
2479 1853 2879 1906 renuntiarunt.
2940 1853 2990 1906 is
3049 1854 3225 1905 denuo
3295 1854 3500 1920 togatos

1931 1944 2063 1996 alios
2093 1942 2158 1996 ad
2184 1943 2438 1997 Selimcm
2479 1945 2644 2010 misit,
2679 1960 2742 1997 ac
2782 1945 2888 1997 dici
2918 1944 3026 1996 tilio
3056 1945 3238 2012 jussit,
3270 1943 3345 1995 nti
3401 1940 3500 1993 Se-

1931 2033 2228 2088 mendriam
2260 2050 2317 2090 se
2350 2037 2617 2105 reciperet
2657 2052 2668 2087 :
2703 2051 2862 2104 quem
2891 2036 3004 2103 ipsc
3020 2034 3390 2100 sangiatratum
3424 2032 3498 2085 illi

1930 2127 2286 2181 attribuisset.
2329 2127 2556 2197 Negavit
2593 2127 2645 2181 id
2687 2143 2746 2181 se
2797 2127 3071 2181 facturum
3105 2126 3269 2191 illius,
3325 2125 3502 2180 omni-

1932 2235 2109 2288 noque
2135 2234 2194 2272 se
2212 2228 2425 2288 patrem
2450 2222 2600 2291 prius
2639 2220 2914 2275 aditurum
2948 2220 3250 2290 respondit,
3272 2219 3503 2287 ejusque

1931 2327 2127 2364 manus
2158 2312 2555 2378 osculaturum,
2593 2322 2755 2382 atque
2786 2312 2860 2366 ita
2883 2311 3077 2365 deinde
3108 2311 3499 2378 discessurum.

1933 2401 2240 2457 Evcnerunt
2262 2405 2375 2457 inre
2410 2419 2553 2458 anno
2570 2405 2698 2460 917.

2006 2493 2315 2549 Secundum
2361 2497 2450 2550 illa
2486 2497 2722 2565 perrexit
2757 2497 2810 2551 in
2866 2497 3061 2551 itinere
3109 2510 3207 2550 suo
3257 2495 3504 2549 sultantts

1934 2587 2189 2650 Selimes,
2221 2597 2274 2641 et
2311 2587 2756 2658 Hadrianopolim
2809 2589 2984 2658 petiit.
3047 2588 3178 2642 inde
3227 2602 3348 2642 cum
3395 2600 3502 2638 non

1933 2676 2120 2745 procul
2147 2678 2386 2741 abesset,
2415 2677 2606 2732 relicta
2634 2679 2904 2748 Bajazites
2945 2675 3354 2745 liadrianopoli,
3389 2688 3504 2728 ver-

1934 2783 2025 2822 sus
2054 2766 2588 2834 ConstantinOpolim
2621 2769 2777 2824 abiit.
2822 2769 3066 2822 Habebat
3095 2776 3274 2820 autem
3316 2779 3502 2819 secum

1933 2874 2124 2914 omnes
2156 2858 2372 2914 Vezircs
2405 2877 2558 2927 suos,
2587 2873 2642 2916 et
2676 2865 2839 2932 bcgos
2874 2863 3177 2927 sangiacos,
3201 2869 3251 2912 et
3285 2859 3504 2912 milites.

1935 2950 2143 3018 Quippe
2171 2952 2439 3005 mandatis
2473 2951 2766 3018 publicatis
2796 2952 3062 3016 edixerat,
3101 2951 3178 3004 uti
3230 2965 3412 3002 set-nm
3446 2964 3509 2999 eo

261 3030 532 3084 Parthicis
554 3045 580 3083 ιι
613 3032 812 3091 ﬁnibus
842 3038 1116 3100 abessent,
1188 3041 1401 3096 obviam
1451 3045 1532 3099 eis
1563 3061 1830 3101 car-amna
1855 3057 1902 3120 ρ
1939 3043 2430 3110 proﬁciscerentur.
2468 3045 2583 3108 Qua
2619 3045 2685 3098 de
2725 3060 2888 3098 causa
2919 3055 3231 3098 commotus
3256 3044 3507 3105 Selinus,

265 3125 516 3191 quaedam
539 3125 704 3189 venit,
725 3142 910 3181 secum
941 3145 969 3182 e
990 3127 1204 3184 Parthia
1230 3134 1429 3186 sericas
1454 3146 1503 3188 et
1527 3137 1658 3190 alias
1684 3156 1828 3192 mer-

259 3234 356 3273 ces
375 3219 599 3274 vehens.
627 3219 754 3274 Eam
779 3237 1100 3277 caravanam
1119 3226 1477 3282 Srachoculis
1503 3229 1752 3296 diripuit,
1780 3242 1831 3285 ιςιι

259 3321 536 3379 quotquot
557 3313 697 3367 hanc
725 3314 1128 3368 comitabantur
1162 3317 1432 3380 homines,
1459 3320 1688 3373 intertit-i
1710 3323 1831 3390 jus-

259 3404 341 3456 sit
368 3421 383 3456 :
419 3418 541 3456 cum
570 3404 870 3470 ignoraret,
901 3420 1022 3460 esse
1050 3421 1180 3474 opes
1200 3407 1585 3466 illaslstnaelis
1610 3409 1829 3480 Scachi,

261 3496 369 3548 hoe
400 3505 484 3549 est
507 3497 647 3564 regis
682 3494 1034 3551 Parthorum.
1062 3497 1163 3553 Ubi
1192 3497 1500 3556 Tebrisinm
1533 3505 1831 3564 venissent,

257 3586 476 3639 tribuni
508 3586 764 3651 militum,
805 3589 1099 3659 ceterique
1129 3592 1390 3660 praefecti.
1443 3593 1714 3648 Scachum
1763 3594 1836 3648 ls-

261 3677 485 3732 mailem
547 3678 803 3732 adierunt
838 3698 851 3732 :
881 3688 935 3734 et
993 3681 1057 3735 ad
1101 3684 1265 3750 pedes
1315 3684 1486 3753 ipsius
1539 3687 1831 3755 provoluti,

262 3773 530 3823 honorem
559 3771 609 3824 ei
670 3787 768 3840 pro
793 3787 944 3826 more
979 3775 1219 3842 gentium
1247 3776 1486 3842 illarum,
1512 3779 1831 3835 exhibuere.

260 3861 407 3916 Tum
443 3877 572 3916 vero
610 3860 857 3918 Scachus
881 3864 1065 3918 lsmail
1096 3885 1107 3918 :
1133 3867 1268 3932 Quis
1293 3877 1481 3922 auctor
1511 3870 1662 3924 vobis
1709 3871 1834 3939 fuit,

263 3955 469 4022 inquit,
507 3964 564 4007 ut
593 3954 853 4023 adoptivo
882 3957 1024 4024 patri
1052 3973 1174 4012 meo
1208 3960 1397 4014 bassas
1428 3970 1482 4015 et
1509 3962 1672 4030 begos
1704 3978 1837 4019 suos

259 4046 616 4108 occideretis,
642 4047 872 4116 ejusque
929 4057 1190 4116 praeterea
1251 4052 1500 4106 subditos
1549 4054 1714 4109 rebus
1773 4073 1836 4112 ac

259 4139 626 4193 tacultatibus
659 4140 774 4194 suis
805 4141 1111 4209 spoliaretis
1132 4142 1155 4194 ?
1177 4142 1289 4198 Illis
1349 4145 1836 4213 respondentibus,

257 4233 314 4284 id
339 4233 440 4287 abs
469 4247 525 4285 se
585 4231 810 4297 factum,
845 4244 904 4289 ut
955 4235 1175 4304 ipsimet
1224 4237 1426 4293 lsmaili
1482 4237 1695 4293 Scacho
1726 4255 1838 4294 rem

255 4334 472 4391 gratim
503 4323 768 4390 iacerent,
810 4335 863 4380 et
910 4326 1164 4382 homines
1195 4342 1223 4381 a
1257 4339 1401 4383 recta
1451 4332 1552 4388 fide
1606 4331 1834 4397 alienos,

1933 3144 1986 3188 et
2018 3136 2366 3189 coosiliarios
2435 3151 2564 3191 suos
2618 3138 2936 3205 appellans:
2989 3136 3239 3200 Nullutu,
3307 3136 3506 3218 inquit.

1934 3227 2143 3280 hostem
2176 3227 2439 3282 habemus
2469 3228 2610 3280 inter
2645 3228 3087 3297 Hadrianopolim
3141 3237 3195 3280 ct
3239 3227 3509 3279 Constan—

1936 3319 2237 3388 tinopolim.
2265 3321 2373 3372 (Zur
2399 3334 2526 3389 ergo
2543 3330 2619 3373 tot
2649 3336 2922 3387 proceres,
2942 3328 2993 3372 et
3021 3320 3180 3372 talem
3207 3333 3268 3371 ac
3292 3327 3501 3372 tantum

1934 3405 2232 3459 exercitum
2256 3416 2404 3474 pater
2433 3423 2613 3461 secum
2639 3407 2812 3462 ducit?
2840 3407 2989 3462 Haud
3008 3407 3171 3460 dubie
3195 3408 3323 3460 nihil
3357 3407 3502 3460 aliud

1936 3498 2051 3550 ιιωο
2081 3500 2434 3565 portendunt,
2468 3513 2627 3566 quam
2659 3499 2801 3568 quod
2832 3498 3056 3552 fratrem
3088 3513 3293 3561 meum,
3328 3498 3506 3552 sulta-

1937 3605 2067 3643 num
2096 3589 2431 3653 Achtnetem,
2467 3606 2645 3643 rerum
2709 3591 3172 3645 administrationi
3236 3591 3508 3661 prtem-ere

1937 3679 2158 3747 cogitat.
2192 3679 2426 3749 Ideoque
2450 3695 2661 3734 summa
2696 3695 2826 3736 usus
2867 3681 3164 3747 celeritate,
3219 3697 3323 3735 non
3386 3698 3508 3749 pro-

1938 3771 2025 3824 cul
2055 3786 2084 3824 a
2118 3769 2278 3826 Zorlo
2306 3781 2511 3840 patrem
2547 3782 2834 3828 assecutus
2862 3781 2962 3828 est.
3021 3773 3098 3828 lbi
3157 3783 3270 3827 tum
3334 3773 3510 3841 copiis

1936 3863 2196 3931 utrinque
2223 3865 2698 3926 concurrentibus,
2734 3864 2800 3916 ad
2852 3864 3252 3918 dimicationem
3293 3875 3507 3916 ventum

1941 3955 2068 4009 fuit.
2101 3956 2225 4009 Erat
2259 3956 2308 4010 id
2345 3956 2608 4024 temporis
2645 3955 2916 4010 imbecilla
2973 3955 3243 4025 Bajazites
3303 3955 3513 4011 valetu-

1941 4047 2090 4109 dine,
2126 4062 2373 4101 cutnuec
2402 4047 2630 4115 pedibus
2683 4048 2760 4099 uti
2813 4062 2911 4100 nec
2962 4048 3209 4115 equitare
3281 4053 3510 4113 posset:

1940 4153 2112 4207 eaque
2142 4141 2207 4190 de
2236 4153 2400 4191 causa
2431 4153 2596 4191 curru
2629 4138 2952 4201 vehebatur,
2979 4137 3066 4191 cui
3124 4139 3304 4190 velum
3335 4136 3511 4189 oblu-

1940 4240 2117 4293 xerat.
2155 4229 2394 4284 numinis
2441 4228 3128 4298 interim,Mahumetisque
3149 4226 3514 4281 suiauxilium

1946 4323 2266 4391 implorans.
2294 4321 2429 4374 Cum
2458 4321 2756 4390 perexiguo
2793 4318 3053 4388 temporis
3091 4317 3377 4372 intervallo
3412 4333 3514 4385 pu-

257 4419 555 4477 barbaros,
586 4417 945 4480 facinorosos,
990 4418 1057 4471 de
1115 4418 1294 4474 medio
1320 4421 1572 4475 tollerent
1601 4466 1616 4488 ,
1649 4437 1832 4476 rursus

1950 4425 2172 4482 gnatum
2209 4423 2353 4468 esset
2407 4415 2582 4468 victus
2643 4409 2898 4475 Selimes,
2923 4409 3073 4464 omni
3136 4410 3516 4462 thesauro-suo

255 4526 362 4564 eos
386 4511 732 4580 compellans
767 4511 1012 4566 Scachus
1035 4512 1194 4583 337
1222 4512 1507 4569 Parthicus
1540 4533 1552 4566 :
1593 4515 1652 4569 Et
1713 4517 1842 4582 quid

259 4604 514 4665 tandem,
572 4601 825 4669 subjecit,
859 4604 1604 4672 caravanaculpmcommisit
1635 4605 1687 4658 in
1723 4621 1840 4669 vos,

259 4709 374 4763 qua
413 4693 635 4753 irritati,
670 4701 724 4746 et
759 4694 1010 4750 homines
1044 4697 1345 4760 cecidistis,
1415 4709 1469 4750 et
1507 4713 1636 4764 opes
1697 4698 1844 4766 ipsas

261 4785 626 4855 diripuistis?
659 4786 736 4840 Ad
761 4803 882 4854 qua:
916 4787 989 4841 illi
1023 4805 1145 4842 cum
1182 4790 1318 4842 nihil
1347 4789 1632 4852 haberent,
1692 4790 1837 4858 quod

262 4878 351 4930 sui
385 4876 652 4946 purgandi
689 4891 856 4931 causa
903 4878 957 4932 in
993 4879 1231 4932 medium
1287 4879 1546 4932 aﬂerrent
1579 4894 1593 4931 :
1623 4894 1842 4933 omnem

265 4970 424 5022 illam
464 4969 755 5023 coltuviem
790 4971 1073 5024 hominum
1105 4973 1176 5025 ita
1209 4972 1460 5025 distribui
1493 4971 1738 5026 Scachus
1773 4971 1848 5024 lsv

267 5062 404 5114 mait
433 5062 617 5129 jussit,
653 5071 713 5115 ut
760 5062 962 5132 singuli
1033 5063 1357 5118 Parthorum
1423 5079 1678 5132 proceres
1727 5065 1846 5134 ejus

271 5152 537 5205 mandato
564 5153 751 5222 viginti
779 5154 844 5207 ad
897 5169 955 5208 se
1030 5156 1332 5223 reciperent
1365 5181 1382 5210 .-
1429 5165 1656 5209 czeteros
1719 5171 1846 5209 vero

273 5241 584 5310 prafeetos,
655 5254 816 5313 atque
857 5247 1106 5300 tribunos
1166 5249 1434 5316 ipsorum,
1490 5249 1846 5302 trucidandos

271 5335 520 5389 Corinis
543 5336 660 5389 suis
689 5336 908 5406 objecit.
936 5337 1090 5402 Quod
1114 5354 1246 5391 sane
1280 5355 1404 5391 cum
1456 5341 1666 5403 absque
1695 5356 1845 5393 mora

277 5427 453 5490 iierel,
526 5427 741 5496 dignam
802 5430 1134 5484 facinoribus
1208 5431 1464 5485 admissis
1544 5431 1846 5484 mercedem

277 5523 472 5574 tulere.
1419 5591 1430 5597 ί

350 5612 489 5666 Dum
519 5611 638 5666 haec
673 5613 724 5665 in
759 5613 882 5665 Asia
907 5622 1246 5684 gererentur,
1287 5615 1635 5668 Tarabosauc
1669 5612 1850 5682 proie-

279 5713 400 5758 ctus
423 5706 673 5759 Sullanus
712 5705 959 5769 Selimcs,
985 5706 1203 5771 navigio
1225 5706 1395 5761 Colon
1427 5707 1632 5770 appulit
1661 5723 1674 5769 ;
1701 5707 1847 5760 illinc

1318 5857 1335 5883 δ

1950 4509 2157 4572 relicto,
2182 4506 2319 4577 tugzc
2347 4522 2405 4561 se
2442 4505 2634 4559 dedit:
2672 4519 2735 4558 ac
2766 4504 2982 4556 tandem
3033 4503 3279 4572 pervenit
3328 4501 3381 4554 iu
3440 4502 3517 4554 vi-

1947 4615 2070 4653 cum
2105 4599 2416 4666 quemdam,
2443 4598 2610 4652 situm
2654 4598 2718 4650 ad
2753 4611 2924 4660 mare,
2960 4595 3106 4664 quod
3139 4593 3363 4663 Nigrum
3419 4609 3517 4647 vo-

1948 4703 2093 4748 rant.
2125 4692 2181 4745 Ei
2221 4693 2338 4746 vico
2366 4708 2562 4745 nomen
2591 4699 2671 4744 est
2701 4689 2896 4758 Midge.
2933 4687 3034 4742 llic
3067 4703 3256 4740 navem
3306 4687 3518 4757 ingrcs-

1950 4801 2063 4845 sus.
2097 4786 2387 4839 tranmisso
2423 4784 2582 4846 mari,
2609 4784 2778 4837 Col‘en
2815 4797 2872 4837 se
2909 4780 3160 4834 contulit.
3196 4779 3301 4833 Sed
3330 4779 3518 4833 eadem

1953 4877 2130 4930 hieme
2163 4891 2350 4930 rursus
2383 4877 2433 4927 in
2457 4875 2777 4928 Iiomauiam
2802 4873 3094 4944 navigavit.
3116 4873 3349 4939 Quidam
3374 4873 3517 4924 enim

1950 4984 2204 5038 proceres
2232 4967 2394 5020 aulici
2427 4975 2610 5034 partes
2636 4966 2841 5020 sultani
2907 4965 3188 5020 Achmctis
3242 4963 3518 5024 fovebant,

1950 5063 2205 5114 nimirum
2230 5059 2344 5128 ipse
2367 5057 2810 5120 Cadilcscherus,
2847 5067 2900 5111 et
2949 5056 3272 5113 Nischanzis
3336 5053 3519 5113 bassa,

1948 5151 2248 5207 ctJouuzes
2280 5154 2456 5216 bassa,
2482 5151 2572 5218 qui
2601 5150 2915 5204 muneribus
2940 5147 3172 5202 etiamin
3197 5146 3340 5198 hunc
3359 5143 3519 5195 ﬁnem

1952 5244 2176 5311 paratis.
2212 5242 2413 5311 populo
2451 5249 2838 5311 persuaserant
2869 5239 3141 5293 sultanutn
3201 5236 3518 5287 Achmetem

1954 5335 2102 5388 brevi
2131 5335 2479 5398 adiuturum,
2502 5341 2555 5387 et
2579 5334 2700 5387 loco
2736 5313 2908 5402 patris
2935 5332 3359 5396 imperaturum.
3424 5324 3521 5378 ilic

1953 5435 2134 5481 autem
2168 5436 2396 5479 cooatns
2437 5441 2626 5479 eorum
2687 5439 2810 5478 cum
2860 5420 3129 5491 genizaris
3171 5417 3522 5490 innotnisset,

1957 5529 2112 5575 nocte
2131 5521 2364 5589 quadam
2403 5519 2456 5572 in
2483 5520 2626 5572 aedes
2656 5520 2897 5586 ipsorum
2927 5515 3222 5572 irruentes,
3254 5508 3520 5574 quidquid

1954 5615 2006 5668 in
2040 5613 2121 5666 eis
2158 5621 2430 5681 repertum
2457 5619 2622 5673 esset,
2688 5610 3046 5677 diripuerunt.
3107 5608 3292 5657 itidem
3362 5617 3521 5654 noun

1957 5703 2227 5759 Chasanis
2261 5704 2435 5758 bassre
2471 5703 2689 5756 domum
2717 5702 2977 5759 acarcssi.
3007 5697 3146 5751 hedc
3171 5692 3472 5756 spoliarunt
3507 5707 3516 5742 :
