4026 6204
591 309 696 368 627

1849 313 2204 373 ANNALES
2255 314 2410 374 TUB
2424 313 2604 374 ClCl.

3717 325 3818 391 6:38

591 423 836 490 adeoque
867 423 1189 477 seditionem
1212 423 1523 478 excitavere
1561 424 1874 479 maximam.
1920 427 2086 481 Erant
2113 427 2165 480 id
2197 431 2238 484 A
2270 427 2336 479 ab
2361 427 2440 480 eis
2474 428 2618 480 dicta
2650 425 2904 491 fuissent,
2938 428 3133 495 exiguo
3199 431 3458 498 temporis
3517 435 3678 501 spatio
3706 439 3814 492 sul--

595 517 857 582 temporis
898 515 962 567 ad
990 517 1176 576 urbem
1212 514 1409 567 soltani
1440 514 1720 569 Achmetis
1747 517 1905 583 legali
1932 520 2021 586 qui
2056 519 2173 572 fur-

593 609 690 658 tim
741 623 799 660 se
846 605 1171 664 subducere,
1224 605 1498 680 salutique
1555 622 1668 660 suae
1716 606 1837 678 fuga
1888 601 2177 670 consulere

591 699 764 751 coacti
793 697 1029 751 fuerunt.
1067 695 1378 751 Secundum
1418 699 1531 752 haec
1563 698 1772 767 legatos
1799 700 1865 752 ad
1895 700 2172 754 sultannm

596 791 852 842 Selimem
878 791 1079 844 misere
1102 789 1476 860 genizari,qui
1499 791 1839 855 nuntiarent,
1876 792 1939 843 ad
1983 793 2171 847 urbem

593 881 751 936 modo
782 883 993 937 veniret
1026 900 1040 937 :
1070 899 1127 936 se
1151 884 1407 938 nimirum
1433 893 1484 938 et
1508 885 1839 940 salutatur-os
1867 887 2040 955 ipsum
2075 887 2177 949 im-

595 982 924 1038 peratorem,
988 984 1041 1028 et
1095 976 1379 1048 agnituros
1424 991 1523 1042 pro
1587 975 1834 1033 domino.
1882 981 2173 1035 Aehmetes

527 1089 529 1091 ί
591 1065 754 1118 etiam
783 1067 971 1120 eodem
1003 1075 1244 1136 tempore
1309 1069 1530 1137 propius
1565 1068 1631 1122 ad
1683 1071 1871 1123 urbem
1933 1088 1990 1125 se
2039 1089 2174 1129 con-

593 1155 740 1220 tulit,
775 1158 889 1209 suis
919 1173 1040 1210 cum
1075 1159 1250 1226 copiis
1281 1159 1346 1213 ad
1374 1160 1710 1225 lscodaram,
1731 1177 1761 1214 e
1790 1164 2008 1229 regione
2033 1163 2168 1218 Con-

591 1248 998 1316 stantinopolis,
1018 1259 1193 1307 castra
1217 1261 1481 1308 metatus:
1510 1253 1798 1320 missisque
1829 1256 1966 1322 patri
1987 1258 2172 1311 multis

591 1356 886 1394 aureorum
917 1358 1264 1400 nummorum
1292 1345 1551 1406 millibus.
1584 1364 1694 1416 quo
1735 1360 1955 1409 venerat
1978 1349 2172 1402 itinere

593 1432 874 1488 discessit.
905 1432 1150 1502 Cumque
1191 1436 1497 1505 vectigalia,
1553 1441 1777 1504 tributa,
1838 1451 2173 1510 emtcrosqne

597 1524 808 1579 fructus
839 1541 900 1579 ac
937 1534 1232 1596 proventus
1262 1528 1498 1596 imperii,
1547 1546 1640 1599 per
1705 1532 2008 1584 Anatoliam
2069 1534 2173 1587 sibi

594 1617 928 1672 vindicasset
953 1634 972 1671 :
998 1616 1262 1673 violenter
1285 1619 1406 1675 illas
1433 1621 1748 1689 provincias
1779 1623 2172 1679 administrare

594 1709 756 1774 cepit.
788 1708 864 1768 Ac
887 1710 1008 1762 licet
1041 1712 1292 1766 sultanus
1319 1714 1484 1766 etiam
1521 1713 1784 1769 Corentes
1801 1715 1994 1784 Oppida
2025 1731 2176 1785 quae-

2281 530 2438 578 tanus
2473 518 2741 584 Bajazites
2777 535 2836 575 re
2867 534 2990 573 cum
3028 520 3215 574 animo
3244 537 3344 575 suo
3401 523 3697 589 deliberata,
3727 544 3809 580 ca-

2281 619 2376 678 put
2401 609 2580 677 erigit,
2613 620 2667 664 et
2706 608 2950 664 :Rerum
3004 612 3276 680 equidem,
3334 613 3527 682 inquit,
3573 631 3809 673 summam

2282 701 2392 753 lilio
2424 717 2565 767 meo,
2601 705 2818 762 sultano
2856 703 3040 756 Selimi
3081 705 3333 758 traditam
3393 708 3684 763 committo.
3707 709 3808 774 Qua

2282 795 2537 865 Bajazitis
2565 798 2811 850 oratione
2841 797 3111 864 genizaris
3153 798 3484 860 renuntiata,
3546 814 3662 854 mox
3692 816 3810 855 una-

2278 889 2454 942 nimes
2477 889 2542 945 ad
2579 890 2854 943 sultauum
2908 889 3144 944 Selimen
3193 908 3251 946 se
3302 893 3660 948 contulerunt.
3711 893 3818 951 lite

2278 977 2458 1033 autem
2493 991 2644 1048 gesta
2680 982 2898 1035 luerunt
2931 998 3077 1035 anno
3111 983 3244 1037 1518
3271 983 3422 1052 (Chr.
3459 984 3636 1052 1512).-

2289 1115 2302 1130 .
2347 1073 2620 1129 Postridie
2653 1074 2902 1130 sultanus
2941 1074 3210 1143 Bajazitcs
3234 1076 3429 1144 cistas,
3461 1079 3651 1146 quibus
3677 1080 3813 1146 impeo

2279 1168 2466 1221 ratorii
2503 1167 2746 1221 thesauri
2774 1168 3224 1233 continebantur,
3259 1169 3480 1224 sultano
3514 1170 3686 1223 Selimi
3722 1170 3817 1224 lilio

2278 1258 2475 1311 misit:
2513 1273 2577 1312 ac
2627 1259 2856 1324 vezires,
2903 1271 3238 1329 ceterosque
3304 1263 3517 1325 bassas,
3569 1261 3816 1316 dominum

2277 1366 2458 1410 smun,
2491 1351 2767 1408 sultanum
2806 1351 3064 1406 Selimem
3123 1355 3276 1408 adire
3329 1355 3517 1423 jussit,
3583 1355 3728 1421 eique
3754 1353 3818 1410 si-

2277 1442 2535 1509 gniﬁcare
2570 1424 2950 1498 tantummodo
2973 1446 3096 1508 sibi,
3155 1447 3293 1512 patri
3354 1462 3478 1508 suo,
3534 1446 3820 1500 dilationem

2276 1533 2482 1585 dierum
2525 1534 2593 1587 50
2629 1537 2970 1599 concelaret,
3004 1537 3202 1604 quibus
3253 1538 3484 1600 exactis,
3514 1537 3822 1592 Dimotucum

2276 1623 2552 1687 abiturus,
2579 1634 2633 1678 et
2691 1627 2958 1694 reliquum
3007 1628 3206 1682 ibidem
3235 1631 3362 1684 vita:
3407 1631 3634 1698 spatimn
3672 1643 3826 1688 trans-

2277 1712 2453 1768 iturus
2487 1723 2629 1767 esset
2660 1735 2672 1775 ς
2707 1715 2922 1768 interim
2946 1717 3178 1772 Selimes
3207 1722 3262 1772 in
3291 1719 3525 1786 hospitio
3545 1719 3823 1786 Genibaxco

595 1805 721 1854 dum
756 1803 1018 1858 :tnatolite
1051 1803 1152 1858 sibi
1199 1805 1544 1874 subjerisset,
1588 1807 1842 1865 retinere
1882 1816 2060 1861 tamen
2107 1823 2171 1866 ea
2203 1788 2242 1842 Β
2273 1818 2722 1867 commoraretur.
2763 1806 2886 1862 [Lee
2908 1824 3034 1862 cum
3063 1809 3138 1862 illi
3182 1810 3404 1863 sultano
3464 1810 3642 1863 Selimi
3669 1826 3810 1874 expo-

596 1912 708 1954 nou
737 1897 1066 1964 potuit,cuut
1098 1897 1479 1966 praefectorum
1514 1900 1714 1952 sultani
1748 1899 2030 1962 Achmetis
2061 1915 2173 1951 ma-

592 1987 743 2055 jores
781 1995 966 2043 essent
1014 1991 1174 2040 vires.
1206 1988 1392 2055 Itaque
1452 1989 1744 2045 discedens
1809 2005 1871 2043 ex
1925 1991 1990 2044 iis
2040 1991 2178 2054 locis.

595 2076 881 2142 Corcutes,
922 2087 1070 2142 trans
1102 2093 1251 2130 mare
1274 2072 1588 2148 Callipolim
1619 2080 1758 2133 abiit
1794 2098 1806 2133 :
1843 2095 1905 2134 ac
1955 2080 2174 2136 duobus

596 2169 862 2235 duntaxat
901 2183 1085 2222 secum
1119 2169 1371 2238 sumptis,
1431 2169 1957 2240 Constantinopolim
2026 2173 2173 2224 navi-

595 2263 766 2326 gavit.
793 2260 868 2328 Eo
900 2276 1021 2313 eum
1065 2263 1419 2329 pervenisset,
1448 2261 1704 2330 exiguum
1737 2253 2006 2329 quoddam
2032 2273 2169 2315 tem-

598 2354 744 2421 plum
776 2353 1050 2422 ingressus
1079 2364 1179 2417 est,
1219 2354 1362 2407 haud
1391 2354 1577 2423 procul
1608 2369 1635 2407 a
1693 2354 1977 2407 domicilio
2009 2354 2170 2423 geni-

599 2460 874 2513 zarormn.
907 2444 1019 2500 Hoc
1046 2446 1132 2500 ubi
1158 2446 1467 2499 nuntiatum
1523 2445 1757 2499 Sultauo
1787 2445 2008 2512 Bajaziti
2042 2446 2172 2499 fuis-

600 2550 728 2603 set,
761 2539 922 2593 aliam
974 2541 1023 2593 ei
1083 2541 1302 2593 domum
1351 2538 1404 2592 in
1471 2539 1605 2592 urbe
1658 2538 1824 2607 jussit
1880 2540 2170 2608 assignari,

597 2649 788 2709 quam,
817 2643 1069 2694 remotus.
1102 2649 1129 2686 a
1165 2631 1455 2688 Genizaris
1514 2631 1866 2685 inhabitaret.
1920 2631 1977 2684 ln
2031 2633 2171 2683 hanc

569 2714 771 2799 °igitur
804 2726 896 2779 ubi
936 2727 1375 2795 commigrasset,
1409 2724 1552 2780 bona
1609 2739 1734 2778 cum
1760 2723 1911 2776 venia
1966 2731 2170 2791 patrem

603 2815 786 2879 adiit:
827 2816 1054 2884 ejusque
1096 2831 1314 2868 manum
1341 2815 1714 2876 exosculatus,
1764 2817 1818 2867 in
1871 2814 2170 2881 hospitium

603 2907 764 2978 suum
793 2908 1050 2969 reductus
1074 2907 1195 2961 fuit.
1230 2906 1461 2973 Zeemen
1489 2905 1540 2958 id
1572 2904 1853 2973 temporis,
1887 2919 2049 2974 quam
2076 2905 2175 2958 mi-

548 2983 566 3000 ⁸
601 3017 788 3063 norem
827 3009 1043 3064 vocant,
1081 2999 1334 3054 sultanus
1370 2998 1600 3055 Selimes
1651 2999 1968 3059 advenerat.
2004 2997 2172 3055 Cum-

602 3111 711 3161 que
777 3094 998 3164 propius
1070 3092 1598 3161 Constantinopolim
1657 3091 1962 3154 accederet,
2011 3101 2173 3159 atque

2280 1897 2523 1952 suissent
2561 1915 2575 1951 :
2613 1898 2912 1968 Quidquid,
2961 1901 3058 1965 ait,
3127 1903 3266 1969 patri
3333 1912 3388 1955 et
3447 1903 3616 1956 bassis
3671 1903 3822 1957 visum

2279 1985 2443 2042 fuerit
2479 1990 2768 2056 imperare,
2804 2002 2981 2043 ratum
3017 2001 3156 2048 esto.
3205 1991 3318 2048 Res
3369 1993 3513 2047 enim
3567 1993 3729 2047 adhuc
3774 1993 3821 2048 in

2276 2079 2518 2147 ipsorum
2553 2091 2819 2147 potestate
2858 2093 2989 2136 sunt
3019 2091 3074 2134 et
3106 2083 3369 2136 arbitrio.
3411 2083 3670 2137 Postridie
3697 2082 3824 2140 illius

2283 2171 2390 2222 dici
2424 2181 2642 2236 patrem
2682 2172 2911 2226 Selimes
2942 2173 3099 2239 adiit,
3131 2175 3292 2242 eique
3333 2191 3545 2227 manum
3576 2174 3824 2229 osculatus

2273 2268 2376 2312 est.
2405 2258 2540 2320 Tum
2575 2276 2944 2329 verosurgeus
2965 2273 3115 2332 pater
3142 2280 3156 2317 :
3190 2261 3432 2331 Accede,
3455 2264 3547 2328 fili,
3571 2266 3660 2326 ait,
3687 2275 3826 2334 atque

2276 2348 2378 2410 hoc
2410 2350 2532 2409 loco
2562 2351 2691 2406 sede
2727 2370 2742 2418 ;
2771 2369 3097 2408 cumrerum
3159 2354 3444 2422 dominus,
3498 2371 3582 2410 me
3632 2355 3824 2424 quidem

2274 2442 2550 2508 abdicato,
2595 2453 2648 2498 et
2685 2445 2982 2513 imperator
3010 2447 3186 2502 factus
3225 2449 3329 2504 sis.
3357 2450 3434 2503 Ad
3475 2465 3534 2503 ea
3587 2448 3823 2502 Selimes:

2275 2530 2496 2587 Minime
2531 2550 2679 2600 vero,
2709 2537 2778 2588 mi
2819 2547 2992 2606 pater.
3017 2540 3218 2606 inquit.
3279 2539 3417 2594 Nam
3471 2541 3707 2609 equidem
3738 2540 3822 2593 do-

2282 2624 2440 2686 mini,
2474 2627 2761 2695 patrisque
2814 2630 2918 2682 mei
2946 2627 3185 2685 famulus
3209 2646 3336 2684 sunt
3378 2651 3391 2686 :
3468 2647 3565 2685 nec
3621 2629 3826 2698 amplius

2275 2716 2575 2785 quidquam
2605 2718 2760 2786 petii,
2794 2734 2958 2788 quam
2987 2732 3046 2773 ut
3071 2721 3202 2774 mihi
3226 2720 3428 2776 faciem
3480 2733 3619 2774 tuam
3653 2717 3825 2774 intueri

2275 2823 2338 2862 ac
2365 2823 2587 2862 manum
2625 2809 2931 2864 deosculari
2959 2810 3164 2866 liceret.
3196 2812 3251 2866 ld
3276 2828 3406 2866 cum
3438 2809 3822 2882 impetraverim,

2277 2899 2413 2952 bona
2446 2914 2571 2954 cum
2605 2915 2737 2969 pace
2765 2909 2853 2954 tua
2883 2901 3037 2965 mihi,
3069 2901 3273 2957 famulo
3330 2915 3447 2968 tuo,
3507 2917 3643 2956 nunc
3693 2900 3827 2954 abire

2277 2991 2362 3048 fas
2414 3003 2552 3057 esto,
2586 2992 2736 3048 salva
2773 2993 2871 3047 tibi
2905 3009 3087 3048 rerum
3105 2994 3584 3049 administratione
3610 3005 3826 3062 prospero.

2284 3084 2440 3140 rima.
2473 3084 2738 3140 Sullanus
2769 3094 2951 3141 autem
2984 3085 3258 3155 Bajazites
3305 3106 3323 3142 :
3347 3085 3472 3149 Fili,
3501 3085 3593 3148 ait,
3622 3093 3723 3136 toto
3749 3095 3829 3151 pes

605 3152 820 3239 obviam
847 3152 894 3241 ei
921 3186 1160 3256 prodiret
1195 3186 1448 3249 sultanns
1499 3187 1764 3240 Coreutcs
1799 3183 1981 3248 frater,
2021 3181 2180 3248 equis
2207 3152 2251 3214 Ο
2283 3186 2434 3232 ctore
2467 3187 2628 3246 atque
2674 3181 2854 3232 animo
2915 3177 3205 3247 imperium
3256 3177 3362 3233 tibi
3426 3174 3696 3244 resignari.
3737 3169 3827 3230 Sed,

603 3280 931 3343 insidentes,
955 3295 1148 3336 tuanus
1207 3280 1308 3332 sibi
1340 3288 1531 3338 mutuo
1558 3285 1944 3346 porrexerunt,
1974 3291 2035 3330 ac
2062 3292 2184 3346 per-

612 3384 859 3445 amapter
885 3374 979 3427 inti
1002 3388 1027 3425 r
1052 3387 1111 3428 se
1139 3371 1392 3430 collocuti
1431 3379 1581 3427 sunt.
1615 3367 1751 3430 l-liuc
1770 3368 1954 3423 urbem
1979 3368 2186 3434 ingres-

603 3483 700 3522 sus
729 3465 977 3530 Selimes,
1007 3467 1060 3520 in
1098 3475 1254 3536 prato
1295 3464 1591 3533 genibaxeo
1613 3461 1844 3515 tentoria
1865 3460 2000 3525 fixit,
2022 3459 2189 3528 338

607 3560 844 3622 Corcute
873 3575 1030 3615 suum
1072 3559 1123 3611 in
1162 3559 1464 3624 hospitium
1525 3557 1809 3612 redeunte.
1858 3553 1995 3608 Tum
2054 3570 2185 3608 vero

607 3656 918 3725 congregati
938 3654 1217 3717 Genizari,
1237 3655 1422 3707 decem
1450 3668 1514 3706 ex
1536 3652 1683 3704 omni
1711 3666 1930 3704 suorum
1958 3663 2186 3703 numero

608 3747 876 3816 delegere,
927 3762 1066 3816 quos
1095 3748 1161 3800 ad
1198 3747 1390 3801 bassas
1420 3745 1721 3812 ablegatos,
1765 3743 1949 3796 dicere
2000 3741 2186 3806 jusse-

605 3848 775 3894 wnt:
803 3853 1099 3908 agnoscere
1134 3853 1192 3894 se
1217 3855 1314 3908 pro
1343 3837 1568 3892 domino
1604 3851 1703 3889 suo
1731 3835 2008 3888 sultanum
2044 3832 2186 3886 Scli-

611 3947 777 3997 tnem,
807 3929 1069 4000 Bajazitis
1101 3929 1447 3999 imperatoris
1477 3927 1667 3981 filium.
1708 3925 2023 3993 Bajazitem,
2058 3938 2188 3992 pro-

609 4037 728 4094 pter
758 4025 1038 4084 adversam
1064 4023 1450 4084 valetudinem,
1470 4018 1967 4075 etimbecillttatem
1995 4017 2186 4068 virium

609 4117 850 4186 tmnjam
888 4115 1124 4184 amplius
1153 4115 1216 4167 ad
1244 4113 1382 4171 bella
1431 4113 1666 4180 gerenda
1723 4111 1943 4179 prodire
2006 4121 2186 4176 posse.

609 4209 979 4275 Quamobrem
1009 4209 1384 4276 signiﬁcarent
1412 4205 1630 4271 sultano
1658 4201 1880 4272 Bajaziti
1907 4201 2100 4265 bassze,
2131 4207 2190 4252 ut

604 4311 803 4370 sponte
858 4317 1014 4358 suam
1044 4317 1226 4355 rerum
1279 4297 1804 4354 adtninistratEOuem
1867 4291 2051 4346 Selimi
2132 4291 2191 4342 li.

610 4398 685 4452 lin
711 4397 964 4450 traderet.
992 4393 1046 4448 ld
1078 4394 1182 4448 nisi
1212 4392 1384 4455 fieret,
1428 4391 1480 4444 in
1513 4391 1660 4459 ipsos
1683 4402 1740 4442 se
1769 4385 2182 4440 animadversu-

2288 3285 2455 3332 unum
2485 3270 2589 3324 hoc
2619 3271 2867 3332 consulo,
2892 3287 2958 3324 ne
2989 3269 3312 3339 sanguinem
3341 3269 3612 3325 innoxium
3639 3264 3825 3328 fundas,

2288 3377 2388 3415 nec
2424 3361 2698 3415 immerito
2721 3376 3053 3431 quemquam
3102 3360 3354 3416 occidas.
3386 3359 3485 3415 Cui
3522 3357 3677 3428 patris
3713 3368 3826 3409 eone

2288 3451 2413 3504 silio
2477 3465 2600 3505 cum
2653 3451 2883 3507 Selimes
2916 3467 2974 3506 se
3032 3450 3348 3521 parituram
3404 3450 3740 3521 promisisset,
3779 3445 3825 3499 in

2289 3543 2504 3597 hortum
2535 3561 2738 3600 novum
2770 3545 2882 3599 sive
2919 3543 3264 3609 Genibaxen,
3296 3543 3368 3598 ad
3399 3543 3621 3599 tentoria
3665 3552 3750 3592 sua
3776 3551 3825 3590 se

2288 3635 2517 3702 recepit.
2552 3633 2850 3698 Postridie,
2883 3651 3098 3690 Stiinnto
3132 3635 3406 3700 diluculo,
3451 3650 3543 3705 pro
3601 3625 3827 3686 tribunali

2289 3725 2449 3792 Sedit,
2483 3735 2538 3780 et
2568 3725 2822 3785 advocari
2883 3726 3274 3784 Genizarorum
3329 3742 3483 3796 agam
3529 3721 3712 3794 jussit;
3745 3715 3826 3786 ιιιιί

2290 3835 2415 3873 mox
2456 3821 2726 3875 universis
2761 3836 2883 3874 eum
2909 3820 3304 3875 Genizarorum
3346 3817 3518 3888 eOpiis
3564 3827 3727 3869 coram
3768 3821 3824 3862 eo
3875 3816 3882 3834 '

2290 3926 2349 3965 se
2376 3912 2547 3966 stetit.
2578 3910 2663 3965 lbi
2696 3923 2809 3965 tum
2849 3911 3188 3980 compellatis
3248 3910 3409 3978 ipsis,
3440 3909 3656 3963 Selimes
3689 3902 3828 3954 inter-

2291 4018 2505 4072 rogare,
2542 4018 2671 4055 num
2702 4017 2762 4056 se
2790 4002 2982 4056 vellent
3036 4002 3319 4055 dominum
3372 4013 3426 4056 et
3484 4000 3824 4066 imperatorem

2294 4097 2647 4166 agnoscere?
2679 4095 2908 4151 Cunctis
2957 4096 3287 4149 unanimiter
3323 4089 3750 4150 acclamantibus,
3779 4081 3825 4138 id

2293 4193 2523 4244 omnino
2553 4206 2614 4245 se
2647 4193 2784 4274 vellg
2828 4192 3029 4254 facere,
3061 4203 3186 4243 mox
3235 4189 3436 4242 iterum
3496 4186 3706 4241 Selimes
3745 4189 3827 4232 eos

2296 4283 2580 4352 appellans
2617 4301 2628 4337 :
2668 4283 2724 4338 Si
2755 4270 2900 4352 quis,
2961 4282 3061 4347 ait,
3119 4282 3260 4335 inter
3307 4296 3408 4336 vos
3442 4276 3636 4347 aliquid
3681 4270 3827 4338 culpa

2295 4375 2658 4438 commiserit,
2693 4392 2760 4428 an
2803 4391 2897 4444 per
2928 4390 3023 4428 vos
3060 4373 3194 4428 mihi
3225 4373 3431 4437 licebit,
3481 4380 3536 4424 ut
3581 4368 3716 4422 illum
3741 4375 3825 4430 pu-

613 4508 707 4546 ros
738 4511 754 4548 :
781 4501 833 4546 et
869 4499 1126 4558 praetcrea
1161 4502 1256 4557 per
1279 4486 1382 4539 vim
1419 4483 1782 4540 collocatur-os
1815 4477 2074 4532 Selimem
2133 4478 2182 4530 in

2302 4470 2445 4522 niam
2473 4464 2733 4522 ?Licehit
2767 4483 2918 4532 vero,
2952 4467 3287 4522 succlamant
3319 4460 3679 4528 omnes.Ergo
3702 4453 3829 4510 dein.

615 4589 876 4640 thronum
896 4585 1126 4653 regium.
1150 4597 1214 4635 ac
1235 4581 1516 4634 dominum
1557 4587 1610 4630 et
1627 4576 2011 4642 imperatorem
2031 4585 2190 4624 suum

613 4677 1004 4730 declaraturus.
1038 4673 1159 4726 llaec
1182 4687 1306 4726 cum
1331 4670 1517 4727 decem
1566 4667 1638 4724 illi
1677 4665 2056 4732 genizarorum
2118 4659 2195 4714 le—

617 4771 654 4822 ti
686 4767 862 4822 hassis
894 4764 1300 4834 exposuissent,
1338 4763 1510 4815 bassa:
1542 4775 1667 4814 cum
1692 4757 1758 4813 iis
1820 4756 1954 4826 ipsis
2005 4754 2193 4807 decem

619 4862 751 4915 \iris
785 4861 1060 4916 sidtanum
1114 4857 1402 4924 Bajazitem
1461 4853 1733 4910 adierunt.
1797 4848 1846 4902 ls
1905 4843 2196 4904 intelleetis

616 4970 807 5009 eorum
840 4950 1158 5021 postulatis,
1201 4964 1364 5019 quam
1402 4946 1620 5005 quidem
1651 4943 1743 4998 ditt
1775 4947 2055 5011 superstes
2079 4936 2198 5003 ipse

620 5047 785 5111 foret,
829 5046 1114 5116 imperium
1153 5059 1212 5097 se
1233 5042 1436 5096 nemini
1498 5038 1831 5092 traditurum
1891 5029 2196 5100 respondit.

619 5140 702 5199 Ad
725 5155 786 5194 ea
815 5152 1106 5207 supremus
1139 5134 1307 5189 vczir.
1345 5132 1656 5200 Mustaphas
1717 5127 1874 5180 bassa
1906 5140 1920 5177 :
1953 5122 2080 5176 Vale
2104 5121 2202 5189 igis

621 5253 732 5299 tur,
771 5233 968 5302 inquit,
1013 5231 1307 5298 imperator
1338 5225 1595 5279 maxime.
1628 5221 1760 5275 Nam
1798 5234 1945 5282 mox,
1977 5215 2066 5270 tibi
2102 5213 2200 5266 abs

625 5341 682 5384 te
711 5327 944 5399 digressi
976 5324 1264 5385 fuerimus,
1299 5320 1466 5373 vitam
1499 5317 1552 5370 hi
1587 5315 1743 5369 nobis
1773 5311 2035 5366 adimcnt.
2064 5306 2200 5362 Tum

624 5424 876 5478 sultauus
920 5439 932 5472 :
969 5417 1252 5487 Siquidem
1279 5413 1389 5482 jam
1419 5423 1517 5465 nos
1543 5405 1775 5476 imperio
1815 5417 1924 5458 non
1978 5399 2205 5455 abdica-

623 5517 888 5572 verimus.
917 5513 1010 5578 ait,
1047 5526 1112 5564 an
1145 5509 1384 5562 futurum
1415 5503 1637 5572 putatis,
1692 5498 1767 5552 uti
1800 5512 1901 5550 nos
1949 5511 1978 5549 e
2028 5493 2207 5547 medio

626 5605 868 5660 tollant?
901 5601 1120 5655 Minime
1155 5613 1302 5662 vero,
1336 5594 1636 5665 subjiciunt
1658 5590 1753 5654 illi,
1787 5587 1946 5638 vitam
1977 5583 2209 5653 eripient

631 5697 730 5751 tibi
765 5713 778 5750 :
819 5697 913 5750 sed
943 5694 1160 5763 injectis
1190 5691 1341 5744 uncis
1380 5687 1712 5757 spiculorum
1774 5693 2000 5735 suorum
2059 5673 2192 5730 vesti

635 5801 766 5862 tuae,
794 5789 858 5848 de
891 5791 1086 5847 tln'ono
1110 5782 1463 5858 imperatorio
1493 5787 1546 5839 te
1578 5778 1765 5836 detr-ali
1785 5787 1878 5832 .nt.
1914 5771 2045 5840 Quae
2077 5784 2201 5826 cum

2299 4577 2447 4627 ceps,
2480 4558 3009 4628 subjecit'Selimes,
3053 4559 3346 4628 imperium
3375 4571 3551 4612 meum
3608 4546 3827 4618 auspica-

2298 4651 2415 4706 bor.
2451 4651 2747 4716 Postridie,
2779 4666 2904 4706 cum
2935 4650 3228 4715 illuxisset,
3266 4649 3462 4704 eodem
3517 4646 3567 4699 in
3617 4643 3722 4696 loco
3749 4647 3828 4705 pro

2301 4744 2559 4798 tribunali
2601 4741 2871 4805 consedit,
2903 4741 3178 4795 veziribus
3203 4749 3256 4794 et
3280 4738 3457 4794 bassis
3485 4733 3723 4790 omnibus
3743 4725 3829 4778 huc

2301 4843 2367 4904 ad
2411 4839 2585 4907 ipsum
2618 4835 3098 4896 convenientibus.
3129 4831 3226 4887 Illo
3249 4831 3338 4886 die
3392 4827 3672 4900 quemdam
3705 4815 3831 4885 genl-

2303 4946 2517 4993 zarum,
2549 4929 2641 4998 qui
2665 4943 2884 4983 auream
2934 4926 2989 4980 in
3043 4927 3226 4996 capite
3279 4922 3520 4994 gestabat
3570 4911 3819 4971 uscuﬁlm.

2303 5027 2417 5080 sive
2453 5025 2674 5095 pilcum,
2704 5018 3092 5089 comprehendi
3145 5018 3334 5086 jussit,
3385 5022 3440 5084 et
3501 5009 3566 5064 ad
3617 5007 3826 5060 arborem

2305 5115 2598 5185 suspendi:
2629 5115 2864 5183 quodam
2889 5111 3053 5165 etiam
3086 5112 3153 5163 de
3208 5104 3576 5162 Ulofeziorum
3635 5099 3831 5187 numero

2307 5181 2485 5278 cap—ite
2514 5181 2789 5270 truncato.
2814 5203 3115 5260 Ccnizarus
3139 5201 3229 5254 ille
3263 5205 3547 5268 propterea
3571 5181 3830 5286 suspendio

2308 5301 2558 5357 sublatus
2591 5314 2620 5354 e
2659 5294 2984 5358 mediofuit,
3013 5292 3162 5363 quod
3194 5289 3394 5348 sultani
3449 5282 3704 5352 Achmetis
3754 5282 3828 5322 so-

2309 5408 2402 5454 cer
2433 5399 2607 5457 esset.
2641 5388 2755 5443 iloe
2806 5385 2967 5446 modo
3023 5400 3147 5440 cum
3198 5382 3301 5451 sibi
3344 5378 3588 5434 sultanus

2310 5483 2597 5552 imperium
2627 5479 3028 5541 constituisset,
3055 5474 3320 5529 Corcntes
3341 5476 3626 5524 conscensa
3648 5460 3836 5552 trireme

2310 5544 2628 5636 Maitissam,
2675 5570 2937 5624 ditionem
2998 5583 3178 5631 suam,
3238 5561 3470 5633 repetiit.
3514 5553 3624 5646 Non
3671 5544 3833 5646 init-itis

2313 5629 2508 5722 diebus
2541 5629 2869 5732 interjectis,
2921 5629 3397 5725 Constantinopoli
3441 5640 3704 5732 discedens
3743 5629 3837 5682 b’a-

2307 5760 2528 5842 juliICS,
2558 5755 2898 5872 Dimotucpm
2937 5749 3088 5811 abire
3108 5747 3397 5822 cogitabat.
3426 5741 3556 5799 Eum
3609 5731 3833 5790 saltantis
