4026 6204
250 311 352 380 6Ξ9

1512 322 1871 387 ANNALES,
1896 325 2236 387 TURCICI.
2324 390 2329 393 .

3392 336 3497 396 60

249 427 476 481 Selimes
522 434 673 483 extra
732 440 942 498 portam
994 428 1599 503 Iladrianopolitanam,
1658 436 1818 491 oflicii
1846 440 1896 501 Α
1923 436 2110 494 Tantis
2142 456 2264 495 cum
2298 440 2471 510 copiis
2523 441 2575 495 in
2614 439 2887 499 Parthiam
2920 444 3221 512 profectus.
3275 460 3496 499 manum

245 534 433 583 (ausa,
464 534 587 573 cum
620 520 934 577 deduceret.
968 523 1237 594 Bajazites
1273 541 1303 581 e
1358 542 1522 582 curru
1556 543 1679 582 cum
1706 528 1817 583 filio

243 610 585 680 colloquens,
620 612 687 667 de
710 616 894 669 multis
926 630 1050 669 eum
1102 620 1265 672 rebus
1326 618 1635 675 admonuit.
1692 620 1819 675 Inde

245 716 436 756 mutuo
471 704 573 758 sibi
606 714 757 771 pater
787 716 952 775 atque
988 709 1131 762 filius
1152 709 1478 777 valedixere.
1513 710 1619 765 Sed
1667 710 1822 781 Baja-

241 792 380 846 zites
410 795 511 848 hoe
538 794 733 851 itinere
761 798 975 853 delatus
1005 801 1057 853 iu
1122 802 1300 855 vicum
1359 803 1674 872 quemdam,
1732 805 1817 858 cui

243 897 446 938 nomen
486 885 722 955 Cltapse,
748 889 1070 943 vitamcum
1104 901 1280 945 morte
1306 894 1687 949 commutavit.
1719 894 1822 949 Re-

244 984 437 1031 vectus
466 987 647 1031 autem
682 995 709 1032 a
742 981 859 1035 Suis
892 981 1455 1052 Constantinopolim,
1513 988 1568 1040 in
1596 989 1822 1057 templo,

239 1070 390 1136 quod
426 1071 541 1138 ipse
563 1080 975 1133 construxerat.
1016 1076 1273 1130 conditus
1308 1077 1433 1131 fuit.

323 1158 638 1214 Secundum
665 1162 777 1216 haec
825 1165 1104 1232 profectus
1154 1176 1235 1221 est
1287 1168 1537 1226 sultanus
1595 1169 1824 1227 Selimes

242 1252 522 1308 universis
552 1269 673 1306 cum
702 1256 876 1324 copiis
909 1260 963 1310 in
1018 1260 1359 1323 Anatoliam,
1422 1276 1658 1331 cumque
1710 1265 1822 1333 jam

242 1345 591 1411 pervenisset
612 1345 897 1414 Engurim,
931 1348 1129 1404 fratrer
1160 1350 1298 1418 ejus,
1326 1353 1576 1409 sultanus
1595 1355 1826 1411 Aebme-

244 1448 353 1501 tes,
390 1437 457 1490 ad
490 1439 625 1493 lines
650 1441 916 1496 Arabicos
958 1442 1221 1513 profugit.
1252 1443 1406 1510 Quod
1479 1448 1570 1502 ubi
1597 1450 1827 1505 Selimes

244 1532 568 1597 accepisset,
600 1533 796 1588 itinere
826 1545 1057 1601 mutato,
1091 1536 1329 1593 Prnsam
1367 1540 1530 1595 rediit
1570 1558 1587 1595 :
1642 1543 1827 1611 ibique

247 1623 592 1692 Mustapbam
631 1625 871 1692 bassam,
904 1644 1025 1682 cum
1057 1629 1269 1698 aliquot
1332 1630 1561 1687 fratrum
1596 1648 1825 1688 suorum

248 1713 403 1775 ﬁliis.
442 1717 774 1787 strangulari
798 1721 1034 1774 curavit.
1098 1721 1225 1776 Inde
1277 1722 1569 1779 Manissam
1635 1734 1825 1780 contra

248 1809 496 1874 fratrem,
520 1812 798 1865 sultanum
826 1813 1146 1881 Corcutem,
1184 1818 1348 1872 movit
1394 1836 1409 1874 :
1469 1817 1567 1873 sed
1620 1821 1665 1875 is
1725 1821 1828 1876 Te-

248 1898 492 1955 kiensem
532 1902 585 1955 in
623 1905 959 1973 provinciam
991 1908 1126 1961 abiit
1166 1925 1180 1964 :
1239 1925 1348 1979 quo
1408 1915 1648 1981 cognito,
1720 1916 1830 1984 pri-

250 1996 808 2064 mumejanitoribus
844 2000 981 2059 suis,
1041 2016 1203 2068 quem
1258 2002 1500 2057 Azemim
1555 2005 1826 2061 Casanam

247 2094 422 2153 Agam
448 2093 733 2155 vocabant,
769 2090 991 2145 fratrem
1019 2106 1048 2145 a
1082 2101 1235 2164 tergo
1261 2098 1512 2165 persequi
1542 2097 1732 2166 jussit.
1781 2099 1830 2153 Is

248 2179 498 2235 adhibita
527 2182 811 2253 diligentia
843 2186 1101 2251 maxima,
1149 2188 1363 2241 tandem
1392 2190 1540 2242 illum
1577 2191 1628 2243 in
1661 2207 1832 2260 specu

249 2277 491 2341 quodam
520 2276 899 2345 deprehendit,
933 2287 985 2331 et
1009 2280 1153 2347 cepit
1186 2292 1200 2332 :
1227 2280 1451 2349 jamque
1516 2291 1736 2351 captum
1766 2284 1857 2337 ad?

251 2366 444 2420 herum
466 2383 627 2422 suum
650 2368 904 2423 Selimem
942 2372 1450 2436 adducens,obvios
1482 2374 1671 2427 imbuit
1698 2392 1834 2429 nun-

250 2462 376 2518 tios.
406 2460 548 2528 apud
600 2461 858 2529 oppidum
1114 2461 1390 2531 Egrigos:
1456 2464 1547 2517 tibi
1598 2481 1717 2516 mox
1769 2467 1836 2520 de

252 2551 512 2604 mandato
545 2549 765 2604 Selimis
792 2550 1061 2605 Corcutes
1082 2553 1483 2620 strangulatus,
1516 2563 1569 2606 et
1599 2556 1838 2608 cadaver

181 2676 193 2684 -
251 2646 367 2714 ejus
399 2646 627 2703 Prusam
667 2656 907 2714 vectum,
940 2647 1139 2702 ibidem
1203 2660 1559 2704 monumento
1588 2649 1690 2707 fuit
1723 2651 1839 2703 illa-

251 2750 390 2792 tum.

320 2834 462 2887 Cum
525 2842 705 2888 autem
770 2833 1019 2889 sultanus
1084 2835 1317 2891 Selimes
1379 2836 1541 2890 etiam
1607 2837 1837 2891 alterum

253 2923 482 2978 fratrem
530 2940 712 2989 suum,
778 2927 1053 2981 sultanum
1103 2926 1442 2990 Achmetem,
1511 2942 1844 2995 magnopere

252 3026 477 3087 cuperet
503 3018 554 3071 in
608 3025 932 3087 potestatem
990 3018 1292 3083 redactum,
1352 3028 1470 3073 astu
1509 3019 1839 3087 excogitato,

251 3111 539 3165 bassarum
571 3118 623 3163 et
675 3109 1051 3177 genizarorum
1093 3109 1315 3164 nomine
1370 3110 1577 3165 litteras
1622 3112 1840 3164 adeum

251 3201 518 3270 perscribi
543 3201 731 3271 jussit,
767 3216 998 3267 quarum
1029 3201 1333 3256 litterarum
1362 3202 1477 3257 haec
1532 3213 1650 3261 erat
1685 3219 1835 3259 suni-

252 3314 340 3350 ma
371 3317 386 3352 :
416 3299 707 3352 Sultanum
752 3296 1006 3352 Selimem
1046 3297 1340 3352 crudeliter
1376 3297 1429 3351 in
1463 3298 1706 3351 omnium
1734 3311 1835 3351 saa-

248 3393 371 3446 vire
409 3391 598 3444 vitam.
628 3391 703 3443 Ea
732 3390 799 3444 de
852 3404 1018 3445 causa
1053 3404 1111 3444 se
1136 3389 1247 3458 jam
1286 3398 1548 3457 pertaesos
1582 3405 1705 3444 esse
1736 3407 1837 3460 pu-

251 3483 501 3537 milionis
559 3484 737 3538 istius.
803 3480 1053 3535 Prodiret
1089 3482 1250 3536 modo
1300 3481 1616 3544 Achmctes.
1685 3499 1747 3539 ac
1781 3500 1839 3539 se

250 3576 704 3643 conspiciendum
741 3575 1023 3644 praeberet,
1063 3589 1184 3628 mox
1223 3575 1269 3628 el
1324 3585 1539 3645 captum
1579 3575 1836 3629 Selimem

251 3670 579 3724 tradituros.
652 3667 784 3721 Data
851 3682 983 3721 vero
1045 3665 1145 3720 fuit
1198 3682 1387 3736 opera,
1457 3676 1516 3721 ut
1570 3668 1843 3739 ejusmodi

252 3768 569 3817 litterarum
602 3760 847 3829 exempla
876 3759 946 3815 50
975 3759 1056 3813 vel
1087 3757 1157 3812 60
1186 3759 1402 3834 sultano
1430 3760 1679 3815 Aclnneti
1718 3760 1839 3814 red-

251 3859 538 3908 derentur.
608 3852 793 3919 Itaque
856 3864 1084 3906 numero
1164 3850 1467 3904 litterarum
1534 3851 1835 3921 deceptus,

252 3949 415 3997 fidem
447 3943 528 3997 eis
584 3942 794 4005 habuit,
844 3951 1054 3997 etcum
1126 3944 1297 3997 milite
1360 3942 1667 3999 Caramano
1724 3947 1839 3999 suis

249 4055 279 4088 e
304 4035 533 4088 latebris
561 4034 613 4086 in
642 4042 890 4103 apertum
926 4036 1147 4103 prodiit.
1186 4036 1467 4104 Quotquot
1503 4046 1659 4090 erant
1715 4051 1838 4090 cum

249 4142 318 4177 ρο
356 4140 633 4194 proceres,
684 4127 825 4179 hanc
864 4125 1251 4195 profectionem
1318 4128 1732 4195 dissuadebam,
1789 4138 1865 4195 et_

252 4219 503 4270 futurum
566 4217 783 4275 aiebant
841 4227 898 4271 ut
964 4220 1469 4275 circumveniretur.
1531 4222 1637 4277 Sed
1700 4223 1839 4293 ipse,

252 4310 455 4364 litteris
482 4311 592 4364 illis
612 4310 866 4364 exhibitis
887 4325 951 4365 ac
975 4312 1261 4380 perlectis:
1289 4312 1509 4377 Demus.
1533 4314 1630 4374 ait.
1663 4330 1846 4368 exem-

253 4402 341 4469 pla
372 4399 563 4469 viginti
588 4400 779 4453 harum
810 4401 1116 4455 litterarum
1166 4415 1288 4456 esse
1322 4400 1456 4456 falsa
1483 4412 1537 4458 et
1567 4417 1842 4457 commen-

1924 547 2045 586 cum
2076 532 2291 586 lsmaile
2318 535 2520 589 scacho
2550 549 2841 590 conserere
2882 536 3137 591 decrevit.
3162 535 3341 591 lsmail
3370 551 3497 590 vero

1924 624 2122 677 sultani
2191 624 2408 680 Selimis
2476 628 2724 682 instituto
2787 628 3028 695 cognito,
3093 642 3217 683 cum
3283 626 3501 681 Parthis

1923 714 2037 768 suis
2092 725 2145 769 et
2197 718 2310 785 ipse
2372 719 2511 772 hosti
2571 719 2785 774 obviam
2848 720 3043 788 prodiit
3088 737 3104 781 ;
3153 735 3216 774 ac
3282 720 3498 773 tandem

1923 809 2232 875 congressis
2294 811 2347 863 in
2412 812 2637 879 planitie
2697 813 2953 881 quadam,
3012 796 3138 882 qum
3200 810 3501 867 Zalderana

1926 898 2148 963 dicitur,
2215 904 2497 972 utriusque
2550 905 2718 973 partis
2777 906 3131 965 exercitibus.
3182 920 3211 958 a
3262 903 3504 963 diluculo

1927 990 1993 1043 ad
2024 995 2513 1056 postmeridianum
2550 1012 2723 1065 usque
2757 1005 2969 1066 tempus
2998 984 3309 1059 dimicatum
3361 996 3506 1049 inter

1926 1098 2021 1137 eos
2049 1082 2169 1140 fuit.
2210 1084 2441 1138 lsmailis
2472 1088 2655 1141 scachi
2684 1103 2971 1156 supremus
2998 1088 3120 1141 belli
3153 1088 3289 1152 dux,
3344 1087 3506 1142 Usta-

1934 1174 2100 1230 zelvis
2160 1178 2354 1243 filius,
2418 1182 2703 1234 Anatolico
2783 1182 2939 1236 militi
3004 1183 3292 1251 oppositus
3351 1190 3506 1242 erat;

1931 1264 2209 1323 Romanis:
2236 1270 2424 1338 copias
2471 1270 2703 1338 ipsemet
2733 1273 2965 1327 scachns
3024 1272 3207 1326 lsmail
3263 1273 3365 1331 sibi
3416 1275 3511 1326 de-

1931 1358 2213 1415 bellandas
2276 1370 2600 1431 smnpserat.
2659 1362 2762 1417 Sed
2823 1365 3089 1419 Anatoliae
3154 1364 3511 1433 beglerbegus

1931 1452 2066 1505 adeo
2100 1450 2312 1506 fortiter
2339 1454 2481 1508 hosti
2528 1456 2748 1521 restitit,
2803 1468 2862 1511 ut
2928 1458 3143 1511 tandem
3197 1456 3511 1512 Ustazelves

1931 1544 2293 1599 occideretur.
2333 1547 2411 1601 Ab
2453 1547 2621 1601 altero
2652 1564 2868 1618 quoque
2924 1550 3057 1603 aciei
3109 1550 3275 1603 latere
3302 1566 3511 1618 pugna-

1934 1642 2045 1688 tum
2107 1638 2363 1707 utrinque
2409 1647 2651 1705 strenue,
2691 1641 2863 1694 donec
2897 1642 2963 1695 ad
3014 1650 3321 1697 extremum
3371 1642 3512 1695 Cha-

1935 1741 2097 1782 sanes
2129 1729 2310 1792 bassa,
2368 1730 2649 1785 Romaniae
2700 1732 3074 1803 beglerbegus,
3126 1734 3509 1788 occumberet:

1860 1789 1905 1848 Β
1935 1789 2305 1876 Nihilominus
2347 1819 2560 1877 Tliures
2613 1824 2724 1876 Alis
2769 1789 2996 1893 ubegusv,
3050 1789 3294 1878 itaicozn
3346 1824 3511 1887 filius,

1935 1924 2043 1962 una
2069 1924 2191 1963 cum
2220 1909 2384 1965 fratre
2415 1927 2537 1977 suo,
2568 1922 2672 1966 tam
2702 1915 2897 1975 acriter
2930 1916 3030 1970 huc
3069 1916 3254 1982 prtelio
3283 1932 3340 1970 se
3387 1932 3513 1983 ges-

1937 2001 2028 2064 sit,
2084 2012 2143 2055 ut
2190 2003 2440 2060 hostibus
2502 2005 2768 2076 disjectis,
2818 2009 2882 2061 ad
2934 2006 3159 2070 lsmailis
3210 2009 3512 2061 scachive-

1934 2092 2122 2145 xillum
2150 2094 2467 2161 primarium
2524 2106 2865 2165 penetraret,
2903 2099 3112 2166 ipsique
3168 2099 3367 2151 scacho
3403 2098 3529 2149 vul-.

1936 2200 2039 2240 nus
2076 2186 2365 2255 infligeret.
2397 2188 2593 2241 Verum
2623 2206 2650 2242 a
2680 2191 2865 2249 scachi
2917 2190 3241 2245 satellitibus
3287 2200 3513 2258 uterque

1939 2288 2209 2334 mactatus
2236 2282 2453 2336 cecidit.
2483 2281 2596 2335 Sub
2632 2282 2837 2336 exitum
2893 2283 2995 2334 diei
3029 2282 3204 2336 fossus
3246 2283 3355 2351 jam
3393 2298 3515 2333 cum

1940 2373 2055 2425 suis
2079 2373 2376 2440 proeliando
2408 2374 2662 2437 scachus,
2696 2375 2838 2428 hosti
2871 2376 3056 2437 cessit,
3086 2385 3137 2428 et
3164 2374 3342 2443 fugam
3380 2374 3516 2425 arri-

1941 2463 2362 2531 puitzordaque
2392 2480 2513 2527 sua,
2549 2480 2700 2518 cum.
2737 2465 2994 2519 omnibus
3043 2466 3203 2519 rebus
3262 2481 3379 2531 quae
3430 2466 3531 2517 illa.

1942 2554 2387 2620 Continebantur,
2417 2557 2588 2610 hostis
2640 2556 2868 2610 arbitrio
2920 2558 3128 2616 relicta,
3208 2556 3517 2609 'I‘ebiisiuin

1944 2662 2002 2702 Se
2030 2648 2254 2713 recepit.
2289 2646 2473 2714 Itaque
2502 2646 2694 2701 Turcis
2731 2648 2861 2701 orda
2887 2648 3108 2700 schaehi
3141 2648 3332 2716 praeda:
3394 2645 3517 2707 fuit,

1945 2738 2035 2805 qui
2066 2740 2227 2791 etiam
2260 2739 2312 2790 in
2345 2754 2407 2791 ea
2480 2750 2741 2807 ceperunt
2794 2755 2955 2793 unam
2993 2739 3057 2791 de
3115 2737 3295 2791 scachi
3335 2737 3520 2790 uxori-

1948 2831 2071 2893 bus,
2104 2843 2228 2881 cum
2288 2840 2499 2882 caeteras
2561 2830 2843 2892 mulieres,
2906 2844 3027 2896 qua:
3099 2828 3203 2881 illis
3234 2829 3284 2881 in
3327 2828 3523 2882 Castris

1948 2920 2182 2983 fuerant,
2216 2922 2421 2989 pedites
2468 2935 2593 2973 cum
2652 2920 2867 2987 reiiquo
2908 2920 3232 2975 Parthorum
3280 2920 3521 2974 exercitu

1948 3010 2254 3067 Tebrisinm
2284 3012 2564 3067 abiissent.
2600 3011 2845 3066 Scaclius
2868 3021 3074 3071 autem.
3112 3012 3301 3064 relicto
3328 3010 3522 3064 Tebri-

1950 3104 2052 3166 sio,
2081 3118 2202 3155 cum
2247 3117 2357 3156 non
2408 3118 2596 3170 magna
2654 3118 2878 3156 suorum
2914 3117 3077 3156 manu
3133 3100 3431 3155 Su'taniam
3466 3117 3537 3158 seu

1945 3195 2194 3249 contulit.
2256 3195 2461 3249 Interea
2514 3195 2825 3248 Tebrisium
2877 3209 3198 3262 progressus
3262 3194 3517 3255 Selimes,

1941 3303 2133 3342 omnes
2182 3287 2331 3342 urbis
2384 3288 2641 3350 artifices,
2668 3302 2856 3341 omnes
2879 3287 3109 3341 eximios
3138 3286 3359 3353 opifices
3415 3292 3524 3339 eol-

1942 3382 2139 3443 Iectos,
2192 3380 2724 3446 ConstantinOpolim
2779 3380 2945 3433 misit.
2990 3379 3239 3447 Cumque
3272 3378 3362 3441 illa
3402 3378 3520 3431 bie-

1944 3489 2033 3528 me
2063 3474 2327 3542 cogitaret
2355 3472 2407 3525 in
2438 3471 2683 3526 hibernis
2731 3472 2797 3525 ad
2850 3470 3191 3539 Carabagum
3255 3470 3512 3524 subsiste-

1944 3581 2027 3629 re,
2060 3582 2170 3620 non
2197 3566 2300 3620 hoc
2330 3580 2453 3619 emn
2509 3563 2905 3617 tumultuantes
2961 3562 3143 3616 facere
3176 3564 3316 3631 passi
3374 3563 3525 3616 fuere

1944 3659 2206 3729 geniaari.
2240 3658 2579 3727 QuaprOpter
2638 3656 2921 3711 Amasiam
2979 3654 3206 3710 reducto
3261 3656 3521 3717 exercitu,

1944 3751 2145 3805 ibidem
2181 3749 2504 3812 hibernavit,
2551 3754 2654 3804 sub
2692 3749 2904 3803 initium
2932 3748 3137 3801 wstatis
3193 3747 3522 3801 Camachum

1946 3846 2244 3913 profectus,
2267 3862 2384 3899 eam
2414 3846 2690 3900 civitatem
2746 3844 3051 3913 occupavit.
3086 3842 3307 3895 Interim
3366 3842 3521 3895 Sina.

1947 3953 2070 3990 nem
2100 3939 2315 3991 bass:uu
2353 3938 2667 3991 eunuchum
2700 3936 2753 3989 in
2797 3934 3246 4012 Dulgadirensem
3308 3934 3522 4000 provin-

1947 4031 2084 4084 ciam
2114 4030 2404 4098 ablegavit,
2440 4029 2533 4097 qui
2582 4029 2773 4081 dttcem
2827 4026 2949 4095 ejus
3002 4025 3238 4094 regionis
3291 4025 3524 4077 Aladeu-

1946 4123 2051 4177 lem
2085 4122 2225 4176 bello
2257 4122 2555 4175 invaderet.
2588 4120 2636 4174 Is
2662 4117 3004 4185 Dulgadirem
3040 4119 3337 4183 ingressus,
3390 4116 3522 4174 Ala-

1947 4217 2161 4273 deulem
2190 4215 2413 4269 minime
2445 4217 2789 4279 resistentem
2816 4214 2957 4280 cepit
2995 4223 3047 4265 ct
3074 4211 3249 4280 capite
3301 4219 3521 4264 trunca—

1949 4314 2044 4375 vit,
2100 4326 2412 4380 quanquam
2484 4308 2574 4361 alii
2639 4307 2857 4371 tradant
2905 4306 3202 4374 suspendio
3265 4317 3517 4359 necatum

1953 4405 2139 4458 fuisse.
2174 4402 2440 4457 Ditioncm
2490 4415 2620 4455 vero
2682 4401 2933 4459 sultanus
2982 4399 3210 4457 Selimes
3258 4398 3339 4450 Ali
3394 4398 3528 4466 brgo

254 4494 416 4552 tilia;
473 4507 600 4545 num
642 4490 784 4546 idem
834 4491 901 4547 de
950 4492 1162 4548 ceteris
1218 4508 1433 4563 quoque
1491 4496 1833 4564 pronuntiari
1871 4508 1914 4563 υ
1943 4495 2234 4559 concessit,
2267 4494 2357 4562 qui
2390 4510 2453 4545 ex
2484 4491 2761 4544 Aladeulis
2795 4489 2958 4544 fratre
2985 4500 3143 4544 natus
3173 4501 3310 4544 erat.

251 4584 509 4655 oportet?
540 4582 731 4653 Itaque
787 4599 941 4640 suam
996 4593 1219 4640 secutus
1275 4585 1611 4655 opinionem,
1656 4588 1841 4657 capias

256 4680 308 4730 in
350 4676 579 4730 fratrem
601 4676 779 4730 duxit.
806 4675 955 4731 Cum,
978 4676 1030 4730 in
1062 4676 1347 4746 planitiem
1384 4680 1724 4746 pervenisset
1770 4680 1839 4732 ad

254 4754 539 4835 l‘feapolim
570 4768 929 4834 Caramaniae,
984 4769 1054 4823 ab
1083 4769 1327 4823 exercitu
1359 4770 1561 4825 sultani
1619 4769 1842 4825 S‘eliinis

258 4864 515 4923 obrutus,
552 4878 742 4930 parum
781 4878 906 4918 cum
962 4862 1075 4916 suis
1106 4870 1327 4916 strenue
1365 4877 1477 4916 rem
1529 4864 1726 4931 gessit:
1780 4878 1844 4915 ac

258 4958 466 5015 victus,
507 4953 646 5021 fugae
679 4969 737 5008 se
790 4954 973 5017 dedit;
1017 4956 1069 5007 in
1100 4970 1205 5022 qua
1234 4954 1357 5023 fuga
1390 4962 1583 5021 captus
1615 4954 1844 5007 Achnie-

258 5059 368 5109 tes,
401 5056 455 5098 et
494 5042 866 5114 sfrangulatus
897 5045 1019 5101 fuit.
1056 5036 1319 5100 Exstineti
1351 5048 1583 5100 cadaver
1616 5046 1841 5100 I‘rusain

260 5144 635 5205 deportatum,
660 5149 713 5192 et
738 5140 934 5193 ibidem
958 5140 1017 5197 in,
1038 5148 1393 5193 monumento
1418 5139 1512 5193 fuit
1536 5140 1843 5194 conditum.

265 5232 389 5283 llmc
413 5241 593 5283 autem
638 5232 952 5286 acciderunt
977 5247 1119 5284 anno
1156 5231 1260 5285 920
1287 5232 1436 5299 (Chr.
1466 5232 1648 5302 1515).

334 5321 602 5375 Sultanus
624 5338 751 5391 ergo
787 5324 1017 5377 Selimes
1067 5325 1178 5391 jam
1218 5324 1367 5378 solus
1402 5324 1633 5392 imperio
1695 5336 1845 5379 tran-

264 5414 437 5481 quillo
462 5413 679 5479 pmitus.
706 5413 767 5467 ad
802 5414 999 5467 bellum
1033 5414 1325 5483 gerendum
1381 5416 1640 5469 adversus
1676 5416 1846 5470 lsma-

269 5508 416 5567 ilem.
442 5506 702 5559 schacnm
730 5503 1079 5570 Parthorum,
1108 5521 1165 5560 se
1195 5507 1566 5575 comparavit:
1617 5515 1671 5560 et
1718 5522 1847 5562 cur-

268 5601 417 5653 ribus
461 5599 527 5649 ad
558 5599 798 5652 vehenda
840 5609 1129 5660 tormenta,
1192 5599 1509 5669 czeterisque
1563 5599 1724 5653 rebus
1756 5615 1849 5655 ne-

269 5690 508 5743 ('essal'ts
548 5689 869 5753 instructus.
892 5706 1082 5745 omnes
1112 5705 1244 5745 suos
1292 5691 1563 5745 exercitus
1610 5691 1845 5761 collegit,

272 5782 323 5835 in
356 5780 562 5853 quibus
587 5793 743 5839 erant
779 5782 1060 5841 hominum
1125 5781 1192 5839 ad
1225 5783 1619 5855 quadringenta
1653 5783 1843 5841 millia.

2020 4587 2137 4641 Iloe
2175 4594 2426 4655 tempore
2476 4582 2728 4639 Genizari
2783 4596 3005 4659 magnas
3047 4580 3281 4639 Amasia:
3340 4580 3528 4636 turbas

1945 4682 2274 4740 excitavere,
2306 4693 2426 4731 cum
2456 4677 2533 4742 in.
2563 4674 2704 4729 Piris
2756 4674 2929 4728 bassaa
2960 4682 3136 4731 castra
3185 4690 3278 4741 per
3308 4673 3530 4753 seditio-

1948 4787 2067 4824 nem
2102 4774 2391 4831 irruerent.
2438 4772 2561 4823 Erat
2603 4777 2716 4829 tum
2753 4767 2950 4820 sultani
3000 4766 3218 4820 Selimis
3251 4767 3524 4819 vezirazec

1948 4879 2086 4925 mes,
2116 4865 2403 4916 Achmetcs
2448 4863 2627 4925 ιιειεεει,
2668 4860 2935 4929 Ducagini
2964 4860 3138 4913 filius:
3175 4876 3333 4927 quem
3389 4859 3529 4913 Seli-

1950 4970 2061 5008 mes
2100 4953 2330 5006 interfici
2392 4953 2579 5020 jussit,
2634 4953 2826 5006 collata
2876 4952 2927 5004 in
2961 4967 3085 5011 cum
3144 4952 3323 5019 culpa,
3386 4953 3529 5019 quod

1950 5045 2176 5114 hujusce
2212 5046 2589 5112 genizarorum
2621 5044 2906 5097 seditionis
2939 5054 2992 5097 et
3047 5043 3301 5095 conscius
3336 5048 3389 5093 et
3437 5056 3533 5093 au-

1950 5148 2070 5192 ctor
2103 5138 2422 5190 exstitisset.
2478 5135 2614 5190 IIinc
2671 5136 2887 5197 Amasia
2939 5136 3230 5193 discedens
3280 5131 3528 5193 Selimes,

1950 5229 2481 5299 Constantinopolim
2514 5229 2680 5282 abiit:
2708 5229 2796 5280 ubi
2818 5244 3074 5296 generum
3102 5240 3283 5285 suum,
3312 5224 3531 5277 Ischen-

1950 5320 2134 5375 derem
2190 5321 2434 5385 bassam,
2464 5336 2571 5373 una
2621 5336 2744 5373 cum
2804 5318 3069 5371 Tazisade
3125 5317 3528 5380 Cadileschcro,

1950 5425 2006 5467 et
2065 5414 2179 5468 Ball
2240 5412 2407 5467 Geme
2464 5413 2712 5481 Seguane
2769 5413 2951 5473 bassa,
3005 5410 3276 5480 supplicio
3339 5410 3533 5478 capitis

1950 5505 2165 5568 affecit;
2225 5505 2371 5574 quod
2418 5505 2567 5573 ipsos
2600 5507 2763 5558 etiam
2801 5504 3005 5557 diceret
3055 5501 3332 5555 Amasiani
3384 5502 3531 5568 grui-

1952 5613 2204 5651 zarorum
2266 5598 2528 5651 tumultus
2584 5605 2835 5649 auctores
2914 5595 3101 5651 fuisse.
3170 5593 3531 5662 Comigerunt

1954 5691 2066 5745 Ilil‘C
2093 5706 2238 5745 anno
2263 5691 2367 5749 921
2400 5692 2547 5748 (Chr.
2578 5690 2761 5759 I5”).

2026 5785 2335 5839 Secundum
2364 5785 2477 5841 bmc
2503 5783 2746 5840 collectis
2798 5780 3032 5838 Selimes
3056 5780 3312 5838 omnibus
3359 5778 3530 5848 copiis
