4026 6204
524 236 628 296 ftl’l

1798 237 2099 299 ANNALE

2205 240 2514 300 ['Ul’tClCi.
3632 246 3729 309 632

525 351 661 407 suis,
701 349 1166 417 Cuttsialttittopoii
1202 351 1480 420 truttsjecit
1507 353 1558 407 in
1587 354 1919 419 Anatoliam,
1966 369 2089 407 eum
2120 356 2166 412 Α
2197 372 2317 408 reus
2372 355 2655 408 trucidari.
2710 351 3022 408 Secundum
3083 352 3197 406 haec
3251 353 3722 419 Culsimulzarecnm

527 444 752 495 alteram
783 458 840 496 se
874 453 1058 494 co:.tra
1093 441 1324 514 Parthos
1347 446 1746 513 expeditionem
1777 445 2091 499 moliturum

527 531 823 585 simularet.
860 530 930 584 De
963 517 1063 586 hac
1113 532 1331 588 Selimis
1374 533 1712 602 profectione
1761 536 1965 590 certior
2009 537 2094 588 fa-

526 631 647 678 ctus
674 621 948 677 Cansavcs
986 623 1204 683 Gauris.
1251 627 1498 680 sultanus
1553 627 1774 692 Alcairi,
1827 628 2094 680 maximo-

531 729 654 780 pere
678 727 799 765 eum
824 713 939 767 suis
983 716 1302 783 prOceribus
1345 727 1394 770 et
1445 716 1759 772 Mamelueis
1812 719 2094 787 perturba-

527 819 635 868 ms,
660 805 862 858 coactis
890 806 1154 862 militibus
1175 809 1314 872 suis,
1342 819 1586 864 armatus
1607 809 1902 878 Cbaleputu
1938 809 2092 863 adiit.

523 897 638 959 Qua
675 913 729 949 re
755 899 971 952 sultano
1004 899 1189 955 Seliuti
1223 901 1494 966 nuntiata,
1523 903 1690 956 misso
1722 901 1915 955 itinere
1962 901 2091 954 Par-

523 990 689 1053 thico,
716 989 767 1041 iu
798 989 1073 1044 sultanum
1123 991 1492 1047 Alcairensem
1539 993 1727 1048 movit.
1790 991 1924 1060 Ejus
1967 1008 2091 1046 cum

526 1080 659 1134 lines
718 1082 1007 1150 attigisset,
1065 1099 1128 1137 ac
1176 1088 1448 1138 sultanum
1505 1085 1646 1138 haud
1706 1085 1933 1154 impigre
1989 1083 2094 1138 sibi

523 1181 894 1225 occurrentem
929 1176 1290 1242 conspiceret,
1367 1176 1517 1244 gravi
1586 1192 1707 1230 cum
1772 1191 1836 1229 eo
1907 1175 2096 1240 prarlio

523 1261 786 1326 conflixit,
851 1263 902 1318 in
960 1281 1069 1334 quo
1108 1267 1357 1321 sultanus
1409 1267 1526 1336 ipse
1577 1268 1853 1322 Cansaves
1898 1266 2095 1321 Gzturis

523 1368 694 1408 caesus
726 1355 844 1420 fuit,
872 1357 1101 1427 ejusque
1131 1359 1298 1428 copize
1321 1359 1596 1427 dissipata:
1630 1359 1793 1430 34,0
1817 1359 2090 1428 fugerunt.

526 1445 651 1498 Post
688 1448 829 1500 hanc
857 1464 1089 1516 pugnam
1144 1448 1372 1502 Selimvs
1397 1449 1570 1503 victor
1595 1465 1785 1503 OltllleS
1833 1449 2093 1501 munitio-

525 1553 622 1590 nes
649 1546 701 1589 et
728 1552 900 1601 arces,
945 1538 996 1591 in
1031 1539 1228 1592 linibus
1263 1543 1422 1603 sitas,
1456 1540 1744 1600 occupavit
1796 1555 1810 1592 :
1845 1556 1908 1594 ac
1965 1557 2095 1610 pra:-

526 1623 680 1676 sidiis
736 1626 788 1678 in
842 1625 1085 1696 singulas
1138 1629 1430 1696 impositis,
1479 1628 1778 1698 Chalepum
1830 1631 2090 1699 perrexit.

481 1707 492 1718 ’
527 1714 597 1768 ibi
625 1733 746 1769 eum
771 1720 948 1772 munia
974 1721 1208 1790 Chalepo
1232 1722 1405 1774 vicina
1441 1721 1557 1775 loca
1586 1722 1668 1776 sui
1691 1723 1833 1791 juris
1851 1722 2091 1787 fecisset,

528 1817 689 1875 neges
714 1811 999 1879 sangiacos
1045 1813 1333 1880 provincia:
1379 1811 1640 1883 praefecit.
1694 1816 1933 1884 Chalepo
1988 1815 2094 1869 Da-

527 1917 768 1954 mascum
796 1902 1026 1963 abiit,et
1057 1904 1244 1957 urbem
1288 1919 1413 1959 cum
1461 1905 1609 1958 onmi
1662 1922 1793 1970 agro
1841 1907 2092 1971 finitimo,

524 2007 734 2045 summa
756 1993 1033 2048 celeritate
1060 2010 1161 2048 suo
1203 1996 1434 2064 subjecit
1482 1996 1735 2065 imperio.
1787 1997 2090 2064 Mameluci,

524 2085 616 2147 qui
646 2092 699 2136 ct
726 2083 985 2147 Circassi,
1017 2084 1285 2137 Alcairum
1311 2082 1436 2154 fuga
1455 2085 1614 2140 delati
1635 2073 2090 2158 Tonnnatnbaim,

528 2175 620 2242 qui
685 2184 801 2228 eral.
849 2175 900 2228 id
966 2177 1224 2244 temporis
1289 2177 1391 2232 Ulu
1454 2178 1748 2246 Duveidar,
1809 2185 2091 2238 sultanum

524 2277 800 2321 crearunt.
830 2267 892 2322 Et
924 2266 1023 2321 Ulu
1052 2268 1320 2323 Duveidar
1351 2270 1495 2340 apud
1538 2274 1688 2342 ipsos
1716 2276 1925 2342 primus
1979 2287 2094 2331 erat

525 2362 788 2430 dignitate
822 2371 942 2430 post
984 2361 1285 2416 sultanum.
1327 2362 1537 2418 Potitus
1589 2377 1767 2420 autem
1826 2366 2095 2422 Damasco

522 2454 771 2515 Selitnes,
833 2454 1091 2508 Sinanem
1143 2452 1377 2509 bassam'
1426 2472 1549 2510 cum
1615 2459 1812 2512 selecta
1861 2460 2091 2514 militum

521 2563 680 2600 manu
713 2544 910 2600 Gazam
970 2547 1254 2615 praemisit.
1294 2547 1516 2618 Aliquot
1553 2550 1677 2620 inde
1728 2551 1920 2606 diebus
1977 2555 2093 2606 ela-

521 2643 656 2704 p+is,
692 2639 853 2692 etiam
888 2637 1006 2709 ipse
1056 2640 1269 2709 reliquo
1324 2656 1448 2695 cum
1496 2643 1737 2698 exercitu
1765 2647 2094 2699 subsecutus

523 2727 941 2793 tuit,Alcairum
975 2731 1258 2785 ducturus.
1294 2729 1370 2784 Ex
1404 2731 1570 2786 altera
1593 2743 1746 2803 parte
1769 2735 2090 2790 Damascum

521 2814 928 2876 ‘i‘ommambais
958 2821 1261 2876 Meliculem
1297 2821 1580 2888 Umeram,
1614 2825 1718 2880 hoc
1740 2837 1844 2893 est,
1875 2829 2092 2896 beglcr-

522 2918 712 2982 begum
750 2913 1019 2978 Damasci,
1058 2912 1402 2968 Zatnberdim
1437 2914 1698 2982 Gasalim,
1757 2933 1880 2973 cum
1941 2932 2094 2990 parte

2202 449 2479 518 profectus
2503 457 2605 514 est,
2634 445 2883 516 Cumque
2907 445 3010 500 sub
3067 460 3341 514 vesperam
3393 461 3456 501 eo
3504 449 3722 523 Venisset,

2199 551 2412 594 noctem
2451 540 2596 594 illam
2648 539 2772 594 istic
2810 553 3031 592 manere
3092 536 3259 590 voluit
3317 552 3380 591 ac
3443 541 3726 607 vespertinis

2199 632 2458 702 precibus
2481 632 2538 686 in
2564 634 2679 687 Ara
2716 632 2961 693 messita,
2993 632 3280 686 nocturnis
3316 631 3370 684 in
3387 630 3532 685 cubei
3579 633 3730 688 Salta-

2200 741 2255 778 ra
2281 725 2535 794 perat-tis,
2564 726 2749 779 omnia
2799 725 2918 779 loca
2972 738 3127 778 sacra
3187 723 3445 796 visitavit.
3496 724 3730 781 Postridie

2199 816 2343 870 circa
2403 816 2685 870 meridiem
2743 830 2996 868 reversus
3059 813 3127 868 ad
3185 815 3501 878 exercitum,
3558 813 3729 869 Gazam

2199 909 2511 964 contendit:
2545 908 2635 963 ubi
2693 907 2862 962 Sinau
2892 908 3074 966 bassa,
3123 907 3327 974 potitus
3378 908 3566 977 insigni
3589 909 3733 962 victo-

2199 1003 2300 1064 ria,
2334 1017 2461 1055 suas
2481 1016 2602 1055 eum
2628 999 2754 1069 ipso
2775 1001 2962 1068 c0pias
2993 999 3297 1068 conjunxit.
3330 999 3472 1053 Gaza
3523 998 3736 1053 Bertble-

2202 1094 2412 1145 hemam
2463 1090 2761 1161 profectus,
2822 1090 2914 1144 illo
2962 1106 3180 1158 quoque
3237 1091 3360 1145 loco
3409 1105 3584 1159 preces
3628 1107 3734 1144 suas

2198 1184 2486 1253 concepit:
2548 1184 2750 1252 quibus
2799 1183 3080 1244 absolutis,
3136 1184 3189 1236 in
3244 1184 3485 1237 animum
3533 1183 3735 1246 induxit,

2200 1276 2471 1329 Alcairum
2502 1285 2703 1344 petere.
2734 1274 3003 1330 Prsemisit
3055 1290 3186 1341 ergo
3240 1275 3494 1329 Siuanem
3529 1275 3736 1335 bassatn,

2199 1369 2290 1436 qtti
2327 1369 2441 1420 suis
2475 1383 2598 1420 cum
2633 1368 2806 1436 copiis
2875 1369 3142 1436 reliquum
3204 1369 3506 1422 exercitum
3553 1378 3741 1422 antece-

2200 1457 2373 1508 deret.
2427 1456 2638 1526 Quippe
2666 1457 3124 1525 proficiscendum
3156 1457 3234 1510 eis
3257 1473 3356 1526 per
3386 1458 3526 1512 illam
3577 1458 3743 1511 solitu-

2200 1547 2378 1600 dinem
2444 1558 2561 1601 erat
2597 1589 2613 1613 ,
2676 1566 2838 1616 quam
2894 1563 3019 1602 ante
3059 1549 3109 1602 id
3179 1552 3443 1618 temperie
3495 1565 3740 1620 nunquam

2203 1649 2308 1692 tam
2338 1656 2661 1694 numerosus
2688 1642 2960 1694 exercitus
2991 1641 3304 1696 transierat.
3353 1643 3416 1695 Et
3447 1642 3599 1694 aliam
3629 1657 3746 1706 tllltl-t

2201 1748 2306 1799 que
2337 1748 2556 1786 causam
2589 1733 2822 1787 habebat
2850 1749 2949 1786 cur
2996 1750 3124 1787 eum
3183 1735 3569 1801 przctnitteret:
3620 1735 3773 1797 quod-

2201 1834 2481 1879 vereretur
2500 1827 2732 1890 scilicet,
2762 1842 2826 1880 ne
2872 1826 2917 1880 si
2948 1835 3096 1879 tanta
3146 1827 3431 1880 hominum
3484 1827 3747 1879 nmltitnzlo

2198 1915 2491 1982 conjuncta
2542 1925 2811 1979 maneret,
2846 1915 2948 1970 iter
2979 1916 3111 1969 illud
3156 1932 3249 1984 per
3306 1915 3642 1970 solitudinem
3698 1929 3748 1966 se

2199 2017 2553 2076 suscepturos
2578 2019 2861 2077 negarent,
2913 2018 3076 2077 atque
3107 2007 3214 2063 hoc
3245 2009 3412 2064 modo
3450 2009 3744 2064 dilllucretu.

2201 2099 2473 2154 Sultaniui
2537 2100 2752 2170 quidem
2807 2100 2908 2154 hoc
2935 2100 3213 2155 desertum
3277 2117 3494 2171 semper
3543 2099 3751 2154 antehac

2198 2208 2294 2264 pro
2317 2195 2468 2248 urbis
2491 2194 2795 2248 Alcairaum
2842 2195 3250 2264 propugnaculo
3310 2195 3542 2264 quodam
3571 2195 3749 2247 baline-

2200 2294 2342 2338 rant.
2402 2283 2594 2338 Verum
2649 2284 2900 2340 snltanus
2949 2284 3181 2339 Selimcs
3232 2279 3417 2352 iacta,
3451 2287 3588 2355 quod
3633 2284 3750 2334 dicio.

2200 2387 2307 2440 tur,
2357 2377 2496 2436 alca.
2559 2376 2795 2429 militem
2863 2376 3343 2430 cohortationibus
3396 2376 3646 2429 animosis
3693 2372 3751 2425 ad

2197 2468 2595 2538 eapcscendum
2624 2467 2727 2521 hoc
2759 2468 2859 2520 iter
2883 2467 3119 2536 impulit.
3147 2465 3247 2520 Ubi
3301 2477 3516 2519 ventum
3558 2465 3622 2517 ad
3652 2463 3747 2530 pti-

2199 2580 2284 2617 ma
2312 2573 2488 2616 castra
2515 2560 2731 2620 fuisset,
2763 2560 2816 2613 in
2865 2573 3022 2627 pago,
3066 2558 3156 2626 qui
3211 2557 3375 2612 Deire
3405 2565 3638 2618 voratur,
3667 2557 3752 2608 v'e-

2199 2656 2363 2709 zirem
2412 2667 2596 2717 suum,
2658 2651 2988 2706 Cbuseinem
3030 2651 3270 2712 bassam,
3323 2651 3546 2705 interfici
3573 2648 3751 2719 jussit,

2197 2747 2339 2818 quod
2369 2745 2572 2800 dixisse
2603 2743 3012 2814 perbiberetur,
3065 2759 3178 2797 non
3240 2752 3446 2798 temere
3497 2759 3590 2813 per
3629 2741 3755 2810 ejus-

2199 2839 2342 2894 modi
2372 2839 2744 2900 solitudinem,
2773 2843 2928 2890 tanto
2957 2851 3079 2889 cum
3106 2835 3375 2900 exercitu,
3430 2834 3756 2904 proficiscen-

2197 2933 2348 2987 dum.
2378 2933 2554 2999 Atque
2592 2930 2693 2984 hoc
2728 2929 2888 2982 modo
2946 2927 3301 2983 solitudinem
3354 2930 3626 2996 ingressus
3663 2936 3755 2984 est,

522 3010 604 3063 “'i
638 3007 914 3062 exere-“95
967 3008 1215 3061 misera“
1246 3006 1297 3060 1³
1345 3023 1468 3061 cu'“
1525 3023 1553 3061 ³
1585 3007 1728 3063 cna
1789 3025 1954 3080 ρτυνε
1990 3013 2167 3081 iamC
2201 3039 2324 3094 qua:
2376 3023 2527 3078 arida
2578 3037 2829 3092 prorsus,
2895 3021 3050 3090 aquis
3105 3021 3448 3074 destituitur.
3511 3020 3636 3073 Cum
3697 3017 3755 3068 da

523 3095 756 3168 alicsset,
787 3104 951 3158 etiam
981 3103 1150 3157 S.nan
1186 3103 1347 3158 bassa
1379 3103 1616 3158 ltemlem
1649 3105 1889 3171 advenit,
1922 3122 2096 3176 eoque

524 3215 640 3251 mro
671 3212 848 3252 castra
886 3206 1122 3250 metatus
1181 3201 1284 3250 est.
1351 3197 1598 3266 Cumque
1658 3199 1860 3254 certior
1920 3199 2095 3255 factus

525 3293 739 3347 inisset.
797 3305 920 3345 esse
971 3290 1210 3344 Gasalim
1272 3303 1396 3343 cum
1457 3293 1700 3344 exercitu
1759 3292 1811 3346 in
1874 3292 2093 3357 vicinia,

523 3396 688 3440 noctu
746 3383 1012 3437 militibus
1070 3383 1274 3438 indicta
1342 3383 1702 3450 profectione,
1772 3395 1917 3439 tanta
1971 3401 2094 3439 cum

527 3477 908 3546 properatione
957 3477 1021 3529 ad
1071 3475 1287 3531 hostem
1316 3477 1570 3540 accessit,
1628 3487 1683 3530 ut
1747 3477 1920 3544 prima
1970 3492 2095 3530 cum

529 3574 646 3623 luce
674 3569 888 3624 Gasalis
919 3568 1104 3637 cupias
1149 3576 1454 3642 assecutus,
1510 3581 1615 3620 non
1646 3569 1807 3622 modo
1840 3585 1962 3622 cum
2020 3569 2097 3622 eis

527 3659 876 3727 conﬂigeret:
918 3674 1104 3712 verum
1163 3659 1326 3712 etiam
1377 3658 1601 3712 victuria
1651 3661 1935 3728 potiretur,
1988 3674 2099 3712 ma-

527 3767 801 3820 gnumque
825 3749 1253 3826 Maptclucorum
1311 3750 1425 3803 sive
1469 3751 1846 3806 Circassorum
1909 3769 2100 3805 nume-

527 3861 648 3898 rum
679 3842 1048 3897 internecione
1098 3842 1327 3906 deleret,
1386 3841 1770 3908 superstitibus
1808 3832 1929 3911 fuga
1962 3844 2099 3895 dila-

529 3939 660 4008 psis,
691 3947 744 3992 et
774 3937 826 3991 in
859 3936 1179 3990 solitudines
1209 3935 1424 3988 illorum
1459 3935 1700 3988 locorum
1736 3945 1906 3989 semet
1962 3936 2099 3989 reei-

530 4031 822 4099 pientibns.
875 4028 1086 4094 Quibus
1140 4028 1303 4082 rebus
1354 4027 1565 4097 gestis,
1621 4027 1824 4097 placuit
1887 4029 2102 4083 sultatto

529 4123 713 4176 Selimi
747 4122 977 4190 legatum
1003 4121 1070 4174 ad
1101 4117 1537 4174 Tommambaim
1597 4121 1835 4178 mittere.
1892 4121 2103 4191 Quippe

529 4217 883 4272 domesticum
913 4213 1203 4284 quemdam
1229 4214 1482 4279 habebat,
1511 4216 1732 4271 natione
1759 4216 2098 4280 Circassum,

530 4309 881 4377 qttemvulgo
935 4306 1198 4362 ltlnratem
1259 4307 1568 4363 Circassutn
1627 4310 1990 4380 appellabant.
2053 4311 2102 4364 ls

528 4402 595 4454 ad
627 4400 900 4454 sultanum
934 4401 1012 4453 ire
1055 4401 1265 4468 jussus,
1330 4401 1620 4468 impetrare
1665 4419 1771 4456 non
1826 4404 2007 4472 potuit
2048 4417 2106 4458 ttt

528 4512 559 4545 a
616 4493 991 4546 Tommatubai
1041 4495 1121 4548 vel
1169 4493 1222 4546 in
1287 4506 1641 4564 conspectum
1702 4495 2104 4561 admitteretur,

532 4585 613 4637 vel
642 4585 956 4638 audiretur:
995 4585 1243 4654 adeoque
1266 4599 1390 4638 cum
1423 4586 1491 4639 iis
1529 4600 1671 4652 quos
1694 4586 1904 4640 itineris
1938 4587 2108 4640 comi-

534 4689 614 4730 tes
665 4692 853 4729 secum
922 4677 1245 4739 adduxerat,
1302 4677 1463 4740 jussu
1527 4677 1933 4733 'l‘ommambais
2006 4679 2110 4732 fuit

535 4767 876 4821 interfectus.
910 4768 1026 4832 Qua
1060 4767 1216 4836 legali
1259 4768 1341 4822 sui
1393 4768 1541 4822 etcde
1593 4779 1890 4838 comperta,
1945 4770 2110 4824 lilOliS

537 4861 765 4914 Seliutcs
795 4861 989 4915 castris
1023 4861 1264 4914 lterulem
1295 4862 1471 4931 petiit.
1501 4861 1577 4915 Eo
1600 4879 1720 4916 cum
1751 4863 2110 4931 pervenisset,

534 4953 897 5026 significatum
931 4955 1006 5007 illi
1033 4953 1133 5007 fuit
1158 4954 1307 5009 cives
1339 4954 1654 5009 Rctnlenscs
1705 4955 1757 5008 id
1821 4955 2107 5023 temporis,

536 5062 645 5108 quo
675 5047 842 5102 Sinau
871 5047 1030 5102 bassa
1068 5044 1256 5100 itemle
1323 5056 1592 5101 nocturno
1649 5046 1842 5101 itinere
1908 5047 2112 5101 disces—

535 5150 682 5195 serat
747 5151 806 5195 ut
857 5140 1173 5195 Zambcrdis
1244 5139 1457 5195 Casalis
1509 5140 1700 5208 copias
1755 5139 2112 5203 adoriretur,

537 5233 809 5303 sparsisse
871 5247 1148 5287 rumorem
1219 5233 1286 5287 de
1363 5233 1486 5302 fuga
1548 5232 2016 5288 Osmanicorum:
2062 5246 2117 5285 et

535 5336 807 5396 quotquot
846 5325 901 5378 itt
955 5324 1154 5379 castris
1209 5324 1429 5379 Siuanis
1488 5324 1662 5380 bassa:
1719 5334 2119 5380 remamseraut

541 5435 648 5471 non
673 5419 848 5473 solum
881 5429 1172 5482 mactasse,
1201 5433 1386 5471 verum
1416 5417 1578 5470 etiam
1609 5417 1915 5471 occisowm
1954 5418 2116 5470 cada—

536 5525 663 5564 vera
712 5511 918 5579 passim
975 5511 1027 5562 in
1065 5520 1256 5578 puteos
1287 5522 1339 5563 et
1388 5513 1562 5564 fossas
1624 5509 1944 5577 projecisse.
1998 5509 2118 5574 Quo

545 5603 916 5658 ltemlcnsium
950 5604 1224 5658 intellecto
1257 5605 1520 5664 laeinorc,
1546 5603 1776 5656 Selimcs
1809 5611 1860 5655 ct
1889 5617 2114 5670 congre-

551 5693 665 5774 gari
726 5695 891 5764 jussit
941 5697 1260 5767 oppidanos,
1325 5713 1373 5753 et
1457 5713 1647 5752 omnes
1697 5697 1840 5752 illius
1899 5696 2119 5752 sceleris

2199 3118 2286 3171 die
2331 3116 2385 3169 in
2435 3115 2578 3168 diem
2627 3113 3042 3182 progrederetur
3097 3112 3357 3177 ulterius,
3418 3112 3610 3182 placuit
3662 3109 3760 3162 Deo

2203 3207 2381 3278 largiri
2408 3205 2645 3275 pluviam
2675 3222 2688 3257 :
2716 3219 2825 3272 quo
2879 3204 3078 3257 factum
3115 3212 3174 3257 ut
3225 3205 3496 3258 universa:
3547 3203 3645 3256 illa:
3671 3215 3754 3254 co-

2201 3300 2302 3367 pia:
2331 3297 2479 3351 nulla
2534 3305 2912 3364 premerentur
2966 3308 3122 3360 aqum
3164 3295 3420 3360 penuria.
3477 3293 3571 3346 Ubi
3621 3291 3759 3344 Sala-

2202 3391 2398 3458 cbigeu
2439 3397 2758 3457 perventum
2831 3386 3046 3448 fuisset,
3092 3385 3202 3452 jam
3257 3385 3511 3440 vicerant
3553 3383 3758 3444 scilicet,

2201 3485 2454 3542 superata
2518 3473 2833 3530 solitudine.
2904 3471 3249 3542 Quapropter
3339 3474 3575 3528 oneratis
3630 3489 3752 3539 aqua

2203 3567 2423 3636 potabili
2465 3566 2758 3640 Ijumcntis,
2820 3564 3094 3618 Alcairum
3155 3567 3534 3634 perrexerunt.
3573 3565 3760 3618 Interra

2203 3656 2612 3714 Tommambais
2641 3655 3130 3719 Alcairisultanns,
3168 3655 3293 3710 suis
3341 3667 3396 3712 et
3441 3657 3553 3727 ipse
3607 3654 3764 3724 copiis

2204 3757 2526 3822 instructus,
2554 3772 2620 3810 ex
2665 3757 2800 3810 urbe
2843 3755 3068 3809 militem
3121 3756 3350 3810 eduxit:
3401 3768 3573 3823 eoque
3617 3750 3764 3803 modo

2204 3859 2380 3903 castra
2409 3857 2666 3915 metatus,
2697 3858 2752 3901 ut
2781 3849 2970 3901 urbem
3018 3864 3044 3900 a
3078 3856 3229 3912 tergo
3289 3848 3537 3910 haberet,
3584 3843 3763 3898 ibidem

2203 3940 2468 3997 substitit.
2500 3940 2936 4004 Coegeratcuitn
2985 3940 3291 3992 maximum
3349 3938 3664 3998 exercitum,
3715 3933 3762 3983 in

2203 4051 2313 4102 quo
2369 4031 2674 4086 militabant
2724 4029 3034 4099 IEtbiopes,
3087 4046 3212 4085 cum
3281 4031 3409 4085 alais
3459 4027 3762 4082 nationibus.

2206 4125 2519 4180 Tormentis
2540 4124 2704 4177 etiam
2755 4123 2965 4177 bellicis
3022 4137 3085 4175 ea
3136 4125 3541 4178 communicrat
3571 4120 3765 4180 itinera,

2206 4221 2405 4289 quibus
2433 4219 2605 4274 hostis
2635 4225 2897 4272 venturus
2951 4215 3405 4285 exspectabatur.
3455 4215 3558 4270 Sed
3609 4223 3771 4267 trans-

2210 4315 2331 4381 fuga
2347 4311 2566 4381 quidam
2603 4325 2669 4364 cx
2692 4308 2892 4364 castris
2919 4307 3093 4376 ipsius
3121 4306 3186 4361 ad
3213 4308 3496 4361 sultanum
3527 4303 3767 4359 Selitnctu

2212 4423 2269 4460 se
2298 4403 2550 4467 contulit,
2586 4402 2747 4471 eique
2775 4400 3003 4454 consilia
3035 4409 3088 4453 et
3120 4398 3353 4454 insidias
3383 4398 3612 4453 hostium
3639 4394 3771 4448 dete-

2215 4498 2312 4552 xit.
2337 4494 2547 4562 Quibus
2583 4493 2813 4550 Selimes
2867 4491 3122 4562 cognitis,
3188 4490 3409 4546 diverso
3449 4490 3637 4544 itinere
3691 4495 3771 4538 co-

2216 4589 2332 4659 pias
2359 4588 2636 4642 Alcairum
2671 4587 2846 4640 duxit.
2879 4586 3006 4639 Haec
3036 4595 3186 4655 gesta
3246 4583 3473 4639 fuerunt
3500 4593 3638 4636 anno
3679 4571 3775 4632 929

2215 4683 2365 4752 (Chr.
2408 4681 2593 4735 ista).
2995 4659 3015 4673 ⁴
3742 4673 3757 4687 ’

2287 4770 2384 4826 Die
2414 4771 2485 4826 “28
2522 4769 2724 4824 mensis
2764 4769 3038 4834 Silchizis,
3089 4778 3213 4822 ante
3249 4767 3563 4836 prandium,
3603 4765 3775 4830 ingens

2215 4876 2268 4918 et
2329 4875 2616 4919 cruentum
2669 4863 2916 4932 praelium
2974 4861 3330 4915 commissum
3395 4860 3520 4923 fuit,
3575 4870 3677 4925 quo
3725 4852 3771 4904 iu

2219 4957 2406 5026 praelio
2436 4955 2605 5009 Sinau
2643 4956 2822 5015 bassa,
2857 4968 3031 5008 ca-sus
3065 4953 3119 5005 itt
3157 4952 3352 5005 dextro
3404 4965 3596 5012 cornu,
3627 4959 3772 4999 occu-

2217 5045 2620 5100 buit.Taudem
2686 5056 2869 5099 tamen
2929 5043 3237 5106 Mameluci,
3269 5042 3365 5111 qui
3427 5050 3482 5095 et
3532 5031 3769 5092 Circassi.

2217 5137 2464 5207 dissipati
2545 5135 2967 5205 proﬂigatique,
3048 5133 3246 5202 partim
3305 5147 3502 5186 versus
3562 5135 3771 5182 montesi

2220 5229 2503 5300 partimin
2557 5227 2932 5290 solitudinem,
2988 5228 3184 5295 partim
3250 5225 3317 5279 ad
3380 5226 3554 5294 ipsam
3608 5217 3773 5272 urbem

2221 5322 2536 5393 profugere.
2573 5318 2774 5374 Verum
2811 5320 2900 5374 ubi
2955 5334 3077 5372 mox
3128 5317 3416 5372 Selimiani
3473 5316 3664 5370 milites
3695 5322 3778 5359 ur-

2223 5420 2341 5468 bem
2370 5422 2758 5482 occupassent,
2811 5410 3051 5478 reliqui-.9
3092 5409 3475 5464 Circassorum
3516 5417 3567 5460 et
3600 5402 3782 5456 Μίλων·

2224 5509 2497 5571 lucorum,
2559 5506 2692 5558 urbe
2746 5505 2982 5570 deserta,
3045 5504 3098 5556 in
3159 5503 3435 5571 regionem
3497 5499 3779 5553 Saitensem

2224 5618 2281 5655 se
2342 5617 2613 5670 recepere.
2674 5601 2902 5653 Selimes
2953 5607 3174 5667 propter
3229 5594 3442 5658 urbetn,
3504 5594 3570 5645 ad
3615 5587 3780 5641 ΜΙηιιι

2241 5695 2472 5758 invium,
2539 5695 2733 5748 castris
2791 5692 2967 5748 locum
3009 5691 3187 5759 cepit;
3237 5706 3347 5760 quo
3397 5689 3449 5742 itt
3499 5687 3611 5739 loco
3664 5677 3784 5733 Julii
