4026 6204
244 1038 274 1050 δ

334 215 440 273 533

1599 217 1959 277 ANNALES
2001 220 2351 280 TURCICI.

3496 231 3612 292 δεδι

329 321 447 386 ᾕρεε
469 315 722 384 ψιιεδεὶι,
751 315 936 367 missis
985 315 1394 374 Tommambais
1453 325 1914 390 speculatoribus,
1949 335 1991 386 Α
2023 329 2276 384 snltanus
2311 333 2715 387 'l'omm-meais
2750 336 3049 403 suspendio
3079 345 3304 392 necatus
3361 339 3482 397 fuit.
3507 345 3608 394 At-

329 424 458 463 cnm
483 407 611 473 alia,
665 415 782 459 tum
840 407 1005 461 etiam
1057 410 1219 464 situm
1271 421 1578 468 Castrorum
1642 417 1922 471 hostilium

329 501 675 570 exploravit,
713 499 856 570 quod
901 512 964 553 ea
1001 514 1266 558 nocturna
1306 505 1673 576 impressione
1730 524 1921 578 aggre-

331 594 409 651 t'i.
459 606 562 646 suo
608 605 736 646 cum
784 590 974 647 animo
1023 593 1425 650 constituisset.
1499 595 1658 667 341
1744 596 1926 652 Rebus

330 682 591 737 omnibus
645 680 1055 751 exploratorum
1116 699 1281 754 opera
1329 687 1501 756 probe
1565 687 1921 757 perquisitis,

329 777 526 832 urbem
573 788 733 833 noctu
760 794 883 832 cum
908 781 1028 833 suis
1071 780 1372 851 ingressus,
1427 782 1700 852 plurimos
1728 800 1792 838 ex
1823 783 1923 838 Se-

328 870 572 923 limianis
603 873 656 922 in
685 875 818 923 urbe
847 872 1120 939 oppressit
1179 882 1232 926 et
1263 874 1574 928 trucidavit.
1637 873 1745 929 Sed
1797 891 1922 930 cum

330 961 576 1027 primum
629 961 734 1016 hoc
755 960 1270 1020 Seliminuntiatum
1290 965 1506 1034 fuisset,
1537 967 1711 1037 jussis
1769 983 1922 1022 arma

328 1055 613 1119 corripere
635 1053 918 1119 militibus,
943 1054 1084 1110 hosti
1121 1067 1293 1112 semet
1321 1060 1614 1133 opposuit:
1679 1069 1920 1114 tormen-

333 1152 517 1218 lisque
548 1150 754 1206 bellicis
790 1151 843 1204 in
868 1165 930 1206 ea
960 1151 1079 1207 loca
1115 1154 1454 1221 constitutis,
1487 1155 1538 1209 in
1573 1171 1693 1224 quae
1747 1154 1924 1209 factu-

335 1259 432 1294 rus
477 1243 734 1310 impetum
788 1243 1113 1298 credebatur
1164 1246 1358 1311 hostis,
1423 1247 1492 1300 ab
1565 1246 1714 1301 omni
1767 1254 1923 1316 parte

332 1343 564 1397 paratus
583 1343 723 1388 «ιι-ιιι.

401 1425 562 1478 Anno
599 1425 704 1478 9:23
736 1425 888 1495 (Chr.
925 1426 1111 1496 1516),
1171 1437 1366 1498 quarto
1417 1429 1506 1484 die
1551 1430 1757 1486 mensis
1800 1430 1923 1485 Mu-

337 1517 613 1582 rbereuis,
647 1519 854 1574 missus
889 1521 940 1572 in
999 1521 1186 1575 urbem
1243 1522 1346 1578 fuit
1376 1539 1404 1576 a
1457 1525 1674 1578 sultano
1723 1524 1922 1580 Selime

333 1605 568 1663 Jouuzes
615 1609 795 1674 bassa,
831 1627 954 1664 cum
991 1612 1378 1683 genizarorum
1407 1629 1570 1669 manu
1607 1634 1620 1668 :
1654 1616 1746 1684 qui
1793 1615 1921 1685 qui-

1947 1655 1960 1665 ε

2030 437 2137 487 que
2174 423 2276 475 hoc
2327 423 2486 477 modo
2535 425 2798 479 radicitus
2843 428 3161 496 exstirpatis
3217 427 3495 484 Circassis
3545 447 3612 487 ac

2029 512 2368 578 Mamclucis,
2397 517 2710 571 universum
2743 516 2877 570 illud
2909 517 3612 591 sultaninumEgyptium-

2028 623 2092 660 ve
2137 624 2362 675 regnum
2425 625 2528 664 suo
2583 609 2815 666 Selimes
2865 612 3097 680 imperio
3133 613 3394 677 subdidit,
3444 626 3498 670 et
3554 618 3609 670 in

2029 698 2390 769 Sangiacattts
2429 703 2615 756 divisit
2649 741 2664 765 ,
2700 719 2822 758 cum
2881 704 3071 758 urbem
3129 706 3477 760 Alcairanatn
3512 709 3611 763 Jo—

2025 793 2152 846 nuzi
2208 794 2381 848 bassae
2439 795 2730 865 regendam
2779 799 3174 852 commisisset.
3233 800 3363 853 lude
3449 802 3611 854 rebus

2025 884 2283 940 omnibus
2317 889 2538 953 egregie
2593 890 2909 944 constitutis
2959 899 3012 942 et
3053 890 3343 954 ordinatis,
3390 893 3608 946 Alcairo

2025 973 2298 1040 discessit,
2333 975 2534 1030 Gazam
2575 979 2876 1034 rediturus.
2917 979 3048 1034 Erat
3071 990 3251 1034 autem
3285 982 3508 1049 quidam
3537 997 3606 1036 ex

2025 1067 2342 1130 sultaninis.
2389 1068 2555 1122 Chcir
2586 1070 2786 1138 begus,
2834 1072 2926 1141 qui
2979 1072 3211 1128 sultauis
3263 1073 3371 1128 illis
3425 1076 3608 1128 adhuc

2024 1171 2207 1210 rerum
2268 1158 2608 1226 potientibus
2644 1159 2867 1228 Cltalepi
2915 1163 3086 1230 copiis
3134 1163 3455 1232 praefuerat;
3509 1163 3606 1217 sed

2024 1262 2216 1314 Sponte
2252 1266 2346 1302 sua
2384 1251 2586 1304 sultani
2619 1252 2841 1308 Sclitnis
2875 1255 3126 1322 potestati
3164 1270 3223 1309 se
3258 1256 3604 1323 permiserat.

2023 1339 2124 1394 llic
2156 1359 2185 1395 a
2239 1343 2465 1406 Selime,
2523 1357 2716 1414 praeter
2749 1345 3016 1402 Jonuzem
3049 1348 3288 1412 bassam,
3328 1349 3393 1400 ad
3425 1347 3606 1400 Alcai-

2023 1450 2144 1488 rum
2179 1437 2427 1500 relictus,
2471 1437 2680 1491 litteras
2715 1439 2782 1490 ad
2816 1454 2940 1492 eum
2971 1438 3083 1506 jam
3114 1437 3238 1491 inde
3271 1439 3600 1504 digressum,

2025 1527 2173 1581 misit
2203 1529 2519 1595 obsignatas
2555 1545 2569 1581 :
2599 1530 2802 1597 quibus
2831 1530 2885 1582 iu
2927 1529 3124 1582 litteris
3176 1527 3440 1582 Jouuzem
3477 1529 3604 1582 bas-

2024 1635 2138 1674 sam
2189 1634 2482 1682 accusans,
2531 1621 2927 1689 perscripserat
2972 1620 3262 1690 Aithiopes
3299 1634 3354 1676 et
3394 1624 3605 1692 plebem
3643 1653 3658 1658 --

334 1703 462 1753 dem
488 1701 541 1754 in
573 1701 708 1769 ipsis
739 1703 934 1771 plateis
964 1715 1017 1756 et
1051 1705 1186 1759 vicis
1220 1707 1371 1762 urbis
1403 1706 1670 1760 adversus
1703 1707 1923 1762 Circas—
1954 1705 1992 1758 Β
2025 1710 2287 1764 urbanam
2336 1708 2527 1764 Jonuzi
2583 1710 2759 1766 bassa:
2813 1713 3016 1766 sultani
3072 1716 3313 1768 tribuere
3363 1714 3607 1782 titulum,

340 1807 439 1846 sos
481 1803 532 1846 et
583 1793 918 1850 Mamelucos
949 1797 1218 1852 acerrime
1252 1797 1607 1853 dimicarunt.
1641 1797 1756 1853 Hoc
1785 1815 1924 1868 pras-

335 1886 420 1963 lio
447 1887 642 1956 sagitta
677 1887 936 1945 Jonuzes-
958 1892 1116 1946 bassa
1168 1900 1278 1946 tam
1334 1892 1574 1961 graviter
1607 1893 1924 1950 vulneratus

335 1977 464 2040 fuit,
496 1989 556 2032 ut
585 1996 616 2032 a
644 1981 762 2035 suis
814 1982 1092 2049 sublatus,
1125 1999 1157 2038 e
1193 1984 1370 2038 media
1405 2001 1582 2055 pugna
1612 1995 1926 2056 exportare-

337 2079 448 2124 tur.
476 2069 532 2126 ld
554 2057 910 2142 conspicatus
943 2073 1176 2130 Selimes
1239 2093 1417 2148 usque
1442 2077 1581 2132 adeo
1607 2079 1922 2144 exeanduit,

336 2175 395 2218 ut
423 2165 620 2220 milites
665 2182 730 2219 ex
759 2168 918 2234 equis
949 2164 1281 2224 descendere
1331 2169 1573 2239 juberet,
1611 2187 1675 2226 ac
1717 2174 1925 2242 pedites

341 2257 460 2311 suis
483 2263 762 2327 suppetias
793 2259 956 2314 ferre.
987 2263 1138 2325 Quod
1172 2278 1294 2316 cum
1324 2264 1534 2333 absque
1567 2280 1719 2319 mora
1752 2267 1924 2330 fieret,

325 2341 392 2400 ἐι
431 2348 507 2401 illi
553 2350 772 2414 milites,
820 2352 911 2420 qui
957 2354 1291 2422 caetetoquin
1339 2371 1401 2410 ex
1455 2357 1611 2422 equis
1663 2356 1924 2410 dimicare

337 2439 610 2503 solebant,
675 2443 881 2508 pedites
952 2444 1139 2499 urbem
1204 2445 1624 2515 ingrederentur
1679 2465 1693 2499 :
1755 2463 1924 2516 prope

335 2529 598 2598 templum
636 2534 962 2596 maximum,
1014 2537 1160 2604 quod
1194 2537 1462 2593 Chasanis
1503 2539 1655 2593 Zami
1700 2552 1917 2602 verant,

333 2637 461 2674 eum
495 2622 767 2678 Citcassis
811 2632 866 2678 et
912 2623 1232 2682 Mantelueis
1277 2643 1498 2682 manum
1547 2644 1919 2687 conseruere:

335 2731 446 2782 qua
477 2731 655 2784 pugna
689 2725 770 2770 tot
814 2719 880 2771 ab
910 2729 1142 2788 utraque
1166 2730 1320 2789 parte
1350 2722 1476 2775 επεὶ
1508 2732 1654 2783 sunt,
1705 2731 1762 2776 ut
1802 2738 1921 2791 pas-

339 2808 444 2859 sim
481 2821 576 2875 per
631 2807 838 2874 plateas
894 2809 1049 2876 plena
1091 2825 1499 2879 peremptorum
1563 2813 1921 2867 cadaveribus

333 2908 521 2951 essent
567 2900 774 2953 omnia.
819 2898 1060 2954 Tandem
1120 2899 1405 2957 Selimiaui
1459 2906 1639 2958 denuo
1693 2905 1918 2960 victoria

338 2992 496 3059 μοι.ιί
535 2992 778 3053 fuerunt,
815 3005 868 3047 et
899 2993 1312 3050 Tommambais
1360 2998 1560 3052 iterum
1611 3014 1733 3052 cum
1782 3014 1919 3053 nou-

337 3083 508 3138 nullis
564 3099 791 3143 suorum
855 3084 909 3137 in
951 3087 1226 3153 regionem
1293 3087 1598 3145 Saiteusem
1658 3091 1919 3161 profugit.

336 3175 670 3244 Acciderunt
704 3176 818 3230 haec
854 3193 998 3229 anno
1040 3177 1165 3232 9235.

413 3273 544 3327 l’ost
575 3272 662 3325 illa
700 3289 822 3326 cum
852 3273 1003 3327 omni
1048 3275 1292 3328 exercitu
1327 3275 1557 3332 Selimes
1597 3278 1785 3332 urbem
1843 3279 1924 3333 in-

338 3379 581 3432 gressus,
617 3364 669 3416 in
705 3364 823 3432 ipso
858 3365 1060 3432 palatio
1100 3365 1380 3420 sultanino
1408 3368 1647 3422 divertit.
1685 3349 1925 3424 Fuerant

340 3460 396 3510 in
430 3472 516 3521 eo,
548 3472 710 3522 quem
738 3456 998 3521 diximus,
1020 3459 1276 3514 conflictu
1309 3459 1452 3529 capti
1480 3461 1560 3515 bis
1590 3461 1739 3514 mille
1767 3462 1925 3530 quin-

337 3551 484 3618 genti
525 3549 762 3605 Cirrassi
791 3567 853 3606 ac
881 3532 1166 3606 Mameluci
1199 3569 1213 3608 :
1246 3568 1480 3622 quorum
1515 3554 1581 3608 ad
1607 3555 1718 3608 duo
1753 3555 1924 3608 millia

336 3645 594 3698 s-iltauus
638 3644 1161 3716 Selimesjugulari,
1190 3647 1524 3715 quingentos
1575 3647 1814 3716 reliquos
1867 3648 1923 3702 in

332 3736 604 3789 custodiis
646 3736 837 3789 haberi
872 3736 1065 3802 juSsit.
1100 3738 1195 3790 His
1243 3738 1412 3806 gestis
1466 3737 1653 3800 rebus,
1697 3739 1924 3792 adactus

335 3840 587 3881 extrema
618 3829 968 3883 ’uecessitate
1017 3827 1452 3888 Tommambais.
1488 3838 1542 3882 ut
1591 3845 1777 3898 pacem
1827 3844 1921 3898 pe-

331 3931 509 3986 teret,
554 3921 823 3988 insignem
863 3919 1183 3989 legationem
1237 3919 1304 3973 ad
1338 3921 1616 3973 sultanttm
1665 3905 1944 3973 Selimemo

338 4013 513 4067 misit.
554 4012 682 4066 Eam
723 4007 954 4068 Selimes
983 4028 1114 4066 sane
1145 4029 1305 4082 quam
1342 4013 1651 4067 humaniter
1687 4014 1922 4080 excepit,

335 4124 403 4162 ac
437 4107 732 4177 postulatis
765 4107 1024 4162 omnibus
1058 4121 1345 4171 assensus,
1383 4123 1488 4159 non
1535 4105 1698 4159 modo
1755 4107 1923 4158 'l‘om-

336 4199 580 4254 tttambztl
611 4199 916 4268 rescripsit,
959 4213 1145 4252 verum
1198 4199 1360 4252 etiam
1393 4214 1522 4252 suos
1557 4197 1805 4251 homines
1857 4196 1922 4249 ad

335 4295 520 4361 ipsum
584 4291 827 4346 vicissim
884 4291 1178 4361 ablegavit,
1236 4290 1330 4360 qui
1385 4291 1531 4360 pacis
1569 4291 1616 4344 ei
1673 4300 1924 4342 auctores

332 4394 542 4442 essent.
581 4383 692 4440 Hos
723 4385 789 4439 ad
833 4400 891 4439 se
933 4386 1096 4454 jussu
1143 4384 1366 4440 Selimis
1422 4385 1722 4446 venientes,
1757 4383 1922 4437 'l‘ont-
1958 4381 1996 4436 ll

338 4476 613 4529 mambais
658 4475 892 4530 interﬁci
930 4476 1145 4530 curavit
1195 4472 1500 4542 univerSOs.
1558 4475 1923 4540 Quamobrem

335 4582 695 4636 Summopere
740 4577 1057 4622 commotus
1089 4568 1344 4622 sultanus
1398 4567 1651 4630 Selimes,
1711 4567 1926 4620 Circas-

340 4676 438 4716 Sos
475 4659 598 4713 illos
629 4674 842 4723 omnes,
886 4674 1024 4728 quos
1067 4661 1121 4713 in
1174 4660 1423 4714 custodia
1465 4659 1694 4712 detineri
1730 4674 1928 4726 praece-

341 4760 521 4820 perat,
556 4767 681 4804 rnox
708 4751 778 4804 ita
805 4753 971 4820 jussit
1001 4752 1201 4814 occidi,
1239 4752 1516 4805 nemiuem
1553 4761 1612 4803 ut
1662 4751 1747 4804 sui
1800 4750 1927 4802 reli-

339 4858 512 4906 quum
545 4841 807 4896 facerent.
841 4843 912 4894 Ea
962 4827 1027 4897 rei
1053 4852 1264 4912 patrata
1317 4855 1468 4896 trans
1501 4840 1682 4895 Nilum
1740 4844 1929 4908 c0pias

338 4936 520 4996 diuit,
579 4933 1017 4988 Tommambaint
1060 4937 1416 5004 quaesiturus,
1469 4951 1578 5004 quo
1628 4936 1715 4988 ille
1765 4950 1931 4988 com—

341 5035 502 5094 perto
551 5026 738 5097 fugam
788 5027 1047 5096 arripuit.
1107 5025 1342 5082 Selimes
1403 5025 1687 5079 Bouiania:
1751 5023 1927 5092 copiis

343 5117 600 5183 iniunxit,
647 5131 703 5172 ut
732 5135 856 5173 eum
885 5134 914 5172 a
939 5129 1088 5188 tergo
1122 5107 1610 5188 persequerentur.
1661 5117 1764 5167 Sed
1797 5114 1931 5165 Ara-

345 5211 468 5272 bes,
527 5211 624 5279 qui
673 5220 727 5264 et
761 5211 1073 5280 Ethiopcs,
1130 5212 1425 5266 itineribus
1477 5209 1702 5278 fugienti
1768 5207 1931 5261 'l'om-

350 5303 588 5356 tuambai
668 5304 974 5372 praelusis,
1031 5303 1308 5357 hominem
1374 5303 1809 5370 iutcrceperuut,
1881 5306 1933 5352 et

346 5406 570 5462 captum
609 5397 674 5448 ad
713 5396 969 5450 Selimetn
1009 5396 1409 5464 perduxerunt.

423 5490 580 5541 Auno
609 5489 714 5543 9‘25
748 5487 898 5558 (Chr.
949 5490 1134 5556 1517),
1167 5488 1254 5542 die
1285 5486 1502 5540 decimo
1538 5493 1694 5539 sexto
1729 5482 1934 5535 mensis

352 5580 675 5642 ltebuilulm,
724 5581 983 5633 mandato
1040 5580 1242 5635 sultani
1282 5578 1524 5642 Sclimis,
1563 5578 1616 5629 in
1675 5574 1936 5627 umbilico

350 5673 502 5740 prbis
544 5674 894 5741 .lic-rit'cns’s,
957 5693 1017 5729 cc
1055 5675 1191 5742 loco,
1234 5673 1325 5744 qui
1360 5670 1678 5726 Babwbﬂlc
1709 5669 1931 5733 dicitur,

1949 3037 1991 3094 (ε

2024 1811 2080 1857 'et
2111 1803 2294 1855 omnia
2328 1803 2535 1871 precari
2574 1803 2750 1856 fausta
2787 1802 3099 1873 feliciaque,
3134 1807 3411 1860 nonnullis
3437 1808 3605 1862 etiam

2029 1895 2353 1950 criminibus
2385 1896 2586 1949 aliisin
2634 1910 2754 1948 eum
2795 1898 3092 1964 congestis.
3141 1896 3235 1952 His
3270 1899 3494 1953 territus
3516 1900 3609 1953 lit-

2031 1988 2159 2040 teris
2196 1985 2446 2050 Selimes,
2471 2003 2609 2040 mox
2649 1988 2784 2040 alias
2816 1988 2881 2041 ad
2916 1987 3178 2042 .Ionuzent
3234 1991 3450 2045 bassam
3487 1991 3606 2046 dari

2023 2077 2188 2146 jussit
2221 2095 2235 2130 :
2272 2078 2474 2146 quibus
2505 2080 2554 2131 ei
2593 2077 2966 2143 mandaretur,
3013 2080 3090 2132 uti
3131 2081 3364 2133 maxima
3411 2081 3608 2134 celeri-

2030 2178 2136 2221 tate
2193 2177 2364 2222 seruet
2419 2169 2485 2223 ad
2528 2168 2806 2223 sultanutn
2863 2168 3116 2225 Selimem
3159 2171 3449 2225 conferret.
3500 2171 3608 2226 Ea-

2027 2262 2150 2314 dem
2199 2261 2382 2314 Cheiri
2439 2262 2574 2329 bego
2627 2263 2792 2317 scribi
2848 2263 3055 2328 voluit,
3091 2274 3144 2318 et
3206 2265 3393 2318 urbem
3431 2264 3607 2333 ipsius

2031 2355 2178 2418 fidei,
2246 2369 2341 2422 per
2397 2355 2699 2409 absentiam
2769 2355 2965 2418 bassm,
3019 2356 3440 2410 commendavit.
3502 2356 3604 2411 Ubi

2026 2465 2184 2502 suum
2218 2449 2285 2502 ad
2337 2448 2552 2525 lterum,
2589 2449 2866 2503 sultanum
2911 2448 3192 2513 Selimem,
3225 2449 3279 2501 in
3310 2449 3425 2515 ipsa
3475 2447 3606 2501 scili—

2027 2538 2217 2593 tudine
2253 2537 2493 2594 Jouuzes
2539 2541 2696 2595 bassa
2737 2541 3117 2608 pervenisset,
3169 2541 3327 2608 equis
3365 2539 3602 2592 insiden-

2028 2646 2129 2698 tes,
2173 2633 2313 2686 iutcr
2367 2648 2426 2685 se
2482 2633 2734 2686 collocuti
2769 2641 2896 2686 sunt
2949 2634 3130 2686 ambo.
3187 2631 3386 2684 Verum
3423 2631 3607 2684 subito

2026 2724 2259 2780 Sclimcs
2282 2724 2466 2778 furore
2490 2735 2795 2792 correptus.
2827 2725 3090 2779 Jonuzem
3123 2726 3340 2778 bd‘ssam
3365 2738 3432 2775 ex
3466 2737 3605 2790 equo

2025 2817 2183 2887 drjici
2229 2817 2415 2886 jussit,
2471 2827 2527 2871 et
2594 2815 2956 2872 Solachorum
3002 2816 3256 2886 praefecto
3303 2813 3604 2874 tumulavit,

2026 2920 2084 2964 ut
2117 2925 2240 2964 eum
2292 2917 2502 2965 resecto
2539 2911 2716 2978 capite
2760 2911 3058 2980 jugularet.
3094 2908 3252 2974 Quod
3287 2908 3470 2962 statim
3531 2907 3609 2960 fa-

2025 3005 2202 3057 ctum‘
2243 3019 2367 3056 cum
2435 3003 2650 3068 fuisset,
2706 3003 2939 3056 Selimes
2999 3003 3194 3056 itinere
3258 2992 3604 3062 continuato,

2027 3095 2241 3148 tandem
2264 3093 2800 3163 Constantinopolim
2829 3109 3114 3156 reversus,
3141 3091 3313 3162 quieti
3345 3107 3403 3145 se
3432 3089 3606 3142 dedit.

2098 3187 2214 3240 Non
2248 3187 2447 3256 exiguo
2490 3187 2756 3255 temporis
2812 3186 3101 3239 intervallo
3140 3183 3393 3254 gerendis
3429 3198 3460 3236 a
3496 3197 3604 3238 1e-

2025 3278 2129 3332 bns
2179 3279 2484 3342 abstinens,
2540 3292 2684 3330 anno
2749 3274 2986 3344 denique
3048 3274 3154 3328 926
3213 3273 3364 3343 (Chr.
3422 3273 3610 3336 1520),

2028 3385 2210 3423 mense
2252 3367 2581 3432 Remasaue,
2636 3365 3118 3433 Constantinopoli
3163 3365 3470 3432 digressus,
3502 3363 3608 3418 lla-

2026 3460 2388 3530 driauopolim
2431 3471 2615 3529 petere
2651 3459 2961 3516 constituit.
2996 3459 3110 3512 Hoc
3148 3463 3198 3512 itt
3229 3458 3427 3512 itinere
3474 3474 3603 3512 cum

2026 3553 2250 3610 lnzuam
2281 3554 2546 3618 venisset,
2579 3554 2834 3608 balneum
2885 3554 3134 3623 ingresso
3163 3563 3347 3607 tumor
3379 3553 3604 3621 quidam

2029 3663 2059 3701 a
2109 3657 2258 3716 tergo
2310 3647 2458 3716 cepit
2508 3646 2662 3710 oriri,
2703 3645 2797 3716 qui
2847 3660 3037 3700 revera
3086 3645 3458 3702 carbunculus
3513 3659 3609 3713 pe-

2027 3740 2220 3793 stilens
2260 3747 2398 3792 erat.
2444 3736 2730 3792 Profectus
2766 3749 2951 3791 autem
2985 3737 3232 3798 ulterius,
3264 3744 3318 3789 et
3343 3727 3492 3788 illum
3540 3734 3607 3786 ad

2028 3829 2210 3881 locum
2265 3829 2502 3892 delatus,
2547 3827 2636 3880 ubi
2689 3825 2986 3896 aliquando
3043 3841 3166 3878 cum
3217 3833 3372 3892 patre
3422 3820 3612 3874 conﬂi-

2028 3929 2202 3982 xerat,
2245 3928 2475 3987 urgente
2519 3918 2871 3982 necessitate,
2926 3916 3046 3971 lixis
3082 3915 3281 3970 ibidem
3332 3913 3604 3974 tentoriis,

2028 4012 2294 4065 substitit.
2331 4010 2542 4064 Interea
2585 4024 2737 4073 vero,
2769 4010 2895 4063 dum
2940 4009 3028 4063 hic
3076 4009 3268 4062 morbo
3305 4005 3479 4072 ipsius
3513 4018 3611 4058 cu—

2027 4104 2201 4158 rando
2252 4119 2311 4158 se
2365 4112 2511 4156 totos
2564 4102 2762 4156 medici
2824 4099 3052 4165 dabant,
3119 4100 3493 4158 Deflerdaros,
3552 4107 3609 4147 et

2029 4195 2217 4261 Ρίι·ἱιιι,
2258 4195 2690 4261 Achmetemque
2723 4192 2938 4255 bassas,
2985 4190 3429 4258 lladriaquolim
3478 4202 3615 4255 prm—

2030 4286 2200 4349 misit,
2249 4295 2308 4337 ut
2359 4283 2545 4336 omnia
2588 4281 2925 4336 solemnitati
2986 4277 3221 4332 Bairami
3272 4275 3617 4330 celebranda:

2031 4375 2343 4430 necessaria
2377 4385 2774 4444 praepararent,
2824 4372 2943 4424 solo
2990 4369 3222 4423 Ferhate
3272 4368 3430 4419 bassa
3470 4380 3592 4416 cum

2028 4485 2092 4524 eo
2149 4476 2420 4522 manente.
2477 4466 2583 4521 Sed
2619 4481 2746 4520 cum
2803 4463 3000 4518 medici
3053 4461 3248 4514 morbo
3309 4457 3615 4511 remedium

2033 4561 2281 4613 invenire
2329 4573 2438 4612 non
2496 4567 2744 4626 possent,
2803 4570 2868 4609 eo
2916 4555 3036 4623 ipso
3071 4559 3321 4605 mortuus
3353 4557 3439 4603 est
3471 4547 3617 4609 loco,

2031 4649 2084 4702 iu
2135 4663 2243 4717 quo
2295 4663 2416 4702 cum
2473 4655 2628 4715 patre
2679 4659 2862 4714 pugna
2915 4655 3243 4710 congressus
3287 4638 3486 4695 fuerat.
3527 4634 3618 4688 die

2029 4742 2264 4808 septimo
2317 4740 2523 4794 mensis
2553 4739 2858 4802 Schebalis,
2904 4751 3049 4790 anno
3087 4733 3192 4788 9'26
3225 4733 3374 4802 (Chr.
3429 4729 3616 4791 1520).

2033 4833 2327 4900 Imperavit
2383 4831 2544 4884 annis
2593 4839 2826 4898 septem,
2886 4827 3170 4882 mensibus
3218 4835 3367 4890 octo,
3424 4822 3617 4874 diebus

2032 4935 2176 4976 octo.
2235 4921 2380 4975 Nihil
2416 4931 2757 4989 compertum
2814 4920 2916 4974 fuit
2973 4920 3040 4972 de
3096 4919 3269 4988 ipsius
3305 4916 3461 4969 obitu
3492 4911 3620 4965 totis

2032 5015 2226 5070 diebus
2250 5014 2461 5069 decem.
2499 5017 2711 5068 interea
2743 5021 2956 5066 secreto
2997 5011 3260 5064 Ferhates
3307 5011 3466 5062 bassa
3510 5003 3620 5071 pr-i-

2034 5107 2266 5162 tuarium
2294 5107 2592 5175 jauitorem
2623 5122 2744 5159 cum
2793 5104 2992 5157 litteris
3025 5101 3188 5171 3&2
3219 5098 3511 5151 Manissam
3547 5096 3617 5146 ad

2034 5202 2314 5255 sultanum
2379 5198 2748 5252 Soleimanetu
2807 5198 2981 5258 misit,
3038 5194 3130 5262 qui
3187 5207 3311 5245 eum
3369 5195 3616 5240 moneret

2037 5295 2111 5346 uti
2153 5295 2562 5361 quamprimum
2621 5293 2748 5345 illuc
2798 5296 3139 5359 properaret.
3191 5283 3297 5336 Sed
3341 5280 3484 5350 quod
3530 5279 3618 5331 his

2037 5388 2504 5442 nihillitterarum
2553 5384 2776 5452 reliquis
2805 5401 2832 5435 a
2879 5383 3059 5434 bassis
3103 5378 3424 5448 adjunctmu
3479 5373 3615 5425 fuis-

2036 5490 2139 5546 θυι,
2189 5480 2394 5534 veritus
2436 5488 2519 5532 est
2572 5479 2750 5530 itineri
2802 5491 2862 5529 se
2905 5477 3034 5528 dare
3083 5471 3447 5525 Soleimaues.
3487 5464 3618 5517 lude

2039 5572 2220 5626 bassis
2282 5571 2515 5630 caeteris,
2547 5569 2640 5637 qui
2702 5563 3094 5632 lladrianopoli
3147 5558 3439 5630 degebant.
3497 5571 3609 5608 rem

2040 5681 2252 5719 omnem
2289 5661 2549 5718 Fcrhatcs
2574 5664 2730 5716 L-a:sa
2767 5660 3022 5730 patefecit
3053 5680 3063 5711 ;
3101 5656 3193 5727 qui
3227 5668 3351 5709 mox
3391 5666 3453 5706 c0
3487 5664 3612 5720 pro-
