4026 6204
480 244 585 306 635

1741 243 2099 303 ANNAI.ES
2140 245 2474 305 TURCICI.

3630 235 3729 295 626

480 355 631 419 fecti,
668 371 791 410 cum
833 371 941 424 quo
975 371 1059 409 res
1094 366 1280 410 essent
1309 358 1427 410 loco
1481 367 1789 422 cernerent,
1846 359 2047 413 litteris
2080 381 2128 440 Α
2156 360 2299 413 unde
2348 374 2456 413 non
2492 370 2692 427 magno
2721 370 2786 410 ex
2823 352 3109 408 intervallo
3134 352 3185 406 in
3240 352 3498 405 Rhodum
3552 361 3719 405 trans—

479 459 535 503 et
580 448 684 518 ipsi
722 450 1057 518 perscriptis.
1095 450 1407 519 praefectum
1446 449 1820 518 lspacbiorum
1862 452 1928 505 ad
1954 452 2055 505 So-

483 537 771 594 leimanem
831 539 1118 593 Manissam
1166 539 1522 606 ablegaruut,
1570 539 1963 608 signiﬁcantes,
1999 550 2058 593 ut

487 630 690 700 absque
722 647 869 685 mora
922 632 1134 685 veniret
1192 635 1512 700 priusquam
1570 633 1635 685 de
1682 634 1854 701 patris
1905 633 2057 686 obitu

482 725 721 792 genizari
758 726 1047 793 cantet-ique
1100 727 1277 781 Porta:
1330 727 1556 789 milites,
1596 727 1849 795 quiddam
1896 727 2052 779 inau-

480 815 710 877 dissent,
744 830 812 868 ne
848 816 987 871 finde
1032 817 1295 885 direptam
1335 817 1524 877 urbem
1576 817 1790 870 excidio
1842 817 2054 870 darent.

483 907 668 974 Itaque
706 904 1064 973 Soleimanes,
1113 925 1169 962 re
1211 917 1319 963 tota
1376 910 1591 978 penitus
1628 910 1870 978 cognita,
1921 925 2057 963 con-

485 996 664 1051 festim
698 1012 869 1054 semet
913 1002 1151 1056 accinxit
1193 1001 1371 1055 itineri
1413 1019 1425 1054 :
1464 1017 1563 1055 nec
1594 1002 1701 1055 ulla
1736 1002 1819 1055 vel
1866 1011 2055 1067 noctu,

488 1088 570 1140 vel
621 1090 861 1144 interdiu
910 1092 1098 1161 quiete
1155 1094 1499 1161 interposita,
1553 1093 1802 1161 pervenit
1838 1090 2057 1147 lscoda-

483 1193 597 1231 ram
643 1200 670 1232 e
708 1182 932 1249 regione
981 1184 1488 1252 Constantinopolis
1545 1184 1727 1238 sitam.
1791 1183 1904 1237 Hoc
1954 1182 2058 1237 loci

481 1263 738 1325 tribunus
780 1273 1165 1340 genizarorum
1202 1274 1268 1326 ad
1294 1274 1471 1342 ipsum
1516 1275 1683 1337 venit,
1711 1289 1820 1343 quo
1862 1274 2059 1327 comite

487 1359 760 1415 triremem
826 1362 1133 1431 ingressus,
1164 1364 1689 1433 Constantinopolim
1740 1364 2054 1433 transjecit,

486 1449 541 1502 in
600 1466 887 1507 occursum
955 1455 1353 1523 prodeuntibus
1428 1457 1702 1526 genizaris
1765 1456 2056 1510 universis.

490 1542 529 1594 E
579 1545 786 1599 triremi
831 1562 955 1600 cum
1023 1549 1430 1611 exscendisset,
1482 1550 1860 1616 genizarorum
1920 1563 2057 1617 aga,

486 1651 620 1692 suos
658 1640 994 1708 compellans
1037 1642 1323 1709 genizaros
1359 1658 1371 1695 :
1409 1642 1505 1695 Hic
1552 1642 1807 1695 dominus
1854 1651 2055 1707 vester,

2154 452 2372 521 jicitur.
2437 450 2625 517 Itaque
2678 447 2945 504 militibus
2982 445 3108 499 hinc
3144 444 3196 496 in
3248 443 3507 495 ltbodum
3554 452 3719 496 trans~

2162 543 2415 609 portatis,
2452 541 2669 596 tandem
2715 548 2768 592 et
2802 542 2919 607 ipse
2954 552 3054 592 suo
3101 552 3223 591 cum
3256 535 3526 589 comitatu
3560 543 3723 587 trans-

2161 644 2349 687 vectus
2391 633 2446 686 in
2488 633 2747 695 insulam,
2795 631 2943 701 gravi
2978 630 3168 683 urbem
3206 628 3504 683 obsidione
3546 628 3723 679 cinxit.

2159 724 2381 779 Obsessi
2412 723 2719 779 Christiani
2768 737 2956 776 muros
2994 722 3191 792 pannis
3245 721 3419 775 cbcco
3460 719 3655 780 tinctis,
3681 728 3727 770 (ι

2160 815 2374 874 sericis.
2411 822 2465 867 et
2493 828 2627 866 auro
2668 813 2998 876 intertextis,
3044 810 3358 872 ornabant,
3396 824 3461 862 ac
3492 807 3727 876 plurimis

2162 906 2214 958 in
2248 906 2384 959 urbe
2413 905 2557 959 ludis
2597 915 2649 957 et
2686 903 3045 972 spectaculis,
3099 902 3164 955 ad
3210 900 3577 956 oblectandos
3625 898 3728 949 ani-

2161 1011 2302 1062 mos,
2354 996 2673 1050 utebantur.
2718 995 2854 1050 Cum
2894 997 3040 1050 serio
3092 995 3330 1062 denique
3365 1006 3727 1061 oppugnaren-

2159 1096 2271 1151 tur,
2330 1088 2492 1157 Iongo
2545 1087 2811 1155 temporis
2864 1087 3039 1155 spatio
3090 1100 3146 1139 se
3177 1084 3551 1139 defendebant
3589 1096 3727 1135 acer-

2160 1179 2298 1232 rime
2320 1220 2335 1243 ,
2376 1177 2521 1245 quod
2551 1178 2738 1231 urbem
2764 1178 2831 1233 ab
2858 1177 3011 1231 hoste
3044 1176 3195 1229 nullo
3226 1175 3393 1229 modo
3424 1175 3543 1242 capi
3581 1188 3727 1241 posse
3778 1182 3787 1185 ‘

2160 1272 2264 1324 sibi
2321 1271 2756 1340 persuasissent.
2809 1271 2887 1324 Ac
2944 1269 3276 1323 Soleimanis
3344 1281 3482 1320 sane
3540 1280 3621 1317 res
3671 1278 3727 1316 eo

2106 1381 2120 1392 ·
2161 1363 2372 1417 tandem
2406 1363 2509 1417 loci
2544 1362 2776 1417 redacta:
2817 1363 3051 1426 fuerant,
3090 1370 3147 1415 ut
3198 1374 3442 1430 quanam
3474 1359 3538 1411 ad
3568 1370 3727 1423 expu-

2161 1453 2430 1520 gnandam
2495 1451 2772 1505 civitatem
2837 1453 2921 1506 via
2979 1453 3234 1519 deinceps
3297 1450 3724 1519 progrederetur,

2161 1544 2460 1612 ignoraret.
2500 1543 2639 1608 Quia
2680 1552 2861 1597 tamen
2894 1558 3049 1598 mons
3083 1544 3310 1613 quidam
3356 1539 3503 1595 haud
3552 1539 3725 1609 procul

2161 1640 2227 1692 ab
2296 1640 2429 1692 urbe
2460 1639 2720 1702 distabat,
2771 1654 2833 1691 ex
2869 1654 2934 1693 eo
2990 1651 3187 1693 terram
3244 1638 3378 1707 peti,
3434 1650 3541 1704 qua
3590 1633 3727 1686 urbis

487 1730 580 1783 hic
635 1734 934 1800 imperator
965 1742 1068 1797 est,
1105 1735 1203 1787 ait.
1241 1734 1355 1799 Qua
1394 1734 1469 1787 illi
1510 1748 1643 1788 voce
1679 1734 1886 1795 audita,
1934 1748 2060 1786 mox
2093 1729 2138 1790 Β
2168 1728 2326 1783 fossa:
2367 1732 2868 1798 complanarentur,
2911 1730 3101 1785 edixit.
3136 1729 3297 1782 Actis
3332 1737 3591 1797 praeterea
3643 1739 3728 1777 cu-

484 1824 674 1877 ordine
707 1837 937 1879 caeteros
970 1826 1300 1894 antegressi,
1340 1825 1615 1879 sultanum
1646 1839 1805 1877 suum
1853 1823 1919 1875 ad
1962 1825 2062 1876 im-

489 1925 799 1982 peratorum
862 1916 1111 1971 Saraium
1171 1918 1541 1972 deduxerunt.
1599 1916 1740 1970 Hinc
1798 1915 2060 1983 largiores

490 2022 757 2067 annonas.
805 2020 858 2063 et
897 2010 1154 2063 donativa
1208 2010 1413 2074 petiere
1447 2025 1460 2062 :
1495 2008 1712 2063 sultano
1754 2006 2063 2060 Soleimane

490 2099 779 2164 postulatis
807 2100 1052 2167 ipsorum
1082 2107 1377 2154 annuente.
1410 2098 1674 2154 Postridie
1724 2099 1897 2169 prima
1944 2098 2063 2152 luce

490 2186 657 2240 funus
684 2186 900 2243 Selimis
938 2189 989 2241 in
1029 2189 1218 2243 urbem
1254 2189 1548 2243 deductum
1584 2188 1705 2253 fuit,
1743 2190 1901 2256 eique
1923 2187 2063 2241 cele-

493 2280 673 2333 bratae
731 2280 783 2333 in
827 2282 1027 2349 templo
1072 2282 1186 2336 sive
1237 2297 1395 2335 zuma
1449 2282 1649 2335 sultani
1702 2279 2062 2333 Mucbcmetis

484 2371 779 2439 exsequiae.
839 2372 1012 2427 Pedes
1050 2384 1174 2428 ante
1212 2384 1503 2443 paternum
1555 2372 1722 2427 funus
1778 2371 2062 2426 incedebat

488 2462 743 2517 sultanns
790 2463 1155 2531 Soleimanes,
1213 2465 1378 2534 idque
1428 2464 1796 2518 comitabatur
1846 2463 1911 2517 ad
1965 2478 2062 2517 zu-

487 2568 628 2606 mam
690 2556 758 2607 ab
807 2555 924 2623 ipso
976 2555 1175 2611 Selime
1225 2556 1522 2619 conditam,
1574 2556 1663 2610 ubi
1712 2563 2063 2609 munumento

487 2659 585 2696 suo
622 2644 725 2696 fuit
761 2644 968 2701 illatus.
1000 2646 1130 2701 lude
1179 2644 1524 2701 Soleima‘nes
1560 2646 1627 2699 ad
1662 2646 1926 2714 palatium
1980 2658 2062 2697 re-

489 2750 698 2799 versus,
760 2737 812 2789 in
871 2738 1122 2789 thronum
1165 2738 1577 2801 imperatorium
1634 2752 1693 2791 se
1748 2736 2059 2803 collocavit,

491 2834 546 2878 et
596 2827 743 2894 regni
786 2825 1326 2905 administrationem
1379 2828 1700 2896 auspicatus
1753 2837 1858 2892 est,
1917 2842 2062 2882 anno

489 2918 593 2972 926
622 2916 774 2987 (Chr.
821 2917 1005 2988 I520),
1037 2918 1125 2973 die
1159 2918 1369 2973 decima
1394 2918 1624 2991 septima
1650 2920 1855 2973 mensis
1885 2919 2058 2974 Sche-

491 3012 647 3066 habs.

563 3103 760 3159 Factus
799 3103 908 3171 jam
962 3107 1115 3176 plene
1155 3122 1332 3160 rerum
1392 3106 1648 3161 dominus
1694 3106 2051 3169 Soleimanes,

490 3194 692 3263 elapsis
726 3196 939 3261 aliquot
983 3195 1287 3258 mensibus,
1323 3209 1515 3249 omnes
1546 3209 1675 3247 suos
1701 3193 1903 3246 milites
1929 3206 2058 3246 cou-

490 3286 677 3339 venire
709 3285 898 3355 jussit,
935 3294 989 3340 et
1040 3301 1164 3341 cum
1210 3286 1290 3341 eis
1327 3301 1517 3340 versus
1572 3284 1766 3340 Albam
1814 3284 2054 3339 Grazcam
2096 3348 2099 3349 ν

490 3376 766 3446 profectus
787 3387 892 3440 est,
924 3393 1068 3432 anno
1099 3379 1204 3435 9‘27
1252 3378 1404 3449 (Chr.
1449 3378 1629 3447 I521).

558 3469 694 3523 Cum
728 3485 895 3537 prope
920 3471 1031 3539 jam
1063 3473 1279 3526 abesset
1326 3471 1394 3524 ah
1415 3471 1571 3535 Alba,
1606 3472 1837 3525 vezirem
1875 3486 2056 3535 suum,

488 3562 807 3614 Achmetem
835 3564 1073 3627 bassam,
1097 3578 1221 3615 cum
1246 3561 1525 3617 Romaniae
1544 3564 1715 3632 cepiis
1735 3565 1800 3616 ad
1820 3562 2058 3632 Burgur-

489 3653 647 3707 delen
695 3658 774 3708 ire
819 3656 1005 3723 jussit.
1062 3656 1110 3709 Is
1177 3655 1307 3709 illuc
1343 3656 1433 3708 ubi
1467 3659 1722 3718 venisset,
1774 3657 2060 3709 tormentis

494 3746 700 3800 bellicis
736 3746 933 3801 mcenia
967 3746 1205 3813 disjecit,
1254 3746 1479 3799 militem
1529 3746 1772 3810 immisit,
1815 3756 1868 3799 et
1911 3747 2065 3815 oppi-

493 3840 624 3892 dum
664 3838 829 3907 cepit.
855 3837 1007 3891 Multi
1036 3847 1215 3890 tamen
1254 3837 1306 3889 in
1336 3838 1455 3905 ejus
1488 3838 1889 3907 expugnatione
1923 3839 2063 3892 'l'ur-

492 3936 539 3987 ci
572 3932 723 3984 fuere
755 3931 1034 3994 trucidati,
1060 3945 1124 3984 ac
1155 3929 1397 3982 vicissim
1429 3930 1720 3983 Aelunetes
1762 3929 1920 3982 bassa
1954 3929 2066 3982 sul-

495 4035 622 4076 tano
681 4019 982 4076 Soleimani
1048 4036 1313 4075 caesorum
1370 4018 1813 4073 Christianorum
1863 4018 2061 4089 capita,

494 4132 617 4170 cum
644 4114 972 4181 quibusdam
1003 4113 1235 4181 captivis
1266 4120 1321 4167 et
1346 4112 1685 4181 vulneratis,
1720 4111 1888 4165 misit.

567 4206 879 4260 Secundum
938 4205 1026 4257 illa
1074 4205 1241 4258 Pirim
1297 4204 1516 4258 bassam
1546 4202 1852 4272 praecedere
1904 4203 2069 4271 jussit

499 4298 863 4358 Soleimanes,
909 4298 1000 4366 qui
1061 4296 1209 4350 Alba:
1242 4294 1444 4350 Graeca:
1493 4296 1659 4350 situm
1714 4310 1779 4348 ac.
1816 4294 2071 4348 munitio—

501 4405 643 4453 nem,
694 4388 1050 4442 circumfusis
1109 4387 1303 4455 copiis,
1362 4387 1737 4455 specularetur
1786 4403 1799 4438 :

504 4572 602 4623 bus
644 4569 911 4633 admovit,
951 4579 1129 4623 castra
1164 4568 1310 4620 vallo
1343 4567 1596 4631 munivit,
1635 4574 1905 4619 tormenta
1954 4566 2075 4635 jus-

504 4662 574 4716 sit
615 4661 876 4730 expediri,
918 4674 1108 4713 muros
1142 4673 1363 4713 eversos
1394 4658 1510 4711 solo
1541 4658 1797 4726 aequavit,
1842 4672 1909 4712 ac
1954 4666 2077 4710 tan-

507 4756 627 4807 dem
656 4752 845 4805 Albam
870 4751 1201 4819 expugnavit
1227 4750 1314 4803 die
1350 4749 1613 4803 vicesima
1645 4750 1837 4816 quinta
1870 4748 2075 4801 mensis

511 4846 854 4909 llemazanis,
913 4858 1055 4896 anno
1116 4842 1219 4896 927
1278 4841 1432 4911 (Chr.
1496 4841 1658 4910 1521)
1714 4856 1822 4911 qua
1870 4840 2078 4909 potitus

506 4936 1043 5005 Constantinopolim
1071 4936 1251 4988 rediit.

580 5035 738 5085 Auno
772 5030 1019 5099 sequenti
1067 5030 1319 5098 proximo
1348 5026 1451 5083 9‘28
1482 5027 1637 5097 (Chr.
1673 5026 1832 5093 I522)
1866 5025 1954 5080 die
1998 5025 2077 5078 vi-

500 5124 705 5180 cesima
756 5123 960 5177 mensis
992 5120 1249 5185 Rezcbis,
1288 5119 1488 5173 iterum
1525 5117 1867 5172 Soleimanes
1918 5131 2079 5184 expe-

507 5218 712 5270 ditione
756 5224 1031 5283 suscepta,
1075 5214 1265 5282 copias
1326 5210 1616 5265 universas
1668 5208 1721 5261 in
1765 5207 2077 5260 Anatoliam

507 5313 843 5374 transduxit,
875 5310 1066 5364 Rhodo
1104 5310 1306 5363 bellum
1333 5307 1606 5361 illaturus.
1639 5304 1758 5357 Jam
1797 5315 1924 5356 ante
1951 5316 2081 5355 vero

508 5402 850 5471 Mustapbam
900 5402 1116 5455 bassain
1158 5399 1362 5468 insigni
1424 5413 1548 5452 cum
1595 5398 1770 5451 classe
1826 5392 2079 5446 Rhodum

510 5495 766 5561 navigase
817 5494 1074 5561 iusserat.
1137 5494 1251 5560 Ipse
1314 5506 1436 5545 cum
1502 5489 1845 5560 pedestribus
1912 5485 2082 5553 ropiis

511 5587 823 5639 Auatoliam
859 5587 1161 5652 ingressus,
1188 5586 1237 5637 in
1278 5584 1530 5652 oppidum
1561 5581 1838 5651 quoddam
1873 5578 2080 5632 Mente-

516 5675 685 5732 sianm
738 5676 991 5742 ditionis,
1018 5675 1105 5731 cui
1162 5690 1359 5730 nomen
1384 5674 1667 5739 Mermerc,
1706 5672 1767 5727 δέ
1795 5671 2030 5726 contulit
2066 5689 2077 5726 :

2166 1822 2385 1885 uiculis.
2425 1822 2641 1879 suffossi
2680 1821 2833 1877 fuere
2882 1823 3059 1885 muri,
3095 1830 3493 1875 tormentorum
3526 1830 3728 1885 quoque

2164 1915 2211 1967 vi
2256 1929 2450 1983 magna
2476 1931 2540 1969 ex
2578 1924 2731 1984 parte
2762 1915 2949 1968 diruti.
3005 1885 3350 1980 Quap'ropter
3376 1910 3638 1962 exhausto
3663 1908 3727 1955 la-

2164 2006 2393 2061 boribus
2436 2020 2500 2061 ac
2528 2006 2795 2061 molestiis
2834 2005 3277 2060 Christianorum
3312 2001 3586 2071 praesidio,
3618 2012 3728 2051 cum

2165 2097 2353 2151 urbem
2390 2112 2501 2151 non
2536 2097 2708 2151 multo
2738 2108 2860 2166 post
2889 2096 2943 2149 in
2980 2096 3214 2148 hostium
3244 2101 3569 2162 potestatem
3613 2105 3727 2141 vcn-

2165 2187 2343 2242 luram
2395 2189 2599 2243 nemini
2649 2188 2876 2241 dubium
2916 2198 3109 2240 esset:
3163 2187 3414 2256 ipsorum
3470 2185 3726 2252 priuccps,

2163 2294 2327 2349 quem
2356 2279 2604 2348 Megalen
2638 2280 2870 2333 Mastora
2904 2280 3191 2336 vocabant,
3231 2278 3484 2329 inducias
3529 2281 3740 2341 pactus,

2167 2372 2358 2425 urbem
2435 2387 2494 2425 se
2574 2371 2886 2425 deditorum
2958 2369 3313 2437 signiﬁcavit,
3390 2366 3547 2419 modo
3609 2364 3727 2432 ipsis

2166 2463 2400 2516 abeundi
2447 2473 2691 2533 potestas
2725 2463 2899 2527 ﬁeret,
2937 2462 3103 2516 salvis
3137 2460 3491 2515 facultatibus
3526 2458 3651 2519 suis,
3677 2465 3724 2508 et

2165 2554 2607 2609 Christianorum
2662 2570 2860 2608 uxores
2894 2567 3079 2623 atque.
3111 2554 3266 2607 liberi
3316 2552 3447 2606 nulli
3497 2545 3723 2603 servituti

2164 2648 2634 2715 manciparentur.
2659 2647 2714 2700 In
2756 2661 2850 2699 eas
2887 2646 3235 2699 conditiones
3276 2644 3527 2698 sultanns
3562 2638 3720 2692 Solei-

2167 2754 2353 2792 manes
2390 2740 2598 2806 absque
2628 2753 2782 2790 mora
2817 2740 3119 2793 consensit.
3158 2737 3350 2805 Itaque
3378 2750 3499 2789 cum
3530 2729 3721 2785 obsessi

2165 2846 2391 2885 munera
2426 2832 2643 2885 sultano
2682 2830 2957 2896 quaedam,
2994 2830 3048 2883 in
3082 2830 3199 2897 ejus
3240 2836 3589 2896 conspectum
3633 2823 3719 2875 adv

2166 2924 2343 2984 missi,
2406 2923 2760 2985 obtulissent,
2820 2937 2945 2975 cum
3006 2922 3171 2974 rebus
3230 2934 3297 2971 ac
3368 2913 3720 2974 facultatibus,

2170 3030 2290 3067 cum
2323 3014 2509 3065 liberis
2534 3022 2585 3066 et
2619 3012 2885 3071 uxoribus
2923 3014 3039 3065 suis
3091 3026 3255 3064 naves
3282 3008 3535 3078 ingressi,
3573 3002 3719 3057 Τυτεί

2168 3106 2359 3159 Rhodo
2395 3116 2702 3171 cesserunt,
2756 3115 2825 3159 et
2864 3106 2914 3157 iu
2950 3104 3155 3162 Italiam
3190 3104 3533 3172 navigarunt.
3574 3101 3723 3161 Quot-

2164 3207 2297 3269 quot
2326 3208 2481 3252 erant
2516 3199 2568 3252 in
2619 3199 2750 3252 urbe
2794 3196 2990 3266 captivi
3020 3196 3207 3260 Turci,
3257 3194 3495 3249 libertati
3548 3187 3721 3261 pristi-

2166 3307 2247 3345 nae
2276 3293 2515 3346 restituti
2557 3292 2731 3347 fuere.
2762 3292 2929 3360 Capta
2955 3305 3083 3342 vero
3112 3290 3215 3342 fuit
3242 3287 3467 3342 Rhodus
3509 3285 3590 3338 die
3622 3292 3719 3333 ter-

2168 3386 2243 3437 tio
2294 3384 2499 3437 mensis
2550 3384 2797 3444 Seﬂ‘eris.
2855 3398 2997 3438 anno
3043 3381 3166 3436 999.
3206 3380 3383 3435 Simul
3420 3378 3573 3433 etiam
3607 3387 3719 3427 cum

2171 3476 2363 3530 lihodo
2415 3475 2576 3531 Turci
2628 3491 2809 3530 arcem
2858 3476 3140 3539 Staucoin,
3173 3483 3226 3528 et
3282 3472 3539 3534 Bedrum,
3574 3467 3715 3520 aliam

2171 3583 2350 3621 arcem
2398 3567 2449 3620 in
2490 3567 2738 3621 Anatolia
2772 3569 2952 3629 sitam.
2996 3572 3047 3622 in
3087 3575 3413 3637 potestatem
3463 3562 3711 3626 redegerr,

2173 3657 2512 3714 Soleimanes
2564 3658 2689 3714 inde
2747 3658 3275 3727 Constantinopolim
3336 3666 3579 3710 reverSIIs
3625 3655 3715 3699 est.

2244 3748 2512 3802 Caeterum
2545 3765 2651 3819 quo
2714 3759 2954 3819 tempore
2997 3750 3063 3803 ad
3094 3748 3453 3803 obsidendam
3484 3739 3713 3795 ‘ltbodum

2174 3838 2447 3907 proficisci
2508 3822 2807 3909 cogitabat,
2869 3838 3159 3893 Ferhatem
3209 3838 3428 3892 bassam
3485 3832 3716 3885 achrsus

2174 3930 2316 3983 Alim
2360 3929 2579 3998 begum,
2611 3928 2804 3984 Scacbi
2842 3930 3135 3985 Suareusis
3173 3929 3373 3993 lilium,
3404 3924 3495 3996 qui
3548 3931 3716 3991 peran-

2176 4022 2326 4091 tiquo
2360 4023 2627 4092 majorum
2661 4038 2885 4076 suorum
2914 4024 3036 4094 jure
3065 4021 3479 4112 Dulgadirensis
3507 4007 3716 4082 regionis

2177 4115 2285 4168 dux
2346 4124 2481 4176 erat,
2541 4128 2665 4167 cum
2720 4114 2894 4183 copiis
2925 4101 3212 4184 ablegavit.
3249 4114 3386 4167 Nam
3425 4110 3550 4164 falso
3587 4101 3717 4156 dela-

2178 4217 2265 4261 tus
2317 4207 2362 4260 is
2401 4206 2579 4260 fuerat
2625 4205 2786 4278 343
2834 4207 2975 4275 apud
3027 4208 3303 4260 sultanum
3359 4204 3713 4258 Soleimanein,

2178 4308 2231 4353 et
2265 4299 2557 4352 accedebat
2584 4299 2687 4351 alia
2737 4314 2928 4362 causa,
2961 4298 3107 4367 quod
3137 4297 3445 4353 Osmanidm
3472 4290 3713 4346 omnium"

1854 4385 2153 4473 statim-'1)
2182 4392 2349 4445 veteri
2401 4400 2590 4443 natum
2629 4389 2836 4443 familia
2873 4405 2976 4443 suo
3002 4390 3053 4442 in
3089 4390 3319 4457 imperio
3354 4388 3570 4441 tolerare
3610 4389 3715 4473 νοεῖ

498 4496 603 4549 que
647 4479 813 4532 Pirim
858 4488 1101 4543 secutus,
1152 4478 1469 4532 universum
1521 4476 1823 4530 exercitum
1881 4476 2109 4529 mcenir

2181 4493 2332 4538 sunt.
2372 4481 2470 4537 Ubi
2507 4484 2617 4551 jam
2657 4498 2825 4552 prope
2864 4481 3120 4536 Ferbates
3152 4482 3339 4534 aberat
3373 4481 3438 4532 ab
3470 4475 3573 4529 Alis
3614 4464 3713 4531 bcgi

2180 4576 2407 4638 ditione,
2462 4575 2725 4629 insidioso
2782 4584 2903 4628 astu
2950 4574 3230 4628 hominem
3287 4573 3353 4626 ad
3399 4586 3453 4624 se
3500 4559 3712 4635 pcllt'lil-

2181 4664 2391 4735 Quippe
2429 4666 2678 4719 morbum
2719 4666 3006 4729 simulans,
3052 4665 3349 4735 signiﬁcari
3382 4650 3709 4735 begojussil,

2181 4734 2337 4810 velle
2365 4770 2423 4810 se
2462 4762 2849 4809 testamentum
2900 4755 3157 4817 condere,
3214 4764 3375 4824 atque
3412 4749 3577 4818 'ipsius
3606 4734 3711 4792 ﬁdei

2181 4849 2480 4903 exercitum
2534 4848 2898 4907 committere.
2936 4848 3053 4913 Qua
3093 4849 3365 4901 voluntate
3392 4840 3618 4898 Ferbans
3645 4833 3714 4882 iu-

2184 4940 2420 5002 tellccta,
2477 4953 2601 4991 mox
2634 4938 2749 4992 Alis
2787 4939 2977 5009 begus,
3029 4939 3160 4991 nihil
3197 4939 3263 4992 ab
3292 4931 3583 4991 Osmanicis
3634 4934 3709 4989 per

2186 5032 2343 5085 riculi
2394 5032 2626 5095 veritus,
2669 5030 2867 5097 quibus
2925 5030 3050 5082 inde
3096 5043 3265 5096 usque
3312 5044 3339 5080 a
3372 5026 3533 5095 prima
3577 5020 3710 5067 mla“:

2184 5124 2323 5177 fidus
2356 5124 2470 5192 ipse
2496 5120 2693 5184 fuerat,
2730 5135 2853 5173 cum
2884 5130 3116 5188 utroque
3164 5118 3275 5172 lilio
3310 5119 3510 5171 bassam
3555 5100 3699 5192 adiit:

2184 5215 2274 5282 qui
2311 5224 2364 5267 et
2410 5220 2641 5281 patrem,
2672 5220 2724 5264 et
2761 5212 2926 5272 ﬁlios.
2971 5211 3289 5265 innocentes
3343 5201 3507 5261 occidi
3548 5189 3704 5282 lu‘sil’

2185 5281 2298 5359 Iloc
2356 5305 2596 5357 facinore
2646 5312 2883 5373 patrato,
2917 5301 3180 5357 Ferhates
3217 5302 3282 5355 ad
3318 5300 3570 5355 sultanum
3618 5281 3704 5335 So-

2185 5396 2499 5458 leimauem,
2552 5394 2805 5447 Rhodum
2847 5394 3214 5453 obsidentem.
3269 5389 3454 5447 Iibodo
3506 5376 3702 5435 necllum

2186 5501 2365 5555 capta,
2398 5504 2650 5541 reversus
2675 5496 2778 5541 est.

2257 5582 2390 5635 Cum
2431 5592 2610 5636 autem
2647 5580 2891 5635 conlecto
2929 5580 3066 5633 bello
3098 5578 3330 5645 Rhodio,
3365 5562 3706 5649 Constantino-

2188 5674 2295 5743 poli
2363 5672 2699 5731 Soleimanes
2758 5672 2978 5742 quietus
3034 5672 3290 5739 degeret,
3360 5653 3585 5722 Genizari
3634 5648 3704 5701 άῐε
