4026 6204
388 289 495 353 637

1655 295 2003 355 ANNALES
2033 297 2376 359 TURCICI.

3515 303 3622 364 ως

389 415 650 467 vicesimo
693 414 850 466 tertio
887 414 1093 468 mensis
1145 413 1375 468 llezebis
1410 414 1732 469 seditionem
1770 430 1955 467 move-
1983 415 2027 468 A
2057 429 2180 482 pars
2222 422 2520 469 corrueret.
2574 413 2644 466 Ea
2693 429 2749 468 re
2786 415 3046 482 perfecta,
3096 416 3277 470 subit-0
3322 431 3444 471 cum
3500 399 3628 472 nive

389 514 538 568 runt,
577 513 630 557 et
681 503 895 570 Aigasis
951 504 1142 567 bassm,
1198 504 1547 571 supremique
1604 504 1955 562 thesaurarii.

386 595 769 651 Abtluselamis
800 595 946 648 anles
974 607 1316 662 expugnatas
1350 595 1714 663 diripuerunt.
1750 596 1957 649 Postri-

389 691 514 754 die,
565 690 656 755 qui
698 687 948 740 Mercurii
993 685 1111 740 dies
1155 695 1312 746 erat,
1369 696 1528 738 noctu
1578 686 1862 739 lbrabimis
1895 701 1958 738 ac

389 781 687 848 Mustapbm
747 781 1026 832 bassarum
1080 778 1271 830 domos
1330 777 1516 829 itidem
1588 777 1828 830 adhibita
1905 777 1954 829 vi

390 886 670 941 aperuere:
725 870 818 924 sed
878 885 940 924 ea
997 884 1119 921 cum
1179 869 1584 931 moderatione,
1643 869 1842 921 nullam
1900 877 1958 922 ut

390 965 513 1016 inde
553 961 790 1031 praedam
820 959 1116 1014 auferrent.
1139 958 1447 1026 Composito
1481 959 1712 1026 denique
1744 958 1960 1026 geniza-

389 1068 572 1107 rorum
603 1051 836 1104 tumultu
863 1087 878 1110 ,
910 1050 1248 1103 Soleimanes
1279 1051 1330 1102 in
1367 1047 1659 1117 Ungariam
1691 1048 1957 1116 proficisci

391 1143 616 1198 statuit:
655 1152 708 1194 et
735 1140 974 1194 collectis
1007 1140 1359 1208 quiquaginta
1387 1141 1466 1194 vel
1513 1141 1787 1210 sexaginta
1837 1141 1958 1193 mil-

393 1235 539 1289 libus
597 1243 971 1294 artnatorum,
1037 1231 1295 1299 pontibus
1359 1231 1600 1294 Savum,
1678 1231 1952 1290 Dravum.

396 1327 788 1392 Dannhinnque
843 1323 1064 1375 flumina
1113 1322 1332 1389 junxit:
1368 1332 1421 1376 et
1450 1323 1772 1376 Varadinum
1810 1321 1957 1374 Perri

389 1433 512 1471 cum
545 1417 666 1470 aliis
699 1417 834 1469 locis
880 1413 1108 1468 munitis
1157 1414 1482 1482 occupavit,
1533 1413 1735 1467 Budam
1786 1414 1955 1481 ipsam

388 1523 511 1564 cum
545 1507 788 1560 exercitu
824 1506 1109 1572 petiturus.
1149 1505 1220 1559 Ea
1254 1504 1579 1559 Soleimanis
1611 1505 1952 1573 expeditione

389 1599 630 1666 cognita,
662 1613 721 1651 se
748 1613 963 1666 quoque
992 1613 1084 1650 rex
1121 1596 1372 1664 Ungarus
1403 1597 1468 1650 ad
1498 1597 1694 1651 bellum
1727 1598 1955 1664 paravit;

389 1697 444 1740 et
481 1702 604 1740 cum
654 1685 825 1739 milite
865 1700 984 1750 suo,
1027 1685 1119 1753 qui
1162 1685 1308 1739 ferro
1348 1695 1492 1740 totus
1532 1696 1776 1739 armatus
1805 1696 1952 1752 erat,

392 1776 609 1830 obvium
646 1790 705 1828 se
749 1775 965 1830 sultano
1013 1775 1310 1829 Soleimaui
1359 1775 1524 1830 dedit.
1575 1775 1669 1829 Die
1718 1777 1954 1844 quodam
1991 1753 2029 1805 Β

393 1866 686 1927 Mercurii,
737 1867 884 1920 circa
951 1875 1166 1934 tempus
1224 1866 1430 1931 lkindi,
1493 1867 1755 1936 urrinque
1805 1875 1956 1921 tanto

388 1968 789 2014 concurrerunt
813 1959 1088 2014 exercitus
1120 1960 1344 2027 impetu,
1389 1961 1554 2013 multa
1587 1970 1640 2014 ut
1672 1961 1953 2013 hominum

392 2053 558 2106 millia
609 2052 676 2106 ab
726 2062 953 2120 utraque
1007 2060 1159 2120 parte
1203 2067 1341 2106 czcsa
1391 2052 1683 2118 caderent,
1738 2053 1956 2122 plurimi
2003 2105 2007 2113 ,

392 2145 827 2209 vulnerarentur.
858 2141 960 2196 Diu
993 2150 1290 2211 pugnatum
1321 2157 1444 2195 cum
1476 2142 1701 2204 fuisset,
1740 2141 1952 2194 tandem

391 2249 572 2290 tamen
606 2235 781 2288 victus
815 2250 911 2288 rex
954 2232 1228 2302 Ungarus,
1261 2233 1424 2287 etiam
1454 2233 1566 2301 ipse
1597 2232 1777 2301 periit.
1809 2231 1959 2284 Actis

387 2338 573 2380 autem
607 2327 661 2379 in
693 2325 873 2394 fugam
909 2323 1141 2394 Ungaris
1164 2362 1180 2387 ,
1229 2323 1390 2377 Turci
1423 2325 1630 2377 hostem
1665 2324 1958 2391 persecuti,

388 2419 561 2470 multa
616 2417 859 2485 ipsorum
908 2417 1073 2468 millia
1123 2416 1265 2470 inter
1318 2414 1629 2483 fugiendum
1679 2415 1958 2468 contruci-

387 2511 607 2562 darunt.
662 2507 998 2560 Soleimanes
1051 2521 1106 2560 re
1151 2508 1284 2560 bene
1337 2513 1524 2574 gesta,
1575 2505 1778 2558 Budam
1830 2519 1958 2559 suos

388 2598 580 2663 duxit,
621 2603 674 2651 et
707 2596 840 2651 urbe
878 2596 1288 2687 sine‘sanguine
1325 2595 1529 2664 potitus
1567 2604 1682 2661 est,
1717 2595 1959 2660 cujusvis

391 2705 559 2742 sexus
581 2699 632 2740 et
659 2689 834 2742 anatis
884 2687 1195 2741 hominibus
1228 2687 1283 2740 in
1326 2688 1640 2740 servitutem
1677 2687 1911 2740 redactis
1934 2728 1950 2752 ,

390 2795 536 2840 anno
575 2778 682 2834 932
728 2779 859 2834 Chr.
910 2777 1116 2845 (l526).
1168 2777 1298 2832 Post
1347 2789 1665 2846 ot'cupatam
1713 2775 1956 2840 Budam,

392 2886 645 2928 reversus
673 2878 757 2925 est
787 2867 1251 2939 lladrianOpolim,
1286 2878 1340 2924 et
1369 2871 1434 2923 ad
1470 2877 1686 2939 tempus
1737 2869 1958 2938 aliquod

391 2977 451 3017 se
477 2961 645 3030 quieti
675 2960 847 3015 dedit.

463 3049 592 3104 Erat
644 3059 771 3103 tunc
831 3048 1049 3116 quidam
1104 3049 1156 3104 in
1207 3049 1478 3112 Anatolia,
1543 3050 1637 3119 qui
1694 3049 1960 3104 Calender

389 3142 605 3210 Zelebis
654 3141 1062 3211 appellabatur,
1110 3156 1178 3194 ex
1209 3140 1413 3195 familia
1444 3140 1642 3196 Chazis
1691 3139 1956 3196 Bectasis.

389 3234 589 3288 Colunt
617 3243 795 3287 autem
830 3231 992 3286 Turci
1022 3232 1243 3290 Chazim
1285 3232 1590 3296 Bectasem,
1637 3249 1734 3287 ceu
1763 3233 1949 3308 divum

389 3326 707 3394 quemdam,
725 3334 890 3395 atque
915 3325 1076 3380 etiam
1112 3327 1386 3381 invocant.
1414 3324 1510 3379 llic
1542 3340 1670 3394 ergo
1691 3323 1957 3378 Calender

388 3417 603 3485 Zelebis
659 3419 928 3473 seditione
989 3427 1166 3481 mota,
1224 3432 1345 3470 cum
1409 3432 1514 3469 non
1573 3432 1769 3486 magno
1825 3413 1955 3470 Der-

395 3511 658 3564 visiorum
695 3525 946 3575 numero,
981 3508 1274 3578 Sangiacos
1307 3508 1516 3576 aliquot
1549 3507 1719 3568 fudit,
1754 3517 1806 3561 ct
1836 3507 1956 3560 uni-

390 3619 603 3659 versam
639 3600 949 3656 Anatoliam
979 3601 1044 3655 ad
1086 3617 1234 3654 arma
1264 3601 1578 3655 concitavit.
1612 3598 1951 3654 Solcimanes

388 3704 614 3763 Accepto
647 3704 826 3748 motus
853 3694 1080 3761 hujusce
1113 3693 1327 3752 nuntio,
1355 3691 1680 3745 lbrahimem
1715 3693 1953 3754 bassam,

389 3785 585 3854 insigni
629 3801 753 3840 cum
797 3785 1062 3849 exercitu,
1110 3783 1278 3844 misit,
1334 3781 1412 3834 uti
1459 3781 1804 3836 Calenderem
1851 3780 1954 3834 Ze-

387 3875 551 3940 lebim
613 3877 756 3930 bello
808 3889 1143 3944 aggressus,
1216 3873 1271 3926 in
1356 3875 1600 3927 ordinem
1653 3872 1945 3940 redigeret.

387 3968 688 4030 lbrabimes
723 3966 1076 4020 Calenderem
1106 3980 1226 4019 cum
1258 3963 1429 4033 copiis
1459 3971 1764 4025 assecutus,
1817 3979 1950 4032 pra:-

385 4060 519 4122 lium
554 4059 701 4130 iniit;
720 4073 828 4127 quo
850 4057 1164 4111 dimicatum
1186 4057 1253 4110 ab
1279 4065 1507 4124 utraque
1535 4064 1687 4124 parte
1713 4054 1947 4118 fortiter,

382 4167 450 4207 eo
504 4161 682 4205 tamen
743 4159 987 4214 eventu,
1034 4148 1301 4214 Calender
1355 4158 1415 4202 ut
1492 4147 1609 4217 ipse
1665 4163 1781 4203 sua—
1827 4162 1951 4201 cum

385 4244 627 4297 factione
659 4243 834 4296 victus
861 4242 1230 4297 occumberet.

453 4333 782 4402 Compositis
828 4332 1093 4387 Anatoliaa
1143 4329 1354 4393 turbis,
1407 4330 1474 4385 ad
1528 4329 1688 4384 aliam
1745 4344 1804 4382 se
1856 4327 1956 4382 So-

2061 503 2232 568 frigus
2265 503 2400 556 adeo
2431 503 2720 558 vehemens
2744 503 2950 565 incidit,
2981 515 3036 556 ut
3063 505 3116 557 ei
3139 505 3420 558 tolerarqu
3450 521 3629 573 neque

2062 595 2284 657 milites,
2321 611 2494 663 neque
2523 595 2766 661 jumenta
2793 595 3120 649 suiiicerent.
3147 593 3377 664 Ideoque
3404 597 3634 649 destitu-

2063 693 2149 738 tus
2193 687 2338 737 omni
2381 699 2475 753 spe
2505 683 2710 738 Vienna
2737 685 3000 748 potiundi.
3030 685 3372 738 obsidionem
3424 686 3635 739 solvere

2060 787 2281 831 coactus
2325 777 2425 830 fuit
2452 793 2485 834 :_
2511 776 3105 844 etConslantinopnlim
3150 792 3402 831 reversus
3434 777 3500 830 ad
3533 780 3634 831 ali-

2060 865 2204 933 quod
2237 875 2449 932 tempus
2485 881 2513 916 a
2549 864 2702 917 bellis
2729 863 3008 916 abstinuit.
3041 863 3203 918 Gesta
3240 881 3370 919 vero
3410 866 3630 920 fuerunt

2061 956 2174 1010 haec
2209 971 2349 1007 anno
2397 955 2500 1008 955
2533 956 2686 1024 (Chr.
2725 954 2904 1022 1529).

2133 1049 2266 1100 Dum
2311 1047 2785 1115 Constantinopoli
2837 1047 3057 1115 quietus
3121 1047 3329 1111 haeret,
3387 1044 3631 1102 invitatis

2063 1157 2256 1209 magna
2283 1141 2626 1194 solemnitate
2650 1139 2824 1194 bassis
2853 1138 3108 1192 omnibus
3133 1148 3185 1192 et
3209 1140 3548 1208 proceribus,
3578 1149 3634 1192 et

2061 1245 2369 1286 exterorum
2424 1231 2731 1300 principum
2803 1231 3031 1298 legatis,
3107 1231 3362 1298 omnique
3429 1246 3626 1298 genere

2061 1324 2493 1392 Spectaculorum
2527 1322 2579 1376 in
2604 1320 2929 1376 Atmindane
2967 1320 3428 1389 Constantinopoli
3474 1321 3633 1375 exhi-

2063 1419 2194 1482 bito,
2257 1417 2393 1469 filios
2420 1432 2584 1479 suos,
2633 1414 2908 1468 sultanum
2973 1413 3297 1481 Mustapha,
3344 1413 3625 1466 sultanum

2061 1507 2449 1560 Muchemctem
2479 1547 2492 1569 ,
2537 1517 2588 1560 et
2637 1507 2911 1559 sultanum
2973 1503 3230 1557 Solimem
3304 1501 3628 1557 circumcidi

2062 1597 2315 1660 curavit,
2349 1611 2492 1648 anno
2526 1597 2630 1651 938
2663 1595 2814 1663 (Chr.
2849 1593 3032 1662 1539.).

2132 1686 2330 1740 Eodem
2384 1702 2527 1739 anno
2586 1686 2788 1740 mensis
2843 1684 3165 1740 Remasanis
3221 1685 3312 1738 die
3367 1684 3626 1738 vicesimo

2060 1785 2275 1841 octavo,
2301 1777 2768 1845 Constantinopoli
2799 1777 3086 1841 discessit,
3138 1776 3378 1843 llispano
3424 1773 3625 1827 bellum

2060 1869 2332 1922 illaturus.
2388 1866 2631 1934 Cumque
2707 1866 3046 1935 pervenisset
3125 1867 3178 1918 in
3245 1864 3628 1926 Alamaniam,

2059 1959 2288 2013 duorum
2323 1957 2586 2011 mensium
2621 1958 2795 2025 spatio
2837 1957 3022 2026 copias
3060 1955 3187 2010 hinc
3234 1951 3352 2008 itide
3388 1955 3630 2008 circum-

2059 2054 2246 2117 duxit,
2281 2051 2421 2105 ferro
2449 2060 2502 2104 et
2537 2051 2644 2120 igni
2672 2058 2864 2103 cuncta
2895 2061 3112 2104 vastans
3142 2058 3302 2114 atque
3334 2045 3616 2115 diripiens.

2059 2146 2256 2200 Nullus
2301 2161 2332 2198 a
2375 2143 2697 2198 Christianis
2743 2141 3024 2210 oppositus
3066 2141 3116 2194 ei
3165 2139 3262 2193 fuit
3312 2139 3624 2200 exercitus,

2060 2253 2330 2308 nusquam
2365 2251 2552 2291 eorum
2585 2243 2889 2304 conspecta:
2920 2233 3089 2296 acies,
3129 2233 3196 2286 ab
3228 2241 3460 2298 utroque
3487 2229 3629 2282 dun-

2016 2323 2026 2330 ’
2062 2338 2208 2383 taxat
2235 2329 2401 2382 latere
2431 2325 2760 2380 Soleimanis
2789 2325 3004 2394 agmina
3036 2323 3363 2390 carpebant,
3395 2335 3457 2373 ac
3488 2318 3630 2371 ntul-

2061 2428 2145 2474 tos
2204 2420 2536 2486 interceptos
2589 2417 2672 2469 vel
2726 2415 3088 2476 occidebant,
3154 2413 3233 2467 vel
3285 2411 3631 2465 abducebant

2059 2505 2320 2573 captivos.
2351 2504 2494 2558 illisit
2522 2513 2701 2558 autem
2728 2505 2974 2558 sultanus
3005 2501 3364 2562 Soleimanes,
3397 2499 3625 2552 ductore

2058 2597 2265 2651 Casane
2303 2597 2558 2659 Vaivoda,
2583 2598 2673 2664 qui
2713 2595 2992 2650 Michaelis
3044 2594 3164 2662 bcgi
3200 2593 3342 2645 filius
3375 2600 3523 2652 erat,
3571 2600 3631 2643 et

2065 2687 2322 2752 Vairoda,
2349 2688 2633 2741 duodecim
2667 2688 2829 2740 millia
2866 2687 3119 2747 militum,
3151 2685 3418 2754 adjunctis
3447 2684 3622 2736 eidem

2060 2778 2352 2840 Acanziis,
2407 2779 2500 2848 qui
2555 2778 2803 2847 regiones
2854 2777 2974 2830 illas
3004 2773 3516 2830 ulteriusincendiis
3573 2781 3628 2826 et

2060 2871 2263 2939 rapinis
2322 2868 2819 2938 depopularentur,
2884 2881 3043 2937 atque
3102 2868 3303 2922 incolas
3373 2865 3624 2921 servituti

2063 2965 2406 3032 mancipatus
2427 2963 2722 3032 abigerent.
2747 2959 2900 3026 Quod
2926 2975 3048 3014 cum
3069 2960 3144 3013 illi
3168 2961 3428 3022 facerent,
3446 2959 3626 3027 opima

2065 3055 2217 3123 potiti
2254 3055 2404 3108 fuere
2436 3052 2636 3122 praeda.
2683 3052 2880 3106 Verum
2911 3052 2966 3104 in
2998 3051 3174 3105 reditu
3223 3049 3360 3104 forte
3406 3048 3625 3102 fortuna

2047 3151 2114 3205 in
2147 3148 2581 3206 Christianorum
2612 3147 2849 3203 incidere
2874 3146 3086 3215 capias,
3117 3159 3238 3197 cum
3269 3144 3466 3213 quibus
3498 3141 3626 3198 licet

2063 3241 2327 3296 acerrime
2353 3239 2675 3293 dimicarent
2703 3278 2718 3302 ,
2741 3253 2801 3290 ac
2835 3235 3046 3289 fortiter
3077 3235 3218 3288 hosti
3261 3234 3579 3287 resisterent
3605 3275 3623 3298 ,

2063 3333 2272 3385 tandem
2295 3329 2554 3384 tazncnfad
2576 3332 2702 3381 inter
2719 3329 3018 3390 necionem,
3042 3325 3208 3396 344
3224 3324 3413 3392 majori
3434 3325 3625 3377 saltem

2059 3439 2122 3477 es
2155 3431 2326 3492 parte,
2363 3437 2482 3475 cum
2516 3421 2635 3488 ipso
2661 3419 2869 3470 (insane
2935 3415 3192 3481 Vaivoda,
3220 3419 3342 3468 caesi
3371 3415 3629 3484 captique

2061 3516 2300 3569 fueru‘nt.
2332 3514 2394 3568 Et
2430 3517 2646 3584 quando
2672 3515 2780 3583 jam
2815 3516 2990 3568 hiems
3051 3511 3375 3581 appetebat,
3420 3516 3630 3560 mutato

2062 3608 2403 3663 Soleimancs
2439 3608 2667 3672 itinere,
2723 3605 3251 3674 Constantinopolim
3301 3601 3484 3657 rediit:
3531 3600 3624 3654 ubi

2057 3717 2180 3756 cum
2214 3701 2277 3753 ad
2312 3710 2522 3768 tempus
2557 3699 2773 3766 aliquod
2811 3700 3135 3766 quiesceret,
3171 3696 3390 3748 sultano
3418 3693 3624 3747 Musta-

2058 3791 2175 3859 plne
2202 3773 2308 3842 lilio
2333 3788 2626 3842 Mauissam
2671 3788 2940 3852 attribuit,
2966 3802 3108 3840 anno
3132 3785 3236 3840 958
3261 3784 3409 3854 (Chr.
3441 3781 3622 3850 l532).

2128 3880 2338 3934 Interea
2369 3896 2496 3934 vero
2541 3881 2670 3932 dum
2709 3879 3130 3947 abcratperegre
3162 3877 3408 3930 sultauus
3437 3875 3612 3927 Solei-

2059 3988 2268 4038 manes,
2297 3974 2348 4025 in
2379 3973 2658 4027 Alamania
2715 3972 2912 4025 bellum
2951 3985 3163 4039 gerens,
3197 3982 3486 4036 supremus
3529 3965 3622 4019 Ili-

2057 4063 2210 4130 spani
2234 4063 2426 4117 classis
2454 4060 2756 4129 praefectus,
2785 4060 3029 4112 Andreas
3054 4058 3236 4117 Doria,
3261 4072 3382 4110 cum
3415 4053 3622 4123 Megan

2058 4151 2328 4216 Mastore,
2375 4152 2466 4220 qui
2500 4150 2874 4219 superioribus
2909 4149 3069 4203 annis
3113 4147 3305 4201 Rhodo
3338 4157 3576 4200 cesserat
3607 4186 3623 4207 ,

2058 4237 2356 4312 corrogatis
2380 4251 2700 4297 racterorum
2731 4257 2946 4310 quoque
2976 4240 3280 4310 principum
3314 4239 3622 4290 Italicorum

2063 4331 2303 4398 auxiliis,
2336 4347 2586 4402 magnam
2621 4332 2758 4386 mari
2788 4333 3021 4386 classem
3059 4329 3280 4392 eduxit,
3312 4345 3416 4397 qua
3453 4341 3623 4380 naves

378 4427 646 4483 lcimanes
694 4427 1092 4496 expeditionem
1136 4425 1376 4494 paravit,
1435 4423 1721 4493 Ungariam
1762 4438 1951 4478 rursus
1983 4445 2028 4497 υ
2057 4424 2451 4494 quinquaginta
2503 4423 2759 4491 majores.
2819 4431 2873 4475 et
2925 4420 3315 4490 quinquaginta
3372 4419 3625 4471 triremes

381 4519 697 4572 invasurus:
734 4519 961 4586 ideoque
991 4517 1255 4580 militem,
1295 4515 1584 4585 publicatis
1620 4515 1844 4580 edictis,
1877 4515 1944 4568 ad

378 4608 571 4664 Albam
620 4605 864 4661 Graecam
908 4607 1201 4660 convenire
1239 4605 1433 4675 jussit,
1483 4621 1591 4668 quo
1636 4604 1854 4673 quidem
1898 4615 1953 4658 ct

380 4697 498 4766 ipse
528 4713 588 4753 se
625 4698 872 4752 contulit.
914 4697 1118 4751 Budam
1162 4697 1284 4750 inde
1320 4704 1690 4764 perrecturus.
1754 4694 1865 4752 lloc
1897 4694 1949 4748 in

381 4790 577 4845 itinere
602 4791 730 4844 dum
768 4800 931 4854 esset,
964 4789 1160 4843 Erdelii
1194 4789 1376 4843 ilanus
1405 4788 1468 4842 ad
1501 4804 1621 4842 eum
1652 4787 1818 4851 venit,
1852 4786 1952 4843 de-

382 4882 613 4950 latisque
637 4883 751 4937 suis
794 4883 1064 4951 obsequiis
1085 4924 1098 4946 ,
1133 4881 1456 4939 Soleimanis
1485 4881 1712 4948 imperio
1739 4895 1798 4935 se
1826 4880 1954 4934 sub-

384 4975 551 5038 misit,
585 4990 708 5029 cum
743 4985 797 5029 et
829 4991 1055 5029 munera
1088 4991 1269 5030 secum
1303 4974 1468 5029 ferret
1499 4975 1860 5044 amplissima,
1901 4985 1953 5028 et

383 5084 599 5122 manum
631 5069 752 5137 ejus
782 5069 1217 5124 exoscularetur.
1269 5067 1399 5134 Quae
1431 5068 1650 5137 quidem
1698 5082 1786 5120 res
1815 5065 1953 5119 adeo

381 5169 532 5228 grata
587 5160 882 5214 Soleimani
937 5160 1169 5222 accidit,
1229 5169 1287 5213 ut
1337 5174 1458 5212 eum
1522 5174 1642 5212 mox
1707 5156 1954 5226 Ungaria:

383 5266 564 5318 regem
617 5262 846 5306 crearet.
901 5251 1214 5305 Secundum
1268 5251 1360 5305 illa
1410 5251 1612 5303 Budam
1669 5250 1952 5319 profectus

380 5355 499 5408 est,
551 5360 659 5411 qua
709 5354 1010 5412 occupata,
1058 5342 1320 5396 Viennam
1373 5343 1670 5396 contendit.
1724 5340 1949 5392 Eocuni

382 5437 740 5506 pervenisset,
773 5438 1028 5492 Germani
1056 5477 1070 5499 ,
1118 5436 1210 5505 qui
1274 5451 1333 5489 se
1393 5436 1532 5488 intra
1564 5436 1764 5487 mania
1797 5442 1948 5486 tene-

381 5531 530 5606 bant,
557 5529 746 5582 urbem
788 5532 1205 5583 communiere:
1254 5544 1413 5596 quam
1455 5526 1715 5580 Sullanus
1788 5525 1952 5579 Solei-

381 5626 571 5676 manes
601 5621 886 5676 tormentis
914 5621 1121 5675 bellicis
1147 5621 1210 5674 ad
1242 5620 1426 5690 viginti
1453 5619 1569 5672 dies
1599 5617 1948 5687 oppugnavit,

383 5713 519 5784 actis
555 5713 716 5771 etiam
747 5713 932 5772 subter
955 5728 1145 5770 muros
1186 5708 1450 5770 cuniculis
1473 5749 1488 5778 ,
1535 5709 1705 5765 donec
1745 5723 1932 5764 eorum

2055 4515 2494 4569 continebantur.
2527 4510 2593 4566 Et
2623 4522 2777 4566 erant
2809 4513 2861 4565 in
2895 4512 2981 4565 his
3007 4513 3239 4564 militum
3265 4509 3330 4562 ad
3355 4508 3624 4576 quinqua-

2054 4607 2199 4676 ginta
2229 4606 2418 4658 millia.
2451 4603 2572 4671 Quo
2601 4619 2723 4658 cum
2775 4605 3014 4659 exercitu
3061 4602 3296 4655 Moream
3346 4599 3626 4668 inopinato

2057 4698 2232 4751 adorti
2265 4698 2441 4767 primo
2484 4697 2755 4752 Coronam
2799 4695 2986 4749 urbem
3037 4708 3164 4748 cum
3216 4707 3362 4755 arce,
3424 4690 3624 4742 deinde

2057 4788 2292 4842 insulam
2328 4790 2479 4852 Balu,
2509 4800 2560 4843 et
2588 4788 2818 4842 Badram
2854 4786 3111 4856 oppidum
3136 4827 3152 4853 ,
3193 4802 3314 4839 cum
3348 4782 3465 4837 aliis
3497 4782 3620 4852 qui-

2059 4880 2287 4932 busdam
2319 4878 2554 4932 castellis
2582 4886 2889 4946 ceperunt:
2924 4885 2978 4931 et.
3034 4877 3294 4930 immissis
3347 4876 3398 4926 in
3449 4875 3622 4941 ipsam

2057 4967 2330 5036 regionem
2363 4969 2704 5038 pedestribus
2735 4968 3192 5036 equestribusque
3241 4964 3414 5034 copiis
3438 5003 3453 5027 ,
3491 4963 3614 5014 uni-

2058 5076 2270 5114 versam
2301 5060 2607 5130 depopulati
2639 5069 2787 5123 sunt,
2839 5059 3038 5129 ingenti
3093 5059 3344 5119 marium,
3398 5053 3626 5106 femina-

2064 5169 2204 5215 rum,
2237 5168 2638 5222 puerorumque
2670 5151 3014 5205 multitudine
3040 5163 3222 5204 secum
3251 5147 3304 5199 in
3336 5144 3622 5212 captivita-

2061 5257 2168 5300 tctn
2199 5250 2453 5301 abducta.

2131 5339 2514 5406 Superioribus
2550 5335 2708 5389 annis
2745 5333 2962 5402 quidam
3008 5341 3166 5384 natus
3210 5329 3261 5382 in
3295 5328 3470 5381 insula
3521 5326 3619 5378 lli-

2059 5432 2254 5500 tylcnc,
2310 5431 2394 5482 cui
2457 5443 2648 5482 nomen
2681 5424 3056 5484 Chairadines,
3101 5423 3380 5492 insigniter
3419 5420 3624 5472 navalis

2057 5521 2261 5573 militia:
2316 5519 2518 5587 peritus
2584 5523 2879 5571 evaserat:
2917 5530 2979 5568 ac
3031 5514 3310 5583 piraticam
3357 5526 3623 5563 exercens

2059 5610 2331 5664 multoties
2385 5607 2517 5660 tnari
2567 5622 2689 5660 cum
2742 5605 3065 5660 Christianis
3120 5602 3454 5658 conflixerat.
3519 5598 3618 5654 Ubi

2055 5703 2166 5773 jam
2189 5714 2303 5755 rem
2325 5697 2566 5762 fecisset,
2596 5711 2757 5754 naves
2781 5697 2984 5770 aliquot
3016 5695 3306 5760 instruxit;
3337 5692 3616 5748 adiuncto-
