4026 6204
501 259 610 322 639

1765 254 2119 314 ANNALES
2153 252 2485 312 TURCICI.

3617 244 3714 306 illi

505 390 614 438 qut-
656 373 754 424 sibi
805 371 1051 423 sodalitio
1085 369 1442 438 quorumdam
1495 369 1837 437 egregiorum
1887 369 2058 422 homi-
2094 375 2135 430 Α
2168 369 2356 438 begus,
2402 365 2597 418 bellum
2633 362 2804 415 intulit
2844 376 3056 426 :eoque
3089 360 3426 425 interempto,
3476 356 3706 411 ditionem

503 480 656 526 Irltttt,
692 471 744 515 et
776 462 1008 514 neminis
1033 461 1371 514 addictorum
1415 461 1640 527 imperio
1668 500 1682 524 ,
1716 475 1837 513 cum
1878 460 2070 513 iisdem

507 556 561 608 in
591 555 903 608 Barbariam
938 551 1230 620 profectus,
1264 551 1449 605 urbem
1475 551 1747 604 Ccsairem
1771 551 2072 618 orenpavit,

505 663 566 699 ac
597 647 698 699 sibi
739 645 982 697 retinuit.

579 737 694 800 Qua
724 737 940 802 quidem
976 749 1031 787 re
1061 732 1290 786 feliciter
1319 731 1564 786 confecta
1590 774 1602 795 ,
1638 748 1730 798 per
1765 732 2072 784 universam

508 828 710 880 Italiam
745 841 936 877 nomen
970 825 1139 892 ipsius
1173 825 1428 877 inclaruit
1453 840 1468 879 :
1496 823 1835 892 iuditnmque
1879 823 1978 876 fuit
2025 824 2073 876 ei

505 932 802 986 cogqomen
828 917 896 968 ab
926 915 1089 978 ltalis,
1127 916 1204 969 uti
1231 915 1389 982 vulgo
1420 915 1744 968 Barharossa
1778 915 2072 968 diceretur.

506 1007 646 1061 Idem
681 1009 972 1072 quotannis
998 1009 1213 1061 sultano
1241 1007 1432 1061 Solimi
1452 1015 1506 1060 et
1527 1006 1815 1058 Soleimani
1850 1020 2074 1060 uulnera

505 1100 748 1167 quaedam
789 1100 1115 1155 missitahal.
1167 1100 1409 1164 Quorum
1462 1097 1638 1162 alter,
1696 1097 2074 1163 Soleimanes,

505 1190 602 1241 viri
641 1192 878 1252 virtute,
940 1207 1228 1259 rerumque
1277 1199 1552 1260 gestarum
1612 1188 1754 1242 fama
1809 1191 2024 1258 cognita
2055 1233 2070 1255 ,

506 1283 686 1336 missis
716 1283 924 1352 legatis,
950 1282 1195 1335 invitarit
1217 1282 1490 1336 hominem
1529 1283 1603 1335 uti
1636 1282 1701 1335 ad
1735 1297 1793 1336 se
1842 1282 2073 1336 veniret.

505 1372 865 1426 Chairadines
891 1373 1086 1425 idoneo
1115 1371 1320 1427 Cesairi
1353 1372 1604 1443 praesidio
1634 1371 1908 1438 imposito.
1933 1381 2074 1425 stre-

508 1476 859 1528 nuorumque
891 1464 1133 1514 virorqu
1164 1500 1178 1523 ,
1227 1471 1282 1515 et
1320 1462 1418 1514 sibi
1457 1461 1916 1515 amicissimorum
1950 1459 2072 1513 tidei

508 1551 726 1606 civitate
755 1551 987 1618 credita,
1021 1553 1271 1607 triremes
1304 1554 1510 1620 aliquot
1539 1553 1709 1606 milite
1759 1551 2067 1617 complevit,

505 1654 558 1696 et
583 1643 1111 1711 Constantinopolim
1146 1643 1416 1712 profectus
1453 1654 1556 1698 esr.
1582 1643 1659 1697 Eo
1677 1659 1799 1698 cum
1828 1643 2070 1712 appulis-

2178 458 2350 526 ipsius
2373 457 2423 508 in
2446 463 2765 524 potestatem
2788 451 3012 520 redegit.
3038 451 3108 503 Ea
3132 467 3189 502 re
3211 448 3422 502 sultauo
3440 447 3705 502 Soleimani

2177 548 2450 608 nuntiata,
2480 560 2792 615 supremum
2820 543 3049 596 vczirem
3076 556 3256 604 suum,
3289 539 3576 591 lhahimem
3602 539 3709 593 bas-

2176 655 2313 706 sam,
2338 640 2427 708 qui
2449 638 2590 708 apud
2615 638 2892 692 sultanum
2919 648 3145 690 summa
3172 631 3507 686 auctoritatis
3533 640 3637 684 erat
3663 641 3711 684 et

2177 731 2462 800 potentiae,
2497 743 2663 796 supra
2693 724 2882 781 baSsas
2916 741 2979 779 ac
3014 725 3222 778 vezires
3261 738 3451 776 omnes
3484 733 3711 785 evectu,

2177 823 2338 892 idque
2365 837 2558 874 nomen
2589 819 2656 873 ab
2675 833 2742 873 eo
2763 824 3110 880 consecutus,
3153 825 3211 868 ut
3235 813 3336 867 Ser
3363 813 3520 866 Aliter
3538 813 3716 866 sultani

2178 912 2569 974 nominaretur,
2604 906 3070 974 Constantinortoli
3123 905 3388 968 ablegavit
3419 904 3468 956 in
3529 907 3718 955 Anato-

2175 1004 2323 1068 liam,
2351 1014 2404 1056 et
2427 1001 2706 1055 Romanire
2732 995 3103 1066 Anatolieequ'e
3126 995 3297 1064 copiis
3329 992 3581 1062 praefecit:
3607 1007 3717 1045 cum

2176 1095 2372 1163 quibus
2406 1094 2494 1147 ille
2525 1085 2823 1157 Chalepum
2856 1089 3006 1148 adiit,
3045 1098 3099 1142 et
3127 1088 3251 1141 inde
3289 1086 3714 1140 Carachemidam

2177 1185 2432 1253 perrexit.
2469 1182 2585 1236 Huc
2616 1182 2703 1236 ubi
2732 1181 2988 1243 venisset,
3016 1179 3266 1234 Ulnmam
3301 1180 3491 1246 hegum
3531 1177 3719 1244 pmori-

2178 1278 2251 1328 sit
2283 1274 2338 1327 iu
2367 1273 2642 1327 Parthiam
2669 1313 2684 1335 ,
2718 1271 2810 1341 qui
2846 1270 2953 1325 dux
2989 1269 3198 1323 itineris
3230 1278 3396 1323 esset:
3432 1276 3588 1335 atque
3617 1265 3718 1334 ipse

2176 1365 2426 1438 vestigiis
2460 1365 2606 1417 illius
2663 1363 2957 1424 inhaerens,
2988 1377 3017 1414 a
3051 1369 3199 1430 tergo
3221 1366 3442 1414 secutus
3467 1367 3565 1423 est,
3593 1369 3719 1409 anno

2173 1454 2270 1508 9n
2304 1453 2454 1523 (Chr.
2485 1453 2671 1524 1555).

2251 1545 2363 1598 Hoc
2399 1545 2558 1599 modo
2589 1545 2905 1598 continuata
2935 1540 3294 1612 profectione,
3337 1539 3550 1593 nemine
3598 1537 3722 1591 resi.

2175 1645 2374 1699 stente,
2436 1635 2743 1691 Tehrisium
2801 1634 2878 1688 illi
2921 1642 3304 1704 pervenerunt.
3371 1631 3564 1684 Aberat
3593 1628 3720 1683 enim

508 1745 591 1788 set
618 1773 633 1795 .
697 1750 914 1790 ntanmn
953 1749 1050 1803 pro
1080 1749 1230 1787 more.
1277 1736 1492 1789 suitano
1523 1733 1817 1788 Soleimani
1850 1734 2067 1788 oscula-
2099 1719 2141 1773 Β
2173 1725 2380 1801 Scadus
2411 1727 2461 1780 id
2520 1726 2780 1794 temporis
2841 1723 2910 1777 ab
2957 1724 3047 1777 illa
3076 1722 3382 1793 provincia,
3436 1721 3620 1774 bellum
3675 1721 3721 1771 iIt

508 1835 596 1880 tns
651 1832 753 1876 est.
818 1823 1036 1892 Excepit
1080 1823 1352 1878 hominem
1415 1825 1663 1878 sultanus
1721 1839 1853 1878 sane
1909 1839 2067 1891 quam

508 1917 844 1980 honoriﬁce,
893 1917 1298 1988 constitutoqne
1344 1916 1546 1971 salario
1583 1915 1913 1986 quadragies
1945 1930 2073 1970 cen-

507 2019 619 2062 tum
654 2009 877 2060 millium
906 2023 1186 2076 asprorum
1218 2021 1427 2066 annuo.
1482 2007 1869 2076 Beglerbegum
1909 2007 2076 2059 maris

508 2117 818 2168 supremum
858 2102 1077 2163 creavit,
1110 2110 1160 2153 et
1193 2097 1258 2152 ad
1284 2099 1476 2152 veziris
1498 2100 1815 2167 dignitatem
1855 2099 2074 2157 evexit;

508 2195 651 2246 unde
684 2208 878 2246 nomen
907 2193 956 2246 ei
985 2192 1192 2256 datam,
1216 2201 1275 2245 ut
1305 2191 1656 2245 Chairadines
1689 2191 2073 2258 appellaretur.

514 2284 720 2338 Nactus
750 2299 878 2348 ergo
911 2283 1066 2351 plena
1099 2298 1224 2336 cum
1262 2290 1526 2351 potestate
1561 2281 1728 2334 maris
1764 2281 2077 2350 imperium,

507 2386 718 2429 centum
757 2375 1004 2427 triremes
1041 2373 1091 2426 in
1126 2388 1274 2426 mare
1305 2371 1497 2425 deduci
1535 2380 1587 2425 et
1619 2371 1836 2429 instrui,
1877 2370 2079 2423 milite-

502 2483 610 2534 que
660 2465 917 2533 compleri
946 2465 1132 2535 jussit.
1165 2474 1219 2520 et
1251 2481 1372 2520 cum
1407 2466 1475 2518 iis
1501 2464 1736 2517 Moream
1771 2464 1924 2517 adiit.
1956 2462 2072 2527 Qua

508 2575 564 2610 re
609 2558 935 2613 Christianis
962 2559 1231 2623 nuntiata,
1259 2573 1380 2612 mox
1411 2557 1485 2610 illi
1518 2555 1872 2625 regionenﬁet
1899 2570 2078 2618 arces,

505 2663 644 2716 quas
685 2658 1108 2716 occupaverant,
1143 2647 1389 2702 desertas
1415 2646 1701 2716 reliquere,
1733 2645 2080 2700 conscensis-

506 2754 612 2803 que
647 2737 874 2789 navibus
907 2737 1042 2799 suis,
1071 2737 1196 2792 inde
1221 2738 1610 2805 discesserunt.
1641 2739 1686 2790 A
1739 2737 2081 2792 Christiano-

515 2841 628 2877 rum
665 2827 837 2889 ahitu,
877 2828 1104 2880 trecenti
1138 2825 1412 2892 Genizari,
1450 2828 1728 2897 Azapique
1760 2829 1982 2882 totidem
2018 2829 2073 2882 in

509 2934 569 2969 ea
604 2916 751 2970 fnere
782 2918 898 2970 loca
944 2917 1131 2983 missi,
1168 2918 1258 2986 qui
1296 2928 1349 2971 et
1380 2917 1631 2984 Coronae,
1660 2929 1710 2972 et
1741 2918 1951 2987 oppidis
1977 2934 2081 2974 ca:-

513 3011 646 3062 teris
682 3008 931 3076 pra-sidio
970 3019 1171 3062 essent.
1203 3009 1331 3062 lude
1365 3008 1725 3064 Chairadines
1759 3009 1920 3064 bassa
1952 3025 2078 3064 cum

510 3097 700 3152 eadem
732 3097 905 3149 classe
937 3097 988 3149 in
1025 3095 1342 3151 Barbariam
1381 3098 1678 3167 profectus,
1714 3100 1900 3154 urbem
1932 3082 2079 3154 cele-

517 3189 660 3238 hrem
697 3187 1037 3251 Tnttisittam,
1065 3204 1184 3257 quae
1211 3203 1237 3240 a
1281 3188 1481 3242 Mauris
1517 3189 1790 3252 incolitur,
1832 3205 2075 3258 occupa-

515 3289 618 3333 tam
651 3297 751 3334 suo
805 3281 1036 3348 subjecit
1082 3281 1330 3348 imperio,
1365 3295 1509 3334 anno
1538 3280 1639 3336 940
1669 3281 1819 3349 (Chr.
1855 3281 2030 3349 1554).

582 3374 778 3425 Eodem
803 3374 901 3426 hoc
918 3381 1158 3441 tempore
1172 3383 1338 3441 cupit]?
1361 3390 1386 3422 a
1408 3372 1733 3427 Chairadiue
1749 3376 1905 3427 bassa
1921 3372 2087 3425 Tuni-

510 3467 607 3528 sis,
622 3463 840 3534 quidam
861 3483 888 3517 e
909 3480 1136 3517 numero
1157 3464 1528 3518 Parthicarum
1551 3479 1835 3532 procerum
1858 3463 2086 3519 Ultimas

513 3554 700 3621 begus,
735 3568 761 3604 a
805 3555 1002 3606 scacho
1035 3551 1321 3606 Techntasi
1356 3553 1465 3605 tilio
1490 3553 1670 3606 scachi
1697 3552 1949 3618 lsmailis,
1983 3554 2078 3608 de-

513 3641 674 3709 feclt',
703 3643 827 3695 licet
849 3643 1019 3708 ipsius
1041 3642 1223 3696 scachi
1248 3657 1486 3694 sororem
1515 3642 1733 3695 traheret
1779 3643 2084 3713 conjugem.

513 3736 694 3802 Itaque
735 3729 994 3801 profugus
1023 3746 1055 3786 e
1089 3729 1865 3799 Parthia,Constantinopolim
1907 3746 2087 3787 acces-

510 3825 580 3877 sit
608 3842 620 3878 ;
649 3831 701 3875 et
728 3825 967 3890 praestito
1006 3823 1364 3891 subjectionis
1406 3833 1748 3877 sacramento
1793 3824 2086 3880 Soleimani

511 3933 570 3969 se
618 3927 783 3969 totum
815 3915 1042 3970 addixit.
1076 3915 1150 3971 De
1184 3916 1345 3985 lmjus
1402 3915 1502 3969 viri
1564 3916 1792 3970 consilio
1837 3917 2085 3972 sultanus

509 4010 847 4064 Soleimanes
887 4007 1283 4077 expeditionem
1329 4006 1638 4063 Parthicam
1683 4010 1962 4075 suscipere
1988 4025 2082 4063 co-

515 4101 740 4168 gitabat,
763 4117 881 4154 eam
911 4107 1212 4170 prmtexeus
1234 4100 1359 4154 belli
1380 4115 1624 4163 causam,
1650 4101 1793 4169 quod
1816 4101 2083 4164 Scachus,

514 4193 628 4245 suis
669 4206 791 4244 cum
833 4190 1149 4258 proceribus
1191 4201 1243 4244 et
1282 4189 1554 4256 subditis,
1599 4191 1823 4244 minime
1879 4201 2080 4245 rectam

511 4283 784 4352 religiOnis
813 4281 1224 4350 amplecteretur
1252 4281 1597 4342 sententiam,
1634 4297 1732 4335 nec
1751 4281 1929 4335 debito
1955 4296 2084 4350 qna-

2177 1815 2493 1871 Chorasaue
2541 1826 2730 1871 contra
2773 1813 2970 1869 Kezien
3028 1816 3244 1868 hassam
3305 1829 3517 1882 gerens,
3571 1814 3654 1879 qui
3679 1812 3723 1864 ei

2176 1907 2540 1963 Chorasanem
2568 1909 2776 1975 eripere
2807 1907 3039 1960 volebat.
3067 1905 3201 1960 Cum
3224 1905 3445 1974 propius
3474 1903 3536 1958 ad
3557 1902 3726 1956 Tebri-

2176 2000 2316 2054 siutn
2359 1999 2738 2061 accessissent,
2764 1999 2950 2052 urbem
2987 2000 3240 2051 invenere
3267 1997 3560 2052 dcsertam.
3583 1993 3725 2064 3&5

2175 2100 2230 2143 et
2261 2088 2655 2142 habitatoribus
2688 2102 2932 2142 vacuam.
2966 2086 3292 2141 lbrahimem
3336 2101 3462 2142 vero
3501 2088 3723 2156 praemis-

2177 2195 2296 2233 sum
2330 2183 2396 2233 ad
2430 2180 2828 2248 expeditionem
2865 2181 3022 2242 hanc,
3066 2193 3209 2230 anno
3242 2177 3344 2231 9H
3381 2177 3528 2247 (Chr.
3561 2177 3726 2244 1555).

2181 2279 2400 2323 secutus
2427 2277 2518 2320 est
2553 2268 2777 2336 ipsemet
2819 2267 3174 2332 Soleimaues,
3226 2283 3353 2320 cum
3381 2268 3638 2335 genizaris
3684 2279 3730 2320 et

2179 2358 2299 2411 aliis
2346 2355 2520 2410 Porta:
2561 2357 2754 2424 copiis,
2806 2372 2866 2409 ea
2913 2357 3209 2421 celeritate,
3256 2365 3316 2409 ut
3361 2370 3469 2422 quo
3511 2365 3730 2423 tempore

2181 2447 2482 2503 Tebrisium
2541 2449 2839 2502 lbrahimes
2906 2448 3187 2518 ingressus
3221 2456 3344 2511 est,
3419 2447 3730 2501 Soleimancs

2183 2536 2560 2591 Carahemidae
2628 2538 2797 2606 portis
2864 2538 3194 2592 immineret.
3250 2537 3461 2593 Interea
3521 2539 3730 2592 scachus

2182 2631 2346 2685 etiam
2385 2631 2715 2684 Techmases
2756 2630 2978 2698 prepius
3043 2629 3109 2682 ad
3141 2628 3451 2683 Tebrisium
3485 2645 3607 2684 suos
3636 2630 3727 2684 ad-

2186 2723 2446 2784 duxerat,
2489 2729 2550 2774 ut
2588 2721 2708 2775 istic
2744 2721 3067 2774 lbrahimem
3141 2722 3366 2776 bassam
3403 2725 3728 2792 opprimeret.

2189 2810 2489 2865 lbrahimes
2545 2811 2716 2865 hostis
2774 2822 2972 2866 conatu
3006 2813 3222 2881 cognito
3263 2860 3277 2882 ,
3342 2815 3540 2881 absque
3599 2828 3731 2866 mora

2187 2903 2546 2958 Soleimanem
2580 2906 2866 2959 certiorem
2896 2903 3148 2962 reddidit;
3178 2907 3266 2974 qui
3297 2907 3585 2976 duplicatis
3612 2921 3733 2974 quo-

2191 2995 2738 3061 tidianisitineribus,
2778 2998 3064 3052 celerrime
3099 2998 3406 3052 Tebrisium
3458 2999 3724 3061 advolavit,

2188 3099 2241 3144 et
2261 3105 2384 3144 cum
2403 3090 2673 3145 lbrahime
2693 3106 2751 3146 se
2769 3091 3326 3160 conjunxit.Cumque
3347 3108 3437 3161 per
3455 3104 3514 3147 ex
3525 3093 3734 3161 plorato-

2182 3197 2270 3236 res
2309 3181 2723 3248 intellexissent,
2763 3182 3038 3253 quibusin
3076 3185 3208 3238 locis
3234 3185 3553 3238 Parthorum
3595 3199 3734 3238 exer-

2185 3274 2322 3330 citus
2351 3275 2590 3345 degeret,
2617 3289 2762 3332 recta
2787 3277 2840 3330 in
2862 3293 2956 3333 eos
2975 3279 3202 3334 ibtxere.
3224 3279 3369 3333 Tum
3396 3295 3520 3333 vero
3547 3278 3734 3342 Parthi,

2187 3369 2280 3438 qui
2306 3369 2374 3423 de
2413 3367 2736 3425 Soieimanis
2770 3370 3003 3424 adventu
3037 3384 3160 3423 cum
3196 3373 3466 3440 genizaris
3491 3386 3552 3426 ac
3582 3371 3736 3423 Porta:

2188 3458 2449 3512 militibus
2482 3458 2693 3513 caeteris
2727 3467 3086 3526 acceperant,
3130 3473 3296 3527 seque
3343 3460 3435 3513 tali
3475 3457 3734 3512 machina-

2186 3565 2307 3604 rum
2338 3550 2656 3604 bellicarum
2691 3551 2992 3620 apparatui,
3041 3553 3321 3617 tantisque
3359 3552 3524 3620 copiis
3549 3564 3732 3619 nequa-

2187 3656 2350 3710 quam
2377 3643 2632 3696 resistere
2651 3656 2812 3710 posse
2835 3650 3138 3704 cernerent,
3159 3641 3469 3696 Sultaniam
3498 3641 3734 3710 profuge-

2189 3739 2335 3783 runt.
2392 3730 2667 3784 Osmauici
2728 3731 2894 3784 nimia
2961 3738 3404 3794 tormentorum,
3466 3747 3726 3790 annonae.

2188 3820 2572 3883 tentoriorum,
2606 3835 2884 3885 curruum,
2916 3830 2970 3875 et
3005 3822 3235 3876 aliarum
3276 3826 3459 3895 magni
3497 3822 3729 3896 ponderis

2188 3925 2368 3963 rerum
2403 3911 2558 3980 copia
2590 3914 2796 3978 gravati
2825 3953 2840 3977 ,
2879 3923 3146 3969 lonncnta
3182 3931 3305 3970 cum
3348 3917 3729 3987 impedimentis

2185 4003 2396 4054 ca-teris
2429 4010 2790 4057 trecentorum
2823 4005 3221 4074 genizarorum,
3248 4023 3313 4061 ac
3347 4011 3505 4063 trium
3542 4008 3732 4076 saugia-

2186 4106 2373 4145 corum
2424 4094 2674 4162 praesidio
2732 4097 2962 4163 munita,
3017 4099 3327 4155 Tebrisium
3406 4104 3730 4160 remiserunt.

2185 4191 2347 4250 atque
2404 4186 2505 4238 hoc
2562 4188 2722 4241 modo
2778 4187 2906 4242 facti
2968 4191 3375 4258 expeditiores,
3444 4194 3728 4246 Parthicum

2186 4275 2409 4327 militem
2469 4278 2727 4331 acritera
2783 4289 2934 4348 tergo
2993 4287 3246 4351 persequi
3316 4301 3524 4353 cepere.
3607 4283 3731 4337 Tum

511 4387 634 4426 tuor
689 4373 1014 4426 Mahumclis
1057 4375 1342 4441 prophetas
1401 4376 1605 4427 honore
1645 4384 2081 4442 prosequeretur.
2116 4391 2158 4444 ι)
2194 4381 2318 4418 νυτο
2349 4366 2532 4435 fugere
2559 4367 2764 4436 Parlili,
2791 4372 3124 4442 fugientibus
3182 4377 3389 4433 instare
3452 4376 3730 4432 Osmauici:

514 4465 626 4518 llac
659 4466 724 4517 de
757 4480 916 4518 eausa
945 4464 1297 4530 dignissimos
1331 4466 1607 4528 censebat,
1646 4466 1844 4533 quibus
1883 4465 2078 4518 bellum

512 4557 823 4620 inferretur,
854 4559 948 4626 qui
1007 4557 1405 4621 Occidi-rentur,
1459 4558 1703 4624 adeoque.
1737 4558 1953 4623 penitus
1991 4574 2082 4609 ex—

513 4648 890 4714 stirpareutur.
921 4646 1104 4714 Itaque
1150 4646 1485 4700 Soleimaues
1535 4647 1637 4700 hoc
1665 4648 1804 4699 bello
1838 4648 2082 4712 decreto,

511 4738 892 4806 Sangiacatum
931 4737 1135 4790 Uluunc
1193 4738 1326 4808 bego
1388 4755 1552 4806 supra
1607 4741 1913 4804 nominato,
1976 4758 2081 4794 mm

508 4831 697 4900 procul
756 4846 786 4882 a
833 4828 1191 4884 Caraheutida
1227 4870 1240 4889 .
1312 4832 1600 4884 concessit.
1668 4830 1891 4884 Ulumas
1955 4846 2082 4884 vero

513 4923 942 4992 Constatinopoli
1008 4922 1336 4991 quibusdam
1402 4922 1686 4976 conductis
1746 4923 1959 4991 copiis,
2031 4924 2083 4976 in

512 5017 895 5086 Sangiacatum
929 5031 1040 5069 sure
1071 5015 1331 5069 creditum
1361 5017 1483 5069 fidei
1533 5033 1654 5070 cunt
1681 5017 1760 5070 eis
1813 5017 2087 5085 profectus

511 5118 616 5167 est.
665 5107 826 5160 Missa
855 5123 1072 5177 quoque
1095 5106 1315 5160 fuerunt
1346 5107 1410 5161 ad
1443 5119 1670 5162 ceteros
1696 5109 1840 5161 illius
1871 5109 2088 5176 provint-

509 5200 610 5251 ciae
639 5197 935 5266 Sangiacos
968 5213 995 5250 a
1026 5198 1244 5252 sultauo
1281 5195 1588 5250 Soleimanc
1638 5198 1913 5251 mandata.
1964 5197 2083 5264 qni-

516 5292 616 5345 bus
645 5289 1062 5360 praecipiebatur
1092 5300 1148 5344 ut
1192 5289 1398 5345 Ulutnze
1450 5290 1606 5358 bego,
1647 5292 1864 5358 quoties
1902 5290 1954 5343 in
1993 5291 2088 5343 ho-

514 5391 649 5431 μιριη
677 5379 1017 5447 proiecturus
1040 5387 1203 5445 esset,
1233 5378 1683 5446 obsequerentur.
1717 5376 1941 5433 Ulumas
1962 5391 2090 5447 ergo

512 5473 790 5523 decretum
815 5469 918 5523 sibi
943 5469 1327 5539 Sangiacatum
1361 5469 1661 5538 ingressus,
1692 5469 1934 5524 colleCtis
1965 5469 2086 5537 ejus

511 5561 751 5628 regionis
809 5562 1128 5630 proceribus
1193 5561 1498 5631 Sangiacis,
1575 5561 1812 5631 ipsorum
1861 5561 2081 5629 adjutus

511 5655 755 5722 auxiliis,
799 5655 1147 5710 Curdistanio
1187 5654 1438 5723 principi,
1496 5654 1582 5708 cui
1631 5669 1825 5708 nomen
1873 5652 2086 5708 Scrcfes

2188 4461 2358 4514 donec
2390 4462 2530 4514 haud
2562 4465 2747 4531 procul
2773 4465 2840 4517 ab
2869 4465 3066 4535 oppido
3096 4465 3408 4523 llemedane
3439 4477 3731 4539 perventura

2189 4551 2398 4607 fuisset.
2427 4552 2499 4605 lbi
2527 4569 2649 4606 cum
2697 4555 2913 4624 pluviis,
2943 4567 2996 4611 et
3022 4564 3261 4625 annonae,
3276 4563 3519 4628 penuria,
3547 4569 3732 4613 tantum

2189 4641 2358 4710 frigus
2383 4639 2704 4697 Osmanicos
2731 4648 3039 4714 oppressit,
3085 4658 3140 4701 ut
3173 4649 3394 4716 plurimi
3429 4660 3531 4704 tam
3560 4661 3734 4702 manus

2187 4746 2348 4800 quant
2385 4735 2546 4802 pedes
2584 4751 2613 4788 a
2650 4735 2847 4806 frigore
2884 4739 3042 4793 laesos
3082 4740 3416 4803 amitterent,
3477 4755 3539 4794 ac
3577 4741 3737 4793 incre-

2187 4825 2370 4880 dibilis
2403 4828 2684 4880 hominum
2716 4869 2731 4893 ,
2767 4829 3252 4903 jumentorumque
3290 4835 3577 4888 multitudo
3610 4833 3736 4885 fame

2190 4919 2455 4973 interiret.
2497 4919 2762 4975 Praeterea
2817 4923 3085 4990 contigit,
3153 4935 3210 4977 ut
3261 4927 3313 4979 in
3377 4927 3491 4996 ipso
3550 4932 3732 4978 conatu

2203 5013 2606 5067 transmittendi
2636 5015 2833 5079 amnis,
2865 5019 2958 5086 qui
2990 5017 3167 5074 Docus
3190 5019 3354 5074 Gczid
3383 5031 3618 5080 vocatur,
3652 5017 3736 5067 llu-

2193 5119 2312 5156 mcn
2346 5104 2477 5156 illud
2512 5106 2667 5172 aquis
2702 5106 2902 5174 pluviis
2945 5107 3236 5164 adauctum
3287 5111 3624 5164 vehementer
3666 5105 3735 5156 in-

2193 5203 2543 5250 tumesceret.
2592 5197 2823 5267 Ideoque
2868 5199 2975 5254 dici
3027 5215 3131 5254 non
3175 5212 3391 5271 potest,
3447 5209 3574 5269 quot
3627 5195 3733 5249 istic

2194 5287 2458 5354 homines,
2478 5288 2743 5357 jumeuta,
2770 5306 2947 5344 rerum
2975 5293 3204 5346 aliarum
3231 5294 3459 5348 sarcinm
3482 5289 3733 5360 perierint;

2195 5379 2438 5448 adeoque
2467 5380 2532 5433 de
2563 5395 2659 5433 sua
2698 5381 2926 5450 quilibet
2959 5385 3134 5437 salute
3171 5385 3509 5453 desperabat.
3533 5377 3736 5445 Quando

2197 5466 2359 5537 igitur
2413 5471 2685 5524 exercitus
2783 5471 3068 5551 Parthicus
3129 5489 3397 5542 nusquam
3454 5469 3736 5540 apparebat.

2199 5574 2300 5612 nec
2355 5559 2482 5614 sciri
2538 5573 2774 5629 poterat,
2835 5579 3072 5630 quonam
3123 5581 3181 5620 se
3239 5567 3525 5634 recepisset
3568 5579 3581 5628 ;
3617 5558 3737 5613 alia-

2196 5664 2297 5717 que
2319 5649 2467 5703 nulla
2499 5654 2646 5719 regio
2671 5651 2940 5722 Bagadatc
2971 5654 3325 5724 propinquior
3351 5666 3485 5716 erat,
3509 5666 3618 5723 qua:
3641 5647 3737 5699 nti-
