4026 6204
348 308 450 372 Gil

1628 308 1987 371 ANNALES
2022 312 2355 377 TURCICI.

3510 332 3615 392 662

350 463 451 500 nus
471 444 682 500 hiberni
711 444 949 513 frigoris.
978 454 1031 499 et
1050 444 1169 514 plus
1188 442 1388 499 caloris
1412 445 1670 506 haberet;
1702 448 1753 499 in
1780 447 1921 502 hanc
1952 445 1995 504 Δ
2024 432 2461 501 θθηηηῖβτθτθηί·
2537 434 2616 486 Ad
2681 450 2951 490 summam
2976 480 2991 498 .
3048 439 3249 509 insigni
3336 442 3614 506 regionem

346 538 449 593 sibi
490 536 828 591 Soleimanes
871 537 1176 591 ducendum
1216 538 1405 591 statuit
1448 541 1769 593 exercitum.
1812 540 1913 595 Ubi

346 633 564 700 propius
594 631 658 682 ad
691 630 878 683 urbem
918 630 1259 692 accessiaset,
1298 632 1500 699 apertis
1552 633 1740 687 incola:
1798 650 1921 701 por-

350 730 455 787 tis,
489 737 608 775 eam
648 720 977 774 Soleimanis
1019 722 1271 790 potestati
1312 723 1633 791 permisere.
1671 724 1922 793 Quapro-

348 824 465 883 pter
505 814 817 882 ingressus,
858 814 1103 867 nonnihil
1141 814 1262 868 istic
1304 830 1364 869 se
1402 816 1689 870 recreavit.
1732 814 1924 870 Omnis

346 907 507 958 etiam
538 903 761 974 Bagdati
791 904 1018 957 finitima
1056 907 1201 975 regio
1231 921 1287 959 se
1338 906 1664 960 Soleimanis
1696 908 1926 975 imperio

345 996 621 1050 submisit.
668 993 787 1062 Quo
836 994 1061 1061 faetum,
1129 1005 1186 1049 ut
1242 996 1623 1066 beglerbegum
1681 998 1734 1050 in
1790 998 1923 1050 urbe

344 1084 739 1145 constitueret,
782 1082 1065 1151 ipsamque
1106 1085 1440 1151 provinciam
1484 1085 1535 1138 in
1578 1088 1922 1155 sangiacatus

343 1174 668 1240 partiretur.
725 1171 992 1227 Prmterea
1043 1172 1563 1242 Bagadatimilitare
1611 1176 1920 1243 praesidium

346 1263 631 1331 imposuit.
665 1264 821 1331 eique.
852 1264 919 1316 de
956 1265 1242 1317 tormentis
1279 1265 1487 1319 bellicis
1520 1276 1573 1317 et
1605 1267 1728 1319 aliis
1762 1268 1921 1321 rebus

344 1356 692 1412 necessariis.
724 1370 1066 1423 annuumque.
1096 1357 1246 1423 copia
1289 1362 1584 1424 prosperi:
1626 1374 1745 1410 eum
1770 1361 1922 1427 prius

343 1449 533 1499 urbem
576 1446 853 1500 muniisset
878 1488 891 1511 ,
924 1456 977 1498 et
1008 1463 1204 1516 aquam
1243 1462 1270 1499 ε·
1300 1446 1520 1500 ﬂumine
1550 1448 1832 1501 dirivatam
1869 1451 1920 1502 in

346 1538 519 1591 fossas
559 1539 794 1592 urbanas
830 1539 1167 1594 immisisset.
1204 1537 1314 1592 Iloc
1348 1550 1592 1608 tempore
1624 1555 1917 1607 supremus

344 1629 747 1699 Dephterdarus
781 1632 895 1684 sive
951 1631 1225 1684 maximus
1259 1631 1435 1684 mrarii
1477 1630 1799 1699 prmfectus,
1845 1631 1922 1685 Is-

342 1713 579 1777 chender
609 1723 843 1789 Zelebis,
873 1725 1014 1793 apud
1050 1725 1327 1778 sultanum
1367 1724 1733 1778 Soleimanem
1770 1726 1919 1779 dela-

345 1827 435 1869 tus
460 1817 583 1880 fuit,
633 1817 704 1869 ob
751 1825 1009 1869 tractatos
1057 1814 1307 1883 nequiter
1364 1814 1649 1869 thesauros
1694 1817 1917 1885 regios:
1951 1844 1997 1902 Β

342 1924 502 1977 quem
544 1917 697 1962 extra
752 1908 939 1961 urbem
992 1908 1095 1960 hoc
1143 1907 1363 1959 nomine
1422 1907 1680 1976 suspendi
1729 1908 1915 1976 jussit,

342 2001 613 2056 universis
648 2000 994 2054 facultatibus
1028 1999 1148 2067 ejus
1191 1999 1320 2052 fisco
1360 1998 1673 2068 applicatis.
1713 2000 1917 2053 Interea

341 2109 504 2154 vero.
560 2093 688 2147 dum
749 2092 1088 2146 Soleimanes
1150 2092 1291 2145 intra
1342 2089 1631 2160 Bagadatis
1692 2105 1917 2153 muros,

338 2185 615 2240 exercitus
662 2184 796 2237 foris
834 2185 887 2237 in
932 2183 1176 2238 hibernis
1217 2184 1475 2247 haerebat,
1513 2183 1712 2252 prodiit
1738 2185 1918 2236 denuo

336 2277 572 2331 scachus
603 2276 934 2330 Tecbmases
970 2275 1022 2329 in
1060 2283 1304 2343 apertum
1338 2275 1455 2330 suis
1488 2291 1612 2329 cum
1636 2275 1831 2344 COpiis,
1866 2284 1919 2330 et

336 2369 647 2425 'I'ebrisium
678 2370 780 2423 iter
812 2368 1064 2422 instituit.
1098 2367 1229 2421 Inde
1255 2383 1379 2423 cum
1407 2374 1582 2436 ipsum
1617 2367 1756 2421 haud
1793 2383 1916 2436 pro-

342 2463 432 2515 cul
475 2463 667 2515 abesse
735 2459 905 2515 relicti
944 2460 1011 2513 ad
1053 2458 1363 2513 Tebrisium
1405 2458 1643 2525 sangiaci
1674 2468 1725 2510 et
1764 2458 1918 2528 geni-

337 2554 470 2611 zari,
524 2553 590 2605 de
631 2551 830 2619 quibus
874 2565 1035 2618 supra
1072 2548 1301 2612 dictum,
1360 2548 1721 2615 accepissent,
1774 2547 1907 2615 quid

333 2642 603 2709 agendum
633 2642 734 2694 sibi
776 2643 876 2695 hoc
912 2656 1043 2696 casu
1076 2640 1213 2695 foret
1241 2680 1256 2703 ,
1287 2638 1628 2707 ignorabant.
1656 2638 1791 2703 Quia
1831 2649 1915 2691 ta-

336 2750 462 2787 men
510 2735 1030 2795 animadverterent,
1087 2747 1186 2785 nec
1235 2731 1302 2785 ad
1354 2730 1714 2787 resistendum
1767 2731 1910 2784 hosti

338 2837 444 2877 tam
478 2824 680 2892 potenti
709 2839 768 2877 se
797 2824 1041 2878 sufficere
1067 2838 1165 2877 nec
1192 2825 1245 2876 in
1278 2832 1524 2889 tempore
1559 2821 1660 2875 sibi
1687 2836 1916 2876 succur-

337 2920 381 2968 ri
418 2931 599 2985 posse,
636 2916 880 2971 sarcinas
915 2931 1135 2979 omnes,
1170 2924 1224 2969 et
1258 2923 1527 2968 tormenta
1563 2912 1754 2967 bellica
1785 2929 1911 2969 cum

335 3009 502 3062 rebus
531 3009 595 3060 ad
621 3023 682 3061 ea
711 3008 1057 3069 necessariis,
1080 3016 1133 3060 et
1156 3006 1417 3060 custodiae
1444 3021 1557 3059 sua:
1581 3006 1909 3069 commissis,

337 3100 537 3153 ibidem
571 3100 923 3167 reliquerunt,
961 3113 1025 3152 ac
1059 3097 1181 3168 fuga
1212 3098 1371 3150 saluti
1400 3112 1512 3150 suae
1543 3100 1895 3151 consuluere.

2026 521 2172 574 illam
2205 524 2514 577 universam
2560 528 2773 581 excidio
2833 528 3057 593 afﬂixit,
3124 533 3350 601 direptis
3382 535 3610 588 misero-

2030 628 2146 666 rum
2216 614 2512 669 incolarum
2578 616 2968 685 facultatibus,
3022 633 3073 676 et
3132 626 3433 692 absumptis
3495 640 3614 679 om-

2025 706 2186 760 nibus
2253 707 2541 774 jumentis.
2609 710 2731 764 Post
2790 712 2925 765 hanc
2980 716 3375 775 vastationem.
3434 718 3613 773 Sulci-

2028 814 2216 853 manes
2246 802 2544 855 exercitum
2579 802 2994 858 Carahemidam
3039 809 3274 871 reduvit.
3324 811 3387 861 lit
3424 812 3610 878 dispo-

2026 890 2163 943 situs
2215 906 2277 944 ac
2328 892 2546 946 relictus
2598 905 2715 947 erat
2765 912 2792 948 a
2848 907 2997 965 tergo
3050 899 3285 962 dundar,
3346 910 3400 949 ut
3442 900 3604 953 Turci

2025 989 2218 1033 voeaut
2246 997 2258 1034 :
2286 982 2453 1052 346
2475 985 2617 1051 quod
2656 990 2928 1038 vereretur
2948 1004 3011 1040 ne
3047 989 3096 1040 in
3124 992 3235 1056 ipsa
3276 991 3611 1058 profectione

2027 1072 2256 1124 scacbus
2289 1074 2648 1141 impressione.
2671 1077 2846 1131 subita
2877 1095 3005 1133 suos
3028 1083 3432 1148 aggrederetur.
3456 1086 3607 1146 Quod

2026 1165 2241 1229 quidem
2277 1166 2346 1219 ita
2382 1184 2602 1234 prorsus
2631 1171 2850 1224 accidit.
2886 1171 3017 1225 Nam
3060 1175 3314 1236 srachus.
3341 1177 3610 1231 intellecto

2027 1255 2274 1309 discessu
2308 1257 2658 1322 Soleimanis,
2710 1263 2906 1315 selecta
2962 1264 3311 1318 Cni-izzorum
3361 1269 3604 1335 quinque

2028 1345 2193 1397 millia
2243 1361 2427 1399 secum
2464 1353 2718 1418 sumpsit,
2757 1367 2821 1405 ac
2873 1355 3273 1407 vere-duriorum
3310 1359 3361 1409 in
3399 1370 3605 1410 merent

2025 1434 2349 1492 Osutanicos
2380 1456 2408 1491 δι
2440 1450 2589 1509 tergo
2614 1453 2834 1495 secutus
2862 1453 2943 1496 est
2974 1485 2987 1509 ,
3027 1446 3076 1497 in
3107 1446 3209 1499 hoc
3233 1463 3401 1500 unum
3435 1451 3609 1501 inten-

2029 1536 2133 1585 tus.
2168 1537 2225 1579 ut
2255 1545 2348 1582 eos
2383 1531 2567 1598 aliquo
2608 1532 2935 1588 detrimento
2965 1537 3219 1593 alliceret.
3283 1540 3520 1592 Tandem
3553 1542 3605 1593 in

2027 1633 2216 1686 agmen
2246 1620 2377 1673 illud
2408 1632 2712 1677 extremum
2747 1626 2959 1692 incidit,
2992 1631 3134 1696 quod
3170 1630 3385 1683 dundar
3420 1633 3604 1699 appel-

2027 1712 2187 1769 Iatur.
2220 1714 2295 1765 uti
2328 1713 2603 1771 dixitnms.
2640 1718 2769 1785 Ejus
2791 1720 2985 1774 ductor
3015 1731 3133 1776 erat
3167 1723 3388 1778 Ultimas
3418 1729 3602 1795 begns.

2026 1802 2111 1852 cui
2138 1812 2329 1869 praeter
2350 1806 2588 1873 quinque
2614 1808 2920 1876 sangiacos,
2957 1814 3341 1881 septemdecim
3367 1817 3598 1870 millium

2025 1901 2371 1948 strennornm
2399 1897 2624 1951 militum
2653 1900 2993 1957 Soleimanes
3018 1908 3363 1962 attribuerat.
3393 1912 3468 1961 Ad
3506 1912 3605 1965 hos

2025 2002 2146 2040 cum
2186 1990 2423 2044 scachus
2489 1994 2798 2050 advolasset
2860 2001 3108 2068 propius,
3149 2019 3270 2057 mox
3308 2006 3357 2058 in
3396 2022 3488 2062 eos
3526 2008 3602 2062 ir-

2024 2079 2154 2142 ruit,
2181 2090 2234 2133 et
2259 2098 2419 2137 manu
2470 2098 2742 2142 conserta.
2768 2094 3015 2159 superior
3039 2093 3174 2162 ipse,
3200 2096 3396 2152 Turcis
3423 2104 3599 2166 caesis.

2021 2173 2213 2224 evasit.
2256 2175 2581 2247 Iuterempta
2621 2181 2771 2235 fuere
2833 2182 3135 2240 Turcorum
3188 2190 3251 2242 ad
3314 2192 3599 2247 duodecim

2023 2261 2217 2328 millia,
2249 2264 2656 2337 desideratique
2690 2280 2801 2325 tres
2835 2276 3097 2344 sangiaci.
3130 2276 3371 2343 Quartus
3400 2283 3451 2334 in
3492 2284 3605 2337 lio-

2018 2367 2059 2408 s'
2074 2354 2182 2407 ium
2203 2368 2524 2425 potestatem
2545 2366 2940 2432 venit,quintus
2958 2385 3079 2422 cum
3099 2372 3291 2426 Uluma
3311 2374 3448 2444 bego
3466 2378 3603 2445 fuge

2022 2448 2284 2505 beneficio
2303 2453 2607 2510 discrimini
2633 2472 2805 2515 semet
2836 2463 3051 2531 eripuit.
3084 2466 3328 2522 Scacbus
3358 2468 3459 2523 hoc
3490 2481 3598 2524 tam

2022 2540 2254 2597 feliciter
2276 2559 2517 2616 pugnate
2544 2552 2732 2619 praelio
2763 2565 3079 2617 contentus,
3116 2560 3247 2612 nihil
3288 2564 3600 2630 periclitan-

2020 2633 2146 2687 dtnn
2172 2638 2383 2704 putavit
2417 2641 2665 2709 ulterius,
2690 2647 2832 2712 quod
2860 2648 3002 2699 bosti
3032 2664 3096 2702 ex
3126 2651 3303 2721 aliqua
3322 2666 3471 2723 parte
3501 2672 3603 2725 par

2019 2728 2132 2794 pari
2156 2730 2382 2786 relatum
2401 2735 2775 2790 arbitraretur:
2802 2738 2920 2793 ideo
2937 2758 3041 2809 quc
3062 2753 3205 2796 retro
3223 2760 3343 2798 cum
3368 2748 3603 2802 victrici-

2018 2821 2120 2879 bus
2137 2824 2307 2891 cepiis
2340 2826 2405 2879 ad
2429 2842 2558 2881 suos
2585 2829 2738 2883 abiit.
2758 2831 2875 2900 Ipse
2898 2848 3113 2902 quoque
3134 2835 3469 2893 Soleimanes
3486 2842 3595 2909 jam

2017 2917 2375 2974 Carahemida
2427 2922 2782 2989 discesserat,
2822 2926 3117 2997 Chaleputn
3176 2943 3384 3000 petens,
3449 2937 3594 2991 unde

1972 3062 1973 3067 η
2017 3010 2314 3080 digressus,
2373 3013 2460 3069 die
2489 3017 2703 3071 decimo
2732 3030 2928 3088 quarto
2968 3023 3172 3076 mensis
3208 3024 3435 3080 Rezehts
3455 3029 3597 3083 Con-

2018 3103 2423 3172 Stantinopolitn
2477 3109 2725 3177 appulit,
2761 3127 2905 3166 anno
2934 3113 3038 3167 912
3068 3116 3220 3184 (Chr.
3272 3120 3449 3191 1556).

337 3187 585 3241 Scachus
612 3188 912 3242 Tebrisium
948 3190 1246 3257 ingressus,
1278 3202 1467 3241 omnes
1501 3188 1631 3242 istas
1666 3188 1910 3241 sarcinas
1938 3190 1979 3246 C
2089 3196 2223 3248 Dum
2269 3196 2379 3251 illic
2409 3198 2474 3252 ad
2516 3210 2729 3270 tempus
2771 3205 2987 3274 aliquod
3025 3223 3055 3262 ει
3112 3210 3270 3266 belli;
3311 3187 3595 3270 ριιεξίηρης

332 3288 389 3333 ct
424 3278 808 3346 impedimenta
831 3280 985 3332 militi
1013 3294 1112 3333 suo
1133 3279 1435 3347 diripienda
1469 3280 1757 3334 concessit:
1791 3277 1905 3331 bel—

335 3371 439 3424 lica
469 3386 594 3425 vero
624 3379 884 3425 tormenta
910 3409 927 3435 ,
964 3387 1087 3424 cum
1123 3371 1376 3425 universo
1403 3371 1467 3423 ad
1500 3386 1562 3423 ea
1593 3371 1898 3438 pertinente

335 3473 621 3530 apparatu,
654 3461 988 3516 concremari
1022 3461 1207 3531 jussit;
1252 3470 1305 3514 et
1345 3460 1608 3531 quidquid
1667 3460 1732 3514 de
1767 3474 1895 3515 ma-

337 3554 519 3607 chinis
555 3553 763 3606 bellicis
799 3553 1240 3621 colliquefactum
1282 3552 1517 3606 flammis
1551 3546 1763 3605 absdmi
1799 3567 1908 3605 non

334 3654 603 3712 potuerat,
657 3644 723 3697 ad
775 3644 1065 3714 signandos
1111 3660 1400 3714 mauguros
1453 3643 1764 3698 destinavit.
1804 3644 1907 3701 Ubi

327 3737 442 3805 jam
470 3735 661 3789 durior
697 3738 889 3790 hiemis
921 3746 1212 3805 tempestas
1276 3741 1627 3806 praeterierat,
1664 3736 1903 3805 Bagdate

333 3831 670 3884 Soleimanes
712 3832 878 3883 movit
910 3832 1112 3896 eodem
1169 3845 1313 3883 anno
1366 3830 1463 3884 9M
1520 3830 1671 3896 (Chr.
1720 3830 1904 3899 1536),

328 3936 394 3975 ac
415 3922 596 3976 denuo
637 3920 943 3976 Tebrisium
985 3923 1175 3978 duxit:
1220 3924 1362 3975 unde
1402 3938 1524 3975 cum
1571 3939 1677 3977 non
1706 3938 1906 3991 magno

327 4014 547 4067 abesset
575 4014 878 4079 intervallo,
898 4029 1113 4067 rursum
1147 4029 1270 4067 cum
1308 4016 1424 4067 suis
1452 4012 1783 4068 Tecbmases
1811 4014 1903 4067 fu-

327 4120 411 4173 εε
452 4119 510 4158 se
546 4104 733 4159 dedit:
768 4115 932 4174 atque
958 4105 1036 4158 uti
1065 4104 1376 4157 facultatem
1425 4104 1509 4158 sui
1538 4106 1903 4174 persequendi

325 4197 640 4253 Osmanicis
681 4199 965 4263 adimeret,
1007 4213 1161 4251 suam
1204 4198 1430 4265 ipsemet
1494 4197 1769 4266 regionem
1808 4214 1904 4253 va-

325 4292 513 4349 stavit.
547 4303 817 4342 annonam
862 4304 1077 4343 omnem
1115 4288 1360 4355 corrupit
1407 4298 1461 4341 et
1482 4290 1727 4352 exussit,
1776 4292 1905 4344 sub-

324 4380 475 4434 ditos
499 4394 631 4434 suos
658 4382 857 4449 passim
890 4380 1091 4448 abegit.
1120 4378 1217 4432 libi
1246 4377 1555 4457 chrisium
1586 4380 1748 4435 Turci
1778 4397 1898 4451 per-

2012 3288 2267 3356 quiescit,
2304 3302 2594 3360 suspectus
2626 3295 2673 3347 ei
2712 3298 2851 3364 cepit
2905 3315 3025 3355 csse
3061 3302 3359 3359 Ibrabimes
3410 3309 3593 3371 bassa.

2012 3378 2169 3446 cujus
2195 3390 2248 3433 et
2279 3397 2343 3435 ex
2372 3396 2524 3450 parte
2559 3385 2660 3439 fuit
2694 3389 2900 3444 detecta
2932 3394 3177 3459 perfidia.
3211 3394 3422 3467 Quippe
3446 3399 3591 3455 fere-

2013 3469 2173 3523 batur
2203 3486 2325 3526 cum
2364 3474 2510 3530 Italis
2544 3493 2763 3549 quoque
2787 3493 3001 3539 secreto
3060 3488 3330 3557 pepigisse
3387 3491 3591 3555 ftedus.

2014 3571 2072 3615 ut
2102 3563 2393 3633 imperium
2426 3566 2730 3624 Turcornm
2784 3576 2836 3627 in
2871 3592 2929 3631 se
2961 3580 3303 3639 transferret.
3343 3582 3591 3654 Quapro-

2011 3663 2130 3723 pter
2162 3673 2286 3711 eum
2320 3659 2660 3718 Soleimanes
2690 3668 2775 3720 die.
2807 3671 3044 3738 quodam
3078 3672 3354 3741 Mercurii,
3391 3680 3482 3747 qui
3513 3679 3591 3730 vi-

2010 3761 2250 3805 cesunus
2268 3759 2768 3813 secuntlusmensis
2791 3760 3111 3817 Retnasanis
3131 3775 3269 3826 erat.
3291 3770 3357 3821 ad
3378 3785 3590 3825 caenam

2008 3835 2255 3893 invitavit
2279 3857 2292 3894 :
2315 3858 2421 3909 qua
2442 3843 2610 3905 finita.
2631 3863 2753 3900 cum
2780 3850 2845 3903 de
2879 3853 3043 3906 certis
3087 3857 3319 3922 negotiis
3357 3858 3499 3912 inter
3531 3877 3590 3914 se

2009 3930 2283 3996 collocuti,
2308 3933 2417 3999 jam
2443 3938 2685 3991 cubitum
2709 3953 3014 4008 pergerent,
3042 3944 3340 4001 Ibrahimes
3369 3966 3590 4021 quoque

2009 4038 2169 4077 suum
2183 4025 2247 4077 ad
2267 4027 2527 4081 conclave
2555 4031 2799 4093 secessit,
2821 4042 2871 4086 et
2910 4034 2962 4087 in
3001 4035 3140 4091 lecto
3174 4054 3232 4092 se
3258 4047 3585 4109 composuit.

2008 4113 2216 4183 Quippe
2232 4116 2445 4184 quoties
2464 4119 2528 4172 ad
2551 4119 2909 4177 Soleimanetn
2933 4136 3096 4182 noctu
3116 4132 3513 4196 arcessebatur,
3534 4138 3589 4189 in

2006 4206 2175 4267 ipsius
2211 4205 2553 4273 imperatoris
2589 4212 2769 4266 saraio
2794 4217 3049 4272 cubabat.
3099 4219 3235 4274 Cum
3264 4224 3593 4279 obdormiis-

2006 4298 2357 4368 set,§interfici
2387 4301 2660 4357 hominem
2696 4308 2941 4362 sultanus
2979 4310 3163 4379 jussit,
3187 4328 3486 4385 omnesque
3510 4319 3593 4371 fa-

2004 4392 2231 4447 cultates
2278 4393 2450 4462 ipsius
2486 4406 2539 4449 et
2559 4400 2859 4467 opes,fisco
2877 4402 3138 4467 addietas,
3167 4409 3440 4464 thesauris
3472 4415 3589 4465 suis

324 4470 626 4532 venissent,
658 4470 998 4571 boleimanes-
1024 4470 1290 4571 Optimum
1325 4486 1604 4571 quemque
1633 4487 1859 4571 suorum
1882 4515 1897 4539 ,
1938 4518 1978 4571 υ
2011 4483 2065 4537 in
2104 4484 2254 4540 ferri,
2292 4485 2515 4541 Factum
2548 4490 2649 4543 hoc
2692 4490 2791 4543 fuit
2822 4507 2964 4548 ειηηο
2992 4493 3097 4548 9η
3128 4496 3482 4566 (Chl-.1536}.

322 4570 382 4617 et
441 4562 741 4631 praesertim
799 4561 1032 4631 egregiis
1083 4560 1379 4617 instructos
1433 4563 1628 4633 equis.
1679 4564 1898 4634 delegit,

322 4657 517 4725 eisque
604 4654 885 4707 mandavit
947 4663 1004 4707 ut
1063 4669 1280 4708 summa
1338 4655 1421 4708 usi
1478 4655 1759 4710 celeritate
1813 4658 1909 4711 ho-

328 4758 471 4804 stem
504 4747 701 4801 alicubi
733 4756 1173 4815 assequercotur.
1204 4747 1357 4813 Quod
1381 4763 1504 4801 eum
1528 4748 1603 4801 illi
1637 4748 1898 4813 facerent,

322 4840 619 4905 Omniaque
651 4839 848 4894 misere
880 4848 1085 4894 vastata
1118 4839 1522 4907 conspicerent,
1559 4840 1625 4893 ad
1658 4842 1898 4895 animum

322 4933 407 4983 eis
460 4929 678 4991 accidit,
728 4932 840 4983 fieri
888 4946 1047 4999 posse
1101 4940 1157 4982 ut
1198 4931 1253 4981 in
1308 4930 1524 4983 redacta
1584 4931 1802 4999 penitus
1836 4936 1901 4987 ad

322 5023 674 5076 solitudinem
730 5022 952 5090 regione
1010 5021 1233 5088 aliquod
1300 5020 1431 5089 ipsis
1494 5022 1902 5078 incommodum

321 5120 591 5172 eveniret.
622 5119 856 5187 Ideoque
883 5132 1149 5171 converso
1202 5117 1395 5171 itinere
1426 5115 1733 5173 Tebrisium
1783 5121 1904 5174 red-

320 5212 458 5266 iere.
493 5212 625 5265 Cum
663 5220 840 5263 autem
875 5209 1214 5263 Soleinvanes
1244 5209 1345 5263 hoc
1374 5210 1535 5264 modo
1561 5210 1814 5266 delusum
1844 5226 1902 5267 se

320 5302 555 5365 videret,
595 5304 901 5354 vehementi
934 5312 1240 5353 commotus
1274 5300 1376 5361 ira,
1414 5301 1596 5354 scaclii
1629 5299 1900 5356 Teehma-

322 5395 402 5449 sis
423 5404 477 5448 et
500 5395 766 5461 majorum
800 5393 969 5461 ipsius
985 5391 1158 5461 regias
1179 5406 1503 5460 amoenoque
1530 5392 1749 5462 palatia,
1774 5409 1900 5447 cum

320 5487 496 5554 ipsius
565 5486 765 5540 sultani
857 5484 1079 5554 Jacupis
1160 5483 1410 5547 tudificio,
1508 5485 1653 5552 quod
1740 5486 1903 5540 Hoste

323 5578 534 5633 behiste
562 5578 783 5645 dicitur,
835 5588 889 5631 et
919 5575 1173 5632 omnibus
1234 5591 1357 5628 cum
1412 5576 1678 5644 paradisis
1733 5579 1898 5653 dirui,

318 5662 541 5736 vastari,
614 5670 847 5725 cremari
914 5669 1099 5739 jussit.
1150 5666 1416 5721 Praeterea
1473 5668 1735 5736 plurimos
1797 5670 1900 5724 Te-

318 5766 502 5820 brissii
551 5766 700 5818 cives
753 5764 1039 5833 compulit,
1103 5769 1161 5815 ut
1218 5759 1342 5813 inde
1365 5758 1898 5830 ConstantinOpolim

2056 4574 2328 4631 ‘Diximus
2359 4590 2538 4645 antea,
2568 4580 2950 4637 Chairadinem
2984 4587 3199 4641 bassam
3232 4606 3423 4661 magna
3459 4610 3581 4650 cum

2009 4666 2183 4721 classe
2222 4668 2530 4737 profectum
2569 4672 2620 4725 in
2675 4672 3015 4740 Barbariam.
3072 4677 3277 4734 Mauris
3321 4682 3587 4739 famosam

2008 4758 2194 4812 urbem
2229 4758 2475 4815 Tunisim
2496 4763 2782 4831 eripuisse,
2804 4780 2867 4818 ac
2888 4766 3086 4821 ibidem
3114 4769 3218 4822 sibi
3245 4774 3590 4829 constituisse

2007 4847 2368 4905 domicilium.
2408 4851 2454 4905 Is
2487 4853 2592 4907 hoc
2636 4864 2879 4924 tempore
2908 4874 3075 4915 naves
3126 4870 3291 4932 atque
3337 4866 3592 4921 triremes

2006 4938 2059 4989 in
2090 4945 2289 4992 terram
2318 4940 2680 5007 subduxerat,
2710 4961 2892 4999 rerum
2923 4948 3137 5003 scilicet
3176 4968 3399 5006 suarum
3430 4955 3592 5023 plane

2006 5043 2256 5095 securus,
2283 5046 2492 5100 suoque
2530 5036 2793 5088 duntaxat
2844 5037 3160 5110 indulgebat
3203 5044 3384 5103 genio.
3434 5045 3587 5098 Priu-

2006 5134 2131 5189 ceps
2164 5121 2381 5175 interim
2423 5124 2671 5187 Maurus,
2704 5129 2790 5180 cui
2827 5131 2978 5196 prius
3020 5146 3081 5182 ea
3135 5142 3397 5199 paruerat
3428 5133 3584 5196 ditio.

2004 5212 2285 5280 profectus
2344 5215 2396 5268 in
2453 5215 2790 5286 Hispaniam,
2832 5236 2988 5289 opem
3039 5220 3263 5289 Ilispani
3322 5224 3591 5294 principis

2006 5304 2337 5373 imploravit.
2428 5307 2701 5376 llispauus
2786 5312 2851 5363 ad
2944 5312 3235 5366 consilium
3331 5325 3592 5372 revocato

2006 5398 2246 5466 negotio,
2298 5401 2589 5453 verebatur
2641 5416 2926 5469 propterea
2980 5404 3126 5471 quod
3174 5404 3421 5461 Tunisim
3458 5408 3586 5463 Bar-

2006 5489 2229 5543 barossa
2315 5493 2567 5558 cepisset,
2628 5502 2686 5543 ut
2751 5492 3003 5561 llispanis
3066 5496 3210 5550 idem
3295 5501 3590 5567 aliquando

2006 5585 2265 5636 damnum
2316 5580 2566 5635 inferret.
2619 5582 2801 5636 Facile
2845 5587 3066 5652 putabat
3097 5588 3270 5656 ignem
3314 5594 3587 5659 exsaingui

2005 5690 2182 5743 posse,
2210 5676 2253 5729 si
2293 5676 2444 5744 prius
2494 5677 2955 5744 snpprinterctnr,
2998 5694 3160 5749 quam
3214 5681 3374 5737 latius
3401 5701 3591 5739 erum-

2006 5777 2174 5834 peret.
2222 5765 2407 5836 anue
2469 5767 2534 5821 dc
2566 5783 2729 5822 «causa
2780 5768 2922 5822 datis
2973 5771 3039 5823 ad
3097 5770 3314 5828 Italicos
3375 5776 3584 5843 princi-

3199 5957 3240 5981 Δ
