4026 6204
479 335 585 403 6ι3

1756 319 2114 389 ᾹΝΝᾹΙΕΞ
2153 314 2493 385 TURClCl.

3599 316 3690 386 ﬁll

484 475 581 527 pes
622 456 837 523 litteris,
862 456 940 510 u'ti
986 451 1230 510 subsidio
1278 451 1380 506 sibi
1430 450 1696 511 venirent.
1731 446 1906 516 petiit.
1943 444 2055 498 Ma-
2084 448 2139 508 Α
2165 452 2460 497 exercitum
2495 441 2546 492 in
2598 439 2834 494 Albanos
2869 437 3176 508 perduelles
3227 436 3474 499 inunisit,
3505 439 3588 507 qui
3619 453 3691 492 res

483 548 608 619 guis
684 561 810 617 ergo
848 545 1087 600 collectis
1135 543 1332 610 cupiis,
1367 552 1421 596 et
1477 540 1676 609 insigni
1732 539 1905 591 classe
1956 551 2051 605 pa-

487 651 625 699 rata.
660 640 832 692 eidem
866 636 1134 690 Andream
1177 634 1390 687 Doriam
1433 646 1686 700 suprema
1739 642 1863 683 ‘cum
1901 637 2050 697 pote-

487 743 628 786 state
651 717 933 800 'prtefecit,
967 737 1132 796 atque
1181 729 1253 780 ita
1287 725 1607 779 Tunisinam
1649 721 2048 791 expeditionem

490 823 746 877 instituit.
768 820 1125 875 Cbairadines
1151 826 1519 886 re'comperta,
1547 815 1740 868 Raisos
1769 828 1895 866 suos
1917 826 2052 866 con-

487 914 723 975 vocavit,
763 911 953 978 eisque
990 908 1403 962 deliberandum
1449 905 1728 975 proposuit
1772 904 1900 971 quid
1949 902 2054 955 hoc

484 1001 921 1054 Christianorum
975 1011 1122 1054 motu
1169 993 1483 1053 faciundum
1521 1005 1824 1052 censerent.
1848 993 1927 1047 llli
1971 1007 2056 1047 re-

485 1094 754 1154 spondere
800 1092 1031 1146 classem
1084 1092 1216 1144 mari
1263 1091 1415 1159 prius
1454 1088 1831 1143 instruendam
1891 1090 2052 1156 quam

484 1181 780 1237 Christiani
818 1199 875 1236 se
900 1182 1297 1252 conjungerent
1349 1182 1683 1248 omninoque
1717 1179 2056 1248 prmpedium

487 1277 610 1340 dos,
634 1292 700 1329 ne
737 1276 1026 1329 convenire
1056 1281 1295 1341 possent.
1326 1274 1404 1328 Ad
1448 1288 1508 1326 ea
1541 1273 1780 1326 vicissim
1829 1271 2057 1326 Cbaira-

487 1368 643 1420 dines
667 1367 824 1420 hassa
857 1383 872 1419 :
910 1366 966 1418 Si
1006 1364 1368 1434 tulipandum,
1408 1364 1610 1432 inquit,
1643 1377 1820 1417 meum
1864 1363 2058 1414 dunta-

492 1467 581 1509 xat
606 1458 821 1510 excelso
847 1455 1079 1524 quodam
1113 1456 1164 1508 in
1198 1456 1319 1510 loco
1346 1469 1510 1524 super
1549 1455 1759 1508 hastam
1793 1454 2054 1517 delixero,

489 1563 519 1600 a
563 1547 893 1602 Christianis
919 1557 978 1601 ut
1035 1548 1277 1616 conspici
1343 1548 1518 1616 possit
1594 1547 1884 1601 formidine
1941 1561 2058 1598 cor-

493 1641 658 1708 repti,
708 1640 772 1691 ad
829 1641 1035 1708 aliquot
1095 1639 1264 1692 millia
1305 1649 1449 1692 retro
1521 1637 1772 1707 fugient:
1847 1647 2057 1690 tantum

491 1729 645 1782 abest
699 1739 754 1781 ut
808 1729 1002 1782 bellum
1057 1729 1216 1782 nobis
1290 1728 1491 1781 illaturi
1563 1728 1691 1782 sint.
1754 1726 1862 1781 [lac
1933 1739 2059 1792 ergo

2153 549 2340 588 eorum
2365 541 2607 603 agerent,
2640 531 2863 598 ferrent,
2895 545 2958 586 ac
3002 530 3208 584 liberos
3238 539 3292 583 et
3325 542 3521 583 uxores
3547 530 3695 582 servi-

2155 632 2257 685 tuti
2283 631 2679 698 manciparent,
2719 628 2846 683 licet
2868 628 2956 682 bic
2978 636 3208 682 conatus
3225 641 3411 681 eorum
3436 627 3486 680 in
3508 628 3698 682 irritant

2155 725 2387 777 cadi-ret.
2421 722 2684 776 Praeterea
2713 721 2990 774 Romanius
3023 719 3426 789 beglerbegum,
3459 732 3577 771 cum
3609 719 3703 772 Ro-

2161 814 2354 868 maniae
2390 815 2582 882 copiis,
2613 813 2666 866 in
2696 812 2949 882 Apuliam
2986 821 3139 865 trans
3197 824 3344 864 mare
3382 807 3528 864 misit
3562 825 3576 861 :
3618 809 3701 876 qui

2156 921 2218 960 ea
2253 906 2305 958 in
2340 905 2563 973 regione
2589 905 2837 970 quaedam
2868 901 3128 971 Oppidula
3152 915 3276 955 cum
3297 900 3448 969 pagis
3472 899 3696 966 diripuit.

2156 995 2290 1050 Cum
2325 997 2559 1067 denique
2593 997 2822 1052 Turcica
2853 996 3051 1051 classis
3089 995 3382 1064 Corcyram
3424 1002 3611 1062 prteter
3639 992 3704 1045 leo

2157 1099 2328 1156 geret.
2355 1101 2419 1140 ex
2451 1088 2779 1157 Corcyrensi
2808 1087 3060 1156 praesidio
3089 1085 3386 1140 Christiani
3419 1083 3588 1137 navim
3615 1097 3703 1134 an-

2160 1179 2466 1241 nonariam,
2499 1195 2618 1248 quae
2651 1181 2883 1234 classem
2938 1179 3291 1249 sequebatur,
3341 1176 3548 1232 bellicis
3587 1175 3704 1242 peti-

2159 1280 2268 1325 tam
2304 1271 2573 1324 machinis
2601 1271 2934 1326 demersere.
2968 1270 3312 1325 Soleimanes
3344 1266 3705 1320 animadversa

2160 1360 2485 1416 Venetorum
2527 1362 2752 1431 perﬁdia
2807 1378 2973 1432 quam
3022 1377 3088 1416 ex
3133 1361 3256 1416 aliis
3293 1359 3454 1414 etiam
3511 1356 3707 1411 indiciis

2161 1454 2375 1510 abunde
2433 1463 2823 1522 perspexerat;
2883 1467 2989 1507 non
3045 1468 3238 1522 parum
3294 1448 3706 1506 excandescens.

2159 1547 2473 1601 Chairadini
2507 1546 2771 1616 Lutsiqne
2795 1545 2970 1600 bassis
3002 1541 3263 1612 praecepit
3294 1541 3371 1596 uti
3412 1555 3532 1594 cum
3552 1538 3708 1591 classe

2157 1639 2448 1710 Corcyram
2475 1639 2705 1693 insulam
2739 1645 3007 1707 peterent,
3038 1635 3296 1704 oppidula
3324 1648 3447 1687 cum
3480 1631 3608 1683 vicis
3624 1627 3709 1680 tle-

2165 1732 2566 1800 praedarentur,
2595 1729 2958 1797 hominesque
3007 1727 3252 1796 captivos
3285 1739 3475 1779 secum
3503 1720 3712 1773 abduce-

490 1821 783 1875 secnritate
832 1822 1028 1887 suique
1067 1820 1396 1874 conﬁdentia
1425 1829 1677 1883 caecatos,
1737 1834 1952 1872 omnem
1991 1835 2052 1872 ex
2088 1816 2128 1869 Β
2159 1830 2298 1876 rent.
2341 1820 2394 1872 Id
2429 1821 2503 1873 illi
2531 1835 2658 1872 cum
2693 1815 2975 1882 fecissent,
3000 1818 3216 1886 navigia
3258 1809 3711 1883 mancipiistri-

492 1911 675 1964 animo
706 1911 1119 1964 sollicitudinem
1142 1923 1196 1964 et
1225 1926 1406 1963 curam
1436 1910 1708 1980 deposuit.
1732 1909 1931 1963 Verum
1953 1926 2059 1962 non

495 2004 664 2055 multo
695 2012 818 2071 post
843 2003 1087 2056 Tunisim
1115 1999 1421 2071 praepotens
1443 2002 1890 2056 Christianorum
1919 2001 2061 2055 clas-

493 2091 570 2144 sis
603 2092 829 2159 appulit.
868 2090 939 2143 Ea
968 2078 1089 2142 c’um
1117 2091 1258 2145 istnc
1274 2093 1619 2157 accessisset,
1658 2093 1897 2146 occurrit
1921 2090 2060 2145 busti

493 2181 852 2234 Chairadines
883 2188 1034 2233 extra
1060 2183 1247 2234 urbem
1283 2184 1397 2236 suis
1443 2199 1569 2236 cum
1600 2185 1797 2252 copiis,
1847 2174 2063 2236 tametsi

495 2275 583 2328 vix
622 2291 810 2328 novem
853 2277 1107 2330 decem‘ve
1147 2277 1376 2330 militum
1409 2275 1726 2329 idoneorum
1773 2276 1937 2330 millia
1977 2292 2065 2331 se-

495 2379 622 2419 cum
655 2367 929 2420 educeret.
961 2370 1035 2420 Ad
1054 2368 1489 2422 Christianorum
1515 2370 1684 2422 aciem
1719 2383 2062 2438 progressus,

497 2454 746 2508 animose
773 2471 896 2508 cum
918 2458 998 2511 eis
1029 2457 1293 2512 conﬂixit.
1321 2457 1384 2510 Et
1414 2474 1724 2528 quanquam
1749 2460 1943 2528 ingens
1975 2459 2068 2512 ho-

498 2546 706 2599 minum
742 2548 1030 2600 multitudo
1073 2549 1124 2601 in
1159 2549 1594 2603 Christianorum
1623 2559 1766 2603 esset
1795 2550 2063 2614 exercitu,

499 2639 644 2692 fama
692 2648 870 2693 tamen
903 2641 1244 2708 perhibetur,
1283 2641 1447 2694 multa
1473 2641 1906 2695 Christianorum
1940 2643 2064 2695 mil-

500 2729 574 2783 lia
605 2740 718 2784 tum
748 2745 885 2783 causa
919 2730 1106 2794 fuisse,
1162 2747 1286 2785 cum
1333 2747 1400 2785 ex
1445 2733 1670 2787 adversa
1719 2733 2068 2789 Chairadinis

441 2872 443 2874 .
503 2831 658 2889 parte
692 2821 800 2874 duo
823 2823 1086 2876 duntaxat
1109 2821 1387 2877 hominum
1411 2825 1580 2879 millia
1605 2827 2066 2880 desiderarentur.

500 2913 636 2968 Cum
658 2925 840 2968 autem
876 2915 1232 2970 Chairadiues
1249 2917 1406 2970 hoste
1423 2932 1481 2972 se
1505 2917 1710 2972 videret
1730 2918 2066 2980 inferiorem,

503 3022 768 3061 conversa
795 3023 1019 3061 suorum
1043 3008 1178 3070 acie,
1201 3009 1266 3060 ad
1291 3010 1479 3063 urbem
1513 3023 1569 3062 se
1595 3010 1816 3077 recepit.
1845 3009 1921 3063 Eo
1946 3025 2068 3064 cum

503 3109 730 3151 ventum
771 3099 978 3161 luisset,
1033 3099 1308 3152 occlusam
1352 3097 1576 3166 reperit,
1606 3098 1748 3152 etin
1797 3101 2068 3154 mmnibus

501 3188 645 3242 elata
672 3190 1108 3244 Christianorum
1164 3190 1361 3244 vexilla
1391 3191 1698 3258 conspexit.
1734 3190 1947 3260 Quippe
1974 3206 2066 3245 ca-

505 3281 775 3350 ptivorum
803 3282 1244 3336 Christianorum
1274 3283 1482 3352 aliquot
1504 3283 1558 3337 in
1593 3284 1724 3337 urbe
1776 3284 1945 3336 millia
1982 3298 2068 3336 re-

504 3372 758 3441 liquerat,
786 3374 876 3442 qui
896 3373 1114 3442 quidem
1141 3374 1369 3434 interea.
1398 3375 1526 3428 dum
1563 3383 1715 3427 extra
1747 3390 1932 3428 muros
1954 3364 2069 3442 ipse

505 3479 630 3518 cum
679 3465 922 3519 exercitu
972 3465 1412 3520 Christianorum
1468 3465 1826 3532 prmliaretur,
1863 3461 2078 3536 perfrui

507 3555 611 3608 ctis
667 3555 1002 3618 carceribus,
1034 3563 1088 3608 et
1145 3555 1376 3623 arreptis
1427 3556 1614 3619 armis,
1672 3565 1855 3624 portas
1924 3556 2074 3611 urbis

507 3647 841 3708 clauserant,
895 3656 948 3698 et
989 3645 1043 3698 in
1079 3646 1351 3699 mmnibus
1403 3645 1595 3699 vexilla
1632 3643 2070 3699 Christianorum

509 3745 820 3795 erexerant.
847 3737 904 3791 ld
950 3752 1076 3790 vero
1114 3751 1237 3790 cum
1272 3737 1586 3803 accidisset,
1617 3738 1790 3807 major
1819 3753 1947 3806 pars
1976 3740 2079 3791 mi-

513 3828 668 3881 litum
700 3825 1048 3881 Chairadinis
1097 3840 1260 3890 caesa,
1321 3835 1630 3896 cunctaque
1685 3828 1896 3897 navigia
1951 3843 2075 3883 cum

513 3917 785 3972 machinis
815 3925 868 3970 et
903 3925 1165 3986 apparatu
1198 3915 1396 3971 bellico
1420 3917 1643 3972 fuerunt
1667 3919 1887 3972 amissa.
1921 3919 2080 3973 Chai-

515 4009 734 4063 radines
759 4022 882 4062 cum
930 4008 1155 4074 reliquis
1185 4022 1410 4062 suorum
1451 4018 1672 4078 propter
1699 4011 1886 4063 urbem
1923 4009 2081 4064 aufu-

513 4101 613 4170 git,
640 4107 692 4152 et
718 4099 771 4151 in
801 4099 1126 4152 solitudines
1165 4113 1224 4152 se
1258 4114 1382 4152 cum
1437 4099 1519 4152 eis
1550 4098 1761 4152 abdidit
1797 4116 1812 4151 :
1845 4115 2077 4167 quorum

516 4205 709 4258 magna
744 4204 870 4257 pars
894 4189 1055 4253 fame,
1086 4191 1200 4253 siti,
1233 4199 1289 4244 et
1349 4199 1486 4243 aestu
1536 4191 1716 4258 periit.
1747 4191 1863 4259 Ipse
1901 4191 2082 4244 varias

512 4290 770 4351 expertus
793 4296 1087 4346 aerumnas,
1123 4281 1340 4336 tandem
1369 4282 1435 4334 ad
1468 4281 1656 4335 urbem
1691 4295 1843 4334 suam
1900 4279 2085 4334 Cesai-

515 4388 629 4427 rem
666 4372 843 4428 evasit
876 4390 892 4428 :
924 4374 1068 4427 unde
1121 4388 1246 4427 cum
1285 4373 1478 4427 decem
1503 4382 1558 4426 et
1594 4381 1718 4426 octo
1767 4372 2083 4426 triremibus

2166 1910 2385 1974 stianis,
2415 1912 2660 1979 cujusvis
2696 1910 2872 1965 tetatis
2892 1921 2944 1964 et
2975 1925 3163 1973 sexus,
3189 1915 3490 1963 onerarunt
3522 1921 3534 1956 :
3569 1911 3713 1968 atque

2165 2004 2240 2058 ita
2262 2003 2788 2073 Constantinopolim
2830 2002 3205 2066 rediere.'Quo
3257 2000 3446 2064 delati,
3474 1996 3714 2052 Christia-

2173 2113 2239 2149 na
2299 2096 2566 2164 mancipia
2607 2111 2768 2163 supra
2785 2095 3038 2165 oppidum
3072 2093 3343 2155 Galatam,
3381 2104 3446 2144 eo
3476 2090 3610 2150 loco,
3630 2084 3713 2154 qui

2165 2187 2406 2242 Besictas
2438 2187 2597 2256 vulgo
2628 2185 2833 2241 dicitur
2893 2186 2959 2240 ad
2994 2171 3197 2240 terram
3223 2195 3524 2250 exposuere
3550 2217 3564 2233 .
3593 2178 3716 2231 mis-

2165 2278 2351 2346 sisque
2402 2277 2932 2346 Constantinopolim
2981 2275 3353 2345 praeconibus,
3411 2267 3714 2339 proclamarl

2161 2367 2464 2437 jusserunt,
2493 2377 2549 2421 ut
2578 2369 2624 2421 si
2658 2368 2782 2437 quis
2808 2367 3076 2436 mancipia
3109 2365 3448 2426 Christiana,
3477 2361 3711 2418 feminas.

2167 2476 2364 2522 mares,
2386 2459 2642 2528 juvenes,
2679 2474 2837 2514 senes
2865 2457 3098 2512 mercari
3122 2459 3310 2519 vellet,
3344 2456 3407 2509 ad
3438 2455 3712 2508 indicatum

2167 2555 2329 2606 modo
2369 2539 2552 2605 locum
2588 2551 2820 2614 veniret,
2861 2550 3062 2604 ibidem
3091 2547 3426 2617 'hnjnsmodi
3468 2542 3717 2611 mancipia

2167 2643 2460 2713 perexiguo
2484 2654 2900 2713 comparaturus
2921 2644 3117 2712 pretio.
3143 2640 3300 2707 Quod
3326 2639 3539 2709 quidem
3565 2640 3632 2691 ita
3654 2633 3719 2689 [ai

2168 2746 2312 2789 ctum
2349 2736 2471 2798 fuit,
2505 2745 2611 2790 tam
2666 2736 2753 2788 vili
2795 2736 2973 2804 pretio
3029 2735 3248 2789 miseris
3293 2733 3407 2788 illis
3438 2730 3716 2788 distractis.

2171 2826 2247 2878 uti
2277 2826 2525 2895 plerique
2556 2826 2770 2880 duobus
2820 2827 3066 2880 tribusve
3115 2824 3415 2879 sultaninis
3457 2822 3720 2878 vaanirent,

2172 2918 2274 2970 hac
2298 2919 2412 2986 ipsa
2437 2918 2663 2985 pecunia
2693 2918 2856 2986 regiis
2879 2908 3152 2970 thesauris
3179 2916 3354 2969 illata.
3381 2914 3721 2979 Posteaquam

2173 3011 2395 3064 domum
2455 3009 2601 3062 itura
2657 3010 2853 3063 classis
2900 3009 3247 3072 discesserat,
3283 3009 3448 3060 etiam
3487 3004 3718 3059 sultanus

2176 3101 2513 3154 Soleimanes
2560 3101 2723 3153 motis
2756 3099 2954 3154 castris
2987 3099 3090 3152 iter
3120 3097 3430 3170 ingressus,
3483 3099 3566 3149 die
3595 3106 3722 3147 nono

2173 3194 2374 3248 mensis
2420 3193 2590 3256 illius,
2624 3193 2716 3260 qui
2755 3190 3027 3246 Zemaziel
3080 3191 3248 3245 Aehir
3281 3190 3482 3245 Turcis
3517 3187 3717 3244 dicitur.

2173 3282 2700 3351 Constantinopolim
2716 3297 2968 3337 reversus
2983 3290 3086 3346 est,
3101 3297 3244 3335 anno
3261 3282 3370 3335 944
3387 3281 3532 3350 (Chr.
3555 3275 3720 3341 1558).

2243 3374 2378 3428 Cum
2431 3375 2554 3428 istic
2589 3374 2904 3441 aliquandiu
2942 3373 3210 3435 haesisset,
3241 3374 3416 3425 armis
3458 3373 3508 3423 in
3545 3369 3725 3423 llolda-

2175 3481 2304 3520 vum
2339 3452 2629 3535 expeditis,
2672 3465 2958 3518 undecimo
2999 3464 3086 3517 die
3121 3463 3335 3518 mensis
3375 3462 3569 3517 Seferis
3595 3460 3724 3514 Cen-

2177 3560 2528 3628 stantiuopoli
2558 3571 2835 3627 egressus,
2862 3555 3185 3610 Moldaviam
3211 3571 3411 3611 versus
3443 3552 3720 3610 contendit.

2178 3650 2276 3706 Ubi
2305 3651 2369 3704 ad
2398 3649 2738 3718 oppidulum,
2781 3647 2928 3717 quod
2963 3647 3268 3701 lshacluam
3302 3656 3520 3710 vocant,
3552 3657 3726 3714 perve-

2185 3744 2378 3808 nisset,
2417 3741 2743 3795 transmisso
2795 3740 3062 3804 Danubio,
3091 3738 3414 3793 Moldaviam
3474 3739 3728 3805 ingressus

2179 3843 2283 3890 est.
2312 3835 2386 3888 lbi
2424 3844 2542 3887 tum
2563 3833 2683 3903 fuga
2713 3833 2815 3888 sibi
2846 3833 3138 3888 consulere
3172 3832 3412 3887 Vaimda
3451 3832 3724 3889 Moldavus,

2181 3941 2281 3980 nec
2311 3940 2541 3994 usquam
2585 3926 2637 3978 in
2674 3936 2920 3994 apertum
2968 3924 3186 3993 prodire
3218 3940 3232 3978 :
3269 3924 3465 3978 incola:
3495 3937 3615 3976 vero
3648 3933 3726 3972 rc-

2181 4018 2355 4087 giouis
2387 4019 2602 4072 sultano
2651 4033 2708 4072 se
2763 4017 2990 4082 dedere,
3031 4017 3122 4085 qui
3159 4016 3366 4074 limites
3421 4011 3622 4085 imperii
3652 4008 3726 4064 sui

2182 4111 2246 4164 ad
2282 4125 2495 4163 amnem
2528 4124 2700 4177 usque
2727 4108 2976 4162 Berutem
3010 4107 3322 4175 prolatavit.

2253 4204 2380 4254 Erat
2416 4202 2468 4254 in
2504 4203 2728 4254 adversa
2757 4200 2870 4267 ripa
2911 4199 3182 4268 quoddam
3218 4197 3560 4265 oppidulum,
3591 4188 3724 4261 quod

2186 4290 2439 4360 Sangiaci
2470 4289 2749 4343 domicilio
2775 4289 2909 4342 satis
2934 4296 3080 4341 esset
3104 4287 3382 4340 idoneum.
3409 4286 3726 4352 Quapropter

2184 4395 2248 4435 eo
2277 4382 2394 4434 loco
2431 4380 2759 4448 Sangiacum
2800 4378 3110 4430 constituit.
3143 4376 3490 4444 Sequebatur
3515 4373 3565 4426 id.
3600 4377 3725 4423 tem-

513 4461 1040 4531 Constantinopolim
1081 4461 1358 4531 profectus
1385 4470 1488 4526 est,
1517 4476 1861 4530 quacumque
1893 4460 2069 4514 tende-

2198 4471 2347 4541 poris
2379 4472 2598 4524 Portam
2626 4468 2826 4524 Sullani
2854 4467 3179 4520 Soleimanis
3230 4467 3452 4533 quidam
3491 4465 3641 4517 na‘tus
3670 4473 3726 4510 ex

518 4562 622 4615 ret,
654 4555 920 4607 damnum
949 4553 1280 4607 Christianis
1309 4552 1576 4607 inferens.
1608 4552 1939 4606 Acciderunt
1973 4551 2089 4606 haec

514 4657 660 4696 anno
682 4643 789 4696 945
813 4641 960 4710 (Chr.
989 4642 1171 4709 £537).

587 4731 810 4786 Solebat
838 4734 942 4786 hoc
974 4739 1220 4802 tempore
1250 4729 1725 4798 Constantinopoli
1749 4729 2086 4785 Soleimanes

519 4824 837 4893 plerumque
861 4823 1076 4892 degere.
1114 4821 1311 4876 Verum
1345 4822 1443 4875 ista
1471 4837 1593 4876 cum
1622 4823 1926 4884 evenirent,
1948 4821 2088 4876 forte

519 4919 847 4984 migraverat
877 4914 1350 4984 Hadrianopolim,
1373 4924 1427 4968 nt
1451 4917 1574 4968 istic
1607 4915 1942 4969 hibernaret.
1971 4915 2083 4968 Sub

518 5009 726 5062 aestatis
765 5007 981 5061 initium
1007 5022 1263 5060 reversus
1289 5007 1847 5076 ConstantinOpolim,
1881 5008 1947 5061 ad
1974 5007 2087 5061 bel-

524 5101 635 5152 lum
688 5113 747 5152 se
782 5097 943 5168 347
980 5098 1212 5166 paravit,
1243 5107 1295 5151 et
1325 5097 1710 5153 Chairadinem
1768 5097 2090 5168 Lutsimque

520 5192 708 5245 bassas
740 5205 932 5259 magna
987 5205 1108 5244 cum
1157 5190 1332 5243 classe
1367 5191 1596 5256 dimisit,
1643 5191 1735 5258 qui
1796 5190 1930 5244 mari
1974 5204 2084 5243 rem

519 5293 813 5353 gererent:
864 5283 981 5351 ipse
1037 5281 1508 5352 Constantinopoli
1569 5286 1871 5353 digressus,
1922 5283 2087 5336 Alba-

523 5375 669 5428 niam
699 5375 872 5445 petiit.
897 5375 1190 5428 Avelonam
1215 5390 1339 5428 cum
1367 5377 1719 5445 pervenisset,
1745 5376 1904 5429 etiam
1929 5375 2089 5428 Chai-

525 5467 743 5518 radines
765 5472 818 5519 et
848 5463 1029 5520 Lutsis
1059 5466 1246 5520 eodem
1277 5481 1400 5520 cum
1426 5468 1600 5520 classe
1634 5466 1963 5528 triremium,
1984 5479 2086 5519 cas-

523 5560 765 5624 terisque
817 5572 940 5610 cum
981 5558 1238 5627 navigiis,
1269 5559 1614 5628 appulerunt.
1655 5558 1995 5611 Soleiruanes
2031 5557 2085 5610 in

519 5649 634 5700 loca
669 5657 953 5701 montuosa
981 5649 1284 5717 proiectus,
1306 5650 1500 5703 ibidem
1525 5664 1648 5702 cum
1687 5649 1861 5701 Porta:
1896 5646 2082 5699 militi-

523 5741 626 5796 bus
653 5749 705 5794 et
764 5745 1020 5794 comitatu
1069 5741 1266 5794 castris
1331 5741 1510 5794 locum
1564 5739 1751 5809 ccpit:
1816 5738 2082 5808 rcliqumn

2194 4563 2400 4615 familia
2435 4561 2804 4615 Vaivodarum
2834 4559 3134 4618 Moldavire,
3165 4559 3252 4611 cui
3285 4567 3342 4612 et
3364 4570 3587 4610 annome
3615 4565 3734 4621 pra“

2190 4653 2475 4706 bebantur.
2516 4650 2670 4705 llunc
2723 4650 3064 4704 Soleimaues
3122 4648 3404 4703 Moldaviae
3460 4642 3730 4697 Vaivodam

2188 4743 2448 4814 praefecit.
2479 4741 2630 4808 Quod
2668 4742 2813 4811 prior
2845 4742 2932 4794 ille
2968 4741 3210 4794 Vaivoda
3264 4754 3387 4792 cum
3422 4735 3733 4814 rescivissel.

2189 4843 2401 4902 portam
2430 4839 2818 4900 praepotentem
2848 4831 3076 4897 ipsemet
3106 4827 3258 4890 adiit,
3296 4837 3351 4881 et
3385 4843 3414 4879 a
3441 4823 3734 4878 Soleimauc

2191 4923 2462 4992 postulata
2505 4923 2900 4991 impetrataque
2928 4920 3123 4989 gratia,
3181 4919 3464 4972 restitutus
3508 4917 3560 4968 in
3614 4913 3730 4964 intc-
3801 4906 3806 4908 ’

2189 5032 2343 5086 grum
2379 5015 2504 5070 fuit.
2557 5014 2893 5068 Soleimanes
2927 5027 2956 5065 e
3001 5010 3266 5064 Moldavia
3321 5017 3616 5067 revertens,
3645 5001 3732 5053 lla-

2190 5107 2552 5175 drianopolim
2587 5121 2646 5160 se
2695 5103 2970 5156 contulit:
3028 5103 3118 5155 ubi
3172 5109 3361 5155 exacta
3403 5100 3596 5158 hieme,
3645 5096 3732 5147 sn?!

2189 5200 2333 5254 veris
2365 5198 2579 5251 initium
2626 5193 3162 5261 Constantinopolim
3215 5190 3370 5254 abiit,
3405 5200 3459 5243 et
3492 5183 3651 5256 quieti
3681 5196 3730 5235 se

2173 5292 2355 5353 .dedit,
2406 5305 2548 5344 anno
2577 5289 2682 5344 945
2717 5287 2868 5356 (Chr.
2900 5285 3080 5350 1559).

2265 5377 2574 5432 Secundum
2631 5375 2719 5429 illa
2773 5375 2950 5426 denuo
2975 5388 3098 5427 cum
3156 5371 3331 5426 classe
3372 5365 3728 5424 Cbairadinetu

2172 5468 2326 5523 .mari
2359 5467 2646 5536 ablegavit.
2689 5465 2738 5519 ls
2768 5473 2947 5518 autem
2978 5463 3193 5531 egregie
3222 5463 3542 5520 instructus,
3568 5464 3619 5508 ut
3649 5453 3732 5504 ho-

2190 5567 2325 5612 stem
2357 5573 2540 5622 suum,
2600 5557 2871 5609 Andream
2935 5553 3172 5616 Doriam,
3198 5558 3465 5621 qtttrrerel
3499 5566 3513 5602 :
3545 5547 3733 5607 absque

2193 5649 2303 5702 ullo
2335 5648 2717 5717 impedimento
2742 5647 3042 5716 penetravit
3067 5645 3118 5696 in
3152 5644 3381 5703 Italiam,
3417 5640 3590 5708 ibique
3617 5647 3734 5685 non-

2192 5741 2336 5795 nulla
2368 5756 2490 5795 cum
2549 5741 2681 5796 vicis
2713 5737 2966 5807 oppidula
3015 5734 3394 5804 depopulatus,
3431 5733 3586 5784 etiam
3626 5735 3732 5776 utu-
