4026 6204
296 318 397 388 διδ

1555 320 1905 390 ANNALES
1928 322 2259 385 TURCICI.

3443 320 3545 382 646

299 451 428 491 nera
456 436 757 507 majoribua
783 452 812 493 a
842 437 1155 494 civitatibus
1178 436 1413 508 accepit.
1445 437 1580 493 Cum
1620 440 1711 493 diu
1746 439 1873 493 hinc
1904 439 1951 495 Α
2050 432 2360 487 Secundum
2411 432 2523 484 haec
2560 436 2775 484 rursnm
2810 444 3003 500 magna
3041 445 3165 484 cum
3210 429 3384 486 classe
3416 434 3548 487 mis—

298 528 421 584 inde
456 530 790 594 oberrasset,
816 532 1096 601 inopinato
1112 531 1381 587 Andream
1407 531 1621 585 Doriam
1648 532 1871 601 reperit,

300 629 353 675 et
400 631 629 677 strenue
674 638 798 677 cum
831 639 894 677 eo
937 623 1259 694 conﬂigens.
1282 638 1449 676 naves
1495 623 1719 677 hostiles
1772 622 1873 675 ali—

300 723 425 779 quot
478 714 798 773 submersit.
861 724 915 767 et
959 715 1206 768 triremes
1275 714 1483 782 aliquot
1517 714 1675 782 cepit.
1712 712 1873 765 Doria

299 804 514 858 tandem
563 805 704 858 hosti
748 820 804 857 se
845 806 1108 874 imparem
1144 804 1607 867 animadvertetis,
1634 820 1759 859 cum
1786 819 1873 859 re-

298 896 481 964 liquiis
513 911 627 949 suae
658 896 858 949 classis
889 895 1121 966 aufugit.
1155 896 1219 949 Et
1242 897 1365 965 quia
1394 908 1521 951 tunc
1553 897 1726 950 hiems
1773 897 1873 949 ἱιιιο

297 985 557 1051 minebat,
586 987 758 1040 versis
782 985 1137 1043 Cbairadines
1180 988 1314 1042 velis
1343 988 1873 1058 Constantinopolim

294 1077 477 1139 rediit,
506 1093 651 1131 anno
675 1078 777 1133 945
804 1079 955 1149 (Chr.
994 1081 1175 1149 1539).

370 1169 465 1223 Die
492 1169 665 1233 Jovis.
725 1172 817 1239 qui
857 1172 1104 1226 decimus
1158 1172 1380 1242 quintus
1435 1173 1639 1227 mensis
1674 1168 1880 1227 Sefcris

295 1270 440 1323 erat,
478 1262 578 1315 sub
643 1278 947 1331 vesperam,
1010 1266 1323 1320 incendium
1378 1265 1873 1335 Constantinopoli,

295 1367 407 1405 non
436 1354 619 1420 procul
661 1354 729 1407 ab
775 1354 993 1408 illorum
1053 1372 1295 1421 carcere,
1336 1358 1427 1426 qui
1468 1357 1758 1411 criminum
1800 1358 1875 1412 rei

298 1444 713 1509 custodiuntur,
739 1445 793 1498 in
831 1460 1018 1499 eorum
1054 1447 1294 1501 tabernis
1317 1459 1566 1502 exortum
1602 1448 1704 1503 fuit
1734 1468 1747 1513 ;
1782 1450 1874 1519 qui
1914 1504 1917 1505 ν

300 1534 499 1599 picem,
524 1536 781 1596 resinam,
818 1536 1133 1605 axungiam,
1162 1539 1403 1607 aliasque
1443 1555 1528 1593 res
1559 1540 1695 1595 tales
1746 1546 1879 1592 Ven-

298 1631 457 1679 dunt.
488 1626 585 1678 Hic
628 1626 768 1695 ignis
801 1644 865 1681 ex
900 1628 1151 1682 indicatis
1180 1630 1418 1684 tabernis
1458 1630 1512 1683 in
1544 1632 1715 1700 ipsam
1762 1640 1877 1684 tur-

301 1717 427 1780 rim,
464 1718 576 1771 sive
614 1733 888 1772 carcerem
937 1720 1280 1787 przcdictum,
1326 1722 1501 1775 evasit
1540 1737 1552 1774 :
1594 1723 1685 1790 qui
1720 1723 1876 1775 clau-

303 1826 401 1864 sus
422 1826 542 1864 cum
576 1821 742 1875 esset,
791 1811 1041 1866 homines
1082 1814 1134 1864 in
1168 1828 1231 1865 eo
1262 1813 1586 1881 septingenti
1643 1812 1877 1867 ﬂammis

303 1904 487 1956 exusti
534 1903 833 1971 perierunt.
890 1903 965 1956 Ex
1007 1919 1072 1957 eo
1102 1904 1220 1958 loco
1259 1905 1543 1958 dilatatum
1580 1905 1631 1958 in
1686 1907 1876 1959 urbem

305 1996 642 2061 incendium,
686 2012 714 2049 a
758 1997 964 2052 dextris
989 2008 1041 2051 et
1066 1997 1308 2053 sinistris
1340 1999 1524 2068 vagari
1579 1998 1741 2068 cepit.
1795 1998 1877 2053 Ad

304 2087 727 2155 publicanorum
773 2103 1047 2143 carcerem
1095 2104 1219 2143 cum
1288 2090 1646 2157 pervenisset,
1691 2098 1878 2159 aperto

306 2179 544 2234 carceris
572 2182 734 2247 ostio,
780 2179 992 2234 dimissi
1038 2179 1188 2235 fuere
1240 2180 1531 2249 publicani.
1566 2180 1683 2246 Quo
1709 2181 1873 2245 facto,

308 2268 477 2323 turris
508 2270 780 2337 ipsa,sive
810 2284 1024 2332 carcer,
1058 2269 1241 2323 itidem
1276 2268 1656 2339 conﬂagravit.
1691 2269 1877 2327 Latius

307 2359 437 2413 inde
467 2360 685 2429 serpsit.
717 2375 890 2428 usque
920 2361 986 2413 ad
1033 2370 1241 2428 portam
1278 2364 1451 2427 urbis,
1485 2377 1647 2433 quam
1676 2361 1878 2433 Ligna-

307 2454 445 2506 riam
478 2462 694 2516 vocant,
720 2452 809 2505 ubi
852 2454 1091 2507 taberna:
1122 2465 1248 2508 sunt
1281 2453 1558 2510 fabrorum
1621 2454 1878 2509 ferrario-

308 2560 452 2597 rum.
484 2544 551 2598 lis
580 2545 633 2596 in
673 2544 804 2597 locis
833 2544 1017 2597 omnia
1045 2544 1279 2600 ﬂammis
1308 2546 1596 2615 absumpta
1634 2546 1873 2602 fuerunt.

309 2633 440 2689 Inde
470 2649 529 2688 se
558 2635 822 2689 convertit
844 2635 933 2689 hic
972 2635 1113 2704 ignis
1156 2636 1221 2690 ad
1252 2637 1399 2691 aedes
1424 2636 1572 2690 Balis
1610 2636 1763 2707 Agaa.
1783 2638 1879 2706 qui

306 2729 565 2781 tribunus
596 2729 725 2781 olim
781 2728 1165 2796 genizarorum
1208 2728 1408 2793 fuerat,
1463 2736 1688 2798 totaque
1731 2730 1880 2785 istaec

310 2819 629 2887 deﬂagravit
660 2820 829 2884 regio.
866 2821 1054 2874 Postea
1094 2820 1332 2888 Perrexit
1366 2819 1431 2873 ad
1462 2819 1756 2875 Caravanae
1794 2836 1879 2875 sa-

308 2911 510 2971 raiutn,
540 2910 681 2983 unde
705 2913 958 2964 tabernas
988 2927 1174 2965 eorum
1211 2912 1430 2972 invasit,
1464 2911 1555 2980 qui
1587 2920 1745 2965 torno
1779 2927 1881 2965 caa-

309 2997 449 3061 lant,
484 3013 713 3065 quarum
736 2999 925 3052 ordine
948 3000 1118 3053 series
1143 3014 1336 3068 magna
1359 3002 1708 3068 conspicitur.
1745 3000 1881 3057 Hinc

312 3089 379 3142 ad
409 3104 528 3143 eam
582 3090 761 3159 erupit
807 3106 1013 3156 arcam,
1039 3106 1159 3161 qua:
1189 3090 1414 3146 Tachtal
1463 3092 1589 3147 Cala
1627 3094 1825 3147 dicitur
1861 3110 1874 3147 :

312 3182 460 3235 unde
490 3197 685 3237 rursus
711 3182 774 3236 ad
801 3181 984 3237 fabros
1013 3184 1254 3245 aerarios.
1289 3185 1356 3238 ab
1385 3186 1472 3239 his
1507 3186 1571 3239 ad
1606 3186 1879 3240 vitriarios

310 3275 637 3343 penetravit,
689 3275 851 3329 etiam
916 3274 1004 3328 illa
1074 3276 1301 3343 regione
1348 3276 1601 3331 incendio
1644 3294 1881 3347 prorsus

311 3365 602 3429 exhausta,
622 3380 742 3434 quae
767 3366 971 3435 pictum
999 3365 1249 3420 balneum
1273 3368 1464 3420 ambit.
1496 3367 1732 3440 Longius
1757 3370 1881 3423 inde

314 3475 685 3529 progressum,
725 3461 791 3514 ad
821 3460 1133 3515 Judaeorum
1156 3463 1416 3532 pervenit
1471 3465 1633 3529 aedes,
1678 3466 1879 3519 ibidem

314 3554 556 3605 maximo
577 3568 698 3605 cum
724 3552 1050 3606 detrimento
1072 3563 1376 3623 grassatum
1402 3565 1707 3623 propterea,
1736 3558 1880 3625 quod
1904 3613 1907 3616 ,

314 3644 605 3697 admodum
672 3644 777 3697 illae
824 3644 1245 3714 sibi-contigua:
1296 3647 1425 3700 sint.
1473 3647 1608 3701 Hine
1678 3664 1879 3717 sparsae

315 3734 538 3788 fuerunt
564 3734 792 3788 ﬂammae
826 3751 999 3805 usque
1032 3736 1097 3789 ad
1140 3747 1348 3806 portam
1377 3738 1479 3792 fori
1509 3739 1673 3810 3&8
1703 3742 1880 3810 pisca-

314 3828 405 3893 rii,
466 3837 521 3881 et
566 3827 829 3896 quidquid
882 3828 1235 3883 aediﬁciorum
1279 3838 1396 3883 erat
1437 3830 1575 3884 inter
1624 3833 1786 3894 hanc,
1830 3844 1882 3888 et

310 3917 623 3973 Judaeorum
657 3929 891 3988 portam,
918 3935 1138 3988 prorsus
1157 3919 1225 3974 ab
1251 3924 1373 3991 igne
1389 3922 1626 3977 deletum
1653 3924 1879 3979 fuit.'Ad

311 4023 608 4072 summam,
644 4010 1029 4077 propemodum
1052 4010 1315 4064 universa:
1334 4009 1648 4066 Judaeorum
1677 4013 1802 4066 dom
1819 4030 1882 4070 us

312 4099 470 4154 fuere
516 4111 896 4155 concrematre.
966 4099 1099 4155 Nam
1153 4102 1340 4156 aestivo
1372 4112 1617 4173 tempore
1650 4107 1883 4173 contigit

310 4194 418 4247 hoc
455 4193 929 4258 incendium,cutu
971 4194 1162 4262 ingens
1198 4204 1343 4248 esset
1376 4195 1620 4249 siccitas.
1642 4196 1885 4252 Arbores

308 4284 476 4337 etiam
515 4282 710 4337 virides
738 4284 905 4338 instar
922 4283 1196 4353 sulphuris
1248 4299 1453 4339 arsere.
1480 4282 1674 4338 Nullus
1701 4286 1885 4340 incen-

308 4376 779 4446 dii.restinguendi
812 4377 1009 4430 modus
1045 4373 1285 4430 inveniri
1308 4386 1541 4444 poterat.
1593 4376 1737 4431 Nihil
1797 4393 1885 4431 ar-

1975 543 2070 582 sus
2118 525 2219 579 fuit
2249 523 2621 584 Cltairadincs,
2644 533 2700 575 ut
2725 538 2903 575 arcem
2932 521 3161 586 Novam,
3184 539 3348 592 quam
3383 524 3543 578 Chri-

1973 618 2135 672 stiani
2194 625 2623 685 occupaverant,
2671 622 3017 681 recuperaret
3056 630 3069 666 :
3110 618 3547 682 imperatumque

1976 709 2255 778 Sangiacis
2280 708 2535 763 omnibus
2559 707 2675 775 ejus
2702 704 3014 775 provinciat,
3054 716 3111 758 ttt
3144 706 3413 760 universis
3432 708 3545 759 suis

1975 818 2097 857 cum
2132 801 2329 870 copiis,
2351 809 2406 853 et
2430 810 2693 869 apparatu
2737 798 2952 861 bellico,
2985 798 3050 851 ad
3091 812 3206 850 eam
3236 813 3293 851 se
3329 800 3547 851 confer-

1976 894 2477 951 rentobsidionem.
2520 888 2621 944 Ubi
2652 890 2842 944 classis
2880 889 3205 957 appulisset,
3257 905 3285 942 e
3317 890 3546 942 navibus

1978 983 2031 1037 in
2068 993 2263 1035 terram
2303 982 2563 1052 exposita:
2638 980 2790 1033 fuere
2826 980 3095 1032 machina:
3148 980 3539 1039 tormentariaz.

1979 1074 2308 1143 propiusque
2332 1072 2553 1126 militari
2604 1086 2757 1124 more
2785 1072 3028 1126 deducta:
3060 1072 3126 1125 ad
3158 1072 3362 1125 castelli
3420 1088 3543 1124 mu-

1979 1181 2093 1226 ros,
2147 1173 2201 1217 et
2229 1174 2334 1217 tam
2390 1165 2478 1217 diu
2510 1164 2784 1232 displosa,
2824 1164 2999 1219 donec
3033 1166 3360 1218 niteniorttm
3420 1180 3546 1232 pars

1981 1258 2201 1326 disjecta
2228 1264 2530 1322 corrueret,
2563 1271 2627 1310 ac
2654 1270 2749 1323 per
2778 1256 2925 1325 ipsas
2950 1257 3137 1310 ruinas
3179 1257 3335 1310 miles
3357 1256 3422 1309 ad
3451 1271 3548 1309 ex-

1979 1354 2322 1419 pugnandam
2364 1363 2546 1403 arcem
2571 1348 2980 1402 immitteretur.
3013 1347 3180 1401 Erant
3208 1347 3544 1417 inpraasidio

1982 1440 2189 1493 castelli
2226 1440 2424 1492 milites
2453 1437 2746 1492 Christiani
2774 1439 2996 1493 virtutis
3050 1438 3285 1501 eximim,
3312 1438 3402 1506 qui
3435 1448 3544 1491 tant

1980 1531 2194 1585 fortiter
2222 1531 2359 1585 hosti
2392 1529 2735 1596 resistebant,
2779 1540 2843 1585 ut
2891 1531 2958 1584 ab
2990 1540 3216 1598 utraque
3242 1540 3393 1599 parte
3424 1532 3545 1599 plu-

1980 1623 2103 1676 rimi
2131 1625 2401 1676 caderent.
2437 1622 2514 1673 Ad
2546 1630 2848 1675 extremum
2897 1632 3078 1675 tamen
3117 1622 3424 1675 animorum
3453 1638 3546 1675 ar-

1984 1712 2114 1765 dore
2158 1714 2400 1775 remisso,
2426 1712 2826 1766 succubuerunt
2862 1732 2875 1777 ;
2912 1722 2967 1767 et
3000 1713 3200 1767 occisis
3256 1729 3546 1783 propemo-

1980 1803 2106 1855 dum
2180 1802 2473 1862 universis.
2545 1805 2830 1872 captisque
2903 1805 3308 1872 superstitibus,
3376 1806 3547 1859 evasit

1980 1909 2160 1947 nemo.
2197 1892 2344 1948 Nova
2371 1902 2605 1963 recepta,
2632 1894 2896 1963 quidquid
2941 1903 3057 1949 erat
3096 1896 3237 1948 inter
3294 1897 3545 1963 captivos

1979 1984 2153 2037 anatis
2181 1996 2403 2052 vegetas,
2432 1986 2742 2038 damnatum
2795 1986 2895 2039 fuit
2924 1986 2988 2039 ad
3044 1987 3320 2039 triremes.
3354 1986 3543 2040 Itidem

1980 2084 2192 2144 reperta
2220 2075 2273 2129 in
2308 2091 2433 2130 arce
2486 2076 2758 2144 mancipia
2800 2068 3051 2141 Turciéa,
3107 2077 3379 2130 vindicata
3418 2088 3547 2132 sunt

1979 2170 2034 2224 in
2064 2170 2390 2225 libertatem.
2422 2170 2518 2225 llis
2563 2171 2728 2226 rebus
2763 2171 2953 2241 gestis,
2983 2181 3037 2225 et
3062 2173 3207 2226 arcis
3243 2174 3542 2235 moenibus,

1979 2276 2084 2330 qua
2112 2260 2291 2314 diruta
2316 2261 2553 2323 fuerant,
2581 2262 2798 2317 refectis
2818 2306 2831 2327 ,
2860 2263 3219 2319 Cltairadines
3250 2265 3397 2319 illinc
3419 2281 3542 2318 cum

1978 2352 2153 2409 classe
2184 2355 2477 2424 digressus,
2509 2355 2715 2424 aliquot
2758 2358 2970 2425 navigia
3022 2358 3296 2411 mercibus
3346 2369 3544 2413 onusta

1978 2445 2304 2502 Christianis
2350 2447 2573 2509 ademit.
2631 2455 2684 2501 et
2739 2448 3013 2517 oppidulis
3052 2450 3376 2518 quibusdam
3435 2468 3547 2504 ma-

1980 2539 2179 2594 ritimis
2214 2538 2449 2593 ﬂammis
2491 2555 2554 2593 ac
2582 2539 2729 2593 ferro
2762 2540 2988 2604 coactis,
3035 2550 3092 2593 ttt
3114 2541 3545 2595 incolumitatem

1981 2646 2134 2685 suam
2154 2632 2380 2699 pecunia
2410 2632 2756 2694 redimerem,
2798 2631 3326 2701 Constantinopolim
3361 2633 3545 2699 rediit,

1980 2736 2124 2775 anno
2149 2723 2252 2777 946
2280 2724 2433 2791 (Chr.
2470 2724 2650 2793 1540).

2054 2812 2310 2868 Sultanus
2341 2823 2520 2869 autem
2568 2815 2911 2871 Soleimanes
2943 2817 3032 2871 die
3072 2819 3313 2872 secundo
3344 2821 3550 2876 mensis

1984 2903 2284 2961 Schabanis
2315 2907 2786 2978 Constantinopoli
2822 2910 3121 2978 profectus,
3177 2911 3551 2983 Hadrianopo-

1981 2996 2075 3051 lim
2109 3000 2357 3064 accessit,
2398 3010 2451 3053 et
2496 3001 2694 3054 ibidem
2752 3002 3039 3057 hibernum
3074 3013 3288 3074 tempus
3321 3008 3501 3073 exegit
3536 3020 3551 3060 :

1982 3103 2091 3158 quo
2107 3089 2357 3151 durante,
2376 3098 2622 3144 exortum
2647 3092 2954 3145 incendium
2983 3092 3034 3146 in
3058 3095 3240 3146 sat-aio
3266 3110 3426 3156 novo,
3444 3110 3554 3164 quo

1985 3181 2257 3234 conclusae
2285 3182 2485 3234 sultani
2514 3196 2730 3244 uxores,
2754 3182 2931 3244 liberi,
2963 3184 3154 3249 puclla:
3188 3185 3424 3252 virgines
3458 3187 3552 3239 ha-

1984 3271 2155 3325 bitare
2181 3274 2376 3335 solent,
2414 3282 2584 3326 totum
2638 3273 2770 3326 illud
2830 3274 3120 3328 aedificium
3182 3291 3304 3329 cum
3368 3280 3550 3347 magni

1983 3365 2139 3432 pretii
2177 3365 2338 3418 rebus
2404 3364 2637 3418 exussit.
2688 3364 2902 3419 Rursus
2944 3371 3121 3419 tamen
3162 3367 3302 3421 haud
3354 3385 3553 3437 magno

1986 3456 2246 3522 temporis
2268 3456 2449 3523 spatio
2480 3454 2822 3522 splendidius
2846 3464 2929 3509 est
2964 3459 3354 3521 instauratum,
3386 3474 3550 3527 quam

1986 3544 2164 3601 fuerat
2212 3547 2380 3613 prius.
2435 3546 2561 3599 Inde
2624 3548 2964 3603 Soleimanes
3026 3548 3555 3620 Constantinopolim

1983 3638 2068 3692 die
2098 3638 2327 3707 septimo
2364 3640 2565 3693 mensis
2596 3640 2848 3694 Silcltizis
2894 3655 3172 3707 reversus,
3231 3644 3439 3697 ibidem
3484 3646 3552 3700 ad

1983 3731 2197 3800 aliquod
2242 3740 2454 3800 tempus
2487 3733 2663 3797 haesit,
2710 3748 2853 3786 anno
2882 3733 2991 3788 947»
3021 3734 3171 3801 (Cltr.
3214 3736 3391 3804 15M).

2054 3822 2420 3893 Exposuimus
2472 3840 2635 3892 supra
2699 3826 3066 3881 Soleimancm
3122 3832 3404 3897 complura
3461 3847 3556 3900 per

1984 3914 2276 3983 Ungariam
2307 3918 2530 3984 oppida,
2565 3933 2689 3971 cum
2729 3919 2844 3985 ipsa
2892 3922 3041 3987 regni
3092 3923 3375 3987 metropoli
3412 3922 3558 3976 Buda

1985 4006 2234 4074 cepisse:
2263 4016 2581 4075 motumque
2610 4010 2874 4077 singulari
2930 4011 3162 4079 quadam
3215 4014 3409 4080 gratia,
3453 4014 3557 4067 Ba-

1990 4112 2119 4149 nunt
2156 4095 2355 4148 Erdelii
2382 4111 2598 4149 creasse
2648 4112 2821 4164 regem
2884 4096 3132 4167 Ungariae
3163 4114 3179 4153 :
3209 4114 3330 4153 cum
3362 4101 3427 4153 ad
3463 4102 3561 4154 ali-

1987 4198 2120 4256 quot
2152 4203 2324 4241 annos
2359 4188 2445 4239 ille
2475 4202 2643 4255 regno
2673 4188 2826 4255 plena
2856 4204 2978 4240 cum
3012 4198 3281 4257 potestate
3314 4191 3564 4259 praefuis-

1987 4290 2089 4345 set,
2119 4279 2288 4332 filium
2319 4279 2557 4333 moriens
2591 4280 2809 4348 reliquit
2838 4280 3131 4341 baeredem,
3168 4281 3260 4348 qui
3297 4297 3388 4347 per
3436 4291 3565 4335 mta-

1990 4386 2095 4429 tem
2131 4376 2581 4430 administrandae
2623 4376 2940 4444 reipublica:
2979 4390 3083 4427 non
3130 4384 3245 4428 erat
3291 4376 3559 4429 idoneus:

307 4466 509 4520 borum
532 4476 859 4519 resectarum
880 4465 1277 4533 dejectio,nihil
1297 4481 1437 4533 aqua
1457 4466 1703 4535 juvabat.
1729 4465 1883 4522 Unde
1912 4472 1964 4531 D
1990 4484 2159 4538 eaque
2190 4469 2256 4523 de
2286 4482 2446 4522 causa
2499 4477 2672 4521 mater
2702 4468 2855 4536 pueri
2914 4468 3372 4535 gubernationem
3406 4468 3472 4520 ad
3506 4482 3565 4522 se

308 4558 540 4621 factum,
586 4566 642 4609 ut
675 4565 787 4610 tota
813 4566 972 4611 nocte
996 4559 1241 4611 duraret.
1274 4557 1446 4611 Erant
1474 4558 1751 4611 distributi
1788 4573 1884 4627 per

306 4664 504 4702 omnes
535 4647 686 4701 urbis
726 4648 977 4717 regiones
1031 4647 1297 4716 genizat'i,
1350 4648 1443 4716 qui
1502 4646 1751 4701 ﬂammas
1783 4665 1883 4702 ex-

308 4741 652 4805 stinguerent
690 4755 705 4791 :
742 4737 837 4792 sed
871 4738 1145 4791 incassum
1167 4738 1506 4792 laborabant.
1546 4738 1757 4792 Etenim
1790 4754 1887 4808 po-

308 4833 503 4886 stridie
533 4833 677 4887 illius
701 4833 876 4892 diei.a
907 4834 1081 4901 primo
1111 4832 1352 4886 diluculo
1396 4848 1567 4901 usque
1598 4832 1665 4886 ad
1696 4848 1885 4900 vespe-

309 4940 455 4987 ram,
482 4925 554 4977 ita
585 4925 973 4987 desmvierunt,
1005 4932 1061 4977 ut
1091 4925 1254 4977 etiam
1295 4924 1516 4976 maximi
1551 4924 1707 4992 pretii
1744 4938 1886 4976 mer-

307 5031 405 5069 ces
436 5026 527 5069 aut
557 5016 1001 5079 absumerentur,
1027 5023 1121 5067 aut
1149 5015 1548 5081 direptionibus
1574 5024 1759 5069 essent
1786 5030 1883 5068 ex-

309 5106 529 5174 positae.
560 5104 767 5175 Quippe
786 5107 983 5175 quibus
1017 5106 1068 5159 itt
1098 5106 1233 5160 locis
1264 5106 1414 5160 urbis
1440 5118 1746 5175 grassatum
1783 5108 1885 5161 fuit

311 5197 656 5262 incendium,
703 5199 756 5253 in
796 5200 863 5254 iis
905 5199 1097 5268 majori
1135 5214 1198 5253 ex
1224 5206 1377 5267 parte
1406 5208 1792 5265 mercatorum,
1834 5211 1887 5256 et

308 5288 547 5341 aliorum
592 5288 831 5343 tabernae
862 5290 1209 5342 consistunt:
1256 5290 1484 5357 ideoque
1541 5291 1720 5359 potior
1760 5307 1887 5360 pars

308 5381 468 5434 urbis
497 5380 547 5433 in
583 5380 795 5435 cineres
816 5380 970 5444 abiit,
1008 5395 1130 5434 cum
1165 5380 1304 5434 idem
1332 5381 1603 5436 accideret
1628 5384 1885 5439 omnibus

306 5472 578 5537 adificiis,
632 5486 750 5541 quae
782 5480 934 5526 extra
979 5487 1167 5526 muros
1216 5472 1369 5527 urbis
1402 5488 1429 5526 a
1493 5474 1611 5527 foro
1645 5475 1886 5543 piscario

307 5566 414 5617 sita
454 5563 662 5619 suntin
714 5563 895 5617 littore
942 5564 1134 5619 maris.
1170 5564 1371 5618 Eodem
1428 5572 1671 5633 tempore
1716 5566 1884 5633 pestis

308 5657 478 5710 etiam
518 5656 575 5709 in
619 5655 751 5710 urbe
780 5656 1157 5726 grassabatur,
1199 5666 1493 5722 utrumque
1527 5656 1618 5709 Dei
1650 5658 1884 5727 contigit

310 5755 471 5812 nutu,
494 5759 642 5801 anno
665 5743 769 5801 946
798 5744 951 5810 (Chr.
998 5743 1178 5815 1540).

1996 4562 2299 4615 transtulit.
2334 4560 2447 4614 Hoc
2482 4561 2807 4629 permoleste
2842 4557 3044 4623 ferens,
3081 4558 3303 4627 quidam
3328 4575 3394 4614 ex
3441 4575 3565 4628 pro-

1995 4658 2209 4717 ceribus
2240 4654 2499 4722 Uttgaris,
2530 4653 2721 4708 Petrus
2749 4653 3031 4718 Perenius,
3054 4654 3169 4707 suis
3192 4654 3257 4707 ad
3284 4669 3401 4707 eam
3432 4656 3566 4707 mis-

1995 4748 2072 4802 sis
2113 4746 2444 4803 hominibus.
2480 4745 2593 4798 haec
2625 4744 2922 4814 signiticari
2972 4744 3178 4813 jussit:
3232 4759 3353 4798 esse
3394 4745 3563 4813 ipsam

1994 4834 2214 4890 feminei
2265 4848 2450 4898 sexus,
2483 4841 2537 4885 et
2569 4832 2834 4886 institutis
2884 4832 3155 4901 majorum
3191 4834 3415 4886 minime
3447 4849 3567 4901 per-

1995 4926 2156 4989 mitti,
2190 4934 2244 4978 ttt
2280 4924 2333 4976 in
2362 4920 2599 4992 Ungaria
2635 4924 2827 4977 mulier
2853 4924 2999 4992 regia
3024 4939 3146 4978 cum
3182 4934 3451 4992 potestate
3471 4926 3561 4975 sit.

1995 5018 2359 5083 Quamobrem
2395 5016 2745 5085 metropolim
2783 5016 2935 5084 regni
2968 5016 3177 5070 Budam
3213 5016 3436 5070 Pnrenio
3466 5014 3562 5067 de-

1996 5114 2166 5167 deret.
2201 5110 2314 5165 Nisi
2345 5109 2567 5175 facerct,
2600 5119 2893 5164 venturum
2923 5126 3048 5164 cum
3086 5111 3352 5171 exercitu,
3382 5116 3436 5161 et
3470 5124 3561 5160 ur-

1997 5205 2119 5258 bem
2154 5204 2203 5256 vi
2235 5213 2657 5272 occupaturum.
2708 5201 2895 5255 Mulier
2926 5200 3117 5267 legatis
3148 5200 3446 5267 respondit,
3478 5214 3568 5250 ur-

1996 5298 2117 5351 bem
2147 5295 2350 5349 Budatn
2386 5309 2491 5347 non
2518 5309 2674 5347 suam
2704 5308 2847 5355 esse.
2870 5292 2961 5345 sed
2988 5292 3189 5343 sultani
3215 5290 3521 5343 Osmanida:
3553 5307 3565 5341 :

1997 5403 2025 5440 a
2058 5402 2167 5455 quo
2194 5386 2239 5440 si
2276 5384 2540 5438 Pcrenius
2573 5398 2691 5436 eam
2751 5389 3039 5448 repeteret,
3111 5396 3175 5433 ac
3222 5382 3559 5448 impetraret,

1996 5480 2223 5532 omnino
2248 5491 2307 5528 se
2338 5476 2667 5528 deditionem
2719 5473 3008 5526 facturam.
3041 5470 3138 5526 Ubi
3178 5471 3440 5526 Perenius
3472 5474 3568 5521 hoc

2000 5575 2068 5626 ab
2107 5586 2169 5625 ea
2209 5584 2529 5638 responsum
2569 5567 2801 5627 tulisset,
2831 5583 2952 5616 cum
2984 5565 3144 5618 Banis
3169 5575 3219 5616 et
3250 5565 3568 5633 proceribus

1998 5656 2211 5711 cieteris
2276 5656 2328 5709 in
2377 5655 2704 5722 colloquium
2762 5653 3009 5715 veniens,
3070 5668 3283 5707 summo
3319 5653 3569 5705 dedecori

2000 5748 2270 5804 universis
2303 5748 2655 5801 dominatum
2704 5744 2854 5800 illum
2884 5748 3205 5803 muliebrem
3258 5764 3376 5802 esse
3411 5737 3586 5799 dixit.
