4026 6204
528 321 629 390 Et?

1797 320 2514 398 ΑΝΝΑὶΕδἹῚΠηἋαῐ
3644 331 3731 396 6m

531 441 792 495 Proccrcs
820 442 1058 495 hominis
1092 440 1336 494 oratione
1369 443 1870 508 permotiflihentcr
1905 446 1956 497 in
1980 461 2098 497 eam
2137 472 2173 526 Α
2207 446 2267 507 ti,
2303 454 2354 497 et
2385 446 2601 498 sultano
2649 434 2835 497 Sélimi
2863 443 3094 496 ditiones
3138 441 3385 496 attribuit
3418 462 3428 493 :
3465 442 3532 495 illi
3568 443 3730 498 .llame-

532 535 855 588 sententiam
888 535 1298 602 pedibusibant,
1329 537 1790 590 utremovendam
1811 537 1878 590 ah
1912 539 2095 590 admi-

537 625 858 678 nistratione
881 623 1136 678 feminam
1183 633 1538 680 statuerent:
1589 642 1688 682 nec
1748 628 1881 696 ipsis
1913 628 2101 682 adver-

535 717 784 769 santibus
836 715 1136 784 episcopis,
1191 717 1286 786 qui
1342 718 1589 772 dicerent
1634 718 1736 773 hoc
1783 721 1944 773 modo
1985 735 2099 773 rem

537 803 809 870 Ungaram
859 804 912 855 in
959 812 1238 872 posterum
1300 807 1500 860 melius
1535 792 1862 861 habituram.
1917 807 2103 878 Itaque

536 911 792 963 proceres
825 908 1016 950 mutuo
1065 897 1208 951 inter
1240 913 1299 952 se
1342 898 1545 952 foedere
1576 900 1834 964 devincti,
1877 915 2100 970 magnas

536 1004 764 1057 coegere
796 989 1004 1059 copias,
1036 999 1089 1043 et
1112 991 1310 1060 insigni
1333 1007 1452 1046 cum
1483 1003 1744 1060 apparatu
1779 993 2100 1048 bellicorum

535 1091 935 1137 tormentorum
981 1084 1048 1138 ad
1093 1086 1299 1139 Budam
1348 1096 1722 1144 accesserunt.
1757 1087 1827 1140 Ea
1866 1103 1924 1143 re
1974 1103 2103 1142 con-

539 1187 744 1244 specta,
780 1186 1006 1246 repente
1065 1179 1264 1231 mulier
1314 1179 1566 1248 exiguam
1608 1180 1845 1234 militum
1881 1193 2101 1234 manum

536 1267 760 1337 colligit,
786 1278 836 1322 et
878 1269 980 1321 hoc
1017 1267 1206 1322 urbem
1241 1271 1495 1337 praesidio
1522 1272 1695 1324 munit
1723 1286 1736 1324 :
1769 1287 1891 1324 cum
1931 1270 2106 1325 Solei-

540 1374 753 1412 manem
778 1374 998 1426 quoque
1031 1361 1097 1412 de
1132 1359 1296 1412 rebus
1331 1360 1587 1414 omnibus
1616 1360 1906 1415 certiorem
1941 1360 2104 1415 fecis-

482 1473 489 1480 -
537 1459 642 1503 Set.
675 1450 720 1503 Is
755 1451 819 1503 ad
860 1451 1086 1517 hujusce
1120 1461 1300 1504 motus
1329 1450 1550 1514 famam,
1577 1453 1862 1506 confestim
1885 1453 2106 1506 Muche-

543 1553 740 1597 metem
797 1543 1010 1597 bassam
1058 1559 1177 1596 cum
1214 1554 1363 1612 parte
1397 1544 1800 1613 genizarorum,
1840 1552 1896 1597 et
1934 1545 2106 1614 copiis

543 1632 822 1688 Romaniae
845 1633 1130 1703 praemisit,
1165 1635 1279 1702 ipse
1324 1635 1410 1689 die
1440 1634 1700 1689 vicesimo
1735 1637 1922 1704 quinto
1957 1647 2102 1690 meu-

542 1725 618 1778 sis
653 1724 854 1779 Sefcris
888 1725 1358 1794 Constantinopoli
1383 1725 1682 1794 digressus,
1729 1726 1935 1781 Butlam
1982 1742 2105 1782 ver-

2205 550 2347 597 sam,
2406 536 2536 588 huic
2604 534 3006 589 Caramaniam.
3076 533 3299 588 Factum
3359 534 3604 588 ltocanno
3649 539 3734 588 tm

2207 624 2358 689 (Chr.
2403 624 2582 694 I545).
3556 613 3560 621 ‘

2277 715 2615 772 Soleimanes
2645 718 2781 773 satis
2815 717 2919 773 sibi
2960 716 3053 771 diu
3111 716 3567 784 Constantinopoli
3625 721 3735 769 sub-

2205 811 2414 864 stitisse
2441 811 2613 871 visus,
2670 810 2736 863 ad
2771 809 2932 862 aliam
2999 824 3058 864 se
3090 809 3303 876 paravit
3353 808 3734 874 evpeditionem.

2204 903 2383 956 denuo
2411 902 2700 958 invasurus
2737 900 3056 971 Ungariam.
3086 898 3270 968 Itaque
3301 897 3735 967 Constantinopoli

2204 993 2513 1058 discedens,
2547 991 2986 1061 Hadrianopolim
3050 993 3103 1044 in
3135 990 3364 1044 hiberna
3411 1004 3467 1044 se
3519 989 3735 1042 contulit.

2205 1085 2335 1138 Inde
2371 1100 2565 1153 magno
2606 1099 2733 1138 cum
2789 1091 3083 1154 apparatu.
3139 1091 3194 1136 et
3257 1082 3524 1136 universis
3571 1082 3736 1145 copiis,

2209 1173 2484 1243 profectus
2513 1183 2596 1230 est
2643 1175 2729 1230 die
2783 1175 2988 1230 mensis
3042 1173 3385 1229 Mueherenis
3444 1187 3641 1230 octavo.
3689 1175 3733 1227 In

2208 1255 2501 1336 Ungariam
2537 1281 2661 1321 eum
2719 1269 3079 1336 pervenisset,
3133 1281 3285 1321 arces
3357 1266 3493 1319 Petri
3555 1266 3739 1320 Pereuii

2208 1361 2442 1424 primum
2493 1359 2741 1417 adortus.
2775 1356 3039 1427 Valpoum
3105 1356 3373 1411 machinis
3397 1367 3449 1411 et
3509 1357 3740 1410 militibus

2207 1448 2460 1511 admotis,
2494 1449 2820 1518 expugnavit
2844 1459 2898 1503 et
2931 1449 3095 1516 cepit.
3129 1447 3256 1503 Inde
3306 1447 3522 1501 Peslum
3548 1459 3740 1514 aggres-

2208 1556 2328 1606 sus,
2362 1540 2546 1593 itidem
2603 1541 2911 1607 oeeupavit.
2967 1538 3124 1594 Pesto
3179 1539 3483 1602 discedens,
3540 1539 3741 1592 ulterius

2208 1631 2468 1700 perrexit.
2490 1641 2543 1684 et
2575 1631 2914 1700 Strigonium
2945 1629 3189 1694 obsedit;
3231 1631 3324 1684 ubi
3350 1629 3472 1684 licet
3495 1629 3739 1697 praesidia-

2213 1724 2276 1776 rii
2310 1724 2507 1777 milites
2531 1725 2749 1792 egregie
2779 1739 2840 1778 sc
2877 1722 3254 1788 defenderent,
3312 1724 3519 1776 tandem
3587 1730 3742 1773 tamen

542 1833 638 1872 sus
686 1833 809 1872 cum
879 1817 1055 1872 Porta:
1099 1820 1384 1882 comitatu,
1431 1830 1486 1873 et
1545 1819 1770 1888 reliquis
1816 1819 2104 1888 genizaris,
2136 1797 2182 1866 Β
2213 1813 2553 1870 Soleimanes
2580 1828 2644 1868 eo
2688 1818 2893 1884 potitus
2924 1823 3028 1869 est.
3073 1814 3210 1870 Hinc
3235 1815 3528 1870 exercitum
3563 1813 3624 1865 ad
3668 1813 3745 1863 At-

543 1907 938 1962 Mucln-mctem
973 1909 1190 1963 bassam
1222 1911 1487 1964 continuo
1519 1919 1744 1964 secutus
1786 1920 1886 1964 est.
1935 1907 2104 1979 Urge-

543 2002 635 2056 bat
659 2002 873 2056 interim
913 2003 1174 2057 Percnius
1199 2002 1350 2056 urbis
1394 2002 1754 2060 obsidionem.
1786 2003 1878 2056 sed
1921 2017 1984 2057 ea
2012 2017 2106 2070 po-

542 2097 632 2150 tiri
659 2109 764 2148 non
791 2095 987 2163 potuit.
1031 2093 1132 2149 Ubi
1158 2093 1522 2150 Muchemetes
1552 2094 1854 2148 exercitum
1886 2095 2108 2163 pmpius

541 2186 608 2240 ad
636 2187 822 2239 urbem
849 2185 1110 2248 duxisset,
1160 2200 1490 2254 magnopere
1536 2184 1862 2239 Soleimanis
1907 2185 2109 2238 adven-

545 2287 657 2330 tum
697 2277 1062 2330 drsitlerabat.
1096 2276 1306 2344 Quippe
1337 2285 1445 2330 tam
1503 2292 1811 2332 numerosas
1842 2277 2109 2331 Christia-

545 2385 738 2423 norum
777 2378 933 2422 erant
965 2367 1154 2436 copias,
1189 2383 1441 2437 magnam
1501 2377 1558 2421 ut
1588 2369 1917 2422 Mucltemcti
1947 2368 2109 2441 349

544 2459 889 2514 formidinem
940 2459 1272 2514 incuterent.
1317 2459 1459 2524 Quin
1501 2460 1665 2513 etiam
1724 2470 1908 2529 spreto
1940 2463 2107 2530 ipsius

542 2552 798 2613 adventu,
833 2566 898 2605 ne
923 2551 1088 2604 latum
1134 2551 1354 2618 quidem
1402 2567 1635 2622 unguem
1675 2566 1706 2606 e
1757 2553 1951 2606 castris
1991 2567 2110 2611 ces-

547 2658 693 2705 sere,
736 2628 1063 2696 scd'mmnia
1087 2641 1377 2696 tormentis
1409 2651 1718 2702 concutere,
1745 2651 1907 2710 atque
1934 2642 2108 2710 ipsam

544 2735 730 2787 urbem
783 2747 1098 2802 Oppugnare
1153 2743 1532 2802 perrexerunt.
1596 2733 1668 2787 Ea
1697 2749 1824 2788 vero
1884 2748 2007 2787 cum
2055 2733 2108 2787 in

546 2825 885 2897 Ungarorum
943 2834 1263 2894 potestatem
1315 2824 1538 2894 jamjam
1585 2836 1811 2880 ventura
1855 2836 2018 2892 esset,
2053 2828 2107 2880 in

543 2924 785 2993 tempore
809 2915 1145 2969 Soleimanes
1167 2930 1269 2969 suo
1293 2931 1417 2969 cum
1444 2917 1729 2981 comitatu,
1753 2926 1806 2971 et
1830 2916 2109 2972 Genizaris

541 3017 600 3063 et
629 3009 870 3062 exercitu
921 3007 1184 3061 Anatolius
1219 3005 1615 3075 profectionem
1661 3009 1732 3060 ita
1794 3011 2108 3074 maturavit,

545 3109 606 3155 ut
633 3102 830 3156 itinere
869 3100 1016 3154 bidui
1049 3101 1312 3153 duntaxat
1341 3115 1368 3151 a
1393 3097 1750 3157 Muchemetis
1789 3109 1842 3155 et
1873 3101 2106 3156 hostium
2137 3140 2178 3196 ε

544 3195 740 3248 castris
780 3194 1012 3248 abesset.
1051 3191 1106 3245 Id
1151 3192 1238 3246 ubi
1289 3190 1552 3246 Perenius
1586 3193 1826 3258 rescivit,
1859 3209 2107 3248 commo-

555 3287 677 3338 dam
713 3292 904 3336 nactos
936 3282 1302 3347 occasionem,
1325 3283 1512 3336 l'urtim
1554 3299 1584 3336 e
1613 3284 1808 3338 castris
1839 3299 1898 3338 se
1930 3286 2106 3354 prori-

555 3377 697 3445 puit,
718 3385 772 3428 et
793 3373 1025 3445 aufugit.
1049 3373 1164 3428 Non
1197 3375 1341 3428 enim
1373 3373 1618 3430 futurum
1655 3384 1889 3446 putarat,
1909 3385 1968 3430 ut
1997 3376 2110 3446 ipse

544 3467 802 3523 sultnnus
834 3467 899 3520 ad
931 3467 1240 3521 solvendam
1281 3467 1431 3520 urbis
1459 3467 1805 3522 obsidionem
1870 3470 2105 3524 veniret.

544 3560 740 3612 Milites
765 3557 989 3624 Ungari,
1021 3559 1238 3626 cognita
1271 3555 1492 3611 Perenii
1520 3558 1858 3613 clandestina
1905 3561 2110 3614 disces-

545 3649 718 3708 sione,
748 3663 878 3701 suos
910 3657 959 3701 et
998 3647 1100 3714 ipsi
1127 3648 1489 3701 deseruerunt
1514 3649 1752 3713 ordines,
1788 3666 1954 3719 seque
1984 3668 2105 3708 mox

544 3740 613 3794 ad
642 3739 934 3792 ineundam
971 3737 1154 3807 fugam
1182 3747 1460 3806 pararunt.
1489 3739 1546 3792 Id
1578 3744 1892 3809 conspicata
1915 3745 2110 3799 mulier

545 3849 630 3899 ea,
667 3847 828 3900 quam
852 3830 1110 3895 diximus,
1143 3844 1208 3884 ex
1245 3829 1394 3883 urbis
1423 3818 1743 3886 sublimiore
1775 3833 1912 3895 loco.
1938 3837 2109 3890 misso

546 3928 735 3982 nuntio
757 3925 1145 3980 Muchemetem
1172 3923 1386 3979 bassam
1412 3924 1700 3991 increpuit,
1726 3939 1826 3979 cur
1850 3927 2002 3981 hoste
2029 3929 2111 3981 fu.

544 4019 723 4088 giente
757 4015 1082 4086 quiesceret.
1125 4013 1515 4079 Muchemetes,
1549 4017 1640 4082 qui
1692 4014 1969 4069 Romaniae
1997 4025 2107 4068 tum

549 4107 902 4177 beglerbegus
946 4114 1082 4170 erat,
1137 4105 1224 4160 his
1271 4105 1495 4169 auditis,
1528 4121 1654 4159 mox
1695 4106 1746 4159 in
1773 4107 2111 4161 Christianos

548 4215 705 4253 suum
740 4196 1011 4268 promovit
1043 4198 1372 4250 exercitum.
1404 4197 1556 4262 Quod
1589 4197 1664 4250 illi
1700 4197 1813 4250 fieri
1844 4198 2108 4260 videntes,

549 4291 832 4360 hostisque
858 4289 1076 4344 conatui
1106 4290 1295 4344 leviter
1316 4289 1606 4343 admodum
1641 4302 2030 4358 repugnantes,
2057 4292 2110 4344 in

550 4379 731 4450 fugam
796 4396 924 4436 sese
975 4381 1280 4449 conjecere.
1337 4380 1590 4444 Quidam,
1633 4397 1795 4436 naves
1857 4383 2108 4451 ingressi,

2209 1904 2332 1959 bam
2363 1907 2591 1976 regalem
2623 1907 2870 1972 adduxit,
2912 1923 3018 1976 qua
3073 1909 3127 1961 in
3160 1909 3298 1961 urbe
3325 1920 3473 1976 reges
3529 1903 3745 1972 ngara-

2208 2011 2328 2048 rum
2358 1997 2574 2066 sepeliri
2594 2007 3019 2052 consueverant.
3045 1997 3180 2052 Huic
3197 2013 3326 2053 cum
3349 1997 3565 2050 militem
3592 1995 3687 2048 801‹
3705 1994 3744 2045 i-

2210 2101 2397 2141 manes
2449 2088 2805 2155 admovisset,
2870 2090 3223 2159 praesidiariis
3303 2091 3486 2144 urbem
3547 2097 3744 2143 strenue

2208 2180 2695 2248 prOpugnantibus,
2731 2182 2920 2251 ingens
2955 2182 3208 2252 utrinque
3260 2184 3434 2237 caedes
3465 2182 3600 2235 edita
3627 2182 3746 2232 fuit:

2208 2271 2302 2326 sed
2346 2271 2700 2326 nihilominus
2722 2272 2791 2327 ad
2821 2283 3124 2327 extremum
3191 2272 3513 2328 Soleimanis
3567 2272 3616 2323 in
3663 2284 3747 2338 p04-

2210 2373 2456 2420 testatem
2504 2366 2668 2421 venit.
2711 2367 2759 2420 Is
2821 2381 2948 2420 vero
3005 2377 3213 2436 postea,
3279 2381 3444 2436 quam
3498 2363 3749 2435 occupatis

2207 2459 2536 2523 civitatibus,
2567 2461 2808 2522 arcibus,
2842 2462 3078 2530 Oppidis.
3108 2462 3362 2531 praesidia
3381 2461 3744 2516 Genizarorum

2208 2561 2261 2605 et
2292 2551 2520 2604 aliorum
2559 2552 3192 2622 militum,imposuisset
3223 2570 3237 2607 :
3273 2554 3467 2607 itinere
3503 2565 3745 2606 converso

2210 2641 2368 2696 rediit
2392 2639 2943 2710 Constantinopolim,
2979 2651 3032 2696 et
3065 2642 3153 2696 die
3180 2642 3244 2695 l7
3298 2641 3501 2696 mensis
3529 2638 3752 2694 Schaha-

2211 2733 2293 2786 nis
2351 2734 2537 2786 urbem
2574 2732 2851 2799 ingressus
2887 2741 2990 2796 est,
3018 2747 3162 2787 anno
3192 2732 3300 2787 950
3327 2733 3546 2802 (Christ.
3587 2727 3749 2798 l5“).

2285 2823 2554 2877 Postridie
2592 2840 2757 2893 quam
2817 2825 3144 2890 advenisset,
3205 2825 3426 2878 allatum
3489 2823 3582 2877 fuit
3626 2822 3750 2876 Con-

2212 2916 2621 2985 stantinOpolim
2655 2917 2888 2970 cadaver
2913 2917 3026 2981 lilii,
3093 2918 3298 2971 sultani
3366 2915 3745 2971 Muchemetis:

2211 3009 2354 3077 quod
2391 3009 2624 3075 peractis
2679 3009 2959 3078 exsequiis
2995 3008 3138 3062 haud
3180 3010 3375 3078 procul
3437 3009 3503 3063 ab
3553 3007 3756 3075 antiquo

2212 3097 2488 3152 domicilio
2526 3099 2931 3168 genizarorum,
2982 3111 3342 3154 munumento
3397 3099 3499 3156 fuit
3542 3100 3752 3154 illatum.

2212 3191 2441 3246 Mortem
2481 3191 2570 3244 filii
2606 3191 2946 3245 Soleimanes
2975 3199 3131 3260 pater
3165 3193 3363 3247 acerbe
3395 3192 3548 3247 luxit.
3611 3193 3752 3244 Ideo-

2209 3301 2316 3356 que
2339 3300 2587 3354 magnam
2635 3287 2884 3342 ciborum
2943 3286 3156 3356 copiam
3214 3303 3380 3358 coqui
3429 3287 3649 3349 curavit,
3709 3291 3756 3339 et

2209 3379 2427 3445 epulum
2457 3377 2682 3433 funebre
2714 3377 3020 3445 quibusvis.
3054 3387 3162 3431 tam
3201 3380 3552 3451 pauperibus,
3611 3392 3752 3447 quam

2210 3470 2504 3539 opulentis,
2537 3470 2730 3523 animae
2753 3469 2846 3522 lilii
2872 3484 3058 3532 causa,
3087 3471 3342 3540 praebuit.
3373 3471 3533 3527 Multa
3564 3485 3754 3541 quoque

2211 3561 2476 3629 mancipia
2511 3575 2676 3614 sexus
2739 3559 3046 3630 utriusque,
3098 3577 3198 3616 suo
3247 3565 3526 3633 redempta
3578 3562 3751 3631 pretio.

2210 3652 2459 3706 libertate
2493 3651 2732 3706 donavit.
2763 3649 3030 3705 Praeterea
3058 3663 3471 3707 monumentum
3522 3654 3624 3706 tilio
3652 3666 3752 3704 ma—

2211 3743 2466 3812 gnificum
2497 3743 2785 3798 exstruxit.
2815 3742 3146 3798 Acciderunt
3170 3745 3284 3800 haec
3323 3761 3466 3801 anno
3499 3745 3596 3800 950
3616 3744 3754 3814 (Chr.

2213 3835 2393 3903 isti).

2283 3927 2622 3981 Soleimanes
2654 3928 2954 3983 secundum
2989 3929 3075 3984 illa
3111 3929 3577 4000 Constantinopoli
3633 3939 3753 3982 tem-

2211 4034 2313 4087 pus
2349 4018 2412 4071 ad
2447 4018 2664 4087 aliquod
2698 4022 2919 4084 mansit,
2952 4035 3052 4074 nec
3084 4022 3158 4075 rei
3206 4023 3505 4092 quidquam
3569 4030 3753 4075 memo-

2212 4106 2400 4159 rabilis
2423 4115 2508 4159 est
2560 4106 2800 4160 molitus.
2831 4106 3040 4160 Interea
3072 4121 3331 4164 mortuus
3362 4119 3446 4165 est
3469 4110 3552 4164 die
3584 4106 3754 4173 quinto

2213 4200 2414 4250 mensis
2437 4197 2832 4252 Zemasiellula:
2876 4199 2957 4250 vir
2993 4214 3175 4253 rerttm
3204 4208 3446 4256 strenuae
3505 4208 3754 4269 gestarum

2214 4285 2383 4353 gloria
2423 4285 2784 4349 clarissimus.
2855 4286 3218 4343 Chairadines
3265 4290 3475 4346 bassa:
3533 4287 3754 4355 sepultus

2215 4379 2269 4428 in
2294 4377 2436 4440 loco,
2473 4377 2563 4446 qui
2607 4375 2848 4431 Besictas
2879 4379 3204 4448 appellatur.
3241 4381 3482 4453 Contigit
3513 4383 3609 4435 hoc
3630 4391 3755 4430 anno

546 4478 840 4525 evaserunt
877 4489 890 4524 :
924 4471 1017 4523 alii
1059 4478 1230 4524 semet
1254 4470 1307 4523 in
1343 4470 1650 4525 Danubium
1682 4471 2111 4540 praecipitantes,
2145 4471 2190 4527 I)
2219 4467 2496 4530 953(Chr.
2555 4469 2738 4537 154⁸1).

548 4560 706 4628 aquis
744 4561 924 4614 obruti
979 4561 1220 4628 periere,
1249 4561 1464 4615 caeteris
1531 4569 1626 4615 aut
1675 4563 1852 4625 caesis,
1902 4572 1994 4617 aut
2027 4577 2118 4616 ca-

549 4653 682 4720 ptis.
719 4651 840 4720 lpso
875 4651 1163 4706 conﬂictus
1211 4662 1484 4706 momento
1543 4653 1885 4707 Soleimanes
1943 4655 2110 4708 etiam

550 4758 674 4796 cum
713 4743 830 4796 suis
868 4741 1107 4795 advenit.
1144 4741 1380 4812 Direptis
1418 4742 1856 4799 Christianorum
1893 4747 2114 4811 castris,

552 4834 838 4888 machinas
891 4833 1134 4896 bellicas.
1177 4844 1231 4888 et
1275 4835 1638 4904 pertinentem
1679 4836 1743 4890 ad
1771 4852 1866 4892 eas
1890 4852 2116 4907 appara-

554 4937 693 4990 tum,
731 4927 783 4979 iu
827 4927 1010 4980 urbem
1055 4926 1487 4994 convehijussit.
1527 4927 1666 4982 Hinc
1690 4927 1853 4983 Butlae
1905 4931 2118 5000 begler-

554 5020 752 5088 begum
798 5019 914 5073 sive
947 5019 1164 5073 bassam
1220 5021 1530 5084 constituit,
1581 5028 1637 5075 et
1670 5021 1869 5076 milites
1917 5022 2117 5076 ibidem

554 5110 813 5165 'I'urcicos
845 5111 896 5164 in
933 5110 1184 5181 praesidio
1212 5111 1502 5165 collocavit
1537 5128 1551 5165 :
1580 5113 2120 5183 assignata-mulieri,

554 5203 780 5272 ejusque
815 5202 946 5267 lilio,
974 5202 1172 5256 Erdelii
1209 5203 1450 5273 regione,
1479 5219 1640 5273 quam
1660 5207 1814 5274 pueri
1845 5215 2002 5274 pater
2023 5221 2122 5257 an-

553 5298 704 5364 tiquo
740 5295 861 5363 jure
911 5296 1176 5362 majorum
1213 5297 1578 5365 possederat:
1620 5307 1787 5367 atque
1827 5298 1957 5351 illuc
2006 5311 2122 5350 ma-

557 5392 716 5446 trem,
752 5403 875 5440 cum
913 5388 1040 5452 tilio,
1076 5403 1198 5441 mox
1245 5387 1722 5459 ablegavit.,lnde.
1763 5403 1868 5457 qua
1900 5395 2123 5441 venerat

557 5478 668 5536 via.
699 5495 974 5548 regressus
1016 5479 1376 5545 Soleimanes,
1421 5481 1512 5536 die
1558 5482 1765 5535 mensis
1816 5480 2122 5534 Schahanis

558 5582 751 5620 octavo
801 5568 1335 5639 Constantinopolim
1405 5571 1587 5633 rediit,
1631 5584 1775 5623 anno
1815 5569 1918 5623 948
1966 5570 2118 5639 (Chr.

562 5657 741 5723 lﬁtih

632 5751 736 5805 Illic
772 5753 894 5805 tlu:-:t
931 5755 1115 5818 hazrct,
1156 5754 1278 5806 Iiltis
1308 5755 1536 5816 duobus,
1575 5755 1787 5807 suitano
1825 5754 2122 5807 “ueheme—

2293 4559 2428 4613 Hinc
2455 4576 2604 4614 arma
2635 4562 2976 4618 Soleimanes
3008 4563 3202 4618 iterum
3234 4568 3492 4635 expediit,
3549 4566 3598 4619 in
3648 4563 3757 4616 Par-

2225 4655 2391 4708 thiam
2421 4653 2684 4708 ducturus
2713 4655 3050 4720 exercitum;
3103 4656 3248 4725 quod
3303 4659 3518 4725 quidem
3577 4657 3755 4709 bellum

2227 4745 2367 4798 ha-nc
2395 4759 2613 4799 causam
2657 4746 2862 4799 habuit.
2904 4744 3028 4800 Erat
3055 4747 3554 4804 scachoTecltmasi
3581 4747 3749 4802 frater.

2220 4835 2304 4889 cui
2336 4850 2530 4890 nomen
2570 4835 2796 4891 Ercases
2839 4837 3054 4903 Imirsa,
3089 4838 3333 4894 Sirrana:
3365 4854 3614 4908 supremo
3645 4846 3753 4887 cum

2221 4926 2450 4994 imperio
2482 4927 2764 4996 princeps.
2793 4929 2896 4982 Hie
2919 4939 3099 4982 certas
3123 4930 3192 4982 ob
3224 4945 3420 4987 causas
3454 4931 3518 4982 ah
3546 4924 3755 4981 amic'tia

2221 5019 2430 5084 fratris,
2464 5018 2645 5072 scaclti
2675 5020 3015 5085 Tecbmasis,
3071 5021 3392 5084 discedens;
3426 5031 3486 5075 ut
3511 5033 3642 5087 aegre
3688 5016 3750 5067 fa-

2221 5123 2368 5166 ceret
2405 5109 2584 5172 fratri.
2619 5111 2685 5165 ad
2747 5111 3023 5164 sultanum
3089 5111 3452 5166 Soleitnanem
3522 5108 3754 5180 profugit.

2220 5203 2446 5271 ejusque
2481 5218 2539 5257 se
2581 5203 2700 5256 fidei
2728 5189 2995 5272 permisit.
3026 5203 3135 5258 Hoc
3168 5214 3349 5258 autem
3387 5205 3490 5258 iter
3521 5205 3595 5257 sic.
3622 5199 3755 5252 iusti-

2217 5293 2347 5356 tuit,
2371 5301 2426 5345 ut
2455 5307 2550 5361 per
2581 5293 2855 5361 regionem
2905 5292 3285 5347 Circassorum
3323 5293 3500 5362 longis
3549 5287 3758 5352 ambagi-

2223 5383 2519 5460 bns_Cofen
2556 5390 2784 5452 peteret,
2826 5382 2980 5438 unde
3037 5385 3562 5453 Constantinopolim
3609 5392 3757 5447 appu-

2224 5474 2598 5544 lit.Perquatn
2667 5484 2855 5544 gratus
2911 5475 3132 5528 sultano
3185 5475 3481 5529 Soleimani
3527 5468 3762 5540 principis

2225 5568 2389 5634 hujus
2415 5565 2680 5619 adventus
2702 5565 2919 5620 accidit.
2943 5563 3178 5634 Ideoque
3201 5581 3399 5633 magno
3422 5581 3486 5618 cu
3502 5581 3547 5617 m
3576 5564 3762 5614 honore

2223 5669 2531 5725 exceptum,
2587 5657 2902 5711 muneribus
2935 5657 3161 5711 donavit
3216 5655 3587 5724 amplissimis.
3635 5647 3759 5713 Qui"

2227 5751 2390 5804 etiam
2424 5749 2594 5818 ipsius
2621 5763 2786 5802 causa
2837 5751 3167 5816 numerosis,
3206 5749 3286 5805 vel
3310 5749 3558 5802 omnibus
3603 5742 3761 5810 potius
