4026 6204
279 267 384 326 (49

1371 267 1745 329 SUPPLEM.
1796 268 2052 329 ANNAI.
2111 270 2423 329 TURCIC.

3412 268 3518 330 650

284 383 457 452 mpiis
486 382 603 437 suis
643 383 871 444 coactis,
909 382 1110 452 insigni
1152 398 1275 437 cum
1329 394 1594 455 apparatu
1651 384 1739 438 die
1780 386 1845 439 19
1877 390 1919 447 Α
1952 385 2119 448 turni,
2151 399 2449 455 parumque
2483 383 2773 448 b-ucttt0si,
2825 381 3023 439 taedere
3042 382 3231 453 coepit.
3283 381 3518 454 Ideoque

274 475 477 527 mensis
518 472 743 538 Seferis,
764 489 909 527 anno
942 474 1049 551 055
1070 474 1222 544 (Chr.
1262 475 1444 541 1549).
1465 475 1855 532 Constantino-

277 563 381 631 poli
427 562 725 631 digressus,
771 564 824 615 in
870 563 1175 619 Anatolium
1233 566 1549 630 transmisit,
1600 577 1853 635 rectaque

274 652 547 706 Parthiam
584 669 771 707 versus
786 654 959 707 duxit.
980 653 1174 709 Postea
1202 671 1365 725 qttam
1394 659 1669 727 ingressus
1718 657 1850 714 {uiso

273 755 354 797 set
387 744 678 808 hosticum,
730 754 837 798 tam
869 760 1074 807 arcem,
1117 762 1279 814 quam
1309 746 1585 802 civitatem
1612 746 1848 801 Wanunt

277 835 521 889 Wastani
553 836 787 891 obsedit.
820 834 1021 893 Parum
1051 838 1191 891 hosti
1237 839 1431 893 civitas
1465 842 1721 895 resistere
1747 856 1844 910 po-

269 930 394 993 tuit,
425 930 660 995 inquam
692 929 760 981 ab
783 930 929 981 omni
949 939 1099 998 parte
1130 940 1336 998 pateret
1361 931 1541 987 aditus
1566 931 1692 995 ;sed
1722 946 1848 987 arce

272 1034 382 1071 non
412 1019 512 1071 nisi
542 1034 739 1086 magno
766 1021 951 1074 labore
976 1020 1311 1077 Soleimanes
1342 1022 1543 1091 potitus
1572 1033 1674 1087 est,
1702 1025 1844 1093 quod

268 1110 466 1163 idoneo
524 1112 901 1166 Parthicorutn
973 1114 1207 1167 militum
1281 1114 1535 1184 praesidio
1593 1115 1847 1169 defende-

269 1204 445 1255 retur.
486 1201 585 1255 Ubi
616 1201 848 1257 Wanutn
882 1220 1060 1259 arcem
1088 1205 1432 1260 Soleimanes
1460 1217 1842 1276 expugnasset,

266 1309 493 1361 sparsus
524 1311 618 1363 per
646 1311 863 1349 omnem
892 1298 1165 1366 regionem
1193 1298 1349 1352 miles
1372 1299 1697 1361 sultan3cus,
1723 1315 1840 1352 eam

268 1385 475 1453 rapinis
505 1395 557 1438 et
608 1385 755 1440 ferro
792 1389 1043 1441 vastavit.
1084 1385 1361 1455 Nusquam
1392 1388 1633 1442 Scacbus
1670 1389 1843 1444 'l'eclt-

270 1492 446 1529 mascs
502 1480 748 1545 reperiri,
804 1495 1069 1547 nusquam
1127 1480 1287 1549 350
1331 1483 1571 1549 conspici
1644 1484 1837 1550 potuit,

266 1583 535 1632 nusquam
564 1570 704 1622 hosti
732 1584 789 1623 se
813 1573 1094 1639 opposuit.
1134 1573 1363 1625 Ereases
1392 1586 1523 1626 vero
1594 1573 1838 1627 laborem

267 1663 472 1714 nullum
506 1677 788 1724 recusans,
816 1663 945 1716 dum
979 1664 1103 1716 hinc
1140 1664 1265 1718 inde
1293 1679 1417 1719 cum
1442 1665 1557 1719 suis
1581 1679 1835 1717 excurre-

1948 460 2139 530 \dolum
2160 476 2551 544 excogitantes,
2608 484 2668 531 ut
2694 474 2987 530 vindictam
3021 481 3088 528 de
3111 482 3336 528 auctore
3392 474 3519 531 belli

1957 566 2153 620 Erease
2182 576 2474 632 sumerent,
2525 568 2689 621 variis
2717 583 2841 621 eum
2873 565 3170 621 mendaciis
3215 566 3357 636 apud
3414 565 3517 619 So-

1957 659 2244 714 Ieimanem
2298 659 2535 713 delatum
2612 668 2933 713 onerarunt.
2998 656 3220 711 Summa
3274 656 3354 711 rei
3402 656 3516 711 inec

1952 762 2094 816 erat,
2120 753 2262 820 quod
2290 752 2525 818 lepori-tn
2578 749 2982 813 dimittendum,
3015 763 3203 802 canem
3239 762 3368 800 vero
3428 762 3517 801 ea—

1955 842 2212 911 pit-udum
2246 840 2570 893 suadebant.
2594 838 2728 891 Cttm
2758 839 2986 892 Ereases
3008 837 3197 890 lmirsa
3238 836 3516 903 conspira-

1953 935 2150 986 tionem
2190 932 2429 1000 ipsorum
2469 928 2949 993 animadverteret,
2995 937 3159 998 atque
3202 926 3365 980 etiam
3390 941 3514 995 per-

1950 1025 2184 1092 spiceret
2215 1040 2310 1077 eos
2358 1024 2479 1075 vitm
2507 1037 2618 1075 sum
2656 1020 2931 1086 insidiari,
2954 1020 3307 1073 vehementer
3332 1020 3514 1071 animo

1949 1104 2324 1183 perturbatus,
2355 1114 2407 1167 in
2440 1112 2924 1181 arremeujusdam
2950 1110 3286 1167 Curriistauii
3315 1110 3515 1180 princi-

1950 1209 2049 1274 pis,
2068 1222 2179 1276 prae
2215 1206 2505 1260 formidine
2525 1222 2582 1261 se
2606 1206 2839 1277 recepit“
2855 1206 3061 1259 tametsi
3080 1220 3147 1257 ne
3170 1204 3385 1273 quidem
3407 1204 3516 1257 illic

1947 1302 2126 1356 vitare
2181 1301 2547 1354 calamitatem
2618 1299 2995 1353 imminentem
3056 1300 3250 1368 potuit.
3302 1298 3514 1366 Quippe

1948 1392 2445 1446 (Zurdistauiusillc
2470 1392 2723 1461 princeps
2752 1391 3004 1443 lmirsam
3068 1399 3284 1459 captum
3349 1386 3509 1441 fratri

1947 1480 2157 1537 Scaebo
2182 1483 2473 1537 Terbmasi
2501 1484 2676 1547 misit,
2704 1482 2796 1551 qui
2820 1481 3076 1548 deinceps
3095 1496 3219 1534 eum
3252 1477 3512 1532 custodite

1944 1577 2311 1643 mancipatum
2342 1575 2400 1627 in
2435 1590 2658 1629 carcere
2700 1574 2953 1628 detinuit.
2997 1571 3282 1642 Exped-itio
3342 1570 3513 1624 Soli-i-

1943 1667 2125 1720 manis
2162 1681 2363 1720 annum
2399 1664 2619 1719 duravit
2655 1666 2947 1735 integrum,
2972 1680 3100 1719 eum
3133 1678 3331 1718 novem
3363 1677 3512 1714 men-

258 1761 372 1813 vret,
430 1766 782 1820 quoscunque
845 1756 1132 1808 thesauros
1194 1754 1417 1821 adipisri
1472 1760 1662 1824 potuit,
1736 1754 1838 1808 So-
1871 1732 1910 1789 θ
1942 1759 2114 1813 sibus.
2148 1758 2325 1823 Atque
2379 1756 2461 1810 his
2518 1757 2682 1811 rebus
2723 1732 2914 1826 gestis,
2971 1754 3507 1824 Constantinopolim

266 1842 483 1896 leimatti
550 1846 717 1898 misit.
786 1845 1023 1898 Tandem
1084 1857 1264 1899 tamen
1295 1845 1617 1901 Ostnunicos
1648 1864 1836 1916 proce-

260 1951 373 1994 res,
402 1947 468 1987 ac
490 1935 658 1989 duces
689 1937 977 2002 militares,
1011 1952 1335 2006 magnopere
1376 1939 1501 1994 belli
1540 1950 1648 1994 tam
1705 1941 1835 1996 diu-

264 2157 631 2171 ῤ-

1945 1848 2283 1902 Soleimanes
2310 1847 2486 1916 primo
2515 1849 2601 1901 die
2632 1848 2835 1902 tnettsis
2888 1847 3161 1912 Silebizis,
3212 1862 3356 1901 anno
3402 1845 3513 1899 Ma-

1946 1943 2241 1995 humetano
2268 1939 2371 1993 956
2406 1939 2558 2007 (Chr.
2589 1939 2776 2009 l550),
2838 1954 3092 1994 reversus
3119 1947 3225 1993 est.

850 2322 2802 2563 “"SUPPLEMENTUM

1510 2645 2260 2764 ANNALIUM

220 2886 247 2908 δ

403 2881 559 2955 QUO
598 2885 743 2945 RES
782 2883 1136 2946 TURCIC/E
1158 2881 1788 2955 CONTINUANTUR,
1820 2884 1920 2944 AD
1960 2872 2238 2949 ANNUM
2274 2883 2891 2948 MAIIUMETANUM
2935 2879 3369 3009 DCC‘CCXCVI.

1134 2999 1268 3072 QUI
1306 2998 1829 3060 CHRISTIANUS
1858 3000 1999 3061 EST
2030 3001 2146 3062 ΟΠ)
2170 3002 2243 3062 ID
2259 3001 2639 3064 LXXXVIII.

1237 3150 1343 3211 Ea:
1373 3149 1644 3212 Joannis
1705 3148 2073 3215 Leunclavit‘
2101 3151 2520 3218 Adversariis.

318 3500 482 3552 Auno
504 3494 1009 3551 Mabnmetans956
1037 3492 1190 3564 (Chr.
1220 3490 1377 3561 1550)
1408 3491 1632 3544 ineunte
1676 3501 1822 3551 vere,
1853 3501 1896 3561 ο
1929 3487 2221 3553 Aphricam
2271 3486 2463 3555 copiis,
2495 3480 2780 3556 Tripolim,
2805 3499 2985 3541 arcem
3012 3496 3064 3543 et
3110 3487 3369 3559 oppidum
3425 3487 3509 3542 di-

249 3590 515 3657 Dragulcs
539 3587 756 3654 Παῖδας,
783 3589 955 3657 pirata
980 3587 1231 3651 celebris,
1267 3584 1524 3655 oppidum
1548 3580 1821 3636 Barbarite

244 3683 353 3752 (sic
384 3681 675 3747 Aptttieam
703 3679 1033 3732 maritimam
1059 3676 1221 3731 hodie
1255 3689 1536 3737 vocamus,
1586 3671 1820 3740 appella—

242 3775 395 3827 tione
422 3770 683 3825 Romanis
706 3770 867 3824 etiam
894 3768 1135 3823 historiis
1181 3782 1287 3821 non
1312 3764 1527 3836 ignota)
1549 3763 1689 3835 quod
1714 3763 1819 3818 Ma-

246 3864 449 3919 badian
504 3862 676 3916 Mauri
728 3862 954 3927 dicunt,
1006 3860 1302 3931 Apbrieam
1351 3859 1549 3923 nostri,
1607 3870 1818 3913 veteres

241 3950 658 4019 Aphrodisium,
678 3949 906 4003 solerter
934 3949 1244 4017 ot-cttpavit,
1272 3962 1335 4003 ac
1360 3948 1612 4018 pmsidio
1637 3947 1817 4001 muni~

240 4044 343 4113 sit.
370 4041 491 4105 Quo
513 4041 752 4110 cognito,
780 4040 973 4094 Karuli
1013 4041 1167 4109 Augu
1204 4039 1246 4092 ti
1277 4040 1472 4094 classis
1500 4040 1816 4108 imperator,

238 4135 490 4188 Andreas
514 4133 696 4195 Doris,
733 4142 944 4209 mature
966 4130 1269 4186 cavendum
1303 4139 1480 4197 ratus,
1510 4145 1575 4184 ne
1601 4130 1730 4199 quid
1752 4147 1815 4183 cx

237 4239 307 4278 eo
328 4223 457 4278 loco
484 4224 749 4277 barbarus
772 4222 1087 4277 detrimenti
1118 4222 1450 4292 reipublicae,
1501 4234 1565 4275 ac
1590 4236 1817 4289 prteser-

239 4317 340 4371 tim
367 4316 735 4384 Neapolitanis
759 4323 815 4368 et
840 4313 1147 4384 llispanieis
1180 4314 1456 4370 littoribus
1477 4314 1631 4369 daret
1656 4330 1669 4367 :
1691 4294 1813 4366 eum

234 4409 416 4463 classe
446 4407 723 4473 militeque
758 4404 1034 4476 profectus
1060 4406 1115 4460 in
1169 4406 1489 4474 Apbricam,
1539 4404 1815 4473 Monaste-

236 4500 382 4552 rium
409 4497 687 4567 Oppidum,
712 4496 1044 4567 Apltrodisio
1101 4497 1432 4566 proximum.
1495 4506 1766 4568 expugnat
1797 4514 1814 4564 ;

234 4589 395 4642 caesis
422 4603 486 4642 ex
520 4588 753 4641 hostium
775 4588 1027 4657 praesidio
1058 4588 1183 4651 300,
1203 4588 1452 4645 abductis
1502 4588 1640 4642 I200
1666 4604 1814 4641 mau-

236 4680 418 4748 eipiis.
464 4678 594 4733 Inde
641 4680 948 4747 conjunctis
993 4662 1118 4733 cum
1173 4676 1521 4734 Ferdinando
1564 4678 1811 4749 Gonzaga

236 4788 339 4842 pro
368 4786 491 4841 rege
527 4770 725 4823 Sicilia:
750 4770 942 4838 copiis,
970 4768 1359 4838 Apltrodisium
1387 4769 1600 4824 obsidet
1626 4787 1641 4823 :
1666 4771 1811 4841 quod

1941 3579 2111 3634 tionis
2161 3575 2408 3650 equitum
2461 3579 2848 3646 llelitensium,
2895 3596 3205 3651 eorumque
3256 3582 3506 3652 praesidio

1929 3674 2223 3740 munitam,
2254 3674 2540 3728 obsidione
2567 3682 2848 3728 tentarunt
2880 3692 2895 3741 ;
2928 3691 2990 3729 ac
3024 3676 3212 3731 fraude
3257 3673 3507 3746 Dragutis

1927 3778 1978 3819 ct
2011 3764 2170 3829 Sabe,
2207 3764 2444 3833 praefecti
2478 3765 2735 3833 Gztsparis
2762 3764 3136 3820 ValleriiGalli
3187 3768 3504 3821 credulitate

1928 3857 2175 3927 Argosiui
2207 3858 2421 3923 Hispani
2451 3858 2757 3939 formidine,
2812 3859 3113 3927 proditione
3151 3858 3385 3928 denique
3406 3873 3503 3911 cu-

1922 3952 2140 4023 jusdam
2178 3969 2239 4005 ex
2273 3968 2336 4003 ea
2365 3959 2517 4019 parte
2549 3951 2849 4019 provincia:
2895 3948 3263 4004 Narbonensis
3318 3949 3505 4000 oriun-

1932 4045 2008 4107 di,
2031 4060 2151 4113 qua:
2176 4042 2427 4097 Ruttiano
2462 4044 2705 4114 pontiiici
2740 4044 2838 4098 sub
2890 4044 3254 4097 Avenient-nsi
3304 4043 3506 4097 ditioue

1926 4144 2098 4201 paret,
2157 4133 2209 4185 in
2272 4140 2594 4200 potestatem
2658 4132 3006 4202 redegerunt.
3055 4130 3260 4187 Collata
3321 4141 3500 4188 tamen

1927 4225 2195 4290 praeiptte
2223 4224 2383 4294 culpa
2416 4224 2521 4278 fuit
2552 4225 2768 4279 amissa?
2819 4226 3143 4280 munitionis
3195 4226 3381 4296 hujus,
3435 4220 3527 4282 ab.

1925 4314 2044 4384 ipso
2077 4314 2320 4382 equitum
2358 4312 2722 4369 Melitensium
2751 4332 2947 4385 magno
2969 4319 3250 4389 magistro,
3274 4320 3503 4390 ejusque

1924 4406 2176 4474 collegio,
2212 4414 2376 4477 atque
2407 4406 2553 4471 aliis,
2586 4407 2639 4460 in
2669 4406 3100 4462 Aramontannm
3148 4408 3334 4465 Gallia:
3361 4413 3503 4480 regis

1925 4499 2143 4555 Ilenriei
2183 4499 2420 4569 legatum
2458 4516 2471 4553 :
2504 4501 2594 4570 qui
2628 4499 2955 4556 Soleimanis
2980 4512 3037 4554 ut
3106 4517 3255 4556 arma
3316 4505 3499 4557 conri-

1927 4599 2069 4646 taret
2134 4591 2189 4646 in
2249 4592 2521 4677 Karplum
2577 4593 2907 4663 Augustum,
2966 4593 3499 4666 Constantinopolim

1923 4684 2145 4746 missus,
2180 4684 2285 4738 huc
2315 4684 2638 4754 appulerat;
2663 4694 2715 4737 et
2752 4684 2854 4738 sub
2884 4694 3146 4753 prmtexttt
3199 4688 3503 4742 coniiciun-

1921 4775 2003 4830 ἀπ
2047 4774 2217 4843 pacis,
2287 4775 2700 4846 obsidionisque
2776 4777 3071 4843 solvendae,
3130 4777 3503 4835 Melitensibus

234 4878 425 4916 mense
456 4862 619 4915 tertio
653 4860 869 4915 tandem
902 4861 956 4914 in
977 4868 1307 4930 potestatem
1338 4862 1504 4915 venit.
1553 4860 1692 4916 Casi
1747 4876 1812 4915 ex
1848 4856 1889 4910 ι)
1921 4866 2097 4921 fraudi
2126 4865 2294 4922 fuisse
2320 4867 2658 4936 perhibetur.
2692 4866 2972 4938 Occupata
3006 4868 3106 4924 fuit
3146 4868 3387 4939 Tripolis
3413 4872 3504 4926 die

233 4954 485 5009 barbaris
526 4953 768 5022 plurimi,
806 4959 962 5021 capta
1001 4952 1244 5020 capitum
1296 4951 1362 5005 ad
1417 4952 1577 5006 7600.
1632 4951 1807 5006 Vehe-

234 5055 449 5099 menter
500 5044 603 5097 hue
646 5044 842 5099 sultani
881 5044 1205 5097 Soleimanis
1237 5045 1499 5098 tanimum
1556 5044 1805 5115 pupugit,

232 5136 322 5193 cui
346 5152 412 5190 se
441 5152 547 5189 non
575 5138 644 5190 ita
680 5135 912 5204 pridem,
932 5150 1267 5201 cperamque
1325 5149 1478 5189 suam
1538 5134 1806 5205 Dragutes

230 5230 539 5283 addixerat.
556 5226 790 5281 Cesaris
809 5239 939 5280 vero
953 5225 1139 5280 Karuli
1155 5226 1315 5295 jussu
1336 5225 1580 5282 funditus
1596 5227 1805 5298 Aphro-

230 5322 429 5377 disium
470 5320 570 5374 fuit
598 5334 872 5373 eversum.
960 5390 963 5393 _

296 5415 460 5467 Anno
484 5413 728 5480 sequenti
754 5410 1001 5479 proximo
1024 5409 1273 5466 sultanus
1300 5409 1638 5467 Soleimanes
1670 5414 1803 5468 clas-

231 5520 351 5560 sem
377 5503 653 5565 instruxit,
685 5503 844 5570 eique
875 5500 1137 5554 Sinanetn
1170 5499 1388 5556 bassam
1425 5502 1684 5571 praefecit,
1711 5503 1810 5557 ad-

230 5594 438 5665 iunctis
485 5593 612 5649 huic
660 5593 916 5663 Dragute,
983 5588 1222 5660 Salaque
1279 5591 1462 5648 Raisis
1494 5612 1508 5649 :
1544 5596 1636 5665 qtti
1681 5611 1805 5650 cum

234 5701 413 5743 arcem
446 5683 777 5741 Melitensem
810 5684 1015 5737 frustra
1046 5688 1374 5750 tentassettt,
1406 5688 1709 5757 transjcetis
1754 5690 1806 5741 in

581 5780 854 5840 Pnaon.
901 5782 1019 5842 Gn.
1071 5777 1270 5841 CLIX.

1914 4960 1983 5012 15
2008 4959 2211 5013 mensis
2245 4959 2498 5027 Augusd,
2553 4976 2695 5013 anno
2741 4960 3125 5015 Mahnmetano
3180 4964 3279 5017 957
3348 4964 3498 5033 (Chr.

1913 5050 2199 5119 1551).ςυὶ
2233 5051 2480 5105 sultanus
2512 5051 2848 5107 Soleimanes
2888 5053 3167 5123 Dragutem
3193 5071 3315 5108 eum
3347 5059 3506 5122 impe‘
3592 5106 3596 5117 ,

1918 5142 2001 5194 rio
2030 5138 2283 5210 Sangiaei
2318 5141 2439 5211 begi
2477 5142 2732 5211 praefecit.
2754 5145 2804 5198 Is
2832 5144 3087 5212 deinceps
3114 5145 3346 5199 infestus
3371 5145 3504 5198 Car-
3590 5132 3599 5145 ’

1911 5246 2101 5286 reuna:
2128 5232 2260 5301 regi,
2290 5231 2448 5299 cujus
2474 5234 2606 5288 ditio
2624 5235 2728 5289 300
2760 5234 3082 5290 milliaribus
3109 5231 3307 5289 Italicis
3337 5250 3363 5285 a
3385 5232 3506 5287 Tri-

1916 5322 2025 5393 poli
2058 5323 2249 5388 distat,
2281 5325 2349 5377 ob
2388 5323 2708 5395 denegatam
2752 5340 2912 5396 opem
2964 5328 3191 5380 obsesso
3235 5325 3505 5396 Aphrodi-

1922 5413 2027 5480 sio,
2063 5413 2251 5483 majori
2282 5424 2433 5483 parte
2466 5414 2692 5468 ditionis
2709 5431 2833 5469 eum
2859 5415 3043 5473 exuit:
3079 5414 3293 5486 aliaque
3315 5416 3503 5486 gessit,

1927 5505 1993 5559 de
2017 5505 2214 5574 quibus
2244 5521 2346 5560 suo
2384 5506 2497 5560 loco
2532 5507 2763 5562 dicetur.

1994 5596 2386 5668 Superioribus
2416 5598 2574 5652 annis
2608 5597 2758 5669 (Chr.
2784 5598 2942 5666 1548,
2967 5600 3301 5671 1549,1550)
3323 5599 3506 5656 Ferdi-

1921 5689 2132 5745 naudus
2155 5686 2357 5753 Caesar,
2381 5687 2651 5760 ngariae,
2676 5688 3062 5763 Bohemiaeque
3087 5708 3203 5760 rex,
3233 5707 3352 5765 post
3380 5693 3506 5750 obi-

2943 5786 3016 5847 21
