4026 6204
590 261 696 324 ’651

1808 254 2137 314 ἸΟΑΝΝΙΞ
2174 253 2636 315 LEU.\'CI.AVH

3684 258 3783 322 652

602 390 719 435 tum
753 375 983 442 l‘ereuil,
1018 373 1256 443 Agriani,
1294 372 1543 441 ngarim
1601 373 1982 441 municipium,
2024 372 2167 441 quod
2203 378 2239 432 Α
2273 388 2394 425 rum
2423 383 2605 441 praeter
2654 373 3085 427 'Osmanidarutu
3118 388 3321 441 morem
3374 373 3632 428 Sidi-inmiti
3674 379 3774 437 lqiv

550 483 557 489 '
599 471 775 523 Erlam
798 470 953 537 vulgo
973 476 1183 530 vorant,
1208 465 1289 518 sui
1316 466 1452 532 juris
1474 464 1712 517 fecerat:
1733 475 1786 517 et
1810 463 2157 517 illustrissiui

598 563 822 615 (Imuitis
846 560 1140 613 Salmensis
1174 558 1374 611 Nicolai
1397 574 1556 626 opera
1577 558 1920 625 Zabragium,
1939 557 2156 621 Lev‘am,

597 654 886 723 Zythnam,
930 652 1217 703 Muranutn
1243 660 1597 718 expugnarat.
1624 649 1734 703 Nec
1784 650 1954 703 multo
2011 658 2153 716 post,

592 743 835 813 ejusdem
870 740 1311 810 regismandato,
1369 739 1701 794 Zolnoccum
1760 739 1921 809 352
1964 737 2159 793 Turcis

591 836 882 904 Agrienses
912 834 1242 902 eripuerant.
1269 830 1378 885 llas
1409 830 1479 884 ob
1518 846 1716 886 causas
1750 833 1996 884 irritatus
2054 831 2158 884 So-

590 923 872 987 leimanes,
908 920 1303 991 Temesuatum
1328 935 1423 989 per
1455 933 1588 974 suos
1617 920 1853 983 obsedit,
1903 931 1955 973 et
1999 919 2155 974 dedi-

591 1016 738 1068 tione
773 1012 935 1082 cepit,
961 1012 1248 1068 interfecto
1287 1026 1382 1079 per
1416 1009 1596 1064 scelus
1630 1009 1839 1063 violatio
1871 1008 1990 1063 fidei
2033 1008 2157 1063 Ste-

593 1110 771 1177 phano
794 1106 1084 1167 Losoucio,
1116 1105 1262 1159 illius
1305 1104 1410 1157 loci
1473 1114 1913 1173 propugnatore;
1943 1101 2155 1171 Lipam,

591 1194 940 1258 Solimosum,
970 1194 1351 1258 Chianadiam,
1384 1207 1506 1247 cum
1539 1192 1660 1247 aliis
1701 1192 1945 1246 castellis
1994 1205 2154 1244 occu-

587 1289 731 1358 pavit
756 1304 774 1354 ;
799 1287 1083 1340 Erasmqu
1119 1280 1760 1348 Teifelum,Ferdiuandi
1792 1282 2010 1346 ducem,
2032 1296 2154 1333 cum

585 1380 782 1433 Sfottia
812 1377 1140 1441 Palavicino,
1166 1387 1217 1429 et
1268 1377 1572 1444 Augustino
1631 1374 1995 1439 Sbardellato,
2056 1373 2159 1427 Va-

586 1473 757 1528 ciensi
812 1471 1046 1540 pr'rsule
1104 1469 1169 1523 ad
1213 1469 1508 1534 Palastum,
1540 1470 1654 1523 Alis
1694 1470 1863 1523 basism
1898 1468 2161 1521 Budensis

584 1565 770 1626 ductu,
810 1564 1045 1615 cecilit:
1079 1577 1251 1631 eaque
1286 1561 1487 1629 potitus
1536 1561 1789 1619 victoria,
1853 1560 2155 1628 Dregeltum

586 1662 790 1711 arcem,
825 1650 1186 1711 Giartnatum,
1228 1649 1515 1707 Zezenum,
1550 1649 1761 1717 aliaque
1808 1648 1924 1701 lora
1980 1648 2154 1701 ticiua

2266 466 2396 516 time
2425 465 2719 533 nupsisset,
2752 468 2817 518 de
2851 466 3083 519 liliormn
3122 467 3175 517 in
3237 465 3458 533 imperio
3491 471 3778 523 successione

2262 552 2519 611 sollieita.
2572 553 2849 607 Rustetnis
2871 557 3053 621 generi
3085 556 3564 619 criminationibus,
3582 570 3623 610 et
3655 575 3758 610 vene

2261 643 2764 712 ficiisquihusdam,
2798 649 2864 697 ab
2910 646 3133 700 llebrtea
3186 648 3352 713 striga
3398 648 3779 707 subruiuislrabs.

2262 734 2589 788 fascluatum
2627 736 2828 789 sultani
2885 740 3146 801 animum,
3195 754 3223 791 a
3280 739 3548 807 Mustapha
3601 756 3782 807 prorsus

2262 826 2614 878 abalienarat.
2656 824 2894 880 Fuerant
2927 839 2981 881 et
3027 833 3202 882 bassae
3243 830 3522 897 cujusdam
3558 832 3673 896 p-uri
3711 846 3779 883 er-

2266 918 2450 971 hibita-
2495 918 2709 981 littera},
2743 920 2940 985 quibus
2964 920 3029 973 ad
3064 922 3379 974 Rusteu-em
3409 924 3614 989 scriptis
3645 922 3779 973 renti-

2264 1010 2512 1074 uebatur,
2551 1011 2616 1063 de
2636 1012 2996 1065 matrimonio
3029 1013 3173 1066 inter
3198 1011 3555 1081 Mustapham,
3580 1024 3626 1066 et
3652 1013 3777 1066 tiliam

2262 1100 2440 1152 seaehi
2490 1099 2778 1156 Persarum
2844 1102 3182 1167 Techmasis,
3234 1119 3473 1174 quocum
3535 1103 3778 1159 Soleintani

2263 1191 2509 1259 pluribus
2564 1195 2633 1246 ab
2667 1196 2828 1248 annis
2881 1195 3081 1250 bellum
3132 1206 3271 1258 erat,
3328 1196 3564 1251 tractari.
3607 1197 3781 1251 Ilii-ilio:

2262 1286 2655 1353 suspiciosum,
2692 1304 2756 1339 ex
2792 1288 2911 1342 aliis
2935 1303 3151 1358 quoque
3181 1290 3565 1352 delationibus,
3589 1290 3780 1341 aniuimn

2262 1379 2428 1446 patris
2455 1393 2517 1432 ea
2543 1393 2629 1433 res
2663 1381 2980 1448 perturbare
3003 1396 3018 1435 :
3046 1381 3189 1450 quod
3222 1391 3518 1441 vereretur.
3541 1396 3601 1435 ne
3630 1381 3786 1433 llnsta-

2261 1470 2396 1537 phas
2426 1469 2745 1525 Tecluuasis
2779 1472 3002 1541 adjutus
3044 1473 3296 1540 auxiliis,
3352 1474 3574 1543 imperio
3618 1481 3783 1540 panem

2261 1575 2557 1617 excuteret.
2583 1564 2769 1632 Itaque
2800 1564 3006 1619 missus
3030 1566 3301 1621 fuitanno
3330 1566 3435 1621 958
3490 1565 3634 1635 (Chr.
3680 1564 3787 1617 l$32

2265 1663 2316 1705 et
2351 1655 2509 1722 1553)
2566 1671 2685 1707 cum
2717 1656 2958 1710 exercitu
2996 1656 3281 1711 Rustemes
3299 1659 3450 1711 vczir
3482 1658 3787 1721 azetnes,sub

586 1747 688 1799 sub
710 1746 894 1813 jugum
931 1743 1095 1796 misit.
1160 1741 1288 1794 Tam
1322 1756 1580 1809 prospero
1632 1757 1812 1794 rermu
1887 1756 2149 1794 successu
2186 1736 2225 1790 Β
2258 1756 2521 1815 praetextu
2553 1747 2773 1815 quidem
2800 1748 2925 1801 belli
2952 1748 3171 1803 Parthis
3198 1749 3489 1812 inferendi,
3516 1751 3601 1803 sed
3631 1766 3785 1815 reapse

583 1840 755 1890 elatus
781 1834 892 1887 Alis
931 1833 1084 1884 bassa
1113 1830 1401 1893 Budcnsis,
1436 1845 1593 1897 quem
1619 1829 1837 1891 Caram,
1883 1829 1999 1882 sive
2054 1825 2149 1878 Ni-

583 1944 737 2000 grum
765 1930 898 1982 .-\lim
930 1928 1212 1987 vocabant,
1239 1926 1497 1993 adjuncto
1525 1922 1626 1977 sibi
1664 1922 1921 1974 Achmete
1946 1920 2141 1973 Roma-

585 2022 686 2074 niae
715 2019 1051 2089 beglerbego,
1087 2026 1141 2069 ct
1165 2016 1410 2078 Casanaz,
1438 2015 1666 2082 aliisque
1690 2012 1936 2081 pluribus
1976 2010 2150 2079 begis,

583 2112 911 2165 Zolnoccum
947 2109 1192 2164 adoritur
1228 2124 1455 2177 :roque,
1482 2106 1830 2176 praesidiariis
1858 2096 2153 2171 die'éSep-

586 2205 809 2257 tentbris
839 2204 979 2256 ultro
1008 2202 1345 2263 cedentibus,
1378 2208 1435 2251 ut
1467 2199 1703 2266 Agriani.
1747 2212 1865 2265 quae
1894 2195 2150 2249 momenti

589 2296 810 2365 majoris
834 2304 972 2358 erat,
995 2296 1257 2348 adversus
1314 2293 1525 2346 hostem
1581 2287 1954 2350 defenderent,
2008 2287 2151 2356 poti-

585 2402 691 2443 tur.
722 2388 849 2442 Inde
879 2388 1147 2458 promotis
1183 2385 1249 2439 ad
1288 2384 1504 2453 Agriani
1533 2382 1755 2445 castris,
1789 2394 2005 2434 summo
2028 2379 2151 2449 qui-

582 2484 703 2535 dem
736 2482 880 2534 illam
918 2483 1120 2548 impelu
1151 2477 1623 2548 aggrediunturct
1659 2482 1995 2543 oppugnant,
2052 2472 2148 2525 sed

583 2576 739 2628 irrito
774 2582 997 2636 conatu,
1026 2582 1078 2625 et
1107 2587 1300 2639 magno
1330 2584 1453 2624 cum
1501 2570 1785 2622 cassat-um
1840 2565 2102 2620 dedecore
2133 2581 2146 2617 :

580 2667 726 2735 quod
760 2665 993 2719 feliciter
1021 2680 1048 2716 a
1075 2663 1369 2732 Stephanis
1401 2660 1623 2715 Dobone
1654 2657 1929 2723 Ruscauo,
1973 2656 2152 2712 Mezi—

581 2759 615 2811 k
652 2759 725 2823 io,
760 2757 991 2820 Zoltaio,
1025 2755 1292 2826 Gregorio
1363 2756 1550 2816 Iliaco,
1611 2751 1822 2805 Joanne
1878 2750 2148 2821 Figedaeo.

581 2861 744 2917 atque
775 2850 897 2903 aliis
924 2850 1155 2902 fortibus
1181 2850 1327 2903 viris
1348 2846 1752 2902 defenderetur.
1809 2845 1974 2900 Gesta
2027 2846 2147 2899 fue-

581 2952 708 2996 runt
736 2942 847 2996 luec
872 2957 1018 2994 anno
1051 2941 1430 2993 Mahumetano
1456 2939 1558 2994 958
1598 2938 1749 3007 (Chr.
1779 2937 1958 3005 1552).

653 3034 866 3089 Dictum
893 3033 1053 3103 paulo
1074 3041 1220 3098 ante,
1249 3031 1432 3085 Galliae
1451 3047 1626 3103 regem
1646 3030 1961 3093 llenricum,
1986 3031 2151 3084 misso

564 3128 776 3196 legato,
812 3126 1089 3182 sultanum
1129 3125 1497 3179 Soleimanem
1557 3124 1822 3178 adversus
1890 3122 2150 3176 Karulum

578 3223 999 3290 Augustum,ex
1032 3219 1149 3287 lege
1210 3216 1382 3270 mutui
1459 3214 1705 3278 hederis,
1753 3215 1912 3283 Cuius
1964 3226 2152 3269 auctor

576 3310 903 3366 Franciseus
941 3318 1090 3378 pater
1149 3308 1460 3372 exstiterat,
1524 3306 1804 3360 incitasse.
1867 3304 2151 3357 Permotus

577 3404 646 3456 ab
680 3404 1050 3455 Aramontano
1093 3400 1449 3462 Soleimanes,
1480 3400 1572 3467 qui
1627 3397 1693 3450 ad
1726 3396 1972 3451 Persicos
2019 3395 2151 3449 lines

575 3493 865 3563 postulatis
896 3492 1015 3561 ejus
1046 3492 1258 3555 adnuit,
1290 3506 1417 3543 mox
1440 3489 1671 3543 classem
1698 3489 1941 3557 expediri
1973 3486 2149 3554 jubet,

574 3601 695 3655 quin
722 3585 942 3638 Gallicis
966 3586 1150 3654 juncta
1177 3581 1371 3650 copiis,
1409 3579 1597 3634 Karuli
1656 3578 1891 3633 ditiones
1944 3578 2151 3631 mariti-

578 3692 695 3731 mas
739 3677 1051 3730 infestaret.
1088 3675 1244 3739 Quod
1271 3673 1492 3743 quidem
1529 3687 1598 3726 ex
1633 3678 1757 3723 voto
1791 3670 2088 3740 prmstitum
2120 3687 2149 3724 a

574 3768 697 3823 fidis
733 3768 920 3825 sociis,
955 3765 1386 3835 gravissimaque
1432 3761 1802 3831 Neapolitanis
1858 3769 1911 3815 et
1953 3762 2151 3817 Siculis

2254 1853 2377 1891 eum
2416 1840 2639 1892 secretis
2671 1840 2870 1893 sultani
2922 1841 3212 1902 mandatis,
3238 1851 3295 1893 ut
3354 1857 3662 1910 quocunque
3695 1856 3786 1893 mo-

2254 1929 2322 1981 do
2354 1929 2689 1999 lllustapham
2720 1946 2748 1983 e
2781 1926 2961 1984 medio
2986 1932 3219 1985 tolleret.
3243 1929 3539 1987 Rustetnes
3568 1934 3616 1985 in
3638 1933 3785 1985 Asiam

2255 2019 2549 2086 profectus,
2579 2019 2945 2074 Solcimancm
2983 2021 3188 2090 trepide
3229 2023 3516 2077 certiorem
3550 2024 3685 2085 facit,
3714 2038 3787 2090 per

2253 2111 2582 2165 ealutnniam
2611 2122 2813 2175 tamen,
2840 2112 2891 2164 in
2946 2127 3142 2182 magno
3202 2130 3315 2166 rem
3370 2115 3574 2169 versari
3631 2115 3788 2168 discri-

2256 2202 2401 2255 mine
2436 2219 2448 2255 :
2489 2202 2799 2269 genizaros,
2825 2212 3164 2274 eaeterosque
3190 2205 3394 2261 milites
3436 2208 3507 2260 ita
3539 2207 3790 2273 Mttslaphe

2255 2294 2495 2356 studere.
2516 2295 2591 2349 de
2616 2296 2786 2364 patris
2816 2304 2873 2349 ut
2910 2306 3087 2349 aetum
3120 2296 3350 2367 imperio
3380 2300 3636 2353 videatur.
3683 2296 3791 2350 Nul-

2256 2384 2367 2441 lum
2400 2386 2542 2439 aliud
2571 2401 2856 2455 superesse
2888 2389 3212 2451 remedium,
3280 2405 3444 2457 quam
3504 2400 3559 2441 ut
3598 2390 3793 2456 ipsemet

2256 2480 2308 2533 in
2346 2478 2559 2550 Syriam
2599 2479 2897 2533 advolaret.
2926 2479 3176 2534 Territus
3208 2483 3311 2534 hoc
3342 2484 3529 2535 nuntio
3568 2483 3793 2537 Soleith-

2257 2587 2375 2631 nes,
2410 2572 2591 2624 subito
2616 2571 2914 2639 Chalepum
2950 2558 3071 2625 cum
3099 2573 3342 2626 exercitu
3384 2576 3791 2644 properat,qttast

2254 2665 2471 2719 Parthis
2497 2665 2698 2718 bellum
2732 2662 2973 2717 facturus
3007 2673 3171 2718 esset.
3206 2665 3519 2720 Arcessitur
3546 2682 3631 2736 per
3672 2667 3793 2719 litte.

2255 2769 2341 2807 ras
2368 2753 2531 2817 ﬁlius,
2561 2753 2635 2806 uti
2676 2751 2975 2822 Chalepum
3022 2753 3084 2807 ad
3138 2765 3347 2823 patrem
3402 2757 3517 2810 sine
3571 2771 3704 2810 inora
3747 2771 3795 2807 se

2252 2845 2547 2899 conlerret.
2612 2844 2927 2912 Mustaphas
2960 2883 2976 2909 ,
3030 2846 3155 2900 licet
3211 2845 3279 2900 de
3335 2849 3571 2917 paternis
3614 2849 3797 2902 insidiis

2256 2937 2583 3001 inaudisset,
2622 2936 2968 3005 monitusque
2998 2947 3216 2991 secreto
3251 2937 3447 2994 fuisset
3477 2942 3542 2993 ab
3570 2940 3795 2994 Achatae

2257 3027 2440 3090 bassa,
2473 3026 2666 3080 salutis
2700 3035 2756 3080 ut
2788 3042 2897 3081 suae
2925 3028 3189 3084 rationem
3214 3028 3444 3085 haberet
3477 3048 3491 3083 :
3523 3030 3794 3083 innocentia

2264 3128 2449 3172 tamen
2482 3134 2581 3173 sua
2614 3119 2803 3183 fretus,
2829 3121 2997 3188 patris
3051 3120 3280 3190 imperio
3342 3132 3515 3191 paret.
3561 3125 3612 3176 In
3642 3133 3792 3176 castra

2252 3225 2375 3263 cum
2405 3210 2661 3272 venisset,
2693 3213 2758 3264 ad
2790 3211 3088 3264 tentorium
3124 3224 3408 3280 paternum
3440 3225 3580 3269 recta
3608 3214 3791 3283 pergit:

2255 3301 2343 3355 ubi
2372 3309 2524 3369 patre
2554 3302 2720 3356 mutis
2752 3302 2962 3371 aliquot
2987 3304 3248 3370 robustis,
3282 3322 3426 3374 quos
3484 3308 3668 3363 sultaui
3711 3304 3795 3359 Os-

2253 3391 2500 3461 manigae,
2535 3391 2697 3446 veluti
2725 3391 2812 3446 hic
2846 3393 3011 3446 etiam
3070 3393 3310 3454 litin-ales
3367 3396 3461 3463 lll,
3519 3399 3571 3453 in
3618 3398 3795 3452 deliriis

2254 3482 2453 3536 habere
2495 3482 2693 3545 solent,
2756 3484 3043 3539 minaciter
3109 3486 3397 3551 innuente.
3441 3491 3793 3559 prosternitur,

2252 3570 2561 3640 injectoqne
2586 3587 2754 3627 nervo
2810 3576 3203 3643 strangulatur.
3257 3576 3383 3631 lude
3440 3580 3669 3651 Ziangtr,
3715 3582 3791 3646 qui

2253 3664 2511 3731 gibhosus
2538 3674 2674 3729 erat,
2702 3667 3069 3740 minimusque
3096 3679 3222 3725 natu
3268 3672 3595 3731 Soleimanis
3650 3677 3792 3736 filius,

2251 3769 2279 3807 a
2313 3764 2463 3825 patre
2495 3758 2652 3825 quasi
2698 3774 2794 3827 per
2826 3760 3012 3814 ludutn
3034 3776 3098 3815 ac
3120 3762 3330 3832 joeum,
3375 3765 3665 3836 Mustaphtc
3700 3766 3791 3820 fra-

2252 3848 2340 3910 tri,
2373 3863 2535 3917 quem
2559 3863 2810 3905 necatum
2849 3851 3154 3922 ignorabat,
3185 3856 3402 3910 obviam
3431 3860 3639 3928 prodire
3662 3861 3792 3925 jube-

2238 3934 2363 3995 ‘tur.
2410 3940 2458 3996 is
2502 3942 2589 3997 ubi
2626 3944 2849 4012 propius
2889 3945 2955 3998 ad
2988 3944 3290 4003 fraternum
3336 3953 3572 4008 cadaver
3632 3965 3791 4005 acces-

2250 4034 2432 4097 sisset,
2457 4037 2707 4105 quamvis
2734 4048 3085 4091 constcrnato
3124 4057 3249 4095 ηιοι
3285 4044 3591 4116 interempti
3627 4046 3788 4098 fratris

2248 4130 2396 4198 equi,
2428 4127 2715 4198 mancipia,
2737 4132 2991 4191 tentoria.
3018 4134 3280 4197 thesauri,
3315 4146 3632 4192 ornamenta
3651 4146 3790 4191 caete-

570 3860 848 3917 littoribus
899 3858 1042 3911 illata
1077 3858 1291 3909 damna.
1342 3852 1561 3909 Corsica
1613 3867 1848 3922 quoque,
1892 3851 2150 3908 Genuen-

570 3954 711 4007 situn
765 3951 964 4012 insula,
994 3957 1150 4017 capta
1174 3947 1323 4011 fuit;
1361 3954 1415 4000 et
1462 3945 1655 4000 incolae
1701 3958 1825 3999 cum
1880 3946 2153 4014 praesidia-

553 4045 669 4098 .riis
698 4046 894 4113 partim
952 4041 1100 4106 caesi,
1152 4040 1345 4109 partim
1403 4037 1697 4093 crudeliter
1751 4037 1966 4105 habiti;
2004 4038 2146 4107 quod

571 4136 789 4205 quidem
821 4134 1017 4189 atcidit
1055 4147 1200 4187 anno
1228 4129 1330 4186 959
1359 4130 1511 4203 (Chr.
1547 4128 1723 4199 l552).
1747 4127 1856 4185 Nec
1880 4130 2146 4185 restituta

564 4228 950 4282 Genuensibns
985 4224 1210 4278 Corsica
1264 4224 1414 4293 prius
1456 4222 1578 4288 fuit,
1628 4237 1791 4293 quam
1854 4236 1956 4290 pax
2009 4223 2150 4275 inter
2249 4235 2328 4285 ra,
2356 4233 2477 4272 cum
2514 4219 2806 4274 Amasiana
2842 4224 3138 4291 provincia,
3170 4227 3427 4281 mamlan
3452 4229 3616 4299 patris
3644 4226 3788 4282 oﬂ'er-

567 4322 876 4391 l’hilippum
953 4327 1010 4374 et
1050 4316 1364 4379 llenricum,
1390 4314 1662 4386 Hispaniae
1710 4314 2007 4384 Galliasque
2064 4330 2148 4367 re-
2248 4320 2456 4378 rentur,
2493 4320 2672 4366 tamen
2714 4314 2798 4367 his
2832 4315 3089 4370 omnibus
3112 4319 3333 4386 spretis,
3389 4330 3446 4374 et
3492 4319 3787 4390 exprobrata

567 4428 682 4479 ges,
748 4418 1052 4479 annopost
1083 4418 1237 4463 sexto
1268 4408 1546 4463 coivisset.
1594 4405 1930 4475 Quippe'non
1972 4408 2144 4461 multo
2177 4418 2220 4475 ι)
2251 4403 2387 4472 patri
2420 4403 2603 4458 verbis
2636 4404 3012 4460 acerbissimis
3036 4416 3142 4461 tam
3197 4411 3366 4478 impio
3407 4414 3631 4482 diroque
3677 4406 3809 4464 laci?

563 4515 686 4572 post
716 4498 1017 4553 confectam
1049 4499 1189 4551 hanc
1238 4511 1448 4566 pacem,
1509 4496 1798 4550 infeliciter
1860 4501 2133 4554 exstincto

569 4606 737 4662 patre,
768 4592 1090 4647 Frauciseus
1114 4591 1179 4657 ll,
1213 4588 1429 4644 Henrici
1465 4589 1507 4643 ll
1563 4589 1622 4642 ε.
1662 4607 1743 4644 .ex
1804 4592 1958 4661 pacis
2010 4606 2130 4647 eam

568 4685 776 4749 legibus
826 4682 1136 4751 reipublica:
1162 4679 1430 4734 Geuuensi
1468 4679 1722 4735 reddidit.

641 4775 767 4828 Erat
794 4773 1010 4827 sultano
1067 4770 1361 4825 Soleimaui
1414 4771 1557 4825 filius
1611 4772 1949 4843 Mustaphas,
2001 4786 2130 4829 natu

567 4867 859 4930 maximus,
900 4880 964 4917 ex
1012 4863 1331 4918 muliercula
1369 4864 1641 4929 Cireassa,
1697 4866 1908 4921 servilis
1948 4869 2133 4922 condi-

567 4962 729 5016 tionis
757 4958 875 5014 :cui
898 4968 1051 5026 pater
1079 4956 1233 5009 initio
1257 4955 1609 5025 Magnesiam,
1638 4959 1761 5013 inde
1783 4960 2126 5014 Amasianam

563 5052 895 5126 provinciam
919 5051 1164 5114 dederat,
1198 5048 1289 5102 ubi
1313 5065 1432 5101 cum
1471 5060 1644 5104 matre
1680 5051 1902 5120 degeret
1939 5067 1952 5103 :
1981 5050 2128 5105 deni-

560 5163 665 5217 que
699 5144 1110 5201 Carabemitlatn
1141 5140 1559 5210 Mesopotamia,
1602 5142 1849 5196 Persicos
1890 5142 1956 5195 ad
1994 5142 2127 5195 lines

560 5243 743 5305 sitam,
779 5237 1106 5307 assignarat.
1137 5233 1500 5288 Eranteidem
1531 5246 1583 5287 et
1617 5233 1707 5286 alii
1754 5233 1935 5297 liberi,
1990 5250 2128 5302 quos

560 5346 628 5383 ex
663 5329 865 5383 femina
895 5326 1084 5379 forma:
1119 5325 1305 5396 (veluti
1343 5324 1558 5393 quidem
1595 5323 1932 5392 perhibetur)
1987 5325 2125 5378 libe-

557 5422 710 5487 ralis,
748 5420 966 5473 natione
1002 5416 1194 5480 Russa,
1220 5418 1333 5471 sive
1366 5415 1663 5475 Roxolaua.
1687 5418 1982 5471 sustulerat
2015 5434 2128 5472 tua—

557 5528 646 5567 res
676 5522 932 5581 quatuor,
987 5509 1377 5575 Mucbemetes,
1432 5508 1681 5574 Selimes,
1733 5508 2019 5576 Bajazites,
2074 5520 2127 5564 et

555 5605 774 5672 Ziaugir
804 5621 817 5657 :
849 5603 1007 5657 unica
1030 5602 1245 5657 fetnella
1277 5602 1589 5663 Cbameria,
1620 5618 1782 5671 quam
1808 5602 1897 5656 alii
1926 5603 2124 5656 Came-

557 5710 680 5747 nam
716 5703 930 5760 \ocnnt,
976 5697 1253 5750 llustemis
1285 5695 1479 5751 veziris
1537 5711 1693 5751 mur.
1746 5693 1868 5751 llxe
1927 5694 2120 5761 llossa,

2244 4513 2396 4561 nore,
2422 4506 2603 4554 statim
2630 4501 2746 4556 suis
2776 4502 3033 4556 manibus
3057 4502 3109 4557 in
3141 4504 3353 4560 viscera
3391 4498 3671 4577 pugionem
3691 4502 3787 4553 adi-

2241 4589 2339 4657 git,
2367 4598 2421 4644 et
2443 4591 2695 4644 cadaveri
2730 4591 2918 4648 fratris
2944 4656 2957 4665 .
2987 4591 3333 4661 incumbens,
3385 4600 3640 4668 exspirat.
3696 4594 3787 4646 Nec

2243 4683 2415 4736 multo
2451 4694 2594 4752 post,
2623 4684 2868 4753 ejusdem
2924 4685 3110 4740 liossa:
3166 4689 3323 4741 malis
3384 4690 3591 4743 artibus
3644 4688 3784 4742 etiam
3866 4699 3871 4704 ’

2242 4775 2402 4829 unico
2427 4759 2858 4842 ttustapnm‘sno
2892 4776 3107 4843 Murati,
3142 4782 3231 4848 qui
3260 4779 3444 4834 Prusae
3497 4780 3633 4849 apud
3691 4794 3785 4831 Ina-

2240 4877 2374 4921 trem
2407 4869 2763 4933 educabatur,
2793 4883 2957 4937 opera
3003 4869 3294 4924 lbrahiuiis
3350 4874 3583 4926 eunuchi
3636 4872 3786 4923 lassa!

2238 4958 2437 5025 injecto
2466 4973 2634 5011 nervo
2653 4967 2841 5026 guttur
2873 4958 3107 5019 eliditur,
3132 4961 3303 5028 ipsius
3340 4961 3427 5014 avi
3459 4961 3644 5026 jllSsllI
3676 4970 3781 5010 cum

2236 5049 2283 5102 ei
2315 5050 2640 5117 periculum,
2673 5050 2831 5120 353
2868 5052 3007 5120 quod
3042 5068 3070 5103 a
3136 5061 3330 5120 llt‘pnle!
3386 5061 3569 5121 posset
3623 5046 3772 5102 iturii-

2238 5156 2383 5202 nere,
2411 5140 2565 5208 cuius
2597 5151 2804 5211 patrem
2846 5143 3084 5212 genizari
3138 5153 3419 5212 tantopere
3487 5142 3775 5196 coluissent.

2238 5246 2513 5298 nunquam
2549 5232 2638 5285 illa
2693 5233 2833 5285 furia
2888 5233 3163 5286 desineret
3227 5235 3297 5286 ob
3360 5235 3545 5287 oculos
3583 5240 3778 5301 ponere.

2234 5322 2589 5394 Contigerant
2620 5325 2732 5379 hare
2770 5342 2913 5379 anno
2944 5325 3045 5379 959
3083 5325 3236 5394 (Chr.
3274 5326 3455 5395 155⁸5).

2305 5412 2434 5469 Post
2464 5416 2697 5469 solutam
2731 5431 2873 5469 anno
2900 5419 3203 5485 superiore.
3239 5436 3435 5488 magno
3464 5434 3583 5473 cum
3615 5413 3775 5468 (Ξεινί-

2234 5518 2418 5563 mento
2450 5520 2502 5563 et
2529 5509 2826 5578 ignominia
2866 5509 3194 5577 Tureorum,
3236 5513 3567 5567 obsidionem
3593 5507 3773 5579 Αετίτιι,

2233 5618 2379 5656 nunc
2407 5604 2625 5656 tandem
2660 5601 3195 5672 Constantinopolim
3226 5623 3255 5658 a
3288 5603 3621 5659 Ferdinando
3662 5614 3777 5663 rege

2231 5692 2393 5765 legati
2455 5696 2765 5761 mittttnttir,
2826 5697 3097 5752 Antonius
3170 5695 3475 5762 Verautius,
3516 5696 3776 5763 t'pi'ml’us
