4026 6204
348 236 381 295 6
399 239 455 300 ὲ3

1494 246 1879 308 SUPPLEM.
1926 245 2203 307 ANNAL.
2236 245 2545 308 TURCIC.

3497 255 3604 318 64

349 372 660 441 Agriensis,
710 385 766 431 et
822 374 1154 434 Franciscus
1228 378 1268 432 Ζ
1308 379 1379 445 is,
1429 379 1813 436 Caesariensis
1872 379 1922 434 in

2034 365 2193 427 rique
2221 378 2415 417 omnes
2479 362 2776 432 Bzijazitcm
2820 363 2965 420 hunc
2998 364 3228 421 .Sclime
3261 379 3389 423 natu
3448 374 3620 443 majo-

349 466 587 533 l’ngaria
641 469 923 538 superiore
987 474 1434 544 praefectuszqui
1473 476 1536 529 de
1598 490 1732 543 pace
1801 489 1926 528 cum

347 559 574 613 sultano
630 562 1022 617 constituenda
1082 565 1210 619 dum
1253 565 1527 630 laborant,
1582 575 1754 620 tetum
1787 565 1919 621 Con-

345 651 712 722 etantinopoli
746 653 1029 709 biennium
1057 657 1291 711 hzerent.

423 762 498 819 De
527 763 719 821 Gallia?
749 766 919 836 regis,
950 778 1004 823 et
1038 768 1368 824 Soleimanis
1409 761 1614 826 ﬁndere
1669 774 1934 838 diximus,

350 858 437 910 cui
474 859 732 914 sultanns
763 868 821 911 ut
884 861 1260 921 satisfaceret.
1304 864 1513 933 aliquot
1572 866 1733 919 annis
1789 865 1939 921 hisce

351 949 582 1003 classem
607 948 879 1018 ablegavit
927 951 992 1004 ad
1046 951 1415 1007 infestandum
1461 970 1612 1007 mare
1668 954 1932 1010 Tuscum.

349 1037 424 1091 Ea
468 1040 641 1107 prius,
675 1056 838 1109 quam
903 1040 1123 1109 longius
1187 1060 1332 1097 nunc
1379 1046 1840 1121 progrederetur,
1882 1064 1936 1105 et

344 1128 777 1183 cumGailorum
810 1144 870 1184 se
922 1132 1098 1187 classe
1148 1134 1546 1205 coniungeret:
1589 1135 1933 1193 Marinianus

350 1219 622 1285 Marchio,
679 1222 933 1276 Karulini
1000 1224 1291 1293 pra-lectus
1348 1228 1647 1291 escrcitus,
1714 1239 1931 1298 porttttn

348 1310 623 1377 Herculis,
648 1327 809 1381 quem
841 1313 980 1367 Galli
1017 1316 1297 1378 tenebant,
1332 1316 1558 1381 invadit,
1616 1334 1932 1388 arcemque,

347 1405 708 1473 praesidiariis
731 1408 1095 1471 obtruncatis,
1135 1422 1396 1480 occupat.
1435 1412 1749 1468 Secundum
1818 1417 1933 1470 haec

347 1495 512 1550 Turci
543 1495 890 1551 Plumbinnm
924 1499 1211 1555 obsidione
1248 1503 1495 1571 cingunt,
1565 1517 1617 1558 ct
1649 1522 1759 1559 non
1812 1508 1933 1561 sine

347 1591 500 1644 ilade
535 1590 747 1659 rejecti,
784 1592 971 1646 Elbam
1005 1592 1267 1659 insulam,
1306 1605 1501 1649 conatu
1536 1597 1722 1653 itidem
1751 1600 1929 1666 irrito,

350 1693 578 1738 tentant.
609 1684 939 1740 Acciderunt
971 1686 1086 1741 haec
1115 1703 1261 1743 anno
1299 1688 1397 1744 961
1446 1690 1599 1760 (Chr.
1670 1693 1856 1764 1553).

424 1799 624 1853 Eodem
654 1815 819 1866 anno,
848 1800 977 1854 dum
1022 1801 1174 1856 missi
1215 1803 1283 1856 de
1320 1820 1451 1872 pace
1505 1806 1666 1877 legati
1703 1810 1934 1863 necdum

352 1893 667 1953 rediissem,
692 1892 851 1946 bassa
874 1892 1165 1958 Budensis,
1188 1895 1542 1965 qui.Tuigon,
1565 1899 1786 1955 nomine
1810 1915 1933 1954 cum

345 1985 563 2038 ciconia
582 1986 881 2050 communi,
902 1986 1237 2052 vocabatur,
1258 1988 1435 2056 Capos
1458 1988 1775 2053 Vhivarum,
1800 2007 1935 2061 pra:-

347 2076 590 2128 sidiariis
610 2077 673 2146 ad
695 2077 1025 2130 deditionem
1070 2080 1398 2147 compulsis,
1444 2082 1609 2149 cepit.
1647 2081 1833 2138 Eidem
1878 2092 1934 2138 et

349 2168 597 2231 Baboza,
624 2169 853 2221 necilum
876 2170 1081 2238 aliquid
1111 2170 1369 2224 ab‘hoste
1396 2187 1648 2242 perpessa
1689 2177 1932 2244 gravius,

347 2262 450 2315 lide
467 2262 686 2314 militari
708 2262 941 2326 deserta,
972 2277 1030 2315 se
1043 2261 1268 2317 dedidit.
1287 2263 1643 2319 Consimilem
1664 2268 1727 2321 de
1744 2266 1932 2337 Zigeto

346 2356 450 2411 sibi
477 2370 795 2409 successum
824 2355 1205 2423 pollicebatur,
1239 2356 1331 2409 sed
1367 2371 1485 2409 cum
1510 2358 1724 2412 fortiter
1749 2362 1799 2412 in
1835 2361 1930 2413 ho-

348 2459 489 2502 stem
526 2446 845 2516 prtesidiarii
884 2462 944 2501 se
974 2458 1250 2517 gererent,
1289 2451 1488 2517 suique
1520 2460 1825 2518 monerent,
1864 2469 1931 2507 ne

346 2547 553 2592 temere
577 2548 834 2591 tentatum
864 2538 1206 2592 obsidionem
1231 2538 1443 2594 solvere
1470 2552 1719 2604 coactus.
1753 2544 1928 2598 sulta-

347 2646 478 2684 num
532 2630 853 2690 oflenderct,
915 2630 981 2683 ab
1011 2630 1260 2685 instituto
1318 2634 1589 2688 discessit.
1643 2633 1767 2689 Haec
1835 2653 1929 2705 per

343 2737 673 2780 autumnum
730 2726 876 2779 illius
911 2728 1065 2788 anni,
1104 2739 1267 2787 quem
1301 2726 1565 2791 diximus,
1605 2729 1747 2797 apud
1812 2729 1928 2784 υιιυ

342 2834 505 2888 garos
538 2816 691 2871 fuere
718 2828 891 2887 gesta.

417 2931 673 2988 Proximo
704 2933 984 3002 sequentis
1042 2933 1169 2988 anni
1201 2935 1305 2990 969.
1368 2935 1519 3005 (Chr.
1569 2936 1721 3007 [556)
1780 2953 1924 3002 rere,

343 3026 686 3081 Soleimanes
722 3026 860 3080 Alim
894 3007 1114 3083 balssam
1157 3046 1278 3084 cum
1307 3031 1480 3099 copiis
1511 3030 1564 3084 in
1626 3029 1918 3101 Ungariam

342 3118 512 3183 misit,
541 3119 629 3186 qui
661 3116 906 3187 Zigetum
931 3120 1220 3176 obsidione
1256 3130 1549 3190 premeret,
1604 3137 1667 3178 ac
1725 3123 1779 3177 in
1818 3140 1918 3194 po-

298 3198 591 3265 destatem
650 3211 936 3281 redigt-ret.
989 3210 1134 3266 Nihil
1171 3229 1277 3266 non
1328 3214 1416 3268 ille
1470 3214 1617 3277 fecit,
1681 3223 1741 3270 ut
1804 3216 1914 3271 voti

340 3319 570 3373 compos
634 3305 806 3367 lieret,
847 3306 912 3359 ad
972 3307 1190 3361 tertium
1248 3324 1430 3377 usque
1470 3323 1711 3363 mensem
1742 3312 1918 3365 conti-

339 3404 507 3448 nnata
542 3396 985 3466 oppugnatione:
1016 3398 1110 3451 sed
1141 3397 1475 3453 Christianis
1529 3414 1747 3452 onncm
1808 3401 1916 3455 vim

337 3490 619 3555 hostilem,
660 3506 855 3561 magna
895 3505 1018 3544 cum
1056 3499 1241 3560 strage
1270 3491 1606 3557 Turcorum,
1648 3493 1918 3563 intrepide

339 3581 761 3649 repellentibus,
797 3583 1017 3651 infecta
1044 3597 1101 3637 re
1160 3583 1390 3637 militem
1454 3599 1580 3649 cum
1650 3587 1921 3643 machinis

339 3676 553 3730 bellicis
588 3675 854 3747 inglorius
876 3673 1127 3732 abduxit.
1152 3676 1318 3732 Turci
1379 3678 1553 3747 prius,
1608 3694 1773 3748 quam
1828 3679 1920 3734 Zi-

337 3767 447 3836 gvti
509 3766 797 3821 obsidione
854 3767 1029 3821 soluta
1087 3783 1147 3823 se
1203 3769 1532 3837 reciperent,
1618 3769 1916 3837 Ilabozam,

334 3870 587 3913 sanctum
611 3858 927 3936 lliartinum,
958 3858 1334 3930 Gercsgalum,
1376 3859 1624 3926 Sallinrn,
1653 3862 1712 3918 S.
1772 3863 1920 3919 Lau-

335 3955 601 4018 rentium,
630 3965 685 4008 et
715 3955 1144 4017 Calamanciam,
1174 3956 1373 4025 partim
1409 3955 1647 4012 ﬂammis
1704 3959 1918 4029 injectis

334 4048 720 4119 absumpsere,
752 4049 952 4118 partim
982 4047 1099 4102 solo
1121 4059 1431 4118 aequarunt.

412 4161 724 4217 Secundum
760 4161 897 4225 litec,
926 4176 1071 4215 anno
1111 4161 1214 4216 964
1240 4162 1390 4231 (Chr.
1456 4162 1593 4216 1553
1646 4169 1698 4216 cl
1732 4164 1913 4232 1559),

338 4253 573 4308 Selimes
604 4253 983 4321 Bajazitesqne
1015 4252 1229 4317 fratres,
1277 4252 1604 4307 Soleimanis
1662 4251 1768 4308 FF.
1828 4272 1918 4309 su-

338 4350 569 4418 perstite
602 4356 778 4416 patre,
801 4346 946 4399 inter
982 4361 1042 4401 se
1069 4347 1137 4405 de
1165 4349 1396 4416 imperio
1457 4349 1917 4418 successioneque

2042 470 2181 521 rem,
2211 454 2354 522 quod
2385 455 2641 523 equidem
2669 472 2773 509 non
2812 469 2960 512 recte
3012 459 3125 512 licri
3169 471 3319 530 puto.
3376 460 3510 515 Nam
3566 466 3620 519 in

2042 548 2466 601 circumcisione
2502 549 2734 602 liliorum
2784 548 3130 611 Sulcimanis,
3170 553 3421 609 videlicet
3474 555 3621 611 Mus-

2042 639 2237 706 laphae,
2274 638 2633 692 Illueln-mctis
2668 640 2781 708 (qui
2809 640 2993 696 multis
3028 652 3155 697 ante
3202 654 3408 713 patrem
3462 650 3624 704 anuis

2041 731 2183 782 dicm
2212 746 2372 784 suum
2411 731 2687 794 obierunt)
2745 743 2797 785 et
2858 729 3096 798 Sclimis,
3167 737 3312 793 nulla
3367 740 3623 808 anazilis

2043 824 2208 887 hujus
2252 824 2301 873 in
2340 821 2589 875 Turricis
2644 826 2891 877 mentio:
2924 842 3041 893 quze
3102 829 3323 897 quidem
3381 833 3623 885 circum-

2042 915 2180 969 cisio
2216 915 2485 969 erlebrata
2522 915 2622 969 fuit
2674 932 2818 971 anno
2846 912 3231 975 Mahnmetano
3266 924 3371 978 938
3402 921 3618 997 [1552}.

2043 1006 2312 1060 Prwterca
2333 1023 2457 1060 cum
2488 1005 2830 1064 Sttlcimanes
2864 1026 3007 1067 anno
3033 1012 3138 1067 949
3167 1012 3376 1088 [1545],
3408 1018 3621 1087 Magne-

2040 1098 2178 1151 siam
2245 1097 2597 1164 Mueltemcti,
2662 1100 3046 1157 Caramaniam
3111 1104 3298 1163 Selimi
3359 1111 3618 1177 traderet,

2040 1192 2185 1244 nulla
2216 1208 2433 1246 rursum
2479 1193 2733 1263 Bajnzitis
2768 1198 2992 1250 mentio.
3023 1198 3098 1251 De
3134 1216 3241 1267 quo
3270 1216 3400 1256 sane
3431 1203 3617 1274 liquet,

2039 1282 2334 1352 Bajnzitem
2376 1285 2521 1338 hunc
2545 1285 2745 1339 Selium
2779 1295 2909 1341 natu
2950 1291 3215 1345 minorem
3251 1293 3443 1349 fuisse.

2109 1378 2247 1429 Ante
2277 1392 2384 1430 non
2429 1377 2628 1431 multos
2674 1394 2848 1434 annos
2903 1381 3166 1451 Tripolim
3200 1386 3451 1455 Aphricze
3504 1389 3620 1445 Me-

2040 1468 2331 1525 litunsihtts
2364 1483 2605 1541 ereptam
2651 1472 2821 1528 fuisse
2845 1475 3107 1540 diximus,
3136 1488 3189 1533 et
3223 1493 3251 1531 a
3310 1480 3622 1537 Sulcimane

2036 1565 2410 1632 sangiacalum
2475 1564 2871 1636 Tripolitanum
2904 1607 2917 1615 ρ
2944 1564 3170 1640 Dragtiti
3245 1589 3569 1628 concessum
3598 1615 3615 1637 .

2036 1656 2193 1725 cujus
2217 1673 2379 1726 opera
2422 1660 2772 1729 potissimum
2807 1663 2858 1715 in
2921 1673 3241 1731 petcstatem
3287 1675 3529 1721 venerat.
3569 1668 3617 1722 Is

1969 1732 2011 1790 Β
2040 1749 2155 1804 suis
2187 1748 2386 1803 linibus
2420 1751 2563 1805 haud
2599 1763 2909 1816 contentus,
2948 1772 3054 1810 non
3115 1744 3278 1814 modo
3319 1759 3620 1817 Carvennze

2040 1856 2221 1911 regem
2256 1840 2532 1907 Maurum,
2565 1841 2721 1911 cujus
2750 1860 2915 1914 supra
2983 1853 3358 1916 meminimus,
3408 1854 3616 1924 majore

2036 1931 2378 2001 principatus
2398 1933 2480 1987 sui
2518 1944 2672 2002 parte
2697 1938 2951 2007 spoliavit
2981 1957 2998 1997 :
3032 1957 3217 1996 verum
3258 1945 3423 1998 etiam
3494 1960 3618 2016 pro-

2036 2038 2260 2092 gressus
2288 2024 2535 2089 ulterius,
2564 2030 2836 2101 cormptis
2882 2030 3197 2086 Maurorum
3241 2035 3463 2099 animis,
3519 2038 3614 2105 qui

2036 2114 2371 2171 Cerbensem
2437 2120 2674 2173 insulam
2748 2122 3076 2188 incolebant,
3108 2126 3261 2193 Lolint
3302 2128 3383 2199 (nt
3431 2130 3615 2197 opinio

2037 2208 2329 2261 multorum
2365 2218 2468 2280 est)
2520 2228 2548 2265 a
2610 2211 2946 2284 Lotophagis
2990 2226 3270 2289 tantopere
3328 2222 3616 2280 celebrat's

2036 2299 2503 2367 inhaliitatam,eo
2530 2320 2640 2357 rem
2674 2316 2794 2370 astu
2831 2323 3018 2373 gert-re
3046 2313 3243 2379 potuit,
3280 2322 3338 2365 ut
3384 2315 3613 2367 SCCClIt'S

2033 2397 2149 2450 sive
2213 2400 2431 2465 regulus
2521 2400 2713 2454 lllSUlil‘
2788 2409 2859 2456 βυ
2885 2420 3148 2467 ennanes,
3208 2408 3307 2460 sub
3358 2408 3613 2461 amicitia:

2034 2499 2182 2557 pra‘ti
2205 2502 2297 2545 χιιι
2331 2490 2595 2561 Tripolim
2623 2494 3025 2550 deduceretur:
3084 2499 3172 2551 ubi
3202 2500 3331 2553 dum
3383 2501 3611 2556 haueret

2032 2582 2799 2651 imprudens,interveniente
2846 2588 3151 2656 proditione
3214 2591 3479 2663 Dragutes
3520 2595 3607 2649 in-

2030 2677 2204 2728 snlam
2245 2676 2549 2744 occupavit.
2586 2677 2771 2748 Neque
2808 2681 2991 2738 multis
3054 2684 3254 2755 elapsis
3280 2687 3475 2743 diebus
3504 2688 3607 2744 So-

1983 2767 2320 2821 .leimancm
2383 2770 2634 2824 sceehem
2697 2774 2997 2841 suspendio
3058 2779 3292 2843 iteravit,
3342 2790 3395 2834 et
3450 2782 3607 2836 alteri

2029 2859 2203 2920 scclii,
2238 2854 2330 2914 sex
2362 2878 2654 2919 aureorum
2707 2866 2874 2920 millia
2934 2868 3124 2922 tributi
3174 2872 3341 2925 annui
3387 2874 3608 2929 nomine

2029 2949 2116 3017 pol
2144 2950 2290 3015 icito,
2379 2967 2475 3022 per
2521 2954 2869 3009 traditionem
2924 2958 3103 3013 vexilli
3156 2961 3363 3024 viridis,
3414 2963 3607 3018 insulae

2031 3040 2341 3097 dominium
2374 3046 2645 3114 permisit.
2677 3046 2810 3102 Erat
2851 3050 2903 3101 in
2937 3065 3155 3105 omnem
3206 3052 3465 3121 intentus
3516 3070 3609 3109 oc-

2030 3139 2306 3191 easiouem
2336 3155 2565 3209 magnus
2592 3141 2853 3211 magister
2880 3144 3177 3199 Melitensis
3203 3186 3218 3207 .
3270 3156 3329 3200 nt
3371 3146 3608 3217 Tripolis

2028 3225 2350 3293 aliquandiu
2380 3234 3032 3303 recuperareturJtaque
3098 3236 3240 3290 facta
3291 3239 3434 3294 inter
3478 3240 3603 3294 His-

2030 3333 2230 3384 panum
2255 3318 2579 3390 Gallumque
2602 3338 2755 3391 pace.
2780 3327 2925 3393 quod
2967 3324 3187 3395 lliSpani
3224 3330 3371 3399 regis
3400 3334 3548 3386 auxil
3575 3350 3609 3387 ο

2027 3411 2138 3463 Voti
2173 3425 2235 3465 se
2278 3423 2585 3481 compotem
2632 3414 2750 3469 fore
2780 3426 3043 3485 speraret.
3088 3420 3247 3487 cujus
3308 3422 3602 3491 pitttitntttn

2027 3502 2340 3570 interesset,
2388 3515 2598 3561 mature
2641 3506 2798 3563 nidos
2852 3508 2975 3563 illos
3037 3514 3361 3579 piratarum.
3414 3516 3607 3570 Turcis

2025 3593 2237 3662 ejectis,
2276 3597 2331 3650 in
2370 3607 2692 3665 potestatem
2726 3601 2939 3671 redigi:
2975 3603 3164 3659 multis
3218 3605 3339 3660 duci
3379 3606 3606 3662 Medina:

2024 3687 2140 3743 Celi
2168 3692 2472 3745 rationibus
2503 3694 2765 3783 ostentm,
2795 3710 2955 3765 posse
2983 3712 3091 3753 non
3130 3714 3327 3766 magno
3382 3703 3603 3771 negotio

2026 3780 2289 3850 Tripolim
2325 3780 3003 3855 expugnari,vpraesidimn
3061 3789 3116 3843 in
3167 3807 3233 3845 eo
3267 3793 3602 3862 quingento-

2027 3888 2146 3927 rum
2183 3875 2450 3931 duntaxat
2470 3877 2772 3933 Turcorum
2799 3896 2918 3935 esse
2948 3878 2965 3934 ἐ
3028 3881 3329 3938 Carvcnna:
3382 3900 3606 3954 quoque

2024 3982 2227 4036 regem,
2262 3969 2486 4040 Draguti
2518 3987 2583 4027 ac
2614 3969 2813 4027 Turcis
2850 3974 3299 4036 infestissimum,
3352 3976 3417 4031 ad
3465 3977 3602 4046 jun-

2022 4059 2256 4128 geudam
2279 4076 2559 4116 armorum
2608 4065 2925 4120 societatem
2975 4067 3116 4121 haud
3166 4067 3458 4124 diﬂicnller
3513 4085 3579 4125 ac

2022 4167 2307 4205 cessurum
2335 4170 2350 4215 ;
2380 4154 2536 4221 cujus
2561 4168 2725 4223 opera
2772 4165 2920 4210 tanto
2972 4156 3140 4228 355.
3174 4159 3355 4213 futura
3413 4161 3485 4216 sit
3517 4163 3597 4216 eis

2024 4242 2209 4295 utilior
2241 4252 2407 4312 atque
2427 4246 2668 4310 ﬁdelior,
2702 4257 2909 4317 quanto
2938 4253 3161 4317 gravius
3192 4251 3281 4305 ille
3309 4270 3464 4308 suam
3491 4256 3595 4310 Slltl

2023 4336 2297 4404 regionem
2325 4350 2566 4405 ereptam
2590 4339 2791 4407 doleat,
2828 4350 2883 4395 et
2929 4323 3134 4397 certius
3193 4344 3297 4398 sibi
3351 4346 3598 4416 polliceri
3650 4330 3663 4337 ‘

332 4442 688 4506 dimicarunt,
724 4442 1011 4511 victusque
1034 4440 1304 4509 Bajazites
1342 4455 1372 4494 e
1420 4440 1743 4495 Caramania
1789 4460 1913 4497 cum

2029 4428 2218 4498 possit,
2248 4429 2517 4493 futurum,
2550 4443 2609 4485 ut
2656 4433 2864 4502 Tripoli
2894 4434 3089 4489 Turcis
3149 4446 3381 4502 extorta,
3442 4454 3597 4494 suam

334 4533 542 4597 20,000
572 4548 937 4601 armatorum,
968 4542 1024 4587 et
1055 4543 1294 4603 quatuor
1346 4534 1491 4598 ﬁliis,
1547 4537 1613 4589 ad
1647 4538 1906 4590 scachum

334 4624 619 4680 Persicum
679 4626 1035 4681 Techmasem
1107 4626 1367 4697 profugit.
1432 4627 1646 4683 Veritus
1731 4641 1914 4684 autem

338 4728 495 4787 pater
539 4716 906 4783 Soleimaues,
946 4719 1038 4788 qui
1079 4719 1299 4773 Selimis
1348 4731 1533 4790 partes
1564 4720 1794 4784 foverat,
1851 4738 1916 4775 ne

336 4810 655 4864 Techmasis
687 4810 893 4864 auxilio
928 4811 1202 4877 vel-ﬁlius,
1236 4812 1317 4866 vel
1348 4813 1621 4868 exstincto
1654 4814 1765 4867 lilio
1821 4832 1915 4868 ne-

336 4915 515 4973 potes,
549 4918 638 4957 res
671 4919 844 4959 novas
892 4904 1256 4958 molirentur:
1319 4908 1532 4974 magnis
1567 4906 1909 4972 pollicitatio-

339 4996 503 5049 nibus
537 4995 848 5063 impetravit
897 5009 929 5048 a
983 4993 1312 5057 Techmase,
1357 4997 1549 5051 mortis
1614 5006 1671 5049 ut
1722 5011 1917 5063 genere

335 5085 485 5155 genti
516 5066 940 5139 Osmanidarum
972 5084 1232 5139 familiari
1265 5086 1331 5139 de
1362 5087 1541 5140 medio
1570 5086 1914 5140 tollerentur.

337 5177 419 5232 Ne
448 5193 554 5246 qua
596 5186 775 5234 tamen
808 5180 959 5233 lraus
992 5182 1374 5241 interveniret.
1432 5179 1636 5235 missus
1690 5180 1791 5234 l'uit
1850 5181 1913 5233 ad

340 5268 657 5323 interiorem
716 5268 900 5324 Persa:
962 5270 1166 5339 regiam
1205 5270 1523 5325 Casminum
1590 5270 1916 5326 Soleimanis

336 5358 674 5431 Zeschniger
699 5362 802 5432 (sic
831 5371 1278 5432 praegustatorem
1318 5360 1480 5417 Turci
1523 5363 1765 5432 vocant),
1827 5364 1913 5417 cui

334 5451 610 5520 Bajazites
638 5468 765 5507 cum
801 5453 929 5508 liliis
972 5464 1137 5509 notus
1169 5461 1305 5508 erat.
1364 5450 1479 5509 lloc
1513 5463 1778 5523 praesente
1825 5471 1917 5523 pa-

339 5558 423 5598 ter
444 5560 568 5598 cmn
601 5544 746 5609 ﬁliis,
778 5544 1025 5600 adhibito
1068 5561 1257 5610 nervo,
1292 5545 1592 5601 suﬂ'ocatus
1625 5546 1748 5612 fuit,
1774 5558 1826 5601 et
1850 5549 1917 5603 ab

333 5634 530 5689 eodem
568 5643 889 5689 necatorum
919 5636 1179 5689 cadavera
1238 5634 1543 5688 Sebastiani
1606 5634 1912 5705 deportata,

332 5743 545 5798 proque
580 5744 729 5784 more
754 5729 1127 5787 monumentis
1151 5730 1322 5783 illata.
1364 5728 1598 5783 Faciunt
1624 5744 1747 5784 vero
1804 5731 1913 5795 ple-

2020 4533 2071 4577 et
2106 4524 2219 4592 ipse
2250 4524 2515 4580 ditionem
2569 4526 2813 4597 recipiat.
2875 4526 3150 4597 Hispanus
3191 4531 3341 4587 hisce
3400 4548 3596 4603 prope-

2024 4619 2245 4674 modum
2322 4630 2487 4674 certae
2551 4619 2793 4674 victoriae
2875 4634 3154 4691 permotus
3220 4626 3601 4692 argumentis,

2020 4711 2252 4765 classem
2279 4709 2500 4774 instrui,
2538 4711 2819 4782 militeque
2841 4712 3109 4781 compleri
3136 4714 3312 4781 jubet,
3345 4731 3408 4769 ac
3446 4732 3601 4770 sum—

2021 4818 2122 4856 mae
2161 4818 2342 4856 rerum
2369 4818 2492 4856 cum
2530 4802 2760 4872 imperio
2788 4803 3160 4861 Mediud‘nsem
3201 4807 3445 4876 prailicit.
3500 4807 3600 4862 Fe-

2023 4895 2198 4948 liciter
2243 4909 2577 4949 SUCCCSSUI‘a
2637 4895 2966 4951 videbantur
3002 4898 3211 4963 omnia,
3272 4899 3317 4954 si
3384 4909 3601 4955 mature

2022 4987 2285 5059 Tripolim
2317 5004 2442 5043 cum
2477 4989 2650 5043 milite
2675 4989 2871 5045 classis
2919 4992 3240 5059 appulisset.
3305 4992 3407 5046 Sed
3468 5008 3598 5059 pro-

2020 5082 2253 5137 iectione
2281 5081 2460 5137 varias
2480 5082 2550 5136 ob
2594 5098 2811 5145 causas,
2870 5094 2922 5138 et
2965 5084 3264 5151 praesertim
3315 5084 3488 5138 ventis
3535 5100 3599 5139 ac

2020 5156 2440 5244 tempestatibus
2529 5174 2811 5237 adversis,
2888 5175 3195 5244 impedita,
3288 5174 3596 5245 Dragutes,

2022 5267 2297 5321 intellecto
2364 5266 2803 5321 Christianorum
2908 5268 3203 5331 instituto,
3279 5268 3594 5343 praesidium

2021 5358 2420 5427 Tripolitanum
2485 5359 2705 5414 duobus
2772 5359 2925 5412 ausit
2977 5358 3281 5413 Turcorum
3332 5358 3597 5416 millibus.

2020 5449 2209 5518 Itaque
2231 5448 2533 5504 Christiani
2565 5464 2684 5519 spe,
2720 5449 2774 5502 in
2810 5451 2915 5502 hoc
2938 5448 3157 5517 quidem
3184 5456 3451 5517 tempore,
3478 5449 3598 5502 Tri-

2021 5543 2161 5613 polis
2182 5541 2557 5611 expuguandte
2595 5542 2811 5610 dejecti,
2874 5540 3216 5596 Gerbensem
3243 5578 3258 5604 ,
3296 5556 3459 5609 quam
3519 5542 3599 5596 di-

2022 5635 2485 5700 xitnus,insulam
2521 5647 2666 5689 recta
2714 5644 2924 5703 petunt.
2988 5650 3087 5687 nec
3142 5650 3337 5702 magno
3381 5639 3598 5703 negotio

2020 5731 2275 5786 sceehem
2311 5730 2631 5783 Maurorum
2692 5727 2938 5792 adigunt.
2996 5735 3056 5780 ut
3108 5727 3309 5782 tradito
3346 5729 3592 5787 crstcllo,
