4026 6204
438 309 443 314 ’
502 348 609 413 659

1710 356 2037 425 JOANNIS
2086 366 2543 428 LEUNCLAVII
3620 381 3709 443 060

502 476 822 534 ratus.cum
870 473 1083 540 jactura
1137 491 1360 532 suorum
1426 487 1480 533 et
1539 482 1826 535 commodo
1878 494 2067 537 nostro
2096 485 2143 543 Α
2175 490 2276 541 hoc
2317 504 2420 541 non
2454 505 2549 558 per
2578 489 2781 559 legatos
2835 488 3233 552 tantummodo,
3283 488 3376 542 sed
3409 489 3562 543 etiam
3606 510 3710 560 pro-

504 560 716 618 interiit
749 580 764 618 :
796 564 1004 636 fuitque
1058 567 1320 626 suﬁectus
1343 587 1372 626 a
1408 571 1692 642 Mustapha
1721 574 1774 629 in
1831 576 1954 644 ejus
1988 576 2069 630 lo-

501 669 647 719 cum,
680 664 739 710 ut
766 655 971 727 Tripoli
1007 672 1280 731 praeesset,
1321 664 1435 719 Alis
1488 665 1576 721 ille
1613 666 1864 733 Calaber,
1898 684 2064 737 quem

500 748 659 801 etiam
696 764 838 803 nunc
866 751 1227 818 ignominioso
1276 754 1467 809 Turcis
1500 758 1722 812 nomine
1774 760 1941 813 nostri
1978 776 2072 812 vo-

501 848 647 899 cant,
682 837 968 907 Vluzalim,
1003 845 1104 898 hoc
1127 853 1230 911 est,
1286 845 1427 899 Alim
1484 856 1825 916 apostatam:
1869 864 1991 901 cum
2037 863 2065 900 a

503 927 697 985 Turcis
720 931 875 987 bassa
897 934 1216 1003 capitaneus
1246 936 1503 1007 appellari
1536 938 1725 1003 soleat,
1761 937 1923 992 veluti
1955 952 2070 991 ma-

502 1021 583 1078 ris
624 1023 933 1092 praefectus,
982 1034 1037 1081 et
1078 1026 1228 1082 solus
1281 1038 1402 1097 post
1438 1021 1819 1084 Chairadinem
1868 1027 2071 1081 Barba-

503 1130 737 1179 rossam,
767 1117 837 1172 ob
870 1134 957 1174 res
995 1130 1185 1175 contra
1218 1121 1555 1187 Christianos
1601 1124 1848 1192 gnaviter
1888 1132 2070 1190 gestas

502 1212 885 1275 promeruerit,
927 1219 983 1263 ut
1006 1226 1131 1264 cum
1170 1213 1335 1267 maris
1369 1214 1691 1282 praefectura
1726 1215 1921 1269 veziris
1948 1215 2071 1284 dig-

500 1297 726 1353 nitatetn
759 1301 1136 1370 conjungeret.
1171 1304 1393 1372 Appulit
1441 1305 1629 1368 etiam,
1666 1307 1897 1361 durante
1924 1308 2070 1361 obsi-

502 1389 689 1458 dione,
724 1407 847 1447 cum
879 1392 948 1445 27
986 1395 1321 1459 triremibus,
1367 1395 1647 1451 Chasanes
1683 1398 1920 1453 CeSairis
1952 1416 2073 1468 pro-

499 1481 768 1540 sultauus.
814 1482 1157 1540 Chairadiuis
1188 1485 1272 1548 F.,
1310 1486 1467 1553 cujus
1493 1495 1549 1539 ut
1601 1489 1760 1556 paulo
1809 1499 1956 1554 ante,
1988 1493 2068 1544 sic

500 1582 548 1623 et
584 1573 712 1626 alibi
769 1574 968 1642 smpitts
1003 1576 1055 1628 in
1092 1578 1395 1632 Annalibus
1432 1579 1582 1634 hisce
1638 1581 1883 1636 Turcicis
1925 1583 2067 1637 facta

504 1664 601 1717 fuit
642 1667 865 1721 mentio.
902 1666 1035 1719 Cum
1081 1669 1242 1740 igitur
1272 1672 1323 1724 hi
1361 1671 1531 1725 bassa:
1580 1670 1740 1725 Junio
1770 1689 1954 1727 mense
1986 1674 2073 1727 lit-

504 1768 617 1813 tora
656 1759 863 1815 Meiites
898 1763 1226 1831 attigissent,
1261 1779 1324 1817 ac
1356 1765 1469 1818 dies
1495 1765 1698 1831 aliquot
1733 1769 2066 1835 exponendis

500 1849 554 1904 in
593 1850 828 1906 insulam
887 1853 1147 1907 militibus
1178 1863 1230 1908 et
1284 1856 1536 1915 ant‘ionis,
1577 1856 1932 1926 locorumque
1962 1860 2069 1912 situ

500 1938 830 2007 explorando
896 1943 1386 2010 consumpsissem,
1450 1960 1763 2013 oppugnare
1806 1947 2071 2002 machinis

502 2032 716 2087 bellicis
753 2035 810 2087 S.
875 2034 1085 2090 Elmum
1148 2038 1250 2106 (sit:
1290 2037 1600 2092 ‘llermetem
1653 2040 1815 2108 vulgo
1850 2042 2069 2109 vocant)

499 2127 781 2181 castellum
808 2130 858 2181 in
894 2129 1008 2196 ipso
1041 2141 1224 2196 portus
1252 2131 1395 2184 ostio
1429 2132 1594 2185 situm
1648 2147 1881 2201 cmpere.
1915 2132 2069 2198 Quod

502 2236 625 2274 cum
663 2220 915 2289 pluribus
956 2222 1147 2276 diebus
1201 2222 1515 2278 facerenon
1574 2224 1902 2290 desinerent,
1931 2226 2069 2307 jam-

503 2330 610 2382 que
659 2331 851 2384 magna
928 2320 1188 2370 mcenium
1246 2333 1369 2386 pars
1432 2326 1823 2373 tormentorum
1895 2320 2070 2387 globis

501 2406 707 2474 dejecta
764 2408 843 2462 sic
912 2410 1228 2475 corruisset,
1297 2421 1356 2465 ut
1417 2410 1470 2464 in
1496 2425 1675 2465 arcem
1728 2411 1870 2467 latus
1924 2412 2067 2466 hosti

500 2509 709 2571 pateret
774 2500 996 2556 aditus:
1029 2503 1239 2571 equites
1274 2502 1605 2567 Melitenses,
1645 2518 1904 2573 perquam
1930 2513 2069 2558 stre-

502 2609 608 2649 nne
632 2610 690 2650 se
722 2595 962 2661 gerendo
987 2596 1058 2649 55
1107 2595 1299 2650 diebus
1356 2596 1839 2665 oppugnationem,
1872 2611 2065 2664 magna

435 2754 438 2758 Α
499 2704 625 2745 cum
681 2690 921 2758 hostium
971 2688 1144 2749 clade,
1202 2690 1606 2751 sustinuerunt,
1663 2688 1826 2758 idque
1875 2699 2067 2758 prmter

500 2781 812 2851 opinionem
871 2780 1185 2842 multorum,
1248 2780 1340 2847 qui
1390 2779 1672 2833 castellum
1733 2788 1920 2833 contra
1959 2779 2062 2831 vim

502 2871 754 2925 hostilem
819 2883 1159 2938 nequaquam
1203 2883 1363 2936 posse
1419 2868 1751 2936 propugnari
1790 2876 2063 2935 putaraut.

500 2961 740 3017 Tandem
776 2977 900 3017 cum
929 2961 1139 3030 equites
1172 2975 1271 3013 nec
1303 2961 1537 3012 hostium
1568 2959 1788 3026 impetui
1818 2958 2064 3021 ferendo,

508 3073 607 3111 nec
651 3070 880 3109 numero
913 3068 970 3107 se
1000 3068 1154 3120 pares
1178 3049 1444 3111 viderent,
1473 3062 1525 3103 et
1560 3064 1655 3103 arx
1683 3048 1921 3118 nudique
1955 3058 2061 3102 tam

501 3157 668 3211 terra,
701 3160 861 3215 quam
892 3142 1075 3195 maria
1108 3140 1360 3194 Barbaris
1388 3140 1563 3192 cincta
1594 3138 1798 3192 nullum
1831 3137 2063 3206 amplius

500 3242 750 3295 alicunde
792 3233 1118 3301 subsidium
1191 3240 1506 3300 exspectare
1570 3238 1752 3308 posset
1800 3245 1814 3282 :
1875 3230 2059 3284 occiso

497 3330 957 3391 Christianomm,
1019 3326 1111 3394 qui
1168 3330 1506 3392 supererant,
1573 3322 1754 3389 aliquo
1816 3336 2063 3386 numero,

499 3424 801 3478 Turcorum
846 3422 897 3474 in
948 3427 1265 3489 potestatem
1318 3418 1487 3471 venit.
1538 3415 1652 3480 Qua
1706 3415 1889 3469 hostes
1936 3414 2062 3469 elati

496 3518 752 3581 victoria,
779 3514 1033 3579 deinceps
1067 3511 1346 3564 tormentis
1369 3517 1595 3578 quatere
1623 3507 1803 3561 Sancti
1826 3507 2064 3561 Michae-

496 3606 937 3663 lismnuitionem
978 3603 1225 3656 insanum
1259 3602 1310 3653 in
1350 3601 1567 3653 modum
1599 3613 1830 3668 coepere,
1878 3598 2067 3665 globos

501 3702 708 3754 ferreos
734 3704 783 3750 et
838 3695 1079 3762 lapideos
1128 3691 1368 3760 quinque
1433 3698 1708 3758 septemve
1764 3689 2061 3754 palmorum

499 3787 848 3860 ejacolando.
878 3785 981 3839 Sed
1011 3784 1150 3851 quod
1186 3789 1329 3835 totus
1360 3792 1593 3844 quatuor
1628 3779 1730 3832 hoc
1753 3778 1890 3832 bello
1919 3794 2065 3830 mru-

503 3900 590 3938 ses
620 3878 1067 3947 absumpsissent,
1096 3884 1149 3929 et
1180 3874 1358 3927 hiems
1382 3872 1491 3941 jam
1523 3864 1819 3940 appeteret,
1854 3871 1921 3924 de
1952 3872 2066 3925 dis-

502 3990 658 4029 ressu
687 3972 931 4039 cogitare
966 3975 1274 4036 coeperunt,
1297 3975 1349 4017 et
1380 3979 1445 4018 eo
1475 3963 1692 4033 quidem
1740 3962 1930 4029 majori
1991 3963 2065 4015 fe-

503 4066 815 4130 stinatiOue,
881 4063 1023 4131 quod
1086 4060 1198 4128 jam
1264 4057 1487 4112 Garzias
1535 4055 2067 4110 TeletanusSicilim

505 4175 725 4231 prorex,
781 4155 1064 4211 instructis
1098 4152 1411 4207 triremibus
1472 4149 1780 4219 Hispanieis
1807 4190 1823 4214 ,
1867 4150 2067 4214 quibus

503 4248 702 4311 50,000
726 4246 965 4316 peditum
992 4242 1345 4303 vehebantur,
1373 4255 1495 4295 cum
1521 4239 1703 4293 multis
1731 4239 1852 4294 aliis
1884 4238 2071 4293 Chris-

504 4342 687 4406 tianis,
723 4341 787 4393 ad
817 4336 1218 4405 suscipiendam
1249 4336 1387 4388 hanc
1420 4333 1820 4402 expeditionem
1853 4334 2069 4404 religio-

501 4450 574 4488 sae
609 4432 824 4502 pietatis
851 4430 966 4483 zelo
1018 4428 1326 4491 commotis,
1356 4426 1649 4479 auxiliares
1683 4425 1849 4479 hasce
1879 4427 2068 4494 copias

503 4525 556 4575 in
610 4522 841 4577 insulam
902 4517 1265 4587 exposuisset.
1334 4514 1451 4581 Quo
1493 4515 1717 4578 factum,
1780 4524 1840 4569 ut
1902 4514 2066 4569 Turci

455 4623 459 4627 '
505 4615 725 4674 findant,
758 4627 865 4680 prec
901 4609 1213 4673 formidine,
1256 4607 1434 4678 fugam
1468 4607 1811 4675 arriperent:
1847 4615 1899 4660 et
1928 4607 2071 4659 mul-

509 4706 575 4757 tis
616 4717 835 4757 suorum
886 4700 1123 4753 millibus
1184 4697 1526 4762 desideratis,
1568 4696 1931 4765 ignominiose
1977 4696 2072 4749 do-

508 4809 654 4847 mum
699 4792 956 4846 redirent.
990 4790 1213 4860 Pigebat
1241 4804 1303 4844 ac
1334 4791 1566 4859 pudebat
1616 4789 1924 4858 suscepisse
1956 4805 2068 4844 rem

506 4897 616 4941 tam
656 4885 907 4947 arduam,
967 4885 1019 4937 in
1082 4882 1238 4952 cujus
1295 4882 1633 4950 perﬁcienda:
1678 4890 1875 4935 conatu
1930 4897 2071 4936 vano

502 4975 702 5041 25,000
760 4991 981 5030 suorum
1017 4974 1348 5027 amisissent.
1409 4971 1482 5024 Ex
1543 4972 1910 5026 Melitensihns
1963 4973 2071 5027 2-50

504 5073 737 5137 equites,
776 5068 1007 5121 militum
1044 5065 1230 5129 5,000,
1255 5065 1395 5120 bello
1437 5066 1642 5119 inutilis
1675 5066 1846 5120 turba:
1893 5066 2069 5134 capita

504 5161 639 5216 1700
664 5176 825 5215 caesa.
863 5160 1064 5212 Bellum
1092 5168 1299 5227 gestum
1332 5158 1431 5211 fuit
1485 5172 1629 5211 anno
1689 5157 2071 5210 Mahumetauo

501 5256 596 5307 97!
640 5256 790 5323 (libr.
836 5252 1015 5321 1565).

574 5346 919 5415 lmmspicato
960 5355 1163 5400 tentata
1190 5343 1396 5399 Melitcs
1424 5342 1778 5412 expugnatio,
1798 5341 2071 5409 quotidia-

504 5438 667 5507 nique
698 5437 1047 5491 Maximiliani
1071 5436 1304 5491 Czesaris
1329 5435 1620 5489 Erdeliano
1648 5433 1789 5488 bello
1822 5448 2072 5502 progres-

503 5545 620 5591 Sus,
669 5546 804 5597 perte
858 5529 1056 5582 sultani
1114 5526 1442 5580 Soleimauis
1477 5526 1717 5578 aninmm
1764 5526 1831 5577 ad
1863 5525 2069 5577 rabiem

503 5619 827 5688 adegerunt.
860 5619 1107 5688 Cumque
1133 5632 1239 5671 non
1271 5626 1513 5671 cessaret
1542 5616 1610 5680 is,
1634 5630 1796 5684 quem
1833 5614 2073 5668 diximus

505 5710 707 5763 Erdclii
744 5710 932 5779 begus,
972 5726 1093 5763 cum
1128 5709 1422 5777 perpetuis,
1455 5708 1518 5758 ad
1553 5706 1909 5760 invadendam
1937 5705 2075 5771 _Un-

507 5800 737 5873 gariam,
769 5802 1001 5858 stimulis
1026 5804 1264 5857 excitare
1298 5816 1312 5853 ι
1349 5800 1585 5868 decrevit
1609 5800 1841 5871 denique
1869 5797 2069 5853 bellum

2186 580 2319 649 priis
2352 581 2608 651 auspiciis
2639 596 2844 658 gerere.
2885 582 3105 637 interim
3134 596 3285 646 vero,
3319 582 3445 635 dum
3479 585 3711 653 majorem

2186 673 2419 740 ipsemet
2450 673 2750 728 adduceret
2776 674 3097 739 exercitum,
3131 674 3305 729 bassa:
3332 673 3555 729 Budeusi
3579 694 3716 729 man-

2182 765 2276 818 dat
2321 773 2380 819 ut
2426 764 2800 835 amplissimis,
2854 781 2990 836 quas
3047 774 3249 835 posset,
3297 768 3500 821 coactis
3538 771 3712 836 copiis,

2185 857 2325 911 bello
2354 856 2681 926 principium
2703 859 2875 913 daret.
2899 857 3343 913 Tcmesvarensis
3372 860 3529 913 etiam
3554 861 3715 922 bassa,

2181 947 2248 1000 de
2281 947 2559 1001 voluntate
2591 946 2940 1011 Soleimauis,
2979 949 3237 1017 paulatim
3272 951 3335 1002 ad
3365 951 3712 1019 occupandum

2181 1036 2394 1093 Giulam
2428 1040 2633 1093 aditum
2674 1040 2777 1094 sibi
2830 1040 3210 1109 patefaciebat,
3274 1053 3573 1110 expugnato
3600 1043 3715 1095 Pau-

2178 1137 2300 1183 (τοία
2331 1131 2573 1183 castello.
2615 1128 2724 1186 Nec
2760 1132 2884 1197 sibi,
2932 1131 3158 1200 tuisque
3197 1132 3353 1185 rebus
3400 1133 3575 1187 deerat
3630 1133 3715 1186 Er-

2178 1222 2442 1285 delianss,
2476 1221 2716 1287 Zadane,
2778 1222 3056 1293 Genoqne,
3120 1225 3253 1280 locis
3306 1225 3476 1279 Giulae
3526 1227 3716 1290 \‘it‘inis,

2177 1327 2275 1381 per
2302 1327 2432 1367 suos
2462 1322 2585 1368 octo
2609 1313 2910 1369 Turcorum
2960 1316 3202 1370 millibus
3234 1316 3523 1383 adauctus,
3576 1335 3718 1391 oecu-

2179 1405 2340 1473 patis.
2394 1406 2539 1459 Idem
2588 1418 2711 1461 astu
2765 1407 3015 1472 barbaro,
3076 1410 3370 1478 perniciem
3427 1426 3489 1465 ac
3545 1410 3715 1465 furiam

2178 1497 2385 1564 patriae,
2424 1508 2627 1566 patrem
2680 1500 2949 1565 imitatus,
2995 1500 3086 1567 qui
3147 1501 3312 1554 simili
3364 1511 3718 1569 stratagematc

2176 1587 2358 1642 fuerat
2387 1606 2539 1649 usus.
2586 1590 2653 1645 ad
2686 1590 3040 1646 obsidendam
3097 1590 3359 1646 Viennam
3420 1593 3718 1648 adventante

2175 1692 2307 1735 tunc
2332 1680 2660 1746 Soleimane,
2721 1683 2932 1737 litteras
2980 1700 3074 1752 per
3108 1682 3397 1752 Ungariam
3426 1685 3574 1739 initio
3603 1686 3718 1739 anni

2174 1770 2470 1824 Christiani
2539 1772 2793 1838 proximi,
2863 1789 3052 1828 mense
3114 1774 3374 1829 nimirum
3442 1774 3718 1830 Februario

2108 1849 2144 1903 Β
2173 1860 2334 1931 357
2366 1862 2669 1930 publicatas
2715 1864 2912 1933 sparsit
2942 1878 2956 1915 :
2991 1864 3185 1933 quibus
3239 1866 3289 1919 in
3321 1866 3512 1921 litteris
3552 1868 3718 1936 linga-

2176 1954 2271 2006 rire
2297 1968 2353 2006 se
2387 1968 2563 2023 regem
2598 1954 2827 2009 electum
2856 1970 3079 2020 vocans,
3111 1956 3287 2011 aiebat
3318 1959 3519 2013 sultani
3562 1959 3716 2015 Solei-

2175 2045 2369 2110 mauis,
2401 2045 2813 2101 clementissimi
2864 2049 3075 2116 patroni
3113 2049 3221 2113 sui,
3251 2049 3393 2104 hanc
3421 2068 3538 2107 esse
3585 2067 3721 2107 men-

2174 2148 2304 2204 tem,
2335 2149 2392 2192 ut
2423 2153 2616 2194 omnes
2654 2142 2800 2208 regni
2865 2141 3087 2198 ordines
3145 2144 3317 2212 ipsius
3367 2144 3627 2202 Erdeliani
3668 2162 3720 2203 se

2170 2230 2509 2298 subjicerent
2541 2230 2793 2299 imperio,
2827 2231 2870 2285 si
2906 2230 3041 2286 salvi
3070 2247 3191 2288 esse
3246 2234 3462 2289 vellent.
3494 2235 3615 2290 Eam
3657 2236 3719 2293 ob

2171 2335 2284 2374 rem
2334 2320 2600 2375 indixisse
2651 2336 2709 2375 se
2740 2331 3068 2377 conventum
3103 2324 3169 2378 ad
3204 2324 3480 2380 Thordam
3538 2325 3719 2381 Erdelii

2173 2412 2660 2483 (Torrenburgum
2744 2413 3000 2468 Germani
3056 2415 3588 2473 Transsilvauienses
3637 2434 3721 2470 vo—

2173 2503 2336 2571 cant)
2391 2502 2781 2557 celebrandum
2848 2505 3097 2572 proximo
3161 2507 3366 2564 mensis
3422 2508 3589 2561 Martii
3641 2509 3722 2563 die

2172 2594 2381 2647 derimo
2410 2613 2423 2647 :
2458 2609 2579 2663 quae
2611 2596 2825 2663 quidem
2853 2596 2917 2649 ad
2948 2597 3168 2651 comitia
3199 2610 3426 2654 cnnctos
3459 2600 3718 2661 invitabat,

2171 2685 2249 2738 uti
2309 2686 2376 2738 de
2407 2690 2776 2740 conservanda
2846 2689 3018 2754 patria
3079 2690 3462 2745 communibus
3496 2692 3628 2744 votis
3673 2688 3721 2743 in

2171 2778 2402 2830 medium
2449 2779 2817 2833 consulerent.
2873 2779 2962 2832 Ile
3012 2780 3221 2844 litterae,
3293 2797 3360 2836 ne
3406 2781 3575 2835 fucata
3606 2779 3720 2834 boni

2169 2869 2371 2936 publici
2405 2870 2606 2937 Specie,
2643 2871 2823 2924 minus
2858 2871 3374 2939 circumspectorum
3407 2873 3585 2927 oculos
3615 2888 3721 2936 prr-

2169 2959 2500 3025 stringerent
2529 2976 2542 3011 :
2577 2975 2604 3011 a
2638 2959 2877 3012 Suendio
2910 2968 3121 3014 mature
3171 2961 3469 3031 solideque,
3535 2962 3720 3028 scripto

2170 3047 2448 3100 contrario
2484 3048 2549 3100 ad
2598 3050 2814 3102 eosdem
2851 3050 3095 3115 ordines,
3148 3051 3233 3105 die
3285 3051 3464 3106 Martii
3522 3060 3718 3121 quarto,

2170 3138 2313 3206 apud
2354 3135 2673 3206 Unguarum
2710 3139 2999 3207 publicato,
3039 3141 3287 3193 refutatu:
3322 3143 3579 3196 fuerunt:
3624 3155 3722 3208 quo

2174 3228 2378 3293 scripto
2403 3228 2718 3283 manifestas
2752 3230 3019 3284 Erdeliani
3057 3230 3273 3288 fraudes
3298 3234 3584 3301 relegebat,
3612 3233 3723 3302 qni-

2174 3319 2279 3375 bus
2304 3320 2491 3375 fideles
2520 3320 2869 3376 lliaximiliani
2892 3326 3117 3392 Augusti
3141 3325 3389 3382 subditos
3418 3327 3723 3396 perturbare

2172 3423 2488 3479 conaretur,
2519 3413 2675 3483 quasi
2700 3415 2907 3470 scilicet
2932 3415 3267 3473 Soleimanes
3290 3419 3358 3474 de
3382 3420 3550 3474 salute
3585 3418 3717 3487 regni

2174 3504 2426 3574 Ungariae
2446 3505 2709 3560 sollicitus
2739 3515 2881 3561 esset
2916 3523 2929 3560 :
2963 3523 3086 3562 cum
3143 3510 3257 3564 suis
3290 3511 3383 3566 ille
3420 3527 3539 3565 cum
3566 3510 3719 3578 majo-

2175 3594 2324 3651 ribus
2358 3611 2387 3649 a
2411 3596 2662 3650 ducentis
2686 3597 2849 3653 annis
2886 3599 2989 3653 hoc
3023 3615 3190 3653 unum
3222 3601 3501 3668 spectarit,
3539 3610 3593 3654 ut
3630 3613 3720 3652 no.

2175 3685 2298 3743 bilis
2327 3688 2476 3756 regni
2507 3687 2877 3753 fundamenta,
2908 3689 2990 3744 vel
3013 3690 3065 3744 vi
3094 3699 3147 3745 et
3168 3692 3359 3756 armis,
3387 3693 3469 3746 vel
3491 3690 3719 3746 discidiis

2173 3777 2448 3842 civilibus,
2470 3787 2521 3833 et
2545 3779 3041 3836 machinationibus
3072 3781 3353 3837 insidiosis
3379 3784 3717 3838 subverteret.

2173 3867 2438 3922 Caverent
2490 3869 2593 3923 sibi
2619 3869 2687 3923 ab
2742 3870 3011 3938 ejusmodi
3066 3883 3171 3925 tam
3232 3871 3526 3937 Erdeliani,
3571 3889 3719 3943 quam

2176 3959 2504 4015 Soleimauis
2543 3961 2883 4031 imposturis,
2946 3980 3046 4018 nec
3095 3979 3218 4019 cum
3270 3964 3557 4021 Erdeliano
3586 3980 3721 4019 com-

2176 4067 2340 4107 mune
2389 4055 2683 4123 quidquam
2746 4055 3026 4117 baberent,
3093 4072 3191 4112 nec
3257 4058 3327 4113 ad
3379 4058 3720 4117 fraudulenta,

2176 4145 2473 4213 patria-que
2528 4147 2771 4200 nocitura
2825 4147 3046 4213 comitia
3080 4164 3413 4220 quemquam
3453 4151 3551 4206 sub
3580 4164 3721 4219 pmua

2177 4237 2569 4304 perduellionis
2591 4239 2927 4309 ablegarent.

2246 4327 2446 4382 Eodem
2484 4345 2646 4396 anno,
2698 4346 2826 4389 vere
2874 4331 3115 4398 ineunte,
3168 4332 3333 4389 l’ialis
3366 4333 3520 4388 bassa
3567 4333 3720 4403 prius,

2176 4437 2335 4491 quam
2393 4423 2943 4492 Constantinopolim,
2994 4425 3159 4478 rebus
3207 4429 3272 4479 ad
3312 4426 3526 4480 Meliten
3559 4422 3725 4477 infeli-

2177 4517 2311 4568 citer
2350 4514 2542 4582 gestis,
2593 4528 2717 4567 cum
2769 4515 2944 4570 classe
2996 4516 3230 4582 rediret;
3287 4533 3355 4571 ne
3388 4518 3516 4571 nihil
3560 4517 3724 4584 egisse

2177 4606 2279 4660 hac
2308 4606 2649 4675 expeditione
2696 4606 2989 4673 videretur,
3024 4607 3219 4662 Chium
3252 4608 3423 4679 digiti
3460 4608 3620 4662 maris
3650 4606 3725 4657 in-

2176 4699 2374 4759 sulam,
2409 4715 2437 4751 a
2471 4697 2800 4754 Christianis
2846 4699 3042 4767 partim
3103 4699 3271 4766 italis,
3310 4701 3504 4769 partim
3539 4695 3726 4761 Graecis

2176 4790 2555 4853 inhabitatam,
2597 4792 2700 4844 sub
2750 4792 2939 4859 jngum
2991 4791 3209 4846 mittere
3257 4794 3470 4846 statuit.
3523 4791 3590 4844 Ea
3635 4787 3723 4842 Ge-

2176 4883 2460 4936 nuensium
2510 4884 2564 4936 in
2598 4893 2865 4952 potestate
2912 4883 3023 4950 jam
3053 4886 3194 4940 ultra
3229 4887 3337 4940 duo
3392 4883 3584 4939 saecula
3614 4880 3722 4933 fue-

2175 4982 2279 5032 rat.
2326 4974 2453 5027 inde
2504 4990 2676 5043 usque
2723 4991 2751 5027 a
2796 4972 3109 5029 Grzrcorum
3173 4976 3560 5044 imperatorum
3608 4982 3722 5025 tem-

2175 5065 2402 5135 poribus
2461 5065 2655 5119 libera.
2721 5064 2827 5119 Sed
2881 5067 3159 5120 crescente
3222 5066 3436 5120 tandem
3503 5059 3720 5133 potentia

2176 5156 2423 5223 Turcica,
2456 5174 2523 5211 ne
2575 5172 2801 5225 prorsus
2866 5159 2919 5212 in
2974 5159 3293 5235 servitutem
3344 5158 3720 5228 redigerentur,

2175 5257 2367 5318 sponte
2400 5266 2498 5305 sua
2530 5251 2796 5304 tributum
2838 5251 3171 5307 obtulerant.
3226 5250 3354 5320 Ejus
3409 5247 3592 5304 tributi
3631 5257 3720 5296 no-

2176 5342 2323 5396 mine
2357 5344 2654 5411 quotannis
2705 5341 2879 5399 i0000
2922 5359 3205 5396 nummum
3255 5355 3563 5405 aureorum,
3602 5347 3721 5405 qum

2178 5435 2407 5487 ducatos
2438 5444 2655 5498 vocant,
2691 5435 3079 5499 solvebantur;
3138 5450 3202 5489 ac
3251 5446 3508 5505 praeterea
3555 5425 3717 5483 distri-

2176 5523 2482 5577 buebantnr
2526 5525 2579 5579 in
2621 5525 2811 5580 bassas
2866 5526 3072 5582 vezires
3098 5528 3162 5581 ad
3195 5528 3302 5581 duo
3337 5526 3521 5578 millia.
3553 5523 3720 5571 Causa?

2176 5625 2396 5683 prepter
2422 5632 2557 5683 quas
2597 5633 2714 5670 eam
2756 5617 2943 5679 Pialis,
2978 5619 3179 5673 abolita
3212 5619 3456 5673 libertate
3490 5614 3718 5683 pristina.

2176 5707 2570 5776 Subjugaudam
2609 5710 2864 5773 ducebat,
2910 5712 2993 5764 hac
3036 5711 3490 5780 przrtexebantnr.
3535 5702 3717 5758 Prima.

2175 5800 2321 5870 quod
2385 5800 2682 5870 exploratis
2712 5799 3015 5859 Turcorum
3064 5803 3333 5861 consiliis.
3387 5816 3525 5853 anno
3572 5804 3718 5851 suue'
