4026 6204
301 351 409 416 σει

1401 354 1777 415 SUPPLEM.
1822 355 2097 418 ANNAL.
2141 342 2450 417 Tun'CIC.

3439 357 3550 418 CCVI

297 474 448 524 riore
480 466 856 533 Melitensibus
908 467 1278 530 nuntiassent,
1324 483 1444 535 quae
1492 466 1544 520 in
1577 482 1675 521 eos
1697 465 1860 520 Turci
1895 468 1942 527 Α
1970 483 2090 532 quze
2121 467 2340 535 quidem
2366 466 2546 536 praeda
2581 481 2700 523 mox
2735 467 3086 524 obsessorum
3111 463 3401 524 commodo
3422 488 3544 526 ces-

300 562 642 615 molirentur.
678 559 906 622 Deinde,
945 557 1090 627 quod
1127 547 1333 612 biennii
1364 557 1626 612 tributum
1661 557 1877 611 sultano

299 651 600 706 Soleimani
627 649 912 705 deberent.
962 648 1017 702 Id
1076 649 1310 704 avaritia
1345 649 1531 718 legati.
1561 647 1878 702 Constanti-

296 741 486 809 nopoli
525 756 611 795 res
641 739 882 810 ipsorum
915 739 1060 809 apud
1112 739 1332 794 Portam
1381 740 1622 810 gerentis
1661 739 1878 793 accide-

299 841 426 895 rat;
462 831 552 900 qui
585 831 750 886 etiam
775 830 1039 885 donanda
1070 828 1389 908 Mecbegneti
1429 831 1605 885 bassre
1633 829 1800 883 veziri
1827 839 1880 883 et

294 921 706 984 aliis-munera,
736 937 870 976 suos
895 921 956 976 in
979 935 1114 976 usus
1151 930 1405 976 verterat.
1441 919 1724 976 Praeterea
1740 937 1879 975 con-

297 1010 579 1067 ferebatur
624 1015 682 1068 in
731 1028 827 1068 eos
856 1013 1030 1083 culpa
1056 1021 1391 1084 receptorunt
1437 1013 1877 1069 Christianorum

297 1104 737 1174 mancipiorum,
785 1121 907 1175 quae
966 1105 1213 1176 quotidie
1270 1106 1752 1173 ConstantinOpoii
1811 1105 1877 1159 ad

298 1197 455 1265 ipsos
493 1196 861 1268 profugerent,
909 1212 1052 1266 eque
1090 1195 1230 1254 Chio
1261 1196 1482 1253 domum
1524 1198 1590 1253 ad
1621 1213 1753 1252 suos
1790 1213 1880 1253 re:-

297 1289 670 1343 rnitterentur.
703 1287 770 1342 Et
827 1287 992 1358 paulo
1053 1298 1182 1342 ante
1244 1289 1522 1344 ferebatur
1577 1289 1882 1347 Mechcme-

300 1379 376 1431 tis
457 1378 632 1432 bassa:
714 1378 913 1433 veziris
975 1377 1161 1434 nobile
1207 1379 1483 1448 quoddam
1546 1381 1876 1450 mancipium

301 1471 372 1522 eo
402 1484 463 1523 se
495 1455 811 1533 contulisse,
859 1468 1017 1534 cujus
1057 1470 1172 1539 ipse
1202 1469 1287 1523 vel
1327 1471 1761 1528 restitutionem.
1798 1473 1879 1528 vel

304 1559 542 1626 pretium
601 1560 670 1614 ab
728 1560 808 1615 eis
876 1563 1157 1630 poscebat.
1211 1560 1319 1614 Has
1377 1562 1544 1630 igitur
1582 1563 1653 1618 ob
1685 1580 1880 1621 causas

307 1648 472 1703 l’ialis
501 1664 598 1703 eos
641 1650 1032 1718 castigaturus,
1065 1649 1132 1704 ad
1165 1651 1402 1704 insulam
1440 1653 1699 1708 universa
1753 1669 1877 1707 cum

306 1743 482 1796 classe
505 1739 656 1796 feriis
681 1741 1052 1810 paschalibus,
1087 1757 1226 1812 quas
1254 1741 1695 1796 Christianorum
1730 1759 1881 1799 more

302 1836 565 1890 tlhienses
602 1843 714 1888 tum
763 1832 1133 1897 celebrabant,
1187 1831 1438 1902 appellit;
1471 1833 1872 1902 confestimque

233 1967 242 1980 ε
295 1927 456 1995 jubet
501 1928 567 1980 ad
621 1941 679 1980 se
711 1925 1020 1995 praztoriam
1067 1927 1120 1979 in
1172 1927 1448 1980 triremem
1506 1927 1692 1981 venire
1734 1941 1874 1995 pra:-

301 2019 505 2074 fectutn
555 2020 745 2074 insulae
809 2033 934 2073 cum
992 2018 1274 2072 duodecim
1316 2018 1448 2072 viris
1482 2017 1872 2087 rempublicam

301 2111 841 2166 administrantibus.
876 2109 1106 2174 Interea,
1141 2111 1267 2162 dum
1301 2111 1354 2164 hi
1390 2113 1458 2164 ab
1494 2109 1612 2180 ipso
1644 2110 1696 2162 in
1739 2125 1872 2178 prte-

303 2204 438 2257 toria
473 2205 808 2266 detinentur,
839 2203 1098 2273 palatium
1130 2205 1386 2264 civitatis,
1421 2203 1472 2255 in
1505 2218 1614 2272 quo
1649 2213 1873 2256 Senatus

298 2296 494 2353 haberi
523 2296 755 2361 solebat,
813 2297 865 2350 in
919 2306 1247 2364 potestatem.
1281 2313 1311 2350 a
1343 2295 1537 2351 Turcis
1596 2311 1718 2350 cum
1747 2311 1873 2350 arce

298 2390 588 2459 redigitur,
623 2389 968 2456 magistratus
997 2390 1077 2443 eis
1126 2389 1391 2444 Tureicus
1447 2389 1626 2454 datur,
1675 2389 1872 2457 templa

296 2483 613 2539 Christiana
653 2481 778 2536 solo
811 2491 1117 2548 mquantur.
1186 2481 1418 2534 Unicutn
1482 2482 1657 2535 sancti
1693 2480 1873 2533 Domi-

298 2575 407 2630 nici
435 2575 714 2639 relictum,
757 2575 954 2630 ritibus
1000 2575 1304 2628 Turcorum
1346 2573 1614 2635 initiatnr,
1641 2583 1690 2624 ut
1729 2589 1872 2628 mes-

298 2669 416 2723 sitze
467 2668 592 2722 loco
627 2666 819 2721 Turcis
877 2675 1040 2721 esset.
1076 2665 1253 2734 ipsius
1317 2664 1578 2733 przrfecti,
1629 2680 1692 2719 ac
1733 2666 1874 2719 duo-

298 2760 664 2815 decirnvirum
728 2758 969 2823 familiae,
1035 2774 1160 2812 cum
1216 2757 1337 2812 aliis
1389 2756 1690 2826 primariis,
1731 2757 1875 2811 (Ion-

300 2853 712 2918 stantinopolim
769 2851 1084 2910 mittuntur,
1149 2858 1204 2904 et
1255 2849 1380 2902 hinc
1439 2849 1565 2902 inde
1597 2847 1782 2902 varias
1818 2849 1870 2902 in

302 2947 555 3014 regiones
587 2944 969 3012 deportantur;
1022 2941 1054 2994 d
1082 2957 1197 2995 tnec
1233 2941 1451 2994 tandem
1485 2939 1873 3009 subsequenti-

301 3041 404 3094 bus
433 3038 617 3102 annis,
656 3036 1026 3090 intercedente
1057 3050 1181 3103 rege
1219 3033 1392 3094 Gallo,
1431 3033 1627 3088 Turcis
1663 3034 1875 3088 conﬁr-

1981 557 2070 611 sit.
2107 555 2294 610 Soluta
2322 570 2516 626 prater
2544 573 2695 626 spem
2722 559 2776 613 in
2812 558 3205 615 hunc-modum
3241 561 3544 628 obsidione,

1979 647 2290 715 praesidium
2321 649 2465 704 arcis
2511 660 2731 705 auctum
2780 649 2904 716 fuit,
2951 659 3004 706 et
3053 651 3343 707 instaurati
3378 655 3544 715 muri,

1978 739 2047 792 ah
2081 739 2236 794 hoste
2268 740 2457 794 diruti.

2051 830 2300 886 Liberata
2332 833 2616 889 obsidione
2653 833 2860 900 Palota,
2891 852 3017 892 mox
3063 838 3194 890 itum
3225 837 3290 890 ad
3317 838 3547 902 eripien-

1978 921 2103 976 dam
2158 923 2300 976 hosti
2342 925 2618 979 civitatem
2671 925 3156 996 Vespriniensem;
3205 929 3372 999 358
3401 930 3544 997 quod

1979 1014 2154 1082 captis
2188 1015 2494 1071 Turcorntn
2529 1018 2990 1086 exploratoribus,
3018 1021 3351 1075 intellectum
3381 1031 3543 1083 esset,

1983 1108 2144 1174 hujus
2193 1108 2295 1163 loci
2370 1108 2589 1176 begun],
2666 1111 2850 1166 studio
2922 1115 3150 1166 nocendi
3218 1114 3548 1167 Christianis

1978 1213 2282 1268 egressum,
2315 1200 2542 1255 meliore
2582 1202 2819 1270 prmsidii
2865 1213 3014 1269 parte
3068 1203 3407 1271 Vespriniunt
3447 1221 3550 1256 nn-

1979 1291 2160 1346 dasse.
2187 1290 2526 1362 Quapropter
2553 1293 2736 1362 Egone
2762 1293 3028 1348 Salmensi
3063 1296 3261 1349 comite
3295 1295 3551 1348 illustris-

1979 1385 2119 1439 simo
2158 1401 2286 1441 suas
2319 1402 2441 1440 cum
2476 1385 2814 1440 Helfestaino
2870 1398 2921 1442 et
2971 1387 3195 1442 Nicotao
3232 1388 3568 1441 llatestadio-

1979 1479 2343 1548 conjungente
2400 1479 2609 1546 copias,
2636 1479 2937 1548 penultimo
2978 1478 3127 1533 Iunii
3181 1479 3266 1534 die
3309 1489 3546 1547 emptum

1979 1568 2221 1624 obsideri
2260 1569 2629 1637 Vesprinium,
2675 1571 2938 1638 postridie
2982 1571 3326 1624 memorabili
3353 1572 3548 1624 celeri-

1982 1670 2092 1714 tate
2171 1661 2272 1714 fuit
2340 1670 2735 1730 expugnatum,
2799 1677 2941 1716 anno
2995 1663 3384 1717 Mahutnetano
3444 1664 3549 1718 8'75

1981 1751 2134 1821 (Chr.
2173 1752 2354 1819 1566).
2386 1753 2647 1822 Quinque
2664 1753 2930 1808 duntaxat
2974 1756 3241 1819 exceptis,
3272 1753 3451 1808 caeteri
3481 1755 3546 1806 ad

1905 1824 1944 1879 Β
1975 1858 2142 1897 untnn
2174 1843 2428 1898 trucidati
2483 1845 2634 1897 fuere
2682 1845 2932 1909 Barbari,
2991 1845 3134 1912 quod
3188 1862 3294 1898 non
3332 1847 3402 1899 ita
3437 1847 3548 1914 pri-

1974 1935 2094 1989 dem
2119 1935 2258 2004 capti
2271 1951 2362 1988 vos
2387 1952 2582 2006 magno
2608 1951 2836 1990 numero
2859 1935 3202 1990 Christianos
3237 1935 3566 1990 immaniter

1975 2029 2320 2084 occidissent.

2042 2120 2126 2175 Ab
2155 2119 2342 2175 eodem
2382 2119 2563 2189 Egone
2612 2121 2812 2175 comite
2860 2121 3126 2176 Salmensi
3174 2128 3332 2189 capta
3366 2119 3468 2172 fuit
3494 2127 3550 2171 et
3611 2172 3614 2174 .

1974 2215 2133 2280 Tata,
2195 2229 2380 2268 mense
2429 2215 2594 2280 Julio,
2643 2214 2800 2269 caesis
2848 2213 3238 2283 prresidiariis;
3307 2212 3549 2280 itemque

1973 2306 2166 2362 Gester
2197 2306 2512 2370 castellum,
2550 2307 2617 2359 ab
2661 2305 2858 2360 incolis
2887 2304 3085 2359 Turcis
3141 2311 3288 2357 mettt
3342 2303 3548 2357 adven-

1975 2397 2142 2452 tantis
2169 2397 2387 2452 comitis
2430 2397 2736 2460 desertum;
2771 2412 2911 2465 quos
2959 2394 3153 2449 imitati
3203 2393 3549 2447 Vcthaimen-

1975 2503 2085 2554 ses,
2138 2486 2446 2542 lscochiani
2506 2495 2562 2541 et
2626 2486 2860 2540 aliorutn
2929 2485 3276 2540 castellorum
3335 2482 3548 2546 incolae,

1975 2582 2189 2636 flamma
2214 2581 2459 2636 castellis
2493 2582 2613 2634 suis
2647 2579 2872 2648 injecta,
2921 2577 3262 2648 Strigonium
3311 2591 3369 2630 sc
3400 2590 3548 2628 rece-

1973 2682 2201 2744 perunt;
2261 2675 2406 2744 quod
2451 2674 2809 2735 obscssnrus,
2876 2671 3118 2726 victoria:
3157 2667 3550 2739 prosequendu‘.

1974 2779 2159 2827 causa,
2195 2781 2320 2820 mox
2353 2774 2472 2820 erat
2510 2765 2818 2819 Salmensis
2858 2777 3066 2824 comes,
3098 2761 3203 2814 nisi
3231 2761 3298 2814 de
3327 2758 3552 2829 quibus-

1975 2855 2098 2908 dam
2153 2857 2336 2912 causis
2376 2857 2526 2910 aliud
2579 2855 2898 2926 imperatori
2951 2852 3320 2908 Ma-ximiliano
3374 2851 3548 2904 visunt

1975 2949 2192 3003 fuisset.

2045 3044 2290 3113 Angusto
2328 3061 2511 3098 mense
2553 3045 2848 3104 Suendius.
2881 3045 2972 3112 qni
3008 3052 3158 3097 certo
3189 3040 3421 3095 consilio
3453 3055 3546 3092 sn-

299 3133 513 3191 derato,
553 3129 738 3198 patriae
764 3127 1000 3183 restituti
1035 3126 1276 3189 fuerunt,
1303 3137 1358 3181 et
1393 3130 1586 3182 umbra
1620 3130 1869 3196 quaedam
1895 3161 1942 3222 Ο
1977 3137 2189 3205 periere
2224 3135 2277 3189 in
2318 3135 2576 3206 Ungaria,
2618 3147 2672 3192 et
2728 3152 2860 3205 agro
2893 3134 3218 3202 Cepisiensi,
3256 3133 3384 3186 dum
3436 3130 3548 3184 Ma-

296 3219 799 3277 adtuinistrationis
851 3220 1295 3288 iudiciorumque
1361 3222 1717 3287 pristinorum
1772 3221 1871 3273 nti-

296 3315 442 3369 seris
475 3313 803 3369 Chiensihus
833 3327 1118 3376 concessa,
1176 3312 1562 3379 provocatione
1608 3311 1872 3366 duntaxat

297 3409 369 3459 ad
428 3406 668 3474 iudicem
726 3404 1021 3458 Turcicum
1078 3404 1339 3468 remissa;
1403 3405 1543 3473 quod
1603 3423 1668 3457 eo
1732 3404 1870 3458 faci-

299 3501 408 3554 lius
469 3499 853 3566 itnpetratutn,
936 3512 1003 3551 ne
1085 3495 1418 3550 Christianis
1485 3496 1677 3549 incolis
1765 3497 1873 3550 alio

299 3589 812 3658 corntnigrantibns,
850 3587 1028 3642 insula
1078 3586 1292 3642 deserta
1333 3587 1467 3640 nulli
1503 3587 1696 3642 Turcis
1729 3599 1875 3643 esset

299 3681 449 3737 usui.

373 3773 452 3828 Ad
499 3790 586 3829 res
637 3774 690 3827 in
742 3772 976 3844 Ungaria
1022 3786 1200 3843 gestas
1248 3786 1306 3830 ut
1351 3777 1658 3841 redeamus,
1717 3776 1872 3830 bassa

297 3864 594 3929 Bn-lensis,
633 3874 692 3918 ut
723 3865 952 3933 imperio
1000 3866 1205 3920 sn-Ita-ni
1263 3867 1594 3920 Soleimanis
1638 3875 1872 3936 pareret,

299 3957 460 4010 initio
492 3957 697 4011 mensis
727 3954 874 4011 Junii
935 3958 1180 4012 Palotatn
1239 3957 1476 4010 militum
1513 3972 1715 4011 corona
1769 3956 1877 4010 cir-

293 4048 560 4102 Cnmdare
590 4049 773 4114 cmpit.
802 4047 930 4102 Eam
956 4058 1181 4104 strenue
1210 4044 1331 4102 enin
1360 4048 1483 4102 suis
1502 4049 1878 4117 propugnabat

297 4141 572 4210 Georgius
633 4139 835 4194 Thuris
894 4139 1164 4212 ngarus.
1245 4142 1326 4194 vir
1392 4140 1774 4207 magnanimus
1823 4149 1878 4194 et

299 4232 490 4287 multis
521 4235 688 4287 rebus
720 4232 933 4288 fortiter
964 4233 1138 4302 gestis
1183 4233 1390 4288 clarus.
1423 4231 1562 4286 Toto
1586 4231 1699 4301 jam
1732 4231 1872 4286 octi-

297 4327 412 4377 duo
435 4339 623 4378 muros
682 4325 840 4378 bassa
900 4333 1298 4379 tormentorum
1347 4324 1630 4379 continuis
1678 4323 1876 4378 ictibus

300 4420 373 4472 ita
401 4415 776 4481 labefactarat,
810 4418 873 4473 ad
901 4426 1098 4471 terram
1137 4428 1197 4472 ut
1246 4417 1504 4486 prostrati
1533 4415 1876 4471 collaberen-

1974 3229 2291 3282 ximilianns
2344 3230 2628 3296 Angustus
2680 3229 2880 3296 insigni
2918 3238 2971 3283 et
3011 3226 3396 3294 copiosissimo
3424 3238 3568 3276 cum-

1973 3320 2219 3374 exercitu
2251 3321 2450 3374 castris
2486 3319 2550 3371 ad
2602 3317 2886 3372 Jaurinum
2945 3318 3160 3386 positis,
3204 3331 3398 3369 omnes
3446 3313 3549 3366 So-

1974 3411 2224 3467 leitnanis
2286 3423 2468 3466 metus
2518 3423 2573 3466 et
2622 3426 2939 3486 progressus
2996 3410 3336 3470 (ιιιεειυνθι-οι,
3371 3406 3550 3460 subsi-

1973 3510 2119 3557 stere
2151 3517 2252 3556 suo
2299 3518 2422 3556 eum
2465 3503 2636 3556 milite
2674 3503 2863 3571 jussus
2913 3501 3110 3563 fuerat,
3136 3517 3258 3554 cum
3294 3499 3488 3552 excitis
3518 3514 3546 3551 a

1974 3593 2306 3660 Solcimane,
2366 3601 2555 3660 rogatu
2604 3593 2903 3660 Erdeliani,
2961 3594 3176 3648 Tataris
3216 3608 3321 3645 non
3357 3605 3545 3658 parum

1973 3683 2117 3752 quod
2157 3691 2342 3752 ageret
2385 3683 2595 3736 habuit.
2636 3683 2847 3752 Quippe
2883 3699 3006 3738 cum
3040 3699 3132 3751 per
3160 3681 3417 3748 Ungaria:
3453 3695 3549 3733 su-

1975 3776 2208 3844 perieris
2235 3791 2395 3844 agros
2437 3776 2518 3831 eis
2559 3786 2613 3832 et
2647 3779 2785 3829 ultra
2820 3775 3099 3830 Tibiseum
3146 3776 3251 3829 late
3281 3775 3552 3828 discurre-

1978 3877 2117 3931 rent,
2151 3868 2360 3937 prmdas
2396 3866 2700 3935 abigerent,
2767 3869 2952 3922 omnia
3010 3867 3239 3920 flammis
3298 3874 3352 3918 ct
3403 3864 3550 3918 ferro

1975 3968 2272 4020 vastarent,
2299 3958 2542 4028 cujusvis
2565 3958 2743 4013 multis
2781 3968 2834 4013 et
2868 3973 3028 4013 sexus
3067 3958 3318 4011 homines
3352 3957 3547 4022 partim

1977 4049 2335 4113 trucidarent,
2368 4049 2566 4117 partim
2600 4049 2653 4102 in
2689 4049 3004 4104 servitutem
3049 4059 3332 4117 raperent;
3381 4047 3551 4100 dilato

1977 4140 2251 4193 Sucndins
2293 4139 2345 4192 in
2379 4155 2495 4202 eos.
2551 4139 2901 4193 multitudine
2946 4139 3278 4206 superiores,
3325 4139 3389 4192 ad
3450 4140 3553 4192 hoc

1978 4247 2148 4300 usque
2185 4241 2400 4300 tempus
2432 4231 2640 4300 prndio,
2666 4247 2775 4300 quo
2808 4231 3130 4300 pra-cocium
3167 4231 3242 4282 illi
3272 4229 3548 4284 fructntnn

1973 4336 2026 4379 et
2086 4339 2313 4378 uvarum
2375 4324 2631 4394 ingluvie.
2697 4325 3022 4392 semetipsos
3077 4322 3353 4392 perditum
3417 4309 3562 4374 ituri‘

1980 4427 2136 4474 erant
2174 4417 2390 4472 tandem
2419 4432 2487 4472 ex
2527 4417 2734 4470 morbis
2767 4415 3056 4485 languidos
3089 4421 3145 4468 et
3185 4428 3414 4467 numero
3445 4430 3550 4466 non

301 4522 395 4564 tur
425 4521 477 4564 et
513 4520 940 4578 propugnatores
984 4511 1037 4563 in
1062 4520 1311 4564 extremo
1339 4509 1660 4564 discrimine
1691 4523 1877 4563 versa—
1908 4511 1950 4568 D
1983 4523 2174 4580 parum
2203 4509 2516 4563 detninutos
2561 4523 2877 4578 aggressus,
2935 4505 3085 4560 nullo
3146 4521 3311 4575 prope
3340 4505 3554 4580 negotio

293 4610 517 4664 rentur,
551 4615 677 4654 cum
724 4617 872 4666 ecce,
928 4615 1028 4652 nec
1071 4601 1353 4666 opinatum
1397 4599 1703 4654 subsidium
1738 4598 1875 4653 divi-

299 4695 455 4748 nitus
483 4694 566 4748 eis
599 4693 840 4747 offertur.
879 4691 1116 4746 Venerat
1159 4689 1446 4746 Jaurinum
1497 4691 1761 4763 Georgius
1785 4707 1876 4747 co-

302 4800 422 4838 mes
447 4783 834 4846 lielfestainus,
876 4783 1127 4838 adductis
1169 4799 1355 4838 secum
1388 4783 1557 4853 signis
1589 4782 1874 4838 duodecim

303 4892 514 4946 magiae
549 4877 766 4932 virtutis
799 4879 1062 4944 peditum.
1097 4877 1148 4930 is
1179 4877 1267 4930 die
1302 4876 1516 4932 decimo
1557 4887 1751 4946 quarto
1781 4875 1880 4931 Ju-

302 4969 381 5023 nii
410 4970 650 5038 plaustra
699 4970 996 5040 nonaginta
1039 4969 1357 5039 pabulatum
1388 4967 1592 5030 emisit.
1628 4984 1752 5022 cum
1789 4982 1880 5036 pe-

301 5059 478 5114 ditum
538 5067 942 5128 nongentorum
996 5058 1252 5128 praesidio
1307 5076 1322 5112 :
1385 5074 1523 5126 quos
1577 5056 1878 5126 conspicati

301 5150 494 5216 Turci,
521 5151 614 5221 qui
649 5149 893 5207 Palolam
930 5150 1276 5216 obsidebant,
1320 5150 1666 5220 majoresque
1695 5147 1882 5215 copias

303 5242 503 5299 adesse
527 5245 652 5309 rati,
683 5259 849 5313 quam
888 5260 1082 5314 reapse
1132 5244 1344 5308 forent;
1388 5243 1588 5296 missos
1636 5240 1882 5309 suspica-

305 5338 529 5400 bantur,
564 5345 622 5391 ut
663 5337 1004 5392 obsidionem
1042 5335 1360 5390 Palotanam
1401 5334 1700 5389 solverent.
1737 5333 1882 5388 Con-

305 5428 490 5483 festim
513 5429 674 5483 bassa
701 5428 944 5498 trepidus
975 5429 1030 5482 in
1065 5427 1248 5496 fugam
1289 5441 1410 5478 cum
1440 5425 1554 5480 suis
1592 5440 1713 5479 sese
1748 5439 1882 5479 con-

300 5520 498 5587 jicere,
532 5533 754 5588 praeque
801 5519 969 5574 nimia
1006 5518 1357 5573 fesunatione
1398 5515 1652 5582 tentoria,
1680 5515 1886 5569 machi-

307 5627 408 5666 nas
438 5611 690 5676 bellicas,
732 5626 986 5680 magnum
1037 5626 1290 5665 vasorum
1333 5625 1644 5672 numerum,
1681 5607 1885 5678 quibus

307 5701 389 5757 vel
421 5700 628 5767 farina,
669 5701 749 5755 \‘cl
808 5702 1202 5756 tormentarius
1256 5699 1434 5769 pulvis
1487 5699 1885 5765 contineretur,

307 5811 430 5850 cum
459 5793 584 5850 aliis
609 5802 921 5850 castrorum
951 5792 1519 5860 impedimentishosti
1552 5791 1884 5863 relinquere,

1978 4601 2165 4656 decem
2192 4599 2554 4654 Barbarorum
2587 4599 2752 4653 millia
2782 4596 3080 4668 superavit,
3109 4596 3323 4659 cecidit,
3354 4570 3554 4649 finibus

1979 4691 2166 4760 eiecit;
2201 4692 2463 4760 hegorum
2501 4691 2884 4755 Turcicorum,
2926 4689 3128 4758 quibus
3186 4690 3268 4743 usi
3318 4688 3556 4743 ducibus

1983 4783 2225 4845 fuerant,
2267 4784 2440 4838 altero
2488 4769 2837 4850 interempto,
2891 4782 3062 4836 altero
3122 4781 3398 4835 lcthaliter
3432 4795 3557 4834 sau-

1981 4877 2147 4928 ciato.
2205 4874 2403 4928 Deinde
2439 4875 2656 4943 Georgii
2709 4873 2904 4927 Bebeci
2965 4873 3281 4942 perduellis,
3313 4872 3403 4941 qui
3433 4888 3555 4924 eum

1986 4962 2284 5018 Erdeliano
2315 4970 2371 5015 et
2401 4959 2596 5016 'l‘urcis
2635 4977 2694 5016 se
2741 4961 3128 5030 coniunxerat,
3161 4976 3317 5014 arces
3351 4961 3560 5026 aliquot

1985 5053 2323 5116 Zabaticam,
2355 5051 2689 5116 Pelsozium,
2737 5050 3196 5118 Gombazzecum,
3221 5051 3556 5105 Crasnahnr-

1986 5163 2127 5210 cam,
2163 5145 2426 5214 Gadigcn,
2465 5145 2684 5214 aliaque
2708 5144 2794 5199 his
2818 5144 2993 5200 vicina
3026 5155 3137 5198 tum
3168 5141 3407 5204 castella,
3448 5150 3557 5193 tum

1988 5239 2319 5293 munitiones
2359 5237 2716 5307 expugnavit.

2060 5329 2180 5384 Duo
2211 5330 2471 5398 deinceps
2502 5329 2711 5382 munita
2745 5337 3072 5383 nostrorum
3105 5326 3224 5378 loca
3257 5323 3560 5376 Turcornm

1988 5422 2042 5478 in
2075 5437 2270 5477 manus
2306 5437 2522 5487 venere,
2555 5420 2727 5476 Giula.
2766 5430 2818 5478 et
2874 5417 3152 5488 Zigetum;
3209 5414 3386 5476 Giula,
3441 5428 3564 5481 qua:

1991 5517 2234 5571 secundo
2255 5516 2384 5571 Julii
2418 5515 2622 5568 mensis
2657 5530 2684 5566 a
2720 5514 2948 5567 l’ertavo
2993 5511 3172 5564 velit'e
3220 5509 3402 5566 bassa.
3441 5507 3564 5573 jun-

1991 5607 2094 5662 ctis
2123 5614 2177 5661 et
2211 5607 2383 5661 Lassae
2413 5601 2860 5658 Temesvarcnsis
2911 5611 2960 5655 et
3009 5598 3283 5654 Erdetiani
3332 5599 3566 5650 'l‘ataro-

1993 5712 2222 5768 rumque
2275 5696 2681 5766 cepiis,cmpta
2743 5695 2923 5749 fuerat
2969 5693 3244 5758 obsideri;
3303 5689 3565 5744 scelerata

1994 5790 2228 5846 thdislai
2290 5787 2562 5845 Kcrcsinii
2635 5785 2877 5855 pra-fecti
2951 5783 3282 5854 proditione,
3343 5780 3573 5848 Georgii
