4026 6204
510 284 617 349 εῖδι

1776 281 2102 342 JOANNIS
2139 281 2603 343 LEUNCLAVII

3655 280 3755 345 654

522 402 721 457 lleberi
757 399 1053 470 perduellis
1080 409 1137 456 et
1168 399 1344 456 afﬁnis
1386 398 1470 454 sui
1517 396 1796 466 colloquio
1824 395 2096 464 corrupti,
2128 399 2175 461 Α
2200 398 2288 452 die
2319 408 2519 467 quarto
2557 399 2763 455 mensis
2816 394 3176 466 Septembris.
3218 391 3453 465 Agebat,
3480 407 3599 446 eum
3647 408 3752 447 mo-

514 494 643 550 licet
667 494 909 548 futurum
960 494 1268 548 nuntiasset
1315 490 1621 554 Suendius,
1663 498 1721 542 ut
1755 488 1930 544 hostis
1960 490 2101 542 intra

520 586 750 641 biduum
782 584 1128 641 obsidionem
1169 585 1432 647 solveret,
1489 582 1689 638 Turcis
1734 580 1917 635 dedita
1978 579 2101 634 fuit.

520 680 652 734 Eam
685 676 878 740 Turci,
906 684 1103 746 praster
1146 675 1420 730 Erdeliani
1482 689 1654 743 spem,
1720 674 1825 728 sibi
1867 673 2105 727 retinue-

517 780 675 835 runt;
710 770 1064 838 hiantemque
1101 783 1352 830 corvum,
1379 776 1440 823 ut
1475 776 1557 824 est
1595 767 1650 823 in
1684 765 1910 829 fabulis,
1948 780 2102 820 more

518 878 621 917 suo
654 861 926 917 delusere.
964 859 1173 915 Violata
1198 860 1427 914 dedititii
1462 858 1565 914 fide
1594 857 1892 914 crudeliter
1928 858 2101 910 inter-

520 951 714 1021 empti,
754 953 942 1020 paucis
1008 953 1275 1006 benelieio
1321 952 1498 1007 noctis
1543 961 1597 1005 et
1643 949 2101 1006 arundinctorum

530 1044 752 1113 elapsis.
775 1043 1028 1099 Nelarins
1064 1045 1309 1115 proditor
1337 1062 1441 1098 non
1479 1045 1650 1099 multo
1682 1052 1801 1113 post
1833 1044 1885 1097 in
1917 1043 2105 1097 vincu-

524 1133 611 1193 lis,
643 1134 786 1202 apud
819 1133 1097 1187 sultauum
1136 1134 1417 1197 Selimem,
1458 1132 1791 1188 Soleimauis
1818 1147 2104 1187 successo-

522 1237 658 1278 rem.
689 1223 760 1277 ob
790 1224 1085 1277 exercitam
1132 1225 1283 1293 prius
1338 1225 1389 1279 in
1439 1226 1687 1294 captivos
1736 1223 2104 1279 Musulmanns

522 1313 781 1366 ueritiem
827 1322 1143 1376 accusatus,
1192 1316 1257 1367 de
1311 1314 1585 1369 sententia
1640 1313 1861 1369 Selimis
1903 1314 2106 1369 actori-

524 1404 646 1467 bus,
683 1414 741 1458 ut
775 1420 838 1457 ex
886 1420 1077 1459 eorum
1128 1404 1358 1459 arbitrio
1414 1420 1602 1474 pinnas
1634 1405 1829 1470 lueret,
1875 1405 2107 1458 traditus

526 1499 665 1562 fuit;
696 1499 786 1564 qui
820 1500 1099 1553 hominem
1136 1499 1244 1553 vasi
1294 1498 1466 1553 clavis
1508 1499 1788 1567 perfm'a'o
1819 1499 1898 1553 sic
1932 1498 2106 1552 ἰηςΙυ-

526 1599 738 1650 serunt,
798 1598 857 1643 ut
908 1591 1054 1643 dolio
1111 1590 1178 1645 de
1232 1600 1415 1644 monte
1457 1606 1553 1659 per
1587 1591 1819 1645 declivia
1854 1591 2107 1659 ι)ηοὶρί-

530 1690 665 1744 tato,
698 1682 876 1737 clavis
917 1682 1173 1751 oblongis
1205 1692 1258 1737 et
1293 1683 1471 1737 aeutis
1507 1682 1754 1737 conﬁxus
1780 1681 2104 1746 exspiraret.

2207 500 2441 553 reretur,
2462 488 2640 545 a-tatis
2662 505 2866 543 annum
2895 485 3365 557 septuagesimum
3397 492 3625 538 sextum.
3663 484 3757 537 lm-

2206 582 2360 652 perio
2378 579 2590 648 prefuit
2612 581 2771 635 annis
2787 579 3150 649 quadraginta
3169 592 3263 632 sex
3284 586 3343 632 et
3354 591 3447 632 ses
3471 575 3757 632 ment-ibus.

2277 673 2555 742 Occupato
2605 670 2816 742 Zigeto,
2869 671 3136 725 Babosam
3190 670 3562 740 oppugnaturi
3605 669 3758 723 Terei

2206 764 2475 835 quosdam
2509 780 2539 820 e
2572 764 2689 820 suis
2711 764 2958 827 mittunt,
2986 763 3081 831 qui
3107 776 3291 817 arcem
3332 762 3460 817 dedi
3500 762 3756 831 juberent.

2204 859 2259 914 id
2290 873 2422 914 vero
2448 858 2575 912 licet
2600 855 2843 913 facturos
2866 871 2925 911 se
2952 855 3124 911 nostri
3145 838 3155 844 ’
3179 863 3473 923 negarent,
3528 854 3666 923 quod
3691 862 3761 906 ta-

2204 966 2329 1006 men
2357 965 2475 1004 cam
2511 949 2729 1004 defendi
2756 964 2862 1003 non
2883 964 3047 1019 posse
3079 958 3267 1003 contra
3297 948 3410 1002 vim
3437 956 3637 1001 tantam
3669 946 3759 1000 sci-

2203 1053 2347 1107 rent,
2383 1044 2660 1097 incensam
2683 1042 2943 1097 deserunt
2985 1059 2999 1096 :
3056 1054 3289 1111 quorum
3353 1040 3655 1109 exetnplum
3679 1038 3762 1092 Sa-

2202 1133 2367 1189 chani
2397 1141 2451 1186 et
2483 1130 2791 1202 Zorgenses
2843 1139 2970 1187 sunt
2993 1130 3212 1185 imitati.

2282 1224 2483 1279 Eodem
2513 1239 2682 1288 anno,
2723 1224 2811 1278 die
2865 1224 3079 1278 mensis
3124 1221 3373 1292 ejusdem
3405 1220 3659 1274 vicesimo
3679 1230 3767 1274 ter-

2208 1318 2303 1381 tio,
2327 1317 2577 1372 sultauus
2602 1316 2837 1372 Selimes
2867 1318 3163 1380 secundus,
3191 1316 3374 1370 aetatis
3408 1329 3608 1368 annum
3640 1330 3765 1381 qua-

2205 1409 2571 1477 dragesimn-u
2608 1408 2907 1463 secundum
2933 1422 3123 1477 agens,
3156 1407 3209 1461 iu
3250 1407 3486 1474 imperio
3522 1403 3768 1459 Solcima-

2208 1500 2261 1554 ni
2300 1502 2435 1567 patri
2466 1502 2748 1556 successit.
2785 1500 2997 1569 Quippe
3027 1514 3154 1554 cum
3189 1499 3254 1552 ad
3328 1497 3652 1567 Magnesi~m
3692 1495 3766 1547 iu--

2210 1593 2424 1647 tellecta
2466 1602 2643 1647 morte
2674 1593 2868 1661 patris,
2928 1608 2991 1647 ex
3043 1592 3169 1645 Asia
3231 1607 3447 1645 summa
3506 1590 3769 1643 celerita'e

2209 1684 2540 1744 lscodaram,
2570 1700 2600 1738 e
2638 1687 2856 1752 regione.
2876 1683 3387 1752 Constantinopolis
3449 1682 3627 1743 sitam,
3677 1680 3766 1732 huc

526 1771 652 1825 Fuit
688 1783 743 1827 et
792 1774 938 1827 ﬁlius
969 1782 1211 1843 paterum
1252 1773 1526 1843 particeps
1561 1774 1979 1835 exsecrationis,
2011 1773 2101 1840 qui
2142 1741 2182 1795 Β
2207 1776 2295 1829 die
2320 1776 2692 1845 pervorrisset:
2724 1792 2848 1829 mox
2882 1792 2911 1829 a
2949 1776 3218 1844 Bostange
3257 1774 3447 1833 hassa,
3472 1772 3771 1826 hortulanu-

528 1863 746 1929 misere,
775 1864 941 1921 nullis
969 1865 1178 1919 relictis
1207 1864 1540 1930 Incredibus,
1578 1864 1720 1919 diem
1752 1879 1909 1917 suum
1947 1864 2104 1925 obiit,

527 1954 787 2019 castellis,
824 1957 975 2025 pagis
1008 1966 1061 2010 et
1091 1958 1216 2012 aliis
1251 1957 1603 2011 facultatibus
1634 1956 2009 2026 amplissimis,
2037 1956 2105 2010 ad

530 2047 738 2101 alienos
768 2048 1059 2103 devolutis.

500 2132 504 2136 Α
595 2138 809 2193 Interea
846 2139 978 2194 dum
1033 2142 1148 2196 lucc
1200 2141 1430 2196 diversis
1484 2157 1579 2212 per
1633 2140 1927 2214 Ungariam
1970 2143 2106 2199 locis

528 2240 874 2298 gererentur,
904 2232 1157 2289 sultanus
1213 2233 1327 2303 ipse
1360 2233 1703 2290 Soleimanes
1737 2236 1975 2290 transito
2002 2234 2111 2304 pri-

534 2336 682 2374 mum
726 2319 895 2386 Savo,
935 2323 1128 2378 deinde
1171 2324 1366 2388 Dravo,
1405 2340 1569 2394 quem
1598 2337 1763 2395 ponte
1790 2326 1973 2396 operis
2012 2328 2113 2381 ad.

533 2415 765 2468 mirandi
810 2402 1216 2483 constraverat,
1276 2434 1403 2473 cum
1459 2418 1699 2473 exercitu
1752 2419 2111 2475 ducentorum

532 2504 788 2571 millium,
824 2506 891 2561 ad
926 2506 1301 2577 subjugandas
1332 2508 1623 2577 llungaria:
1659 2509 1916 2578 reliquias
1940 2510 2117 2566 venit.

536 2594 791 2651 Occurrit
822 2598 1141 2653 adventanti
1168 2615 1291 2653 cum
1330 2600 1487 2657 donis
1521 2600 1737 2655 eximiis
1767 2599 2112 2665 Erdelianus,

535 2686 741 2742 frustra
796 2703 1018 2756 regnum
1069 2689 1354 2751 ambiens.
1415 2690 1563 2760 quod
1614 2690 1841 2744 avaritie
1886 2690 2117 2746 barbara

536 2778 879 2836 Soleimaucs
910 2781 1163 2851 ipseiam
1201 2799 1320 2852 spe,
1370 2784 1496 2838 licet
1538 2784 1713 2849 irrita,
1750 2793 1920 2839 totum
1956 2784 2122 2837 devo-

537 2880 710 2935 verat,
742 2889 805 2927 ac
832 2873 1044 2927 libidini
1088 2875 1321 2943 proprize
1349 2876 1670 2930 destinarat.

612 2962 708 3016 Die
743 2964 945 3019 mensis
970 2964 1198 3034 Augusti
1235 2976 1395 3019 sexto
1444 2963 1688 3036 Zigetnm
1724 2966 1980 3021 obsidere
2008 2966 2120 3022 sul-

2210 1884 2329 1922 rum
2363 1870 2638 1937 prmteeto,
2680 1884 2780 1938 pro
2808 1883 2958 1923 more
2992 1866 3204 1921 triremi
3250 1876 3538 1934 exceptus,
3570 1863 3767 1917 etCon-

2210 1962 2621 2028 Slﬂl‘lliﬂOttOiitll
2653 1970 2803 2015 trans
2823 1961 3162 2029 Bosphorum
3193 1967 3387 2011 vectus
3419 1956 3539 2009 fuit.
3572 1955 3632 2008 Et
3654 1953 3773 2022 quis

2210 2053 2441 2109 Selimes
2473 2070 2730 2123 generqu
2754 2069 2936 2118 suum,
2962 2051 3345 2107 lschenderem
3368 2048 3604 2114 bassam,
3622 2061 3769 2115 quem

2214 2146 2591 2215 prosultanum
2629 2140 3109 2210 Constantinopoli
3142 2140 3438 2195 discedens
3497 2136 3772 2205 reliquerat

2215 2238 2579 2301 Soleinsanes,
2609 2239 2677 2292 de
2709 2236 2948 2291 adventu
2992 2251 3091 2289 sun
3122 2234 3422 2290 certiorem
3455 2228 3772 2289 reddiderat,

2214 2345 2338 2383 cum
2374 2328 2665 2393 mandatis,
2701 2337 2759 2381 ut
2779 2327 2901 2397 ejus
2939 2338 3104 2394 opera
3168 2322 3467 2391 studioque
3496 2334 3578 2373 res
3608 2319 3667 2373 ad
3698 2318 3773 2371 iu-

2214 2437 2464 2490 gressum
2494 2420 2546 2473 in
2577 2421 2793 2485 urbem,
2813 2431 3175 2487 pompamque
3207 2414 3416 2485 regiam
3462 2414 3776 2483 pertinentes

2216 2514 2337 2568 sine
2370 2528 2520 2565 mora
2558 2522 2889 2581 pararentur
2923 2526 2939 2564 :
2972 2524 3093 2577 mox
3117 2508 3212 2563 illo
3240 2506 3365 2574 ipso
3410 2505 3498 2560 die
3526 2505 3777 2559 deductus

2219 2608 2271 2661 in
2308 2607 2578 2676 sarajum,
2616 2604 2753 2659 solio
2782 2603 3035 2659 consedit
3068 2601 3432 2671 imperatorio
3491 2599 3633 2652 illius
3685 2609 3773 2648 ctr-

2218 2699 2407 2765 bicnli,
2436 2697 2579 2768 quod
2610 2696 2741 2752 solis
2771 2705 2855 2750 est
2886 2694 3120 2749 snltanis
3177 2690 3603 2748 Osmanidarum
3631 2695 3780 2756 gente

2220 2792 2503 2862 prognatis
2529 2804 2800 2860 occupare
2845 2788 3197 2858 permissum.
3259 2783 3393 2840 Inde
3447 2800 3536 2854 per
3600 2781 3773 2835 urbem

2221 2881 2679 2953 proclamationes
2714 2896 2868 2935 more
2900 2880 3169 2949 majorum
3201 2878 3380 2943 facta),
3427 2876 3622 2947 quibus
3664 2877 3773 2924 vota

2224 2975 2461 3041 primum
2488 2975 2957 3044 concipiebantur,
2996 2982 3057 3027 ut
3118 2972 3297 3023 anima
3354 2964 3669 3023 Soleimanis
3725 2962 3771 3014 in

540 3067 702 3110 ί²ηυε
727 3056 914 3125 εωυίις
960 3056 1107 3125 ηυοά
1136 3056 1265 3112 licet
1314 3058 1578 3111 acerrime
1609 3066 2047 3126 υνθριιειιετειιιτ
2084 3071 2114 3110 3
2143 3076 2183 3133 c
2219 3065 2475 3136 paradiso
2500 3064 2625 3119 felix
2648 3080 2822 3121 mrum
2857 3072 3057 3133 ageret,
3101 3078 3164 3116 ac
3196 3063 3249 3113 in
3276 3070 3532 3128 perpetua
3600 3053 3757 3126 gloria

541 3144 770 3202 Nicolao
818 3146 1019 3202 comite
1073 3146 1314 3215 Zerinin,
1371 3149 1671 3221 fortissimo
1709 3161 1763 3205 et
1792 3149 2129 3205 immortalis

540 3238 728 3308 gloria
799 3239 935 3304 viro,
1009 3241 1245 3311 praesidii
1298 3243 1585 3312 prmfecto;
1656 3242 1871 3297 tandem
1936 3252 2116 3297 tamen

544 3337 631 3389 die
671 3338 904 3404 septimo
937 3336 1142 3392 mensis
1202 3336 1540 3406 Septembris
1590 3347 1955 3408 expugnatum
1990 3336 2115 3399 fuit,

546 3429 663 3494 ipso
704 3427 905 3482 comite
974 3426 1216 3496 Zerinio,
1277 3444 1400 3482 cum
1464 3428 1664 3499 insigni
1698 3429 1960 3483 nobilium
2002 3426 2119 3483 Un-

544 3520 819 3586 gnrorium
848 3531 1307 3590 strenuorumquc
1372 3522 1603 3576 militum
1645 3536 1873 3578 numero
1898 3563 1914 3588 ,
1950 3523 2029 3578 sic
2088 3535 2117 3574 a

545 3612 797 3665 Barbaris
849 3611 1197 3681 interempto,
1254 3628 1360 3666 non
1419 3614 1623 3668 inultus
1674 3629 1797 3667 cum
1871 3615 1990 3669 suis
2059 3622 2122 3668 ut

548 3703 874 3759 occubuisse
897 3704 1005 3759 dici
1038 3706 1230 3775 possit.
1272 3704 1485 3775 Quippe
1530 3721 1636 3760 non
1679 3707 1902 3777 triginta
1950 3707 2120 3762 millia

546 3810 776 3851 suorum
798 3796 1066 3850 duntaxat
1092 3798 1277 3852 hostes
1306 3796 1712 3863 desiderarunt,
1744 3814 1931 3852 verum
1955 3800 2119 3853 etiam

547 3887 729 3940 triduo
759 3896 885 3941 ante
919 3900 1229 3956 supremam
1285 3898 1597 3942 nostrorum
1630 3886 1837 3941 cladem
1867 3889 2121 3945 sultanus

548 3975 909 4042 Snleimanes,
940 3976 1169 4031 necdum
1205 3976 1433 4032 viatoria
1471 3978 1539 4032 de
1588 3977 1864 4046 Zigetanis
1892 3978 2097 4046 potitus

549 4069 789 4122 fremens
829 4080 884 4122 et
931 4068 1189 4126 frendens
1242 4070 1515 4125 infelicem
1551 4071 1825 4126 exhalavit
1855 4072 2093 4125 animam

547 4160 681 4228 Ejus
721 4162 905 4216 obitus
960 4164 1221 4233 tantisper
1275 4165 1582 4219 occultatus
1638 4165 1740 4219 fuit
1788 4175 1907 4220 aStu
1947 4165 2121 4218 vafer-

547 4253 671 4307 rimi
706 4254 901 4309 veziris
940 4258 1113 4311 bassac
1148 4254 1523 4321 Mecltetttctis,
1560 4264 1720 4311 nectu
1753 4257 1918 4311 etiam
1949 4254 2123 4309 Sulci-

551 4345 726 4399 manis
756 4346 1028 4402 archiatro
1060 4347 1199 4401 clam
1246 4360 1461 4411 necato,
1513 4362 1581 4402 ue
1632 4363 1726 4416 per
1765 4362 1890 4401 eum
1919 4345 2118 4401 sultani

2218 3162 2527 3233 quiesceret
2554 3178 2568 3215 :
2598 3162 2819 3224 deinde,
2849 3158 3049 3214 multos
3087 3166 3145 3212 ut
3173 3170 3352 3210 annos
3399 3154 3597 3209 vireret
3625 3149 3772 3203 sulta-

2220 3270 2324 3309 nus
2357 3253 2587 3308 Selimes
2622 3252 2798 3311 Chan,
2843 3250 3201 3321 prosperique
3227 3256 3409 3304 status
3462 3246 3772 3300 incremento

2220 3346 2478 3399 continuo
2518 3344 2807 3400 frueretur.

2294 3438 2588 3501 Postridie,
2624 3439 2713 3507 qui
2748 3440 2861 3493 dles
2890 3448 3008 3491 erat
3052 3436 3354 3492 vicesimus
3411 3440 3627 3504 quartus
3657 3429 3755 3493 Sep

2223 3527 2474 3591 tembris,
2517 3542 2549 3582 e
2588 3529 2770 3594 sarujo
2795 3526 3019 3597 prodiit,
3053 3542 3221 3597 seque
3254 3541 3357 3597 per
3382 3524 3564 3581 urbem
3592 3517 3770 3591 populo

2222 3619 2580 3687 spectandum
2614 3619 2883 3674 exhibuit.
2909 3619 3129 3689 Peregit
3155 3628 3206 3674 et
3234 3628 3491 3689 paternas
3508 3610 3767 3679 exsequias

2222 3729 2285 3768 ac
2320 3728 2515 3783 magno
2545 3713 2865 3767 animalium
2906 3727 3135 3767 numero
3172 3724 3338 3776 caeso,
3408 3710 3642 3789 cibisque
3685 3716 3769 3756 co.

2222 3804 2871 3871 ctisitidcminnumeris,
2918 3806 3139 3875 epulum
3201 3804 3435 3859 funebre
3491 3794 3769 3871 quibusvis.

2222 3915 2348 3955 cum
2391 3898 2625 3969 ingentis
2650 3913 2876 3953 summa:
2922 3911 3209 3967 asprorum
3264 3896 3597 3965 erogatione,
3649 3901 3769 3959 pnn-

2223 3992 2362 4046 bnit.
2391 3990 2519 4046 inde
2552 3989 2785 4045 solemni
2814 4004 3035 4059 pompa,
3072 3987 3426 4056 maximoque
3454 3996 3662 4040 suorum
3686 3991 3771 4045 ap-

2222 4085 2439 4155 plause,
2468 4084 2520 4136 in
2565 4082 2807 4151 sarajnm
2837 4083 3023 4136 rediit.

2295 4178 2600 4241 Antequam
2635 4174 2749 4227 haec
2778 4172 2988 4237 fierent,
3016 4187 3110 4241 per
3148 4170 3525 4225 lseltendereut
3575 4165 3767 4219 bassattt

2223 4266 2600 4335 prosultanum
2650 4264 2867 4320 evocari
2907 4278 2972 4318 ex
3007 4262 3263 4318 omnibus
3307 4264 3447 4317 locis
3494 4256 3770 4330 genitaros.

2225 4361 2465 4420 paterna:
2491 4352 2683 4405 mortis
2714 4352 2893 4404 adhuc
2916 4358 3155 4419 ignaros,
3179 4350 3233 4402 in
3260 4348 3518 4417 oppidum
3540 4357 3638 4397 non
3662 4351 3773 4408 pro-

549 4456 701 4494 mors
734 4456 892 4495 emau
914 4459 972 4493 Il"
996 4451 1035 4503 t,
1075 4442 1203 4494 dum
1238 4454 1396 4495 sacer
1432 4439 1552 4509 ejus
1577 4439 1827 4501 Selimes,
1856 4436 2115 4494 Soleima-
2156 4422 2198 4477 ί)
2227 4444 2313 4499 cui
2336 4460 2365 4496 ιι
2388 4442 2861 4512 Constantinopoli
2896 4442 3088 4505 situm,
3125 4441 3229 4495 sub
3264 4450 3520 4510 prmtextu
3550 4424 3770 4489 mittendi

549 4532 636 4586 nis
683 4531 849 4596 filius,
910 4541 1181 4602 occupato
1228 4532 1365 4585 citra
1425 4528 1716 4583 tumultum
1774 4530 2024 4598 imperio,
2056 4529 2123 4582 ad

549 4626 850 4679 exercitum
876 4624 926 4677 in
956 4633 1135 4679 castra
1167 4623 1424 4678 venisset.
1454 4621 1591 4675 Nam
1625 4624 1667 4677 si
1709 4632 1815 4675 tam
1864 4622 2123 4693 genizari,

554 4731 713 4783 quam
745 4716 941 4786 reliqui
980 4717 1204 4776 milites.
1258 4716 1327 4770 de
1381 4726 1557 4771 morte
1602 4716 1804 4771 sultaui
1833 4716 1918 4771 sui
1950 4727 2127 4770 matu-

554 4808 670 4864 rius
699 4811 965 4863 certiores
1013 4809 1139 4865 facti
1173 4810 1439 4873 fuissent,
1482 4826 1679 4878 magno
1714 4812 1767 4865 itt
1798 4810 1997 4866 castris
2036 4826 2129 4864 ex-

553 4902 721 4956 citato
754 4902 1014 4969 tumultu,
1054 4902 1291 4956 tentoria
1338 4902 1733 4972 thesaurosque
1768 4900 1968 4971 regios,
2004 4916 2126 4955 rum

551 4996 992 5051 Christianorum
1028 5002 1081 5048 et
1112 4992 1468 5051 llebrazorum
1518 4995 1701 5057 rebus,
1752 5010 1851 5063 pro
1878 5008 2031 5049 more
2065 4992 2127 5047 li-

530 5090 847 5159 ‘bidineque
884 5104 984 5147 sua
1020 5088 1414 5159 diripuissent,
1451 5103 1517 5145 ac
1542 5089 1733 5160 spoliis
1769 5090 1921 5145 hisce
1947 5089 2124 5153 ditati,

555 5183 792 5238 neminis
820 5184 1153 5238 auctoritate
1179 5182 1452 5237 contineri
1502 5198 1559 5237 se
1599 5182 1835 5252 amplius
1858 5182 1912 5236 in
1948 5182 2128 5237 ofﬁcio

555 5278 699 5345 passi
734 5277 985 5333 fuiSsent.
1016 5275 1149 5343 Qute
1195 5291 1329 5332 sane
1378 5291 1560 5331 rerum
1592 5277 1736 5345 apud
1771 5278 1955 5330 hostes
1994 5290 2125 5331 con-

554 5374 700 5429 fusio
735 5373 1102 5443 militarisque
1162 5370 1411 5434 licentiu,
1472 5370 1849 5425 Maximiliano
1895 5369 2123 5431 Caesari,

558 5464 866 5519 numerosis
895 5463 1060 5534 359
1108 5472 1163 5518 et
1216 5461 1504 5531 exquisitis
1562 5470 1676 5514 toto
1719 5474 1781 5513 ex
1812 5460 1943 5513 orbe
1971 5458 2127 5511 Chri-

558 5558 739 5610 stiano
772 5556 948 5626 copiis
981 5556 1273 5617 instructo,
1314 5558 1554 5623 praebere
1589 5561 1931 5623 peroptatam
1967 5566 2126 5604 occa-

558 5650 767 5703 sionem
812 5651 887 5704 rei
939 5649 1164 5703 feliciter
1198 5650 1445 5714 gerenda:
1490 5647 1773 5716 potuisset.
1808 5644 2125 5699 Exstiuetns

556 5742 658 5796 luit
686 5741 1025 5797 Sulcimanes
1055 5756 1199 5797 anno
1220 5742 1598 5796 Mahumctan»
1620 5740 1725 5795 975
1752 5739 1905 5808 (Chr.
1947 5737 2122 5807 l566).

2230 4536 2295 4589 ad
2330 4535 2669 4590 obsidionem
2728 4533 3045 4603 Zigetanam
3105 4532 3362 4587 militaris
3418 4516 3770 4597 supplementi.

2224 4630 2482 4700 iusserat.
2516 4628 2593 4681 Ad
2619 4643 2712 4681 eos
2748 4625 3042 4681 lschender
3108 4625 3294 4688 hassa,
3358 4618 3672 4686 Selimejam
3694 4623 3773 4680 pa-

2232 4731 2445 4776 ternum
2474 4720 2526 4773 in
2568 4719 2764 4775 solium
2796 4718 3085 4783 collocato,
3141 4717 3209 4771 de
3259 4716 3477 4771 Selimis
3526 4708 3770 4764 νοιυηιθιε

2233 4813 2552 4885 profectus,
2614 4812 2825 4865 obitum
2887 4808 3233 4869 Soleimauis.
3280 4816 3334 4862 et
3397 4798 3769 4861 successionem

2232 4907 2455 4962 Selimis
2483 4907 2724 4975 exponit.
2766 4903 2896 4959 lude
2929 4918 3031 4973 pro
3060 4900 3464 4971 direptionibus
3515 4907 3613 4949 usu
3643 4897 3769 4942 rece-

2234 4998 2338 5068 ptis
2364 4998 2418 5050 in
2463 4996 2611 5049 obitu
2639 4995 2897 5064 principis
2953 4992 3285 5057 Osmanidm,
3354 4999 3568 5046 centum
3620 4976 3765 5068 millia

2231 5063 2749 5141 snltaninorumeis
2809 5084 3003 5138 olfert.’
3047 5081 3164 5135 Non
3216 5083 3424 5150 ingrata
3477 5074 3573 5130 fuit
3610 5063 3764 5124 οηιίο

2231 5177 2407 5231 bassm
2437 5174 2729 5248 genizaris,
2766 5189 2830 5229 ea
2864 5174 2977 5243 lege
3011 5181 3193 5226 tamen
3250 5164 3673 5225 assentientibus,
3712 5159 3764 5207 ll

2231 5268 2496 5337 largiores
2519 5281 2752 5320 annona:
2775 5265 3098 5319 militaturis
3121 5265 3403 5317 darentur.

2303 5360 2533 5417 Selimes
2582 5376 2711 5431 ergo
2733 5358 3005 5428 gcuizaris
3037 5354 3460 5419 inauctoritatis,
3485 5350 3567 5405 die
3587 5337 3763 5399 mens“

2230 5452 2563 5523 Septembris
2588 5453 2844 5505 v;cesimo
2876 5450 3108 5517 septimo
3130 5440 3585 5513 Constantinopoli
3611 5434 3761 5529 disco-

2230 5548 2329 5609 dit,
2358 5558 2411 5600 et
2445 5545 2656 5615 magnis
2691 5544 2976 5599 itineribus
3008 5542 3197 5595 Albam
3223 5540 3460 5596 Cra-cant
3490 5523 3756 5615 contendit.

2231 5640 2366 5691 Cum
2400 5640 2537 5691 istnc
2572 5637 2795 5689 allatum
2860 5645 3044 5705 postea
3099 5630 3420 5687 Soleimanis
3464 5622 3674 5679 cadaver
3706 5611 3756 5661 ⁵η

2238 5733 2429 5783 urbem
2462 5730 2841 5792 dcdnccrctnr,
2886 5726 3049 5795 pedes
3107 5736 3233 5779 ante
3293 5730 3563 5795 paternum
3614 5709 3757 5762 ῐυιιυεο
