4026 6204
333 315 449 381 665

1425 324 1812 387 SUPI’LEM.
1855 328 2140 390 ANNAL.
2168 327 2468 389 TURCIC.

3478 328 3595 392 666

336 425 624 483 incedebat
657 424 843 479 habitu
874 424 1087 495 lugubri
1149 427 1399 486 sultantts
1449 430 1703 499 Selimes,
1733 435 1901 488 eatui-
1936 439 1981 496 Α
2015 443 2262 503 peralore
2288 433 2655 490 Maxintiliano
2711 434 2958 491 subsidia
2994 435 3195 505 majora
3249 438 3508 507 postulat.
3536 441 3587 497 Is

335 519 583 575 tantibus
626 517 820 580 bassis,
862 517 1281 588 Cadilescheris,
1337 524 1659 594 ceterisque
1733 524 1907 595 begis.

332 610 472 667 Inde
492 608 691 666 Cadios
724 611 955 680 populis,
979 622 1297 668 consuetum
1322 614 1631 670 donativum
1651 618 1918 685 genizaris

333 704 513 760 dedit.
543 703 752 766 0nibbs
783 704 1039 772 peractis,
1099 704 1632 776 Constantinopolim
1684 708 1917 763 cadaver

332 808 626 866 paternum
652 798 809 851 avehi
836 797 1021 863 jussit,
1058 807 1110 851 et
1148 798 1201 852 iit
1239 797 1411 862 Zttna,
1459 816 1622 869 quam
1661 802 1775 869 ipse
1806 802 1911 857 sibi

332 888 498 947 vivus
524 898 888 950 exstruxerat,
910 886 1296 943 eondi.Curata
1330 891 1433 943 fuit
1458 907 1518 945 ea
1555 907 1640 945 res
1667 894 1735 948 ab
1762 895 1902 948 Ach-

334 990 484 1033 tnete
515 980 697 1041 bassa,
722 977 1060 1046 Ferhateque
1089 978 1539 1049 Capizilarioruni
1578 985 1713 1052 Agat,
1739 985 1909 1039 dedito

332 1070 590 1125 eentibus
640 1071 789 1140 begis
827 1081 881 1125 et
928 1071 1217 1139 genizaris,
1269 1087 1391 1126 curn
1457 1074 1650 1128 vexillo
1704 1077 1904 1145 regio:

337 1162 666 1230 tandemque
695 1161 781 1214 die
805 1160 1065 1216 vicesimo
1103 1163 1344 1217 secundo
1397 1163 1721 1221 Novembris
1776 1184 1902 1236 per-

335 1269 561 1308 ventum
592 1252 1139 1322 Constantinopolim.
1171 1255 1246 1309 lbi
1278 1256 1441 1310 funus
1473 1267 1757 1324 exceptu'u
1805 1260 1904 1316 fuit

335 1344 784 1413 frequentissimo
806 1361 1078 1401 concursu
1107 1349 1440 1411 mortalium,
1481 1364 1756 1417 pratenaie
1788 1352 1900 1406 llu-

334 1436 476 1503 phti,
493 1437 585 1504 qui
610 1435 751 1504 apud
774 1436 1144 1493 Musulmanos
1179 1438 1388 1504 etjnris
1404 1450 1457 1493 et
1479 1440 1754 1509 religionis
1779 1458 1900 1497 ont-

332 1527 589 1593 ninmque
610 1540 889 1579 sacrorum
918 1541 1007 1579 rex
1027 1535 1110 1582 est
1134 1544 1149 1582 :
1172 1527 1631 1596 subsequentibus
1678 1530 1898 1585 lschrn-

329 1618 459 1670 dere
475 1617 631 1671 bassa
649 1618 989 1685 prosultano,
1013 1618 1411 1686 Di-phtetdaris,
1429 1622 1519 1689 qui
1545 1622 1786 1676 Camer:
1810 1623 1890 1678 vel

328 1709 507 1762 arrarii
533 1708 767 1777 pnefeeti
797 1718 940 1772 sunt,
965 1709 1191 1779 aliisque
1214 1710 1361 1780 begis
1383 1713 1633 1767 omnibus
1657 1714 1893 1783 pullatis,

2023 524 2315 580 Henricum
2351 526 2714 595 Stanpicium,
2746 542 2868 580 eum
2900 527 3047 581 mille
3069 529 3356 584 Germanis
3391 532 3585 599 equiti-

2018 618 2142 676 bus.
2170 632 2263 671 sex
2294 616 2531 684 peditum
2560 616 2793 679 vexillis,
2816 617 3125 686 stipendiis,
3156 629 3208 673 et
3242 636 3457 674 annona
3483 637 3585 675 ne-

2016 706 2275 769 cessaria,
2313 706 2493 760 mittit.
2523 705 2627 761 Sed
2663 706 2815 774 prius
2846 723 3009 773 quam
3036 709 3329 764 auxiliares
3387 711 3467 764 bre.
3488 727 3586 765 co-

2016 796 2117 861 piae
2142 794 2401 850 Tocaium
2430 795 2829 863 pervenissent,
2897 811 3084 864 sparsa
3142 796 3245 850 fuit
3273 798 3327 851 in
3386 802 3584 856 castris

2012 885 2285 940 Erdeliani
2312 886 2475 950 fama,
2503 885 2687 940 decem
2727 886 2892 941 millia
2923 885 3271 953 Tataroruut,
3304 906 3332 941 a
3357 889 3577 956 Selime,

2011 975 2335 1030 defendendi
2372 977 2489 1046 ejus
2510 992 2695 1040 causa,
2726 993 2847 1032 cum
2882 977 3076 1031 Turcis
3103 988 3156 1034 et
3211 978 3460 1035 Valachis
3496 998 3579 1035 re-

2008 1067 2285 1129 lictorum,
2323 1084 2417 1136 per
2444 1069 2774 1127 seditionem
2810 1079 2977 1123 totum
3004 1071 3248 1140 populari
3276 1070 3577 1138 Erdelium,

2007 1177 2071 1216 ac
2107 1161 2348 1215 inaudita
2386 1162 2715 1216 crudelitate
2748 1163 2949 1229 passim
2973 1163 3025 1216 itt
3073 1163 3326 1218 fortunas
3359 1176 3412 1218 et
3450 1182 3576 1220 cor-

2005 1268 2139 1320 pora
2172 1254 2519 1314 miserorum,
2552 1253 2796 1318 cujusvis
2816 1254 2991 1307 aetatis
3022 1263 3075 1306 et
3102 1270 3268 1309 sexus
3304 1257 3574 1323 grassari.

2003 1347 2343 1413 Quapropter
2394 1345 2735 1399 obsidionem
2789 1345 2999 1399 solvere
3046 1357 3271 1399 coactus
3335 1348 3453 1412 fuit,
3511 1365 3577 1402 ne

2002 1434 2129 1486 dum
2159 1432 2281 1485 istic
2305 1432 2420 1501 ipse
2449 1434 2782 1502 pertinacius
2812 1435 3063 1497 lmrerct.
3087 1451 3215 1490 suos
3248 1438 3312 1490 ad
3341 1439 3577 1493 interne-

1998 1527 2209 1582 cionem
2250 1526 2417 1581 deleri
2449 1527 2669 1583 sineret.
2737 1528 2991 1585 Liberato
3050 1532 3118 1583 ab
3167 1532 3349 1585 hostili
3403 1548 3573 1603 Oppu-

1998 1622 2251 1688 gnatione
2276 1620 2494 1689 Tocaio,
2548 1620 2912 1693 Bantingerus
2931 1625 2982 1678 in
3011 1625 3365 1684 abscedentes
3386 1645 3574 1683 erum-

1999 1729 2155 1782 pens,
2177 1714 2424 1783 pluribus
2449 1716 2627 1773 casis.
2664 1716 2904 1783 reliquos
2953 1718 3197 1786 palantes
3225 1728 3277 1773 et
3331 1722 3574 1789 trepidos

330 1816 561 1866 quorum
594 1810 739 1868 terga
775 1800 947 1871 plebis
980 1802 1189 1855 infinita
1237 1803 1529 1856 multitudo
1586 1772 1892 1860 claudebat.
1926 1772 1968 1829 Β
1999 1772 2224 1871 fugavit.
2257 1803 2365 1859 Nec
2398 1820 2585 1873 parum
2608 1772 2897 1859 Erdeli'auo
2930 1772 3054 1862 eum
3094 1810 3246 1865 hisee
3278 1772 3567 1879 Tattai'ieis,

328 1890 647 1960 Exemptam
677 1908 707 1946 e
746 1908 909 1947 curru
933 1894 1267 1962 sandapilam
1304 1894 1383 1948 vel
1443 1911 1624 1949 arcam
1660 1896 1891 1965 ligneam

328 1982 584 2052 praecipui
611 1982 728 2053 begi
764 1997 859 2051 per
881 1984 1052 2049 vices,
1079 1994 1383 2038 erectarum
1413 1986 1464 2038 in
1505 1986 1742 2040 sublime
1773 2002 1892 2039 nta-

328 2089 496 2126 nuum
518 2074 710 2141 palmis
734 2074 1064 2138 sustinuere,
1117 2074 1307 2144 sicque
1346 2090 1442 2145 per
1467 2076 1655 2130 urbem
1718 2086 1895 2145 gesta-

327 2174 454 2218 rttnt
488 2182 503 2218 :
535 2164 1095 2235 ejulantibnsinterim
1120 2165 1466 2227 Talismanis,
1504 2166 1641 2221 etad
1673 2166 1889 2222 Zunam

323 2272 502 2324 usque
536 2259 735 2310 lessnm
779 2256 1092 2325 quemdam,
1124 2256 1506 2313 Mahumetano
1534 2257 1662 2320 ritu,
1687 2257 1891 2312 lamen-

326 2344 479 2397 tabili
515 2359 641 2399 voce
675 2344 1108 2400 concinentibus.
1140 2343 1274 2400 Hine
1306 2345 1608 2413 depositum
1654 2346 1703 2400 in
1738 2346 1888 2402 Zuna

325 2441 577 2501 Cadth'r,
609 2440 869 2494 instratus
898 2438 1189 2509 sandapila:
1213 2455 1422 2506 pannus
1452 2439 1722 2509 cymatilis
1750 2455 1889 2509 prae-

320 2532 713 2595 stantissimus,
748 2541 800 2605 et
832 2547 995 2600 supra
1018 2531 1163 2585 hunc
1185 2531 1327 2586 alius
1347 2544 1484 2584 auro
1518 2532 1879 2597 intertextus;

320 2623 391 2678 ad
430 2623 572 2677 latus
599 2624 793 2679 acina:
828 2623 1057 2693 positus,
1087 2622 1252 2678 index
1280 2623 1518 2692 profusa
1550 2622 1695 2677 bello
1721 2624 1884 2691 vitae;

319 2723 390 2773 a.l
430 2728 592 2787 caput
641 2720 958 2773 collocatum
989 2734 1018 2773 e
1043 2719 1152 2774 lino
1180 2718 1561 2783 subtilissimo,
1594 2718 1757 2788 spiris
1793 2733 1888 2789 ap-

319 2826 491 2869 tatum
525 2813 926 2867 candidissimis
963 2812 1308 2879 tulipanlum,
1335 2828 1440 2879 quo
1466 2813 1618 2865 vivus
1645 2814 1719 2865 uti
1757 2828 1888 2866 con-

318 2915 525 2965 stterat,
569 2920 689 2958 cum
728 2904 897 2973 nigris
929 2903 1215 2957 ardearnm
1252 2904 1444 2972 pennis
1479 2904 1880 2970 selectissimis;

318 3015 457 3068 pone
491 3009 673 3068 Caput,
706 2998 758 3051 iu
802 2997 1117 3066 pavimento
1150 2998 1308 3065 positi
1363 3012 1487 3050 cum
1537 2998 1882 3053 candelabris

1996 1892 2705 1964 Turcicis,Valachicisque
2767 1897 2940 1965 copiis
3010 1901 3208 1967 negotii
3269 1902 3387 1967 fuit,
3439 1919 3562 1958 cum

1993 1986 2404 2054 aliqunteorum
2436 1988 2603 2041 millia
2644 1988 2961 2053 trucidaret,
3001 2006 3065 2046 ac
3094 1990 3352 2050 Varadini
3391 1996 3564 2051 vicis-

1993 2077 2094 2132 sim
2131 2079 2197 2130 ab
2224 2078 2303 2134 eis
2329 2078 2703 2134 obsideretur.
2739 2078 2893 2134 Unde
2924 2083 3049 2151 fuga
3069 2083 3338 2154 dilapsus,
3358 2087 3561 2141 recenti

1991 2181 2176 2225 coacta
2204 2188 2426 2239 suorum
2458 2189 2646 2237 manu,
2690 2189 2883 2230 rursus
2942 2178 3083 2231 haud
3110 2179 3362 2246 exiguam
3421 2181 3564 2248 ipso-

1992 2280 2110 2319 rum
2142 2272 2378 2335 stragem
2400 2266 2573 2320 edidit
2610 2283 2624 2319 :
2679 2282 2786 2337 qua
2825 2269 3046 2323 demum
3079 2270 3279 2337 territi,
3313 2285 3483 2328 semet
3507 2276 3561 2330 in

1988 2351 2266 2408 Podoliam
2298 2364 2352 2408 et
2397 2351 2648 2411 Rossiam
2718 2354 3047 2421 effuderunt,
3102 2357 3191 2411 ubi
3256 2359 3558 2416 crudelium

1988 2446 2287 2501 bt-llnarum
2308 2446 2576 2504 immanes
2596 2447 2837 2516 reliquiae
2869 2446 3084 2503 fortiter
3105 2465 3136 2504 a
3152 2449 3396 2506 Palatino
3424 2450 3563 2507 llos-

1988 2550 2049 2590 so
2084 2552 2171 2589 um
2205 2536 2506 2603 debellatae,
2546 2540 2849 2606 perierunt.

2058 2628 2181 2681 Post
2221 2629 2521 2682 discessum
2555 2628 2966 2695 barbariearum
3002 2640 3054 2687 et
3080 2630 3347 2687 Erdeliani
3371 2634 3556 2703 copia-

1986 2735 2129 2782 rum,
2160 2718 2435 2774 Suendius
2466 2721 2579 2775 suis
2600 2722 2775 2775 media
2802 2723 2993 2777 bruma
3025 2724 3329 2790 productis,
3358 2728 3422 2779 ad
3462 2728 3558 2782 ob-

1983 2810 2267 2866 sidendum
2301 2811 2594 2866 Zatuarttm
2630 2812 2906 2882 profectus
2979 2825 3084 2877 cst,
3137 2830 3375 2871 castrum
3442 2835 3559 2873 mo-

1984 2905 2145 2958 menti
2168 2920 2272 2957 non
2300 2904 2452 2968 levis,
2475 2904 2527 2957 in
2552 2905 2747 2959 Erdelii
2773 2908 2971 2962 linibus
3014 2910 3201 2973 situm,
3228 2910 3369 2974 quod
3396 2912 3564 2964 (icor-

1982 2996 2050 3065 gii
2079 2994 2269 3049 Bebeci
2299 2995 2523 3050 ditionis
2548 3006 2683 3061 erat,
2722 2998 2960 3053 hominis
3017 2998 3237 3067 nefarii,
3304 3004 3396 3069 qui
3444 3004 3560 3069 pri-

317 3094 587 3159 ingentes,
623 3089 943 3160 pyramidali
985 3088 1180 3153 forma,
1242 3089 1462 3143 rotundi
1517 3090 1876 3143 nihilominus
1909 3113 1950 3170 α
1986 3101 2105 3139 mus
2142 3094 2334 3140 auctor
2376 3086 2536 3154 hujus
2585 3088 2723 3140 inter
2751 3086 3019 3141 Caesarem
3085 3088 3550 3161 Erdelianumque

316 3183 484 3249 i-t-rei,
504 3182 595 3250 qui
621 3192 797 3234 tamen
831 3195 1109 3248 nunquam
1130 3180 1350 3233 accendi
1375 3180 1571 3234 solent.
1600 3180 1715 3235 Mox
1735 3182 1883 3235 adhi-

315 3274 414 3329 biti
440 3273 730 3327 Talistnani
756 3282 810 3327 et
833 3271 1049 3342 lloggia:
1072 3275 1433 3345 (sacerdotum
1461 3275 1573 3327 luce
1595 3271 1888 3326 Musulam-

313 3366 403 3418 nis
438 3365 827 3435 suntnomina)
860 3365 949 3430 qui
985 3379 1134 3416 more
1164 3364 1347 3433 gentis
1389 3363 1536 3417 humi
1576 3364 1885 3417 divaricat's

314 3457 568 3511 sedentes
612 3456 885 3518 cruribus,
936 3467 1197 3522 perpetuo
1250 3470 1442 3523 preces
1489 3456 1751 3523 quasdam
1824 3456 1877 3508 in

312 3548 432 3616 ejus
457 3546 605 3600 Zona
641 3549 1025 3601 Illlll'llllll'an'il)
1057 3546 1471 3599 deblaterarent.
1518 3545 1639 3600 Haec
1674 3546 1878 3612 omnia,

311 3656 439 3693 cum
472 3640 656 3692 multis
694 3650 814 3709 post
868 3640 1023 3693 annis
1059 3639 1529 3707 Constantinopoli
1605 3654 1873 3701 essemus,

312 3746 498 3791 coram
525 3732 881 3799 inspeximus.
916 3729 1137 3784 Circum
1194 3730 1529 3797 sandapilam
1597 3728 1790 3796 ipsius,
1826 3737 1879 3780 et

310 3824 431 3874 alize
462 3832 588 3876 sunt
621 3821 938 3890 sandapilae,
978 3832 1084 3874 tam
1120 3821 1346 3874 sultame
1377 3821 1463 3889 (de
1486 3838 1590 3890 qua
1616 3821 1875 3889 diximus)

310 3914 521 3975 flossm,
568 3929 730 3982 quam
802 3913 1094 3967 liberorum
1145 3915 1491 3968 Soleimanis.
1540 3915 1871 3968 Acciderunt

307 4009 426 4061 haec
462 4024 603 4060 anno
627 4005 1005 4061 Mahutnetano
1034 4008 1137 4061 975
1180 4007 1330 4076 (Chr.
1370 4007 1549 4074 1566).

384 4099 589 4154 interea
624 4100 873 4165 Sclimcs,
908 4102 976 4154 ob
1008 4102 1205 4155 hiemis
1232 4101 1562 4155 imminentis
1608 4101 1874 4168 asperita-

308 4204 441 4256 tem,
467 4191 756 4257 Ungariant
791 4192 1010 4261 reliquit
1043 4209 1057 4244 :
1094 4204 1142 4243 et
1174 4193 1458 4245 Pcrtavum
1499 4192 1741 4253 bassatn,
1786 4208 1873 4245 sa-

309 4286 380 4335 iis
433 4283 645 4344 mantis
716 4300 835 4334 t‘lllll
894 4282 1215 4347 'fttrcnrttzn,
1490 4280 1869 4345 Valucltnrttni,

308 4376 745 4443 'l'atarorumque
770 4374 964 4443 copiis,
1004 4375 1290 4427 Erdeliano
1338 4375 1490 4442 hego,
1518 4375 1610 4442 qui
1674 4374 1869 4425 bellum

1992 3177 2110 3231 belli
2136 3179 2437 3231 exstiterat.
2460 3177 2716 3245 .Bebecus
2743 3178 2855 3246 jam
2894 3189 3019 3233 ante
3047 3192 3329 3249 perspecta
3349 3178 3557 3236 victrici

1990 3269 2145 3321 toties
2174 3269 2372 3322 virtute
2399 3269 2727 3337 fortunaque
2750 3270 3016 3345 ‘Suendii,
3044 3272 3186 3338 quod
3230 3288 3556 3342 magnopere

1989 3376 2052 3410 ιιι·
2078 3369 2270 3421 ιιιιιτιιῑ,
2306 3374 2370 3412 ne
2402 3368 2589 3412 castro
2614 3369 2948 3427 expugnato,
2976 3360 3027 3411 in
3050 3359 3405 3414 Maximiliani
3445 3380 3558 3415 nia-

1988 3467 2107 3510 nus,
2145 3467 2264 3502 rum
2313 3451 2709 3518 priesentivitre
2762 3450 3024 3519 periculo,
3080 3452 3336 3506 veniret:
3389 3469 3563 3508 uxore

1987 3530 2299 3609 finiiliaque
2330 3540 2547 3594 Zatuuri
2574 3555 2696 3592 cum
2736 3540 2991 3607 praesidio
3032 3541 3250 3602 relicta,
3289 3541 3427 3611 fuga
3460 3544 3553 3596 be-

1986 3634 2178 3687 neficio
2217 3634 2380 3688 saluti
2432 3650 2544 3688 sua:
2597 3643 2807 3687 mature
2862 3634 3163 3688 consuluit.
3220 3635 3560 3703 Aliquandits

1982 3727 2334 3796 p-r5titerunt
2384 3727 2438 3779 in
2524 3726 2807 3780 obsidione
2873 3727 3151 3779 toleranda
3209 3728 3559 3795 przrsidiarii,

1980 3820 2124 3890 quod
2156 3819 2417 3875 machinie
2445 3818 2650 3873 bellica:
2676 3819 2808 3871 nihil
2866 3836 2962 3873 nec
3016 3820 3174 3889 ipsis,
3226 3837 3325 3874 nec
3369 3834 3556 3875 eistro

1978 3914 2161 3968 d.‘mni
2188 3914 2315 3966 dare
2344 3922 2587 3981 possent.
2624 3911 2723 3964 Cui
2762 3911 2905 3964 Sum
2933 3913 3041 3965 lius
3090 3914 3431 3965 incommodo
3462 3931 3550 3966 re-

1981 4004 2213 4058 medium
2242 3990 2594 4079 ﬂlﬂCSlflll‘lIS,
2627 4005 2754 4056 dum
2794 4004 3028 4072 ipsemet
3093 4005 3275 4056 oinnia
3333 4004 3547 4058 circum

1975 4111 2156 4151 arcem
2188 4097 2304 4149 loca
2338 4097 2629 4164 perlustrat
2654 4103 2708 4149 et
2732 4096 3002 4164 explorat,
3029 4098 3243 4165 agnitus
3271 4095 3338 4149 ab
3375 4096 3551 4150 hosti-

1979 4189 2076 4242 bus
2110 4206 2173 4243 ολ
2198 4188 2390 4259 insigni
2414 4191 2733 4257 proceritate
2764 4190 3025 4258 corporis,
3052 4206 3157 4257 qua
3187 4190 3345 4259 longe
3379 4206 3548 4260 supra

1977 4289 2199 4335 Caeteros
2232 4282 2523 4339 eminebat.
2548 4282 2722 4350 deque
2752 4282 3045 4335 comitatus
3076 4281 3410 4350 frequentia,
3447 4299 3547 4352 pa.

1978 4388 2096 4426 rum
2132 4374 2354 4427 omnino
2395 4372 2588 4435 abfuit,
2642 4373 2768 4441 quin
2824 4373 3117 4426 discrimen
3164 4374 3287 4426 vite
3345 4374 3545 4428 adiret.

305 4478 497 4517 contra
540 4466 963 4521 Maximiliauum
1023 4466 1475 4535 prosequebatur.
1540 4466 1730 4518 adesse
1759 4439 2185 4531 jus-"Potitus
2206 4466 2349 4517 enim
2401 4465 2577 4533 globis
2638 4465 2845 4532 aliquot
2905 4464 3274 4517 torutentariis
3327 4465 3449 4529 fuit,
3518 4482 3551 4519 c

306 4564 401 4613 sit.
436 4560 657 4612 Dolebnt
693 4554 1004 4623 Erdeliano,
1037 4558 1339 4611 Stteuditttn
1394 4572 1539 4611 anno
1590 4557 1873 4625 superiore

305 4656 519 4720 cepisse
542 4654 822 4709 'focainm.
858 4652 1038 4719 inquo
1069 4650 1285 4719 triginta
1322 4651 1529 4717 majora
1553 4650 1874 4717 minoraque

309 4751 581 4795 tormenta
615 4743 827 4806 bellica,
864 4754 1055 4811 prasler
1085 4742 1358 4811 ingentem
1384 4756 1560 4794 rerum
1613 4740 1753 4793 bello
1788 4757 1877 4792 nc-

308 4834 693 4894 eessariarum,
730 4846 1068 4901 annonzrque
1105 4833 1319 4901 copiam
1352 4832 1665 4900 reperisset.
1727 4831 1872 4896 Qua-

310 4936 531 4992 propter
565 4941 684 4977 eam
709 4941 888 4979 arcem
921 4941 1246 4993 temperare
1274 4926 1489 4987 statuit,
1514 4927 1690 4995 magni
1722 4926 1873 4978 selli-

306 5026 389 5068 cet
427 5018 632 5069 sitasad
657 5032 745 5069 res
776 5020 1049 5081 tulandas,
1084 5018 1164 5069 vel
1187 5018 1534 5086 prolatandas
1573 5018 1871 5073 momenti:

304 5109 449 5176 quod
481 5120 620 5161 esset
650 5108 702 5160 in
742 5108 988 5178 Ungaria
1017 5110 1117 5161 siti
1176 5108 1465 5172 limitibus,
1514 5120 1568 5163 et
1622 5108 1823 5163 Erdelii
1854 5127 1869 5175 ς

303 5199 525 5253 duobus
543 5198 797 5253 atunibus
841 5199 1201 5263 circumdata,
1256 5198 1474 5254 Tiliisco
1507 5210 1559 5254 et
1599 5198 1870 5270 Bodrogo.

306 5291 529 5344 Mditeut
562 5306 715 5357 ergo,
734 5307 857 5345 cum
891 5292 1191 5359 majoribus
1208 5292 1394 5345 decem
1420 5293 1686 5346 machinis
1710 5294 1872 5348 adhi-

305 5382 419 5443 bet,
456 5382 713 5448 omnique
748 5381 795 5431 \‘i
822 5391 873 5432 et
898 5381 1094 5449 impetu
1139 5396 1453 5449 oppugnare
1513 5381 1872 5437 munitionem

308 5474 525 5541 incipit.
552 5472 623 5526 Ex
659 5472 824 5525 altera
855 5482 1007 5540 parte
1040 5472 1314 5526 Suenditts
1352 5488 1469 5525 eam
1526 5472 1751 5526 minime
1781 5472 1875 5527 de-

303 5564 593 5619 serendatn
627 5572 793 5620 ratus.
830 5578 952 5617 cum
979 5563 1081 5617 alia
1120 5562 1422 5616 defensioni
1467 5571 1623 5631 parat
1656 5563 1871 5628 idonea,

300 5656 506 5727 quibus
524 5654 728 5710 Jacobo
768 5655 1112 5724 ltantingero,
1138 5654 1297 5724 cujus
1326 5658 1437 5724 ipse
1469 5656 1589 5709 lidci
1611 5654 1871 5712 Tocaium

303 5750 679 5809 commiserat,
724 5746 777 5800 iu
804 5756 1045 5817 tempore
1078 5758 1465 5802 succurreret:
1532 5755 1643 5801 tum
1678 5746 1744 5801 ab
1773 5747 1873 5801 im-

1979 4556 2243 4610 machinis
2284 4570 2391 4608 non
2428 4554 2680 4619 modicis,
2712 4570 2943 4623 quorum
2980 4555 3433 4608 uuusbumeruni
3468 4556 3543 4609 ita

1976 4648 2214 4708 strinxit,
2249 4656 2307 4700 ttt
2344 4648 2506 4700 etiam
2536 4646 2697 4699 vestis
2733 4646 2852 4714 ejus
2900 4644 3022 4712 igne
3084 4653 3369 4712 concepto,
3403 4650 3543 4711 quod

1976 4752 2119 4799 esset
2146 4743 2211 4797 ad
2243 4744 2544 4812 pellendum
2586 4742 2757 4812 frigus
2787 4738 3078 4795 hibernum
3109 4741 3328 4795 suffulta
3395 4740 3548 4809 pelli-

1977 4835 2096 4898 bus,
2132 4833 2381 4907 arderet._
2402 4830 2771 4885 Nihilominus
2803 4832 3182 4886 commodiore
3206 4847 3301 4892 pro
3330 4830 3541 4885 lliﬂCili‘

1976 4926 2059 4978 nis
2094 4934 2308 4992 reperto
2335 4923 2475 4987 loco,
2502 4932 2555 4976 et
2582 4922 2654 4976 iis
2687 4938 2809 4975 mox
2839 4922 2892 4975 itt
2928 4923 3102 4982 illum,
3166 4940 3361 4985 magno
3417 4938 3539 4974 cuin

1976 5018 2210 5071 militum
2247 5016 2450 5079 labore,
2478 5029 2614 5083 quos
2649 5016 2699 5067 iit
2733 5014 2931 5077 oﬂieio,
2966 5015 3011 5070 si
3052 5016 3343 5083 quisquam
3376 5015 3539 5076 alius,

1976 5109 2063 5163 hic
2082 5125 2215 5163 sane
2243 5108 2350 5161 dux
2383 5110 2665 5161 continere
2698 5109 2889 5177 potuit,
2919 5108 3232 5166 translatis;
3270 5107 3333 5159 ad
3362 5115 3544 5159 extre-

1977 5215 2118 5253 mam
2187 5198 2388 5252 rcdarti
2434 5198 2869 5267 desperationem
2922 5196 3267 5266 praesidiarii,
3320 5194 3540 5262 conjugi

1977 5288 2265 5358 perduellis
2297 5303 2359 5342 ac
2394 5286 2609 5341 familia:
2649 5288 2861 5356 sibique
2890 5288 3119 5339 salutem
3149 5294 3201 5338 et
3254 5284 3544 5337 incolumi-

1978 5388 2139 5433 tatem
2176 5380 2517 5447 pepigerunt,
2555 5388 2716 5447 atque
2750 5377 2822 5430 ita
2863 5387 3103 5430 castrum
3128 5374 3541 5428 Snendiodedi—

1975 5470 2191 5524 derunt.
2220 5469 2266 5524 ls
2298 5488 2423 5523 vero
2457 5487 2557 5522 non
2586 5478 2789 5521 tantum
2811 5478 2959 5536 pacta
2987 5477 3249 5521 entirenta
3280 5464 3543 5519 dedititiis

1978 5562 2117 5616 bona
2148 5560 2248 5615 fide
2285 5562 2541 5623 servavit,
2563 5561 2653 5613 sed
2689 5558 2851 5611 etiam
2883 5557 3070 5611 Belieci
3093 5558 3377 5626 conjugem
3415 5571 3540 5609 cum

1978 5653 2176 5704 mundo
2206 5668 2304 5705 suo
2326 5650 2572 5704 muliebri
2594 5660 2643 5703 et
2665 5650 2785 5703 anis
2812 5650 2971 5703 rebus
3005 5666 3138 5719 quas
3159 5650 3353 5703 eliaras
3375 5650 3540 5702 Imbe-

1978 5745 2066 5798 bat
2101 5745 2246 5799 abire
2278 5744 2425 5799 onmi
2450 5743 2653 5815 absque
2693 5740 2889 5813 injuria
2950 5759 3141 5815 passus
3160 5752 3260 5798 est.
3320 5742 3535 5797 Potitus
