4026 6204
533 330 638 393 667

1724 341 2051 402 JOANNIS
2084 347 2541 409 LEUNCLAVII

3643 349 3736 412 (-68

532 434 633 493 fuit
673 438 906 495 Zatuaro
933 440 1203 497 Suendius
1239 442 1341 497 :uh
1369 444 1607 499 medium
1636 462 1874 504 mensem
1904 449 2090 504 Janua-

2205 472 2306 520 qna
2340 457 2658 515 Erdelianns
2686 459 2848 513 etiam
2875 457 3449 528 comprehcndebatur.
3487 458 3602 527 Ejus
3626 477 3734 515 cum

532 532 674 585 rimn
708 548 852 587 anno
884 532 1265 587 Mahumetano
1294 535 1399 589 974
1430 536 1581 607 (Chr.
1608 539 1791 609 1567).

604 621 722 675 Non
748 638 941 693 magno
956 633 1076 692 post
1103 636 1317 693 captum
1338 627 1627 683 Zatuarum
1656 632 1915 700 temporis
1936 633 2104 687 inter-

532 716 679 784 jeeto
700 717 875 783 spatio
919 715 1194 771 Sttendius
1225 719 1318 788 qui
1373 720 1571 774 bellum
1616 720 1668 775 itt
1750 724 1947 777 Erdelii
1981 724 2103 777 tini-

535 807 639 860 bns
668 823 853 874 gerere.
883 824 991 862 non
1022 809 1326 873 desinebat,
1350 813 1495 866 nulla
1522 812 1739 883 frigoris
1778 815 1989 869 hiberni
2019 832 2102 869 ra-

536 898 680 951 tione
714 899 921 965 habita,
954 900 1292 956 Muncazium
1323 918 1447 957 eum
1475 906 1590 959 suis
1624 907 1864 971 obsedit,
1922 908 2099 961 locum

539 991 966 1045 inimitissimutn
1000 1001 1054 1046 et
1087 994 1210 1047 huic
1234 995 1373 1049 bello
1398 996 1880 1069 con‘tieiundo‘cutn
1910 1000 2100 1067 primis

538 1080 830 1134 idoneum:
883 1085 1039 1152 cujus
1095 1085 1413 1153 praesidiarii
1475 1088 1636 1141 vitam
1704 1088 2102 1159 facultatesipte

536 1174 713 1225 salvas
746 1174 887 1242 pacti
920 1174 1249 1229 deditionem
1306 1178 1572 1235 fecerunt.
1614 1178 1687 1233 Ea
1723 1169 1807 1234 res
1854 1182 2098 1234 animum

537 1262 808 1317 Erdeliaui
843 1265 1070 1319 miritice
1096 1268 1459 1335 perturbavit,
1491 1286 1589 1325 nec
1640 1273 1821 1326 minus
1851 1275 2100 1329 accendit

538 1367 595 1408 ut
625 1358 752 1412 totis
782 1359 990 1413 viribus
1044 1362 1301 1416 amissam
1344 1350 1719 1420 ’munitionem
1771 1381 2101 1435 recuperan-

535 1449 657 1501 dam
703 1459 980 1506 statueret.
1019 1450 1134 1505 Non
1174 1457 1315 1507 enim
1371 1454 1558 1524 ignora
1600 1456 1709 1520 bat,
1764 1456 1863 1511 hac
1915 1468 2099 1529 patere

533 1540 823 1592 transitum
857 1540 908 1593 in
934 1540 1211 1596 Poloniam
1239 1554 1291 1598 et
1315 1543 1559 1600 ltossiam
1585 1563 1782 1616 :seque
1810 1549 2095 1619 praepediri

533 1640 800 1697 occupato
827 1630 1130 1699 Muncazio,
1169 1650 1277 1704 quo
1307 1636 1487 1691 minus
1516 1638 1568 1691 in
1604 1648 1880 1708 posterum
1917 1642 2098 1697 subsi-

532 1722 739 1776 diarins
769 1740 799 1777 e
830 1740 1000 1793 regno
1030 1725 1266 1783 Potentia:
1292 1729 1480 1797 copias
1505 1731 1704 1786 habere
1727 1742 1909 1802 posset
1938 1752 1959 1790 :
1988 1737 2093 1791 nisi

533 1832 628 1868 cas
661 1831 757 1884 per
778 1816 1097 1872 Moldaviam
1130 1822 1296 1877 variis
1331 1823 1649 1893 ambagibus
1666 1835 1721 1880 et
1741 1827 1935 1884 itinere
1960 1830 2098 1884 ditii-

532 1908 621 1962 eili
678 1912 862 1965 venire
891 1912 1067 1966 vellet.
1128 1918 1191 1966 At
1246 1930 1351 1969 neu
1394 1925 1686 1972 contentus
1742 1921 2099 1988 occupatione

536 2000 800 2055 Muncazii
836 2005 1130 2067 Snendins,
1165 2023 1288 2074 mox
1317 2007 1475 2061 etiam
1499 2023 1701 2062 corona
1731 2010 1953 2066 militari
1981 2030 2098 2066 tnu-

531 2090 791 2144 nitionem
822 2093 1139 2150 llustianam
1160 2100 1375 2167 cingere
1406 2102 1663 2168 perrexit.
1693 2101 1845 2169 Quod
1878 2106 2095 2176 quidem

533 2196 637 2235 non
671 2181 989 2238 Erdelianus
1023 2198 1229 2242 tantum
1283 2192 1518 2258 graviter
1545 2207 1605 2246 ac
1662 2196 1884 2250 moleste
1930 2198 2093 2264 tulit,

533 2290 720 2327 verum
754 2279 915 2330 etiam
952 2277 1218 2334 Budcnsis
1242 2283 1397 2336 bassa
1426 2302 1437 2336 :
1475 2289 1567 2352 qui
1599 2284 1741 2340 datis
1761 2286 1826 2340 ad
1854 2287 2095 2357 impera-

534 2377 702 2420 torem
743 2368 1168 2423 Maximilianum
1199 2373 1576 2441 frequentibus
1633 2376 1720 2428 litt
1759 2378 1832 2431 ris
1888 2379 2094 2433 hortari

530 2475 638 2512 non
668 2460 920 2514 cessabat
944 2473 1044 2515 uta
1072 2473 1246 2532 empta
1275 2444 1560 2519 obsidione
1591 2467 1892 2522 Sucndium
1922 2468 2096 2523 disce-

527 2557 656 2607 dere
676 2554 895 2622 juberet
922 2573 985 2608 ne
1014 2556 1328 2610 inchoatum
1352 2558 1501 2626 pacis
1520 2561 1908 2627 componendte
1936 2577 2094 2630 uego-

529 2647 665 2698 tium
702 2646 1073 2716 impediretur.
1099 2648 1271 2702 Simul
1315 2650 1476 2703 etiam
1529 2651 1645 2706 suis
1687 2652 1738 2706 in
1800 2655 2091 2708 Consilium

532 2740 790 2795 adhibitis
819 2741 1158 2794 deliberabat
1185 2757 1200 2804 ;
1233 2756 1469 2809 quanam
1494 2745 1576 2794 via
1605 2755 1791 2811 posset
1854 2746 2092 2800 obsessis

529 2847 686 2899 opem
727 2831 888 2885 ferre.
925 2833 1167 2901 Cumque
1198 2834 1304 2900 iatn
1360 2836 1564 2903 pridetn
1599 2835 1667 2887 de
1731 2835 1880 2888 hisce
1931 2837 2093 2891 rebus

529 2923 784 2977 omnibus
816 2926 881 2977 ad
926 2926 1199 2979 sultanum
1256 2926 1510 2980 Selimcm
1540 2927 1811 2992 retulisct,
1846 2930 2093 2999 indigna-

478 3028 481 3031 ‘
531 3028 621 3068 tus
656 3016 1062 3071 illel’ertavnm
1107 3019 1323 3072 bassam
1390 3021 1693 3074 exercitum
1747 3038 1905 3075 suum
1962 3039 2086 3076 cum

2205 549 2325 600 alue
2355 549 2497 612 leges
2528 559 2583 604 et
2606 551 2945 605 comlitioncs
2969 561 3143 614 erant,
3163 564 3274 606 tum
3306 551 3383 605 uti
3407 552 3623 620 quisque
3648 553 3735 605 sibi

2208 640 2463 694 retineret
2494 642 2759 712 quidquid
2798 658 2862 698 eo
2898 643 3038 697 bello
3067 645 3322 713 cepisset.
3350 644 3409 698 Id
3467 660 3590 698 vero
3636 646 3739 713 plu-

2204 732 2401 785 rimmn
2441 734 2795 788 Maximiliani
2840 737 3001 791 rebus
3029 735 3250 806 profuit.
3294 735 3425 789 Nam
3454 737 3582 790 lines
3624 751 3739 789 suos

2204 839 2365 893 opera
2395 827 2622 882 Sucntlii
2671 830 2753 882 sic
2814 808 3124 899 ampliarat,
3181 839 3236 881 ttt
3299 829 3371 883 ad
3410 827 3737 897 quadraginta

2206 915 2455 969 milliaria
2479 917 2801 973 Germanico
2834 920 2915 974 cis
2945 932 3001 972 et
3032 919 3174 973 ultra
3219 917 3496 974 Tibiscmn
3531 920 3632 972 late
3656 919 3735 970 do.

2206 1009 2680 1079 tuiuareturzqna
2736 1011 2954 1078 quidem
3008 1013 3060 1064 in
3124 1013 3344 1081 regione
3400 1011 3578 1065 multa:
3629 1018 3739 1063 sunt

2204 1116 2379 1163 arces,
2412 1102 3231 1171 nml‘t:etnunitionesinsignes,
3287 1105 3475 1170 partim
3517 1104 3740 1155 abhoste

2204 1203 2394 1259 capue,
2448 1195 2644 1261 partim
2702 1194 2856 1248 faece
2925 1194 3201 1263 diligentia
3268 1194 3516 1257 Snendii,
3566 1196 3738 1263 partim

2205 1285 2666 1340 inclioatzmlitem
2728 1295 2783 1341 et
2816 1286 2996 1342 aerarii
3055 1288 3174 1340 novi
3232 1287 3536 1350 (Cameram
3602 1288 3740 1353 vulgo

2205 1376 2423 1442 vocant)
2457 1379 2508 1432 itt
2546 1379 2612 1433 iis
2645 1380 2776 1433 locis
2813 1388 3006 1434 auctor
3027 1380 3261 1441 exstitit,
3290 1381 3356 1434 de
3383 1396 3488 1446 quo
3513 1395 3613 1431 non
3642 1381 3741 1431 leve

2203 1470 2506 1525 subsidium
2536 1472 2765 1540 publicis
2795 1470 2958 1525 rebus
2984 1474 3237 1534 accessit,
3297 1473 3511 1532 castris,
3536 1470 3741 1537 aliisque

2206 1560 2429 1617 munitis
2454 1562 2605 1627 locis,
2639 1556 2760 1616 cum
2834 1562 3062 1632 imperio
3118 1563 3441 1625 Germanos,
3498 1563 3648 1627 iustis
3697 1570 3743 1614 et

2205 1650 2459 1720 gravibus
2498 1651 2564 1707 de
2594 1652 2794 1715 causis,
2832 1653 3073 1723 pra‘t‘ecit
3098 1672 3111 1687 ·
3173 1664 3341 1709 totam
3377 1654 3597 1719 denique
3642 1668 3740 1705 rem

2133 1780 2174 1839 Β
2210 1745 2541 1801 limilaneatn
2580 1756 2804 1800 matura-
2837 1745 3196 1814 provizlentia,
3249 1756 3359 1799 tam
3389 1744 3443 1800 in
3489 1744 3739 1815 Ungarire,

2204 1851 2363 1904 quam
2398 1836 2585 1891 vicinae
2616 1836 2813 1907 Styrize
2839 1837 3037 1891 tinibus
3063 1838 3351 1894 constituit
3379 1853 3395 1892 :
3425 1852 3567 1891 anno
3627 1836 3739 1900 975,

2199 1926 2376 1982 ct976
2406 1927 2558 1997 (Chr.
2601 1927 2738 1983 1568
2772 1937 2820 1982 et
2858 1927 3041 1996 1569).

2274 2038 2383 2093 lloc
2412 2055 2557 2094 anno
2595 2040 2698 2096 976
2752 2042 2904 2105 (Chr.
2937 2042 3094 2104 1599)
3158 2041 3647 2110 splendidissimum
3697 2049 3743 2093 et

2200 2131 2681 2186 instructissimum
2711 2131 2951 2187 Venetiis
2973 2116 3182 2195 navale.
3215 2133 3321 2188 sub
3342 2133 3571 2187 medium
3607 2148 3740 2184 men-

2199 2239 2314 2278 sem
2365 2224 2763 2292 Septembrem.
2822 2240 3054 2279 accenso
3104 2224 3463 2278 tormentario
3520 2222 3742 2293 pulvere,

2201 2314 2438 2368 maximo
2468 2331 2589 2368 cum
2640 2316 2948 2383 reipublicae
3005 2315 3336 2370 detrimento
3388 2312 3741 2383 conﬂagravit.

2199 2400 2398 2456 Ibidem
2432 2413 2538 2457 tam
2568 2405 2618 2457 in
2655 2406 2812 2467 urbe,
2849 2420 3013 2474 quam
3047 2414 3190 2459 terra
3251 2405 3587 2463 continente,
3639 2402 3740 2455 diu-

2198 2501 2359 2547 turna
2383 2506 2435 2547 et
2478 2495 2736 2549 inusitata
2772 2497 3016 2564 quantam
3074 2504 3191 2550 erat
3224 2510 3475 2569 annona:
3500 2494 3740 2548 charitas.

2196 2582 2557 2649 Quamobretn
2604 2586 2854 2640 sultanus
2909 2584 3159 2649 Selimes,
3218 2585 3349 2639 licet
3412 2584 3563 2639 initio
3609 2582 3740 2650 regni

2197 2692 2407 2743 pacem,
2436 2692 2464 2728 a
2494 2678 2801 2730 Soleintaae
2822 2685 2975 2747 patre
3000 2694 3121 2732 cum
3146 2664 3372 2732 Venetis
3408 2678 3757 2743 initam,ron--

2197 2770 2463 2831 ﬁrmasse,
2499 2780 2678 2822 tamen
2714 2770 2795 2824 vel
2828 2772 3127 2826 ambitione
3151 2771 3395 2841 propria,
3428 2771 3504 2825 vel
3536 2785 3739 2825 suorum

2197 2863 2455 2929 impulsu,
2480 2863 2559 2917 vel
2584 2864 2685 2915 hoc.
2705 2860 3031 2917 Venetorum
3057 2864 3284 2916 adverso
3309 2878 3437 2916 casu
3462 2874 3739 2929 permofus,

2193 2952 2394 3007 bellum
2430 2955 2507 3008 eis
2542 2953 2743 3009 inferre
2774 2954 2986 3017 statuit,
3013 2954 3241 3022 quresito
3275 2961 3562 3021 praetextu,
3595 2947 3736 3018 quasi

2194 3045 2431 3115 Cyprum
2467 3046 2614 3100 nullo
2642 3045 2762 3114 jure
2794 3045 3158 3114 possiderent,
3196 3060 3322 3113 qum
3352 3044 3422 3099 ob
3453 3042 3740 3098 successio-

532 3106 806 3159 ltomaniae
841 3108 1141 3176 beglerhegi
1208 3109 1377 3175 copiis
1402 3110 1753 3177 conjunctum
1810 3112 1860 3165 in
1913 3113 2089 3183 Unga-

2198 3152 2321 3191 nem
2382 3138 2557 3205 gentis
2613 3137 3033 3193 Osmanidarum
3094 3136 3147 3190 in
3209 3135 3338 3205 jura
3414 3136 3738 3189 sultanorum

532 3200 662 3251 riam
695 3200 852 3269 3‘61
886 3201 1083 3253 dueere
1139 3200 1327 3270 jussit.
1360 3200 1663 3269 Utrumque
1698 3212 1875 3255 tamen
1906 3205 1973 3258 ab
2005 3204 2087 3259 in-

531 3291 717 3346 Stitota
754 3292 983 3345 Selimes
1005 3293 1349 3358 expeditione
1385 3310 1506 3346 mov
1536 3298 1828 3361 revocavit,
1859 3313 1983 3352 cum
2009 3298 2091 3352 itt-

527 3384 840 3446 lelleiSscl,
903 3383 1215 3437 Verantiuut
1291 3385 1605 3451 Agriettsetu
1669 3390 1977 3456 prresulem,
2036 3399 2092 3444 et

524 3474 635 3525 Cir
659 3490 683 3527 s
714 3476 977 3538 ομιδωτιιιη
998 3473 1409 3528 Tit'etnbachum
1428 3478 1711 3544 baronem,
1727 3476 1933 3533 Vienna
1951 3480 2091 3535 Con-

523 3566 932 3620 stantinooolim
965 3566 1263 3634 ablegatos,
1316 3567 1381 3619 ad
1410 3583 1468 3621 se
1496 3571 1844 3625 centendere.
1883 3570 2088 3637 Quam-

526 3658 713 3707 obrem
756 3667 808 3707 et
842 3656 1108 3712 Budensis
1146 3658 1325 3720 bassa,
1360 3659 1542 3713 missis
1590 3660 1655 3713 ad
1708 3661 2087 3730 imperamrem

530 3748 768 3800 Maximil
795 3764 957 3801 unum
984 3749 1302 3803 muneribus
1328 3750 1700 3818 amplissimis,
1762 3752 1915 3820 petiit
1948 3794 1963 3817 ,
2022 3769 2089 3808 ne

526 3840 735 3893 turbari
768 3840 915 3908 pacis
949 3841 1325 3894 tractationem
1384 3850 1676 3909 pateretur.
1715 3843 1823 3896 Sua
1867 3845 2085 3914 quidem

523 3950 589 3986 ex
617 3940 765 4000 parte
794 3934 1034 3985 futurum
1066 3934 1279 3999 agebat,
1336 3945 1392 3986 ut
1439 3933 1577 4002 palis
1633 3935 2088 4005 transtigerentnr

521 4039 735 4081 Olttttt‘S,
761 4025 851 4093 qui
879 4038 972 4092 per
990 4024 1220 4080 Caesaris
1249 4025 1385 4078 lines
1438 4026 1779 4081 excurrendo
1827 4028 2086 4083 damnum

521 4114 817 4167 dedissent.
876 4113 997 4167 llzec
1047 4114 1133 4168 ille
1185 4116 1458 4170 multoties
1504 4116 1880 4185 pollicebatur,
1934 4120 2089 4175 sede

520 4209 623 4260 divi
647 4222 738 4260 rso
771 4208 940 4260 duces
970 4204 1264 4268 Erdeliani.
1323 4222 1446 4262 cum
1500 4210 1797 4264 buendium
1838 4211 2087 4267 viderent

519 4303 717 4355 abiisse
766 4300 1106 4355 (Iassoviam.
1140 4316 1206 4354 ne
1245 4315 1394 4369 spem
1454 4302 1602 4370 pacis
1654 4301 2082 4359 interturbaret:

519 4391 759 4446 cotleetis
784 4406 886 4443 non
909 4389 1118 4457 magnis
1138 4391 1333 4458 copiis.
1359 4390 1715 4459 impressione
1735 4408 1831 4446 nec
1863 4396 2081 4462 opinata

522 4485 814 4538 itis-narum
854 4484 1030 4538 adorti
1064 4493 1340 4551 ceperunt,
1365 4486 1639 4552 occupatis
1665 4485 1823 4537 etiam
1857 4487 2081 4543 thermis

516 4594 654 4646 quas
684 4576 905 4629 Rivulos
927 4576 1276 4630 Domitiorum
1302 4577 1591 4645 appellant.
1614 4577 1719 4630 llas
1748 4579 1892 4630 enitn
1914 4576 2083 4633 Sueu-

520 4670 644 4721 dins
692 4677 818 4721 ante
854 4666 1135 4720 biennium
1168 4667 1247 4721 eis
1271 4668 1564 4721 ademerat.
1626 4668 1678 4721 ω
1733 4669 1821 4721 ubi
1879 4670 2080 4724 faettnn

524 4756 769 4809 ttnlmrus
802 4757 1028 4824 accepit,
1052 4757 1259 4824 legatus
1288 4756 1534 4819 Suendii,
1581 4774 1788 4826 magum
1821 4760 1901 4812 vir
1932 4761 2083 4814 belli-

516 4849 597 4903 cis
627 4849 679 4902 in
713 4849 874 4903 rebus
899 4848 1198 4913 industrize,
1229 4864 1351 4903 mox
1383 4865 1504 4903 cum
1533 4851 1694 4919 justis
1718 4853 1957 4921 equitum
1992 4869 2083 4922 pe-

516 4942 799 5008 ditumque
826 4940 1001 5009 copiis
1025 4942 1283 5007 accurrit,
1309 4951 1362 4996 et
1394 4944 1642 4998 hostibus
1700 4942 2078 5013 inexspectato

518 5048 619 5087 suo
648 5032 1125 5093 territisalventu,
1152 5032 1470 5100 ltisuarum,
1497 5034 1739 5088 adhibita
1772 5038 1819 5089 vi
1843 5039 2080 5092 maxima

520 5134 824 5195 recuperat,
859 5125 1229 5193 prtesiiliarios
1260 5126 1538 5191 interﬁcit,
1569 5143 1803 5197 moxque
1856 5130 2081 5186 Rivnlos

515 5223 677 5277 etiam
699 5222 847 5275 nullo
872 5223 1083 5290 negotio
1104 5221 1309 5289 recipit.
1332 5220 1542 5289 Quippe
1566 5236 1691 5275 casu
1724 5224 1957 5289 quodam
1990 5240 2083 5277 ac-

516 5326 682 5366 censo
712 5310 931 5381 pulvere
954 5310 1337 5371 tormentario.
1371 5320 1611 5364 castrmn
1639 5310 1832 5365 ardere
1879 5314 2078 5381 Cthit;

520 5406 748 5473 ideoque
780 5401 969 5473 majori
1001 5413 1153 5470 parte
1184 5413 1646 5470 propugnatorum
1707 5404 1999 5464 exstincta,
2029 5404 2080 5455 in

516 5493 719 5548 Rnheri
750 5503 1072 5563 potestatem
1107 5494 1271 5547 venit.

588 5588 745 5639 Auno
800 5584 1035 5652 denique
1101 5583 1481 5638 Mttllltmcl‘lllt)
1539 5586 1644 5640 975
1715 5585 1866 5655 (Chr.
1924 5586 2081 5654 1568)

520 5694 620 5747 pas
654 5691 850 5730 octavo
881 5694 1099 5746 quoque
1133 5694 1276 5731 atino
1302 5679 1614 5731 renovanda
1644 5679 1783 5731 inter
1842 5678 2082 5731 Maximi-

519 5770 722 5823 lianum
771 5772 1097 5838 Augustum,
1172 5773 1555 5841 sultanumqne
1615 5771 1871 5825 bslitncm
1930 5772 2078 5828 coiit.

2194 3225 2435 3296 Egypti,
2471 3226 2535 3281 ad
2565 3242 2619 3281 se
2646 3227 2853 3282 directo
2901 3226 3214 3295 pertineret.
3247 3225 3405 3279 [.icct
3461 3226 3595 3278 enim
3622 3222 3739 3275 Seli-

2193 3332 2310 3373 tnes
2341 3335 2474 3373 avus
2502 3329 2554 3375 et
2593 3318 2934 3374 Soleimancs
2963 3326 3136 3385 pater,
3170 3319 3340 3371 annui
3383 3318 3583 3372 tributi.
3610 3311 3739 3384 quod

2192 3423 2222 3462 a
2258 3406 2481 3464 Venetis
2507 3408 2624 3476 ejus
2658 3408 2807 3479 regni
2829 3409 3047 3461 nomine
3087 3408 3453 3477 pendebatur,
3489 3408 3741 3462 solutione

2191 3500 2454 3563 contenti,
2488 3500 2895 3569 possessionem
2943 3502 3136 3556 insulae
3201 3500 3433 3557 Venetis
3494 3503 3740 3556 hacrenus

2192 3595 2542 3661 reliquissent
2570 3613 2585 3650 :
2612 3597 2821 3651 nulluut
2854 3606 3031 3651 tamen
3068 3598 3172 3651 hoc
3214 3598 3323 3653 sibi
3368 3601 3585 3669 gignere
3614 3613 3737 3668 pra:-

2186 3684 2451 3755 judicium
2491 3700 2648 3754 posse
2670 3686 2907 3748 dicebat,
2940 3688 3232 3757 quominus
3268 3689 3387 3760 jam
3422 3691 3617 3744 tributo
3666 3702 3735 3741 rc-

2194 3776 2435 3845 pudiato,
2471 3793 2693 3846 regnum
2724 3778 2808 3832 sui
2839 3777 2977 3847 juris
3024 3790 3339 3850 occuparet,
3382 3797 3445 3836 ac
3474 3782 3574 3837 sibi
3623 3779 3734 3834 reti-

2192 3877 2363 3923 ncret.

2261 3984 2452 4052 itaque
2478 4001 2662 4041 mense
2714 3984 3013 4041 Februario
3048 3988 3329 4055 sequentis
3381 3991 3534 4053 anni,
3581 3988 3737 4043 Cuba-

2192 4084 2296 4130 tcm
2330 4076 2589 4131 Zausiutn
2637 4078 3104 4146 Constantinopoli
3154 4078 3413 4136 Venetias
3470 4083 3737 4150 ablegavit.

2189 4170 2347 4237 quia
2380 4180 2570 4224 senatu
2634 4169 2874 4242 Cyprum
2930 4182 3238 4239 repeteret,
3307 4189 3371 4228 ac
3428 4170 3740 4228 recusaturis

2191 4262 2394 4317 bellum
2419 4262 2787 4317 denuntiaret.
2818 4263 3039 4331 Appulit
3065 4264 3112 4317 is
3138 4265 3389 4321 Venetias
3416 4267 3516 4321 sub
3545 4265 3735 4319 initium

2190 4354 2394 4408 mensis
2423 4355 2646 4421 Aprilis,
2681 4370 2825 4408 anno
2856 4356 2961 4410 977
2988 4357 3144 4422 (Chr.
3190 4358 3372 4428 1570),
3428 4368 3481 4413 et
3507 4356 3741 4410 mandato

2113 4452 2161 4511 D
2190 4446 2407 4502 Selimis
2433 4448 2702 4516 exposito,
2724 4447 2991 4517 repulsam
3023 4449 3166 4503 tulit.

2259 4555 2597 4626 Quapropter
2625 4572 2806 4611 mense
2839 4556 2978 4611 Maio
3010 4559 3158 4614 missi
3198 4574 3320 4611 cum
3359 4559 3536 4615 classe
3564 4556 3739 4612 milite-

2189 4662 2296 4716 que
2327 4646 2564 4713 luerunt,
2592 4648 2681 4717 qui
2726 4647 2925 4702 bellum
2951 4648 3208 4717 Cyprium
3233 4659 3507 4717 gererent,
3555 4648 3738 4701 Masta—

2191 4740 2327 4808 phas
2364 4738 2546 4805 bassa,
2586 4739 2866 4806 copiarum
2897 4739 3263 4803 terrestrium,
3293 4750 3349 4791 et
3402 4740 3567 4794 l’ialis
3604 4739 3737 4792 Alis:

2189 4845 2296 4900 que
2319 4830 2515 4897 bassa,
2548 4831 2952 4886 classiariorum
2987 4830 3245 4901 praefecti.
3270 4831 3436 4886 Pialis
3460 4839 3733 4900 provectus

2190 4935 2313 4974 cum
2346 4922 2461 4975 suis
2491 4920 2557 4975 ad
2593 4920 2828 4984 Tenum,
2865 4920 3097 4975 insulam
3123 4921 3451 4975 Venetorum
3479 4921 3529 4973 in
3552 4918 3736 4986 dignm.

2192 5012 2336 5067 ferro
2356 5029 2420 5067 ac
2445 5012 2677 5069 ﬂammis
2700 5029 2841 5073 eam.
2868 5030 2974 5068 non
3002 5014 3120 5069 sine
3148 5016 3298 5084 gravi
3331 5025 3507 5083 tamen
3535 5023 3733 5067 suorum

2185 5104 2423 5173 jactura,
2460 5106 2726 5176 direptam
2790 5106 3046 5162 vastavit.

2262 5218 2446 5281 Mense
2472 5217 2635 5273 Junio
2654 5218 3016 5273 Sebastianus
3048 5220 3333 5285 Venerius,
3387 5218 3574 5271 insula:
3619 5212 3731 5267 Cor-

2194 5311 2592 5382 cyrzemasima
2626 5326 2747 5365 cum
2814 5320 3081 5380 potestate
3137 5326 3362 5379 ιιι-ωερε,
3418 5308 3729 5376 Soppotount

2190 5413 2428 5457 castrum
2466 5402 2731 5465 Albaniae,
2779 5417 2887 5455 non
2956 5402 3142 5470 procul
3197 5418 3224 5453 a
3268 5401 3507 5471 Corcyra
3560 5397 3729 5450 situm.

2189 5494 2538 5564 expugnavit,
2566 5494 2725 5561 eique
2750 5492 3004 5561 praesidio
3031 5493 3308 5561 imposito,
3342 5508 3405 5545 ae
3439 5490 3593 5544 rebus
3651 5496 3732 5536 nc-

2192 5590 2452 5643 ccssariis
2473 5587 2705 5651 munito,
2731 5584 3031 5639 Manncletn
3067 5583 3429 5639 Murmurium
3455 5578 3727 5634 oriundum

2192 5697 2221 5733 e
2259 5678 2487 5747 Napolio
2517 5676 2797 5730 Roiuania:
2831 5674 3140 5747 (Naupliam
3169 5674 3347 5745 Argia:
3396 5680 3598 5728 veteres
3644 5674 3727 5732 ap-

2196 5771 2484 5834 pellavere)
2536 5768 2795 5837 praefecit.
