4026 6204
246 321 358 387 669

1354 327 1733 392 SUPPLEM.
1775 332 2052 394 ANNAL.
2076 331 2380 395 TURCIC.

3382 337 3488 400 670

322 428 437 482 Sub
467 428 711 520 ejusdem
770 431 970 485 mensis
1024 430 1227 486 exitum
1272 432 1485 490 Marcus
1537 431 1819 501 Quirinus.
1851 464 1896 520 Α
1929 444 2130 498 Christi
2163 443 2323 507 M70,
2352 441 2442 513 qui
2482 439 2895 497 Mahumetanus
2939 450 3055 497 erat
3084 442 3208 499 874.
3274 442 3492 500 Exstin-

248 519 451 574 classis
483 518 887 575 ’m’lladriatico
912 522 1223 591 pranCClllS.
1251 540 1437 581 arcem
1468 528 1623 583 sinus
1685 528 1819 581 illai-

245 614 442 665 nensis
465 610 719 679 (Maiuam
754 623 882 668 sunt
911 616 1005 684 qui
1035 616 1264 672 Leuctra
1288 620 1570 675 veteribus
1630 621 1819 689 appel-

246 702 420 756 latam
462 711 676 770 putant,
709 706 887 774 ipsum
923 723 1055 763 vero
1083 708 1265 765 sinum
1304 711 1824 776 Mainensem,Mes-

247 792 590 864 seniacum),
627 795 696 850 ad
754 805 998 866 portum,
1051 814 1214 868 quem
1262 802 1428 869 vulgo
1480 801 1820 866 Qualliarum

246 883 373 937 sive
403 883 743 938 coturnicum
770 897 990 955 vocant,
1026 891 1258 960 positam
1286 891 1520 946 feliciter
1544 908 1826 961 expugna-

246 973 358 1036 vit,
406 975 651 1043 actisque
677 976 780 1031 sub
832 993 895 1031 ea
948 979 1236 1044 cuniculis,
1286 991 1342 1037 et
1392 984 1677 1050 supposito
1739 984 1825 1036 in-

246 1080 537 1135 censoque
565 1066 788 1135 pulvere
842 1074 1222 1139 tormentario,
1280 1073 1529 1129 funditus
1576 1089 1825 1129 eversam

250 1156 479 1223 diruit,
518 1172 586 1212 ne
615 1159 862 1215 barbaris
908 1162 1148 1231 amplius
1190 1174 1472 1232 receptura
1536 1166 1824 1234 praeberet.

331 1244 575 1314 Nicosia,
599 1247 758 1319 Cypri
783 1254 1122 1322 metropolis.
1144 1255 1252 1310 sub
1278 1258 1482 1310 exitum
1508 1256 1635 1311 Julii
1670 1273 1826 1313 uten-

251 1334 339 1387 sis
378 1351 406 1387 a
439 1335 724 1408 Mustapha
752 1341 912 1396 bassa
939 1343 1180 1398 obsideri
1204 1355 1403 1413 empta.
1454 1357 1507 1401 et
1558 1347 1829 1403 acerrime

266 1434 383 1478 tam
410 1442 749 1499 oppugnata,
777 1449 940 1501 quam
973 1434 1223 1500 defensa,
1258 1438 1473 1492 tandem
1495 1437 1583 1492 die
1613 1439 1829 1495 decimo

257 1517 601 1584 Septembris
634 1523 687 1575 in
722 1521 958 1577 hostium
988 1536 1309 1595 potestatem
1371 1531 1542 1591 venit,
1603 1531 1831 1587 misere-

257 1625 369 1676 que
394 1612 603 1682 direpta
635 1612 738 1667 fuit
764 1632 779 1679 ;
807 1616 961 1671 caesis
990 1619 1369 1687 praesidiariis,
1399 1623 1672 1677 exstincta
1735 1638 1833 1678 no-

257 1701 499 1767 bilitate,
523 1698 835 1774 perexiguis
886 1710 1133 1780 reliquiis
1166 1714 1418 1768 servituti
1478 1716 1827 1785 mancipatis.

258 1794 399 1851 Erat
423 1797 546 1851 olim
578 1795 740 1869 Cypri
774 1801 947 1870 regia,
977 1819 1100 1869 quas
1118 1815 1340 1860 centum
1366 1815 1421 1860 et
1441 1807 1673 1877 amplius
1703 1818 1829 1864 ante

260 1887 370 1939 hoc
400 1897 608 1956 tempus
664 1890 827 1945 annis
877 1893 1091 1948 redacta
1144 1893 1320 1950 fuerat
1372 1898 1476 1951 sub
1537 1898 1827 1967 imperium

259 1980 465 2037 sultani
508 1984 806 2052 Cairensis,
827 1988 986 2057 eique
1011 1990 1120 2046 hoc.
1145 1993 1303 2047 modo
1340 1991 1479 2049 facta
1514 1994 1826 2048 tributaria.

260 2072 427 2128 Anno
449 2074 765 2132 Christiano
803 2080 937 2134 1425
968 2082 1170 2137 bellum
1203 2095 1319 2138 erat
1352 2082 1490 2138 Jano
1521 2084 1666 2139 Petri
1696 2084 1828 2149 lilio,

262 2166 379 2230 regi
402 2164 621 2238 Cyprio,
655 2170 746 2240 qui
802 2174 1136 2241 penultimus
1192 2174 1296 2228 fuit
1351 2176 1495 2230 inter
1557 2176 1830 2243 legitimos

260 2258 425 2328 362
461 2277 619 2330 reges
645 2277 712 2315 ex
742 2261 1048 2333 Lusignana
1099 2265 1326 2330 familia,
1399 2283 1521 2321 cum
1574 2266 1828 2337 Egyptio

261 2350 383 2404 sive
410 2349 654 2407 Cairensi
690 2356 912 2410 sultano
956 2354 1270 2412 Meleclrella
1304 2375 1317 2412 :
1347 2359 1614 2427 quohello
1641 2368 1829 2425 captus

261 2440 334 2495 ab
384 2442 540 2497 hoste
604 2445 856 2515 Cyprius,
902 2448 1191 2516 persolutis
1247 2460 1464 2505 centum
1514 2451 1827 2520 quindecim

264 2533 504 2589 millibus
530 2535 983 2605 Serapbiuorum,
1018 2540 1070 2593 iu
1112 2556 1334 2609 regnum
1371 2557 1492 2596 eum
1518 2552 1673 2612 pacto
1727 2543 1827 2597 tri-

261 2626 379 2680 buti
412 2627 575 2681 annui
609 2629 934 2684 restituitur.
965 2629 1015 2685 is
1046 2632 1285 2686 moriens
1320 2633 1490 2687 tilium
1553 2633 1822 2688 Joannem

263 2715 868 2785 reliquitimpuberem,
901 2718 985 2773 cui
1036 2720 1210 2788 primo
1239 2721 1613 2783 matrimonio,
1685 2730 1830 2792 post-

262 2826 431 2879 quam
459 2809 805 2875 adolevisset,
842 2812 950 2867 illia
987 2812 1318 2868 Marchionis
1362 2816 1479 2868 ltali
1519 2815 1830 2870 Montisfer-

262 2902 501 2955 ratensis
531 2903 717 2970 nupsit
748 2923 762 2969 ;
798 2919 901 2972 qua
943 2916 1177 2972 mortua,
1221 2907 1477 2962 Helenam
1511 2908 1829 2978 Palaaologi-

262 3008 387 3046 nam
421 2993 696 3047 duxit.Ex
724 3010 784 3047 ea
833 3005 957 3049 nata
1014 2996 1114 3050 fuit
1169 2998 1328 3051 unica
1392 2998 1500 3053 lilia
1550 2999 1827 3066 Karnlola,

260 3101 384 3147 aure
416 3085 607 3140 Joanni
637 3086 897 3141 Lusitano
928 3089 1161 3156 primum
1191 3092 1393 3157 nupsit,
1426 3092 1511 3144 cui
1539 3092 1825 3159 prmbitum

258 3192 539 3233 venenum
572 3186 797 3232 mortem
833 3181 1038 3234 attulit.
1064 3179 1193 3234 Erat
1218 3180 1490 3236 liarulotze
1516 3181 1636 3239 Jac.
1712 3182 1828 3236 fra-

264 3278 370 3332 ter,
402 3269 684 3338 illegitimo
717 3280 836 3325 toro
859 3279 1041 3333 natus,
1078 3272 1164 3325 cui
1226 3273 1398 3327 sacris
1426 3272 1577 3327 initia
1606 3287 1638 3328 ο
1682 3283 1832 3343 pater

259 3360 800 3430 archiepiscopatum
853 3360 1561 3435 Nicosianumassignarat.
1624 3364 1672 3418 Is
1734 3365 1833 3418 im-

262 3455 493 3524 perandi
548 3455 773 3508 libidine.
852 3456 1073 3522 ductus,
1138 3458 1513 3512 ecclesiastica
1572 3456 1833 3525 dignitate

267 3555 472 3611 spreta,
506 3562 728 3614 regnum
766 3546 971 3600 invadit
1008 3563 1075 3610 ;a
1125 3564 1232 3617 quo
1274 3557 1515 3617 tempore
1572 3548 1749 3603 dictus
1804 3563 1831 3599 a

264 3638 472 3692 Graecis
509 3640 725 3708 Cypriis,
762 3638 861 3691 fuit
892 3638 966 3692 Re
990 3638 1161 3711 Zages
1197 3640 1300 3709 (sic
1324 3641 1468 3694 enim
1505 3639 1558 3694 in
1594 3642 1829 3709 quodam

265 3732 641 3800 manuscripto
672 3731 851 3785 libello
875 3747 995 3797 meo
1026 3731 1216 3786 Graeco
1246 3733 1485 3801 legitur),
1511 3733 1831 3803 appellatio-

267 3838 337 3876 ne
373 3825 567 3890 partim
600 3823 805 3888 ltalica,
839 3824 1033 3892 partim
1057 3824 1283 3879 Gallica.
1340 3826 1475 3878 Nam
1510 3826 1676 3880 Gallis
1739 3826 1836 3881 Roi

264 3914 488 3985 .fuques,
521 3931 610 3968 rex
647 3913 883 3970 Jacohus
910 3926 1011 3969 est.
1080 3914 1340 3970 Karulota
1373 3917 1642 3971 securidas
1700 3934 1834 3984 nup-

266 4008 375 4061 tias
397 4022 517 4061 eum
561 4007 836 4061 Ludovico
874 4007 1109 4062 Sabaudi
1173 4010 1331 4063 ducis
1382 4010 1493 4062 filio
1540 4010 1833 4064 contrahit.

269 4097 319 4152 Is
351 4098 581 4151 classem
620 4098 892 4162 intruens,
926 4100 975 4151 in
1009 4099 1243 4169 Cyprum
1269 4115 1390 4153 cum
1410 4098 1672 4154 Karulota
1708 4116 1839 4154 eon-

260 4190 397 4260 jnge
445 4189 828 4258 proﬁciscitur.
878 4189 1159 4244 Redeunte
1206 4191 1443 4260 legitima
1492 4195 1635 4260 regis
1705 4193 1834 4258 filia,

261 4284 521 4352 iustaque
555 4284 704 4351 regni
739 4282 971 4344 bzerede,
1003 4282 1239 4339 Jacobus
1273 4284 1475 4338 nothus
1506 4299 1673 4351 regno
1724 4287 1837 4353 pel-

262 4375 420 4428 litur.
450 4371 665 4439 Ejectus
695 4372 759 4427 ad
794 4374 1072 4427 sultanum
1101 4374 1315 4445 Egypti
1374 4374 1655 4446 Syriteque
1708 4392 1835 4432 con-

267 4465 432 4535 fugit,
460 4465 905 4535 Alcsseraplmm,
934 4476 987 4521 et
1009 4482 1162 4536 opem
1178 4467 1297 4534 ejus
1315 4468 1380 4521 ad
1402 4470 1834 4537 reciiperandum
1873 4482 1913 4534 ο

269 4574 499 4628 regnum
533 4557 807 4628 implorat.
837 4559 1109 4615 Assensus
1154 4560 1439 4629 postulatis
1485 4559 1674 4614 Jacobi
1727 4563 1841 4617 sul-

267 4665 454 4716 latius,
480 4667 602 4706 eum
628 4653 786 4721 pulso
817 4653 1055 4708 vicissim
1096 4667 1218 4707 cum
1244 4652 1508 4706 Karulota
1560 4654 1835 4721 Sabaudo,

267 4743 323 4797 in
350 4759 575 4812 regnum
606 4743 835 4806 reducit,
884 4753 937 4797 et
994 4745 1213 4797 nomine
1263 4743 1619 4798 restitutionis
1678 4746 1839 4813 hujus

267 4850 331 4886 ac
363 4833 611 4887 beneficii
638 4833 903 4886 tributqu
932 4848 1041 4886 non
1077 4834 1246 4886 invito
1278 4832 1529 4901 imperat.
1579 4832 1633 4887 ld
1668 4834 1840 4887 tribu-

269 4936 383 4979 tum
406 4942 467 4979 ex
497 4926 771 4979 mercibus
799 4926 1091 4994 quotannis
1118 4926 1337 4980 sultano
1371 4926 1644 4980 solvendis
1698 4942 1835 4980 con-

267 5020 469 5082 stabat,
504 5027 656 5070 ccrto
691 5018 952 5069 mercium
979 5031 1203 5087 genere,
1265 5017 1683 5086 specierumque
1742 5032 1841 5069 nu-

268 5124 421 5161 mero
447 5123 729 5176 expresso.
759 5106 997 5160 Necdum
1033 5108 1084 5160 id
1142 5109 1403 5176 temporis
1428 5124 1649 5162 uxorem
1684 5107 1841 5162 Jaco-

266 5199 369 5253 lius
398 5200 645 5252 duxerat.
676 5197 865 5265 Itaque
898 5195 1154 5251 Venetias
1194 5197 1494 5266 profectus,
1560 5197 1835 5253 IEcatet-i-

266 5306 392 5341 nam
423 5288 749 5349 Coi-tiaram,
774 5290 927 5356 prius
954 5304 983 5340 .ι
1014 5297 1204 5343 senatu
1240 5287 1422 5343 Sancti
1460 5288 1623 5356 Marci
1660 5289 1824 5342 filiam

222 5430 233 5440 ,
264 5380 600 5446 adoptatum,
634 5380 932 5433 constituta
970 5379 1039 5432 de
1097 5380 1313 5448 publico
1348 5381 1496 5445 dote,
1556 5380 1841 5433 matrimo-

267 5470 359 5521 nio
390 5468 497 5522 sibi
529 5469 744 5536 copulat
772 5487 787 5534 ;
827 5480 885 5522 ut
925 5471 1027 5525 huc
1077 5470 1373 5523 adﬁnitatis
1408 5469 1627 5524 Veneta:
1654 5471 1840 5523 vincu-

266 5562 339 5624 lo,
370 5562 764 5626 potentissima:
796 5562 931 5615 mari
987 5561 1300 5630 reipublicae
1364 5560 1616 5631 prwsidio
1670 5577 1839 5631 seque

267 5665 606 5720 regnumque
633 5666 795 5705 suum
829 5652 1117 5706 stabiliret.
1155 5652 1262 5707 Nec
1317 5653 1488 5707 multo
1520 5663 1661 5723 post,
1714 5653 1840 5708 reli-

268 5754 351 5795 Cta
377 5742 607 5809 conjuge
638 5758 971 5812 p‘n'gtltl'llt‘,
1014 5745 1265 5800 muri'ur.
1294 5746 1532 5814 Contigit
1563 5747 1661 5803 hoc
1686 5761 1832 5801 anno

1925 545 2013 590 cto
2041 550 2184 602 rege,
2217 537 2567 604 posthumum
2594 534 2777 603 regina
2834 548 3044 588 marem
3066 535 3229 613 parit,
3262 537 3352 607 qui
3411 546 3492 591 ta-

1928 642 2050 681 men
2085 644 2191 682 nou
2223 628 2315 681 diu
2339 636 2617 696 superstes
2649 625 2770 679 fuit.
2800 624 2939 679 'l'um
2970 642 3101 680 vero
3160 624 3353 681 Veneti
3405 628 3490 682 vi-

1927 720 2049 775 dua:
2111 719 2462 788 persuadent,
2493 728 2553 773 ut
2591 732 2758 788 regno
2778 718 3013 781 cederet,
3042 719 3128 773 cui
3150 717 3491 773 defendendo

1929 824 2025 878 par
2057 808 2171 875 ipsa
2202 822 2308 862 non
2342 816 2504 870 esset,
2546 823 2837 877 aunuoque
2868 809 3044 862 reditu
3104 820 3342 878 quatuor
3398 819 3493 862 aut

1928 901 2169 970 quinque
2206 901 2431 954 millium
2480 899 2877 954 Zecchinorum
2910 907 3192 962 contenta,
3259 900 3489 968 patriam

1930 991 2221 1046 immortali
2262 990 2526 1045 beneﬁcio
2554 990 2656 1045 sibi
2689 989 3010 1043 devincirct.
3049 987 3160 1042 Hoc
3187 990 3348 1041 modo
3406 1005 3494 1041 re-

1929 1081 2084 1136 dacta
2121 1083 2173 1135 in
2228 1090 2549 1149 potestatem
2622 1081 2821 1146 insula,
2874 1080 3238 1135 nihilominus
3301 1078 3491 1133 Veneti

1930 1173 2145 1227 sultano
2172 1172 2448 1243 Egyptio,
2470 1172 2657 1227 tributi
2681 1174 2801 1239 ejus
2823 1172 3061 1237 nomine,
3084 1172 3228 1241 quod
3256 1170 3493 1225 Iacobus

1931 1279 2023 1318 rex
2053 1264 2125 1317 illi
2158 1264 2435 1332 pollicitus
2461 1263 2656 1327 fuerat,
2684 1278 2892 1318 merces
2921 1263 2974 1317 in
3006 1263 3179 1333 pactis
3204 1264 3493 1316 conventis

1930 1370 2218 1422 expressas
2248 1356 2545 1423 quotannis
2577 1354 2861 1409 mittebant
2892 1371 2907 1407 :
2961 1354 3138 1408 donec
3168 1370 3310 1407 anno
3332 1352 3497 1405 Chri-

1938 1446 2005 1500 sti
2051 1445 2207 1508 l5l7,
2237 1448 2327 1516 qui
2354 1446 2767 1501 Mahumetanus
2786 1454 2905 1501 erat
2929 1446 3056 1508 925.
3089 1445 3303 1499 sultauo
3329 1444 3499 1498 Tom-

1933 1538 2172 1592 mambai
2214 1548 2268 1592 et
2324 1537 2694 1593 Mamclucisa
2752 1537 2971 1593 sultauo
3021 1536 3225 1590 Selime
3278 1535 3496 1599 deletis,

1930 1640 1987 1685 et
2020 1629 2253 1699 Egypto
2278 1628 2545 1699 Syriaque
2567 1628 2871 1698 subjugatis
2891 1643 3214 1683 conversum
3239 1643 3269 1682 a
3295 1627 3494 1682 Selime

1932 1723 2163 1781 victore.
2247 1720 2785 1786 Mamelucorumque
2840 1734 3181 1779 successore.
3230 1718 3496 1771 tributum

1861 1786 1901 1842 δ
1934 1812 2035 1864 hoc
2065 1810 2165 1863 fuit
2191 1810 2243 1863 in
2278 1820 2484 1864 certum
2522 1810 2753 1872 pretium
2774 1857 2789 1881 ,
2829 1808 3080 1862 videlicet
3113 1807 3252 1879 SQOO
3307 1806 3495 1859 Zechi-

1933 1916 2124 1954 norum
2170 1916 2354 1969 :quos
2379 1900 2533 1969 Cypri
2584 1899 2804 1954 nomine
2831 1900 3065 1954 sultanis
3131 1897 3379 1953 Turcicis
3428 1912 3495 1950 ex

1931 2002 2263 2060 cotempore
2290 1993 2475 2045 Veneti
2530 1993 2928 2059 persolverunt,
2990 1992 3165 2043 donec
3210 2005 3240 2044 a
3294 1988 3499 2044 Selime

1932 2083 2194 2141 secundo.
2220 2083 2454 2155 Cyprum
2489 2084 2591 2137 sibi
2629 2100 2725 2137 ceu
2749 2084 2976 2136 domino
3035 2084 3266 2144 directo,
3338 2096 3498 2149 repe-

1933 2183 2078 2229 tente
2112 2176 2311 2243 bellum
2337 2176 2401 2228 de
2430 2191 2538 2245 quo
2580 2191 2724 2229 nunc
2756 2176 2989 2244 agimus,
3022 2173 3282 2228 indictum
3323 2171 3503 2225 Vene-

1930 2272 2001 2323 tis
2030 2270 2154 2323 fuit.
2216 2269 2384 2339 Capta
2432 2270 2673 2332 Nicosia,
2732 2267 3117 2341 Famagustam
3184 2264 3501 2334 Mustaphas

1932 2362 2091 2416 bassa
2122 2363 2335 2415 tandem
2366 2363 2615 2417 obsidere
2645 2363 2807 2430 ccepit
2843 2376 2990 2415 anno
3048 2359 3340 2413 Mahumet.
3389 2356 3496 2411 578

1933 2453 2083 2525 (Chr.
2110 2454 2287 2522 l57l),
2317 2455 2420 2510 sub
2446 2453 2681 2507 medium
2714 2467 2951 2507 mensem
2977 2452 3225 2520 Augusti.

2001 2593 2159 2646 Auno
2193 2593 2295 2647 979
2333 2590 2483 2661 (Chr.
2521 2590 2700 2658 1572),
2733 2589 2860 2643 dum
2893 2585 3258 2647 obsideretur,
3294 2590 3346 2635 et
3377 2594 3502 2649 gra-

1931 2683 2152 2738 vissime
2177 2697 2207 2736 a
2242 2683 2433 2736 Turcis
2463 2689 2870 2751 oppugnaretur
2916 2675 3264 2743 Famagusta,
3304 2672 3502 2725 classis

1932 2774 2160 2829 Turcica
2210 2776 2467 2829 damnum
2524 2775 2745 2828 illatura
2795 2770 3130 2825 Venetorum
3185 2767 3385 2820 insulis
3445 2764 3499 2816 in

1932 2867 2138 2936 A3ng,
2171 2867 2249 2920 Ali
2279 2868 2439 2922 bassa
2470 2867 2607 2921 duce
2657 2866 2875 2919 Cretam
2910 2860 3193 2933 (Candiam
3229 2873 3371 2912 llllllC
3404 2871 3501 2909 vo-

1932 2960 2079 3027 cant)
2112 2960 2283 3028 petiit,
2326 2959 2416 3012 tibi
2445 2958 2693 3028 exposito
2718 2957 2773 3011 in
2807 2966 3003 3010 terram
3042 2952 3234 3017 milite,
3256 2951 3500 3005 saevitum

1934 3053 1987 3106 in
2013 3052 2201 3107 obvios
2239 3051 2570 3105 immaniter.
2613 3050 2833 3103 Munitis
2874 3046 3185 3103 civitatibus
3203 3054 3256 3098 et
3288 3043 3504 3111 oppidis

1857 3147 1896 3199 C
1932 3147 2005 3200 ita
2030 3152 2374 3214 prospectum
2413 3152 2623 3197 mature
2659 3141 2879 3196 fuerata
2918 3136 3380 3209 gubernatoribus
3416 3134 3500 3186 in~

1933 3237 2085 3300 sulm,
2113 3236 2322 3289 nullum
2358 3243 2415 3288 ut
2451 3234 2517 3287 ab
2552 3234 2707 3287 hoste
2765 3232 3150 3284 detrimentum
3175 3230 3504 3296 acciperent.

1932 3329 2125 3383 Solum
2190 3327 2513 3397 Rhetymum
2560 3325 2785 3378 adortus
2854 3322 3116 3384 Vluzalis,
3186 3319 3506 3386 Aphricanze

1934 3420 2208 3475 Barbarize
2265 3419 2637 3488 prosultanus,
2678 3416 2836 3483 cujus
2903 3424 3029 3468 ante
3088 3414 3230 3466 facta
3277 3409 3506 3472 mentio,

1934 3519 2075 3582 quod
2110 3512 2177 3565 ab
2198 3510 2389 3564 incolis
2417 3511 2689 3562 desertum
2715 3507 2929 3569 fuisset,
2961 3504 3176 3558 nemine
3206 3501 3499 3557 resistente

1935 3620 2121 3659 mense
2146 3602 2307 3657 Junio
2340 3602 2588 3655 vastavit.
2642 3600 2757 3653 Alis
2793 3600 2949 3653 bassa
2977 3596 3194 3650 tandem
3227 3592 3506 3648 recensitis

1935 3698 2109 3767 copiis
2142 3698 2276 3761 suis,
2308 3696 2448 3764 quod
2481 3695 2623 3763 apud
2657 3695 2807 3763 ipsos
2843 3708 2937 3761 per
2965 3690 3119 3743 fabas
3172 3687 3258 3740 vel
3317 3700 3507 3753 aspros

1938 3795 2050 3849 fieri
2075 3795 2379 3857 consuevit,
2419 3808 2542 3846 cum
2581 3791 2719 3845 3700
2772 3787 3024 3839 amisisse
3053 3799 3110 3837 se
3140 3782 3363 3842 videret,
3425 3794 3504 3832 re.

1936 3885 2064 3940 licta
2098 3885 2258 3939 Creta
2294 3884 2545 3951 Cerigum
2600 3878 2792 3932 Veneti
2837 3876 2980 3946 juris
3009 3890 3039 3929 e
3098 3872 3322 3940 regione
3381 3883 3505 3937 pro-

1938 3973 2197 4029 montorii
2236 3972 2415 4025 Malea:
2447 3970 2605 4023 sitam
2668 3968 2926 4022 insulam,
2958 3962 3255 4029 (Citheram
3320 3960 3507 4013 dixere

1938 4065 2167 4135 veteres)
2199 4064 2264 4116 ad
2300 4062 2483 4115 Sancti
2538 4058 2740 4112 Nicolai
2799 4066 3009 4126 portum
3049 4051 3267 4110 ἰιινειεῑι.
3305 4059 3358 4103 et
3395 4064 3505 4101 ma-

1933 4161 2041 4232 jori
2074 4176 2137 4214 ex
2178 4173 2328 4228 parte
2348 4157 2600 4225 diripuit.
2632 4152 2758 4206 Inde
2779 4150 3043 4221 Zacynthi
3069 4159 3121 4201 et
3144 4144 3509 4232 Cephallenia?

1939 4252 2218 4307 suburbiis
2254 4267 2316 4304 ac
2344 4249 2475 4302 vicis
2501 4245 2711 4301 excidio
2743 4244 2883 4297 datis
2915 4244 3096 4308 (arces
3154 4239 3297 4292 enim
3326 4224 3507 4305 pratsi-

1939 4345 2043 4398 diis
2068 4351 2122 4397 et
2153 4356 2317 4411 opere
2357 4339 2437 4393 sic
2464 4338 2773 4391 munierant
2804 4332 3011 4397 Veneti,
3072 4338 3131 4383 ut
3186 4345 3279 4383 eas
3332 4328 3507 4381 hostis

1941 4435 2155 4504 aggredi
2190 4448 2292 4488 non
2313 4428 2581 4499 auderet),
2610 4416 2948 4497 Suppo‘oum
2992 4422 3166 4492 pergit
3188 4422 3298 4475 Alis
3324 4421 3505 4483 bassa,

1944 4541 2281 4595 numeroque
2318 4524 2551 4577 militum
2602 4519 2876 4588 superior,
2910 4515 3067 4570 caesis
3108 4514 3345 4582 captisvc
3376 4526 3510 4581 pra:-

1943 4618 2211 4683 sidiririis,
2263 4630 2445 4671 arcem
2489 4612 2726 4680 recipit:
2787 4609 2946 4677 cujus
3004 4607 3168 4661 etiam
3219 4604 3508 4672 pra'fectus

1939 4712 2156 4767 Manucl
2190 4707 2545 4769 Murmurius,
2584 4706 2664 4757 vir
2710 4702 2848 4758 bello
2894 4711 3176 4764 strenuus,
3244 4698 3297 4751 in
3335 4698 3507 4751 hostis

1941 4816 2262 4877 potestatem
2297 4802 2464 4857 venit.

2011 4938 2151 4992 Hinc
2176 4937 2462 4990 obsessum
2489 4942 2631 4987 terra
2693 4933 2941 4999 marique
2986 4928 3313 4989 Dnlcinium,
3342 4927 3505 4980 situm

1943 5031 1996 5084 in
2034 5030 2273 5084 Albaniae
2308 5027 2692 5095 Dalmatia-que
2737 5025 2934 5078 finibus
2964 5020 3249 5090 oppidum,
3322 5032 3507 5071 [ιιι-ηερ

1940 5121 2085 5176 Julio
2111 5121 2304 5176 Turcis
2337 5136 2396 5174 se
2427 5118 2673 5173 dedidit:
2711 5116 2925 5172 civibus
2989 5113 3296 5165 libertatem
3325 5124 3503 5169 suam,

1942 5216 2210 5270 militibus
2228 5214 2349 5267 vita:
2375 5213 2548 5281 pactis
2581 5207 3035 5263 incolumitatem.
3066 5200 3171 5255 Sed
3208 5201 3334 5252 dum
3378 5214 3509 5251 con-

1942 5308 2170 5363 tendunt
2201 5306 2345 5358 inter
2397 5320 2457 5356 sc
2509 5302 2704 5362 bassze,
2762 5310 2997 5367 quorum
3049 5294 3185 5346 alter
3245 5292 3504 5359 oppidum

1942 5396 2295 5453 terrestribus
2326 5394 2522 5463 copiis,
2551 5390 2685 5444 alter
2747 5387 2883 5441 mari
2950 5385 3265 5445 obsederat,
3327 5384 3506 5435 utrius

1939 5505 2059 5543 esse
2088 5490 2342 5541 deberet:
2378 5485 2617 5553 plerique
2643 5495 2831 5533 omnes
2852 5494 2904 5530 tu
2931 5480 3248 5531 servitutem
3284 5473 3503 5526 abducti

1942 5579 2182 5638 fuerunt.
2210 5576 2450 5644 exceptis
2488 5574 2651 5627 Sarra
2702 5569 3059 5635 Martinengo,
3102 5563 3379 5615 Dalmatia:
3409 5577 3506 5615 su-

1941 5685 2123 5739 premo
2182 5684 2303 5721 cum
2361 5667 2588 5734 imperio
2646 5664 3030 5734 gubernatore,
3059 5671 3121 5710 ac
3175 5652 3355 5709 Marco
3405 5653 3505 5709 Vc-

1943 5759 2112 5816 llCl‘lU.
2147 5758 2377 5812 Dulciuii
2407 5756 2681 5814 praefecto.
