4026 6204
517 248 618 312 071

1669 261 1689 282 ⁸
1739 257 2065 319 ΙΟΑΝΝΙΞ
2088 259 2548 320 LEUNCLM’II

3653 257 3770 319 6‘2

593 361 748 417 Tunc
767 364 930 420 etiam
957 365 1118 420 Τυτεί
1170 365 1326 436 potiti
1390 366 1614 423 fuerunt
1662 369 1940 434 Antibari,
1994 385 2087 440 per
2119 383 2160 440 Α
2191 375 2313 438 viri,
2350 389 2578 444 tnagnus
2598 374 2746 444 regni
2773 372 3009 428 Castilia:
3029 369 3471 431 Commendator.
3492 371 3765 424 Ast‘anius

526 471 792 510 summam
820 457 1086 527 ignaviam
1111 460 1435 515 deditionem
1493 461 1728 516 faciente
1779 461 2091 517 Alexandro

534 543 737 600 Donato
794 549 1083 616 praefecto:
1150 551 1391 620 itemque
1445 551 1643 618 Butua,
1699 568 1821 622 qute
1873 555 2088 608 defendi

529 651 632 690 non
669 637 863 705 potuit,
897 639 1046 709 quod
1079 651 1226 697 esset
1260 658 1452 699 versus
1519 659 1673 700 mare
1710 659 1904 714 parum
1967 662 2088 700 ntu-

530 726 662 780 ttila.

604 819 840 874 Vluxalis
903 823 1248 893 etCaragusa
1306 825 1524 890 Baisns,
1565 842 1688 880 eum
1741 827 1805 880 ad
1857 827 2091 882 insulam

533 911 814 966 Liesenam
869 917 1209 983 appulissent
1267 916 1488 986 (Farum
1550 917 1810 974 Dalmatae
1872 931 2090 986 vorant,

534 1004 622 1056 ubi
655 1003 912 1060 Fareusis
944 1017 1027 1061 est
1061 1009 1462 1080 episcopatus),
1489 1012 2092 1081 suhurhia.tlcpopulati

530 1106 676 1160 sunt,
732 1111 940 1161 arcem,
964 1115 1126 1168 quam
1159 1102 1370 1169 egregio
1400 1104 1660 1156 munitam
1690 1105 1944 1166 vidimus,
1978 1115 2098 1159 ten-

535 1196 645 1240 tare
677 1202 782 1240 non
810 1189 956 1245 ausi.
988 1188 1213 1245 Liesena
1251 1193 1461 1256 relicta,
1497 1193 1784 1247 Curzolam
1828 1197 2097 1260 petierunt

531 1293 692 1342 quam
727 1278 1017 1350 Corcyram
1045 1279 1261 1350 Nigrum
1290 1293 1508 1347 vocant,
1544 1284 1684 1336 haud
1719 1286 1908 1349 procul
1971 1285 2098 1339 inde

531 1368 780 1424 dissitam
815 1388 830 1424 :
861 1373 949 1428 cui
974 1373 1192 1442 quidem
1218 1374 1409 1428 insula:
1439 1375 1572 1428 nihil
1603 1375 1764 1445 363
1816 1377 1962 1430 aliud
2008 1380 2096 1432 de-

533 1462 664 1516 dere
697 1463 902 1530 damni,
931 1479 1092 1533 quam
1147 1466 1291 1534 quod
1353 1464 1550 1519 Ulatitn
1609 1483 1804 1536 pagum
1866 1465 2100 1521 ﬂammis

537 1553 752 1621 injectis
789 1565 1137 1611 exusserunt.
1188 1555 1322 1610 Nam
1385 1573 1508 1611 cum
1572 1559 1833 1627 oppidum
1883 1559 2098 1625 insulae,

535 1646 678 1714 quod
705 1646 884 1714 ipsum
909 1663 1126 1718 quoque
1157 1647 1404 1702 Curzohe
1453 1666 1652 1703 nomen
1685 1649 1871 1714 habet,
1903 1666 1935 1704 a
1967 1651 2099 1705 viris

2192 465 2519 531 Cornianus,
2543 466 2780 521 Joannes
2829 466 3072 522 Andreas
3111 465 3269 518 Doria
3323 463 3578 532 princeps
3637 460 3772 514 Mei-

2194 561 2470 629 phitanus,
2490 559 2826 628 Augustinus
2853 557 3200 625 Barbarigus,
3230 556 3442 610 Marcus
3475 554 3765 618 Quirinus,

2193 652 2464 706 Antonius
2494 652 2734 714 (Ianalis,
2768 649 2958 704 Veneti
2995 669 3010 705 :
3042 647 3348 703 Alexander
3383 649 3511 698 item
3566 644 3766 698 Farne-

2193 744 2330 807 sius,
2379 739 2586 797 Octavii
2639 741 2793 797 ducis
2845 741 3008 805 filius,
3074 740 3328 808 princeps
3383 735 3700 790 Parmensis
3744 751 3763 800 ;

2195 833 2519 889 Franciscus
2543 833 2732 899 Maria,
2764 831 3032 888 Guidonis
3057 831 3245 886 Ubaldi
3267 831 3428 892 illius,
3465 829 3762 888 l’toverens.

2197 925 2386 981 Urbini
2423 927 2698 996 princeps,
2753 925 2958 982 Paulus
3009 923 3284 979 Jordanus
3348 920 3605 982 Ursinus,
3655 919 3760 973 dux

2197 1018 2609 1074 Braccianensis
2650 1035 2665 1084 ;
2704 1019 2936 1072 Alvarus
2983 1017 3231 1071 marchio
3272 1015 3488 1068 Sancta:
3547 1009 3762 1070 Crucis,

2196 1121 2250 1165 ct
2286 1110 2374 1164 alii
2398 1110 2600 1179 plures.
2627 1109 2752 1165 Haec
2787 1109 2984 1164 classis
3029 1124 3152 1163 cum
3208 1121 3394 1162 mense
3459 1103 3763 1172 Septembri

2199 1203 2447 1257 Messana
2473 1200 2670 1256 Siciliae
2691 1201 2964 1262 solvisset,
2987 1199 3320 1268 hostilesque
3337 1195 3558 1250 navales
3582 1193 3768 1264 copias

2199 1295 2263 1350 ad
2291 1293 2621 1349 lnebeclttitn
2650 1292 2950 1347 subsistere
2974 1291 3079 1362 (sic.
3110 1289 3272 1344 Turci
3299 1288 3586 1341 nominant
3635 1284 3768 1340 civi-

2201 1397 2574 1454 tatrm,quam
2624 1383 2794 1438 nostri
2849 1382 3152 1450 Lepautum
3210 1379 3510 1450 appellant,
3560 1385 3794 1438 veteres

2202 1478 2388 1530 dixere
2427 1473 2790 1544 Naupactum)
2839 1475 3149 1528 nuntiatum
3203 1481 3347 1526 esset
3377 1470 3644 1532 :Jandetn
3705 1468 3769 1521 ad

2205 1578 2424 1637 portum
2449 1567 2643 1622 insulto
2679 1565 3068 1636 Cephalleniae,
3115 1580 3278 1634 quem
3343 1565 3499 1618 vallis
3539 1564 3775 1617 Alexan-

2200 1659 2370 1713 drina:
2410 1667 2629 1720 vocant,
2659 1657 2888 1726 appulit.
2911 1656 3103 1712 Stabat
3138 1655 3281 1710 haud
3305 1657 3546 1724 procula
3580 1655 3778 1708 nostris

544 1734 857 1820 desertum,
938 1741 1384 1812 aggrederentur,
1444 1757 1473 1796 a
1561 1743 1798 1808 lentinis,
1856 1743 2103 1799 animose
2137 1783 2175 1836 Β
2205 1749 2260 1802 in
2295 1749 2651 1804 lnehechtino
2676 1751 2826 1812 sinu,
2857 1746 2951 1816 qui
2979 1746 3297 1802 Corinthius
3328 1745 3460 1800 olim
3501 1760 3780 1814 nuncupa-

537 1834 766 1899 patriam
795 1832 1242 1898 defendentibus.
1272 1836 1624 1889 memorabili
1691 1851 1815 1890 cum
1867 1837 2099 1906 marium

535 1924 986 1995 Curzolanorum,
1016 1939 1071 1982 et
1120 1929 1362 1997 ipsorum
1390 1927 1900 1990 hostiutniufatnia.
1949 1929 2106 1983 femi-

544 2021 737 2086 neique
789 2035 960 2074 sexus
1019 2021 1313 2074 immortali
1364 2020 1546 2085 laude,
1607 2021 1794 2089 rt-jecti
1861 2021 2101 2077 fuerunt.

611 2109 994 2178 Famagustani
1018 2128 1112 2180 per
1168 2113 1441 2181 integrum
1471 2127 1674 2167 annum
1710 2113 1939 2178 obsessi,
1987 2129 2106 2168 cum

541 2201 764 2256 fortiter
799 2203 1063 2260 hactenus
1088 2219 1303 2259 onmem
1344 2205 1452 2260 vim
1512 2205 1762 2260 hostilem
1813 2205 2110 2262 sustinuis-

539 2304 666 2350 sent
699 2312 714 2349 :
747 2295 961 2350 tandem
995 2297 1049 2351 in
1071 2307 1312 2351 extrema
1335 2313 1519 2352 rerum
1575 2300 1818 2353 omnium
1849 2332 1854 2335 ~
1884 2302 2109 2369 penuria

541 2388 868 2444 deditionem
898 2388 1164 2454 fecerunt,
1197 2390 1281 2445 his
1313 2390 1525 2461 legibus
1559 2408 1572 2445 :
1599 2402 1658 2446 ut
1706 2390 1926 2446 Venetis
1985 2395 2112 2447 vitae

541 2481 933 2536 concederetur
963 2482 1332 2546 incolumitas,
1362 2491 1416 2538 et
1447 2484 1527 2539 uti
1555 2499 1678 2538 cum
1712 2485 1880 2539 armis
1909 2482 2022 2538 suis
2048 2499 2112 2540 ac

541 2573 895 2630 facultatibus
935 2574 989 2630 in
1015 2575 1230 2632 Cretam
1258 2561 1664 2633 deducerentur
1684 2595 1699 2644 ;
1724 2575 1895 2632 Grzeci
1919 2576 2112 2636 domos

543 2681 668 2718 suas
721 2667 1045 2734 incolerent,
1102 2671 1542 2739 possessionibus
1607 2671 1720 2726 suis
1774 2672 2109 2738 fruerentur,

547 2762 649 2808 ritu
677 2756 992 2814 Christiano
1046 2763 1312 2818 viverent.
1358 2763 1568 2829 Quibus
1623 2764 2030 2820 conditionibus
2081 2780 2112 2819 a

544 2847 820 2917 Mustapha
857 2851 1037 2915 bassa,
1078 2854 1234 2908 initio
1266 2857 1468 2910 mensis
1527 2857 1775 2926 Augusti,
1818 2874 1962 2914 anno
2010 2859 2114 2916 979

543 2941 693 3006 (Chr.
728 2942 909 3013 1572),
951 2944 1184 2998 laudatis
1204 2958 1257 3000 et
1279 2948 1610 3016 approbatis.
1640 2950 1920 3021 ipsiusque
1950 2967 2114 3005 manu

545 3038 878 3104 sultsignatis
904 3053 920 3091 :
954 3037 1041 3092 die
1073 3045 1264 3106 quinto
1295 3039 1428 3093 dicti
1447 3040 1650 3093 mensis
1672 3041 1899 3109 Augusti
1918 3042 2115 3110 prodiit

2207 1842 2388 1906 batur,
2427 1840 2619 1894 classis
2641 1839 2874 1893 hostium
2909 1856 2922 1891 :
2958 1837 3046 1892 cui
3088 1852 3212 1891 cum
3255 1836 3484 1906 imperio
3508 1846 3774 1904 praeerant

2212 1929 2473 1985 Pertavus
2496 1930 2654 1984 bassa
2680 1930 2963 1998 copiarum
2999 1929 3364 1992 terrestrium,
3396 1937 3449 1980 et
3485 1927 3602 1982 Alis
3620 1929 3782 1980 bassa-

2207 2020 2482 2076 sociornm
2508 2017 2913 2074 navaliuntdux
2957 2033 3268 2088 supremus.
3296 2017 3462 2071 «inter
3523 2017 3648 2080 hos.
3693 2031 3784 2071 co-

2208 2111 2358 2179 gnito
2385 2109 2706 2166 Christiana:
2733 2111 2928 2167 classis
2961 2111 3220 2174 adventu,
3255 2110 3648 2165 sententiarum
3697 2109 3782 2162 di-

2211 2204 2438 2259 versitas
2471 2205 2702 2263 exstitit.
2731 2206 2992 2260 Pertavus
3025 2203 3410 2258 abstinendum
3449 2201 3723 2270 judicabat
3747 2217 3790 2256 a.

2212 2297 2421 2366 prtelio,
2462 2298 2604 2366 quod
2636 2284 2927 2363 conjuntﬁa
2951 2295 3514 2364 jamChristiauorttm
3570 2293 3778 2359 classis,

2214 2390 2374 2444 unius
2404 2389 2632 2460 imperio
2662 2391 2815 2446 ducis
2842 2400 3120 2460 regeretur
3149 2407 3162 2444 :
3201 2387 3630 2460 exspectandum
3660 2401 3794 2442 esse-

2213 2481 2563 2550 perexigttum
2595 2483 2658 2534 ad
2680 2491 2912 2550 tempus,
2935 2499 3046 2552 quo
3068 2483 3306 2537 fnturunt
3326 2487 3416 2547 sit.
3439 2491 3518 2554 ttt,
3542 2484 3634 2538 illo
3649 2499 3796 2553 pra».

2212 2561 2398 2628 sertim
2425 2575 2552 2629 anni
2580 2585 2840 2644 tctnpore,
2878 2576 3136 2630 solvatur.
3169 2577 3282 2628 Alis
3310 2577 3627 2631 erontrario
3659 2591 3787 2632 sen-

2217 2667 2406 2734 tiebat,
2434 2667 2656 2721 omnino
2696 2666 3089 2722 dimicandum.
3117 2669 3160 2720 A
3201 2667 3430 2721 Pertavo
3455 2669 3674 2724 stabant
3702 2671 3780 2724 rei

2215 2758 2420 2813 navalis
2440 2759 2753 2827 peritissimi
2787 2759 3138 2830 veteranique
3169 2761 3360 2824 duces,
3395 2759 3619 2816 Sirocus
3656 2763 3787 2816 Ale-

2216 2851 2457 2905 xandriae
2488 2854 2798 2922 sangiacus,
2824 2852 3131 2911 Carabuccs
3159 2855 3450 2924 sangiacus
3481 2853 3792 2909 Sourisaris

2219 2943 2270 2997 in
2305 2945 2628 3000 Caramania
2678 2947 2793 3001 sive
2850 2947 3034 3002 Cilicia
3093 2948 3363 3002 maritima
3431 2947 3788 3002 Mechemetes

2221 3037 2408 3106 itegus,
2441 3037 2580 3090 Salte
2617 3039 2763 3092 llaisi
2806 3039 2967 3103 filius,
2990 3040 3278 3107 sangiacus
3313 3038 3527 3094 Euboea:
3552 3040 3667 3094 sive
3683 3041 3793 3093 Nr-

545 3146 608 3182 rx
643 3129 774 3184 urbe
797 3128 1011 3183 Marcus
1047 3130 1318 3185 Antonius
1352 3131 1708 3199 Bragadinus,
1733 3133 1837 3188 sub
1871 3149 1980 3201 quo
2021 3133 2116 3189 de-
2140 3131 2184 3187 ϐ
2221 3130 2471 3200 groponti
2499 3146 2513 3184 :
2547 3147 2668 3184 runt
2697 3131 2780 3184 Ali
2803 3146 2928 3185 vero
2947 3130 3274 3196 sentiebant,
3296 3130 3574 3186 Chasanes
3595 3131 3786 3203 begus,

546 3223 696 3276 fensa
726 3223 898 3276 fuerat
929 3225 1212 3292 hactenus.
1244 3234 1297 3278 et
1331 3239 1454 3278 cum
1487 3225 1678 3279 illustri
1718 3226 1984 3281 nobilium
2037 3227 2117 3281 vi-

547 3331 728 3370 rorum
753 3317 1010 3372 eumilatu
1036 3317 1088 3371 in
1116 3316 1414 3386 Mustaphae
1438 3331 1613 3372 castra
1643 3320 1805 3383 venit,
1830 3320 1987 3388 eique
2003 3321 2116 3374 cla-

547 3422 637 3462 vt-s
666 3407 919 3469 civitatis,
960 3409 1102 3477 quod
1125 3409 1175 3462 in
1198 3407 1562 3463 deditionibus
1591 3409 1705 3464 fieri
1722 3410 1881 3476 solet,
1900 3409 2116 3465 obtulit.

549 3500 818 3565 Exceptus
846 3499 1001 3552 initio
1034 3500 1261 3554 comiter
1298 3515 1329 3554 a
1360 3497 1642 3568 Mustapha
1672 3501 1852 3562 bassa,
1883 3516 2007 3555 mox
2051 3501 2118 3556 ab

549 3591 634 3644 illa
667 3591 872 3643 crudeli
897 3591 1094 3654 bellua,
1127 3606 1216 3658 per
1254 3605 1530 3645 summum
1569 3592 1748 3646 scelus
1771 3591 1971 3648 violata
1991 3592 2115 3656 fide,

548 3699 670 3736 cum
706 3682 825 3735 aliis
850 3697 942 3751 per
966 3682 1260 3736 ludibrium
1291 3682 1517 3737 afficitur
1544 3683 1832 3751 exquisitis
1882 3683 2147 3754 injuriis;

552 3788 662 3826 tum
692 3775 757 3827 ad
793 3783 1098 3827 extremum
1157 3774 1312 3827 vivus
1370 3772 1702 3827 emoriatur.
1762 3772 2117 3828 Laurentium

549 3865 873 3932 Tettpultttlt,
910 3862 1076 3930 Paphi
1115 3864 1450 3933 praefectum,
1472 3863 1565 3933 qui
1597 3872 1651 3916 et
1681 3862 1798 3932 ipse
1825 3877 1949 3918 cum
1999 3863 2121 3918 aliis

547 3955 930 4026 Famagustam
955 3956 1218 4024 singulari
1249 3959 1450 4009 virtute
1474 3964 1862 4025 propugttarat,
1893 3970 2122 4022 suspen-

548 4051 639 4102 dio
672 4048 987 4118 Mustapitas
1017 4050 1221 4114 necari,
1267 4058 1496 4103 caeteros
1552 4047 1830 4104 dedititios
1873 4047 2124 4100 immani-

552 4141 1243 4210 lcrcontrttcidarijussit.
1297 4141 1625 4204 Turcorum,
1675 4141 1767 4211 qui
1817 4139 2120 4195 obsidionis

550 4233 817 4304 principio
846 4237 896 4288 in
920 4237 1245 4289 universum
1266 4234 1332 4290 ad
1361 4235 1595 4288 ducenta
1631 4233 1795 4286 millia
1822 4233 2119 4288 censeban-

459 4330 474 4336 ’
550 4342 658 4393 tur,
692 4327 750 4381 in
777 4329 976 4396 quibus
1011 4337 1169 4382 erant
1193 4332 1490 4394 Azaporum
1521 4325 1720 4388 80,000
1743 4327 2120 4394 genizarorum

556 4420 1062 4487 li,000,Volouum
1128 4421 1419 4488 (Acanzios
1476 4418 1574 4488 ipsi
1623 4421 1839 4484 vocant)
1899 4415 2117 4479 60.000,

552 4516 778 4582 periisse
807 4525 1016 4567 constat
1052 4511 1341 4564 obsidione
1368 4510 1623 4573 durante,
1678 4525 1844 4577 supra
1897 4507 2117 4573 80,000.

623 4608 749 4661 Erat
771 4609 926 4661 initio
953 4607 1074 4661 belli
1096 4605 1301 4674 Cyprii,
1321 4604 1673 4658 defendemus,
1693 4616 1881 4658 contra
1907 4603 2114 4657 anco-

551 4717 669 4752 rum
710 4703 838 4760 vim,
870 4698 1176 4764 reipublica:
1206 4697 1529 4750 Christianae
1564 4711 1746 4758 causa,
1807 4711 2121 4763 pet-cuSsutn

553 4797 623 4848 fu:
645 4795 726 4846 lus
760 4796 900 4845 inter
931 4791 1084 4843 Pium
1113 4791 1375 4855 Quintum
1431 4791 1739 4858 pontificem
1801 4790 2122 4849 maximum,

551 4888 855 4954 Philippum
892 4898 1068 4950 regem
1100 4883 1503 4951 Hispaniarum,
1538 4891 1593 4934 ct
1633 4889 1883 4934 senatum
1950 4877 2125 4932 Ven:-

554 4992 688 5033 tum.
726 4979 854 5046 Ejus
883 4977 1106 5031 foederis
1149 4975 1430 5043 repiarum
1495 4976 1745 5027 omnium
1812 4973 2127 5040 designatus

552 5075 654 5126 luit
687 5077 987 5138 imperator
1032 5067 1273 5120 Joannes
1323 5066 1604 5130 Austrius,
1663 5064 1849 5118 Karuli
1896 5061 2126 5128 Augusti

550 5165 714 5228 illius,
738 5162 957 5229 llispaui
1001 5161 1186 5215 frater.
1217 5158 1463 5213 Pontifex
1488 5160 1602 5212 suis
1633 5157 1947 5210 triremibus
1984 5154 2127 5206 Mar-

550 5272 673 5309 cum
707 5255 1000 5307 Antmtinm
1033 5242 1380 5315 Columnam,
1411 5251 1608 5306 ducem
1631 5247 2126 5302 Tailiacoccianutn

550 5347 853 5402 nobilitatis
896 5346 1154 5399 Rotnanzu
1220 5343 1562 5415 principem,
1616 5341 1860 5412 praefecit
1893 5358 1907 5393 :
1942 5339 2128 5392 Velit-ti

556 5440 930 5508 amplissimae,
955 5452 1118 5505 quam
1141 5437 1540 5499 instruxerant,
1582 5436 1780 5490 classis
1834 5432 2127 5502 imperium

555 5528 880 5584 Sebastiano
918 5529 1174 5593 Venerio,
1215 5544 1378 5598 quem
1415 5537 1605 5597 postea
1661 5527 1855 5580 ducem
1909 5539 2132 5595 quoque

562 5631 1031 5684 snumerraruut,
1094 5623 1438 5676 commisere.
1515 5625 1715 5674 Practer
1781 5619 1883 5672 hos
1933 5625 1988 5670 et
2039 5615 2130 5669 alii

561 5715 662 5765 hac
724 5721 881 5767 erant
953 5715 1007 5767 itt
1057 5713 1406 5777 expeditione
1462 5711 1733 5776 principes
1796 5709 2120 5764 ctiilustrcs

2218 3221 2568 3276 Chairadinis
2596 3222 2942 3276 Barbarossaa
2970 3221 3135 3286 filius,
3168 3221 3406 3277 Uluzalis
3438 3223 3794 3292 prosuitanus

2218 3311 2572 3377 Cesairensis,
2604 3325 2654 3365 ct
2677 3311 2832 3367 Caias
2865 3313 3031 3381 begus
3059 3312 3410 3384 Smyrnensis
3465 3316 3751 3385 sangiacus
3772 3332 3795 3371 :

2219 3416 2449 3471 quorum
2486 3403 2767 3457 “sententia
2798 3404 3013 3458 tandem
3045 3405 3196 3470 vicit,
3233 3404 3443 3460 Uluzaii
3480 3407 3706 3476 jubente
3737 3408 3792 3462 in

2220 3493 2458 3546 medium
2496 3492 2722 3562 proferri
2750 3504 2800 3546 et
2835 3495 3048 3549 recitari
3081 3496 3394 3549 mandatum
3428 3497 3627 3551 sultaui
3661 3499 3798 3552 Seli-

2221 3587 2343 3649 mis,
2361 3602 2468 3654 quo
2487 3586 2766 3640 victoriam
2783 3587 2858 3640 uti
2881 3600 3355 3656 prosequerentur,
3373 3587 3451 3642 eis
3478 3587 3796 3656 injungcha-

2220 3685 2328 3731 tur.
2348 3677 2602 3731 Omnium
2619 3694 2748 3746 ergo
2763 3677 3047 3734 sententiis
3064 3678 3366 3743 decretum,
3385 3679 3630 3747 praelium
3647 3677 3796 3750 quod

2227 3784 2331 3822 non
2355 3769 2551 3823 minori
2591 3770 2897 3824 animorum
2922 3770 3204 3825 alacritate
3233 3771 3436 3826 nostris
3453 3772 3612 3826 etiam
3633 3786 3797 3841 expe-

2224 3862 2486 3927 tentihus,
2509 3861 2862 3916 commissum
2884 3861 2984 3916 fuit
3000 3861 3066 3916 ad
3090 3871 3198 3916 tres
3215 3863 3438 3932 exiguas
3457 3863 3686 3925 insulas,
3713 3860 3796 3916 vel

2223 3957 2463 4007 marinos
2498 3956 2677 4022 potius
2698 3953 2978 4023 seopulos.
3013 3971 3150 4024 quos
3182 3956 3482 4010 Cuzolatos
3507 3955 3666 4008 hodie
3685 3963 3796 4006 tam

2223 4045 2417 4111 Graeci,
2451 4063 2611 4114 quant
2642 4048 2814 4101 nostri
2838 4057 3052 4102 vocant.
3076 4050 3308 4103 Victoria
3337 4049 3488 4117 potiti
3511 4056 3636 4100 sunt
3656 4049 3794 4099 mu!-

2227 4140 2294 4194 tis
2319 4158 2344 4191 :t
2384 4139 2852 4195 smcttlisinaudila
2886 4141 3201 4195 Christiani.
3237 4141 3403 4196 Periit
3431 4143 3648 4196 occisus
3684 4139 3801 4195 Alis

2225 4232 2409 4287 bassa.
2455 4233 2715 4288 Pcrtavus
2751 4235 3130 4289 animadverso
3173 4237 3422 4303 praesenti
3457 4250 3678 4288 suorum
3719 4235 3805 4287 in-

2226 4324 2411 4385 teritu,
2442 4341 2546 4377 non
2583 4341 2778 4392 magno
2807 4324 3021 4393 navigio
3054 4325 3264 4391 fugiens
3293 4324 3357 4376 :ttl
3381 4334 3579 4377 terrain
3605 4325 3799 4379 evasit.

2225 4412 2466 4468 Uiuulis
2502 4415 2633 4466 mari
2654 4415 2887 4482 profugit
2920 4432 3044 4468 cum
3088 4415 3304 4484 triginta
3379 4417 3498 4483 plus
3550 4416 3802 4470 minusve

2227 4509 2562 4563 triremibus.
2599 4510 2746 4562 Casa
2783 4510 3000 4561 inerunt
3036 4510 3267 4560 hostium
3299 4508 3361 4559 ad
3395 4508 3590 4572 23000,
3646 4519 3801 4575 capta

2225 4601 2385 4656 4000.
2424 4601 2627 4655 Classis
2661 4600 2872 4654 hostilis
2901 4601 3175 4660 universa,
3207 4614 3330 4651 cum
3361 4598 3802 4665 spoiiisimmeno

2226 4692 2324 4752 sis,
2349 4691 2778 4746 Christianorum
2819 4690 2870 4741 in
2905 4701 3226 4758 potestatem
3262 4688 3406 4740 venit
3436 4704 3450 4752 ;
3489 4687 3554 4740 iis
3589 4689 3805 4740 dunta-

2228 4795 2316 4838 xat
2343 4784 2586 4850 exceptis
2619 4782 2932 4835 triremibus
2989 4797 3052 4833 ac
3095 4781 3344 4850 navigiis,
3410 4795 3532 4832 cum
3605 4781 3806 4847 quibus

2231 4876 2758 4931 Uluzalim—evasisse
2786 4876 3041 4929 diximus.
3061 4873 3305 4950 Liberata
3325 4874 3634 4926 Christiana
3657 4888 3808 4924 mau-

2227 4971 2365 5036 t-ipia
2397 4982 2560 5037 supra
2603 4967 2789 5021 14000.
2825 4965 3129 5035 Pugnatum
3164 4965 3250 5016 die
3295 4964 3531 5031 Septimo
3600 4966 3805 5015 mensis

2227 5060 2496 5116 Octobris.
2525 5075 2668 5110 anno
2703 5057 3080 5110 llaltutnetano
3115 5056 3216 5109 979
3255 5053 3403 5124 (Chr.
3474 5053 3656 5120 15ἳέ).

2300 5152 2412 5206 ilac
2443 5148 2638 5205 Turris
2669 5153 2816 5203 illata
2849 5149 3024 5214 clade,
3074 5145 3714 5214 Veneti-Margaritinum,
3748 5145 3802 5196 in

2228 5246 2682 5298 Chiutet-iotarutn
2720 5243 2956 5311 regione,
2977 5257 3098 5309 quae
3122 5241 3362 5292 Albaniae
3385 5255 3513 5308 pars
3541 5246 3625 5291 est
3653 5239 3756 5307 (sic
3775 5253 3806 5290 a

2228 5336 2302 5390 Cc
2334 5337 2724 5389 attniisdictatn
2756 5332 3026 5384 montibus
3045 5330 3211 5397 aliqui
3248 5332 3480 5397 putant),
3511 5329 3652 5380 haud
3686 5345 3810 5394 pro-

2231 5431 2317 5484 c.tl
2345 5445 2373 5483 a
2400 5430 2633 5498 Corcyra
2663 5429 2849 5487 situm,
2869 5425 3143 5478 deditione
3174 5433 3436 5490 ceperunt
3486 5420 3812 5472 tluodrt-imo

2232 5521 2395 5594 364
2423 5522 2511 5575 die
2553 5517 2894 5580 Novembris,
2955 5518 3116 5570 vitam
3173 5514 3570 5578 facultatesque
3631 5513 3813 5562 salvas

2236 5613 2629 5685 paciscentihtts
2659 5609 2911 5664 Barbaris
2936 5627 2948 5662 :
2978 5620 3031 5662 et
3067 5608 3244 5675 ipsum
3267 5618 3508 5656 castrum
3533 5616 3651 5652 mox
3688 5615 3811 5664 Igne

2236 5715 2638 5763 ςυιιυιηίιιυιηιιι
2673 5706 2976 5758 ιιίιίιρτυιιι.
3009 5700 3342 5769 Suppotoutn
3380 5708 3594 5763 quoque
3627 5691 3812 5744 deser—
