4026 6204
219 246 329 312 673

1331 263 1709 324 SUPPIEM.
1750 265 2009 325 ANNAL
2069 266 2373 328 TUliCI=?.
3140 320 3149 329 .
3368 282 3475 345 67$

215 368 324 410 tum
351 373 379 409 a
410 357 623 425 Turcis,
665 358 869 418 Albani
889 376 1251 433 occuparunt,
1282 381 1331 421 et
1363 369 1579 423 Venetis
1638 373 1797 424 resti-
1820 377 1870 435 Α
1895 375 1960 427 de
1990 373 2183 428 Turcis
2210 376 2429 429 victoria
2464 385 2572 431 tot.
2601 378 2713 447 jam
2771 381 2903 433 urbe
2939 378 3209 435 celebrent
3262 388 3425 441 mittit
3460 408 3474 444 :
3532 356 3539 357 ί

216 456 436 502 luerunt
459 464 473 502 :
497 467 525 503 a
552 454 752 520 quibus
792 454 1062 509 redditum
1084 457 1337 526 deinceps
1369 460 1584 513 sultano
1606 460 1799 515 Snlimi

213 536 335 592 fuit.
374 540 534 593 Anno
563 545 810 611 sequenti
850 546 1102 614 proximo
1140 549 1245 602 980
1276 550 1433 617 (Chr.
1480 552 1664 617 157⁷5),
1709 558 1805 607 de-

210 632 354 680 ri-no
384 633 579 698 quinto
611 634 819 689 mensis
851 633 1123 701 Januarii,
1154 647 1356 692 tentata
1402 641 1499 693 fuit
1533 656 1561 693 a
1592 641 1803 697 Venetis

212 721 434 775 obsidio
466 722 685 776 Castalii
721 727 869 790 novi,
912 728 1089 796 raptis
1129 729 1428 795 suburbiis,
1460 732 1550 785 sed
1571 745 1801 786 succuro

209 823 334 864 rent
364 815 462 867 bus
488 815 765 878 Barbarie,
796 821 864 871 ab
892 820 1182 874 obsidione
1234 822 1563 878 discessum.
1610 823 1805 894 Cupie-

206 903 348 958 bant
382 904 565 958 Veneti
608 910 707 961 ilOt'
738 909 935 977 oppido
964 927 1087 965 cutn
1122 928 1244 967 arce
1313 914 1492 983 potiri,
1564 924 1621 969 ut
1654 917 1802 969 omni

204 996 459 1061 periculo
482 997 765 1064 Catarum,
798 1002 1072 1055 civitatem
1129 1005 1213 1058 sui
1270 1007 1412 1073 juris
1482 1008 1639 1075 longe
1683 1022 1805 1060 mu-

209 1086 571 1152 nitissimam,
604 1090 922 1148 liberarunt.
958 1093 1132 1148 Situm
1162 1106 1246 1150 est
1279 1098 1422 1150 enim
1471 1098 1726 1153 Catarum
1748 1099 1801 1153 in

203 1178 338 1229 sinu
372 1182 604 1247 quodam
655 1186 844 1250 maris,
905 1188 996 1255 qui
1037 1186 1332 1243 Rizonicus
1388 1190 1516 1244 olim
1579 1202 1802 1259 vocatus

206 1269 339 1329 fuit,
376 1274 609 1326 nuncab
638 1277 747 1343 ipsa
781 1277 1005 1332 civitate
1028 1279 1323 1334 Catarinus
1372 1283 1574 1337 dicitur
1610 1285 1803 1352 :cujns

205 1364 417 1414 Ostium
452 1364 612 1418 Turci
648 1366 913 1422 hactenus
937 1372 1154 1425 Castelli
1205 1372 1327 1425 novi
1398 1376 1802 1442 prepngnaculo

206 1453 487 1517 claudere,
506 1470 571 1509 ne
590 1456 787 1512 Cataro
809 1463 1056 1514 succurri
1080 1464 1268 1529 possit,
1294 1464 1490 1520 frustra
1514 1476 1797 1520 conantur.

285 1543 458 1598 Variae
488 1549 837 1619 contigerunt
886 1563 1047 1607 aetate
1093 1564 1281 1609 nostra
1346 1559 1679 1614 mutationes
1746 1562 1797 1612 in

204 1653 381 1706 regno
413 1638 703 1705 Tunisino,
740 1660 850 1712 quo
880 1647 1256 1714 superioribus
1282 1651 1440 1704 annis
1477 1668 1567 1705 rex
1598 1654 1794 1717 Assan,

1904 467 1993 532 qtti
2020 482 2069 534 οι
2091 484 2175 519 cut
2208 470 2324 536 ejus
2359 470 2731 539 auxiliumque
2773 481 3083 539 poscerent,
3113 482 3171 527 ut
3194 491 3361 546 regno
3391 496 3473 533 re-

1903 557 2247 613 stitucretur.
2280 559 2454 615 Simul
2496 562 2807 617 habiturum
2841 579 2900 618 se
2950 567 3476 638 promittitingentcs

1905 647 1974 700 ab
2000 649 2192 704 amicis
2221 650 2499 719 sociisque
2520 652 2726 721 cupias,
2755 660 2809 707 et
2842 670 2959 707 eam
3022 671 3254 712 annonae
3302 660 3471 714 almu-

1902 739 2162 804 dantiam,
2187 756 2306 811 quae
2335 742 2503 811 ipsius
2528 745 2785 799 exercitui
2815 747 2892 799 vel
2925 748 3159 801 maximo
3182 750 3473 805 suffectura

1902 831 1995 886 sit.
2026 833 2230 887 Adnuit
2263 834 2382 904 ejus
2417 837 2699 904 postulatis
2723 840 2997 897 Austrius.
3024 849 3077 893 et
3122 843 3315 911 insigni
3345 861 3468 898 cutn

1901 922 2095 990 classe,
2131 938 2293 991 quam
2323 925 2444 979 aliis
2472 928 2633 981 etiam
2670 943 2793 981 cum
2826 931 3137 987 triremibus
3166 934 3269 986 dux
3314 937 3473 990 Surs-

1901 1030 2090 1077 sanus,
2124 1022 2177 1068 et
2204 1014 2567 1083 Melpbitanus
2595 1018 2868 1088 princeps,
2928 1019 3167 1076 Joannes
3230 1024 3479 1080 Andrras

1902 1106 2063 1160 Doria
2088 1108 2515 1170 comitabantur,
2553 1110 2606 1163 in
2632 1112 2871 1165 Africam
2902 1116 3193 1183 transjicit,
3227 1120 3473 1173 'l'unisim

1900 1206 2150 1266 occupat,
2181 1214 2362 1268 regem
2389 1214 2417 1252 a
2448 1199 2642 1256 Turcis
2673 1201 2858 1256 datum
2894 1203 2946 1256 in
2979 1216 3297 1275 potestatem
3337 1210 3476 1263 redi-

1901 1290 1999 1357 git,
2035 1291 2221 1344 urbem
2257 1303 2467 1361 captam
2500 1293 2654 1346 militi
2684 1310 2784 1348 suo
2815 1296 3175 1366 diripiendam
3202 1304 3471 1359 concedit.

1899 1381 2032 1434 Cum
2055 1392 2230 1436 autem
2254 1387 2539 1453 promissis
2560 1386 2752 1440 Amida
2776 1404 2881 1441 non
2908 1390 3267 1456 satisfaceret,
3290 1394 3475 1450 ﬂuxa:—

1899 1487 2003 1539 que
2022 1475 2353 1541 ca-tcroquin
2377 1476 2540 1527 etiam
2582 1477 2703 1530 fidei
2747 1479 2899 1546 signa
2922 1480 3167 1541 quaedam
3190 1483 3474 1550 prtebcret,

1900 1563 2211 1618 sollicitatis
2239 1576 2453 1619 secreto
2502 1567 2755 1623 'l‘urcicis
2799 1570 3040 1635 auxiliis,
3095 1587 3219 1626 cum
3264 1572 3483 1629 duobus

1905 1656 2028 1710 ﬁliis
2062 1658 2114 1708 iu
2145 1656 2414 1722 Siciliam,
2442 1658 2598 1727 jussu
2629 1662 2859 1718 Austrii.
2890 1672 3234 1719 transvectus
3254 1665 3373 1719 fuit.
3400 1665 3474 1719 lbi

207 1728 529 1785 Macbtnetis
562 1733 703 1821 filius
767 1734 1106 1805 (Muleassem
1138 1741 1309 1795 nostri
1335 1757 1441 1795 non
1467 1754 1611 1798 recte
1635 1759 1793 1798 voca-
1826 1736 1864 1790 Β
1898 1749 1984 1803 cui
2043 1746 2285 1800 futurum
2309 1751 2628 1818 accepisset,
2664 1762 2720 1803 ut
2745 1751 2912 1806 frater
2946 1756 3063 1821 ejus
3125 1754 3474 1816 Maebntctes.

211 1830 365 1884 runt,
400 1836 518 1874 cum
548 1820 693 1877 Mole
718 1840 893 1894 regem
936 1827 1018 1880 vel
1042 1828 1321 1883 dominum
1347 1830 1589 1899 ip-orum
1613 1833 1795 1903 lingua

208 1912 521 1980 signiﬁcare
557 1916 823 1981 tradatur,
879 1924 1057 1973 Assan
1088 1936 1215 1974 vero
1247 1923 1528 1990 proprium
1555 1922 1717 1978 fuerit
1744 1926 1794 1981 ri

208 2006 456 2074 nomen),
496 2008 717 2062 excluso
746 2019 1039 2080 necatoque
1071 2013 1307 2068 maximo
1333 2026 1457 2069 natu
1479 2015 1794 2071 fratrellla~

209 2113 401 2162 niuna,
424 2098 518 2167 qui
554 2101 755 2155 nostris
783 2113 868 2156 est
900 2102 1163 2168 Maimou,
1193 2105 1397 2175 potitus
1446 2106 1574 2161 fuit.
1645 2109 1790 2163 Idem

208 2199 441 2244 caeteros
473 2206 687 2261 quoque
713 2193 909 2249 fratres
938 2210 1093 2259 suos,
1124 2212 1263 2264 quos
1292 2199 1531 2254 moriens
1557 2201 1605 2255 ci
1639 2210 1794 2267 pater

214 2286 408 2354 viginti
439 2302 605 2339 unum
650 2288 968 2357 reliquerat,
995 2299 1088 2342 aut
1140 2291 1439 2356 interiecit,
1506 2304 1597 2347 aut
1646 2294 1791 2351 ferro

214 2378 469 2430 candenti
502 2378 680 2432 oculis
704 2379 945 2433 adhibito
967 2380 1193 2433 catcavit
1228 2393 1489 2450 :excepto
1516 2382 1787 2448 lloscette,

211 2472 577 2544 qui‘serundo
608 2473 727 2525 loco
748 2474 957 2542 genitus
987 2472 1185 2526 fuerat.
1208 2473 1257 2527 Is
1280 2474 1334 2527 in
1362 2485 1557 2528 conatu
1589 2477 1801 2544 pellen-

207 2566 263 2621 di
294 2570 482 2619 fratris
501 2566 750 2628 Assanis,
775 2580 832 2619 re
854 2580 1042 2633 parum
1068 2565 1298 2620 feliciter
1321 2574 1497 2636 gesta,
1522 2567 1785 2621 Cesairim

208 2657 508 2725 (Alget-ium
535 2656 702 2709 nostti
737 2656 951 2726 vorant)
984 2656 1224 2725 profugit
1284 2658 1349 2710 ad
1396 2657 1782 2711 Cltairadinem

190 2738 599 2803 ‘Bat-barossam
620 2766 631 2799 :
654 2750 744 2817 qui
767 2748 1016 2802 lioscette
1053 2748 1578 2817 Constantinopolim
1597 2750 1785 2815 misso,

204 2842 309 2894 sub
338 2841 459 2907 ejus
490 2850 673 2893 tamen
703 2840 996 2895 reducendi
1033 2850 1295 2909 praetextu
1333 2840 1576 2909 deceptis
1613 2839 1789 2895 Tuni-

206 2935 364 2993 sinis,
394 2934 656 2986 Assanem
688 2932 915 2999 expulit,
952 2932 1142 2985 urbem
1198 2946 1321 2983 cum
1382 2946 1506 2985 arce
1570 2942 1785 3001 totoque

208 3044 379 3097 regno
404 3028 568 3097 cepit,
599 3042 664 3079 ac
698 3026 916 3079 sultano
947 3024 1267 3088 Soleimani,
1300 3040 1356 3079 se
1400 3025 1779 3095 prosultauutn
1809 3063 1853 3121 ϐ

204 3118 521 3187 appellans,
569 3116 813 3169 subdidit
849 3135 863 3169 :
897 3114 1041 3183 quod
1112 3114 1330 3184 quidem
1384 3116 1583 3170 accidit
1635 3131 1780 3169 anno

202 3208 593 3263 Mahumetauo
628 3206 729 3261 940
778 3206 930 3275 (Chr.
983 3206 1165 3275 1554).
1212 3206 1480 3261 Assanem
1542 3205 1780 3289 Karulus

210 3303 499 3370 Augustus
540 3299 593 3352 in
624 3314 872 3369 regnum,
927 3298 1152 3367 expulso
1189 3297 1535 3363 Cbairadiue,
1566 3300 1781 3352 reduxit

203 3406 351 3445 anno
372 3390 475 3443 945
516 3388 668 3459 (Chr.
700 3390 857 3458 1557)
884 3407 898 3455 ;
931 3390 1072 3459 quod
1107 3389 1198 3443 ille
1220 3390 1478 3457 deinceps
1517 3404 1547 3442 a
1568 3404 1780 3444 ueuttne

206 3491 436 3538 vexatus
464 3483 700 3536 obtinuit
735 3498 909 3551 usque
949 3482 1013 3535 ad
1038 3497 1241 3535 annum
1273 3479 1379 3534 950
1406 3480 1562 3551 (Chr.
1594 3480 1775 3549 1544),

206 3590 322 3647 quo
350 3576 691 3629 adventantis
722 3590 844 3629 cunt
875 3574 1047 3629 classe
1076 3574 1413 3629 Cbairadinls
1435 3575 1573 3629 fama
1628 3574 1782 3629 terti-

205 3676 321 3730 tus,
348 3669 401 3721 in
433 3667 673 3721 Siciliam
710 3664 1099 3737 Neapolimque
1128 3668 1362 3736 trajecit.
1399 3667 1594 3721 Amida
1640 3669 1781 3721 lilius

207 3759 455 3815 'l‘unisim
487 3777 612 3813 cum
642 3777 769 3816 arce
788 3778 883 3829 per
911 3760 1212 3815 absentiam
1232 3759 1398 3828 patris
1427 3759 1654 3814 Assanis
1689 3774 1785 3813 oc-

203 3868 392 3925 eupat,
425 3872 817 3926 reversumque
848 3866 1067 3925 patrem
1096 3854 1257 3924 capit,
1284 3864 1338 3908 et
1374 3852 1659 3906 oculorum
1684 3868 1782 3921 pu-

204 3949 355 4018 pillis
379 3948 630 4002 candenti
663 3948 923 4017 scalpello
943 3947 1110 4014 lzesis,
1140 3948 1259 4001 visu
1298 3945 1519 4015 spoliat.
1574 3942 1777 3998 Eadem

203 4042 545 4093 immanitate
568 4042 779 4092 tractati
805 4040 871 4091 ab
887 4037 1081 4091 Amida
1104 4037 1324 4101 lratres,
1346 4034 1586 4090 Nabaser
1607 4044 1659 4088 et
1674 4034 1782 4088 Ab-

199 4134 397 4193 da‘las,
433 4130 572 4201 quos
596 4146 720 4185 cum
754 4143 906 4200 patre
934 4140 1170 4198 ceperat.
1200 4128 1463 4181 Amadam
1496 4142 1666 4197 regno
1690 4141 1783 4195 pa—

200 4236 360 4277 truus
384 4222 816 4275 Abdamelecltus
839 4220 1017 4289 ejecit.
1047 4219 1095 4272 ls
1114 4222 1256 4272 enim
1290 4218 1537 4272 Gulctam
1572 4216 1785 4285 profec-

202 4324 318 4379 tus,
359 4322 412 4367 et
441 4312 721 4369 Fraucisci
748 4312 975 4369 Tovaris
1030 4310 1275 4380 llispaui,
1309 4311 1513 4365 Guletaz
1546 4310 1781 4379 praefecti

1901 1841 1985 1894 cui
2032 1841 2267 1894 maxime
2306 1840 2535 1896 infestus
2590 1853 2728 1909 erat,
2775 1861 2943 1913 regno
2978 1846 3384 1914 prazﬁceretur:
3419 1849 3470 1901 iu

1896 1948 2021 1988 eum
2056 1932 2301 1989 furorem
2330 1936 2555 1991 adactus
2579 1949 2683 2000 est,
2710 1946 2768 1990 ut
2815 1939 2881 1991 de
2939 1938 3145 1993 triremi
3197 1954 3256 1994 se
3286 1941 3475 2009 prtrci-

1882 2024 2194 2113 pitaturus.
2235 2034 2287 2078 et
2322 2025 2474 2094 aquis
2516 2024 2882 2079 suffocaturus
2911 2034 3055 2080 essm
3092 2042 3106 2090 ;
3139 2025 3227 2080 vix
3278 2026 3468 2080 Amida

1896 2114 2027 2175 lilio,
2062 2114 2358 2182 quominus
2412 2116 2459 2166 id
2490 2114 2713 2175 faceret,
2757 2114 3106 2183 impediente.
3139 2114 3469 2170 Machmetes

1893 2206 2098 2259 Amida:
2122 2205 2306 2271 frater,
2344 2207 2411 2259 ab
2442 2184 2664 2261 Austrio
2694 2221 2920 2273 regnum
2959 2207 3292 2276 impetravit,
3324 2223 3468 2277 prte-

1893 2296 2023 2352 Stito
2059 2297 2208 2365 prius
2240 2296 2289 2349 in
2316 2297 2523 2351 Austrii
2560 2300 2843 2367 prazsentia
2882 2307 3251 2362 sacramento,
3278 2314 3387 2368 quo
3409 2314 3469 2353 se

1893 2397 2151 2457 perpetuo
2183 2388 2390 2442 fidelem
2443 2390 2685 2459 Hispano
2739 2390 2847 2457 regi
2900 2389 3157 2444 clientem
3222 2390 3464 2469 futurum

1893 2481 2162 2549 promisit.
2205 2480 2254 2535 Is
2281 2481 2528 2550 proximo
2561 2481 2757 2536 deinde
2784 2481 2975 2545 bello,’
3000 2483 3141 2551 quod
3168 2482 3466 2550 CSPOsiluri

1891 2576 2073 2627 statim
2102 2587 2314 2634 sumus,
2346 2571 2400 2625 in
2447 2570 2751 2626 'I‘urcorum
2817 2574 3135 2641 poteStatem
3194 2572 3362 2633 vertit,
3415 2580 3469 2623 et

1888 2665 2412 2735 Constantinopolim
2442 2674 2593 2719 trans
2629 2679 2779 2717 mare
2808 2673 2994 2717 vectus
3024 2662 3469 2733 fuit:ubisuper~

1888 2768 1997 2813 stes
2025 2757 2203 2811 adhuc
2236 2766 2363 2809 ante
2394 2754 2707 2819 triennium,
2732 2771 2852 2809 cunt
2902 2755 3028 2808 istic
3078 2770 3342 2809 essemus.
3414 2751 3465 2807 in

1887 2864 2034 2914 arce,
2074 2864 2195 2919 quas
2225 2849 2288 2901 de
2312 2856 2517 2916 septem
2556 2846 2800 2903 turribus
2828 2862 2858 2900 a
2881 2846 3085 2901 Grzecis
3110 2848 3275 2915 llepta
3297 2846 3465 2901 Gula-

1887 2943 2003 3004 des,
2044 2958 2073 2994 a
2101 2941 2295 2995 Turcis
2316 2939 2560 2994 Jadicula
2587 2938 2808 3004 dicitur,
2839 2938 2944 2995 sub
2976 2940 3223 2995 custodia
3263 2939 3469 2993 detine-

1887 3027 2071 3082 batur.
2111 3028 2248 3083 llinc
2289 3026 2544 3081 Austrius
2570 3042 2794 3082 suorum
2847 3028 3140 3083 concilium
3203 3031 3366 3097 cogit,
3409 3028 3464 3082 in

1884 3137 1992 3191 quo
2025 3121 2186 3175 variis
2220 3119 2381 3174 dictis
2414 3120 2847 3189 cxaminatisque
2880 3112 3191 3185 sententiis,
3247 3120 3461 3173 tandem

1879 3213 2197 3265 conclusum
2229 3227 2242 3262 :
2274 3210 2469 3263 debere
2505 3224 2697 3263 novam
2736 3211 3097 3264 munitionem
3131 3210 3273 3263 inter
3301 3209 3463 3264 Gule-

1881 3311 1987 3355 tam
2021 3310 2073 3354 et
2097 3300 2371 3365 'l‘unisim,
2403 3300 2469 3353 ad
2499 3300 2843 3370 interjectum
2877 3300 3096 3368 utrique
3145 3300 3319 3354 lacum
3364 3315 3465 3355 cx-

1880 3395 2036 3457 strui,
2073 3409 2193 3463 qua:
2225 3395 2411 3449 decem
2432 3394 2755 3449 milliaribus
2785 3394 2985 3449 Italicis
3018 3408 3048 3449 a
3075 3392 3289 3457 Guleta,
3329 3408 3461 3463 pau-

1880 3485 2041 3553 loque
2071 3484 2250 3538 minus
2287 3500 2315 3536 a
2341 3484 2530 3538 Tunisi
2555 3484 2800 3537 distaret.
2835 3482 2963 3553 Ejus
2997 3484 3073 3538 rci
3109 3482 3463 3553 perﬁciendae

1879 3589 2044 3629 causa
2070 3574 2295 3653 relictus
2329 3576 2452 3630 istic
2485 3573 2706 3630 Gabriel
2765 3575 3139 3629 Serbellonius
3203 3572 3459 3629 Mediola-

1880 3668 2069 3724 neusis
2093 3668 2284 3732 Italus,
2303 3684 2426 3723 cum
2449 3668 2625 3723 tribus
2652 3664 2893 3722 millibus
2919 3667 3176 3721 Italorum
3195 3667 3461 3737 peditum,

1881 3772 1935 3818 et
1966 3762 2258 3816 Salazarus
2295 3760 2583 3830 llispanus,
2617 3775 2736 3815 cum
2764 3758 2985 3813 tOtidem
3020 3759 3461 3829 llispanis:quoo

1880 3868 2001 3907 rum
2027 3860 2254 3921 uterque
2279 3850 2693 3905 muniendarum
2731 3851 2946 3904 urbium
3000 3850 3279 3904 etarciutn
3315 3852 3462 3919 peri-

1883 3944 2128 3999 tissimus
2161 3953 2299 3998 erat.
2334 3943 2562 3998 Consilii
2592 3944 2757 3997 totius
2778 3944 2860 3996 hic
2880 3942 3136 3998 eratﬁnis
3162 3954 3214 3997 et
3240 3960 3459 4014 scopas,

1884 4047 1943 4091 ut
1963 4037 2066 4090 hoc
2102 4035 2263 4090 modo
2285 4035 2477 4090 Guleta
2506 4033 2711 4088 ﬁrmior
2728 4033 3049 4095 eﬂiceretur.
3076 4042 3130 4088 et
3153 4043 3304 4089 tanto
3328 4035 3462 4090 Ωιεί-

1883 4124 1989 4180 lius
2010 4126 2062 4179 itt
2088 4125 2189 4179 ﬁde
2213 4124 2433 4179 Barbari
2453 4125 2866 4180 continerentur
2891 4124 2960 4176 ob
2980 4124 3231 4179 viciniam
3255 4127 3460 4200 utrius-

1884 4232 1991 4286 que
2053 4213 3112 4285 prmsidii.commoditatemquelacus;
3168 4216 3327 4285 365
3393 4216 3463 4271 ad

1884 4323 2043 4378 quem
2072 4308 2199 4377 quia
2232 4308 2335 4363 sita
2371 4315 2516 4362 esset
2542 4316 2771 4376 utraque
2802 4306 3057 4369 munitio,
3093 4307 3241 4361 nullo
3295 4324 3461 4378 uego-

197 4422 304 4476 Opc
327 4404 573 4460 'l'unisim
605 4406 902 4475 ingressus,
932 4418 1054 4457 mox
1089 4404 1142 4456 in
1188 4417 1367 4456 arcem
1417 4402 1588 4455 velata
1651 4400 1787 4455 facie
1818 4416 1863 4472 ι)
1890 4402 1966 4454 ιὶο
2005 4400 2193 4455 alteris
2245 4400 2400 4454 alteri
2443 4399 2736 4455 subvenire
2779 4405 3021 4469 possent.
3044 4398 3206 4453 Gesta
3243 4399 3459 4453 fuerunt

197 4482 394 4569 pergit,
419 4513 651 4568 eamque
695 4498 932 4567 deceptis
979 4494 1319 4559 custodibus,
1372 4494 1465 4563 qui
1523 4492 1772 4546 Amidam

195 4608 321 4647 esse
341 4593 659 4654 credebant,
679 4598 926 4660 occupat.
956 4588 1357 4642 Abdamelcclto
1398 4594 1516 4656 post
1566 4584 1780 4640 tricesi—

200 4703 352 4741 mum
388 4696 441 4740 et
454 4674 670 4740 aestum
697 4682 1004 4752 reguidiem
1030 4680 1192 4734 rebus
1226 4676 1479 4732 humanis
1505 4685 1778 4745 exempto,

197 4779 442 4834 succedit
474 4776 617 4829 ﬁlius
647 4773 999 4839 Macltmetes,
1030 4785 1203 4825 annos
1253 4769 1519 4822 duntaxat
1569 4768 1779 4822 duode-

196 4876 301 4926 cun
330 4880 535 4924 natus:
578 4868 669 4938 qui
702 4866 933 4921 necdum
996 4863 1249 4935 gerenda:
1315 4862 1628 4931 reipublica‘.
1685 4875 1779 4930 per

196 4976 414 5019 aetatem
476 4962 694 5025 idoneo,
743 4975 864 5014 cum
890 4956 1245 5011 intolerabilis
1289 4965 1601 5009 curatorutu
1660 4951 1781 5021 ejus

199 5052 603 5109 administratio
627 5051 899 5120 plerisque
949 5048 1247 5110 videretur,
1313 5046 1534 5099 rediens
1582 5045 1779 5098 Amida

200 5163 426 5218 regnum
458 5144 688 5215 patrueli
734 5143 955 5212 eriputt.
996 5140 1243 5194 Amidam
1267 5154 1456 5192 rursus
1480 5152 1776 5192 excussere

200 5240 385 5301 Turci,
414 5240 550 5293 duce
586 5234 815 5301 Uluzali,
847 5247 991 5287 anno
1024 5230 1129 5286 980
1158 5229 1307 5301 (Chr.
1348 5229 1529 5296 1575),
1572 5227 1781 5297 fuitque

201 5336 402 5387 sultaut
428 5329 646 5385 Sclitnis
691 5325 1014 5381 auctoritate
1040 5324 1301 5379 sulfectus
1332 5322 1384 5374 in
1406 5321 1576 5391 ipsius
1600 5322 1776 5373 locttut

200 5444 282 5489 rex
314 5427 484 5477 alius.
515 5424 708 5476 Amida
727 5419 975 5474 Guletam
1008 5414 1347 5487 profugiens,
1370 5430 1489 5482 rpite
1513 5411 1779 5481 lliSpauo-

200 5537 307 5571 rum
334 5519 495 5587 [ηυδεδί
522 5516 590 5566 aio
627 5511 931 5574 tenebatur,
962 5508 1228 5578 privatam
1261 5496 1381 5559 cum
1408 5505 1623 5557 duobus
1652 5502 1779 5556 filiis

200 5616 354 5663 vitam
390 5600 531 5672 egit.
557 5602 805 5670 Cumque
846 5613 1042 5668 magno
1083 5592 1779 5665 recuperandireguidcsi-

199 5705 343 5754 deuo
372 5698 653 5755 ﬂagraret,
682 5709 810 5747 suos
848 5691 915 5745 ad
945 5690 1204 5745 Joannem
1243 5686 1547 5753 Austrium,
1595 5684 1775 5739 navali

1885 4492 1998 4547 lucc
2022 4507 2168 4546 anno
2197 4491 2304 4547 980
2339 4490 2493 4560 (Chr.
2538 4490 2720 4560 i575).
2842 4539 2868 4553 ρ

1950 4584 2261 4657 Eget-time
2294 4584 2501 4639 ferebat
2525 4583 2776 4638 sultauus
2809 4580 3047 4638 Selimes
3070 4582 3170 4636 hos
3200 4580 3461 4636 Christia-

1882 4690 2075 4730 norqu
2142 4678 2196 4731 in
2266 4675 2449 4732 Africa
2512 4692 2856 4746 progressus.
2935 4672 3123 4745 Itaque
3198 4676 3459 4728 Sinanem

1882 4767 2122 4833 bassnm,
2154 4768 2334 4823 virum
2377 4779 2648 4834 astutum,
2696 4768 2882 4837 reique
2936 4768 3195 4823 militaris
3240 4768 3463 4836 peritis-

1884 4859 2107 4926 simum,
2147 4861 2308 4917 classi
2339 4877 2599 4927 supremo
2627 4877 2750 4915 cum
2778 4862 3011 4929 imperio
3044 4861 3269 4930 prtBﬁcit
3302 4876 3312 4912 :
3349 4876 3457 4928 qua

1884 4948 1987 5005 160
2021 4952 2293 5016 triremes,
2333 4964 2387 5006 et
2421 4953 2491 5007 55
2537 4953 2740 5006 diversi
2798 4952 3014 5022 generis
3070 4952 3285 5021 navigia
3328 4965 3459 5003 con-

1885 5041 2224 5095 tinebantur.
2255 5039 2305 5096 Is
2346 5042 2399 5096 itt
2442 5042 2682 5095 Africam
2726 5058 2912 5096 mense
2946 5038 3114 5104 .Iulio,
3168 5054 3311 5093 anno
3344 5035 3458 5090 Ma-

1884 5134 2186 5188 buntetauo
2221 5135 2318 5189 981
2357 5136 2509 5207 (Chr.
2542 5133 2726 5200 i574),
2770 5133 3003 5203 appulit.

1951 5225 2277 5297 Quanquam
2351 5242 2478 5281 vero
2536 5243 2689 5281 nova:
2760 5224 3048 5279 munitioni
3109 5219 3456 5275 absolvenda:

1885 5320 2172 5389 praefecuts
2228 5319 2600 5375 Serbellonius
2656 5334 2848 5387 magna
2891 5314 3141 5370 rebusin
3200 5310 3456 5365 omnitus

1882 5408 2163 5478 diligentia
2197 5407 2391 5464 fuisset
2420 5423 2571 5471 usus,
2606 5418 2786 5461 tamen
2822 5419 2885 5458 ea
2917 5400 3149 5456 necdum
3174 5407 3291 5455 erat
3329 5414 3455 5467 per-

1884 5499 2045 5565 fecta,
2084 5503 2223 5568 quod
2275 5502 2451 5555 serius
2487 5498 2794 5561 architecti,
2843 5510 2967 5551 cum
2998 5492 3171 5547 fabris
3219 5506 3454 5545 cremen-

1886 5592 2061 5655 tariis,
2093 5601 2145 5646 et
2179 5594 2327 5646 omni
2360 5593 2588 5647 materia
2642 5589 2821 5656 missi,
2858 5589 3073 5642 tandem
3108 5586 3162 5639 in
3210 5583 3453 5637 Africam

1885 5684 2193 5739 sub'ﬁnem
2258 5685 2464 5739 mensis
2522 5682 2696 5736 Martii
2759 5679 3135 5751 perveniSscnt
3242 5691 3454 5730 'torum
