4026 6204
559 259 665 325 675

1781 250 2108 312 ΙΟΑΝΝΙΒ
2157 250 2623 313 LEUNFLM'II

3726 261 3830 325 6‘6

562 375 829 424 adventus
869 363 1096 421 Octobri
1124 377 1309 418 mense
1337 360 1696 432 praecedentis
1730 361 1863 414 anni
1908 360 2145 430 promis-
2172 371 2214 426 Α
2246 375 2340 416 sus
2360 360 2516 431 ejecti
2552 370 2681 416 sunt
2731 361 2961 434 Hispani
2991 380 3054 420 ex
3090 365 3453 431 Alrica,intra
3493 372 3830 428 tricesimum

562 481 654 519 sus
678 464 879 523 fuerat,
925 475 1051 513 cum
1096 457 1163 511 ιο
1227 455 1567 519 triremibus,
1627 470 1861 524 quarum
1920 454 2141 508 navales

563 554 697 609 socii
734 566 920 607 muros
951 548 1228 603 Tunisinm
1264 548 1416 600 urbis
1463 547 1530 600 ad
1583 554 1921 600 structuram
1980 562 2139 601 novae

563 642 884 701 tnuuitiOnis
923 640 1173 695 demoliri
1207 639 1509 693 debuerant
1548 656 1562 693 :
1600 641 1744 708 quod
1795 639 1992 693 factum
2029 655 2135 691 nor:

562 740 684 799 fuit,
714 734 1073 806 quantumvis
1099 733 1357 787 Austrius
1387 734 1438 785 in
1462 732 1639 786 vicina
1674 730 1861 785 Sicilia
1886 739 2130 799 degeret.

556 831 681 883 Erat
746 828 913 882 etiam
976 827 1453 895 praesidiariorum
1522 826 1756 881 milittun
1818 826 2135 880 deminutus

560 939 842 986 numerus,
907 919 1280 975 exauctoratis
1358 928 1563 973 temere
1626 919 1928 982 nonnullis,
1993 935 2133 989 quos

554 1030 772 1070 Omnem
806 1016 858 1067 in
899 1024 1151 1068 eventum
1205 1020 1447 1067 retentos
1501 1012 1768 1081 oportuit.
1816 1010 1931 1067 lloo
1970 1015 2134 1066 modo

558 1126 652 1177 per
707 1108 978 1177 ignaviam
1033 1105 1459 1174 socordiamque
1500 1107 1728 1170 factum,
1788 1113 1848 1159 ut
1901 1105 1956 1158 in
2005 1105 2132 1159 hos-

556 1202 691 1253 titun
730 1206 1055 1268 potestatem
1107 1196 1443 1253 munitiones
1476 1198 1559 1252 hae
1609 1198 1759 1253 nullo
1810 1212 1980 1267 prope
2028 1212 2129 1251 ne-

554 1296 701 1364 gotio
737 1293 1010 1348 venirent.

622 1387 784 1441 Turci
835 1383 1342 1455 primumGuletam
1377 1385 1633 1440 obsidere
1680 1393 1997 1454 cmperuut,
2036 1386 2123 1440 cui

551 1477 747 1531 Petrus
803 1475 1037 1530 Carrera
1093 1473 1370 1543 llispanns
1427 1485 1676 1545 praeerat.
1732 1475 1793 1529 Ei
1852 1474 2130 1530 Serbrlhi-

552 1570 702 1622 nium
763 1569 829 1622 de
868 1566 1134 1621 subsnliis
1188 1567 1469 1620 mittendis
1520 1567 1759 1636 urgenti,
1812 1582 2126 1636 quanquam

550 1665 673 1718 loco
733 1663 1014 1717 munitiuri
1064 1672 1227 1727 esset,
1292 1662 1709 1717 Serhelloniano
1766 1664 1997 1717 necdum
2059 1663 2126 1716 ad

550 1761 713 1814 linem
760 1763 1071 1827 perducto:
1104 1769 1285 1814 tamen
1336 1759 1440 1813 650
1492 1759 1701 1828 pedites
1737 1760 1934 1826 partim
1983 1758 2123 1823 Itali,

548 1857 747 1920 partim
785 1853 1008 1921 Hispani
1063 1851 1217 1907 fuere
1258 1851 1430 1907 missi.
1477 1851 1617 1905 Hinc
1647 1869 1676 1905 a
1713 1851 1913 1906 Turcis
1960 1853 2123 1906 cliattt

548 1946 924 2002 Srrbellonins
964 1946 1226 2000 obsessus
1256 1945 1382 2007 fuit,
1415 1960 1648 2013 quorum
1679 1945 1981 1999 exercitum
2029 1962 2124 2000 no-

544 2039 628 2092 vis
656 2039 904 2093 adductis
934 2038 1109 2107 Copiis
1166 2037 1463 2091 ilamadam
1494 2039 1736 2093 Cesairis
1768 2038 2123 2108 heglezbegus

546 2136 865 2185 adanxerat.
896 2132 1124 2185 Carrera
1166 2132 1345 2185 denuo
1374 2131 1680 2184 subsidium
1722 2131 1874 2199 petit.
1918 2130 1995 2185 Ea
2035 2146 2122 2185 res

547 2222 773 2274 anxium
812 2218 1144 2275 Serhellonii
1201 2222 1446 2274 animum
1483 2236 1589 2275 non
1623 2237 1812 2291 parum
1843 2232 2117 2293 torquere.

546 2313 603 2365 Si
648 2312 827 2368 nullos
862 2313 1121 2378 misisset,
1174 2311 1418 2367 futurum
1455 2314 1771 2376 verebatur,
1830 2325 1891 2369 ut
1917 2316 1991 2381 εἰη
2041 2315 2124 2384 ip-

542 2421 665 2458 sum
702 2406 920 2459 amissa:
946 2405 1153 2459 Gulette
1183 2405 1339 2474 culpa
1380 2406 1726 2460 conferretur
1753 2423 1767 2461 :
1794 2406 1879 2462 sin
1912 2418 2117 2474 autem,

544 2506 601 2549 nt
635 2511 737 2551 suo
764 2506 938 2551 semet
967 2498 1221 2566 praesidio
1258 2499 1515 2552 nudaret.
1568 2496 1941 2554 Nihilominus
1983 2514 2119 2553 con-

539 2603 700 2643 cessa
727 2588 972 2643 Carrerae
1008 2604 1202 2643 manus
1244 2589 1599 2644 subsidiaria.
1652 2590 1873 2644 Duobus
1909 2589 2118 2646 interea

543 2682 775 2749 navigiis
796 2684 1125 2751 appulerunt
1147 2677 1496 2751 ex'llispania
1520 2682 1625 2738 600
1641 2681 1844 2737 milites
1866 2681 2115 2752 Hispani,

547 2774 641 2843 qui
674 2783 841 2827 noctu
877 2789 973 2842 per
1008 2774 1156 2842 ipsas
1190 2771 1495 2830 Turcorum
1526 2776 1787 2829 excubias
1828 2786 2119 2844 penetran-

541 2877 644 2932 tes,
677 2882 799 2921 cum
830 2867 1046 2921 vexillis
1083 2877 1137 2921 et
1181 2869 1429 2922 vestibus
1487 2866 1741 2923 Turcicis
1805 2878 2113 2930 uterentur,

539 2970 593 3012 et
644 2957 912 3028 quosdam
962 2958 1194 3013 Turciec
1248 2959 1534 3027 lotiuemes
1587 2974 1770 3014 secum
1827 2961 2110 3024 habt-rent,

2242 464 2295 507 et
2326 464 2540 506 sextum
2564 455 2707 508 diem
2740 472 2753 508 :
2779 457 3019 525 amissaq
3035 473 3101 510 ur
3130 472 3224 526 per
3255 474 3528 514 summam
3558 462 3833 532 ignaviam

2239 560 2302 601 ea
2329 564 2448 615 quae
2474 547 2713 603 Karulus
2738 550 3018 619 Angustus
3041 550 3093 603 in
3118 561 3446 619 potestatem
3470 557 3677 623 optimo
3699 572 3837 621 cqu-

2238 640 2365 693 silio
2401 641 2705 711 redegerat,
2737 651 2793 697 tit
2826 643 3108 697 securitati
3153 644 3377 710 Siciliae,
3423 663 3553 716 regn
3618 645 3833 717 Neapo-

2238 730 2389 785 litani
2422 734 2697 804 totiusque
2759 746 2871 790 tum
2904 736 3093 799 Italire.
3132 748 3241 792 tum
3278 738 3549 809 Hispania:
3576 742 3835 797 consule-

2237 833 2337 879 ret.
2365 825 2611 881 Fuerunt
2634 839 2815 882 autem
2840 829 2958 884 hate
2989 845 3133 883 anno
3158 831 3256 885 931
3291 831 3445 903 (Chr.
3473 833 3632 904 1544)
3652 846 3826 903 gesta,

2236 916 2395 983 cujus
2435 917 2607 972 initio
2653 917 2838 974 Veneti
2893 930 3070 975 certas
3106 925 3395 983 obcausas,
3456 938 3563 976 non
3604 927 3830 978 censu-3-

2237 1008 2305 1063 tis
2334 1019 2384 1062 et
2416 1009 2602 1065 invitis
2629 1012 2790 1075 adeo,
2829 1012 3082 1079 pontifice
3113 1022 3279 1082 atque
3337 1011 3611 1083 llispano,
3634 1030 3821 1070 contra

2233 1099 2380 1167 leges
2414 1100 2655 1163 foederis,
2687 1118 2873 1171 pacem
2905 1119 3026 1158 cum
3053 1105 3270 1161 sultano
3300 1106 3503 1162 Scliine
3537 1107 3817 1162 fecerant.

2304 1189 2459 1245 Tunc
2485 1193 2647 1247 etiam
2671 1195 2921 1267 Corcyra
2946 1199 3254 1253 munienda:
3302 1199 3524 1255 Venetis
3574 1204 3818 1255 Ot'casi0~

2234 1300 2358 1338 nem
2424 1287 2654 1354 praebuit
2720 1302 3029 1345 exscensus
3076 1292 3323 1347 crudelis
3383 1294 3436 1346 in
3493 1308 3612 1348 eam
3670 1295 3823 1349 insu-

2237 1377 2342 1430 lam
2396 1375 2617 1433 Sinanis
2679 1380 2876 1446 bassae,
2933 1383 3216 1440 redeuntis
3260 1400 3325 1438 ex
3373 1386 3632 1440 Africano
3659 1389 3816 1441 bello.

2232 1469 2364 1525 Nam
2395 1472 2520 1526 licet
2552 1472 2620 1526 ab
2650 1473 2945 1541 insulanis,
2978 1475 3027 1530 ei
3061 1478 3311 1547 placandi
3357 1480 3597 1533 hominis
3628 1494 3817 1544 causa,

2232 1563 2395 1634 cujus
2428 1565 2737 1634 praesertim
2763 1576 2891 1622 tunc
2929 1568 3180 1625 victoriis
3203 1569 3555 1623 insolentiam
3594 1582 3814 1637 norant,

2235 1672 2457 1711 umnera
2496 1658 2741 1725 quadam
2775 1660 3103 1715 oﬂ'errentur
3138 1679 3151 1714 :
3209 1669 3389 1716 tamen
3446 1660 3555 1716 illis
3595 1662 3815 1731 rejectis

2234 1747 2549 1802 immaniter
2573 1750 2627 1803 in
2654 1765 2749 1804 eos
2780 1763 3067 1819 grassatus
3093 1761 3201 1805 est.
3258 1751 3403 1805 Missi
3436 1753 3537 1807 hoc
3590 1756 3814 1808 nomine

2232 1836 2456 1891 fuerunt
2487 1840 2540 1892 in
2580 1840 2875 1911 Corcyram
2910 1857 3033 1896 cum
3084 1843 3176 1897 alii
3242 1859 3423 1898 rerum
3486 1846 3807 1901 militarium

2229 1932 2412 1996 periti,
2460 1941 2574 1986 tum
2637 1935 2802 1987 etiam
2876 1934 3081 1989 Sfortia
3129 1936 3505 2003 Palavicinus,
3564 1940 3810 1994 Marchio

2226 2020 2410 2078 Curtis
2447 2025 2697 2091 majoris.
2732 2025 2939 2081 Horum
2988 2031 3239 2083 consiliis
3309 2031 3381 2084 ita
3417 2041 3531 2084 tum
3586 2034 3810 2088 munitre

2224 2128 2349 2168 cum
2374 2114 2573 2184 oppido
2613 2116 2836 2171 fuerunt
2859 2133 3013 2173 arces
3082 2119 3185 2173 illae
3219 2122 3456 2189 przealtis
3490 2124 3541 2176 in
3580 2126 3756 2193 rupihi
3780 2139 3807 2179 ε

2224 2208 2362 2269 sitae,
2393 2223 2628 2278 vereque
2677 2218 2840 2278 caput
2881 2213 3022 2266 inter
3054 2194 3238 2267 nubila
3262 2214 3428 2284 (quod
3457 2213 3605 2269 Maro
3646 2217 3807 2281 dixit)

2223 2302 2542 2367 candentes,
2566 2305 2916 2374 quas'ipsum
2952 2322 3108 2361 mare
3167 2307 3498 2362 circumfluit
3527 2326 3542 2363 :
3584 2309 3720 2364 nihil
3751 2319 3811 2365 ut

2220 2395 2474 2467 equidem
2537 2396 2767 2451 viderim
2812 2401 3074 2455 adversus
3127 2415 3346 2456 omnem
3394 2401 3500 2457 vim
3552 2401 3806 2457 hostilem

2221 2488 2454 2555 ﬁrmius,
2493 2489 2627 2543 nihil
2662 2491 3155 2561 inexpugnabilius.

2292 2582 2482 2637 Annus
2509 2582 2771 2653 982(Chr.
2798 2584 2957 2653 1575)
2994 2586 3368 2642 memorabilis
3391 2598 3476 2643 est
3527 2588 3713 2658 plures
3736 2590 3805 2643 ob

2221 2688 2442 2728 causas.
2498 2675 2635 2728 Nam
2696 2676 2970 2730 exstincto
3024 2678 3243 2731 sultano
3306 2678 3624 2739 Selhnell.
3664 2682 3806 2738 filiis

2220 2764 2459 2823 Muratcs
2490 2767 2561 2823 lll
2592 2769 2714 2839 ejus
2748 2771 3009 2835 nominis,
3038 2771 3362 2840 auSpicatus
3378 2783 3461 2827 est
3486 2776 3802 2843 imperium,

2218 2873 2340 2913 eum
2383 2861 2505 2930 ipso
2536 2863 2699 2932 hujus
2729 2864 2857 2917 anni
2916 2865 3220 2920 Christiani
3274 2867 3566 2936 principio.
3598 2869 3808 2938 Agebat

2218 2952 2271 3007 id
2305 2954 2563 3023 temporis
2591 2970 2793 3009 annum
2818 2958 2997 3012 relatis
3019 2959 3111 3012 27.
3145 2961 3282 3014 Ante
3318 2961 3503 3015 omnia
3571 2974 3798 3032 recepto

537 3051 786 3105 (iuletam
829 3050 1061 3121 ingressi
1114 3060 1263 3105 sunt.
1308 3050 1550 3104 Tandem
1583 3061 1636 3104 et
1671 3051 1832 3105 tertio
1880 3053 2110 3106 Cat-rera
2143 3057 2188 3119 α
2224 3058 2380 3100 more
2433 3044 2670 3101 barbaro
2720 3049 3052 3117 strangulari
3109 3050 3357 3119 quinque
3402 3050 3602 3108 fratres
3648 3069 3804 3119 suos,

541 3145 767 3198 militem
822 3144 924 3199 sibi
967 3144 1215 3199 submitti
1265 3159 1293 3197 a
1347 3144 1690 3198 Serbellonio
1746 3144 2010 3213 postulat,
2065 3151 2121 3198 et

540 3240 875 3308 quingentos
932 3239 1194 3292 beneficio
1259 3238 1435 3292 noctis
1488 3253 1617 3292 usos
1667 3238 1943 3305 impetrat,
1994 3253 2119 3292 cum

538 3333 776 3403 egregiis
832 3330 1126 3400 praefectis,
1167 3347 1232 3385 ac
1276 3331 1419 3385 inter
1476 3332 1639 3395 alios,
1691 3330 1949 3384 Salazaro
2002 3346 2119 3383 ina-

538 3441 657 3491 gnae
717 3422 930 3477 virtutis
977 3432 1033 3477 et
1081 3421 1507 3477 existimationis
1549 3423 1687 3477 viro.
1752 3421 2120 3475 Nihilominus

539 3530 635 3567 arx
659 3513 923 3567 Guletaua
951 3512 1261 3568 Turcorum
1295 3514 1349 3567 in
1376 3523 1701 3584 potestatem
1733 3515 1897 3568 venit.
1932 3514 2122 3584 Neque

540 3607 789 3667 defuere,
826 3607 921 3674 qui
978 3605 1270 3662 Carreram
1331 3607 1662 3676 proditionis
1710 3607 2115 3662 insimularent.

543 3697 701 3751 l'rius
742 3695 964 3766 quidem
997 3707 1167 3762 certe,
1198 3714 1363 3767 quam
1414 3697 1577 3751 Turci
1623 3697 1984 3767 appulissent,
2037 3700 2120 3756 vel

538 3807 634 3861 per
662 3789 959 3852 inscitiam,
998 3788 1079 3844 vel
1134 3789 1477 3858 superbiam,
1528 3789 1861 3860 quingentos
1919 3791 2121 3848 milites

538 3892 829 3937 veteranos
872 3882 1036 3937 Italos
1068 3882 1361 3937 admittere
1411 3882 1631 3937 noluit:
1691 3884 1835 3953 quod
1891 3884 2119 3939 minime

536 3991 934 4031 concessurum
972 3991 1031 4030 se
1061 3975 1293 4039 diceret,
1327 3984 1381 4029 ut
1432 3976 1486 4029 in
1521 3975 1641 4044 ejus
1678 3976 1864 4044 gloria:
1905 3986 2115 4045 partem

540 4071 792 4123 venirent
850 4066 987 4133 itali,
1045 4084 1211 4137 quam
1269 4068 1498 4138 Hispani
1533 4066 1724 4123 Guleta
1774 4067 2116 4124 defendenda

537 4162 892 4215 consecuturi
947 4170 1152 4216 essent.
1203 4159 1468 4228 Equidem
1514 4162 1657 4232 apud
1709 4162 1857 4231 ipsos
1902 4162 2115 4217 Turcos

536 4270 599 4307 ex
649 4253 752 4307 fide
782 4253 963 4325 dignis
1008 4252 1323 4308 hominibus
1352 4253 1558 4323 aet-.rpi,
1598 4252 1885 4308 Cari-eram
1945 4254 2115 4308 fuisse

537 4346 709 4400 virum
740 4360 967 4415 prorsus
994 4345 1251 4416 ignavum
1284 4354 1338 4399 et
1367 4344 1816 4409 formidolosum,
1873 4347 1964 4413 qui
1999 4346 2115 4413 pul-

537 4438 683 4492 veris
728 4438 1072 4493 tormentarii
1129 4438 1375 4490 nidorem
1415 4436 1561 4491 ferre
1596 4452 1702 4490 non
1754 4446 1958 4507 posset,
2013 4452 2115 4491 nec
2145 4410 2195 4470 Β

537 4529 771 4583 tolerare
820 4520 1045 4581 fulmina
1093 4527 1464 4597 displosarum
1503 4528 1941 4583 machinarum:
1992 4544 2112 4596 qua:

534 4634 665 4675 sane
691 4618 906 4688 quoties
931 4619 985 4671 in
1021 4618 1236 4671 hostem
1258 4616 1727 4680 exonerabantur,
1753 4618 1872 4686 ipse
1898 4618 2113 4671 subter-

537 4711 715 4765 raneis
747 4726 807 4765 se
862 4711 1253 4775 testudinibus,
1312 4710 1817 4779 concameratisque
1844 4710 1976 4764 locis
2014 4709 2114 4763 ab-

533 4804 718 4871 debat,
766 4804 1141 4873 bombaceque
1187 4819 1315 4859 suas
1360 4802 1650 4859 obturabat
1674 4818 1862 4857 aures.
1909 4802 2113 4857 Ferunt

531 4897 581 4954 ei
615 4898 779 4952 Turci
811 4897 1138 4967 proditionis
1163 4896 1431 4953 obtulisse
1458 4895 1739 4967 prtemium
1796 4895 1947 4965 regni
2011 4894 2111 4965 Cy-

535 4988 643 5058 prii
676 4984 1055 5058 prmfecturam
1093 5003 1107 5040 :
1143 5002 1320 5057 neque
1371 4995 1554 5040 tamen
1616 4985 1863 5041 dedititio
1911 5002 2108 5056 prper-

531 5097 680 5147 cere,
718 5081 813 5135 sed
854 5088 1109 5148 tanquam
1138 5078 1228 5132 vili
1260 5079 1534 5148 mancipio
1594 5090 1724 5133 sunt
1780 5084 1884 5134 usi.
1940 5080 2107 5148 Capta

538 5176 754 5238 Gnleta.
795 5186 991 5246 pra-ter
1013 5174 1177 5227 aliam
1232 5174 1470 5241 praedam
1532 5174 1739 5244 potitus
1779 5183 1863 5228 est
1936 5173 2108 5228 Sinan

536 5268 697 5321 bassa
720 5266 1035 5337 quingentis
1063 5264 1330 5318 machinis
1353 5264 1591 5330 bellicis,
1618 5280 1740 5318 cuin
1770 5263 1972 5333 ingenti
2004 5274 2114 5317 tor-

538 5360 789 5415 meutarii
814 5359 1055 5428 pulveris
1104 5358 1449 5429 aliarumque
1497 5357 1636 5413 bello
1668 5358 2108 5411 necessariarum

535 5468 741 5515 rerum,
771 5463 826 5507 et
856 5466 1089 5506 annona:
1122 5450 1301 5522 copia.
1338 5450 1489 5506 Nova
1523 5465 1739 5521 quoque
1763 5450 1964 5505 deinde
1992 5464 2113 5531 tnu-

538 5546 674 5599 nitio
699 5560 729 5599 a
757 5544 954 5600 Turcis
985 5554 1248 5613 occupata
1288 5544 1409 5609 fuit,
1450 5558 1558 5597 non
1584 5555 1786 5597 tamen
1819 5542 1994 5596 multo
2030 5540 2102 5595 si-

536 5653 605 5691 ne
641 5643 947 5707 sanguine:
979 5647 1137 5707 capto
1172 5636 1337 5691 etiam
1374 5634 1736 5702 Serbellenio,
1760 5634 1855 5704 qui
1905 5635 2109 5689 crude-

532 5729 652 5783 liter
681 5744 710 5782 a
734 5728 937 5785 Sinaue
958 5729 1121 5787 bassa
1145 5738 1412 5784 tractatus
1455 5728 1573 5782 fuit.
1599 5727 1711 5783 lloc
1746 5725 1908 5784 modo
1933 5742 2103 5798 pror-

2225 3144 2358 3191 natu
2390 3151 2449 3192 se
2474 3138 2741 3205 minores,
2775 3140 2831 3195 in
2859 3144 3148 3210 praesentia
3183 3160 3281 3198 sua
3311 3144 3477 3211 jussit
3508 3161 3523 3198 :
3562 3160 3799 3215 quorum

2226 3229 2438 3283 minimi
2477 3230 2786 3288 cervicibus
2815 3247 2871 3288 et
2901 3235 3093 3305 jugulo
3127 3251 3252 3290 cum
3294 3251 3393 3305 pro
3418 3250 3567 3291 more
3596 3252 3804 3295 nervus

2225 3321 2608 3385 adhiberetur.
2636 3324 2910 3380 incertum
2952 3343 3019 3381 an
3053 3327 3345 3383 tenerioris
3391 3331 3442 3383 in
3474 3330 3624 3385 hunc
3652 3345 3804 3385 amo-

2225 3414 2300 3469 ris
2323 3429 2489 3469 causa
2538 3416 2702 3488 366
2758 3430 2988 3483 motum,
3031 3437 3099 3476 an
3174 3423 3511 3478 conscientia
3575 3434 3805 3494 patrata.

2222 3505 2563 3565 crudelitatis
2599 3512 2652 3565 in
2690 3527 2901 3581 omnes,
2930 3514 3307 3587 illacrymasse
3354 3516 3576 3581 quidem
3621 3517 3801 3589 ipsum

2223 3619 2466 3665 constat.

2294 3701 2480 3756 Itidem
2517 3710 2738 3756 mortuo
2780 3702 2993 3756 Scacho
3026 3701 3333 3756 Techmase
3371 3703 3648 3767 Parthico,
3681 3720 3801 3759 suco

2221 3790 2391 3842 cessit
2423 3788 2565 3844 filius
2600 3804 2706 3842 non
2739 3790 3161 3859 primogenitns,
3216 3792 3583 3847 Muehemetes
3622 3794 3804 3850 Hodi-

2221 3880 2423 3935 bendes
2458 3896 2472 3944 ;
2508 3895 2608 3934 nec
2643 3880 2848 3943 lsmail,
2902 3882 3023 3951 ejus
3057 3883 3298 3936 nominis
3335 3885 3387 3938 in
3422 3884 3527 3939 hac
3557 3886 3802 3954 Soiihina

2220 3969 2446 4024 Familia
2474 3973 2773 4034 secundus,
2796 3972 3039 4027 secundo
3064 3974 3184 4027 loco
3212 3974 3428 4042 genitus
3462 4017 3477 4038 ,
3501 3977 3594 4029 sed
3617 3977 3803 4046 proxi-

2220 4077 2341 4115 mus
2370 4062 2437 4116 ab
2464 4063 2551 4116 his
2575 4063 2781 4118 Haidar
2818 4063 3058 4131 Mirises,
3089 4066 3181 4135 qui
3205 4067 3364 4121 annis
3397 4067 3603 4147 al‘iruot
3638 4081 3797 4124 auter

2218 4156 2390 4222 patris
2427 4154 2480 4208 in
2504 4171 2671 4225 regno
2712 4172 2971 4225 suprema
3021 4174 3148 4213 cum
3198 4169 3470 4230 potestate
3503 4162 3653 4217 vices
3685 4180 3801 4232 ges-

2218 4258 2381 4299 serat.
2420 4245 2469 4299 ls
2503 4258 2684 4301 tamen
2740 4249 2827 4302 vix
2870 4248 2937 4303 l5
2987 4250 3181 4306 diebus
3218 4267 3388 4321 regno
3426 4253 3530 4309 frui
3600 4256 3797 4323 potuit,

2218 4340 2431 4393 occisus
2481 4356 2510 4394 a
2578 4341 2811 4396 sultauis
2866 4342 3222 4412 quibusdam,
3310 4346 3427 4401 sive
3472 4349 3801 4415 proceribus

2219 4434 2392 4502 regni,
2423 4435 2516 4500 qui
2550 4452 2672 4487 eum
2704 4436 2954 4489 oderant.
2978 4435 3257 4492 llideinde
3273 4418 3520 4494 secundo
3552 4422 3797 4509 genitum

2220 4521 2421 4579 Scachi
2454 4523 2776 4581 Teclnnasis
2827 4527 2996 4581 filium
3041 4526 3339 4593 lsmailem,
3386 4532 3505 4598 ejus
3555 4533 3798 4588 nominis

2219 4616 2551 4683 secundum,
2583 4634 2612 4671 e
2650 4632 2875 4672 carcere
2921 4620 3246 4689 productum
3272 4604 3443 4688 regno
3467 4624 3796 4691 praeﬁciunt.

2216 4705 2417 4762 Fuerat
2443 4709 2588 4763 enim
2616 4727 2643 4763 a
2672 4720 2826 4781 patre
2857 4712 3142 4780 conjectus
3180 4714 3234 4767 in
3270 4728 3570 4777 carcerem,
3633 4732 3800 4786 prop-

2220 4811 2299 4856 ter
2322 4802 2688 4871 quorumdam
2717 4818 3005 4872 procerum
3042 4806 3369 4865 delationes.
3402 4817 3449 4861 et
3482 4805 3535 4860 in
3562 4822 3629 4861 eo
3675 4810 3798 4877 pln-

2217 4894 2368 4949 ribus
2400 4897 2557 4948 annis
2590 4896 2845 4949 haeserat.
2874 4893 2991 4948 .lam
3019 4911 3184 4965 regno
3212 4899 3441 4966 potitus,
3481 4908 3532 4953 ut
3584 4902 3797 4953 animos

2216 5002 2440 5041 auorum
2470 4988 2800 5055 exploraret,
2837 5003 2900 5043 ac
2946 4989 3251 5058 pratscrtim
3313 5001 3372 5045 ut
3397 5005 3787 5060 co'gnoscerut,

2216 5078 2438 5146 quinam
2500 5088 2683 5132 essent
2743 5079 2815 5130 illi
2878 5081 3105 5143 sultani,
3152 5096 3387 5150 quorum
3445 5083 3679 5150 impulsu
3736 5096 3795 5137 et

2216 5170 2448 5224 consilio
2479 5170 2745 5223 custodiae
2774 5172 3116 5240 mancipatus
3169 5189 3196 5226 ι
3225 5184 3382 5250 patre
3436 5174 3649 5240 fuisset,
3706 5195 3796 5229 sc-

2214 5272 2423 5317 crctutn
2446 5263 2499 5315 iit
2529 5263 2705 5316 locum
2726 5274 2902 5318 semet
2927 5267 3106 5329 abdit,
3129 5276 3181 5319 et
3204 5269 3567 5336 quorumdam
3599 5284 3789 5339 opera.

2214 5356 2414 5425 quibus
2440 5357 2674 5409 maxime
2735 5356 2961 5421 fidebat,
3024 5368 3252 5412 mortem
3306 5357 3796 5431 suam'puhlicari

2214 5461 2394 5505 curat.
2424 5448 2552 5518 Ejus
2603 5449 2681 5502 rei
2718 5449 2859 5503 fama
2893 5450 3211 5505 diversosm
3248 5452 3530 5507 hominum
3587 5455 3797 5511 animis

2215 5551 2416 5607 motus,
2455 5552 2612 5611 prout
2652 5542 2880 5596 ali’ectus
2930 5544 2982 5597 in
3007 5543 3279 5599 Ismailem
3303 5546 3537 5615 quisque
3570 5543 3795 5611 fuisset,

2214 5634 2512 5689 excitavit:
2543 5634 2595 5687 in
2649 5632 2980 5689 adversariis
3016 5644 3074 5690 et
3128 5635 3380 5690 hostibus
3410 5635 3675 5699 laetitiam,
3742 5639 3796 5691 in

2216 5726 2407 5781 amicis
2440 5720 2821 5781 luctuun-Uot:
2867 5728 3029 5783 modo
3062 5727 3415 5798 prodentibus
3474 5736 3645 5784 semet
3678 5729 3792 5783 iui-
