4026 6204
278 259 381 322 6⁸17
1347 265 1728 326 ΞΗΙἾἿΕΜ.
1749 266 1863 325 ’ΛΝ

1967 271 2047 331 .ι..
2078 269 2182 331 TU
2196 272 2394 334 RCIC.
3434 288 3546 352 678

279 380 442 434 micis
470 393 536 432 ac
598 378 960 444 delatoribus,
1021 379 1232 433 illa-tum
1277 382 1345 434 ab
1399 383 1616 435 ismailu
1670 383 1862 436 morti-
1898 395 1932 445 Α
1968 385 2289 454 sangiacum
2326 389 2474 442 hune
2502 388 2745 444 Curdutn
2783 379 3171 464 lladrianopoli
3197 399 3542 469 prehendero

277 475 609 545 supplicium
650 475 772 529 fuit.
809 475 953 529 Idem
1007 491 1113 529 non
1147 476 1396 530 sultanos
1437 479 1706 531 duntaxat
1757 481 1858 532 sibi

275 577 595 637 suspectos,
627 581 816 619 verum
847 566 1012 620 etiam
1039 568 1236 622 fratres
1267 582 1399 622 suos
1438 584 1652 628 omnes,
1704 584 1864 638 quot-

276 671 412 728 quot
436 659 680 713 nancisci
719 659 916 729 potuit,
951 675 982 712 e
1012 661 1190 713 medio
1220 660 1463 714 sustulit.
1491 662 1554 714 lit
1596 664 1721 730 quia
1766 665 1859 717 tle-

276 752 497 805 ﬁt'ieute
567 745 702 806 tunc
759 767 790 804 a
827 751 1023 806 Turcis
1065 753 1321 822 sangiaco
1361 754 1596 822 quodam
1654 754 1862 816 Cordo,

275 847 348 897 de
382 859 494 911 quo
517 860 642 896 mox
671 844 873 897 dit-tari
904 857 1122 908 sumus,
1150 845 1319 914 aliqui
1357 859 1612 914 proceres
1659 848 1860 900 lsmaili

276 948 737 999 auctor-eserant,
773 945 835 989 ut
901 937 1052 990 illum
1107 938 1304 992 'l‘urcis
1366 939 1611 1002 dederet,
1650 956 1716 992 ne.
1762 955 1860 1008 pax

275 1033 426 1085 inter
470 1041 763 1098 utramque
825 1041 1040 1099 gentem
1095 1031 1302 1084 dudum
1363 1031 1497 1086 inita
1543 1043 1867 1102 servataque

277 1126 603 1184 violaretur,
663 1138 769 1175 non
812 1124 974 1176 modo
1030 1125 1278 1178 consiliis
1322 1138 1515 1178 eorum
1553 1141 1659 1184 non
1702 1126 1866 1180 obse-

279 1225 451 1266 cutus
477 1225 583 1279 est,
624 1229 814 1268 verum
841 1216 1006 1268 etiam
1038 1215 1269 1268 dedendi
1299 1216 1560 1285 supplicis
1589 1227 1865 1283 auctores,

283 1310 527 1377 bellique
593 1308 810 1361 Turcici
860 1308 1240 1374 dissuasor-es,
1289 1324 1480 1377 poena
1520 1311 1747 1378 capitis,
1810 1321 1866 1364 ut

279 1401 596 1469 proditores
646 1400 845 1454 affecit.
880 1401 996 1467 Qua
1063 1400 1301 1455 hominis
1349 1405 1642 1458 severitate
1699 1403 1865 1458 nimia

279 1496 526 1564 plerique
555 1496 798 1562 graviter
831 1494 1043 1555 oﬂ'ens-i,
1094 1506 1252 1548 serto
1283 1496 1433 1565 regni
1479 1511 1666 1551 mense
1701 1512 1865 1550 vene-

281 1602 414 1638 num
457 1585 528 1651 ei,
557 1585 764 1640 sororis
796 1600 981 1654 opera,
1014 1588 1410 1654 propinarunt:
1450 1602 1561 1655 quo
1651 1586 1865 1651 hausto,

279 1682 449 1733 vitam
494 1695 616 1732 cum
668 1689 844 1732 morte
889 1681 1276 1734 commutavit.
1421 1683 1424 1686 ’

1966 483 2082 531 suis
2107 493 2230 532 eum
2256 480 2460 535 zausiis
2483 490 2716 537 conatur
2739 483 2794 538 in
2827 485 3029 540 sultani
3063 487 3293 546 Muralis
3317 492 3361 547 ll
3398 510 3543 548 mes-

1967 572 2091 629 sita.
2127 569 2342 626 Curdus
2365 589 2426 628 se
2455 590 2581 627 cum
2623 576 2737 630 suis
2765 577 3092 644 defendens,
3139 581 3317 652 ipsum
3345 585 3545 642 ibidem

1967 660 2249 727 interlicit,
2284 665 2500 720 caeteris
2527 668 2724 735 partim
2751 670 2974 734 occisis,
3008 674 3205 741 partim
3226 679 3548 735 vulneratis.

1969 753 2081 807 llac
2110 755 2176 808 de
2197 771 2360 809 causa
2393 754 2624 813 Selimes
2651 759 2724 823 ei,
2773 776 2898 816 cum
2943 766 3204 822 omnibus
3235 769 3368 831 suis,
3429 787 3550 826 cer-

1969 847 2117 899 vices
2149 850 2426 915 amputari
2469 850 2654 917 jussit.
2691 852 2826 907 Cum
2875 855 2969 910 illo
3017 855 3290 930 iugulato,
3363 861 3550 917 fratris

1937 961 1950 972 -
1968 938 2084 1000 ejus
2112 938 2258 994 filius
2282 941 2651 998 success-iouis
2674 943 2797 1014 jure
2821 949 3198 1016 sangiaeatum
3230 953 3402 1022 ipsius
3425 971 3549 1024 pos-

1970 1029 2200 1082 sideret:
2219 1030 2436 1099 quidam
2454 1032 2595 1088 alius
2621 1043 2855 1105 agnatos
2890 1039 3034 1091 adita
3053 1050 3207 1108 porta
3238 1042 3550 1111 Osmanica,

1971 1123 2166 1187 partim
2199 1123 2422 1188 oblatis,
2474 1127 2676 1192 partim
2715 1129 3006 1195 promissis
3042 1131 3359 1202 ingentibus
3387 1138 3550 1192 donis

1972 1223 2080 1266 tam
2126 1214 2228 1281 ipsi
2265 1215 2503 1276 sultano,
2530 1233 2698 1286 quam
2739 1224 3072 1281 consiliariis
3105 1226 3245 1295 ejus,
3269 1245 3408 1298 quos
3457 1246 3550 1284 vc-

1969 1307 2111 1360 zires
2144 1308 2438 1376 appellant,
2501 1311 2684 1379 agnati
2735 1314 2820 1368 sui
2865 1317 3243 1386 sangiacatum
3290 1323 3542 1391 impetra-

1972 1399 2070 1451 vit.
2093 1401 2306 1454 Citatus
2341 1403 2478 1457 alter
2506 1403 2573 1457 ad
2607 1402 2850 1470 Portam,
2887 1411 2980 1480 qui
3007 1427 3118 1466 rem
3151 1431 3363 1468 UlllllCm
3389 1417 3550 1471 intel-

1973 1490 2212 1552 lexisset,
2247 1491 2463 1562 sibique
2522 1509 2813 1562 metueret,
2849 1516 2916 1554 ne
2955 1503 3162 1574 absque
3225 1508 3382 1577 culpa
3449 1523 3549 1564 sua

1971 1581 2135 1636 ferret
2158 1586 2404 1639 eamdem
2431 1602 2668 1655 ptBuam,
2693 1606 2798 1660 qua
2827 1604 3053 1662 patruus
3081 1595 3306 1653 affectus
3336 1599 3508 1667 fuerat
3533 1617 3548 1653 :

1973 1675 2206 1728 devitata
2240 1675 2583 1746 profectione
2608 1683 2672 1735 ad
2721 1683 2966 1748 Portam,
3028 1689 3185 1757 quasi
3233 1691 3302 1745 de
3345 1691 3549 1746 sultani

331 1772 489 1824 Anno
501 1772 609 1827 983
633 1771 786 1841 (Chr.
805 1773 987 1842 1576),
1011 1772 1320 1839 Stephanus
1341 1772 1616 1838 Batorius,
1633 1773 1863 1829 Somlia‘

1973 1762 2199 1823 Selimis
2235 1770 2536 1828 obtinenda
2596 1777 2768 1842 gratia
2797 1753 3118 1848 desperatis,
3181 1791 3232 1837 ln
3272 1785 3548 1840 Parthiam

279 1879 412 1927 nus,
441 1864 639 1919 nobilis
684 1865 959 1933 Ungarus,
995 1865 1328 1935 cuetcroquin
1371 1865 1578 1920 heroici
1614 1867 1695 1922 vir
1741 1869 1863 1922 ani-

280 1954 382 2019 tni,
422 1956 510 2024 qui
541 1949 730 2024 paucis
761 1964 892 2010 aute
930 1956 1091 2011 annis
1138 1957 1412 2012 exstincto
1459 1955 1658 2011 Joanni
1694 1958 1867 2030 Sigis-

281 2048 493 2101 mundo
529 2047 820 2102 Erdeliano
855 2048 992 2117 bego
1023 2052 1304 2118 (mortuus
1328 2049 1471 2102 enim
1511 2048 1558 2105 is
1592 2047 1692 2104 fuit
1719 2064 1866 2104 anno

280 2141 890 2210 Clu-istianolﬁ'll.qui
943 2140 1361 2195 Mahumetanns
1422 2150 1541 2195 erat
1605 2140 1710 2196 978
1739 2158 1862 2196 cum

280 2250 452 2289 onere
493 2234 680 2287 tributi
728 2234 1168 2302 annui,sultano
1222 2232 1698 2288 Musulmanorttm
1756 2235 1868 2289 sol-

282 2331 465 2395 vendi,
517 2337 859 2384 sucresserat
891 2347 905 2394 ;
940 2330 1421 2384 commendatione
1476 2331 1680 2384 sultani
1749 2330 1867 2384 Mu-

278 2424 438 2486 ralis,
477 2423 684 2492 patresii
716 2422 822 2485 sui,
875 2421 1116 2475 Polonia:
1172 2438 1264 2474 rex
1330 2423 1511 2477 factus
1571 2432 1676 2486 est,
1737 2441 1862 2480 eum

281 2515 554 2570 Henricus
628 2513 875 2567 Valesius
933 2513 1142 2578 Gallus,
1190 2524 1352 2584 quem
1407 2515 1584 2582 ipsum
1648 2533 1866 2585 quoque

280 2608 520 2662 Ptiluttim
544 2623 708 2675 regno
747 2609 975 2674 potitum
1064 2623 1227 2674 opera
1251 2623 1349 2661 sua
1424 2607 1658 2661 Murali-.5
1708 2611 1867 2677 jaeti-

212 2714 220 2720 ’
286 2713 409 2755 tare
452 2703 681 2764 soli-hat,
712 2718 740 2753 a
763 2712 932 2753 tuorte
967 2702 1160 2754 Karuli
1187 2694 1372 2753 lratt'is
1402 2716 1432 2755 e
1465 2702 1685 2755 Polonia
1739 2719 1862 2770 pro-

283 2795 468 2867 l'ugus,
501 2800 567 2850 de
620 2796 895 2850 sententia
929 2811 1216 2863 procerum
1275 2811 1443 2864 regno
1483 2796 1683 2850 fuisset
1715 2797 1866 2850 abdi-

277 2901 459 2945 catus.

357 2981 560 3037 Eodem
596 2998 742 3037 anno
775 2981 969 3037 Scachi
1002 2979 1322 3037 Teclnnasis
1357 2983 1502 3037 lilius
1535 2982 1866 3054 primogeni-

1970 1859 2215 1929 prol‘ngit
2245 1862 2308 1915 ad
2344 1864 2604 1918 scachutn
2632 1867 2898 1924 lsmailem
2931 1877 3260 1942 secundum,
3290 1879 3383 1946 qui
3418 1891 3549 1934 tunc

1969 1967 2146 2006 rerum
2167 1959 2307 2024 apud
2335 1957 2560 2011 Parthos
2583 1961 2905 2029 potiebatur.
2928 1965 3220 2026 Sciendum
3249 1988 3398 2035 vero,
3427 1989 3550 2028 san;

1967 2045 2154 2113 giaeos
2193 2048 2317 2102 illos
2341 2049 2680 2116 Cnrdornm,
2709 2055 2836 2110 licet
2869 2058 3095 2127 imperio
3119 2064 3321 2118 sultani
3352 2065 3550 2120 Osma.

1967 2140 2111 2194 nida:
2157 2143 2566 2210 contineantur,
2622 2163 2732 2202 non
2778 2161 2959 2206 tamen
3001 2155 3072 2208 ita
3104 2159 3326 2224 pra-.lici,
3358 2176 3552 2228 quem«

1968 2232 2265 2288 admodum
2331 2237 2424 2289 alii
2468 2242 2718 2307 sangiaei
2779 2243 3000 2299 Solent:
3036 2251 3130 2301 sed
3187 2251 3396 2306 similes
3429 2268 3551 2307 esse

1969 2326 2233 2389 vaivodis,
2269 2328 2385 2382 sive
2426 2332 2702 2398 palatinis,
2738 2344 2791 2388 et
2821 2339 3143 2404 praesidibus
3182 2342 3408 2411 Erdelii,
3445 2344 3552 2401 Va-

1969 2419 2184 2482 lachire,
2209 2421 2372 2491 367
2409 2421 2692 2480 Moldavize
2717 2443 2731 2492 ;
2756 2443 2906 2496 quos
2942 2441 3160 2500 oportet
3219 2452 3343 2491 esse
3402 2439 3546 2493 filios

1971 2525 2282 2580 procerum,
2317 2517 2369 2570 in
2415 2517 2531 2585 ipsa
2564 2521 2789 2589 regione
2843 2526 3015 2593 patria
3049 2535 3229 2592 natos,
3255 2538 3310 2584 et
3341 2545 3371 2584 a
3426 2534 3546 2587 suis

1969 2607 2330 2674 optimatibus
2360 2625 2422 2664 ac
2452 2613 2668 2679 pepulis
2737 2615 2962 2672 electos.
3011 2619 3174 2674 Curdi
3235 2638 3362 2678 vero
3404 2625 3549 2680 haud

1968 2694 2137 2751 dubie
2162 2699 2370 2755 ducunt
2401 2703 2668 2772 originem
2710 2722 2740 2760 a
2769 2709 3040 2764 Chaldaeis
3064 2719 3117 2765 et
3141 2711 3550 2785 lllesopolamize

1971 2791 2208 2858 populis.
2247 2793 2378 2846 Nam
2410 2794 2460 2849 in
2490 2797 2809 2852 hodiernum
2839 2817 3013 2871 usque
3035 2802 3178 2857 diem
3205 2806 3360 2860 multi
3412 2807 3553 2862 Cur.

1969 2879 2166 2935 dorum
2198 2884 2473 2954 principes
2509 2892 2857 2956 reperiuntur
2888 2893 2941 2946 in
2970 2895 3192 2964 regione
3232 2896 3549 2967 Bagadatis,

1971 2988 2094 3042 quae
2125 2975 2425 3047 Babylonia
2455 2981 2741 3038 veteribus
2773 2995 2877 3051 cst,
2902 2996 2956 3040 et
2995 2987 3397 3057 Carahemida',
3429 3011 3552 3064 quae

279 3085 377 3131 tus
401 3075 763 3129 Muchemetes
779 3070 1656 3145 cognomineilodabendes,quod
1675 3073 1860 3129 Persa-
1897 3099 1940 3160 ρ
1973 3067 2266 3160 Amida,et
2294 3066 2365 3123 in'
2387 3071 2674 3128 Diarbekir
2709 3077 2824 3132 sive
2844 3078 3241 3149 Mesopotamia
3270 3101 3544 3154 :quarum

287 3185 410 3223 rum
437 3168 621 3236 lingua
643 3167 736 3222 Dei
756 3182 972 3222 servum
996 3166 1288 3236 signiﬁcat,
1317 3165 1546 3219 mortuis
1577 3165 1860 3233 fratribus,

284 3260 511 3316 llaidari
538 3259 754 3326 Mirisaa,
794 3267 958 3330 atque
987 3258 1192 3312 lsmaili
1217 3258 1477 3321 secundo,
1510 3259 1813 3314 succedens
1846 3278 1860 3326 ;

276 3357 408 3411 licet
445 3371 473 3409 a
515 3366 708 3408 natura
757 3353 958 3423 quietis
982 3353 1217 3421 cupidus
1244 3360 1409 3418 esset,
1440 3354 1752 3406 inchoatum
1783 3363 1864 3405 ta-

281 3465 407 3503 men
429 3447 497 3502 ab
521 3447 735 3502 lsmaile
765 3445 935 3500 fratre
967 3457 1162 3500 contra
1193 3445 1406 3500 Turcos
1445 3445 1646 3500 lcllutn
1678 3461 1864 3513 prose-

281 3545 375 3616 qui
401 3542 627 3598 statuit:
663 3542 806 3612 quod
836 3541 885 3595 ei
923 3540 1065 3594 filius
1089 3551 1234 3596 esset
1264 3541 1402 3596 emir
1440 3539 1589 3595 Chan
1625 3537 1858 3601 Mirises.

289 3639 473 3709 magni
499 3637 721 3708 juvenis
741 3636 932 3697 animi,
959 3636 1436 3704 geremlarumque
1459 3649 1641 3688 rerum
1671 3632 1864 3704 impri-

285 3736 391 3789 mis
415 3732 629 3788 avidus.
661 3729 820 3785 llunc
846 3730 1021 3799 copiis
1053 3731 1170 3782 suis
1201 3741 1456 3797 Supremo
1477 3743 1602 3782 eum
1632 3726 1863 3796 imperio

277 3825 549 3898 praefecit.
609 3823 804 3878 Causre
831 3822 959 3877 belli
1011 3821 1178 3875 vari-.e
1228 3820 1472 3884 fuerunt,
1510 3835 1648 3890 quas
1697 3820 1861 3890 paulo

276 3919 447 3974 altius
479 3917 569 3972 hic
593 3924 927 3985 repetemus,
990 3928 1262 3982 nusquam
1298 3913 1366 3963 ah
1419 3913 1542 3966 aliis
1597 3913 1862 3968 hactenus

275 4018 350 4069 ita
373 4013 636 4083 proditas.
668 4006 900 4080 Operam
932 4007 1077 4060 enim
1110 4005 1386 4069 dedimus,
1408 4017 1464 4058 ut
1495 4006 1545 4058 in
1579 4005 1693 4075 ipsa
1722 4004 1862 4060 Tur-

274 4107 360 4159 cia
389 4103 522 4158 certi
548 4101 755 4171 aliquid
786 4106 852 4154 de
889 4098 1053 4153 rebus
1123 4097 1224 4150 hoc
1262 4097 1400 4150 l-ello
1439 4096 1608 4166 gestis
1655 4110 1864 4167 cogno-

277 4211 566 4252 sceremus
605 4210 635 4247 a
681 4192 784 4248 lide
834 4190 1014 4261 dignis
1041 4189 1379 4254 hominiluis,
1439 4189 1638 4257 spretis
1699 4190 1862 4262 vulgo

187 4319 190 4326 -
274 4288 524 4358 jac-tatis,
559 4299 759 4355 perque
806 4281 1034 4336 litteras
1061 4281 1268 4350 sparsis
1299 4281 1425 4333 hinc
1479 4278 1602 4332 inde
1640 4294 1864 4334 rumus-

277 4381 442 4441 culis,
473 4390 523 4431 et
545 4390 726 4430 rerum
756 4385 1019 4426 novarum
1063 4372 1290 4423 nuntiis.

1972 3159 2256 3227 regionum
2311 3164 2496 3231 populi
2545 3165 2781 3222 Chaldaei
2842 3181 3061 3227 suntet
3109 3175 3321 3246 Assyrii
3374 3177 3552 3234 Wano

1965 3250 2424 3309 ctSchcherezuli
2449 3259 2635 3326 vieini,
2676 3277 2740 3316 ac
2771 3262 3060 3320 Persarum
3096 3269 3161 3322 a'd
3202 3270 3337 3326 lines
3375 3270 3552 3343 usque

1965 3356 2022 3395 se
2054 3347 2422 3411 porrigentes.
2449 3345 2716 3404 Praeterea
2758 3357 3246 3418 constatpArahes
3274 3358 3551 3430 hodieque

1963 3434 2272 3490 Clialdmain
2317 3453 2514 3492 vocare
2563 3439 2793 3509 Keldan,
2837 3460 2999 3512 quam
3053 3445 3232 3502 Persa:
3271 3464 3396 3504 cum
3443 3451 3545 3507 Os-

1964 3529 2198 3584 maniels
2231 3529 2654 3599 Curdistanum,
2714 3537 2820 3590 hoc
2849 3547 2956 3603 est,
2980 3556 3207 3611 regnent
3238 3543 3546 3600 Curdorum

1963 3622 2255 3691 appellant.
2285 3623 2347 3679 Et
2377 3640 2570 3683 omnes
2601 3629 2692 3683 isti
2729 3630 3089 3700 populisecta:
3106 3643 3233 3688 sunt
3264 3635 3549 3692 Mahume-

1965 3723 2124 3770 tana'.
2164 3715 2301 3772 Cum
2329 3718 2496 3788 igitur
2529 3720 2596 3774 ad
2629 3721 2824 3778 Persas
2871 3729 3161 3795 sangia‘cus
3194 3727 3284 3784 ille
3311 3729 3548 3796 Cordus,

1964 3808 2167 3877 dequo
2212 3810 2453 3866 diximus
2475 3827 2533 3866 se
2565 3816 2913 3880 contulisset,
2958 3835 3065 3872 non
3125 3822 3287 3877 modo
3346 3827 3549 3892 perhu-

1965 3901 2199 3956 maniter
2232 3918 2356 3958 cum
2384 3907 2596 3974 excepit
2625 3907 2806 3962 lsmail
2849 3915 3113 3979 scaclms,
3152 3929 3340 3969 verum
3376 3917 3540 3970 etiam

1963 4009 2180 4049 omnem
2241 4012 2398 4051 suam
2460 4013 2621 4068 opem
2661 4001 2740 4055 illi
2792 4003 2858 4057 ad
2921 4008 3354 4075 recuperandam
3433 4011 3547 4062 avi-

1964 4097 2071 4141 tam
2109 4089 2475 4160 patritamque
2501 4092 2766 4148 ditionem
2807 4095 3029 4150 obtulit.
3064 4096 3338 4156 llusreves
3361 4110 3543 4156 autem

1964 4182 2146 4249 bassa,
2185 4184 2278 4254 qui
2317 4183 2475 4239 Waui
2517 4187 2871 4259 ﬁnitimasque
2908 4191 3148 4259 regionis
3185 4202 3296 4248 tum
3333 4194 3547 4265 begler-

1967 4275 2135 4345 beg’ns
2205 4286 2347 4338 erat,
2390 4279 2686 4349 cteterique
2736 4281 2978 4350 sangiaci
3018 4283 3311 4350 limitanei,
3353 4286 3447 4356 qui
3477 4287 3543 4340 ad

1967 4367 2415 4438 begterbegatum
2465 4369 2636 4440 ipsius
2669 4372 3192 4450 pertinebangcum
3241 4376 3405 4432 hasce
3455 4393 3543 4432 res

353 4470 574 4526 lsmaile
606 4467 802 4521 scacho
831 4464 1150 4535 superstite,
1191 4461 1410 4530 quidam
1441 4459 1732 4530 sangiaeus
1764 4463 1935 4515 tia-'0
1968 4460 2382 4527 intellexissent,
2429 4462 2686 4517 damnum
2713 4463 2948 4520 Persicis
3005 4467 3207 4522 finibus
3241 4484 3546 4538 pcrexcur-

277 4568 427 4619 tione
477 4561 713 4623 Curdus,
767 4558 855 4612 cui
915 4569 1112 4609 nomen
1165 4551 1418 4605 Alulallas
1480 4552 1666 4620 begus,
1735 4567 1859 4605 cum

278 4656 546 4725 quasdam
572 4653 641 4705 ob
671 4663 870 4704 causas
894 4646 947 4700 in
969 4646 1339 4715 suSpiciom-m
1385 4643 1642 4710 venisset,
1693 4644 1865 4714 impe-

281 4759 439 4803 rante
470 4747 693 4799 sultano
729 4741 935 4794 Selime
974 4737 1037 4799 ll,
1075 4745 1231 4806 patre
1267 4734 1496 4788 Muralis
1521 4733 1612 4799 lll,
1667 4751 1866 4790 evoca-

283 4853 371 4896 lus
424 4843 603 4892 fuerat
652 4850 682 4890 a
729 4835 942 4888 sultano
1024 4830 1246 4891 Selime,
1283 4831 1386 4882 sub
1443 4831 1550 4882 alio
1575 4840 1878 4913 praetextu,

281 4935 377 5003 qui
416 4933 776 4986 barbarorum
839 4941 954 4979 mos
1006 4933 1109 4987 est,
1141 4925 1210 5010 ad.
1259 4921 1478 4976 Portam
1509 4924 1584 4977 uti
1638 4937 1697 4978 se
1726 4938 1862 4977 con-

281 5029 495 5082 {.rrct.
546 5020 734 5074 Paruit
793 5017 992 5072 sultani
1047 5013 1303 5068 mandato
1352 5015 1588 5082 Curdus,
1656 5015 1862 5069 nullius

279 5121 387 5175 sibi
429 5119 604 5185 culpa:
639 5129 804 5170 conse
835 5130 919 5174 ns,
946 5121 993 5163 et
1026 5109 1470 5178 lladrianopolitr.
1488 5095 1553 5162 ad
1585 5108 1860 5163 sultanum

283 5215 544 5267 Sclitnetn
589 5210 756 5265 Venit.
797 5209 1010 5262 .llatnlat
1045 5206 1300 5269 Sclitues,
1335 5215 1392 5258 ιιι
1422 5217 1614 5274 captus
1655 5205 1708 5258 in
1741 5219 1862 5259 car-

281 5323 462 5362 cerem
488 5304 872 5373 conjiceretnr.
908 5301 1059 5354 Solet
1088 5300 1186 5353 hoc
1216 5299 1351 5362 ﬁeri,
1379 5312 1502 5351 cum
1538 5313 1742 5366 magnae
1767 5314 1863 5352 au—

279 5400 552 5453 CLII’Iiillla'
581 5399 661 5449 vel
687 5393 904 5447 familia:
947 5393 1048 5445 viri
1100 5389 1541 5461 apprehendeudi
1590 5399 1738 5451 sunt,
1769 5405 1862 5457 per

279 5496 596 5545 zansioz'um
630 5492 639 5539 ι
664 5503 866 5549 as~am,
904 5485 996 5555 qui
1024 5494 1217 5554 praeest
1247 5481 1441 5536 aulicis
1471 5481 1856 5547 nobilioribus,

281 5604 348 5654 qu
378 5576 757 5636 lnis'snliauus
786 5578 1251 5632 )lnsulmanorutu
1280 5578 1475 5640 utitur,
1505 5572 1861 5642 quemadmo-

283 5686 404 5729 tlttttt
471 5675 742 5743 principes
795 5673 962 5724 nostri
1041 5667 1554 5724 cmuntissariorum
1608 5664 1776 5718 variis
1806 5664 1857 5718 in

285 5768 447 5820 rebus
492 5763 854 5833 expediendis
916 5776 1104 5830 opera.
1161 5759 1296 5812 llum
1354 5757 1664 5813 zansiorum
1699 5754 1859 5811 bassa

1965 4553 2366 4610 sionesinfcrre
2391 4566 2698 4626 cmpcrunt,
2720 4559 2861 4627 quod
2881 4558 3145 4623 dicerent,
3167 4559 3397 4616 lsmailis
3427 4577 3544 4617 sca-

1966 4647 2052 4701 chi
2085 4647 2242 4716 culpa
2274 4657 2517 4701 mutuam
2544 4663 2734 4718 pacem
2789 4649 3046 4704 violatam
3082 4665 3224 4716 esse,
3279 4652 3373 4721 qui
3427 4653 3542 4706 sul—

1968 4739 2079 4793 tani
2129 4739 2895 4812 blusulmanorumfugitivos
2921 4752 2974 4797 et
3017 4743 3323 4814 perduelles
3385 4761 3541 4800 suam

1970 4832 2023 4885 in
2091 4832 2317 4886 tutelam
2388 4843 2581 4887 contra
2655 4835 2807 4906 pacis
2861 4834 3010 4906 leges
3060 4838 3381 4905 recepisset,
3436 4840 3541 4892 eis-

1968 4942 2070 4995 que
2127 4925 2462 5000 decrevisset
2524 4927 2804 4995 epitnlari.
2865 4925 2982 4982 Hoc
3016 4927 3144 4982 belli
3210 4929 3540 5000 gravissimi,

1965 5019 2108 5082 quod
2147 5019 2405 5072 hactenus
2430 5023 2570 5073 inter
2593 5020 2790 5074 Persas
2825 5033 2875 5074 et
2899 5020 3104 5074 Turcos
3138 5021 3362 5087 geritur,
3386 5037 3545 5073 exor-

1966 5109 2113 5162 dittm
2158 5108 2278 5174 fujt.

2032 5203 2379 5259 Accedebant
2413 5214 2464 5254 et
2502 5202 2622 5256 alia:
2678 5218 2875 5265 caesar,
2909 5200 3208 5270 praesertim
3242 5216 3304 5254 ex
3351 5217 3547 5271 super-

1962 5295 2245 5349 stitionum
2298 5295 2561 5362 dissidiis,
2610 5310 2855 5364 vanaque
2881 5295 3220 5351 somniorum
3281 5295 3544 5351 observa-

1965 5389 2130 5456 tiOue,
2180 5389 2266 5442 cui
2317 5405 2452 5458 gens
2502 5389 2728 5443 Turcica
2769 5389 2996 5443 nimium
3051 5400 3315 5458 qttantum
3375 5391 3546 5444 obito-

1963 5483 2050 5535 xia
2084 5483 2217 5545 'csl,
2274 5482 2537 5538 collectae.
2576 5479 2710 5534 Nam
2769 5491 2894 5535 ante
2953 5482 3246 5536 triennium
3278 5499 3369 5549 per
3401 5483 3544 5538 Ana-

1965 5576 2146 5628 toliam
2203 5569 2407 5645 passini
2467 5577 2671 5645 aliquot
2724 5575 2940 5630 illorum
2994 5579 3188 5641 millia,
3223 5579 3314 5646 qui
3367 5596 3425 5633 sa
3467 5596 3543 5634 rs

1963 5665 2231 5732 Turcicis,
2264 5683 2560 5735 eorumque
2611 5666 2916 5734 disciplinis
2978 5684 3041 5722 ac
3087 5670 3285 5724 studiis
3333 5672 3545 5724 incum-

1964 5759 2586 5832 bunt(se-hoplitalarios
2638 5759 2739 5828 ipsi
2781 5759 2994 5831 dicunt)
3051 5776 3172 5816 sese
3228 5776 3542 5816 commove-

3693 5781 3716 5802 Ι
