4026 6204
528 247 631 305 liii)

1724 244 2045 307 IOANNIS
2113 244 2574 305 LEUNCLM'II

3659 244 3757 308 680

528 365 675 419 rant,
710 370 775 408 ac
840 357 1127 412 Persarum
1186 356 1300 410 sive
1358 354 1728 425 Sopliinoruut
1787 356 2106 425 religionem
2140 353 2720 421 Ailnpcriisultanici.
2760 353 2863 407 Per
2912 363 3219 422 serpentem
3279 355 3498 424 intelligi
3565 357 3753 412 hostem

528 441 777 498 Turcicis
798 444 1144 512 opinionibus
1174 444 1449 499 anteferre
1498 462 1557 499 se
1607 444 1839 514 professi
1878 444 2148 511 fuerant,.

530 536 776 604 adeoque
807 537 1021 606 longius
1044 552 1105 589 ea
1135 546 1281 590 secta
1309 539 1552 606 quotidie
1587 539 1878 606 serpendo,
1906 546 2114 593 tantum

532 626 845 702 incrementi
903 639 1232 705 sumpserat,
1295 637 1354 683 ut
1410 631 1571 683 etiam
1645 630 2115 697 Constantinopoli

534 728 921 785 reperirentur,
991 719 1084 786 qui
1144 736 1262 773 eam
1319 724 1630 790 probarent.
1695 722 1917 775 Somnia
1982 734 2112 776 vero

533 808 751 861 fuerunt
778 809 1114 878 hujusmotli,
1143 812 1395 879 quamvis
1426 813 1566 879 apud
1620 811 1829 866 Tuitus
1881 813 2110 871 necdum

532 906 682 949 certo
745 906 1007 963 const-t,
1065 916 1129 950 an
1190 901 1387 952 sultaui
1444 900 1668 954 Muralis
1723 901 1836 954 haec
1888 900 2134 963 fueziut,.

534 1006 599 1040 an
637 989 756 1057 ejus
807 991 1127 1055 sacerdotis,
1187 1007 1345 1057 quem
1397 992 1597 1046 sultani
1659 993 1741 1047 sui
1802 992 2109 1045 scbeicbem

532 1078 694 1133 Tui-ci
752 1089 978 1135 vocant.
1012 1081 1291 1135 Creditum
1351 1091 1526 1136 tamen
1572 1098 1600 1135 a
1653 1083 2111 1150 pluribus,.ipsi-

535 1185 643 1226 ηις-ι
672 1176 891 1229 sultano
920 1174 1117 1229 Mnrati
1144 1175 1383 1229 oblatum
1415 1175 1583 1230 fuisse
1606 1175 1882 1230 somnium
1936 1176 2106 1244 prius,

533 1282 583 1318 ct
615 1268 841 1320 alterum
876 1267 1101 1321 Muralis
1132 1267 1408 1322 scheicbi:
1464 1282 1572 1334 quo
1618 1268 1837 1320 nomine
1885 1268 2110 1319 veniunt

534 1358 665 1409 certi
728 1358 1082 1423 sacerdotes,
1140 1372 1240 1426 pro
1303 1357 1435 1411 viris
1493 1357 1700 1411 sanctis
1764 1357 1906 1425 apud
1962 1357 2109 1425 ipStts

536 1449 728 1503 habiti.
765 1449 975 1518 Quippe
1013 1464 1106 1517 per
1154 1448 1391 1517 quietem
1451 1458 1597 1502 stare
1656 1449 1760 1503 sibi
1808 1448 1957 1501 visus
2022 1454 2109 1501 est

537 1543 588 1593 in
623 1542 799 1595 medio
829 1542 1034 1605 tnundi,
1103 1542 1204 1596 sub
1238 1541 1435 1595 arbore
1485 1542 1742 1605 maxima,
1807 1542 1967 1610 cujus
2016 1557 2108 1595 es-

535 1643 657 1689 sent
705 1636 839 1689 rami
894 1636 1023 1698 duo,
1058 1633 1433 1702 longissimum
1484 1632 1549 1686 ad
1608 1632 1951 1686 intervallum
2012 1648 2107 1687 ex-

2219 446 2390 515 ipsius
2444 446 2789 511 orientalem,
2850 446 2952 500 hoc
3010 456 3113 509 est,
3172 449 3428 501 scacbum
3478 450 3757 507 Persicum:

2217 550 2377 603 quem
2412 536 2554 590 bello
2587 546 2945 604 superaturus
2972 535 3064 597 sit,
3112 545 3165 589 el
3219 536 3522 601 occisurus,
3559 539 3758 609 ejusque

2216 642 2444 696 regnum
2474 628 2832 695 adjltlll‘llll‘us
2880 624 3303 681 Osmanidarum
3354 632 3588 697 itnperio.
3633 632 3759 686 Cou—

2215 721 2473 775 similiter
2524 721 2685 775 etiam
2758 736 2853 788 per
2911 721 2985 783 id,
3049 722 3192 790 quod
3281 722 3514 778 imamus
3570 742 3759 782 alentes

2215 812 2400 880 praelia
2432 812 2744 866 scbeiehem
2780 811 3071 866 llaidarem
3101 814 3326 867 adortus
3372 817 3579 877 vicerit,
3636 817 3761 871 futu—

2216 920 2332 958 tutn
2369 904 2685 972 significari,
2741 914 2800 957 ut
2855 904 3144 959 Persarum
3203 906 3450 971 heresis,
3499 924 3599 962 una
3648 928 3755 964 cum

2212 999 2489 1057 omnibus,
2542 998 2632 1063 qui
2676 1013 2737 1050 ea
2767 1019 2795 1049 ιι
2830 1008 3193 1061 sectarentur,
3253 1016 3425 1068 usque
3465 1002 3592 1054 adeo
3622 1005 3757 1056 dissi-

2213 1096 2446 1179 peruret
2472 1088 2794 1151 alioleatur,
2851 1090 3056 1141 nullum
3105 1101 3161 1141 ιιι
3210 1092 3454 1158 ipsorum
3500 1095 3756 1161 vestigium

2213 1181 2452 1230 futurum
2487 1180 2557 1232 sit
2609 1181 2901 1248 reliquum.
2969 1182 3229 1234 Praeterea
3280 1184 3552 1237 sullanum
3594 1186 3758 1237 (hura-

2211 1269 2391 1322 nitlaut
2425 1269 2666 1323 laturum
2703 1273 2892 1343 tuutttlj
2926 1276 3091 1326 totius
3120 1274 3360 1326 cltalifen
3413 1289 3481 1326 at:
3539 1278 3759 1330 domina-

2212 1369 2406 1414 torem.

2282 1451 2393 1505 lloc
2431 1454 2590 1507 modo
2648 1469 2772 1522 c‘utn
2832 1453 3128 1526 antrumque
3172 1464 3447 1515 somnium
3502 1461 3764 1518 scheicln-s

2210 1545 2593 1610 interpretatus
2623 1557 2786 1609 esset,
2816 1548 2989 1601 voluit
3048 1552 3300 1605 sultanus
3335 1552 3503 1621 368
3555 1553 3766 1608 Muratrs

2208 1636 2367 1689 etiam
2434 1637 2642 1706 hoggia:
2702 1637 2787 1691 sui
2822 1639 2923 1700 (sic
2968 1642 3108 1709 apud
3157 1643 3304 1709 ipsos
3361 1654 3637 1710 vocantur,
3683 1646 3764 1714 qui

537 1726 790 1794 porrecti.
848 1726 981 1779 Nam
1054 1725 1190 1779 alter
1220 1725 1283 1779 atl
1346 1718 1617 1779 extremos
1667 1725 1795 1779 soiis
1859 1726 2108 1787 orientis,
2144 1746 2183 1801 Β
2214 1727 2418 1782 nostris
2469 1736 2595 1781 sunt
2641 1729 3255 1801 presbyteri)judicium
3303 1734 3526 1791 audire:
3557 1736 3764 1791 cuista-

536 1818 672 1870 alter
698 1819 763 1871 ad
822 1817 1121 1871 occidentis
1168 1820 1300 1871 lines
1360 1818 1776 1871 extendebatur.
1839 1818 2108 1872 l’rsetcrea

537 1910 640 1963 sibi
671 1910 817 1964 visus
852 1919 935 1964 est
1016 1910 1320 1979 conspicari
1370 1918 1674 1977 serpentem
1720 1910 2113 1979 magnitudinis

540 2002 836 2062 immensae,
906 2017 1066 2071 quem
1118 2006 1185 2054 ab
1239 2001 1447 2054 oriente
1485 2002 1807 2070 profectum,
1844 2003 1989 2055 ctatl
2055 2018 2114 2057 se

540 2093 907 2161 provolutum,
976 2092 1135 2159 fuste,
1203 2109 1361 2162 quem
1428 2108 1586 2145 manu
1642 2104 1870 2157 teneret,
1946 2094 2115 2148 inter-

541 2184 748 2237 fecerit.
798 2181 910 2238 lloc
945 2184 1155 2237 somnio
1189 2184 1436 2238 nonnihil
1471 2200 1798 2248 commotus,
1838 2198 1888 2238 et
1923 2203 2114 2257 exper-

542 2285 721 2330 rectus
781 2274 900 2341 fnit.
941 2274 1100 2329 Prius
1151 2290 1300 2339 vero,
1357 2290 1521 2344 quam
1579 2279 1644 2329 ad
1697 2278 2112 2345 explicationem

535 2366 761 2419 alterius
784 2366 981 2419 somnii
1003 2367 1328 2421 accedamus
1347 2366 1693 2421 indicandum
1713 2366 1930 2422 lectoris
1950 2383 2115 2425 causa

538 2459 706 2521 venit,
772 2457 1209 2521 Mnbumetanos,
1237 2460 1375 2514 ultra
1409 2472 1641 2529 quatuor
1668 2459 1990 2516 Mahumctis
2027 2475 2117 2516 so-

536 2550 672 2614 cios,
696 2566 926 2620 quorum
952 2550 1168 2604 nomina
1190 2560 1338 2617 sunt,
1363 2548 1663 2615 Ebubckir,
1687 2553 1870 2616 Omer,
1889 2551 2113 2607 Osman.

538 2654 589 2696 et
642 2643 756 2696 Abs
816 2644 891 2711 (et
950 2644 1096 2698 fuere
1131 2642 1457 2698 Mahumetis
1533 2644 1584 2699 hi
1623 2660 1992 2709 successores,
2052 2661 2117 2700 ac

539 2744 926 2807 propagatores
985 2732 1379 2787 Mahumetana:
1453 2735 1903 2805 superstitionis),
1978 2734 2117 2791 alios

539 2833 774 2893 quatuor
802 2824 1044 2878 eximios
1104 2825 1333 2879 imamos
1364 2824 1478 2879 sive
1534 2828 1781 2882 doctores
1822 2827 2113 2882 .veuerari:

541 2929 778 2982 quorum
849 2916 1084 2984 primum
1157 2912 1544 2980 Ebubanifem,
1619 2925 1907 2986 propterea
1968 2916 2115 2986 quod

540 3021 852 3077 supremum
919 3006 1063 3060 inter
1117 3004 1216 3061 hos
1285 3007 1462 3061 locum
1530 3007 1790 3071 obtineat,
1856 3010 2112 3064 imamutn

539 3112 778 3152 azetnem
816 3098 929 3151 sive
965 3097 1240 3151 doctorem
1297 3112 1574 3152 summum
1605 3099 1876 3167 appellare
1904 3101 2077 3152 solent
2101 3118 2113 3153 :
2141 3081 2186 3145 (ἶ

539 3188 768 3242 alterum
820 3200 1010 3241 vocant
1044 3187 1304 3243 imamum
1363 3188 1660 3253 Malichitn,
1722 3189 1935 3243 tertium
1985 3192 2119 3244 ima-

540 3297 685 3334 mum
757 3279 1075 3343 Scbaaﬂim,
1145 3292 1399 3351 quartum
1477 3280 1736 3337 imamutn
1795 3281 2113 3334 Acbmetem

542 3373 843 3427 lienbelim.
879 3374 942 3425 lli
978 3381 1214 3442 quatuor
1241 3373 1355 3427 sive
1378 3373 1651 3435 doctores,
1703 3372 1816 3425 sive
1859 3373 2114 3431 sacerdoe

540 3478 640 3525 tes,
672 3463 852 3518 Persis
882 3464 1224 3519 infestiSsimi
1282 3465 1539 3519 fuerunt:
1590 3478 1653 3517 ac
1708 3463 1947 3518 vicissim
2001 3479 2114 3515 ma-

538 3572 646 3621 gno
693 3552 874 3608 Persis
903 3566 983 3609 est
1013 3556 1065 3609 in
1124 3556 1297 3625 pretio
1328 3554 1621 3609 Scheiehcs
1671 3552 1891 3620 ilaidu,
1922 3566 2131 3605 auctor

542 3644 819 3711 relicionis
844 3645 1085 3714 ipsorum
1114 3645 1413 3709 hodiernae,
1440 3660 1597 3713 quem
1660 3655 1900 3698 extreme
1951 3642 2113 3697 Tui-ci

539 3736 903 3790 detestantur.
930 3735 1064 3791 Cum
1122 3735 1288 3804 igitur
1320 3737 1726 3801 obdormiissct,
1780 3737 1961 3790 videre
2012 3736 2113 3790 sibi

540 3828 687 3882 visus
714 3834 799 3883 est
826 3845 989 3899 prope
1013 3842 1223 3899 portatu
1252 3829 1491 3900 paradisi
1528 3828 1913 3893 Ebubauifem,
1951 3844 2112 3898 quem

542 3920 640 3989 tuti
689 3920 851 3975 tnodo
908 3923 1167 3993 diximus)
1260 3924 1522 3975 imamum
1591 3938 1830 3975 azctuem
1896 3932 2112 3986 vocant,

542 4007 645 4060 hoc
676 4015 780 4072 est,
842 4024 1117 4063 summum
1178 4010 1293 4064 sive
1360 4012 1696 4065 sacerdotem
1744 4014 1856 4063 sive
1894 4012 2115 4079 pontifi—

539 4114 681 4151 cem.
739 4099 788 4154 ls
843 4103 1167 4177 compellato
1215 4102 1416 4156 sultani
1452 4101 1678 4156 Muralis
1734 4102 2002 4156 Sebeicbe
2030 4101 2113 4159 vel

535 4190 771 4243 viroillo
816 4194 1110 4261 religioso:
1167 4191 1291 4258 Abi,
1345 4194 1539 4263 inquit,
1574 4193 1640 4247 ad
1689 4194 1923 4248 chalifcn
1961 4205 2114 4248 terra:

538 4280 788 4352 (hoccst,
822 4286 884 4335 ad
945 4284 1208 4337 vit-arium
1268 4285 1382 4339 sive
1413 4301 1788 4339 successorem
1842 4287 2114 4355 prophetae

539 4374 886 4429 Maliuinrtis.
923 4378 1053 4428 Nam
1108 4380 1351 4445 persuasi
1388 4387 1513 4431 sunt
1565 4377 1863 4446 Osuianici,
1904 4378 2108 4449 princi-

539 4482 657 4532 pem
685 4482 845 4519 suum
899 4483 1019 4522 esse
1064 4469 1298 4523 ebalifen
1362 4472 1526 4539 hujus
1562 4469 1795 4539 saeculi),
1825 4472 1985 4541 eique
2027 4474 2109 4526 di-

533 4556 667 4619 cito,
701 4563 957 4609 internum
1011 4575 1249 4612 azctnrm
1294 4561 1393 4615 hoc
1440 4561 1558 4630 ipso
1589 4562 1696 4626 die,
1750 4580 1873 4615 cum
1926 4565 2106 4633 egredi

538 4665 570 4699 (ε
600 4650 852 4714 paradiso
886 4652 1063 4711 vellet,
1102 4651 1405 4705 scheichctu
1459 4652 1744 4709 llaitlarem
1802 4667 1922 4709 ante
1947 4672 2108 4726 para-

530 4739 639 4790 disi
700 4742 844 4794 fores
892 4743 1198 4804 invenisse;
1260 4760 1417 4812 quem
1469 4747 1651 4812 praelia
1709 4747 1952 4813 adortus,
2001 4766 2030 4800 ιι
2060 4767 2104 4801 »ιι

535 4833 700 4885 modo
766 4832 975 4898 vicerit,
1025 4850 1213 4887 verum
1288 4836 1450 4889 etiam
1519 4836 1814 4903 occiderit;
1854 4841 2106 4917 pilctiqtte

530 4933 736 4979 St‘Cllllll
788 4925 960 4994 ipsius
1008 4941 1152 4979 nunc
1200 4926 1358 4980 finem
1416 4928 1740 4984 habituram.
1790 4928 2105 4985 nortaberis

528 5033 659 5085 ergo
683 5016 940 5082 chalifcn,
997 5026 1055 5072 nt
1086 5019 1347 5073 adversus
1379 5019 1663 5075 haereticos
1706 5036 1855 5076 arma
1885 5022 2061 5092 capiat
2087 5037 2102 5077 :

528 5122 668 5173 quos
697 5108 902 5161 auxilio
945 5108 1133 5163 divino
1190 5111 1491 5178 superabit,
1532 5111 1707 5181 deque
1774 5114 1912 5169 facie
1948 5122 2104 5168 terra!

528 5198 838 5267 cissipabil.

603 5292 865 5347 llecitatis
913 5292 1124 5348 duobus
1201 5296 1351 5351 hisee
1403 5296 1652 5365 somniis,
1705 5300 1938 5368 primum
1989 5301 2099 5355 sul-

527 5387 635 5435 tam
686 5383 909 5439 Muralis
963 5386 1262 5442 Scltciches
1296 5391 1376 5444 sic
1434 5390 1827 5461 interpretatus
1889 5404 1989 5458 est,
2044 5405 2100 5447 ιιι

523 5480 724 5528 ιίιιεει-ρι
780 5477 1015 5531 medium
1082 5482 1267 5535 mundi
1334 5482 1642 5551 significare
1691 5487 1875 5540 sedem
1930 5488 2098 5557 ipsius

523 5568 724 5621 sultani
792 5569 937 5623 Mora
970 5571 1015 5624 is
1075 5574 1450 5642 imperialem:
1522 5586 1577 5631 et
1635 5577 1888 5632 arborem
1971 5597 2093 5635 cum

519 5658 734 5711 duolus
796 5659 1045 5714 maximis
1096 5664 1282 5729 ramis,
1361 5666 1621 5722 denotare
1677 5669 2092 5741 amplitudinem

2216 1820 2310 1873 tim
2342 1835 2403 1873 ea
2453 1820 2654 1888 placuit
2712 1821 3109 1892 interpretatio.
3172 1823 3358 1895 Neque
3393 1827 3628 1895 defuere,
3684 1832 3763 1897 qui

2214 1912 2476 1974 dicerent,
2511 1924 2780 1968 secretum
2830 1916 3118 1985 quemdam
3155 1918 3295 1972 inter
3344 1919 3491 1976 hunc
3535 1922 3763 1991 hoggiatu

2216 2003 2643 2073 scheicbemque
2664 2020 3015 2071 consensum,
3051 2018 3412 2080 mutuumque
3445 2014 3512 2066 de
3554 2029 3768 2082 persna-

2215 2096 2392 2151 dendo
2427 2098 2644 2153 sultauo
2681 2108 2895 2168 pactum
2950 2102 3335 2159 intervenisse.
3387 2104 3546 2160 Solus
3575 2105 3769 2161 Meehe-

2218 2197 2385 2246 metes
2428 2191 2587 2246 hassa
2622 2195 3006 2257 vezirazemcs,
3070 2211 3230 2266 quem
3282 2214 3450 2269 supra
3487 2199 3691 2254 Seliniis
3732 2200 3770 2254 ll

2216 2295 2473 2349 generum
2547 2282 2712 2337 fuisse
2773 2284 3037 2349 diximus.
3087 2297 3140 2341 et
3194 2288 3288 2357 qui
3340 2291 3592 2360 deinceps
3640 2304 3771 2345 anno

2216 2370 2525 2426 Christiano
2563 2374 2695 2430 l579
2741 2376 2884 2429 domi
2915 2392 3047 2439 sum,
3100 2395 3223 2433 cum
3270 2382 3527 2436 omnibus
3554 2382 3769 2437 adeundi

2216 2478 2275 2516 se
2322 2462 2459 2518 facta
2525 2467 2675 2534 copia
2719 2470 2808 2535 jus
2858 2471 3083 2533 diceret,
3155 2473 3483 2541 nequitera
3546 2475 3772 2531 Dervisio

2217 2556 2446 2623 quodam
2503 2558 2820 2612 interfectus
2863 2560 2996 2625 fuit;
3059 2572 3249 2616 auctor
3302 2566 3423 2631 ejus
3477 2567 3596 2621 belli
3662 2583 3772 2621 esse

2219 2647 2417 2712 noluit,
2472 2650 2617 2718 quod
2659 2650 2825 2705 libere
2877 2655 3182 2709 consulenti
3221 2671 3280 2711 se
3324 2656 3519 2731 Murali
3560 2659 3771 2723 diceret,

2218 2752 2563 2809 nequaquam
2620 2741 2800 2799 Persis
2858 2745 3054 2800 bellum
3118 2748 3481 2818 inferendum,
3528 2754 3618 2823 qui
3668 2752 3769 2822 jam

2220 2840 2298 2884 tot
2319 2832 2561 2891 abannis
2610 2850 2798 2904 pacem
2866 2836 3277 2894 Osntanitlarum
3321 2857 3446 2896 cum
3495 2854 3647 2912 gente
3685 2859 3775 2899 co-

2219 2924 2469 2978 fuissent.
2523 2924 2849 2983 Rationibus
2909 2941 2963 2985 et
3013 2934 3351 3000 argumentis
3414 2935 3539 2991 aliis
3594 2935 3773 3005 adjun-

2217 3014 2379 3083 gebat
2425 3013 2669 3082 elegans,
2717 3019 2860 3086 quod
2920 3019 3123 3076 fit-meis
3172 3031 3226 3075 et
3277 3022 3477 3079 Turcis
3528 3026 3773 3080 usitatum

2218 3113 2301 3159 est
2358 3108 2742 3175 proverbium:
2804 3109 3047 3172 Caudam
3116 3115 3378 3183 serpenti,
3431 3118 3524 3186 qtti
3567 3118 3772 3181 dormit,

2218 3213 2324 3250 non
2350 3214 2470 3252 esse
2498 3200 2838 3267 calcaudam;
2867 3208 3158 3273 cteteroqui
3216 3205 3483 3275 futurum,
3534 3221 3593 3265 ut
3637 3212 3774 3266 exci—

2219 3297 2382 3351 tatus,
2414 3289 2588 3357 capite
2608 3306 2824 3345 sursum
2854 3306 3063 3361 erecto,
3091 3298 3410 3355 terribiliter
3456 3315 3677 3373 pungat.
3706 3304 3774 3359 Ad

2220 3396 2510 3448 summam,
2569 3385 2771 3440 bellum
2826 3388 2927 3444 hoc
2994 3388 3354 3450 Mcchemetes
3407 3396 3569 3451 bassa
3615 3400 3776 3454 modia

2217 3475 2470 3531 omnibus
2491 3477 2861 3536 tliSSUadcbat.

2286 3567 2607 3623 Addendum
2635 3584 2687 3624 et
2715 3574 2835 3636 hoc,
2870 3584 2920 3627 ut
2950 3576 3085 3630 'odia
3121 3578 3300 3647 gentis
3353 3582 3641 3652 utriusque
3671 3598 3773 3635 mu-

2218 3667 2307 3711 tua
2389 3663 2592 3715 rectius
2670 3664 3059 3735 intelligantur,
3111 3669 3307 3726 Persas
3385 3674 3776 3729 inimicissimos

2216 3766 2337 3805 esse
2378 3754 2551 3808 tribus
2596 3753 2923 3811 Mahumetis
2952 3761 3225 3829 propheta:
3253 3766 3444 3831 sociis,
3476 3765 3775 3830 Ebubekiri,

2215 3842 2419 3911 Omeri,
2458 3855 2511 3901 et
2545 3847 2805 3904 Osmaui:
2867 3852 3305 3910 studiosissimos
3359 3869 3545 3913 autem
3590 3861 3776 3928 quarti,

2216 3935 2467 3994 videlicet
2495 3940 2631 3994 Alis.
2663 3941 2826 3996 Iidem
2872 3932 3048 3998 Persa:
3104 3950 3344 4012 tradunt,
3395 3952 3645 4020 angelum
3683 3953 3765 4004 (2a-

2216 4027 2464 4096 brielem,
2492 4047 2614 4085 cum
2639 4048 2669 4084 e
2702 4034 2856 4090 coriis
2890 4035 2943 4089 in
2980 4048 3157 4091 terras
3185 4051 3424 4107 portaret
3458 4043 3775 4097 Alcorauum

2217 4121 2507 4192 (quolibro
2558 4124 3063 4185 Mabumetauoruin
3142 4134 3226 4189 lex
3308 4138 3646 4206 continetur)
3702 4138 3774 4192 Ali

2215 4214 2569 4282 reddendum,
2598 4234 2786 4275 errore
2812 4223 3046 4291 quodam
3095 4242 3220 4282 eum
3285 4228 3582 4284 Mahumeti
3632 4232 3773 4283 obtu-

2214 4305 2375 4367 lisse;
2404 4307 2705 4379 Deumque,
2732 4314 2875 4368 velut
2899 4332 2960 4370 ea
3011 4334 3067 4372 re
3096 4337 3440 4391 nequaquam
3498 4323 3775 4391 offensum,

2145 4397 2307 4480 uni
2342 4398 2700 4457 Mahumctem
2761 4423 2981 4473 quoque
3040 4411 3128 4464 tali
3185 4412 3329 4467 dono
3381 4417 3663 4485 gratiaque
3708 4419 3772 4469 di-

2213 4503 2375 4557 gnum
2402 4489 2630 4556 videret,
2656 4493 2814 4563 plane
2861 4498 2995 4552 nihil
3038 4502 3353 4557 oblocututn
3384 4524 3530 4561 esse.
3564 4506 3769 4559 Pro-ter-

2211 4594 2269 4629 ca
2302 4580 2491 4648 dicunt
2516 4584 2677 4639 iidem
2704 4586 2902 4655 Persae,
2938 4595 3165 4658 primam
3221 4612 3447 4651 uxorein
3504 4598 3774 4652 Mabume~

2212 4669 2302 4735 tis,
2364 4676 2450 4726 cui
2506 4691 2701 4731 nomen
2765 4678 2930 4735 fuerit
2977 4685 3198 4751 Aische,
3265 4705 3551 4758 nunquam
3622 4692 3773 4745 ΐιιὲςι(

2210 4776 2435 4817 caStam.
2472 4765 2582 4819 imo
2627 4772 2939 4839 prophetam
2973 4772 3361 4845 Mahumetetu,
3396 4786 3489 4850 qui
3527 4801 3586 4840 se
3639 4798 3771 4855 puli-

2210 4865 2287 4909 ret
2322 4857 2679 4914 iuvtntttrum
2723 4864 3008 4935 virginem,
3070 4885 3133 4924 ac
3193 4874 3470 4940 pudicam.
3526 4880 3772 4947 reperi.“

2208 4947 2362 5014 plane
2405 4954 2760 5008 contrarium.
2798 4957 3022 5014 Addunt
3067 4963 3253 5027 etiam,
3310 4969 3460 5035 quod
3516 4972 3771 5024 exstinctc

2206 5041 2468 5109 propheta
2524 5043 2856 5111 Mahumele,
2900 5066 3022 5104 cum
3073 5054 3186 5109 Alis
3239 5059 3587 5129 propinquus
3618 5070 3768 5130 τιςο-

2207 5144 2301 5182 uer
2330 5130 2471 5199 ejus.
2527 5136 2732 5190 electus
2776 5138 2971 5194 fuisset
3017 5142 3245 5200 ebalifes
3296 5150 3409 5203 sive
3445 5154 3682 5207 vicarius
3728 5162 3775 5203 τι

2204 5236 2489 5276 successor
2553 5225 2763 5295 ipsius;
2827 5231 3102 5288 Ebubcltir
3180 5238 3362 5292 favore
3420 5244 3770 5313 malignorqu

2197 5315 2562 5380 quorumdam
2626 5320 2868 5387 adjutus,
2930 5340 3025 5392 per
3082 5326 3382 5398 iujuriam,
3451 5334 3651 5388 contra
3699 5337 3771 5385 la-

2201 5416 2348 5461 etum
2384 5426 2409 5460 a
2447 5412 2708 5480 propheta
2743 5426 3152 5486 testamentum,
3196 5438 3255 5477 se
3277 5427 3625 5481 constituerit
3649 5426 3772 5479 cha-

2204 5492 2355 5553 lifen.
2434 5500 2577 5557 hlem
2638 5515 2759 5573 post
2827 5509 3027 5579 ipsum,
3096 5514 3333 5582 reliquos
3391 5518 3559 5572 etiam
3624 5520 3771 5573 duos.

2201 5589 2451 5646 Omerem
2514 5603 2570 5649 et
2623 5594 2943 5661 Osutanem,
3005 5603 3306 5662 factitasse.
3367 5609 3511 5662 Alim
3579 5610 3768 5663 interea

2200 5683 2434 5752 quadam
2466 5685 2518 5740 in
2553 5689 2815 5758 Spelunca
2864 5705 3036 5785 sc‘mct
3087 5701 3385 5768 abdidisse,
3438 5700 3612 5757 donec
3664 5713 3774 5754 om-

2978 5810 3003 5839 κ
