4026 6204
346 267 450 333 68!

1463 254 1831 333 SUPPLEM.
1869 272 2146 335 ANNAL.
2185 255 2482 337 runcic.

3499 290 3607 354 682

348 408 382 442 ιι
422 405 449 442 s
495 386 684 440 ordine
720 392 1088 446 morerentur,
1137 391 1299 451 atque
1347 384 1419 438 ita
1445 387 1660 441 tandem
1690 389 1769 441 eis
1801 403 1925 444 suc-
1955 397 2000 450 Α
2030 400 2195 459 patet,
2250 394 2391 461 apud
2448 392 2659 448 Turcos
2711 394 2884 463 pluris
2944 394 3286 454 Christianos
3346 404 3607 476 religione

345 484 608 543 cessisse.
676 480 815 535 Cum
883 495 1008 549 ergo
1065 489 1173 533 tres
1233 480 1320 534 isti
1371 488 1559 533 contra
1618 496 1932 548 supremum

345 575 585 643 elogium
636 572 949 625 testamenti
1006 580 1445 639 praeceptumque
1499 570 1771 640 prophetae.
1817 570 1930 624 Μ...

348 668 593 721 humatis
628 664 981 732 deliquerint,
1052 663 1253 717 nullam
1301 664 1365 718 iis
1416 662 1592 717 Persae
1636 665 1793 717 fiiem
1840 665 1934 717 ad-

352 762 561 823 hibent,
615 772 737 828 quae
781 772 811 810 a
875 758 1049 809 tribus
1094 755 1201 809 illis
1262 756 1342 807 vel
1406 756 1605 808 tradita
1651 769 1803 816 voce,
1856 752 1935 806 vel

330 856 655 919 [litterarum
686 850 1058 904 monumentis
1094 849 1303 915 prodita
1345 857 1496 903 sunt.
1546 848 1659 902 Iino
1706 849 1937 903 ubicun-

349 956 460 1014 que
501 945 672 999 libros
728 942 968 1011 ipsorum
1026 952 1080 993 et
1134 941 1335 1008 scripta
1394 940 1693 1007 reperiunt,
1752 940 1935 994 confea

354 1039 481 1089 stim
536 1035 771 1089 flammis
829 1044 1085 1099 exurunt,
1155 1043 1210 1087 et
1267 1032 1564 1087 crudeliter
1629 1033 1683 1085 in
1742 1048 1931 1087 eorum

354 1130 737 1182 obScrvatores
816 1126 1282 1183 animadvertunt.
1340 1125 1505 1179 lidem
1572 1123 1751 1178 Persae
1814 1140 1934 1180 sca-

352 1220 522 1271 cltum
549 1218 662 1270 sive
694 1232 871 1285 regem
925 1232 1086 1271 suum
1142 1216 1390 1280 adorant,
1442 1224 1494 1267 et
1546 1216 1616 1267 ita
1672 1229 1935 1267 venerati-

357 1320 470 1373 tur,
510 1324 572 1362 ac
604 1310 649 1361 si
674 1309 808 1362 deus
828 1308 1097 1377 quispiam
1126 1316 1374 1363 terrenus
1405 1314 1574 1360 esset.
1626 1303 1742 1358 Non
1768 1305 1930 1360 etiam

356 1398 647 1465 quinquies
674 1396 908 1451 interdiu
942 1406 1220 1466 noctuque
1250 1396 1460 1465 precari
1492 1394 1691 1460 solent,
1743 1391 1935 1449 Osma-

355 1490 603 1542 uicorum
634 1506 809 1551 more,
840 1490 932 1545 sed
982 1489 1152 1546 semel
1185 1489 1473 1543 duntaxat.
1502 1487 1583 1541 Ad
1635 1501 1930 1552 summam,

352 1589 655 1634 sectatores
710 1591 842 1634 sunt
895 1580 1175 1650 religionis
1221 1594 1250 1633 a
1290 1579 1516 1633 doctore
1566 1578 1798 1648 quodam
1854 1577 1935 1632 eis

356 1673 590 1738 traditae,
622 1673 709 1725 cui
740 1687 939 1726 nomen
965 1672 1066 1724 fuit
1093 1671 1383 1726 scheiches
1418 1670 1654 1729 llaidar:
1716 1679 1767 1723 et
1814 1670 1933 1730 qui-

2039 486 2307 550 diversos,
2338 502 2501 555 quam
2527 486 2719 542 Persas
2747 488 3072 545 lllahumetis
3108 494 3348 549 eultores
3379 498 3516 553 fieri.

2116 578 2391 645 Expositis
2414 578 2538 632 belli
2573 580 2755 649 causis
2791 591 2843 634 et
2871 582 3062 650 initiis,
3097 596 3151 640 et
3192 588 3404 657 plenius
3447 590 3613 661 369

2036 671 2253 739 quidem
2289 686 2352 725 ac
2386 672 2590 737 verius,
2614 689 2777 742 quam
2816 678 3049 731 antehac
3071 679 3368 746 prmstitum
3397 697 3426 734 a
3472 699 3612 751 quo-

2037 779 2201 831 quam
2226 765 2319 826 sit,
2342 764 2500 833 cujus
2528 766 2746 831 quidem
2772 767 2926 823 labor
2982 769 3033 821 in
3070 770 3344 838 publicum
3379 774 3606 843 exierit,

2038 871 2183 909 nunc
2206 856 2270 909 ad
2298 856 2447 923 ipsas
2475 856 2617 910 bello
2649 868 2829 927 gestas
2860 875 2947 914 res
2975 860 3327 917 accedamus.

2111 946 2321 1000 Dictum
2352 948 2629 1015 superius,
2680 949 2995 1005 inchoatum
3040 951 3207 1006 fuisse
3248 953 3443 1006 bellum
3505 954 3613 1007 sul;

2037 1031 2253 1085 lsmaile
2285 1035 2547 1098 secundo,
2585 1037 2787 1090 scacho
2813 1037 3132 1092 Persarum:
3159 1054 3267 1107 quo
3298 1056 3403 1093 non
3438 1043 3610 1095 multo

2040 1135 2153 1193 poSI
2184 1134 2425 1190 mortuo,
2453 1125 2576 1180 licet
2607 1126 2773 1181 frater
2798 1139 2851 1182 et
2876 1143 3163 1184 successor
3207 1132 3260 1185 in
3294 1148 3460 1199 regno
3485 1148 3612 1185 sca-

2037 1219 2173 1269 chus
2230 1214 2600 1271 Muehemetes
2656 1217 3012 1275 llodabendes
3066 1231 3304 1287 coeptum
3360 1237 3389 1275 a
3445 1222 3611 1276 fratre

2037 1306 2237 1360 bellum
2274 1308 2529 1376 prosequi
2562 1309 2918 1376 decrevisset,
2947 1321 3128 1367 tamen
3155 1323 3216 1367 ut
3260 1329 3327 1370 eo
3372 1315 3613 1384 paratior

2037 1395 2341 1459 accederet,
2382 1398 2526 1451 aliud
2574 1399 2869 1469 agendum,
2928 1410 2980 1454 et
3036 1402 3184 1455 aliud
3241 1403 3610 1458 simulandum

2037 1485 2212 1550 duxit,
2248 1502 2415 1557 regno
2446 1491 2745 1559 praesertim
2782 1506 2887 1545 non
2921 1491 2991 1545 ita
3024 1492 3232 1560 pridem
3280 1495 3451 1560 adito,
3510 1512 3613 1551 nec

2036 1579 2172 1633 satis
2202 1579 2379 1634 adhuc
2404 1582 2724 1649 compositis
2772 1584 2957 1647 rebus,
2992 1600 3128 1653 quas
3159 1584 3389 1641 lsmailis
3446 1597 3611 1640 teme-

2039 1672 2184 1725 raria
2226 1673 2525 1729 crudelitas
2573 1690 2681 1729 non
2731 1690 2923 1744 parum
2984 1679 3356 1746 perturbarat.
3428 1680 3614 1749 Itaque

355 1763 479 1815 dam
519 1777 584 1817 ex
633 1763 768 1832 ipsis
828 1763 1058 1817 alterius
1119 1778 1336 1833 quoque
1393 1762 1633 1817 doctoris
1691 1762 1937 1831 vestigiis
1970 1764 2011 1819 Β
2044 1762 2471 1819 moderationem
2502 1768 2793 1835 quamdam
2829 1783 2939 1837 pra:
2968 1785 3026 1823 se
3054 1770 3257 1837 ferens,
3294 1786 3399 1840 qua
3438 1772 3612 1827 turbis

358 1858 637 1921 insistunt,
668 1872 827 1924 quem
868 1856 1131 1910 imamum
1188 1854 1461 1909 llarustim
1515 1855 1807 1925 appellant.
1860 1851 1924 1905 lli

355 1950 467 2004 duo
511 1950 764 2004 doctores
792 1949 873 2004 vel
924 1950 1109 2003 imatni
1152 1948 1480 2004 exstiterunt
1514 1950 1568 2003 in
1607 1948 1738 2003 urbe
1794 1945 1925 2001 Per-

355 2059 539 2103 sarum
577 2044 742 2108 Reza,
779 2059 887 2111 quo
914 2053 1158 2110 tempore
1180 2042 1436 2095 vixerunt
1466 2040 1703 2103 Erdebil,
1727 2036 1928 2095 Usum-

356 2136 615 2192 cbasaui‘s
663 2135 849 2191 scachi
894 2134 1185 2190 Persarum
1241 2148 1428 2204 gener,
1480 2141 1534 2187 et
1567 2135 1799 2187 scachus
1848 2130 1927 2186 ls-

358 2231 512 2293 mail,
543 2229 666 2297 ejus
700 2227 936 2282 nominis
964 2228 1194 2296 primus,
1225 2225 1491 2281 Erdebilis
1525 2224 1690 2291 illius,
1719 2223 1927 2280 Usum-

358 2323 617 2377 chasanis
646 2337 711 2377 ex
748 2321 953 2374 Martha
980 2321 1092 2373 tilia
1152 2334 1341 2387 nepos.
1378 2316 1628 2387 Cumque
1677 2317 1929 2372 doctores

362 2414 417 2467 hi
446 2421 559 2469 tam
591 2413 995 2475 concionanuo,
1030 2420 1192 2480 quam
1249 2410 1562 2477 scribendo,
1614 2423 1677 2463 ea
1730 2420 1934 2479 propo-

360 2506 621 2570 suissent,
651 2522 771 2571 qua:
797 2504 1055 2569 diximus,
1095 2504 1203 2557 duo
1235 2503 1311 2556 illi
1364 2503 1660 2572 principes,
1711 2501 1931 2555 Erdebil

360 2608 416 2655 et
461 2598 682 2660 lsmail,
720 2608 871 2664 pater
921 2606 975 2649 et
1031 2595 1191 2658 filius,
1260 2610 1450 2649 eorum
1500 2593 1802 2648 doetrinam
1848 2608 1929 2646 so-

360 2702 614 2758 ctamque
662 2688 961 2756 probarunt
1008 2701 1063 2742 et
1107 2686 1337 2756 amplexi
1381 2696 1529 2742 sunt.
1556 2690 1630 2740 Ac
1682 2686 1774 2739 filii
1814 2686 1932 2754 qui-

364 2783 486 2839 dem
544 2782 797 2845 lsmailis,
855 2792 1211 2850 cegnomeuto
1266 2778 1517 2849 Sophini,
1577 2794 1640 2833 ea
1703 2778 1933 2832 felicitas

372 2876 495 2941 fuit,
530 2886 590 2931 ut
623 2890 775 2930 novre
804 2876 1100 2945 religionis,
1128 2890 1291 2944 quam
1321 2871 1618 2943 Sophinam
1646 2881 1933 2935 vocarunt,

373 2971 517 3024 fama
536 2969 937 3025 confluentibus
982 2969 1048 3022 ad
1083 2969 1261 3036 ipsum
1314 2967 1499 3036 parvis
1557 2965 1734 3029 initio,
1782 2963 1936 3018 dein-

364 3066 430 3118 de
465 3063 765 3130 majoribus
790 3060 1066 3115 hominum
1102 3060 1294 3130 copiis,
1356 3059 1571 3113 tandem
1597 3057 1799 3126 praeliis
1852 3056 1934 3109 vi-

366 3162 483 3206 ctos
514 3148 811 3205 Persarum
863 3164 1039 3219 reges,
1084 3147 1345 3217 Jacupem
1404 3151 1731 3201 avunculum
1775 3159 1933 3199 suum

366 3247 600 3313 ejusque
627 3244 797 3298 ﬁlium
827 3244 1133 3306 Alvantem,
1172 3242 1451 3305 occiderit,
1484 3257 1547 3296 ac
1583 3240 1685 3296 sibi
1711 3254 1939 3310 regnum

365 3336 684 3405 subjecerit,
734 3336 800 3390 ad
852 3343 1101 3402 posteros
1151 3334 1314 3388 etiam
1367 3332 1629 3402 dignitate
1690 3332 1838 3401 regia
1887 3329 1939 3384 in

371 3431 515 3489 hunc
545 3443 716 3497 usque
740 3428 885 3482 diem
922 3438 1238 3496 prOpagata.
1290 3423 1654 3477 Nihilominus
1706 3422 1780 3475 illi
1833 3422 1943 3475 duo

366 3523 657 3575 Persarum
682 3521 861 3573 imatni
880 3526 994 3572 sive
1046 3520 1317 3577 doctores,
1343 3514 1545 3568 llaidar
1588 3522 1641 3566 et
1666 3510 1940 3576 llarustis,

362 3630 475 3675 non
527 3613 942 3671 Osuianicorum
979 3611 1262 3669 duntaxat,
1289 3623 1477 3664 verum
1512 3606 1674 3662 etiam
1710 3606 1941 3660 aliorum

364 3708 880 3763 Nabumetanorum
933 3704 1317 3757 exsecratione
1366 3701 1699 3755 damnantur
1726 3708 1834 3755 tam
1887 3700 1939 3753 in

369 3801 625 3857 Barbaria
668 3800 752 3856 vel
796 3797 1000 3863 Africa,
1020 3812 1183 3867 quam
1210 3797 1263 3851 in
1283 3795 1464 3851 Keziis
1489 3794 1946 3852 basszeiatissimo

366 3896 618 3964 imperio,
644 3893 739 3963 qui
789 3906 1022 3962 magnus
1072 3889 1397 3949 Tatarorum
1462 3892 1601 3943 chon
1656 3887 1945 3943 Chitainns

369 3991 532 4057 vulgo
581 3988 805 4043 dicitur.
858 3987 969 4039 Has
999 3999 1191 4040 omnes
1240 3983 1404 4053 igitur
1456 3985 1526 4037 ob
1576 3997 1772 4037 causas
1809 3983 1943 4036 adeo

352 4083 557 4137 Persis
590 4079 775 4136 infesti
798 4086 930 4135 sunt
984 4075 1287 4140 Osmanici,
1319 4083 1379 4132 ut
1433 4076 1624 4130 horum
1678 4074 1943 4144 muphtis,

369 4174 595 4237 hocest,
625 4171 936 4241 patriarcha
966 4170 1051 4225 vel
1091 4183 1342 4225 summus
1383 4166 1645 4235 pontifex,
1697 4166 1836 4220 hanc
1881 4167 1945 4218 de

371 4266 507 4334 ipsis
547 4264 877 4318 sententiam
914 4263 1099 4316 tulerit
1128 4276 1143 4313 :
1181 4262 1389 4329 gratius
1422 4261 1675 4313 nimirum
1707 4269 1759 4312 et
1786 4273 1941 4311 acce-

368 4356 517 4425 ptius
546 4370 667 4409 esse
692 4356 824 4417 Deo,
857 4352 1136 4422 religionis
1166 4352 1558 4405 Malmmetana:
1604 4366 1766 4404 causa
1809 4350 1939 4403 Per-

369 4464 487 4505 sam
516 4464 683 4502 unum
706 4447 905 4509 occidi,
962 4446 1087 4500 licet
1139 4442 1474 4513 professione
1526 4441 1942 4495 Mahumetanus

367 4544 459 4608 sit,
486 4557 648 4610 quam
691 4541 736 4592 si
788 4540 912 4609 quis
939 4540 1005 4592 70
1050 4536 1417 4599 Christianos,
1470 4550 1500 4587 a
1540 4533 1938 4587 Mahumetanis

372 4635 426 4687 in
458 4634 722 4702 religione
751 4646 979 4700 prorsus
1003 4628 1355 4692 dissidentes,
1419 4625 1729 4679 interficiat.
1778 4624 1940 4679 Deni-

377 4744 482 4795 que
519 4730 738 4778 constat
776 4723 827 4775 id
866 4720 1147 4788 temporis,
1178 4734 1301 4773 cum
1356 4717 1582 4771 illustris
1607 4729 1660 4770 et
1719 4730 1942 4785 genero-

379 4834 475 4872 sus
513 4816 748 4868 Caesaris
783 4811 1224 4865 Chiistianorum
1289 4807 1355 4859 ad
1416 4806 1635 4859 Portam
1692 4805 1943 4859 Osmani-

378 4923 498 4961 eam
540 4915 751 4967 orator,
817 4901 1047 4953 Davides
1100 4896 1441 4968 Ungnadius,
1497 4896 1638 4949 Baro
1695 4894 1943 4949 Sonnec-

379 5003 585 5061 ciacus,
648 4991 1116 5059 Constantinopoli
1176 4990 1542 5052 discessurus,
1609 4997 1663 5042 et
1725 4992 1943 5041 sultano

380 5089 849 5142 Musulmanurum
880 5082 1246 5136 valedicturus
1274 5086 1413 5141 erat,
1439 5076 1684 5131 eamdem
1719 5079 1788 5130 ob
1818 5091 1948 5130 cau-

381 5196 498 5235 sam
529 5180 763 5247 legatum
792 5176 953 5227 etiam
990 5171 1269 5226 Persicum
1296 5170 1361 5222 ad
1393 5167 1657 5222 Divanum
1704 5184 1762 5223 se
1818 5183 1946 5221 cun-

382 5274 595 5326 tulisse.
632 5269 786 5323 llune
818 5265 975 5336 paulo
1007 5264 1186 5318 serius
1234 5263 1528 5316 adveniens
1554 5269 1734 5315 orator
1762 5259 1943 5313 Caesa-

384 5368 459 5420 ris
488 5364 659 5419 nostri
691 5361 871 5414 locum
899 5361 1157 5426 primum,
1190 5355 1293 5408 sibi
1322 5355 1589 5417 debitum,
1652 5367 1947 5420 occupasse

383 5457 752 5525 conspicuus,
792 5450 1085 5505 insalutatu
1116 5449 1354 5509 sultano,
1390 5446 1735 5500 discessurus
1794 5458 1945 5510 erat;

380 5555 474 5608 sed
498 5552 857 5605 Meehemetes
891 5545 1050 5599 bassa
1077 5547 1459 5606 vrzirasemes,
1513 5540 1671 5609 cujus
1723 5543 1950 5594 mentio-

380 5664 505 5702 nem
553 5642 802 5705 fecimus,
859 5654 921 5693 ea
974 5653 1033 5692 re
1065 5637 1465 5700 animadversa,
1523 5634 1764 5700 Persam,
1826 5634 1950 5687 licet

384 5741 849 5796 M.-liumetantun,
884 5732 1142 5787 inferiore
1179 5731 1297 5783 loco
1332 5732 1520 5785 sedere
1576 5730 1759 5799 jussit.
1796 5726 1947 5781 Unde

590 5837 862 5895 PATBOL.
890 5834 1012 5892 Gn.
1051 5824 1236 5887 CLIX

2035 1853 2175 1907 inter
2233 1866 2522 1926 utramque
2578 1869 2794 1929 gentem
2842 1875 3009 1929 nuper
3047 1862 3254 1914 exortis
3312 1863 3610 1917 remedium

2016 1942 2234 2000 afferre
2260 1958 2521 2017 cuperet:
2560 1950 2768 2019 legatos
2799 1967 2923 2006 cum
2982 1953 3180 2008 litteris
3230 1954 3293 2007 ad
3331 1956 3609 2008 sultanum

2035 2036 2298 2092 Muratem
2340 2040 2509 2107 misit,
2573 2043 2773 2113 quibus
2822 2046 3190 2114 significabat,
3240 2063 3521 2117 nunquam
3555 2064 3615 2103 se

2038 2128 2223 2184 fratris
2255 2132 2309 2185 in
2367 2133 2741 2205 abrumpenda
2791 2152 2923 2205 pace
2980 2138 3269 2192 consilium
3330 2140 3613 2207 probasse,

2038 2223 2130 2277 sed
2156 2222 2207 2276 in
2238 2223 2429 2293 primis
2470 2227 2574 2280 hoc
2626 2243 2844 2297 semper
2904 2231 3267 2297 desiderasse,
3326 2233 3402 2285 uti
3444 2233 3616 2286 semel

2038 2316 2181 2368 inter
2226 2327 2513 2386 utramque
2567 2317 2831 2374 familiam
2889 2324 3213 2386 constituta,
3272 2332 3459 2393 totque
3501 2324 3615 2391 jant

2038 2405 2108 2461 ab
2130 2409 2287 2463 annis
2327 2410 2479 2463 culta
2511 2419 2615 2481 pax
2656 2423 2710 2466 et
2774 2415 3021 2469 amicitia
3079 2424 3289 2482 mutua,
3349 2425 3615 2486 perpetuo

2042 2513 2483 2555 conservaretur.

2110 2592 2191 2645 Ab
2217 2594 2386 2649 altera
2449 2604 2605 2665 parte
2658 2595 2922 2661 Mutates,
2992 2597 3086 2667 qui
3144 2613 3326 2653 veram
3369 2599 3618 2654 crederet

2042 2684 2432 2751 expositionem
2457 2703 2520 2741 ac
2566 2686 2991 2743 declarationem
3055 2690 3415 2745 iudicatorum
3470 2705 3618 2744 som-

2044 2780 2285 2840 niorum,
2328 2787 2383 2831 et
2439 2780 2576 2833 citra
2629 2779 3093 2837 intermissionem
3141 2780 3210 2835 ad
3269 2781 3614 2836 inferendum

2044 2870 2507 2927 Persislizet‘elicis
2554 2872 2755 2928 bellum
2812 2874 3205 2929 accenderetur
3254 2890 3282 2928 a
3346 2875 3618 2943 praedictis

2044 2961 2296 3014 scheiche
2318 2972 2480 3031 atque
2508 2964 2725 3031 hoggia,
2754 2962 2909 3018 flocci
2938 2965 3246 3034 legationes
3290 2977 3356 3017 ac
3408 2966 3617 3019 litteras

2046 3053 2614 3111 scachiMuchemetis
2641 3055 2917 3110 faciebat:
2978 3057 3223 3126 adeoque
3277 3057 3363 3109 vix
3415 3056 3619 3111 auditis

1961 3146 2006 3209 C
2045 3145 2236 3215 legatis
2269 3146 2590 3215 imperabat,
2619 3155 2677 3200 ut
2705 3162 3032 3203 numerosus
3057 3163 3121 3202 ac
3173 3157 3482 3217 praepotens
3526 3163 3618 3202 c0-

2045 3246 2264 3308 geretur
2287 3238 2586 3293 exercitus.
2620 3238 2930 3294 Accedebat
2975 3240 3243 3308 impulsor
3307 3238 3468 3301 alius,
3521 3254 3621 3293 nec

2046 3332 2228 3384 minus
2261 3348 2406 3396 acer,
2437 3333 2713 3387 llusreves
2755 3333 2911 3386 bassa
2948 3330 3278 3385 Wauensis:
3334 3335 3428 3401 qui
3483 3349 3620 3401 quo-

2047 3423 2173 3475 tidie
2204 3424 2517 3478 veredarios
2538 3440 2660 3477 cum
2696 3426 2889 3479 litteris
2911 3425 3442 3494 Constantinopolim
3483 3429 3619 3480 mis-

2046 3514 2267 3576 sitabat,
2299 3530 2396 3584 per
2422 3531 2557 3584 quas
2599 3517 2809 3571 litteras
2857 3521 3132 3571 sultanum
3182 3518 3447 3573 hluratem
3502 3535 3621 3572 cer-

2048 3609 2235 3661 tiorem
2263 3610 2539 3675 reddebat,
2570 3625 2760 3680 reapse
2786 3610 2978 3665 Persas
2995 3626 3185 3682 pacem
3213 3626 3317 3666 non
3342 3622 3617 3682 expetere,

2046 3702 2141 3755 sed
2164 3702 2302 3757 dicis
2353 3702 2620 3757 duntaxat
2680 3718 2869 3768 causa.
2927 3704 3138 3762 litteras
3201 3716 3253 3763 et
3305 3708 3511 3778 legatos
3550 3708 3617 3759 ad

2048 3794 2266 3848 Portam
2294 3795 2532 3861 misisse,
2562 3810 2672 3867 quo
2694 3796 2907 3851 Scilicet
2936 3812 3142 3853 moram
3178 3799 3616 3869 interponerent,

2048 3902 2215 3956 seque
2241 3888 2483 3959 gerendo
2508 3887 2655 3944 bello
2686 3888 2851 3944 rebus
2880 3889 2953 3945 ab
2989 3890 3249 3946 omnibus
3301 3890 3618 3944 instructio-

2048 3993 2136 4034 res
2165 3979 2461 4037 edicerent.

2117 4070 2274 4123 Anno
2337 4069 2720 4131 Maltumetano
2794 4070 2898 4125 981
2949 4069 3320 4140 (Clir.'l577)
3387 4076 3626 4127 scacbu!

2050 4162 2417 4217 Muchemetes
2447 4176 2571 4217 cum
2609 4161 2677 4216 iis
2720 4162 2983 4231 populis,‘
3021 4176 3253 4229 quormn
3322 4163 3619 4230 imperator

2051 4258 2203 4322 longe
2234 4254 2477 4306 omnium
2512 4262 2625 4306 toto
2665 4260 2938 4306 terrarum
2991 4255 3123 4307 orbe
3178 4254 3615 4321 potentissimus.

2051 4344 2155 4399 Ulu
2188 4345 2335 4397 Cban
2365 4344 2672 4408 Chitainus,
2708 4354 2764 4397 et
2788 4344 2985 4398 Kezies
3028 4345 3184 4397 bassa
3236 4346 3615 4410 cognominari

2051 4438 2209 4499 solet,
2232 4434 2408 4489 fatdus
2438 4436 2580 4501 iniit,
2609 4450 2813 4504 eosque
2830 4436 2931 4489 sibi
2958 4435 3098 4489 bello
3155 4444 3345 4489 contra
3401 4436 3615 4491 Turcos

2049 4530 2285 4600 gerendo
2312 4530 2492 4583 socios
2545 4530 2830 4595 adjunxit,
2880 4529 3093 4582 tametsi
3169 4528 3399 4597 majores
3450 4530 3620 4597 ipsius

2043 4625 2300 4677 continua
2338 4638 2460 4676 cum
2496 4622 2575 4676 eis
2630 4624 2765 4675 bella
2803 4622 3126 4691 gessissent.
3176 4621 3324 4675 Licet
3353 4621 3498 4675 enim
3565 4632 3620 4674 et

2047 4717 2147 4784 ipsi
2179 4715 2551 4769 Mabumetani
2580 4725 2730 4777 sunt,
2758 4728 2936 4768 tamen
2979 4716 3311 4785 quibusdam
3369 4717 3436 4769 de
3491 4718 3618 4769 reli-

2046 4810 2203 4877 gione
2232 4806 2559 4861 sententiisa
2598 4806 2776 4861 Persis
2807 4808 3139 4877 discrepant.
3185 4807 3383 4862 Habuit
3442 4811 3611 4864 etiam

2048 4907 2240 4965 praeter
2281 4900 2375 4951 hos
2420 4900 2730 4975 complures
2760 4913 2827 4953 ex
2881 4900 3016 4969 ipsis
3046 4898 3246 4954 Turcis
3276 4917 3379 4953 non
3435 4917 3614 4969 parva:

2047 4990 2389 5043 auctoritatis
2416 4989 2730 5053 auxiliares,
2757 4991 2848 5058 qui
2870 4992 2938 5044 ab
2968 4992 3087 5045 aliis
3120 4991 3315 5045 Turcis
3369 4990 3619 5045 Osmani-

2049 5083 2128 5136 cis
2152 5082 2202 5134 in
2234 5082 2511 5149 religionis
2562 5082 2822 5151 opinione
2870 5082 3227 5144 dissidebant,
3296 5092 3350 5136 et
3391 5084 3455 5134 ad
3516 5082 3621 5134 So-

2051 5172 2245 5241 phinos
2271 5172 2625 5227 inclinabant.
2666 5173 2906 5241 Denique
2954 5188 3059 5224 non
3117 5172 3339 5240 exiguas
3380 5186 3409 5223 a
3450 5170 3619 5224 Geor-

2051 5260 2226 5329 gianis
2279 5260 2496 5328 quoque
2545 5263 2729 5329 copias
2787 5261 3114 5326 impetravit,
3163 5261 3255 5328 qui
3317 5261 3619 5328 antiquitus

2052 5342 2186 5405 lberi
2216 5352 2553 5419 dicebantur,
2588 5361 2639 5405 ct
2665 5353 2983 5423 religionem
3015 5352 3382 5405 Christianam
3430 5353 3616 5407 hodie-

2052 5462 2157 5514 que
2199 5447 2535 5515 profitentur,
2574 5446 2821 5499 nonnihil
2850 5457 3030 5498 tamen
3059 5462 3087 5499 a
3114 5446 3316 5501 Grauis
3339 5456 3393 5502 et
3412 5448 3615 5502 nostris

2054 5541 2400 5593 dissidentes.
2437 5540 2785 5610 Principibus
2813 5539 3044 5594 diversis
3080 5551 3290 5609 parent.
3325 5553 3376 5595 et
3414 5546 3616 5595 animis

2056 5640 2118 5689 ad
2140 5638 2332 5692 Persas
2368 5638 2730 5707 propendent,
2765 5637 2966 5707 quibus
3001 5637 3103 5691 hoc
3136 5636 3275 5690 bello
3321 5638 3611 5705 plurinmm

2057 5748 2104 5797 ιιι
2123 5728 2400 5781 oluerunt.

3206 5826 3284 5885 2'2
