4026 6204
353 250 458 314 633i

1579 234 1908 304 IOANNIS
1940 236 2406 302 LEUNCLAVH

3518 234 3623 302 68‘

424 364 503 419 Ex
540 365 776 420 adverso
804 362 1054 419 sultanus
1083 357 1325 413 Murates
1348 357 1614 412 exercitui
1651 373 1754 412 suo
1779 358 1939 426 longe
1966 360 2016 418 Δ
2115 356 2477 429 Posteaquam
2542 356 2762 412 redacto
2828 355 2884 411 in
2957 362 3279 425 potestatem
3357 353 3625 425 Tiphlisio

342 457 709 527 amplissimo,
744 471 853 524 quo
899 452 1168 508 contineri
1219 450 1588 505 credebantur
1651 450 1933 504 hominum

343 553 411 602 a.|
454 551 686 604 ducenta
722 547 912 611 millia,
977 544 1324 613 Mustapham
1388 544 1606 597 bassam
1674 556 1935 612 supremo

345 664 470 701 cum
499 645 727 715 imperio
757 642 1022 713 prtefeeit,
1056 643 1216 713 cujus
1250 641 1568 695 immanitas
1598 656 1663 694 ac
1704 640 1935 709 perlidia

348 740 490 794 bello
539 736 741 809 Cyprio
793 735 1081 790 nobilitata
1146 735 1353 789 fuerat.
1412 733 1462 787 is
1515 734 1603 787 die
1654 733 1687 786 5
1731 732 1935 787 mensis

346 832 570 900 Aprilis,
646 846 789 883 anno
840 831 945 885 985
992 830 1148 888 (Chr.
1192 827 1392 899 1578),
1458 825 1936 894 Constantinopoli

347 924 637 979 discedens
679 923 922 976 maximo
954 937 1076 975 cum
1116 920 1292 975 Portze
1321 934 1612 989 procerum
1645 912 1934 979 comitaftt,

347 1019 441 1087 qui
474 1017 698 1071 honoris
753 1031 878 1068 enm
956 1030 1119 1069 causa
1186 1012 1569 1078 deducebant,
1627 1010 1933 1064 lscndaram

347 1107 680 1162 transmisit.
738 1106 867 1159 Inde
907 1106 1087 1160 dnctis
1146 1106 1209 1157 ad
1251 1105 1490 1158 hostium
1555 1104 1690 1158 lines
1739 1102 1932 1171 copiis,

345 1215 474 1255 eum
516 1206 619 1254 sub
649 1199 862 1253 initiutn
896 1199 1131 1269 Augusti
1187 1198 1396 1251 mensis
1452 1213 1517 1251 eo
1572 1196 1932 1265 pervenisset,

344 1290 777 1360 Georgianorum
818 1306 905 1345 res
932 1306 1028 1361 per
1065 1303 1341 1344 summam
1370 1287 1751 1343 crudelitatem
1772 1301 1937 1356 agere

347 1384 494 1438 ferre
528 1381 717 1452 coepit.
754 1382 902 1435 Inter
938 1381 1043 1436 hoc
1079 1391 1199 1435 erat
1226 1378 1430 1435 femina
1487 1380 1736 1451 qumdam
1787 1378 1937 1447 prin-

346 1490 502 1544 ceps,
534 1492 700 1543 quam
743 1476 903 1544 vulgo
937 1476 1176 1529 vetulam
1210 1474 1293 1529 vel
1324 1489 1591 1528 annosam
1646 1472 1933 1528 vocabant.

348 1569 428 1621 Ea
488 1582 613 1621 cum
673 1566 740 1620 de
782 1568 1021 1637 potentia
1077 1566 1280 1621 sultani
1320 1567 1545 1620 Muralis
1605 1566 1935 1634 accepisset,

348 1658 451 1712 sub
492 1658 595 1712 fide
632 1658 849 1726 publica
884 1658 1021 1714 filios
1054 1658 1191 1713 duos
1222 1658 1289 1712 ad
1322 1657 1664 1727 Mustaphant
1716 1658 1933 1711 bassam

348 1750 521 1812 misit,
558 1762 614 1803 ιιι
642 1752 1002 1821 subjectionis
1048 1758 1102 1805 et
1142 1751 1471 1806 obedientiae
1526 1751 1743 1821 signum
1808 1764 1936 1818 erga

349 1843 627 1897 sultanum
655 1842 1005 1897 Ostnanidatn
1037 1844 1245 1897 ederet.
1286 1844 1369 1898 llli
1420 1859 1544 1898 eum
1589 1843 1824 1911 primum
1869 1844 1934 1897 ad

349 1934 695 2005 Mustapltam
721 1944 1017 2007 tyrannum
1056 1936 1357 1999 venissent,
1392 1952 1516 1989 mox
1555 1937 1621 1987 ah
1670 1952 1759 1999 eo,
1821 1939 1937 1990 viro

351 2029 561 2083 scilicet
580 2036 787 2094 astuto,
817 2029 966 2082 nulla
992 2027 1133 2082 datae
1161 2028 1281 2081 ﬁdei
1307 2029 1513 2082 ratione
1538 2029 1743 2093 habita,
1771 2045 1935 2096 quam

351 2137 505 2175 more
545 2136 646 2175 suo
671 2130 781 2174 tam
846 2136 975 2190 erga
1013 2119 1386 2183 Christianos,
1420 2136 1585 2188 quam
1643 2120 1939 2175 Mahume-

350 2224 533 2276 tauos,
568 2228 665 2281 pro
709 2212 865 2267 libitu
898 2212 1113 2267 solebat
1148 2212 1379 2275 violare,
1406 2213 1936 2283 Constantinopolim

349 2308 416 2359 ad
443 2306 726 2359 suitanum
755 2304 1023 2360 Moralem
1084 2305 1400 2358 mittnntttr.
1459 2305 1635 2359 Simul
1688 2308 1758 2360 ab
1817 2307 1937 2375 ipso

349 2399 555 2453 certior
584 2398 826 2454 Illurates
856 2398 1128 2461 redditur,
1162 2412 1443 2467 nunquam
1476 2401 1738 2452 ditionem
1787 2382 1937 2468 priu-

349 2497 764 2566 cipisannoszc,
801 2494 999 2549 matris
1065 2509 1280 2559 eorum,
1318 2495 1419 2548 sub
1476 2494 1700 2549 Munitis
1742 2496 1934 2565 jugunt

352 2604 662 2649 venturam,
718 2590 771 2642 ni
805 2588 887 2642 vel
924 2597 1175 2658 uterque,
1234 2588 1319 2641 vel
1357 2588 1625 2642 alteruter
1672 2588 1938 2645 ιιιιιιιιιιιιι

348 2682 414 2735 ad
448 2680 886 2747 amplectendum
920 2680 1244 2749 religionem
1282 2677 1756 2733 Musulmanoruni
1811 2698 1939 2750 pera

352 2779 658 2826 moveatur.
697 2770 815 2836 Qua
847 2770 1064 2840 quidem
1099 2771 1154 2823 in
1208 2788 1267 2826 re
1301 2782 1409 2826 tam
1471 2773 1562 2826 diu
1619 2750 1934 2828 iaboratutn

350 2868 449 2918 fuit
478 2864 546 2917 ab
589 2860 922 2929 Ostnanicis,
975 2870 1034 2917 ut
1096 2863 1310 2916 tandem
1354 2863 1534 2917 minor
1592 2875 1719 2917 natu
1774 2864 1939 2917 frater

352 2955 889 3017 musulmanissaret,
931 2967 1079 3007 anno
1124 2952 1228 3007 986
1269 2953 1424 3023 (Chr.
1482 2954 1669 3022 1579),
1726 2956 1813 3010 die
1870 2955 1938 3009 9.3

352 3048 560 3101 ntensis
590 3045 786 3113 Junii;
827 3046 915 3100 cui
943 3056 1228 3115 propterea
1288 3057 1515 3115 paterna
1579 3060 1936 3119 maternaque

348 3141 487 3195 ditio
514 3156 640 3194 eum
676 3138 925 3208 hae-lege
951 3154 1215 3193 concessa
1249 3138 1372 3201 fuit,
1406 3148 1461 3192 nt
1486 3157 1605 3193 eam
1656 3142 1816 3195 titulo
1850 3146 1940 3197 be—
1964 3121 2010 3174 (λ

354 3235 722 3305 glerbegatus,
762 3233 1028 3287 beneficio
1055 3233 1257 3286 sultani
1324 3228 1549 3287 Mutatis
1610 3234 1933 3304 possideret.

351 3329 448 3383 Est
472 3339 659 3383 autem
681 3343 745 3381 ca
778 3326 929 3398 regio
978 3322 1688 3397 Tscltildiii'Tiphlisioque
1724 3340 1941 3384 conter-

352 3422 522 3476 mina.
570 3420 744 3490 Major
810 3432 943 3473 natu
996 3418 1163 3472 frater
1212 3418 1264 3472 in
1338 3416 1616 3474 retinenda
1681 3420 1940 3492 religione

351 3513 663 3568 Christiana
693 3520 1037 3567 constantem
1070 3527 1130 3566 se
1154 3512 1411 3580 praebuit,
1445 3528 1509 3566 ac
1538 3515 1765 3566 tametsi
1793 3516 1939 3567 mul-

355 3620 470 3662 tum
503 3606 779 3676 precibus,
814 3603 1125 3673 promissis,
1165 3605 1329 3657 minis
1378 3604 1620 3674 denique
1676 3606 1938 3659 formida-

352 3699 558 3755 hilibus
590 3707 912 3763 tentaretur,
980 3713 1259 3766 nunquam
1299 3708 1480 3750 tamen
1506 3698 1701 3753 adduci
1738 3702 1937 3768 potuit,

352 3776 411 3850 ut
445 3793 609 3848 ﬁdem
644 3790 1340 3846 Christianamdesereret.
1388 3785 1543 3845 Unde
1604 3790 1832 3857 faetoiu,
1883 3805 1941 3847 ut

348 3887 485 3954 ipsis
517 3881 1006 3952 Constantinopoli
1038 3882 1303 3951 profectis
1360 3884 1549 3938 eodem
1608 3900 1756 3938 anno
1810 3886 1935 3951 986,

348 3983 439 4038 die
470 3980 768 4036 lSmensis
820 3978 1074 4048 Augusti,
1136 3977 1298 4034 simul
1340 3994 1403 4033 ac
1443 3982 1649 4034 reversi
1705 3980 1938 4035 fuissinit

350 4076 405 4129 in
448 4074 703 4144 patriam,
742 4072 910 4128 frater
949 4072 1034 4126 hie
1097 4072 1447 4127 Christianus
1502 4073 1791 4128 confesdm
1839 4093 1935 4129 ex—

351 4169 586 4237 spiraret
612 4182 626 4218 :
654 4170 717 4219 de
739 4166 901 4235 cujus
932 4174 1110 4219 morte
1138 4165 1368 4219 diversa:
1396 4166 1617 4219 fuerunt
1651 4167 1931 4222 hominum

349 4262 664 4332 opiniones,
703 4260 828 4314 aliis
856 4277 886 4314 a
918 4259 1089 4314 fratre
1133 4274 1403 4313 venenum
1436 4260 1485 4312 ei
1516 4261 1694 4313 daturi
1755 4262 1806 4313 iu
1854 4263 1938 4315 iti-

348 4370 479 4410 nere
511 4353 949 4422 perhihentibus,
985 4353 1107 4406 aliis
1168 4367 1266 4421 pro
1300 4361 1451 4405 certo
1484 4353 1884 4407 allittnatttibtts
1918 4395 1931 4418 ,

1985 3111 2008 3133 η

2039 453 2427 523 begierbeguiu
2485 450 2843 522 praefecisset,
2901 465 2966 505 ac
3028 448 3457 519 dephterdarum
3510 450 3626 505 sive

2040 545 2387 612 rationalem,
2419 545 2503 600 vel
2536 554 2892 614 quaestorem,
2951 543 3152 597 flumen
3186 543 3461 612 quoddam
3509 544 3626 599 suis

2039 654 2164 694 cum
2197 639 2370 709 cupiis
2404 639 2735 703 transmisit,
2776 637 2921 707 quod
2954 639 3023 691 ah
3050 637 3173 692 aliis
3193 639 3353 700 Ares,
3386 638 3456 691 ab
3501 638 3627 693 aliis
3678 641 3689 645 ί

2039 733 2268 797 Carusn,
2297 733 2356 785 id
2408 743 2514 795 est,
2570 734 2723 802 Aqua
2787 732 2965 802 nigra,
3018 741 3249 785 vocatur
3311 740 3623 801 propterea,

2041 825 2187 893 qnud
2222 826 2427 894 impetu
2461 824 2634 878 veloci
2668 824 2811 878 'lluat
2858 833 2912 877 et
2959 822 3292 891 profundunt
3343 824 3436 877 sit.
3490 822 3626 876 Dum

2041 918 2091 970 id
2121 915 2319 971 fluinen
2365 916 2747 983 tt-ansjicerct,
2811 932 2920 970 uno
2971 917 3238 970 duntaxat
3295 915 3385 971 die
3450 915 3627 969 17οιδο

2040 1027 2265 1065 suorum
2318 1010 2527 1076 amisit,
2595 1025 2735 1079 quos
2791 1011 3100 1065 vorticosus
3152 1011 3355 1075 amnis,
3431 1019 3627 1079 pra-ter

2041 1121 2236 1175 equos,
2265 1104 2507 1158 camelos
2558 1112 2613 1157 et
2646 1103 2827 1158 mulos
2884 1103 3212 1171 absumpsit.
3254 1104 3427 1158 Aiunt
3480 1104 3625 1157 hunc

2039 1211 2254 1251 amnem
2288 1195 2678 1251 distertninare
2710 1194 2967 1261 Mediam,
3019 1196 3124 1251 hoc
3159 1205 3262 1261 est,
3328 1194 3623 1251 Sirvanuut

2039 1304 2069 1340 ιι
2101 1285 2426 1355 Georgiana.
2465 1284 2806 1352 Transjectis
2853 1285 3050 1355 copiis,
3084 1285 3189 1340 iter
3234 1301 3395 1340 suum
3426 1286 3627 1341 direxit

2040 1395 2233 1434 versus
2259 1394 2380 1434 eam
2420 1378 2865 1449 eivitatem,qua:
2895 1379 3180 1434 communi
3238 1379 3462 1434 nomine
3499 1395 3624 1435 cum

2042 1473 2157 1542 ipsa
2190 1471 2413 1542 regione
2439 1472 2736 1527 Sit-vanum
2756 1474 2983 1535 dicitur,
3016 1473 3218 1542 illaque
3268 1474 3487 1529 nemine
3541 1490 3625 1528 re-

2041 1567 2268 1621 sistente
2302 1566 2510 1635 potitus
2571 1577 2655 1621 est
2705 1582 2721 1621 :
2773 1568 2920 1637 quod
2957 1567 3134 1621 Persae
3170 1568 3456 1622 facultates
3492 1582 3624 1622 snas

2044 1672 2236 1711 omnes
2261 1658 2603 1722 avexissent,
2641 1666 2924 1727 totamque
2954 1658 3208 1712 vit-iniam
3243 1658 3391 1712 ferro
3418 1667 3471 1712 et
3508 1659 3620 1727 igni

2045 1758 2376 1806 vastassent.
2436 1750 2564 1805 Istic
2618 1753 3291 1823 quoquerheglerbegnm
3354 1767 3475 1807 cum
3528 1753 3622 1806 dc-

2046 1843 2342 1913 phterdaro
2375 1841 2683 1898 constituit.
2746 1841 2810 1897 Et
2866 1843 3058 1900 civitas
3118 1858 3180 1897 ea
3231 1842 3397 1898 totius
3440 1844 3624 1897 Medias

2046 1934 2362 2003 metropolis
2395 1944 2497 1989 est.
2546 1934 2645 1989 llis
2676 1936 2834 1990 rebus
2870 1938 3060 2006 gestis,
3100 1938 3167 1991 ad
3221 1936 3291 1990 25
3347 1936 3462 1991 dies
3522 1938 3625 1990 ibi-

2044 2027 2166 2082 dem
2198 2027 2514 2098 Mustapltas
2548 2028 2726 2083 ha’sit.
2768 2028 2900 2084 Inde
2936 2030 3215 2085 rediturus
3264 2031 3625 2095 Arzeruuten,

2044 2136 2303 2192 suprema
2332 2137 2453 2176 cum
2486 2131 2759 2192 potestate
2789 2123 2986 2179 ducem
3017 2123 3250 2179 limitum
3307 2135 3361 2179 et
3410 2125 3627 2179 exerci-

2044 2187 2199 2267 ιιιιιῖῐι
2229 2214 2438 2281 Mediae,
2471 2215 2819 2287 veziremque
2864 2215 3041 2271 Porta:
3087 2216 3295 2271 creavit
3329 2216 3623 2271 Osmanem

2044 2305 2263 2359 bassain
2295 2346 2310 2370 ,
2341 2308 2435 2376 qui
2485 2317 2611 2376 post
2672 2300 2837 2363 etiam
2894 2309 3262 2364 vezirazeuus
3324 2308 3626 2364 Osmanica:

2043 2396 2218 2452 Porta:
2252 2396 2427 2454 factus
2465 2409 2569 2466 est,
2611 2400 2806 2457 relicto
2852 2401 2904 2456 ei
2946 2402 3083 2457 satis
3149 2418 3350 2473 magno
3402 2402 3625 2473 geniu-

2046 2505 2232 2544 rorum
2272 2491 2619 2562 aliorumque
2675 2493 2912 2548 militum
2972 2510 3205 2551 numero
3232 2536 3247 2561 ,
3287 2496 3420 2551 'cum
3470 2497 3623 2551 suffi-

2043 2585 2219 2639 ciente
2254 2593 2649 2639 tormentorum
2693 2588 3044 2657 ‘beliicorutn,
3102 2576 3394 2661 rerumque
3441 2590 3507 2645 ad
3560 2607 3625 2646 ea

2047 2677 2482 2730 necessariarum
2515 2688 2568 2731 et
2597 2694 2828 2732 annonae
2858 2678 3038 2749 copia.
3089 2680 3304 2745 Quibus
3368 2683 3626 2737 omnibus

2046 2770 2120 2823 ita
2159 2770 2496 2833 Conslilutis,
2560 2789 2685 2827 cum
2754 2773 2962 2843 reliquo
2999 2774 3317 2844 Mustaphas
3382 2776 3623 2830 exercitu

2036 2862 2377 2939 iArz‘erumen
2415 2880 2472 2917 se
2491 2864 2746 2927 contulit,
2772 2865 3046 2920 Armenia:
3071 2867 3295 2933 majoris
3318 2867 3620 2931 civitatem,

2043 2969 2161 3021 quae
2193 2969 2285 3007 sei.
2319 2957 2529 3009 dierum
2589 2957 2783 3011 itinere
2837 2957 3181 3028 Trapezunte
3230 2959 3417 3013 distat.
3467 2958 3625 3027 Apud

2045 3046 2382 3101 Auzernmen
2407 3048 2546 3103 alius
2576 3059 2659 3104 est
2692 3050 3077 3121 bi-gierbegus,
3140 3064 3194 3106 et
3223 3053 3622 3121 dephterdarus

2046 3141 2244 3193 sultani
2287 3140 2618 3195 Osntanidae.

2120 3232 2483 3303 Posteaquam
2567 3236 2675 3288 huc
2727 3251 2983 3291 reversus
3036 3236 3241 3292 fuisset
3309 3236 3625 3307 Mustaphas

2045 3328 2227 3391 bassa,
2273 3327 2641 3383 lliuchenietes
2669 3345 2761 3383 rex
2797 3329 3059 3384 Persicus
3116 3347 3469 3386 numerosum
3517 3334 3623 3386 mi-

2046 3422 2447 3473 sitexercitum
2501 3427 2765 3474 adversus
2817 3420 3023 3486 hostes,
3081 3424 3294 3476 Siivaui
3350 3424 3615 3479 relictos:

2046 3516 2245 3583 quibus
2278 3517 2419 3567 inter
2448 3530 2509 3568 se
2539 3516 2730 3583 ptwlio
2767 3514 3098 3583 congressis,
3139 3517 3312 3572 victus
3354 3516 3461 3571 fuit
3506 3517 3623 3571 Sir-

2048 3608 2302 3660 \ttttensis
2323 3607 2699 3677 heglerbcgus,
2724 3608 2988 3678 omnique
3013 3624 3136 3663 cum
3162 3610 3402 3664 exercitu
3428 3624 3619 3664 caesus.

2044 3698 2207 3753 Persa
2239 3711 2344 3753 tam
2378 3700 2575 3769 insigni
2609 3702 2815 3771 potitus
2837 3702 3091 3767 victoria,
3124 3702 3624 3773 triumphabundus

2043 3790 2107 3843 ad
2143 3790 2416 3844 civitatein
2456 3791 2754 3847 Sit-vanum
2787 3804 3059 3864 properat,
3114 3810 3349 3865 eamque
3405 3795 3624 3865 paucis-

2043 3881 2199 3936 simis
2245 3884 2437 3939 diebus
2487 3885 2767 3941 obsessam
2828 3896 3134 3956 recuperat.
3173 3884 3380 3944 Osmau
3441 3889 3623 3954 bassa,

2043 3976 2133 4044 qui
2163 3985 2290 4029 ante
2312 3978 2557 4045 prtehum
2589 3979 2691 4033 hoc
2725 3979 2791 4033 ad
2817 3979 3006 4033 urbem
3043 3990 3184 4047 erat,
3214 3995 3340 4035 cum
3384 3983 3627 4051 primunt

2042 4070 2109 4123 de
2144 4083 2318 4123 morte
2359 4069 2666 4141 begli:i'ngi
2723 4081 2776 4125 et
2843 4073 3122 4127 exercitus
3154 4073 3311 4128 clade
3366 4074 3621 4128 nuntium

2041 4166 2288 4231 accepit;
2331 4164 2472 4230 quod
2498 4164 2609 4233 jam
2637 4180 2743 4232 prie
2790 4165 2968 4219 oculis
3015 4166 3361 4221 obsidionem
3404 4168 3621 4221 Sit'vani

2041 4271 2308 4323 suumque
2364 4258 2572 4310 vitet-et
2625 4259 2926 4321 interitum,
2990 4270 3148 4314 nocte
3206 4264 3443 4329 quadam
3497 4277 3619 4315 tutu

2042 4350 2231 4416 paucis
2260 4363 2484 4401 suorum
2524 4365 2715 4404 versus
2761 4349 3151 4421 Tetnircapim,
3194 4354 3295 4408 hoc
3346 4362 3450 4421 est,
3493 4354 3620 4409 Por-

348 4448 401 4499 id
427 4447 477 4501 ei
504 4445 853 4515 propinatum
884 4444 1057 4498 fuisse
1077 4444 1554 4513 Constantinopoli
1623 4463 1649 4497 a
1690 4445 1886 4502 Turcis
1916 4495 1928 4515 ,
1965 4456 2012 4514 ι]
2044 4451 2150 4494 tum
2186 4443 2445 4507 ferream,
2487 4442 2601 4497 sive
2644 4442 3008 4510 Derbcntum,
3074 4446 3306 4517 aufugit.
3347 4446 3402 4500 ld
3458 4448 3620 4503 situm

345 4549 461 4590 arte
489 4537 579 4590 taii
612 4546 883 4607 piratunt.
914 4546 972 4590 ut
1026 4537 1093 4588 ad
1122 4547 1339 4589 certum
1389 4538 1687 4592 terminum
1739 4547 1931 4607 paula-

347 4632 444 4684 titn
479 4630 757 4684 hominem
783 4629 1180 4699 exstingueret.

414 4725 497 4776 Ad
524 4722 869 4791 Mnstapham
902 4738 1030 4776 vero
1060 4723 1277 4777 bassam
1312 4734 1368 4776 nt
1411 4723 1725 4786 redeamus,
1758 4725 1855 4779 iter
1890 4727 1935 4783 is

348 4832 506 4869 suum
538 4825 593 4868 et
618 4814 1021 4881 expeditionem
1048 4828 1412 4883 prosequens,
1440 4824 1563 4882 post
1592 4816 1776 4869 varios
1804 4835 1939 4869 cun-

347 4910 528 4963 llictus
563 4917 615 4960 et
648 4922 875 4976 pugnas,
908 4906 1072 4977 370
1097 4906 1297 4976 quibus
1347 4907 1506 4962 modo
1566 4924 1690 4962 cum
1729 4908 1931 4970 l’ersis.

344 5002 511 5055 modo
538 5016 662 5053 cunt
720 4997 1065 5066 Georgianis,
1129 4998 1331 5067 insigni
1387 5000 1665 5052 exercitus
1714 5000 1933 5068 anlliia

343 5107 676 5163 congressus
714 5091 1047 5158 l'uit(inettse
1071 5089 1289 5159 quidem
1316 5088 1560 5158 Augusto
1594 5092 1764 5159 'pritni
1821 5104 1935 5146 sta-

344 5188 443 5239 tim
478 5188 630 5248 anni,
682 5184 981 5239 Tocntaces
1033 5181 1307 5247 sultanus,
1372 5182 1579 5235 llevuni
1635 5183 1929 5250 dominus,

345 5281 438 5351 ιιιῆ
465 5281 664 5335 seat-ho
701 5276 1033 5332 Muehemeti
1080 5276 1379 5336 militabat,
1416 5292 1524 5328 uno
1571 5276 1760 5344 praelio
1788 5275 1927 5329 Tur-

344 5390 536 5430 coruttt
567 5370 741 5425 15000
769 5369 1013 5439 cecidit),
1047 5368 1263 5422 tandem
1302 5368 1628 5436 'l‘iphlisiunt
1674 5372 1817 5436 cepit
1874 5371 1927 5423 in

346 5467 568 5535 regioae
592 5463 1055 5531 Geurgianoxutn,
1084 5462 1357 5514 civitatein
1397 5459 1684 5513 finitimam
1735 5460 1930 5515 ditioni

345 5557 612 5630 principis
652 5553 895 5610 Simonis
955 5566 1008 5606 et
1061 5552 1320 5605 chentis
1355 5550 1498 5618 begi,
1552 5551 1645 5620 qui
1701 5560 1754 5605 ct
1813 5549 1931 5620 ipse

344 5656 600 5723 princeps
634 5650 973 5718 Georgianus
1000 5656 1103 5703 est.
1138 5646 1349 5700 Accidit
1409 5649 1513 5699 hoc
1545 5662 1687 5700 anno
1739 5645 1929 5702 Maliti-

344 5754 566 5798 tnetano
597 5741 703 5795 985
733 5741 887 5811 (Chr.
913 5739 1097 5810 1578),
1129 5756 1314 5795 mense
1347 5738 1682 5809 Septembri.

2040 4536 2217 4589 estad
2269 4553 2419 4591 mare
2478 4536 2764 4606 Caspium,
2821 4540 2963 4607 quod
2998 4541 3240 4606 ipsorum
3278 4543 3458 4613 lingua
3520 4540 3622 4597 Be-

2044 4620 2358 4681 bercnlznni
2394 4630 2509 4683 sive
2534 4631 2763 4684 Culzutn
2790 4632 2967 4686 denixi
3002 4634 3226 4692 dicitur.

2110 4721 2166 4774 lit
2193 4722 2337 4775 hunc
2362 4722 2584 4776 modum
2621 4735 2840 4793 recepto
2895 4727 3151 4791 Sin-ano,
3209 4742 3297 4781 res
3332 4744 3359 4779 ιι
3429 4727 3621 4782 Turcis

2040 4817 2258 4870 relictas
2290 4816 2468 4871 Persa:
2507 4816 2793 4885 diripittnt,
2838 4832 3012 4871 muris
3043 4817 3339 4871 Sirvanum
3392 4822 3618 4883 nudant,

2040 4910 2449 4975 p:0pngnacuia
2477 4922 2653 4977 Ctl’pla
2680 4908 2936 4969 diruunt,
2982 4910 3259 4980 regionem
3303 4926 3428 4964 cum
3472 4913 3620 4963 inco—

2038 4998 2102 5050 ιι.
2131 5001 2198 5051 ab
2231 4998 2671 5069 Osinauicojugo
2703 5000 2960 5065 liberant,
2995 5004 3090 5071 qui
3123 5002 3316 5072 majori
3353 5018 3415 5057 ex
3467 5012 3620 5070 parte

2036 5102 2166 5144 sunt
2197 5091 2463 5155 Armenii,
2499 5092 2700 5161 reliqui
2746 5094 2882 5163 legis
2932 5094 3331 5150 Mahutnetana:
3377 5106 3621 5149 sectato-

2037 5197 2143 5245 res,
2184 5192 2292 5234 tam
2324 5180 2653 5247 (lsmanicze,
2682 5198 2847 5251 quam
2900 5181 3137 5237 Persicae
3162 5184 3163 5187 “
3191 5184 3615 5251 superstitionis.

2035 5272 2239 5328 Osman
2273 5290 2401 5325 vero
2428 5273 2582 5326 hassa
2604 5289 2731 5327 cum
2755 5274 3124 5343 Temircapim
3151 5276 3408 5339 venisset,
3435 5287 3617 5329 astute

2033 5366 2136 5418 sibi
2170 5363 2540 5417 Sehemhalini
2582 5365 2838 5431 chanetn,
2881 5364 2985 5418 hoc
3025 5374 3142 5431 est,
3197 5367 3438 5434 regulum
3502 5369 3619 5420 sive

2032 5454 2613 5528 p:iii~-ipetnDcrbetiti
2647 5497 2660 5519 .
2711 5459 2949 5512 anticum
2998 5458 3277 5520 reddidit,
3338 5460 3615 5513 addictum

2035 5552 2428 5606 Malunnetanm
2461 5553 2878 5621 lisiiiaiiicmque
2905 5563 3088 5618 sectte,
3117 5551 3301 5607 Persis
3326 5553 3614 5617 infestum,

2010 5648 2254 5700 -natione
2295 5647 2600 5700 Tatarum:
2641 5647 2799 5716 cujus
2834 5656 2888 5702 ct
2937 5648 3100 5702 ﬁliam
3154 5648 3308 5702 dttxit
3364 5662 3614 5708 uxorem,

2033 5756 2154 5812 quae
2185 5752 2305 5810 post
2338 5741 2596 5795 instinctu
2629 5742 2812 5795 ttiatiti
2864 5752 3075 5810 patri-tn
3140 5758 3345 5796 \(‘t‘CtiO
3371 5743 3611 5795 sustulit.
