4026 6204
463 316 572 380 δικ5

1577 316 1672 375 SU
1697 312 1975 375 I‘I’LE’II.
2012 310 2282 371 ANNAL.
2326 310 2629 371 TURCIC.

3604 316 3711 378 6θὸ

463 409 520 473 Id
556 421 754 474 factum
782 419 848 473 ab
876 415 1113 474 Osmaue
1173 422 1460 490 perhibent
1509 426 1645 477 duas
1678 424 1749 477 ob
1809 437 2027 477 causas.
2062 429 2104 482 Α
2138 422 2355 476 initium
2414 438 2542 476 vero
2607 426 2886 490 sequentis
2931 422 3154 490 uastatis,
3214 436 3360 478 anno
3409 423 3513 480 986
3555 426 3708 495 (Chr.

465 511 729 572 Primum,
792 512 937 581 quod
1016 525 1299 567 vereretur
1352 530 1419 567 ne
1468 531 1725 569 successu
1776 516 2035 582 temporis

461 620 586 656 eum
614 618 773 657 socer
822 606 939 672 ipse
972 605 1039 658 de
1080 605 1260 659 medio
1304 606 1537 660 tolleret.
1598 605 1822 673 Deinde,
1881 616 1939 660 ut
1981 609 2035 659 in

464 706 784 764 potestatem
830 696 1047 749 redacta
1089 698 1394 753 munitione
1430 694 1811 768 Temirrapina
1861 701 2038 768 regio-

466 804 643 859 ncque
669 789 871 853 soceri,
915 791 1223 858 patrocinio
1261 792 1463 846 sultani
1491 794 1576 847 sui
1614 791 1926 847 Osmanidze
1979 806 2038 842 se

466 883 724 943 traderet,
748 883 895 950 quod
933 884 1096 936 etiam
1128 898 1319 954 reapse
1345 883 1498 943 fecit.
1560 884 1770 952 Quippe
1825 893 2040 938 mortuo

463 974 763 1028 schemhali
797 974 996 1039 chane,
1030 973 1233 1029 Osman
1279 979 1437 1030 bassa
1480 977 1631 1031 solus
1655 985 1711 1030 et
1750 976 2039 1030 absolutus

464 1067 721 1135 princeps
746 1066 947 1120 mansit
981 1067 1032 1120 in
1059 1067 1268 1122 ditione
1299 1070 1498 1132 soceri,
1560 1067 1777 1123 nemine
1816 1047 2041 1137 prorsus

465 1159 817 1228 impediente.
848 1157 1145 1214 Confestim
1177 1176 1307 1215 vero
1336 1175 1430 1228 per
1459 1159 1724 1230 Capham,
1745 1174 1866 1228 quae
1899 1160 2042 1213 inter

430 1247 744 1300 (Tatariam
805 1245 1252 1318 Moscoviamque
1303 1251 1371 1303 ad
1436 1251 1857 1319 septemtriones
1912 1250 2040 1314 sita,

468 1341 797 1396 Circassiam
833 1355 1026 1395 versus
1069 1342 1353 1396 meridiem
1380 1342 1565 1408 habet,
1599 1342 1863 1411 ablegatis
1886 1357 2042 1396 vere-

467 1433 811 1495 dariis,cum
846 1432 1044 1488 litteris
1067 1433 1132 1486 ad
1185 1432 1465 1487 sultanum
1521 1431 1874 1488 Osmanidam
1929 1432 2045 1486 Mu-

471 1534 665 1585 ratem,
702 1523 820 1590 ejus
845 1539 905 1578 se
936 1523 1061 1578 ﬁdei
1100 1526 1466 1593 potestatique
1526 1534 1702 1578 totum
1749 1523 1953 1579 dedidit
1992 1534 2047 1579 et

468 1613 912 1667 commendavit:
946 1612 1108 1667 simul
1138 1628 1419 1679 exponens
1454 1629 1516 1668 ea
1539 1630 1659 1684 qua:
1687 1614 1755 1669 ab
1790 1630 1849 1670 se
1898 1625 2045 1684 gesta

470 1707 723 1768 fuissent,
756 1722 817 1760 ac
847 1715 1055 1775 petens,
1093 1718 1151 1759 ut
1183 1707 1455 1775 siquidem
1488 1723 1597 1761 non
1632 1711 1699 1761 de
1731 1708 1875 1762 illius
1908 1708 2049 1761 dun-
2092 1760 2111 1781 ,

2142 514 2417 579 l579),ad
2451 518 2584 570 fines
2640 515 2894 571 Persicos
2924 517 3228 571 exercitum
3288 519 3469 584 duxit,
3535 519 3713 573 diver-

2143 610 2328 675 sisque
2358 608 2558 676 praaliis
2596 610 2757 663 modo
2787 624 2908 662 cum
2942 608 3144 671 Persis,
3177 609 3341 664 modo
3374 624 3498 664 cum
3545 609 3719 666 Geor—

2146 698 2324 765 gianis
2366 698 2700 767 confligens,
2763 700 2990 755 inferior
3046 716 3282 770 semper,
3341 702 3541 772 insigni
3594 719 3716 757 cum

2143 806 2367 844 suorum
2396 791 2571 857 clade,
2611 793 2885 848 discessit.

2216 881 2416 936 Eodem
2455 898 2599 937 anno
2644 866 2908 939 Carseum
2964 885 3216 952 munivit,
3270 887 3447 941 locum
3484 888 3555 941 ab
3612 890 3715 941 Ar-

2144 987 2367 1026 zernme
2409 987 2608 1028 versus
2640 972 2922 1029 Revanum
2966 988 3205 1045 quatuor
3245 977 3455 1031 dierum
3520 979 3717 1032 itinere

2145 1062 2479 1118 distantem:
2529 1066 2691 1133 eique
2748 1065 3126 1135 beglcrbegunt
3186 1078 3236 1122 et
3297 1069 3718 1137 dephtertlarutn

2146 1154 2412 1224 praefecit.
2465 1158 2833 1212 Consimiliter
2890 1159 2957 1213 ad
3007 1159 3382 1227 Tschildirim,
3452 1162 3611 1216 sitam
3665 1164 3717 1215 in

2146 1245 2470 1317 Georgiana:
2499 1249 2789 1314 limitibus.
2815 1252 2983 1307 alium
3034 1253 3413 1326 beglerbegum
3450 1270 3574 1309 cum
3629 1256 3717 1309 dc-

2149 1340 2443 1409 phterdaro
2461 1343 2768 1398 constituit.

2220 1432 2366 1487 Misit
2389 1435 2553 1489 etiam
2581 1435 2682 1489 hoc
2712 1451 2860 1490 anno
2899 1453 3021 1492 cum
3080 1439 3257 1493 classe
3297 1440 3548 1495 sultanus
3605 1441 3720 1494 Mu-

2150 1531 2293 1577 rates
2316 1521 2583 1578 Uluzalim
2622 1526 2862 1591 hassam,
2889 1527 3205 1596 praefectum
3258 1532 3446 1597 maris,
3479 1532 3533 1583 in
3582 1532 3720 1586 Miu-

2150 1614 2401 1681 greliam,
2440 1617 2719 1689 regionem
2755 1619 3080 1686 populorum
3120 1620 3422 1684 Colchidis,
3464 1632 3521 1675 ut
3548 1622 3613 1675 iis
3670 1624 3721 1674 in

2153 1703 2287 1758 locis
2324 1706 2682 1761 munitionem
2738 1709 3049 1764 :edilicaret.
3115 1711 3251 1765 Huic
3309 1713 3576 1767 absolutae
3636 1715 3711 1767 be-

469 1808 620 1852 tasat
646 1799 748 1853 loci
771 1815 834 1852 ac
858 1798 1104 1860 ditionis,
1134 1813 1322 1852 verum
1362 1798 1529 1851 etiam
1562 1800 1628 1853 de
1662 1799 1829 1855 totius
1864 1798 2045 1867 Caspii
2083 1796 2123 1855 Β
2152 1794 2439 1865 glcrbegus
2465 1798 2533 1852 ab
2572 1813 2638 1854 eo
2660 1800 2823 1855 datus
2877 1801 2999 1864 fuit,
3031 1818 3094 1856 ac
3140 1804 3555 1873 dephterdarus.
3619 1806 3723 1873 Ipsi

472 1893 681 1951 maris,
718 1890 1027 1956 Moscoviw,
1080 1889 1373 1945 Orientalis
1427 1892 1609 1956 Indiae,
1664 1891 2045 1947 Samarcandre

470 1984 803 2038 Chorasanis
870 1994 924 2037 et
976 1983 1262 2050 Chilanis,
1344 1982 1682 2038 Persicorum
1733 1984 2043 2055 regionum,

471 2076 702 2144 imperio
727 2090 940 2129 summo
973 2074 1265 2143 cogitaret,
1325 2075 1504 2143 primo
1537 2089 1755 2145 quoque
1799 2086 2047 2145 tempore

472 2165 571 2219 sibi
605 2166 927 2228 exercitum,
952 2166 1238 2233 pecunias,
1262 2180 1513 2221 annonas
1547 2166 1806 2222 mitteret.
1865 2167 2051 2223 Sulta-

475 2274 579 2312 nus
606 2257 842 2312 Μαι-διεδ
873 2258 1009 2312 laetis
1041 2258 1195 2312 hisce
1221 2260 1426 2313 nuntiis
1447 2269 1729 2330 permotus
1762 2244 1885 2314 cuni
1913 2260 2050 2316 alias

472 2352 524 2405 ei
559 2366 648 2403 res
680 2351 1022 2405 necessarias
1054 2349 1288 2415 curavit,
1322 2358 1437 2404 tum
1482 2351 1644 2405 etiam
1670 2351 1845 2406 60000
1889 2350 2051 2405 Tata-

477 2459 663 2496 rorum
700 2442 867 2508 misit,
902 2457 1025 2496 cum
1073 2442 1287 2498 duobus
1318 2441 1583 2499 fratribus
1639 2444 1760 2511 ejus
1818 2443 2054 2499 Tataria:

478 2536 643 2602 regis,
673 2534 765 2604 qui
796 2534 1054 2603 deinceps
1081 2549 1227 2589 anno
1258 2533 1368 2600 .991
1407 2536 1561 2604 (Chr.
1616 2536 1779 2605 1584)
1833 2537 1902 2591 ab
1953 2541 2054 2592 Us-

480 2642 639 2679 mane
670 2627 827 2679 bassa
852 2624 1229 2694 strangulatus
1252 2625 1381 2680 fuit.
1417 2625 1480 2679 Et
1505 2626 1620 2679 hate
1646 2626 1864 2695 quidem
1906 2643 2054 2682 anno

480 2718 603 2772 belli
620 2719 794 2786 primo
823 2727 973 2786 gesta
993 2717 1236 2782 fuerunt,
1265 2716 1526 2772 nimirum
1550 2717 1656 2773 985
1684 2717 1836 2789 (Chr.
1868 2720 2051 2787 I578):

479 2820 589 2873 quo
628 2802 932 2859 Turcorum
954 2816 1062 2860 tam
1096 2807 1150 2859 in
1198 2805 1400 2874 proeliis
1424 2844 1441 2872 ,
1495 2821 1661 2877 quam
1715 2821 2055 2864 commeatus

483 2898 686 2963 inopia,
712 2898 943 2965 periisse
968 2913 1133 2967 supra
1162 2900 1336 2955 70000
1359 2909 1596 2956 constat.

553 2986 741 3042 Ilieme
767 3003 893 3043 vero
923 2999 1116 3045 exacta
1137 3029 1152 3054 ,
1180 3006 1308 3045 cum
1363 3000 1525 3047 aestas
1577 2992 1709 3046 anni
1756 2990 1861 3046 986
1898 2992 2051 3062 (Chr.

483 3079 644 3148 1579)
672 3081 1011 3150 appetiisset,
1036 3083 1440 3151 auxiliaresque
1459 3086 1631 3153 copia:
1661 3100 1786 3141 cum
1809 3084 2055 3153 pecuniis

481 3174 547 3227 ad
611 3171 975 3243 Temicarpitn
1056 3174 1440 3240 accessissent,
1499 3176 1678 3232 solitis
1728 3176 1783 3231 in
1838 3153 2126 3230 Slrvanic

484 3268 617 3320 lines
652 3266 1070 3322 excursionibus
1093 3265 1369 3323 Osmanici
1398 3283 1466 3322 ex
1500 3283 1628 3323 arce
1667 3268 2053 3335 Temircapina

484 3363 627 3417 hosti
692 3363 951 3417 damnum
1018 3362 1349 3418 inferebant.
1411 3361 1486 3417 Ea
1530 3377 1618 3418 res
1674 3363 1877 3432 ingenti
1925 3377 2053 3416 cum

484 3451 665 3508 Persis
689 3454 873 3522 proelio
898 3469 1122 3509 causam
1182 3454 1438 3525 przebuit.
1472 3469 1583 3524 quo
1619 3451 1803 3508 Tatari
1838 3455 1906 3508 ad
1972 3454 2055 3508 iti-

484 3550 879 3612 teinecionem,
908 3562 1012 3600 una
1044 3562 1167 3601 cum
1211 3549 1389 3601 altero
1416 3544 1601 3600 Tatari
1661 3546 1805 3615 regis
1864 3544 2052 3611 fratre,

486 3638 613 3692 caesi
663 3638 935 3707 deletique
965 3637 1223 3704 fuerunt,
1260 3643 1436 3695 altero
1481 3637 1652 3693 fratre
1678 3638 1801 3693 vivo
1847 3637 1917 3692 ab
1960 3638 2055 3693 ho-

486 3732 664 3786 stibus
685 3739 863 3799 capto.
913 3729 1113 3786 Osman
1172 3732 1287 3801 ipse
1320 3732 1480 3788 hassa
1532 3746 1657 3786 cum
1705 3730 2055 3801 paucissimis

420 3884 421 3891 η
487 3836 712 3875 suorum
743 3822 830 3874 vix
851 3823 1032 3877 salvus
1055 3822 1250 3877 evasit.
1272 3822 1519 3889 Cumque
1547 3836 1643 3891 per
1666 3823 1897 3891 exiguas
1922 3835 2055 3876 sane

486 3915 674 3983 copias
697 3913 855 3984 371
897 3915 1111 3969 adversi
1170 3915 1340 3984 przelii
1363 3928 1525 3969 casus
1580 3914 1628 3968 ei
1688 3915 1928 3984 reliquas
1977 3913 2055 3968 fc-

489 4011 676 4070 cisset,
703 4006 1159 4060 uioreJatronum
1219 4005 1582 4060 TUI'CICOI‘UIII
1638 4007 2057 4076 quotidie‘vici-

489 4116 587 4153 nas
617 4100 723 4155 sibi
750 4100 984 4155 ditiones
1019 4101 1216 4170 praedis
1273 4101 1496 4169 agendis
1546 4099 1808 4154 infestare
1868 4110 2054 4170 C(Bpll,

493 4190 642 4244 nullo
693 4205 794 4244 nec
841 4192 1141 4244 amicorum
1173 4207 1276 4245 nec
1317 4192 1551 4245 hostium
1602 4191 1921 4246 discrimine
1974 4208 2058 4245 ra-

493 4295 752 4352 tioneque
780 4283 996 4337 habita:
1028 4285 1226 4352 quibus
1253 4298 1320 4337 ex
1352 4282 1561 4351 rapinis
1610 4292 1665 4340 et
1734 4283 1852 4353 ipse
1903 4284 2056 4338 victi-

495 4386 545 4428 ta
559 4377 665 4439 Lat,
697 4385 751 4429 et
788 4388 918 4428 suos
941 4374 1141 4437 alebat,
1173 4374 1409 4427 subinde
1430 4387 1633 4428 secum
1673 4374 1775 4439 eis,
1807 4372 1852 4426 si
1886 4372 2057 4427 hostis

2154 1886 2274 1941 loco
2322 1902 2525 1942 nomen
2572 1899 2658 1945 est
2708 1890 2900 1946 Fossa.
2970 1892 3194 1947 Curavit
3263 1903 3441 1949 autem
3502 1893 3725 1949 Fossam

2153 1980 2400 2033 sultanus
2443 1979 2686 2037 Murates
2710 1984 2940 2050 exstrui,
2982 1992 3041 2039 ut
3088 1986 3155 2040 iis
3188 1986 3241 2039 in
3302 1987 3439 2042 locis
3487 1990 3727 2056 aperiret

2154 2072 2256 2127 iter
2290 2072 2509 2127 brevius
2558 2090 2624 2130 ac
2669 2077 2939 2144 securius,
2981 2093 3092 2148 quo
3126 2078 3343 2135 facilius
3378 2080 3433 2134 in
3470 2079 3727 2150 Georgia-

2154 2178 2254 2216 nos
2288 2164 2415 2218 duci
2453 2164 2622 2233 cepiie
2651 2177 2899 2235 possent,
2941 2179 2994 2224 et
3019 2170 3086 2223 iis
3112 2170 3188 2225 ab
3211 2171 3301 2224 illa
3351 2182 3507 2239 parte
3542 2173 3728 2227 debel-

2157 2254 2368 2310 latisae
2404 2255 2509 2309 sub
2540 2256 2730 2327 jugum
2766 2260 2982 2325 missis,
3016 2270 3163 2317 tanto
3197 2264 3539 2318 ceniniodius
3588 2264 3727 2318 ultra

2155 2345 2539 2416 'I‘emircapim.
2580 2349 2647 2403 ad
2678 2349 3019 2406 inferendum
3070 2353 3303 2408 Sirvano
3360 2355 3583 2421 bellum,
3640 2358 3725 2411 iri.

2153 2438 2272 2493 Non
2301 2443 2473 2496 multo
2500 2450 2622 2511 post
2647 2452 2852 2509 tamen,
2875 2459 3040 2513 quam
3080 2444 3209 2501 inde
3236 2448 3405 2500 maris
3434 2449 3729 2517 prmfectus

2158 2530 2401 2586 Uluzalis
2430 2548 2554 2587 cum
2594 2534 2765 2589 milite
2827 2536 3121 2604 classeque
3181 2537 3548 2601 discessisset,
3601 2536 3731 2593 Fas-

2157 2638 2291 2678 sana
2323 2624 2554 2678 munitio
2578 2625 2800 2692 penitus
2853 2626 2921 2681 ab
2979 2626 3135 2682 hoste
3174 2626 3358 2682 diruta
3408 2637 3732 2698 vastataque

2160 2715 2278 2771 fuit.

2224 2810 2361 2863 Cum
2388 2826 2579 2879 parum
2630 2826 2894 2881 prospere
2925 2810 3183 2866 belluma
3236 2811 3518 2882 Mustapha
3572 2813 3731 2866 hassa

2157 2914 2457 2969 gereretur,
2520 2899 2736 2955 afﬂictis
2808 2901 3004 2956 misere
3059 2901 3453 2967 militibus,ob
3501 2918 3733 2957 annona!

2158 2991 2444 3059 penuriam
2496 3003 2550 3047 et
2614 2994 2927 3048 immaniter
2996 3004 3338 3064 grassantem
3416 2996 3471 3051 in
3531 2996 3731 3053 caSIris

2157 3079 2549 3147 pestilentiam,
2582 3081 2781 3138 litteris
2810 3084 3017 3139 sultani
3052 3084 3282 3142 Μαι-πίε
3328 3087 3627 3154 Amasiam,
3674 3097 3736 3141 ut

2158 3171 2283 3226 istic
2312 3172 2649 3237 hibernaret.
2676 3177 2983 3231 concedere
3004 3177 3196 3246 jussus
3241 3178 3363 3233 fuit.
3418 3180 3511 3233 Ille
3548 3190 3729 3236 tamen

2157 3262 2512 3318 nihilominus
2534 3266 2583 3318 in
2602 3266 2899 3322 Arzerume
2918 3282 3042 3322 cum
3068 3268 3311 3337 reliquiis
3331 3271 3606 3327 exercitus
3631 3274 3733 3328 hac

2158 3354 2337 3409 hieme
2364 3356 2629 3420 substitit.
2671 3358 2870 3427 majori
2917 3360 3150 3413 militum
3183 3371 3335 3427 parte
3367 3373 3590 3432 propter
3611 3379 3737 3435 ege-

2157 3456 2378 3512 statem.
2414 3449 2520 3505 luis
2573 3451 2906 3521 contagiosa:
2957 3451 3090 3517 vim,
3136 3462 3190 3508 et
3224 3454 3519 3512 imminens
3549 3458 3733 3514 hiber-

2160 3556 2289 3594 num
2315 3542 2509 3613 frigus,
2540 3542 2777 3611 dilapsa,
2819 3545 3156 3613 domumque
3178 3544 3516 3618 beglerbegis
3567 3551 3730 3605 etiam

2159 3632 2420 3696 reversis,
2450 3646 2576 3686 cum
2641 3632 2777 3688 nihil
2825 3634 2880 3689 in
2943 3636 3156 3690 hostem
3211 3645 3359 3693 recte
3405 3638 3519 3709 geri
3576 3654 3736 3711 posse

2158 3735 2471 3781 CCI'IICI'CIH.
3529 3796 3563 3810 -

2230 3818 2449 3872 Imerim
2480 3818 2643 3872 Persa
2672 3816 2959 3885 Casmino,
2989 3835 3111 3891 quae.
3159 3821 3330 3875 altera
3389 3822 3738 3894 penitiorque

2161 3912 2371 3982 imperii
2404 3911 2524 3980 ejus
2544 3922 2628 3967 est
2660 3911 2831 3981 regis,
2865 3910 3177 3969 Tebrisium
3230 3927 3355 3967 cum
3393 3914 3568 3983 copiis
3603 3931 3736 3985 pro-

2158 4001 2444 4057 ﬁciscitur.
2488 4001 2566 4055 Ibi
2599 4016 2725 4056 cum
2762 4002 2829 4055 de
2867 4003 3133 4070 dispersis
3187 4002 3317 4056 hinc
3358 4003 3487 4058 inde
3539 4005 3736 4074 profu-

2158 4095 2369 4163 gisque»
2398 4090 2593 4147 Turcis
2627 4095 2825 4147 certior
2860 4092 3039 4148 factus
3087 4092 3307 4160 fuisset,
3367 4094 3421 4150 in
3465 4095 3735 4152 hosticum

2160 4188 2454 4256 procurrit,
2492 4186 2812 4256 ingentique
2842 4188 3023 4255 praeda
3073 4195 3332 4256 onustus,
3391 4191 3444 4245 in
3506 4191 3734 4247 hiberna

2159 4278 2388 4333 militem
2455 4289 2508 4332 et
2565 4280 2679 4344 ipse
2725 4277 2976 4333 dimittit.
3033 4276 3147 4332 Hac
3205 4280 3492 4335 Persarum
3542 4300 3737 4338 excur-

2161 4371 2316 4423 sione
2347 4370 2589 4437 cognita,
2644 4369 2849 4423 veritus
2898 4368 3163 4433 Murates,
3215 4386 3283 4425 ne
3315 4371 3485 4427 hostis
3514 4388 3735 4442 progre-

493 4467 823 4532 inimineret,
856 4465 923 4520 ad
977 4466 1279 4520 indicatum
1323 4464 1604 4519 castellum
1654 4464 1944 4532 recipiens.
1992 4461 2055 4516 Et
2088 4484 2133 4539 υ
2162 4461 2382 4516 aleretur
2431 4462 2678 4525 ulterius,
2742 4460 3009 4516 continuo
3058 4459 3355 4531 Mustaplm
3396 4478 3491 4531 per
3525 4462 3735 4519 litteras

493 4557 806 4627 perhibetur
831 4557 946 4625 ejus
978 4556 1187 4611 castelli
1216 4555 1359 4609 situs
1412 4566 1605 4609 natura
1658 4554 2061 4610 munitissimus

491 4666 652 4710 esse,
706 4649 793 4702 cui
852 4663 977 4702 cum
1046 4662 1267 4701 manum
1332 4649 1625 4716 quamdam
1678 4647 2058 4716 genizarorum

492 4742 746 4809 sclopetis
782 4742 1052 4794 utentium
1086 4742 1460 4809 imposuisset,
1496 4754 1618 4793 cum
1644 4739 1911 4793 machinis
1960 4740 2060 4792 ali-

492 4847 625 4903 quot
659 4834 1060 4901 campestribus
1086 4842 1141 4886 ct
1168 4833 1457 4888 falconetis
1485 4847 1500 4884 :
1538 4833 1590 4884 in
1616 4830 1738 4886 loco
1783 4839 2063 4900 tantopere

494 4935 746 4980 anatura
783 4924 1015 4986 munito,
1045 4934 1240 4977 contra
1295 4922 1472 4975 nudos
1526 4930 1577 4973 et
1646 4920 1882 4975 inermes
1939 4921 2061 4974 illos

496 5020 748 5088 populos,
771 5018 862 5086 qui
894 5030 996 5070 nec
1016 5015 1197 5069 oculis
1223 5014 1337 5068 suis
1369 5023 1484 5068 toto
1520 5013 1641 5067 vita:
1670 5028 1783 5067 suae
1814 5020 2061 5081 tempore

496 5121 764 5165 tormenta
800 5110 991 5163 bellica
1018 5108 1404 5177 sclopetosque
1427 5105 1712 5170 vidissent,
1759 5120 1859 5159 nec
1916 5104 2063 5159 auri-

497 5208 599 5260 bus
639 5219 830 5259 eorum
864 5202 1092 5256 fulmina
1138 5201 1536 5270 percepissent,
1579 5200 1717 5252 adeo
1747 5214 1805 5253 se
1858 5207 2058 5260 tutum,

497 5313 787 5367 Ipsumque
818 5296 1103 5350 castellum
1136 5292 1556 5362 inexpugnabile
1582 5291 1839 5356 reddidit,
1896 5301 1955 5344 ut
1994 5289 2065 5343 si-

498 5390 769 5459 bimetipsi
810 5388 1108 5443 monarcha
1137 5387 1356 5456 quidam
1389 5399 1511 5439 esse
1542 5383 1840 5437 videretur.

565 5483 647 5535 Ab
679 5481 847 5535 altera
879 5490 1033 5550 parte
1066 5478 1356 5548 praadictus
1375 5478 1533 5531 bassa
1560 5474 1880 5543 IiIustaphas
1923 5473 2069 5525 hunc

500 5586 679 5626 rerum
702 5584 1021 5624 successum
1080 5567 1451 5635 conspicatus,
1498 5563 1637 5616 nihil
1692 5562 1919 5616 omnino
1974 5576 2068 5629 per

502 5662 733 5717 hiemem
754 5662 882 5715 anni
912 5661 1016 5717 985
1044 5658 1195 5730 (Chr.
1223 5657 1382 5727 1578)
1414 5656 1602 5727 gessit,
1637 5655 1704 5710 ad
1734 5656 2066 5708 Araerumen

504 5771 627 5810 cum
660 5755 835 5824 c0piis
869 5755 1104 5820 haerens,
1137 5753 1215 5805 uti
1249 5751 1503 5821 superius
1535 5747 1920 5805 indicavimus.
1953 5743 2068 5799 Sub

2165 4556 2419 4622 imperat,
2448 4563 2507 4607 ut
2543 4550 2695 4608 omni
2725 4567 2849 4606 cum
2869 4554 3118 4607 exercitu
3146 4563 3321 4607 semet
3350 4555 3416 4608 ad
3440 4554 3732 4611 Persarum

2167 4645 2301 4699 lines
2330 4644 2508 4699 denuo
2528 4643 2825 4699 conferret.
2881 4643 2929 4697 Is
2980 4626 3111 4698 vero
3146 4643 3284 4698 nihil
3338 4643 3530 4697 horum
3588 4645 3735 4710 fecit,

2164 4735 2311 4805 quod
2338 4736 2451 4806 jam
2483 4738 2550 4791 de
2589 4735 2885 4789 Persarum
2914 4734 3064 4789 abitu
3096 4749 3191 4804 per
3218 4735 3594 4804 exploratores
3656 4736 3739 4790 in.

2175 4828 2470 4882 tellexisset
2498 4843 2512 4880 :
2541 4837 2595 4881 et
2622 4826 2914 4896 (κατι-οιιυὶ
2948 4827 2993 4880 si
3029 4826 3263 4880 maxime
3298 4828 3486 4897 copias
3525 4828 3579 4883 in
3633 4829 3737 4881 bo-

2165 4928 2300 4973 stem
2337 4920 2536 4972 ducere
2570 4918 2852 4981 voluisset,
2892 4918 3027 4971 nihil
3051 4919 3317 4986 potuisset
3343 4918 3578 4979 edicere,
3606 4934 3737 4987 pio-

2163 5021 2282 5079 pter
2312 5010 2712 5065 contumaciam
2744 5011 3045 5075 exercitus,
3069 5010 3160 5079 qui
3203 5025 3426 5079 prorsus
3460 5010 3606 5063 dicto
3626 5024 3733 5063 non

2164 5110 2283 5155 erat
2318 5102 2568 5156 audiens.
2620 5103 2734 5155 Imo
2767 5103 3134 5157 consultatum
3193 5099 3485 5169 aliquando
3519 5108 3734 5153 constat

2165 5194 2219 5247 in
2254 5194 2448 5248 castris
2484 5195 2551 5248 de
2576 5195 2824 5249 necando
2846 5193 3153 5261 Mustapha,
3189 5190 3348 5258 cujus
3394 5191 3447 5244 in
3479 5204 3600 5243 eum
3623 5189 3731 5243 odii

2165 5301 2345 5341 causa:
2389 5286 2445 5340 in
2476 5286 2667 5358 primis
2704 5295 2862 5341 erant
2896 5283 3242 5354 inexplebilis
3300 5281 3545 5350 quadam
3609 5296 3737 5336 ava-

2167 5377 2313 5443 ritia,
2350 5377 2655 5446 supinaque
2710 5375 2957 5431 socordia
2993 5373 3048 5427 in
3090 5370 3449 5442 procurandis
3504 5374 3737 5424 annonis
3772 5398 3775 5399 ν

2168 5475 2221 5520 et
2248 5466 2370 5520 aliis
2406 5465 2639 5520 militum
2707 5463 3050 5519 commodis:
3077 5462 3220 5516 unde
3273 5463 3477 5515 factum
3534 5458 3736 5526 fuerat,

2169 5570 2227 5613 ut
2262 5559 2472 5612 enectis
2512 5558 2655 5613 fame
2694 5566 2955 5627 pesteque
3013 5556 3296 5621 militibus,
3344 5562 3519 5607 castra
3576 5552 3738 5606 modo

2171 5668 2279 5707 non
2336 5651 2602 5705 exhausta
2662 5648 3134 5717 conspicerentur.
3198 5646 3307 5702 Has
3350 5648 3421 5702 ob
3462 5659 3662 5699 causas
3706 5657 3738 5697 ιι

2172 5745 2392 5800 sultano
2428 5741 2636 5798 Murate
2673 5750 2963 5797 revocatus
3000 5741 3066 5796 ad
3128 5740 3347 5795 Portam
3395 5738 3496 5793 fuit
3533 5738 3737 5791 Masta—
