4026 6204
283 249 388 311 697

1489 250 1811 313 JOANNIS
1852 249 2318 310 LEUNCLAVll

3428 242 3532 305 688

280 367 436 432 pnas,
459 370 511 415 et
546 359 599 416 in
625 359 948 430 ejuslocum
973 360 1233 417 sun‘ectus
1257 360 1421 417 Sinan
1451 362 1635 429 bassa,
1685 378 1847 434 quem
1879 370 1923 425 Α
1954 360 2242 416 severitate
2277 360 2341 412 de
2378 355 2633 413 omnibus
2668 354 2971 425 Mustapltze
2997 353 3172 410 bassa:
3224 354 3380 411 factis
3405 373 3538 413 era—

280 468 444 522 supra
490 455 1042 511 commemoravimus
1087 454 1332 510 Guletam
1380 466 1432 511 et
1488 458 1684 511 Africa:
1742 472 1855 512 ma»

278 547 474 599 ritimae
500 545 617 599 sive
667 545 937 600 Barbaries
986 548 1388 615 possessionem
1446 546 1701 617 Hispanis
1748 550 1851 602 cri-

282 638 484 703 puisse.
522 634 643 688 Fuit
669 635 957 690 confestim
994 636 1123 691 huic
1171 638 1525 707 imperatum,
1583 649 1642 693 ut
1676 638 1882 714 priuig-

280 744 406 782 rere
437 739 603 782 ειτιηίὲί
650 730 714 781 ad
748 731 1145 798 expeditionem
1207 733 1506 795 Persicam,
1573 732 1734 787 rebus
1785 732 1853 785 ab

277 821 531 873 omniibus
561 821 775 888 egregie
809 831 1031 888 paratus
1057 832 1111 875 et
1166 823 1490 887 instructus,
1519 823 1848 891 accingeret.

346 911 664 976 Mttslapllas
690 913 890 966 interea
928 914 1094 968 semel
1118 927 1281 983 atque
1301 918 1495 969 iterum
1524 916 1849 974 arcessitus.

275 1007 341 1052 de
376 1003 548 1070 signis
583 1005 806 1057 minime
837 1005 1013 1058 dubiis
1043 1005 1179 1058 iram
1230 1006 1430 1060 sultani
1491 1008 1741 1072 Muralis,
1799 1018 1852 1061 et

278 1096 487 1158 odium,
545 1111 612 1147 ex
705 1096 940 1150 militum
996 1098 1293 1163 delatione,
1364 1101 1850 1169 dcprchemlcbat:

275 1186 566 1240 accedente
617 1188 920 1256 przesertim
960 1190 1314 1246 conscientiae
1346 1207 1557 1259 morsu,
1613 1208 1675 1247 ex
1739 1192 1854 1247 olli-

274 1279 376 1330 ciis
412 1276 465 1330 in
524 1279 769 1333 exercitu
824 1282 1053 1349 pecunia
1110 1284 1367 1349 venditis,
1399 1285 1629 1354 aliisque
1668 1286 1854 1340 crimi-

275 1371 458 1425 nibus.
484 1372 692 1441 Quippe
734 1382 882 1427 tanta
912 1376 1156 1445 supremi
1185 1380 1326 1446 apud
1354 1377 1561 1435 Turcos
1618 1380 1847 1434 militum

273 1462 449 1528 ducis,
485 1464 579 1532 qui
627 1464 724 1519 Ser
785 1464 945 1519 askcr
1018 1467 1157 1535 apud
1197 1469 1345 1536 ipsos
1383 1469 1602 1534 dicitur,
1664 1478 1853 1523 aucto-

277 1553 409 1604 ritas
441 1563 489 1603 et
524 1563 762 1621 potestas
794 1566 899 1623 est,
934 1567 991 1611 ut
1016 1572 1121 1611 non
1159 1559 1337 1611 solum
1371 1558 1549 1614 ofticia
1598 1560 1850 1613 militaria

277 1645 486 1698 minora
521 1647 836 1718 tnajoraque
860 1664 959 1718 pro
988 1650 1221 1705 arbitrio
1260 1650 1545 1721 lubiluque
1584 1667 1687 1706 suo
1712 1666 1844 1706 con-

275 1737 443 1803 ferre,
475 1753 666 1792 verum
707 1740 870 1794 etiam
921 1742 1098 1796 Portae
1145 1744 1355 1799 vezires
1416 1759 1603 1799 creare
1635 1744 1843 1813 possit;

274 1828 732 1896 quemadmodum
796 1847 849 1885 et
914 1848 1077 1901 supra
1115 1836 1482 1899 narravimus,
1553 1834 1844 1889 Osmanem

274 1920 488 1974 bassam
529 1920 596 1973 ab
624 1922 731 1977 hoc
769 1922 887 1991 ipso
923 1921 1211 1991 Mustapha
1246 1940 1561 1994 supremam
1601 1928 1666 1982 ad
1700 1926 1848 1981 illam

275 2012 592 2079 dignitatem
632 2015 732 2069 hoc
759 2024 1006 2070 evecluen
1042 2018 1188 2073 bello
1222 2017 1414 2073 fuisse.

346 2102 481 2155 Cum
509 2103 673 2172 igitur
704 2105 773 2159 ob
829 2102 991 2160 hasce
1047 2124 1242 2163 causas
1289 2122 1574 2165 vereretur
1624 2112 1849 2166 insidias

277 2210 302 2247 s
328 2195 377 2246 bi
412 2198 570 2257 strui,
606 2197 895 2264 diligenter
923 2214 989 2252 ac
1017 2210 1230 2255 mature
1284 2203 1386 2256 sibi
1430 2203 1681 2257 cavebat.
1728 2202 1850 2258 Mit-

280 2288 476 2342 titurin
508 2298 686 2342 castra
722 2289 954 2358 denique
1008 2291 1163 2358 jussu
1215 2292 1443 2349 Muralis
1496 2295 1850 2363 Capizilario-

280 2401 396 2437 tum
437 2382 683 2446 Kihaias,
715 2382 807 2451 qui
855 2383 1157 2450 ianitorum
1214 2385 1505 2453 praefectus
1558 2396 1662 2453 est,
1723 2403 1848 2442 cum

277 2478 398 2532 aliis
430 2476 740 2545 quindecim
775 2477 1109 2546 capizilariis
1138 2477 1255 2533 sive
1307 2478 1662 2547 janitoribus.
1710 2481 1851 2534 Huic

276 2588 303 2621 ιι
359 2572 580 2623 sullano
643 2569 850 2623 Murale
898 2571 1128 2625 diversa!
1180 2572 1324 2626 data:
1380 2572 1598 2627 fuerant
1657 2572 1851 2629 littera:

276 2660 391 2711 sive
425 2660 697 2722 mandata,
735 2660 935 2727 quibus
987 2662 1053 2713 ad
1104 2662 1511 2731 cspediundum
1570 2664 1848 2733 negotium

276 2751 377 2803 sibi
416 2750 797 2814 commissum,
834 2761 997 2820 prout
1028 2753 1198 2807 ferret
1255 2754 1497 2819 occasio,
1556 2757 1850 2824 prudenter

278 2852 545 2896 uteretur.
577 2838 708 2895 Unze
741 2840 822 2895 sic
853 2852 1012 2894 erant
1044 2842 1285 2910 scriptae,
1323 2854 1380 2897 ut
1408 2844 1513 2913 ipsi
1549 2844 1851 2914 Mustapbre

277 2948 377 3001 per
429 2932 778 2987 Occasionem
818 2914 959 2986 hanc
1013 2933 1407 3003 strangulando
1461 2935 1843 2991 redderentur.

1958 453 2226 507 minandi.

2028 543 2345 612 Mustaphas
2370 543 2607 612 denique
2633 540 3169 610 Constantinopolim
3190 541 3222 596 9
3249 542 3337 598 die
3382 558 3536 597 men-

1956 637 2033 690 sis
2058 635 2587 704 AprilisingreSsns,
2641 647 2788 686 anno
2848 632 2970 697 987,
3021 631 3234 703 placato
3288 636 3537 689 nonnihil

1956 730 2173 783 sultano
2207 728 2435 791 lilurate,
2460 728 2502 781 si
2547 742 2652 780 non
2682 742 2743 780 cx
2798 726 3006 790 animo,
3042 726 3237 780 saltem
3304 742 3400 795 per
3463 729 3537 781 si-

1956 822 2311 875 mulationem
2341 860 2355 883 ,
2393 836 2522 874 suos
2559 820 2681 873 illos
2728 818 3000 887 homines,
3063 818 3405 872 nisebanzim
3474 836 3537 874 ac

1954 914 2405 982 dephlerdarum,
2463 912 2711 967 custodia
2774 911 2990 965 liberal.
3057 913 3130 965 Ac
3188 912 3535 966 licetacon-

1958 1010 2149 1075 spcc‘lu
2184 1016 2236 1060 et
2264 1007 2539 1076 colloquio
2569 1006 2771 1059 sultani
2806 1004 3035 1058 Muralis
3075 1015 3379 1068 arceretur,
3415 1015 3535 1058 tan-

1953 1096 2075 1149 dem
2115 1105 2295 1150 tamen
2329 1097 2569 1166 aliquam
2629 1097 3012 1165 largitionibus
3068 1096 3374 1160 immensis,
3416 1112 3535 1164 qum

1955 1188 2090 1241 nihil
2126 1205 2231 1243 non
2265 1188 2407 1259 apud
2435 1188 2705 1244 Barbaros
2735 1188 2957 1244 efficere
2991 1196 3246 1258 possunt,
3299 1188 3530 1257 gratiam

1952 1280 2202 1335 redemit.

2027 1373 2083 1425 In
2113 1372 2232 1441 ejus
2265 1372 2442 1427 locum
2468 1371 2708 1425 diximus
2741 1369 3031 1427 suffectum
3056 1372 3229 1427 fuisse
3273 1372 3530 1426 Sinanem

1952 1466 2189 1520 bassam.
2225 1463 2322 1517 llic
2358 1463 2502 1517 enim
2563 1463 2736 1532 prius,
2800 1478 2963 1533 quam
3026 1468 3429 1525 vezirazemes,
3481 1473 3534 1515 ct

1953 1570 2242 1624 supremus
2300 1555 2441 1609 bello
2474 1554 2703 1628 Persico.
2758 1555 2997 1625 gerendo
3029 1555 3160 1616 dux,
3230 1569 3261 1607 a
3320 1553 3531 1607 Murate

1954 1648 2261 1702 declaratus
2295 1647 2507 1707 fuisset.
2558 1648 2776 1716 quoties
2812 1646 2879 1700 ad
2932 1644 3147 1700 Portam
3210 1662 3393 1701 rerum
3447 1646 3526 1699 in-

1954 1739 2185 1793 feliciter
2218 1740 2483 1793 adversus
2502 1736 2699 1793 Persas
2729 1749 3005 1807 gestarum
3042 1738 3217 1791 nuntii
3259 1739 3528 1803 venirent,

1954 1831 2198 1888 Sinouiis
2228 1830 2439 1886 artibus
2467 1840 2650 1895 utens,
2700 1845 2793 1898 per
2835 1836 3107 1884 summam
3164 1830 3525 1899 arrogantiam

1951 1907 2438 1977 tlictitai'esoleliat
2497 1938 2579 1986 se,
2609 1922 2653 1976 si
2690 1921 2815 1975 belli
2848 1922 2955 1974 dux
3007 1922 3341 1989 amplissima
3401 1937 3523 1975 cum

1952 2016 2642 2085 potestatedesignaretur,
2672 2025 3081 2084 penetraturum
3145 2016 3227 2069 vel
3275 2017 3341 2069 ad
3402 2016 3526 2070 inti-

1951 2109 2304 2161 matuscachi
2360 2106 2559 2161 i’crsitgi
2613 2107 2816 2175 regiam
2885 2106 3241 2170 Casminum,
3295 2107 3525 2176 indeque

1951 2213 2132 2269 regem
2156 2199 2336 2252 vivum
2370 2200 2423 2252 in
2454 2208 2778 2265 potestatem
2843 2199 3121 2252 redactum
3174 2200 3388 2252 sultano
3421 2213 3523 2253 suo

1952 2288 2267 2342 missurum.
2299 2288 2363 2341 Hi
2421 2281 2638 2341 Sin'anis
2677 2289 2852 2342 bassa:
2909 2304 3192 2343 sermones
3236 2304 3361 2343 cum
3413 2290 3525 2344 sul-

1952 2383 2061 2436 lani
2086 2379 2312 2436 Muralis
2343 2380 2408 2433 ad
2436 2396 2598 2435 aures
2648 2382 3061 2450 pervenissent,
3116 2381 3252 2435 adeo
3310 2381 3522 2449 placue-

1949 2486 2096 2535 runt.
2161 2484 2219 2528 ut
2268 2488 2393 2527 eum
2428 2473 2685 2528 sultanns
2736 2470 2932 2542 parare
2982 2488 3041 2527 se
3098 2474 3341 2541 juberet.
3378 2474 3522 2541 quod

1953 2565 2193 2619 futurum
2216 2575 2382 2630 esset,
2451 2566 2525 2619 uti
2597 2581 2813 2619 summo
2878 2580 3002 2620 cum
3063 2564 3292 2635 imperio
3334 2576 3523 2621 contra

1947 2654 2143 2712 Persas
2171 2658 2497 2712 mitteretur.
2531 2658 2698 2712 Sinan
2725 2657 2830 2712 hoc
2861 2674 2967 2712 non
3032 2668 3346 2724 contentus,
3408 2668 3525 2714 tan-

1950 2760 2064 2805 tum
2087 2749 2302 2805 cfticere
2331 2762 2592 2820 praeterea
2622 2753 2852 2806 sultame
2898 2755 3380 2809 commendatione
3425 2768 3522 2823 po-

1950 2842 2075 2907 luit,
2111 2852 2171 2895 ut
2231 2842 2469 2897 Murales
2530 2844 2756 2908 diceret,
2799 2845 3070 2913 siquidem
3126 2854 3412 2915 praestaret
3470 2846 3523 2899 id

1948 2935 2092 3001 quod
2154 2934 2311 2988 toties
2365 2948 2425 2988 se
2494 2935 2865 2999 pra‘suturym
2928 2938 3247 3006 recepisset,
3300 2939 3524 2993 omnino

277 3026 475 3080 Attene
538 3024 740 3077 sultani
801 3024 1116 3078 mandatum
1172 3026 1548 3093 continebant,
1618 3026 2114 3106 negqnacctiam
2154 3040 2213 3079 se
2250 3025 2570 3094 dignitatem
2607 3028 2653 3081 ci
2711 3028 2907 3082 veziris
2965 3028 3195 3092 azemis,
3259 3030 3359 3085 hoc
3418 3040 3524 3098 est,

278 3116 463 3171 missis
488 3115 556 3169 ab
582 3129 641 3169 se
673 3114 987 3169 hominibus
1017 3115 1168 3170 hisce
1205 3118 1284 3170 vis
1336 3117 1651 3185 inferretur,
1714 3136 1849 3188 quo-

278 3209 462 3261 minus
486 3206 561 3268 id,
599 3206 745 3276 quod
775 3205 908 3275 ipsis
938 3207 1007 3261 ab
1034 3222 1093 3262 se
1132 3207 1440 3278 injunctunt
1481 3221 1645 3276 esset,
1686 3212 1848 3282 372

274 3307 733 3367 exsequerentur.
776 3296 972 3353 Tertiae
1006 3298 1280 3353 diversam
1313 3301 1383 3354 ab
1414 3302 1659 3372 utrisque
1721 3320 1846 3359 sen-

275 3372 523 3454 lentiam,
568 3391 645 3445 uti
678 3391 842 3461 paulo
874 3401 1001 3461 post
1058 3394 1363 3462 apparebit,
1412 3398 1850 3465 complecteban-

275 3496 384 3537 tur.
422 3482 589 3536 Erant
624 3495 802 3537 castra
840 3482 1139 3553 Iluslapba:
1172 3487 1463 3554 tripertita.
1502 3488 1621 3554 Quo
1647 3489 1846 3545 factum

278 3584 358 3640 ut,
381 3575 471 3628 ubi
505 3572 728 3641 Kihaias
763 3574 817 3635 in
843 3584 1019 3629 castra
1053 3576 1309 3639 venisset,
1340 3580 1408 3631 ab
1431 3580 1555 3633 unis
1585 3580 1650 3633 ad
1680 3582 1848 3636 altera

276 3664 546 3733 tertiaque
596 3665 832 3718 vicissim
898 3664 1309 3732 perduceretur,
1369 3684 1467 3723 nec
1530 3680 1707 3726 tamen
1794 3674 1848 3728 in

278 3754 575 3824 MuSlapbae
604 3756 786 3811 bassa:
824 3765 1201 3824 conspectum,
1261 3759 1439 3815 varias
1473 3761 1594 3830 ipso
1651 3778 1847 3819 causas

277 3856 627 3917 pt'a-texcntc,
663 3846 1069 3903 admitteretur.
1104 3845 1347 3902 Tandem
1397 3866 1519 3904 cum
1550 3851 1850 3921 Mustapha:

276 3942 608 4011 colloquium
657 3939 801 3993 serio
863 3948 1134 4011 posceret,
1190 3943 1425 4010 quodam
1485 3959 1515 3997 a
1564 3944 1846 4018 Mustapha

275 4036 553 4103 descripto
610 4031 841 4098 circulo,
898 4032 1041 4086 intra
1079 4048 1240 4103 quem
1287 4036 1492 4090 nemini
1539 4036 1730 4093 liceret
1778 4041 1847 4093 ad

276 4127 454 4195 ipsum
489 4122 751 4189 accedere
786 4121 1037 4192 propius,
1088 4138 1151 4177 ex
1190 4125 1471 4180 intervallo
1509 4126 1614 4180 fuit
1647 4128 1847 4185 admis-

277 4234 393 4284 sus,
431 4217 713 4285 dispositis
745 4216 985 4285 undique
1015 4216 1347 4272 satellitibus
1379 4219 1606 4273 armatis
1634 4234 1648 4271 :
1700 4224 1843 4289 quod

275 4309 661 4380 proculdubio
691 4308 989 4383 subolerel,
1048 4308 1309 4377 quidnam
1362 4326 1426 4365 ea
1487 4311 1592 4366 sibi
1643 4311 1843 4381 legatio

274 4403 458 4458 vellet.
492 4404 566 4456 Ex
598 4402 769 4456 altera
820 4411 971 4470 parte
1005 4401 1442 4470 capizilariorum
1504 4404 1732 4459 Kihaias
1786 4418 1842 4461 el

279 4496 395 4563 ipse
422 4493 722 4563 Mnslapba:
749 4501 981 4559 mentem
1013 4492 1478 4559 animadvertetis,
1528 4495 1843 4550 mandatum

275 4589 492 4641 tertium
535 4586 761 4654 profert,
812 4600 921 4653 quo
974 4585 1313 4639 niscbanzim
1364 4586 1703 4656 lllustaphae,
1752 4590 1843 4659 qui

275 4689 463 4739 nostro
501 4677 765 4730 vocabulo
791 4675 1153 4729 cancellarins
1174 4687 1277 4739 cst,
1301 4692 1363 4730 ac
1388 4678 1844 4746 deplttcrdarutu,

272 4771 363 4840 qui
388 4769 668 4822 rationalis
706 4776 759 4821 cl
788 4776 1044 4836 quaestor,
1089 4769 1306 4821 nomine
1345 4770 1545 4821 sultani
1613 4769 1845 4825 Muralis

275 4864 378 4915 sibi
419 4860 540 4914 dedi
572 4860 899 4927 pOstulahat.
929 4860 1002 4913 lbi
1051 4868 1163 4912 ttttn
1203 4862 1431 4915 mirifice
1497 4866 1847 4932 tergiversari

276 4954 609 5024 Mustaplias,
666 4963 720 5007 et
784 4952 1125 5007 Cretensium
1180 4953 1324 5021 (qua:
1378 4958 1597 5025 vocant)
1650 4956 1846 5027 effugia

276 5042 668 5115 quaere-reﬁcit
692 5058 818 5099 cum
874 5044 1077 5099 acriter
1138 5057 1445 5114 urgeretur,
1501 5057 1555 5102 el
1603 5048 1749 5102 aliud
1791 5051 1845 5102 in

276 5141 379 5193 hoc
415 5150 655 5207 tempore
679 5138 887 5191 nullum
923 5137 1051 5192 huic
1086 5138 1160 5193 rei
1199 5140 1500 5194 remedium
1557 5141 1847 5203 inveniret,

276 5235 376 5284 hac
406 5231 719 5285 conditione
747 5228 1059 5284 deditorum
1084 5245 1143 5284 se
1177 5246 1310 5286 suos
1356 5232 1649 5300 promittit,
1702 5232 1747 5286 si
1781 5234 1848 5284 de

275 5323 663 5389 ipsoruulvitze
704 5320 1078 5375 illCOItttnitatc
1137 5334 1441 5378 caveretur.
1492 5323 1608 5387 Qua
1658 5325 1848 5377 Condi-

277 5424 424 5466 tione
461 5414 720 5473 admissa,
753 5412 921 5466 dediti
962 5422 1015 5466 ct
1052 5411 1581 5484 Constantinopolim
1629 5416 1849 5469 abducti

277 5507 496 5559 luerunt
523 5507 707 5572 ambo,
741 5516 793 5559 et
824 5507 879 5565 in,
902 5504 1205 5561 Jadiculam
1232 5509 1346 5563 sive
1371 5521 1577 5575 septem
1610 5514 1846 5563 turrium

274 5611 483 5659 arcem,
516 5598 566 5649 in
595 5613 697 5663 qua
722 5597 917 5650 sultani
947 5595 1416 5653 Musulmanorum
1466 5600 1710 5653 thesauri
1762 5614 1849 5652 rc-

279 5687 658 5750 condis‘oicnt,
687 5688 921 5742 inclusi:
961 5689 1104 5749 vle
1154 5690 1351 5744 ibidem
1404 5690 1663 5761 singulari
1723 5708 1845 5744 cum

1955 3116 2196 3184 supremi
2236 3116 2540 3171 consiliarii
2574 3117 2771 3182 Porlae,
2797 3133 3212 3175 concessurum.

2023 3206 2384 3277 Posteaquam
2454 3223 2584 3279 ergo
2640 3209 3167 3280 ConstantinOpolim
3210 3212 3524 3282 Mustaplzas

1951 3297 2429 3370 appulissctdie9
2488 3300 2694 3354 mensis
2750 3302 2997 3370 Aprilis,
3066 3303 3141 3357 uti
3185 3303 3389 3358 dictum
3440 3318 3524 3359 est

1950 3406 2141 3461 supra,
2194 3390 2362 3443 Sinan
2403 3390 2595 3445 eodem
2638 3391 2820 3449 adhuc
2850 3408 3035 3449 mense
3096 3406 3287 3450 contra
3330 3395 3525 3452 Persas

1949 3483 2030 3536 ire
2086 3483 2278 3550 jussus
2341 3482 2462 3537 fuit.
2519 3482 2713 3539 Nullus
2786 3483 2839 3537 id
2898 3486 3161 3554 temporis
3218 3488 3519 3544 Osmanica:

1949 3575 2122 3628 Porta:
2154 3575 2515 3630 vezirazemcs
2544 3585 2685 3642 erat,
2745 3577 3021 3633 exstincto
3048 3578 3308 3632 nimirum
3374 3581 3519 3635 Ach-

1951 3678 2093 3720 mete
2127 3666 2308 3731 bassa,
2357 3667 2447 3737 qui
2480 3667 2665 3722 occiso
2701 3666 2849 3721 domi
2887 3684 2999 3723 suae
3034 3684 3062 3722 a
3088 3669 3331 3725 dervisio
3382 3688 3521 3742 quo-

1949 3757 2073 3810 dant
2101 3755 2422 3812 Mechemeti
2448 3758 2643 3827 basste,
2671 3760 3133 3831 quemadmodum
3182 3769 3342 3817 antea
3394 3780 3520 3819 nar-

1949 3850 2227 3909 ravimus,
2283 3860 2665 3919 successerat,
2727 3852 3028 3923 paucisque
3081 3855 3359 3911 mensibus
3422 3856 3521 3910 hoc

1951 3938 2126 3992 fuerat
2161 3938 2345 3993 officio
2386 3939 2632 3996 functus.
2694 3939 2989 3997 Vacanlctu
3062 3946 3516 4001 vczirazcntalunt

1947 4029 2261 4098 Mustaphas
2320 4032 2477 4085 bassa
2536 4048 2642 4087 non
2699 4042 2908 4087 tantum
2959 4035 3262 4102 ambiebat,
3333 4054 3515 4090 verum

1946 4109 2111 4176 etiam
2145 4139 2240 4192 spe
2277 4140 2445 4194 prOpe
2477 4135 2621 4179 certa
2655 4125 2757 4179 sibi
2819 4127 3182 4194 pollicebatur
3221 4147 3233 4182 :
3297 4130 3511 4196 partim,

1946 4216 2088 4284 quod
2118 4216 2259 4269 inter
2286 4218 2491 4273 vczires
2516 4219 2707 4273 ordine
2736 4220 3018 4287 proximus
3052 4230 3201 4275 esset
3257 4222 3326 4274 ab
3377 4223 3517 4275 Ach-

1949 4320 2087 4361 mete
2150 4309 2309 4363 hassa
2357 4312 2711 4371 vczirazeluc.
2764 4327 2938 4380 nuper
2997 4324 3248 4375 mortuo;
3298 4316 3515 4382 partim,

1876 4390 2090 4471 unod
2143 4405 2319 4460 aetatis
2388 4414 2533 4460 esset
2592 4404 2979 4475 provectioris,
3047 4405 3518 4473 humanarumque

1951 4497 2156 4564 pariter
2214 4512 2277 4549 ac
2334 4496 2651 4550 bellicarum
2709 4512 2889 4551 rerum
2955 4498 3250 4552 maximum
3298 4499 3519 4552 haberet

1952 4602 2134 4640 usum.
2170 4586 2273 4639 Sed
2300 4588 2400 4640 ista
2426 4601 2553 4656 spes
2581 4586 2852 4640 hominem
2885 4588 3044 4655 plane
3073 4586 3282 4642 fefellit.
3307 4590 3517 4658 Quippe

1950 4681 2195 4733 sultanus
2256 4678 2491 4732 Muralcs
2563 4678 2749 4731 Sinani
2802 4682 2973 4732 bassze
3045 4680 3516 4749 Constantinoimii

1952 4774 2285 4840 profecturo.
2322 4787 2415 4839 ριοι·
2469 4771 2919 4839 (Iapizilariorum
2991 4769 3239 4824 Kiliaiam
3281 4772 3515 4841 sigillam

1950 4881 2107 4916 suum
2131 4863 2427 4931 imperiale,
2459 4878 2580 4915 cum
2612 4861 2877 4932 dignitate
2901 4862 3099 4916 veziris
3127 4863 3331 4916 azcmis
3360 4901 3374 4924 ,
3420 4880 3514 4931 p:o

1951 4970 2100 5007 more
2122 4954 2294 5008 illisit.

2021 5046 2261 5101 Discedit
2317 5061 2447 5114 ergo
2513 5046 2681 5101 Sinan
2740 5045 2808 5101 ab
2866 5047 2998 5101 urbe
3057 5046 3126 5100 25
3170 5047 3255 5101 die
3319 5049 3519 5101 mensis

1951 5142 2173 5211 Aprilis,
2243 5156 2367 5192 cum
2421 5139 2647 5195 Muralis
2723 5156 2939 5193 manum
2995 5140 3318 5203 osculatus,
3374 5140 3519 5208 quod

1952 5233 2317 5288 valediccntcs
2370 5232 2549 5287 facere
2594 5230 2813 5295 solent,
2854 5231 3079 5285 acinace
3136 5232 3315 5299 magni
3362 5230 3520 5299 pretii

1953 5306 2285 5377 cinctus'ab
2343 5339 2410 5377 eo
2474 5322 2702 5389 fuisset,
2776 5322 3141 5393 vexillumque
3201 5322 3517 5392 praetorium

1952 5430 2073 5469 eum
2097 5430 2239 5486 equo
2268 5432 2535 5484 generoso
2563 5416 2880 5485 accepisset.
2912 5415 2987 5468 Ad
3024 5430 3147 5469 eum
3180 5429 3243 5469 ex
3271 5415 3518 5468 Anatolia

1955 5517 2062 5561 lota
2130 5512 2334 5576 passim
2404 5508 2716 5563 confluxere
2775 5507 3008 5561 militum
3054 5506 3265 5575 copite,
3320 5505 3519 5559 Tataro

1952 5614 2165 5667 quoque
2198 5615 2334 5654 nova
2371 5599 2616 5653 subsidia
2663 5608 2913 5669 parante.

2023 5691 2346 5762 Quanquam
2376 5708 2502 5747 vero
2539 5691 2730 5745 melius
2761 5691 3143 5749 administrare
3165 5692 3364 5746 bellum
3415 5687 3518 5744 hoc
