4026 6204
441 334 551 411 σεῦ

1550 354 1926 413 ΞΙΠῬΙΕΜ.
1974 351 2241 411 ΛΝΝᾹΙ.
2281 351 2575 411 'li'iiCiC.

3584 343 3686 403 699

441 475 694 542 cupiebat
740 478 910 531 Sinan
949 479 1133 537 hassa,
1168 492 1331 545 quam
1396 476 1602 529 factum
1641 491 1668 527 a
1728 473 2007 543 Mnstapba

2121 486 2266 525 extra
2308 475 2597 526 Sirranmn
2662 471 2834 538 posita
2897 470 3011 520 lora
3080 467 3460 532 territoriaquc
3511 464 3681 515 relin—

444 567 658 636 fuisset,
734 576 915 622 tamen
966 579 1184 637 propter
1233 570 1643 635 absumptorum
1692 567 1867 619 inedia
1918 583 2011 635 pe-

444 665 635 727 steque
670 660 900 713 militum
936 660 1283 727 paucitatem,
1314 658 1446 712 nihil
1474 657 1769 712 admodum
1798 672 2007 709 memo—

443 751 520 803 ria
554 752 776 818 dignnm
818 751 1038 804 efﬁcere
1077 752 1270 817 potuit,
1306 752 1405 805 nisi
1446 752 1586 818 qttod
1638 751 1689 803 in
1747 749 2007 817 Georgia-

447 860 640 896 norum
688 843 953 897 limitibus
1001 844 1138 897 duos
1202 845 1572 914 beglerbegos,
1625 860 1746 897 cum
1799 844 2014 898 duobus

443 934 853 1009 tlcphterdaris.
921 936 1223 996 ('OttSllilllf,
1280 936 1485 989 alteros
1544 936 1609 989 ad
1658 934 2012 999 Socltttu.aut,

443 1029 645 1081 alteros
694 1028 760 1081 ad
808 1027 1082 1081 Batinum.
1130 1025 1204 1080 Ea
1266 1027 1547 1081 civitatmu
1605 1027 1657 1080 in
1694 1027 1759 1081 iis
1816 1027 2014 1082 ﬁnibus

443 1120 661 1173 numina
689 1132 840 1175 sunt.
876 1120 1295 1189 Beglerbegatus
1323 1132 1499 1174 tamen
1540 1121 1616 1174 illi
1651 1136 1755 1174 nou
1813 1136 2014 1185 magno

443 1210 745 1263 aestimandi
793 1210 1044 1264 veniunt.
1102 1208 1290 1264 Plures
1353 1213 1605 1265 nimirum
1669 1214 1719 1264 in
1765 1213 1828 1265 iis
1882 1212 2017 1266 locis

447 1300 741 1354 limitaneis
773 1302 1181 1369 hegict'bcgalus
1226 1303 1458 1356 instituti
1493 1302 1664 1363 fuere,
1695 1294 1855 1372 quam
1892 1319 2017 1358 san-

446 1392 712 1457 giaratns.
761 1391 903 1446 idem
943 1396 1108 1447 Sinan
1164 1396 1343 1459 bassa,
1405 1411 1529 1449 eum
1582 1397 1875 1464 aliquando
1936 1412 2017 1449 re-

439 1486 659 1550 gionem
707 1484 1133 1554 Curggiumum,
1177 1487 1227 1540 id
1289 1496 1372 1540 est
1419 1486 1875 1558 Georgianorum,
1935 1488 2019 1542 iu-

442 1591 734 1640 grcssurus
756 1588 923 1638 esset,
954 1594 1175 1645 gravem
1242 1595 1467 1632 suorum
1500 1580 1707 1634 cladem
1761 1591 2017 1646 expertus

442 1663 569 1728 fuit,
602 1665 786 1719 multis
822 1666 1019 1720 ibidem
1057 1670 1323 1722 machinis
1349 1671 1510 1723 etiam
1543 1671 1753 1725 bellicis
1790 1672 2015 1726 relictis.

443 1756 509 1810 Et
538 1758 644 1811 alio
673 1768 937 1828 tempore,
977 1776 1100 1814 cum
1129 1763 1474 1831 'fiphlisium,
1506 1764 1650 1833 quod
1676 1767 1743 1817 ab
1769 1765 2017 1819 hostibus

444 1849 821 1917 obsidebatur,
852 1853 1142 1907 auxiliares
1182 1857 1368 1924 copias
1404 1867 1565 1923 atque
1591 1856 1854 1925 pecunias
1884 1859 2008 1911 mit-

450 1950 609 2007 tcret,
652 1952 803 1998 tanto
828 1960 950 1998 cum
999 1944 1204 2014 impetu
1262 1964 1289 2000 a
1349 1946 1530 2003 Persis
1589 1958 1642 2017 et
1695 1948 2014 2015 Geurgiauis

447 2032 673 2088 invasus
709 2034 809 2089 fuit
853 2036 1025 2104 ipsius
1077 2038 1369 2103 exercitus,
1436 2050 1487 2093 ut
1549 2042 1803 2096 omnibus
1856 2045 2016 2097 rebus

446 2126 686 2192 amissis,
717 2141 883 2196 prope
918 2130 1099 2183 nullus
1127 2146 1190 2184 ex
1222 2131 1302 2185 eis
1361 2132 1545 2185 subus
1600 2138 1663 2186 ad
1698 2147 1874 2187 castra
1927 2136 2014 2189 Si-

447 2219 606 2269 nanis
634 2228 1020 2274 reverteretur.
1066 2220 1227 2293 ραιι
1246 2220 1471 2285 factum.
1536 2236 1592 2278 ut
1627 2224 1768 2280 intra
1806 2224 2016 2298 Tiphli-

444 2307 586 2361 sium
618 2308 822 2364 obsessi
848 2308 1013 2364 Turci
1049 2312 1166 2365 dira
1230 2312 1396 2376 fame,
1465 2315 1693 2385 gustatis
1726 2319 1885 2371 etiam
1922 2334 2015 2372 ca-

446 2416 577 2454 num
610 2403 955 2468 muriamque
986 2406 1267 2470 carnibus,
1302 2410 1798 2478 exstinguerentur.

518 2494 678 2564 373
707 2496 799 2549 Die
822 2506 1017 2564 quarto
1043 2499 1245 2553 mensis
1274 2502 1527 2569 Augusti,
1550 2515 1695 2554 anno
1726 2501 1830 2557 987
1858 2502 2010 2573 (Chr.

447 2585 629 2651 1580),
666 2584 1201 2660 Constantinopolim
1254 2594 1458 2647 venita
1535 2595 1739 2648 scacho
1795 2594 2015 2650 Persico

447 2677 645 2731 nvissus
672 2688 875 2744 orator,
914 2681 1175 2735 Maxudcs
1205 2684 1370 2748 chan,
1403 2685 1493 2753 qni
1520 2686 1661 2755 regis
1686 2687 1768 2739 sni
1795 2688 2015 2741 nomine

448 2766 664 2821 sultano
696 2769 887 2822 Murati
948 2776 1335 2840 componenda:
1392 2778 1540 2842 pacis
1592 2786 1785 2830 auctor
1843 2788 2011 2833 esset.

447 2854 727 2925 Magniﬁce
768 2876 798 2912 a
832 2857 1116 2931 Mustapha
1146 2865 1301 2920 bassa
1332 2877 1383 2919 et
1415 2867 1536 2920 aliis
1564 2866 1740 2922 Porta:
1770 2871 2014 2938 proceri-

447 2946 549 3002 bus
574 2962 835 3018 exceptus
867 2952 988 3005 fuit.

519 3039 769 3110 Ejusdem
812 3046 1013 3099 mensis
1053 3045 1141 3100 die
1185 3059 1340 3103 sexto
1404 3052 1637 3105 moritur
1701 3051 2013 3120 Musmpbas

2117 576 2361 633 ant‘t'nt.
2388 565 2587 632 quibus
2631 566 2730 615 hoc
2756 562 2899 613 bello
2929 562 3105 614 calces
3142 561 3235 627 (ita
3275 561 3415 625 inqui
3482 557 3682 611 St‘ii‘llii

2117 674 2293 726 equus
2327 657 2622 726 Mustapha:
2654 657 2831 709 bass:e
2878 670 3003 708 suas
3038 654 3431 721 imprcssissi‘t.
3470 651 3523 704 ld
3564 668 3685 701 \a-ru

2116 769 2395 820 nunquam
2433 750 2627 803 facturi
2700 751 2951 802 videntur
3012 746 3213 810 Persae,
3268 746 3358 813 qui
3416 745 3515 796 hac.
3573 744 3685 809 lnge

2116 834 2439 899 dicuntillis
2472 860 2528 897 se
2586 843 2722 897 locis
2781 859 3039 897 cessuros
3088 841 3394 894 Osmauicm
3444 837 3681 894 familizr.

2116 938 2379 1006 siquidem
2413 954 2473 990 ea
2497 936 2662 990 Turci
2700 946 2806 988 tam
2836 936 3003 989 armis
3032 935 3085 987 in
3154 943 3471 1001 potes'atem
3539 932 3685 983 redi-

2118 1047 2262 1096 ge'e,
2296 1046 2457 1098 quant
2491 1029 2670 1099 gladio
2710 1029 2849 1082 tueri
2884 1043 2945 1081 ac
2976 1026 3210 1081 retinere
3246 1025 3479 1093 possint.
3534 1024 3679 1077 Prm-

2120 1134 2199 1175 tcr
2232 1123 2385 1176 hanc.
2420 1122 2623 1174 nullam
2649 1136 2705 1174 se
2732 1120 2881 1189 pacis
2928 1120 3091 1173 aliam
3116 1120 3288 1187 legem
3322 1116 3684 1173 a'ltuissttrns,

2119 1212 2410 1281 aliquoties
2440 1228 2695 1277 expresse
2727 1211 3143 1264 denuntiarunt.
3198 1210 3464 1264 Cmterum
3497 1210 3681 1260 Maxu-

2119 1302 2215 1356 dcs
2250 1301 2336 1354 ille
2364 1302 2501 1355 ehau
2537 1301 2807 1368 legatione
2837 1316 2933 1353 sua
2991 1299 3303 1358 defunctus.
3332 1307 3383 1351 et
3411 1300 3475 1349 ad
3540 1298 3684 1363 prin-

2120 1392 2289 1460 cipem
2324 1409 2481 1447 suum
2513 1409 2791 1457 reversus,
2822 1392 3101 1460 aliquanto
3141 1403 3263 1461 post
3292 1390 3683 1466 perdiu-Iliorth

2121 1486 2329 1540 crimen
2361 1486 2613 1550 incurrit,
2650 1496 2706 1539 et
2747 1487 2878 1540 hero
2922 1501 3021 1536 suo
3053 1485 3288 1547 deserto,
3341 1482 3566 1535 Muratis
3630 1499 3687 1535 re

2123 1578 2239 1631 ﬁdei
2275 1577 2541 1646 permisit,
2578 1577 2974 1645 Ferhatemque
3034 1577 3254 1630 hassam
3316 1576 3573 1643 deinceps
3616 1576 3680 1628 ad

2123 1668 2321 1720 bellum
2378 1668 2655 1721 Persicum
2702 1668 3133 1737 proﬁciscentem
3193 1680 3415 1722 secutus
3458 1675 3562 1726 est,
3626 1676 3681 1718 ut

2126 1757 2359 1825 aliquem
2396 1757 2641 1813 nancisci
2696 1758 3068 1827 sangiacatum
3100 1760 3150 1812 in
3196 1757 3304 1812 illis
3334 1757 3532 1811 ﬁnibus
3556 1771 3683 1826 pos-

2119 1861 2220 1902 δοῖ.

2191 1947 2346 1999 Anno
2377 1946 2479 2001 988
2502 1946 2652 2015 (Chr.
2683 1948 2860 2016 l58l),
2908 1948 3035 2001 nihil
3070 1947 3178 2001 fere
3210 1953 3421 2016 gestum
3476 1959 3686 1997 memo-

2122 2040 2314 2104 rabile,
2351 2052 2571 2110 propter
2599 2052 2895 2096 extremam
2928 2043 2980 2097 in
3044 2042 3313 2095 limitibus
3368 2048 3420 2093 et
3485 2038 3683 2093 castris

2120 2131 2359 2201 inopiam
2386 2150 2400 2195 ;
2429 2135 2563 2203 ipsis
2587 2136 2748 2189 etiam
2779 2134 3044 2188 militibus
3073 2135 3140 2187 ab
3172 2136 3273 2187 hoc
3297 2133 3434 2187 bello
3460 2148 3684 2201 prorsus

2118 2224 2331 2287 alienis,
2373 2234 2423 2278 et
2452 2242 2779 2296 quacunque
2828 2227 3040 2280 ratione
3095 2236 3414 2294 possent,se
3472 2225 3683 2279 subdu-

2119 2316 2396 2376 ceutibus.
2428 2318 2599 2373 Sinan
2633 2334 2851 2389 quoque
2890 2319 3047 2375 bassa
3076 2318 3202 2373 belli
3225 2328 3512 2387 pertresus.
3534 2316 3678 2387 quod

2120 2410 2272 2463 nullo
2308 2424 2428 2462 cum
2459 2408 2637 2464 fructu
2662 2420 2968 2481 gereretur,
3034 2420 3086 2465 et
3137 2411 3314 2464 redire
3370 2409 3685 2463 Constanti-

2120 2502 2361 2568 nopolim
2415 2504 2665 2572 cupiens,
2730 2503 2820 2557 ubi
2881 2502 3088 2570 majora
3134 2503 3200 2556 de
3256 2503 3687 2555 veziiazematus

2116 2592 2293 2648 cilicio
2317 2594 2603 2649 conmtoda
2639 2603 2991 2663 percepturus
3028 2601 3192 2656 esset,
3221 2600 3277 2647 nt
3317 2601 3432 2645 erat
3466 2594 3685 2661 ingenio

2118 2687 2325 2753 sagaci,
2356 2702 2459 2763 npu
2491 2686 2695 2740 bellum
2732 2693 2924 2741 contra
2958 2684 3182 2739 Persam
3220 2686 3683 2747 continuandum,

2118 2774 2209 2829 sed
2240 2790 2430 2846 pacem
2464 2776 2643 2846 aliqua
2678 2778 2883 2831 ratione
2924 2776 3111 2832 statuit
3152 2775 3477 2832 ineundam.
3513 2776 3583 2831 Ea
3621 2779 3687 2832 de

2117 2879 2284 2922 causa
2318 2867 2507 2923 missis
2535 2869 2599 2923 ad
2626 2884 2804 2937 regem
2842 2868 3128 2923 Persarum
3172 2867 3386 2923 Zausiis
3413 2879 3573 2939 atque
3606 2871 3690 2923 lit-

2119 2960 2269 3021 teris,
2309 2961 2601 3029 signiﬁcat,
2652 2962 2920 3029 siquidem
2959 2977 3059 3016 suo
3087 2976 3208 3016 cum
3274 2963 3522 3031 principe
3592 2979 3687 3032 pa.

2119 3070 2234 3109 cem
2273 3054 2451 3109 facere
2476 3055 2658 3119 vellet,
2694 3056 2931 3120 legatum
2996 3055 3159 3110 modo
3220 3058 3565 3124 prudentem,
3635 3064 3689 3110 et

454 3135 633 3199 bassa,
668 3150 789 3188 cum
828 3137 988 3190 biduo
1011 3138 1276 3194 duntaxat
1310 3150 1465 3195 antea
1524 3143 1769 3197 morbum
1799 3154 2014 3199 contra-
2043 3149 2086 3206 c
2119 3146 2463 3200 auctoritatis
2491 3148 2725 3214 eximie,
2766 3155 3024 3215 tantoque
3044 3149 3505 3217 negotioparem,
3539 3150 3685 3203 able-

455 3227 624 3280 xisset
645 3242 710 3280 ex
738 3243 830 3280 esu
863 3228 1280 3298 melopeponum
1312 3234 1577 3297 aridiore,
1630 3236 1831 3303 quibus
1860 3252 2016 3304 aquae

450 3331 677 3372 sacraro
708 3319 887 3373 dilutae
915 3319 1133 3389 (Turcis
1164 3337 1225 3376 ea
1258 3322 1530 3377 Zerbetum
1557 3324 1777 3395 dicitur)
1805 3326 2014 3393 cepiam

453 3410 740 3480 largiorem
822 3412 1288 3481 superinfuderat.
1368 3417 1649 3485 Plerisque
1726 3421 2019 3486 putabatur

454 3503 809 3570 ipsemetsibi
864 3515 1092 3561 mortem
1147 3508 1425 3573 attulisse,
1481 3518 1701 3578 sumpto
1761 3519 2017 3579 praeterea

454 3611 684 3658 veneno,
720 3606 863 3652 metu
902 3600 1189 3668 supplicii;
1227 3602 1372 3670 quod
1432 3612 1733 3667 vereretur,
1784 3620 1849 3656 ne
1874 3605 2021 3671 prin-

456 3703 541 3741 res
569 3704 599 3739 a
624 3690 632 3737 Ι
662 3690 878 3754 causas,
916 3691 985 3744 ob
1019 3708 1155 3760 quas
1184 3693 1381 3746 sultani
1428 3692 1656 3748 Muralis
1689 3695 2016 3763 indignatio-

455 3792 577 3829 nem
610 3778 932 3844 incurrerat,
983 3782 1276 3834 accedente
1324 3782 1526 3837 Persici
1573 3787 1808 3839 oratoris
1854 3803 2017 3840 accu-

456 3867 685 3929 satione,
712 3870 776 3923 de
807 3871 1117 3938 suppressis
1157 3872 1366 3939 alzquot
1406 3874 1547 3940 regis
1582 3875 1663 3928 sui
1732 3876 2019 3946 lt'gutiOItl-

455 3958 578 4022 bus,
606 3974 797 4025 magna
827 3976 945 4013 cmn
1009 3962 1231 4017 infamia
1297 3966 1416 4019 vita:
1466 3968 1763 4035 periculum
1825 3971 2019 4025 adiret.

453 4051 720 4105 Constans
748 4052 966 4121 quidem
1003 4054 1051 4106 id
1089 4060 1351 4124 temporis
1384 4068 1501 4111 erat
1544 4060 1685 4112 fama
1746 4077 1837 4129 per
1896 4065 2019 4114 uni—

456 4160 665 4197 versam
694 4146 1248 4216 Constantinopolim,
1290 4151 1571 4212 futurum,
1604 4162 1661 4205 ut
1708 4158 2021 4223 strangula-

456 4247 627 4289 retur.
657 4235 961 4291 Facultatcs
995 4242 1194 4292 mortui
1222 4242 1352 4294 ﬁsco
1411 4241 1634 4296 fuerunt
1676 4244 1857 4305 illata},
1898 4262 2023 4313 por-

454 4329 600 4381 tione
633 4329 863 4396 qttadam
895 4331 1185 4397 nepotibus
1224 4332 1433 4395 relicta,
1499 4334 1589 4401 qui
1654 4343 1785 4389 tunc
1842 4338 2022 4391 adhuc

457 4417 767 4483 impuberes
794 4418 861 4471 ad
902 4418 1075 4474 Porta:
1136 4418 1439 4475 ministeria
1478 4424 1709 4477 traducti
1773 4424 2016 4477 fuerunt.

454 4507 594 4562 Olim
651 4510 899 4564 sultanus
952 4509 1180 4565 Selimes
1224 4513 1503 4567 secundus
1560 4530 1628 4568 co
1684 4524 2017 4584 prmecptore

457 4597 631 4652 fuerat
657 4616 807 4654 usus.
835 4598 959 4654 lude
988 4616 1111 4654 cum
1148 4602 1505 4671 beglerbegus
1526 4604 1803 4657 Cairensis
1840 4604 2019 4658 factus

455 4699 624 4751 esset,
654 4707 843 4759 parum
890 4694 1085 4756 abfuit,
1141 4696 1437 4763 quominus
1492 4696 1650 4764 jussu
1688 4695 1907 4749 Selimis
1940 4695 2021 4748 in-

457 4780 819 4837 terﬁceretur.
856 4782 1059 4854 Dignus
1119 4786 1363 4849 omnino,
1400 4786 1490 4855 qui
1538 4785 1755 4839 sibimet
1806 4786 2020 4839 tandem

459 4876 609 4925 ﬁeret
640 4873 903 4935 carnifex,
932 4877 999 4927 ob
1027 4879 1348 4939 ext‘rcitam,
1380 4887 1538 4947 capta
1570 4875 1924 4942 Famagusta,
1964 4877 2019 4929 in

458 4962 822 5029 Bragadinum
849 4975 901 5018 et
932 4965 1068 5020 alios
1090 4966 1396 5035 perﬁdiam,
1437 4980 1503 5021 ac
1541 4966 1834 5021 belluinam
1861 4981 2020 5035 pror-

458 5070 549 5109 sus
566 5054 983 5111 immanitatem.

530 5144 624 5199 Die
654 5147 871 5201 decimo
922 5149 1154 5213 septimo
1186 5150 1390 5202 mensis
1442 5148 1694 5217 Augusti,
1762 5161 2024 5201 concessa

460 5237 775 5291 fuitoratori
814 5239 1034 5295 Persico
1068 5242 1353 5309 legationis
1387 5244 1723 5310 exponenda:
1747 5238 1980 5294 facultas
2008 5257 2023 5306 ;

459 5343 579 5395 qure
612 5330 735 5383 licet
765 5331 833 5383 ab
860 5331 1016 5385 initio
1047 5348 1140 5402 per
1160 5346 1279 5386 esse
1339 5342 1488 5400 grata
1545 5332 1766 5385 suitauo
1823 5331 2022 5385 Murati

461 5422 755 5487 videretur,
796 5424 946 5477 omni
1006 5435 1185 5477 tamen
1245 5425 1419 5476 fructu
1478 5426 1673 5476 caruit.
1719 5423 2025 5487 Quominus

459 5516 601 5569 enim
629 5532 730 5583 pax
765 5517 912 5569 coire
948 5527 1150 5585 posset,
1176 5518 1287 5570 iure
1317 5526 1431 5569 erat
1463 5531 1624 5570 causa
1652 5556 1665 5577 ,
1725 5516 1868 5583 quod
1900 5532 2020 5569 eam

460 5604 733 5660 Osmaniei
772 5609 1008 5660 maximo
1043 5624 1166 5660 cum
1200 5624 1296 5661 suo
1322 5610 1631 5673 commodo,
1696 5607 2022 5661 Persarum-

461 5713 567 5765 que
603 5700 945 5761 detrimento,
978 5698 1153 5752 facere
1205 5700 1402 5752 vellent
1437 5716 1455 5763 ;
1498 5701 1752 5753 unniruzu
1786 5700 1860 5752 uti
1893 5698 2024 5753 Per-

464 5805 535 5844 ξω
562 5788 755 5843 Turcis
787 5790 967 5844 ontuia
990 5802 1095 5845 tam
1131 5789 1362 5845 Sirraao
1415 5793 1831 5861 comprehensa,
1862 5808 2025 5862 quant

2120 3246 2315 3306 garet:
2359 3236 2431 3291 ita
2466 3236 2707 3291 futurmu
2764 3237 2907 3291 hami
2938 3238 3123 3302 dubie,
3183 3239 3413 3294 feliciter
3458 3240 3533 3293 uti
3586 3256 3688 3309 pax

2120 3326 2257 3381 inter
2296 3336 2555 3396 utrosque
2578 3327 2956 3391 conﬁceretur,
2990 3338 3214 3383 ctarma
3256 3330 3687 3399 deponerentur.

2118 3416 2326 3469 Interea
2370 3431 2496 3469 vero
2545 3418 2852 3487 pangendas
2923 3418 3212 3481 inducias,
3264 3435 3383 3488 qure
3436 3424 3689 3483 utrinque

2121 3504 2263 3557 bona
2317 3503 2419 3558 ﬁde
2470 3513 2841 3559 servarentur.
2928 3505 3101 3559 Simul
3166 3507 3229 3560 ad
3281 3513 3688 3576 componendas

2119 3594 2289 3660 mquis
2324 3594 2534 3665 legibus
2566 3594 2876 3649 discordias
2919 3611 3081 3650 omne
3142 3598 3385 3652 studium
3440 3615 3683 3666 epotam-

2121 3701 2227 3755 que
2262 3704 2413 3741 suam
2451 3688 2825 3755 pollicebatur.
2864 3690 2976 3743 Non
3010 3690 3219 3760 ingrata
3242 3694 3442 3747 scacho
3467 3692 3687 3747 Persico

2122 3780 2269 3846 pacis
2299 3782 2588 3833 eameutio
2618 3780 2737 3848 fuit,
2800 3783 3032 3852 ideoque
3098 3801 3222 3838 mox
3294 3788 3578 3840 concessis
3638 3798 3689 3839 ct

2122 3872 2435 3939 approba'is
2466 3872 2718 3932 imluciis.
2762 3886 3037 3927 oratorem
3080 3892 3137 3928 se
3172 3879 3494 3941 missurmn,
3521 3896 3685 3933 causa

2125 3965 2275 4029 prius
2306 3962 2963 4032 deliberata,responlit.
3028 3964 3124 4019 llis
3182 3968 3441 4035 perfectis
3500 3971 3686 4033 rebus,

2124 4062 2299 4106 castra
2323 4052 2486 4107 Sinan
2514 4055 2669 4108 bassa
2724 4057 3006 4125 relinquit,
3041 4066 3095 4111 et
3156 4059 3684 4127 Constantinopolim

2126 4141 2420 4210 profectus,
2458 4144 2559 4197 sub
2590 4144 2825 4197 medium
2854 4160 3093 4199 mensem
3152 4144 3355 4199 Julium
3417 4148 3685 4212 quiiisita

2123 4252 2241 4291 cunt
2278 4253 2494 4305 pompa.
2529 4237 2928 4305 prodeuntibus
2980 4238 3197 4293 obviam
3264 4238 3443 4295 Porta:
3503 4257 3688 4310 procc-

2125 4329 2295 4391 ribus,
2318 4329 2498 4381 urbem
2537 4330 2857 4397 ingreditur.

2197 4422 2356 4474 initio
2387 4420 2552 4485 veris,
2584 4436 2728 4475 anno
2764 4423 3011 4489 sequenti
3048 4424 3153 4479 989
3194 4424 3346 4494 (Chr.
3382 4425 3566 4489 1582),
3604 4428 3691 4479 die

2126 4508 2301 4563 Martii
2346 4510 2548 4564 mensis
2612 4510 2872 4565 vicesimo
2924 4528 3087 4575 nono,
3149 4513 3351 4567 missus
3414 4529 3442 4567 a
3491 4516 3693 4568 scacho

2122 4600 2457 4657 Mucbemete
2485 4605 2701 4672 quidam
2732 4620 2795 4656 ex
2831 4620 3112 4674 procerum
3177 4604 3520 4660 Persicorum
3587 4626 3690 4662 uu-

2123 4709 2293 4758 mero,
2328 4695 2414 4747 cui
2439 4710 2630 4747 nomen
2658 4694 2963 4749 lbrahimes
3011 4698 3173 4759 chan,
3221 4696 3689 4765 Constantinopn.

2120 4784 2213 4837 lim
2238 4800 2435 4854 magno
2464 4793 2517 4838 et
2556 4785 2753 4853 insigni
2811 4800 2933 4839 cum
2992 4787 3254 4841 comitatu
3320 4798 3686 4844 trecentorum

2120 4876 2243 4945 plus
2279 4878 2456 4930 minus
2482 4876 2725 4943 equitum
2788 4877 2986 4930 venit:
3050 4881 3247 4946 partim
3304 4879 3383 4933 uti
3445 4881 3510 4935 de
3562 4897 3691 4947 pauc

2122 4983 2246 5021 eum
2280 4968 2499 5021 sultano
2534 4966 2743 5020 Murate
2774 4977 3052 5033 tractaret,
3080 4969 3277 5037 partim
3312 4979 3369 5021 ut
3404 4970 3693 5024 interesset

2123 5058 2463 5111 caeremoniae
2499 5058 2925 5121 Mnsulmanicze,
2979 5075 3084 5127 qua
3125 5059 3355 5113 Muralis
3387 5061 3532 5113 filius
3570 5060 3689 5113 lliu-

2124 5149 2420 5213 chcmetes,
2464 5150 2737 5204 sexdecim
2785 5150 2905 5217 plus
2950 5144 3130 5202 minus
3176 5165 3442 5203 annorum
3502 5152 3687 5204 adole-

2123 5253 2305 5301 scens,
2328 5238 2557 5293 solemni
2587 5240 2689 5292 ritu
2713 5238 3186 5293 circumcidendus
3209 5247 3347 5293 erat.
3370 5239 3462 5293 Die
3488 5240 3690 5293 mensis

2126 5330 2251 5385 Maii
2291 5331 2547 5385 vicesimo
2574 5341 2769 5385 oetavo
2802 5332 2965 5399 cespit
2997 5331 3236 5384 inaudita
3263 5333 3464 5386 saeculo
3499 5339 3690 5385 nostra

2126 5423 2414 5478 celebritas
2520 5421 2963 5476 circumcisionis
3037 5421 3241 5491 hujus,
3337 5424 3693 5492 pra'setttibus

2126 5514 2596 5580 Constantinopoli
2656 5513 3018 5566 maximorum
3100 5529 3269 5582 prope
3302 5494 3491 5568 ’t0tius
3544 5518 3693 5571 orbis

2129 5607 2435 5679 principum
2461 5606 2675 5673 legatis,
2702 5603 2976 5672 Rndulphi
3007 5604 3232 5657 secundi
3252 5604 3691 5659 Christianorum

2129 5699 2479 5767 imperatoris
2522 5696 2765 5763 augusti,
2826 5693 3046 5749 llenrici
3103 5693 3249 5749 tertii
3307 5695 3496 5751 Galliae
3549 5697 3695 5766 regis

2134 5791 2311 5861 (Cujus
2346 5798 2526 5846 tamen
2562 5795 2746 5853 orator
2778 5784 3089 5843 Germiuius
3118 5786 3477 5845 Germollwus
3502 5801 3699 5847 SCCUQ'.
