4026 6204
410 302 510 365 601

1636 294 1962 380 massis
1992 272 2476 388 muscum

2711 307 2743 329 δ

3544 329 3641 394 62

409 421 501 481 tl".
530 430 649 486 Ρθει
680 420 914 481 οωςπῖε
980 426 1205 498 legatos,
1270 431 1396 483 loco
1464 443 1717 500 spectare
1768 434 1982 504 jussus,
2015 438 2059 492 Α
2093 441 2248 507 quasi
2289 441 2562 510 quoddam
2594 450 2650 494 ιιι
2681 438 2889 495 frenum
2932 439 3172 495 Murates
3212 438 3478 507 injiceret,
3532 458 3643 495 om-

409 528 536 566 num
595 518 829 583 primum
901 519 1204 584 aﬂ‘ectarct,
1270 524 1466 589 partim
1536 540 1632 592 per
1690 526 1978 589 invidiam,

411 607 610 673 partim
639 608 782 676 quod
810 610 1053 662 obtinere
1076 627 1181 664 non
1219 625 1423 681 posset.
1463 617 1699 680 utlegati
1739 616 1980 670 Polonite

412 698 556 765 regis
596 701 1039 765 excluderentur,
1080 718 1239 769 quem
1274 721 1372 770 pro
1401 723 1527 771 rege
1562 723 1668 759 non
1713 723 1983 765 agnosce-

414 787 525 847 bat,
555 790 686 842 bero
702 804 804 842 suo
839 806 1064 850 ιοιεκιιιιιη
1098 794 1227 846 illul
1260 811 1538 857 asserens,
1577 799 1721 850 domi
1776 814 1889 851 sum
1922 815 1980 851 se

409 880 729 945 continuitl,
770 881 1029 949 Stephani
1058 888 1200 952 regis
1231 888 1492 951 Polonim,
1534 893 1846 958 reipublica'
1878 891 1983 944 Ve-

411 979 571 1033 netae,
602 973 783 1026 scachi
816 973 1041 1039 Persici,
1094 993 1280 1047 regum
1346 980 1727 1035 Afriranornm
1783 984 1980 1038 Mat-ori

350 1102 353 1105 .
408 1067 466 1115 et
490 1057 687 1127 Fessa,
724 1078 786 1117 ac
815 1062 1161 1131 Tatarorum,
1218 1070 1528 1136 principum
1578 1072 1798 1137 Erdelii,
1850 1074 1981 1126 Mol-

406 1150 603 1216 daviaa,
640 1150 931 1219 Valachim,
968 1165 1023 1210 et
1077 1158 1333 1213 aliormn.
1375 1159 1601 1215 Dniavit
1633 1163 1747 1231 ipsa
1781 1164 1984 1217 fesdvi-

406 1253 493 1297 tas
514 1248 643 1300 totis
677 1248 1039 1317 quadraginta
1074 1250 1265 1305 diebus
1309 1261 1362 1305 et
1385 1254 1642 1308 noctibus
1678 1256 1981 1310 continuis.

407 1333 776 1393 Muebemetes
798 1349 890 1393 tan
914 1342 1015 1394 lem
1050 1345 1285 1410 septimo
1315 1343 1448 1399 Julii
1513 1345 1623 1412 die,
1656 1349 1759 1401 sub
1807 1350 1983 1417 ipsum

410 1430 587 1484 noctis
621 1430 860 1495 initium,
900 1449 928 1486 a
963 1433 1296 1491 Mechemete
1344 1438 1526 1503 bassa,
1559 1449 1840 1509 postremo
1906 1444 1987 1496 in-

388 1529 491 1583 ,ter
544 1523 777 1587 vezires,
846 1527 937 1594 qui
994 1528 1197 1583 sultani
1247 1530 1579 1588 Soleimanis
1634 1545 1824 1590 tonsor
1884 1536 1987 1589 ali-

406 1617 630 1685 quando
658 1619 856 1680 fucrat,
900 1636 1008 1675 non
1041 1621 1277 1691 publice,
1334 1628 1428 1681 sed
1455 1627 1505 1681 in
1537 1629 1790 1683 cubiculo
1816 1630 1988 1699 patris

407 1711 774 1767 circumcisus
805 1715 927 1769 fuit.

482 1804 647 1875 3'75
676 1806 809 1859 Dum
854 1808 967 1864 hzec
1025 1812 1503 1881 Constantinopoli
1551 1810 1836 1882 geruntur,
1885 1814 1983 1870 Os-

412 1908 540 1948 man
567 1894 725 1949 bassa
752 1912 846 1966 per
900 1899 1145 1955 inducias
1203 1901 1496 1957 Sirvaunm
1544 1903 1774 1967 invadit,
1808 1907 1984 1960 maxi.

408 2001 670 2057 mumque
699 1990 959 2046 damnum
995 1991 1177 2046 Persis
1217 1994 1403 2048 infert.
1466 1996 1577 2050 Sed
1605 1996 1856 2051 vicissim
1918 1999 1987 2053 ab

406 2080 491 2135 eis
520 2080 768 2146 creditur,
800 2085 1090 2153 omnisque
1135 2088 1313 2154 praeda
1346 2098 1720 2157 recuperatur.
1750 2088 1879 2160 Ejus
1908 2092 1986 2145 rei

408 2173 627 2236 nuntio,
666 2176 900 2230 necdum
939 2177 1087 2231 tinita
1122 2178 1570 2244 circumcisione,
1593 2182 1987 2237 Constantino-

411 2264 578 2330 polim
641 2267 828 2332 allato,
868 2285 1167 2327 succensus
1205 2274 1485 2327 iracundia
1539 2273 1778 2337 Murates
1828 2276 1988 2345 legati

408 2356 621 2411 Persici
652 2361 945 2415 stationem
1001 2377 1065 2416 ac
1111 2364 1297 2419 sedem
1358 2368 1412 2420 in
1459 2365 1790 2421 Atmindanc
1848 2368 1987 2422 dirui

403 2447 586 2516 jubet,
616 2450 909 2522 ipsumque
942 2454 993 2507 in
1027 2455 1209 2510 saraio
1259 2454 1607 2511 Mechemetis
1639 2458 1815 2512 bassae
1863 2472 1984 2509 cum

410 2541 526 2595 suis
559 2542 785 2607 includi,
827 2548 1000 2601 donec
1029 2550 1230 2601 Osman
1278 2551 1436 2604 bassa
1471 2547 1779 2620 Tetnircapi
1836 2548 1988 2605 Con-

410 2635 825 2706 stautinopolitn
847 2640 1113 2694 venisset.
1143 2638 1267 2694 Fuit
1294 2652 1477 2695 autem
1520 2643 1740 2697 habitus
1775 2658 1841 2698 eo
1870 2643 1991 2699 loco

409 2734 525 2782 tam
554 2728 743 2782 stricta
778 2730 831 2783 in
863 2732 1134 2797 custodia,
1195 2741 1415 2802 tamque
1476 2734 1875 2799 inhumaniter,
1930 2746 1989 2790 ut

410 2827 563 2889 peste
589 2818 1061 2890 Constantinopoli
1089 2834 1395 2891 grassante,
1454 2824 1685 2893 suisque
1713 2826 1984 2882 ministris

412 2927 476 2965 ca
508 2912 797 2982 correptis,
827 2928 1058 2981 quoi-um
1092 2916 1159 2970 ad
1193 2928 1413 2970 centum
1445 2917 1546 2971 hac
1586 2919 1703 2971 dira
1755 2918 1842 2971 lue
1876 2918 1991 2973 fue-

412 3015 545 3060 runt
575 3004 874 3073 absumpti,
902 3006 1107 3060 nullam
1143 3015 1321 3061 tamen
1346 3007 1761 3073 relaxationem,
1785 3010 1987 3064 nullam

410 3099 770 3152 mutationem
798 3097 904 3153 loci
939 3099 1178 3167 potuerit
1209 3102 1525 3170 impetrare.

485 3188 602 3243 Non
631 3191 801 3244 multo
838 3200 958 3260 post
998 3193 1306 3246 nuntiatum
1327 3192 1451 3259 fuit,
1498 3193 1703 3249 Persas
1735 3204 1790 3249 et
1821 3194 1992 3251 Geor-

414 3282 605 3351 gianos
639 3283 944 3351 coniunctis
982 3284 1188 3339 viribus
1216 3286 1416 3340 iterum
1471 3285 1796 3341 Osmanicos
1831 3289 1991 3343 adora

415 3389 497 3427 tos
517 3374 728 3429 fuisse:
773 3376 864 3445 qui
918 3374 1185 3445 Tiphlisio
1225 3387 1471 3433 recentes
1507 3380 1692 3446 eopFas
1722 3394 1845 3433 cum
1896 3396 1994 3435 an-

411 3467 574 3523 nonis
611 3467 995 3537 snlveodisque
1028 3468 1183 3523 militi
1233 3469 1521 3538 stipendiis
1578 3470 1783 3525 inferre
1823 3487 1993 3526 cona-

412 3555 635 3619 bantur,
707 3560 892 3613 multis
922 3574 1113 3614 eorum
1149 3560 1394 3615 millibus
1425 3562 1711 3617 occidione
1772 3564 1989 3628 deletis,

412 3650 734 3703 ctannouis
797 3666 859 3705 ac
924 3652 1174 3719 pecuniis
1237 3654 1581 3721 interceptis.
1640 3652 1839 3707 Fertur
1869 3656 1988 3725 ejus

414 3744 557 3809 apud
582 3740 919 3809 Georgianos
959 3742 1222 3809 principis
1259 3742 1476 3796 letnina:
1512 3743 1677 3807 filins,
1713 3760 1876 3812 quam
1910 3742 1992 3797 di-

416 3833 599 3883 ximus
628 3846 890 3884 annosam
915 3831 1076 3897 vulgo
1106 3838 1380 3895 vocatam,
1409 3831 1583 3885 cladis
1612 3829 1776 3900 hujus
1803 3844 1994 3886 auctor

414 3921 726 3975 Usmanicis
752 3919 923 3974 inisse
954 3936 967 3971 :
999 3918 1145 3989 quod
1182 3919 1386 3975 Persas
1419 3921 1486 3975 de
1534 3920 1846 3975 Turcorum
1911 3922 1996 3976 in-

416 4016 607 4069 stituto
626 4030 687 4068 ac
716 4012 1054 4083 profectione
1079 4014 1404 4075 monuisset,
1438 4012 1774 4083 hostilesque
1805 4016 1992 4083 copias

416 4107 771 4177 aggrediundi
806 4106 945 4159 viam
986 4105 1065 4160 eis
1102 4114 1483 4160 monstrasset.
1538 4106 1777 4160 Mut'ates
1838 4108 1993 4162 intel—

417 4197 557 4251 lecta
594 4196 739 4249 cat-de
758 4209 1009 4255 suorum,
1034 4203 1087 4247 et
1116 4194 1380 4263 principis
1407 4209 1629 4248 annosre
1690 4194 1784 4248 filii
1815 4198 1992 4249 collu-

416 4290 572 4343 siouc
596 4304 719 4343 cum
752 4287 953 4351 Persis,
1015 4288 1105 4355 qui
1166 4295 1345 4338 tamen
1394 4286 1776 4356 superioribus
1835 4289 1996 4343 annis

415 4379 956 4443 musnhnanissarat,
994 4378 1300 4446 Muratiqne
1353 4388 1527 4433 semet
1574 4379 1630 4432 in
1681 4379 1994 4435 clientelam

2087 546 2294 598 nesquc
2345 534 2572 588 nocendi
2656 534 2772 588 vias
2859 532 3270 594 intercluderet,
3363 529 3642 584 Ferbatem

2086 624 2303 678 bassam
2364 640 2560 691 magno
2610 641 2732 677 cum
2790 627 3057 688 exercitu,
3108 623 3494 691 fabrorumque
3546 639 3644 675 non

2086 716 2283 782 exiguo
2314 732 2560 775 numero.
2615 718 2679 771 ad
2712 733 2807 771 eos
2830 720 2967 769 lines
3023 716 3173 769 misit
3203 734 3217 769 :
3252 729 3309 769 ut
3347 731 3528 769 arcem
3585 718 3645 767 ad

2088 805 2369 858 "eranum
2419 808 2705 866 conderet.
2754 806 2898 875 quod
2932 816 2985 857 et
3040 807 3278 860 civitatis
3332 817 3385 857 rt
3449 806 3646 873 regioni

2087 894 2341 951 T-tcmaci
2381 898 2636 965 snbjcctae
2676 913 2873 951 nomen
2900 906 3005 950 est.
3072 892 3337 948 Farhates
3364 910 3431 947 eo
3482 898 3650 961 profc-

2087 998 2228 1056 ctus,
2265 990 2441 1059 primo
2482 990 2767 1044 castellum
2815 988 3092 1057 quoddam
3143 989 3280 1039 inter
3315 986 3569 1041 Carsetnn
3604 996 3651 1038 et

2090 1083 2369 1137 Revanum
2396 1082 2705 1139 exstruxit:
2768 1081 2895 1135 inde
2918 1096 3042 1131 cum
3104 1080 3281 1146 copiis
3340 1094 3653 1147 progressus

2087 1191 2267 1229 arcem
2299 1174 2504 1228 Rcvani
2527 1173 2837 1229 fabricavit.
2859 1168 2918 1225 Ei
2952 1171 3270 1239 Cigaloglim
3306 1172 3407 1239 (sic
3442 1173 3648 1222 hassant

2089 1269 2308 1322 natiooe
2367 1267 2797 1327 Genuensem,e
2850 1265 3018 1319 nobili
3077 1266 3392 1332 Cigaiarum
3458 1262 3650 1316 familia

2089 1360 2490 1429 natotn,.qttasi
2552 1358 2751 1425 Cigala'.
2814 1358 2982 1411 filium
3045 1358 3209 1411 Tnt'ci
3261 1356 3477 1424 vocant)
3534 1368 3649 1409 cum

2100 1461 2367 1519 potestate
2410 1451 2737 1521 beglcrhegi,
2765 1461 2817 1505 et
2874 1467 2995 1505 cum
3021 1451 3178 1504 titulo
3206 1450 3403 1504 veziris
3428 1449 3483 1502 in
3544 1448 3654 1502 istis

2090 1543 2373 1605 limitilnts,
2407 1543 2666 1612 adjuncto
2717 1543 2891 1598 eidem
2926 1544 3313 1612 dcphterdaro,
3378 1541 3603 1608 prafecit
3638 1555 3652 1593 :

2090 1636 2292 1690 relictis
2314 1636 2388 1689 illi
2419 1635 2730 1689 numerosis
2760 1636 2990 1689 militum
3012 1635 3205 1703 copiis,
3227 1633 3496 1699 genizaris
3521 1634 3653 1686 scin-

2089 1727 2338 1796 petariis,
2379 1726 2644 1781 machinis
2678 1726 2907 1787 bellicis.
2948 1726 3109 1780 rebus
3140 1727 3206 1778 ad
3248 1740 3343 1779 eas
3380 1724 3647 1791 pertinen-

2092 1820 2258 1877 tibus.
2289 1820 2523 1872 annonis
2570 1828 2623 1872 et
2659 1818 2783 1872 aliis
2825 1818 3179 1872 necessariis.
3212 1816 3353 1869 llinc
3384 1814 3651 1870 Osmanici

2088 1927 2240 1966 more
2263 1927 2363 1965 suo
2400 1927 2493 1981 per
2518 1910 2869 1965 [teranenses
2929 1924 3091 1980 agros
3149 1908 3441 1975 aliquoties
3472 1921 3658 1963 excur-

2086 2018 2286 2070 rentes,
2324 2005 2509 2059 omnia
2540 2006 2747 2072 rapinis
2792 2004 3119 2066 exhausete,
3174 2002 3268 2057 sed
3321 2016 3419 2055 sua
3484 2000 3656 2068 potius

2088 2099 2463 2167 cumjactura,
2492 2113 2653 2166 quam
2677 2098 2852 2151 lucro.
2883 2096 3046 2150 Gesta
3067 2111 3196 2149 vero
3221 2104 3353 2151 sunt
3383 2096 3516 2159 hac,
3543 2107 3655 2162 qua:

2088 2174 2659 2255 commemoravimus,
2690 2204 2835 2242 anno
2865 2187 2970 2242 489
3002 2187 3157 2255 (Chr.
3196 2186 3383 2254 1582).

2161 2282 2317 2333 Anno
2350 2278 2599 2347 sequenti
2637 2278 2741 2332 990
2781 2264 3145 2344 (Chr‘ft583),
3177 2274 3442 2329 Ferhates
3499 2274 3651 2327 bassa

2090 2371 2528 2439 Georgianorum
2589 2370 2642 2423 in
2674 2385 2836 2436 agros
2907 2368 3120 2422 eductis
3173 2367 3468 2437 aliquoties
3525 2365 3653 2432 suis,

2090 2464 2230 2517 duas
2266 2464 2318 2516 in
2351 2462 2544 2517 iisdem
2581 2461 2779 2514 finibus
2815 2475 2969 2514 arces
3000 2458 3309 2513 aedificavit.
3340 2456 3645 2526 Cigaloglis,

2091 2568 2252 2619 quem
2307 2551 2572 2612 diximus,
2646 2550 2813 2604 semel
2883 2560 3045 2618 atque
3095 2548 3294 2601 iterum
3343 2562 3371 2600 a
3427 2544 3659 2615 principe

2094 2646 2361 2699 Torntace
2385 2644 2577 2713 pretio
2621 2643 2798 2697 vietus
2832 2642 2935 2695 fuit
2969 2661 2981 2706 ;
3015 2638 3317 2709 aliquando
3347 2638 3507 2695 etiam
3542 2636 3656 2688 vnl-

2094 2746 2339 2802 neratos,
2374 2745 2584 2789 tantum
2624 2749 2730 2787 non
2761 2735 2815 2787 in
2843 2734 3081 2787 hostium
3114 2739 3443 2799 potestatem
3496 2726 3655 2782 venit.

2163 2827 2366 2882 Osman
2396 2842 2523 2881 vero
2549 2826 2732 2889 bassa,
2758 2825 2851 2894 qui
2886 2834 2949 2876 ad
2982 2822 3356 2889 Tcmireapim
3401 2820 3652 2880 haerebat,

2095 2922 2173 2975 uti
2201 2920 2455 2990 superius
2491 2919 2816 2982 indicatum,
2851 2931 2987 2969 suos
3033 2916 3099 2968 ad
3142 2914 3427 2967 sultannm
3490 2910 3659 2964 Mura-

2096 3020 2203 3065 tem
2237 3010 2471 3080 ablegat,
2505 3011 2598 3080 qui
2620 3009 2686 3061 ab
2708 3023 2775 3063 eo
2826 3008 2964 3061 mitti
2993 3007 3095 3059 sibi
3170 3012 3416 3074 peterent
3454 3003 3657 3071 genita-

2096 3119 2184 3157 ros
2215 3101 2598 3172 sclopetarios,
2632 3102 2872 3155 artifices
2928 3100 3313 3155 machinarum
3369 3095 3658 3150 fundenda‘

2097 3214 2215 3251 rum
2251 3197 2475 3267 peritos,
2518 3194 2852 3250 architectos
2886 3193 3200 3247 triremibus
3227 3200 3341 3243 tam
3378 3187 3658 3257 majoribus

2094 3303 2257 3355 quam
2295 3285 2601 3340 minoribus
2653 3284 3007 3342 fabricandis.
3040 3298 3180 3353 quos
3210 3276 3657 3348 calaphagilarios

2094 3378 2258 3434 Turti
2300 3386 2495 3431 vocant
2523 3375 2776 3446 (hybride
2838 3374 3048 3441 scilicet
3081 3387 3111 3426 a
3162 3371 3376 3426 Graecis
3428 3377 3655 3435 acet-pta,

2096 3470 2188 3540 qni
2243 3470 2562 3536 calaphatas
2598 3466 2829 3533 dicunt),
2886 3466 3129 3532 itemque
3184 3464 3371 3517 socios
3431 3459 3659 3520 navales,

2095 3576 2218 3614 cum
2283 3559 2467 3613 liaisis
2538 3573 2750 3623 eorum,
2813 3557 2927 3610 sive
2980 3554 3287 3608 triremium
3347 3554 3661 3617 naviumque

2099 3652 2391 3723 praefectis,
2435 3668 2462 3703 a
2493 3650 2696 3720 quibus
2745 3648 3210 3718 gnbcrnarnntur.
3260 3644 3529 3699 Praeterea
3578 3658 3659 3694 ro-

2097 3748 2258 3815 gabat
2293 3745 2366 3797 uti
2397 3742 2644 3815 pecunia:
2675 3740 2777 3794 sibi
2811 3740 3392 3796 snhmiuistrarentnr.
3424 3755 3524 3790 ttua
3547 3749 3659 3786 cutu

2098 3835 2372 3905 aliquibus
2425 3833 2711 3896 Rumeliaa,
2748 3832 2852 3885 ltoc
2880 3840 2985 3894 est,
3019 3829 3243 3884 Graeciaa
3291 3843 3349 3884 et
3383 3826 3652 3887 Αιιιιιοιίςιξ,

2101 3930 2203 3981 hoc
2233 3934 2315 3981 cst
2372 3924 2518 3979 Asia:
2570 3924 2816 3984 minoris.
2868 3933 2920 3977 et
2946 3923 3173 3977 Sivastae
3241 3923 3359 3976 sive
3418 3920 3665 3974 Seliastia!

2098 4016 2391 4088 sangiacis.
2433 4016 2709 4071 Assensus
2738 4023 2820 4069 est
2846 4015 3104 4069 sultanus
3128 4012 3369 4068 \lurates
3393 4008 3663 4084 postulatis

2099 4113 2220 4181 ejus
2240 4110 2522 4165 omnibus.
2549 4107 2731 4174 Quare
2761 4123 2885 4162 cum
2911 4106 3277 4174 Tcmircapim
3306 4108 3360 4161 hi
3394 4104 3663 4177 pervenis-

2099 4212 2242 4266 sent,
2275 4202 2486 4271 navigia
2512 4201 2759 4269 quantam
2792 4182 3046 4251 fabricari
3086 4199 3328 4259 curavit,
3374 4212 3540 4264 eaque
3569 4193 3663 4245 mi-

2107 4298 2180 4352 sit
2208 4297 2273 4350 ad
2305 4294 2619 4349 infestauda
2652 4292 2823 4346 maris
2850 4291 3035 4361 Caspii
3072 4293 3279 4345 littora.
3311 4288 3666 4345 Consimiliter

2100 4398 2153 4445 et
2182 4397 2474 4444 terrestres
2496 4387 2767 4453 ablegavit
2795 4386 3002 4455 copias,
3044 4396 3102 4437 ut
3125 4395 3232 4438 tam
3260 4381 3662 4437 Sirvaneusium

414 4474 677 4527 dederat:
710 4472 887 4540 prius.
941 4487 1106 4539 (tuum
1168 4470 1430 4525 Fcl‘llales
1492 4471 1673 4537 bassa.
1716 4488 1878 4542 quem
1929 4473 1995 4529 ad
2024 4476 2079 4537 Ι)
2106 4496 2271 4552 quam
2303 4480 2541 4533 aliorum
2582 4478 2686 4533 sibi
2725 4477 3084 4531 finitimorum
3120 4492 3306 4545 agros,
3342 4492 3446 4530 non
3499 4474 3665 4525 minus

414 4564 713 4632 gerendum
755 4572 875 4633 post
910 4563 1167 4616 Siuanem
1197 4561 1395 4614 bellum
1424 4559 1701 4616 Persicum
1736 4563 1991 4633 ablegare

415 4658 755 4719 decreverat,
812 4653 1289 4723 Constantinopoli
1347 4654 1694 4718 discederet;
1757 4656 1988 4711 manda-

415 4757 531 4802 tum
566 4749 631 4801 ad
665 4749 1014 4819 bcglerbegos
1043 4746 1311 4817 quosdam
1344 4745 1654 4801 limitancos
1679 4747 1849 4813 misit,
1882 4764 1993 4819 quo

416 4841 784 4913 ιπευοίμίειιίιι,
843 4852 899 4893 ut
933 4850 1053 4894 astu
1086 4837 1351 4909 principis
1408 4852 1634 4893 annosa:
1692 4837 1863 4893 filium
1926 4844 1995 4895 de

414 4935 597 4991 medio
641 4935 912 4989 tollerent.
939 4931 987 4988 Is
1012 4946 1161 4995 vero,
1195 4930 1480 4999 patefactis
1504 4946 1600 5001 per
1628 4931 1840 4987 amicos
1899 4931 1986 4986 in-

414 5028 595 5091 sidiis,
630 5044 661 5083 a
690 5028 908 5083 sultano
935 5025 1142 5080 Μαι-διε
1196 5025 1416 5090 defecit,
1446 5032 1499 5079 et
1536 5022 1661 5094 fuga
1694 5024 1802 5079 sibi
1853 5040 1987 5079 con-

415 5123 627 5185 sulens,
662 5122 924 5175 ditionem
962 5133 1115 5171 suam
1142 5116 1210 5171 ab
1239 5116 1532 5171 Osmanico
1559 5116 1692 5184 jugo
1744 5119 1995 5187 tyranni-

415 5213 885 5285 dequeliberavit,
916 5225 1082 5279 seque
1134 5226 1258 5264 cum
1283 5208 1408 5262 aliis
1454 5207 1825 5279 principibus,
1866 5218 1989 5264 4am

414 5306 735 5377 Georgianis
780 5320 945 5374 quam
997 5303 1199 5368 Persis,
1252 5301 1542 5369 conjunxit
1592 5316 1657 5356 ac
1712 5303 1991 5372 perpetuis

412 5400 838 5456 excursionibus
875 5399 1011 5453 fines
1037 5394 1361 5451 Osmanicos
1388 5394 1651 5451 infestare
1673 5412 1779 5450 non
1802 5395 1989 5450 desiit.

414 5492 612 5547 Iisdem
645 5490 970 5557 Georgianis
1004 5494 1168 5543 etiam
1197 5487 1454 5558 princeps
1508 5487 1698 5544 Simon
1733 5498 1788 5543 ct
1849 5488 1993 5544 Toc-

415 5600 601 5641 tnaces
630 5586 900 5646 sultanus,
936 5584 1141 5637 Revani
1173 5582 1457 5649 dominus,
1510 5579 1741 5637 foederis
1804 5581 1982 5636 mutui

416 5677 681 5744 religione
703 5676 952 5730 obstricti
986 5684 1168 5731 erant.

487 5762 627 5821 Huic
658 5764 937 5830 Tocmaci,
993 5762 1425 5833 Georgianorum
1486 5774 1671 5834 partes
1707 5766 1987 5834 sequenti,

2105 4574 2617 4639 amicorum,quam
2656 4568 2917 4634 hostium,
2948 4568 3155 4637 rapinis
3210 4568 3390 4621 dirum
3462 4565 3513 4619 in
3562 4576 3666 4615 mo-

2106 4666 2233 4720 dum
2257 4672 2506 4734 agerent,
2544 4660 2774 4715 ferrent.
2797 4658 2903 4714 Sed
2932 4660 3253 4728 plerumque
3293 4673 3490 4726 magno
3550 4667 3662 4708 cum

2104 4755 2456 4817 detrimento,
2481 4767 2820 4821 suorumque
2858 4752 3005 4805 caede
3033 4752 3468 4805 revertebantur.

2182 4847 2430 4901 Diximus
2452 4854 2637 4909 antea,
2656 4843 2853 4899 Persas
2881 4852 2935 4897 et
2953 4842 3289 4913 Georgianos
3318 4842 3486 4895 unilis
3508 4835 3666 4905 copiis

2107 4942 2413 4995 Turcorum
2446 4936 2747 4991 exercitum
2812 4935 3174 5003 adortos,qui
3227 4932 3495 5003 Tiphlisio
3554 4939 3665 4983 suc-

2106 5044 2331 5085 currere
2362 5027 2712 5097 properabat,
2750 5025 3022 5094 iogrntetn
3074 5040 3264 5077 eorum
3298 5035 3532 5088 stragem
3562 5015 3664 5069 edi-

2109 5124 2277 5180 disse.
2309 5123 2445 5176 Cum
2473 5119 2595 5188 ejus
2634 5117 2805 5173 cladis
2829 5126 3083 5183 accepta
3110 5114 3336 5168 nuntius
3367 5106 3666 5166 Coostauti-

2109 5214 2348 5284 nopolim
2399 5212 2657 5273 venisset,
2721 5209 3052 5277 compellato
3134 5206 3386 5260 sultanus
3446 5202 3664 5254 Muratcs

2108 5305 2314 5361 Sinaue
2338 5304 2522 5368 bassa,
2586 5301 2681 5372 qui
2729 5311 2860 5354 tunc
2906 5300 3277 5355 vczirazemes
3320 5306 3482 5349 crat:
3537 5286 3662 5357 Quid

2108 5396 2233 5461 hoc,
2261 5396 2360 5459 ait,
2384 5403 2466 5449 est
2503 5392 2579 5448 rei
2602 5392 2896 5462 tquaenam
2944 5391 3198 5453 induciae,
3220 5382 3374 5457 quod
3403 5385 3660 5439 laxamen-

2108 5495 2222 5541 tum
2260 5488 2365 5540 boc
2402 5484 2572 5540 belli?
2602 5483 2681 5537 Ad
2715 5497 2838 5552 quae
2893 5482 3087 5547 Sinan,
3128 5480 3414 5535 temeraria
3445 5474 3657 5545 quadam

2103 5595 2230 5635 cunt
2256 5567 2509 5642 audacia,
2550 5579 2887 5649 respondens
2931 5573 3052 5630 :Ut
3100 5573 3186 5628 his
3230 5572 3416 5632 rebus,
3476 5565 3656 5633 inquit.

2105 5672 2325 5727 obviam
2358 5670 2539 5725 eundo
2570 5671 2870 5725 remedium
2913 5669 3247 5728 inveniatur,
3308 5663 3505 5717 scacho
3554 5669 3659 5710 sca-

2099 5764 2236 5821 chus
2271 5762 2632 5833 opponendus
2662 5763 2791 5819 crit.
2829 5762 3042 5829 Quibus
3075 5760 3257 5817 verbis
3294 5758 3519 5812 inooere
3567 5763 3652 5801 vo-
