4026 6204
374 262 481 328 693

1493 272 1867 337 SUPPLEM.
1902 275 2179 339 ANNAL.
2218 276 2552 364 TURClc,

376 373 541 426 lebat.
582 371 849 428 adversus
901 387 1081 443 regem
1122 374 1298 461 ‘rcgis
1358 390 1500 447 Opus
1555 395 1677 435 esse
1742 396 1911 450 opera
1950 402 1962 447 ;
1999 390 2042 445 Α
2073 394 2198 438 octo
2231 384 2489 437 decemve
2548 382 2758 438 dierum
2796 381 2898 435 iter
2932 382 2998 436 ab
3034 381 3166 451 ipsis
3204 383 3399 437 vastati
3438 383 3647 447 Persis.

373 466 646 534 planeque
673 466 992 520 necessario
1035 468 1236 536 requiri
1264 470 1328 523 ad
1358 470 1719 527 obtinendam
1772 474 1841 528 de
1872 475 1969 528 bo-

376 570 460 613 ste
487 558 799 620 victoriam,
837 568 897 612 ιιι
932 560 1046 628 ipse
1074 561 1330 616 sultanus
1396 563 1637 620 Murates
1671 567 1781 620 dux
1836 567 1962 621 belli

374 650 640 705 adversus
672 649 1069 704 Mucliemetem
1094 651 1385 708 Persarum
1417 630 1596 726 375'
1618 672 1799 727 regem
1833 675 1962 727 pro-

378 742 742 795 ﬁcisceretur.
791 741 1031 796 Murates
1062 758 1129 797 eo
1172 743 1394 801 Sinanis
1434 759 1963 820 acceptorespouso

376 846 497 884 tuox
524 832 801 885 sultanam
831 842 1064 886 matrem
1093 835 1229 899 adit,
1266 846 1321 891 et
1354 838 1423 892 ab
1447 854 1510 892 ea
1562 842 1855 895 consilium
1910 846 1962 897 in

376 925 479 977 hac
506 926 821 978 causa-dari
848 925 954 979 sibi
1012 928 1166 995 pelit.
1229 928 1367 984 Tum
1399 932 1497 987 illa
1541 952 1554 987 :
1590 934 1656 987 Mi
1724 937 1823 999 illi,
1860 936 1959 998 ait,

377 1014 619 1067 hancine
681 1025 809 1068 sunt
860 1016 949 1069 illa
1030 1021 1321 1086 magniﬁca
1375 1026 1646 1091 promissa
1693 1024 1964 1083 Sinanis?

371 1103 521 1156 itane
553 1105 835 1173 pollicitus
866 1119 953 1162 est
976 1110 1181 1164 iturum
1216 1128 1277 1167 se
1299 1117 1548 1183 capiendi
1587 1119 1788 1175 Persici
1861 1138 1954 1175 re-

374 1195 467 1265 gis
496 1198 789 1261 causa,vel
828 1199 895 1253 ad
944 1200 1194 1256 intimam
1223 1205 1513 1260 Persarum
1554 1212 1757 1279 regiam
1823 1212 1967 1265 Cas-

378 1287 593 1341 minum
621 1304 636 1349 ;
668 1297 723 1343 et
750 1304 895 1345 nunc
932 1300 1127 1347 auctor
1146 1309 1267 1349 esse
1297 1297 1411 1350 vult
1473 1299 1592 1363 tibi,
1627 1312 1684 1355 ut
1728 1302 1960 1370 ipsemet

377 1378 447 1432 ad
473 1381 771 1449 gerendum
802 1382 903 1438 hoc
938 1384 1137 1439 bellum
1168 1371 1581 1456 proﬁciscaris“!
1609 1393 1727 1448 Non
1758 1394 1959 1461 dignus

375 1481 493 1537 cst,
550 1473 643 1541 qui
712 1474 972 1545 deinceps
1030 1492 1258 1533 munere
1346 1484 1546 1537 veziris
1615 1486 1821 1540 azemis
1874 1488 1951 1540 tui

377 1563 661 1633 fungatur.
712 1566 830 1632 Quo
874 1570 1112 1623 consilio
1164 1571 1396 1627 stillante
1458 1576 1957 1633 matrisintellcclo

376 1658 741 1727 probatoque,
800 1659 1093 1715 confestim
1140 1662 1376 1719 Murates
1440 1668 1699 1722 Sinan‘em
1762 1668 1951 1723 Masu-

2074 490 2246 545 usque
2281 476 2418 530 adeo
2443 474 2646 530 redacti
2687 483 2818 529 sunt
2848 475 2912 527 ad
2982 475 3309 531 solitudines
3336 516 3351 539 ,
3418 476 3508 529 vix
3574 478 3652 531 uti

2070 568 2289 636 paulmn
2327 582 2482 635 aqum
2515 565 2844 634 reperiatur,
2895 565 3095 619 nedum
3144 567 3304 634 panis
3333 575 3428 619 aut
3456 579 3654 620 carnes

2068 667 2162 712 aut
2191 658 2310 712 alia:
2337 674 2445 721 res,
2490 669 2599 711 tam
2630 658 2697 711 ad
2724 658 2926 712 victum
2993 657 3299 720 hominum,
3345 673 3509 726 quam
3564 658 3655 725 ju-

2068 758 2381 806 mentorum
2435 750 2719 805 alimenta
2752 750 3105 805 necessariae.
3153 749 3284 815 Quae
3348 751 3463 802 sola
3506 761 3656 803 certe

2066 858 2227 899 causa
2253 855 2361 907 est,
2394 844 2753 911 quamobrem
2783 843 3052 897 hactenus
3112 842 3425 918 Osmauida:
3477 843 3531 895 in
3588 844 3657 895 iis

2065 935 2198 989 locis
2236 949 2468 988 annona:
2490 936 2721 987 caritate
2756 933 3149 987 laboraverint.
3178 933 3255 986 Ae
3286 942 3415 985 sunt
3444 932 3497 985 in
3537 933 3652 1000 ipsa

2064 1025 2265 1079 Turcia
2300 1025 2391 1094 qui
2418 1025 2759 1086 existiment,
2819 1022 3032 1078 Turcos
3067 1024 3171 1077 hoc
3238 1022 3383 1078 bello
3436 1039 3657 1092 semper

2064 1118 2350 1173 inferiores
2382 1117 2621 1183 futuros,
2650 1119 2775 1172 licet
2815 1117 2999 1187 plures
3025 1120 3091 1170 ad
3114 1132 3289 1171 annos
3306 1116 3467 1171 etiam
3489 1117 3540 1170 iu
3559 1132 3658 1187 po-

2062 1218 2283 1262 sterum
2309 1210 2685 1264 coutinuetur.
3544 1228 3548 1232 θ

2132 1298 2331 1354 Verum
2362 1318 2427 1354 ne
2452 1302 2667 1370 longius
2695 1312 2851 1356 extra
2876 1303 3048 1367 oleas,
3087 1301 3230 1371 quod
3254 1301 3424 1365 aiunt,
3460 1304 3527 1354 ad
3563 1316 3657 1352 an-

2060 1393 2263 1447 naliqu
2284 1394 2480 1447 seriem
2511 1393 2823 1449 redeamus.
2863 1393 3010 1447 Misit
3042 1394 3350 1447 secundum
3386 1393 3500 1446 [nec
3553 1395 3657 1446 ali-

2058 1484 2274 1552 quoties
2300 1487 2502 1539 Osman
2537 1486 2699 1540 bassa
2734 1486 2960 1555 petitum
2997 1486 3200 1541 sultani
3238 1484 3467 1539 Muralis
3493 1500 3650 1553 opem

2060 1585 2226 1643 atque
2262 1577 2486 1639 auxilia,
2520 1592 2640 1645 qum
2671 1578 3019 1647 suppeditata
3050 1592 3173 1631 cum
3225 1577 3481 1640 fuissent,
3514 1576 3659 1641 jam-

2058 1679 2164 1733 que
2218 1665 2584 1735 Tcmircapim
2640 1670 3025 1730 acceSsissent,
3095 1668 3161 1721 ad
3223 1666 3440 1721 Sirvani
3523 1665 3658 1717 lines

378 1751 487 1804 lam
520 1752 867 1819 pronuntiat.
923 1753 1027 1807 hoc
1087 1763 1194 1818 est,
1247 1756 1550 1812 honoribus
1595 1760 1850 1815 omnibus
1904 1775 1968 1814 ac
2002 1734 2041 1791 Β
2073 1760 2348 1813 civitatem
2387 1734 2742 1815 Somacbiam
2778 1760 2943 1828 cepit,
2978 1760 3159 1829 ibique
3189 1758 3574 1827 beglerbegum
3607 1766 3662 1809 et

304 1846 313 1854 ’
378 1844 687 1913 pmsertim
738 1844 1003 1911 dignitate
1074 1848 1317 1917 supremi
1377 1850 1575 1905 veziris
1644 1853 1819 1909 exuit.
1866 1852 1969 1907 Pa-

382 1950 506 1988 rum
532 1934 752 2005 quidem
777 1938 973 2003 abfuit,
1012 1939 1144 2008 quin
1204 1942 1573 1997 occideretur.
1631 1943 1777 1999 Bona
1838 1961 1969 2000 con-

381 2025 624 2081 demnati
652 2027 785 2083 liseo
815 2014 1354 2100 l‘ueruntapplicata.
1381 2034 1677 2104 Relegatus
1706 2046 1761 2090 et
1782 2038 1963 2092 exsul.

384 2119 656 2190 hodieque
688 2120 940 2192 Malagma
970 2124 1300 2194 degit.quo;l
1326 2128 1590 2196 oppidum
1621 2127 1957 2183 ﬂaeetlmiiat

385 2214 553 2268 situm
571 2222 656 2269 est
692 2216 744 2268 in
780 2215 1130 2286 itinere,quo
1148 2217 1626 2289 Constantinopoli
1660 2221 1968 2291 Itagusium

384 2308 519 2361 itur.
556 2306 749 2361 Sinani
778 2307 1050 2363 suﬂ'ectus
1078 2310 1183 2365 fuit
1216 2311 1268 2364 in
1328 2312 1767 2368 venirazematus
1794 2313 1971 2369 officio

384 2398 609 2453 Siauses
657 2400 840 2463 bassa,
884 2400 1110 2455 natione
1152 2401 1426 2473 Ungarus,
1496 2420 1737 2474 quocum
1801 2415 1968 2475 nupta

385 2491 588 2545 sultani
616 2491 847 2547 Muralis
881 2508 1039 2549 soror
1064 2509 1203 2550 erat.
1237 2497 1395 2562 Quod
1455 2513 1637 2553 mores
1706 2510 1759 2553 et
1822 2501 1970 2565 inge-

390 2585 540 2638 nium
576 2584 796 2663 Sillanis
818 2588 1033 2650 attinet,
1085 2590 1361 2643 crudelem
1388 2598 1684 2644 etavarum
1712 2605 1773 2646 se
1803 2590 1972 2661 gessit

386 2692 515 2746 erga
534 2679 782 2745 quosvis,
813 2694 940 2747 erga
979 2678 1329 2734 Christianos
1389 2680 1831 2748 infestissimum,
1882 2697 1971 2735 su-

390 2770 617 2838 perbum
659 2778 713 2824 et
741 2780 1089 2840 arrogantem
1117 2787 1246 2841 erga
1298 2771 1536 2841 majores
1566 2782 1619 2825 et
1647 2788 1829 2840 pares.
1882 2770 1971 2826 Ja-

389 2861 593 2914 ctantia
629 2870 776 2915 tanta
824 2860 953 2924 fuit,
1002 2871 1061 2915 ut
1114 2878 1238 2917 cum
1283 2862 1581 2933 aliquando
1622 2868 1969 2931 negotiorum

392 2954 738 3025 publicorum
776 2970 941 3010 causa
988 2956 1374 3010 conveniretur
1402 2958 1469 3010 ab
1500 2956 1699 3011 illustri
1729 2967 1782 3009 et
1813 2972 1971 3027 gene-

2071 1852 2489 1922 deplllerdarum
2527 1853 2837 1908 collocavit.
2867 1852 3133 1908 Praeterea
3169 1852 3350 1906 locum
3379 1850 3545 1902 alium
3573 1863 3661 1901 re-

2070 1946 2217 2012 degit
2253 1946 2306 1999 in
2344 1955 2696 2014 potestatem.
2756 1946 2849 2001 cui
2888 1961 3025 2001 non.
3058 1946 3221 2014 longe
3264 1959 3292 1998 a
3351 1941 3659 2010 Temircapi

2071 2039 2263 2094 dissito
2295 2053 2494 2093 nomen
2538 2047 2623 2092 est
2662 2038 3030 2092 Tabassaran.
3072 2037 3242 2089 Paulo
3291 2043 3411 2103 post
3459 2033 3659 2086 ibidem

2072 2141 2125 2186 ct
2166 2132 2324 2185 aliam
2354 2132 2630 2186 civitatem
2687 2132 2999 2200 occupavit,
3061 2142 3181 2199 qua
3215 2129 3399 2182 Cabba
3435 2127 3658 2181 dicitur.

2071 2223 2129 2280 ιιι
2160 2224 2416 2279 onmibus
2450 2224 2601 2279 hisce
2643 2223 2778 2279 locis
2806 2224 3204 2292 gubernatores
3246 2229 3301 2274 et
3353 2218 3662 2290 praefectos,

2074 2316 2289 2371 idoneis
2317 2331 2440 2371 cum
2472 2316 2767 2385 pmesidiis,
2798 2314 3069 2370 machinis
3118 2313 3351 2376 bellicis,
3395 2311 3561 2365 rebus
3596 2311 3662 2363 ad

2074 2421 2166 2460 eas
2199 2407 2527 2462 necessariis
2574 2408 2921 2477 annonisque
2965 2406 3209 2476 reliquit.
3249 2406 3411 2460 Turci
3442 2405 3660 2475 quidem

2072 2498 2248 2557 aiunt.
2307 2496 2602 2553 Osmanem
2658 2509 2854 2568 praeter
2903 2499 3136 2553 indicata
3186 2498 3300 2552 loca
3345 2507 3398 2552 et
3441 2497 3663 2566 oppida,

2073 2590 2387 2660 complures
2411 2590 2550 2644 alias
2570 2606 2789 2660 quoque
2813 2590 3064 2645 civitates
3097 2600 3152 2643 et
3181 2590 3403 2644 castella
3429 2588 3663 2658 cepisse.

2073 2681 2214 2748 Quin
2247 2683 2411 2737 etiam
2473 2690 2710 2747 constat,
2751 2681 3045 2736 Osmanem
3109 2681 3355 2741 bassam,
3409 2694 3553 2734 anno
3580 2694 3667 2733 se-

2073 2775 2259 2844 qm-nti
2311 2778 2587 2845 proximo,
2643 2791 2752 2843 quo
2808 2784 3054 2843 tempore
3124 2772 3662 2839 Constantinopolim

2074 2866 2371 2933 profectus,
2428 2881 2649 2921 manum
2702 2865 2927 2919 sultano
2972 2864 3166 2918 Murati
3215 2862 3662 2925 deosculabatur,

2075 2958 2216 3011 inter
2250 2957 2355 3010 alia
2387 2973 2640 3023 munera,
2685 2973 2809 3027 qua:
2854 2972 2952 3027 pro
2985 2957 3203 3012 sultano
3234 2955 3444 3010 Murate
3477 2970 3661 3010 secum

391 3058 524 3100 roso
552 3045 822 3113 Rudulpbi
849 3048 1074 3102 secundi
1130 3048 1362 3118 Augusti
1398 3049 1598 3118 legato,
1669 3047 1969 3103 Frederico
2000 3072 2041 3129 ρ
2077 3048 2392 3112 advexerat,
2425 3049 2603 3104 eidem
2639 3050 2902 3105 obtulisse
2964 3050 3348 3119 septemdecim
3386 3049 3507 3118 plus
3564 3048 3666 3101 mi-

392 3137 675 3204 Breinero,
716 3138 929 3194 Baroue
952 3138 1295 3206 Fladizzano,
1355 3139 1727 3195 inverecunde
1777 3140 1975 3209 praedi-

392 3239 572 3292 caret.
614 3245 701 3294 se,
731 3246 983 3300 suprema
1026 3246 1150 3285 cum
1217 3239 1492 3299 potestate
1546 3230 1852 3299 proiectum
1906 3229 1972 3284 ad

394 3321 691 3377 Persarum
725 3324 882 3388 ﬁnes,
925 3331 1137 3377 tantum
1175 3340 1229 3377 ιιι
1259 3324 1327 3378 iis
1359 3324 1497 3378 locis
1554 3338 1859 3391 occupasse
1892 3339 1975 3378 reo

396 3416 646 3484 gionum,
688 3425 747 3468 ut
781 3416 1132 3485 sangiacatus
1162 3415 1364 3471 ibidem
1404 3420 1803 3486 quinquaginta
1840 3429 1976 3468 con-

400 3508 656 3562 stituerit.
690 3507 747 3562 Id
780 3522 909 3562 vero
939 3519 1142 3576 quanta
1205 3523 1332 3563 cum
1392 3508 1636 3562 vanitate
1699 3506 1866 3561 fuerit
1909 3505 1979 3559 ab

402 3602 519 3668 ipso
549 3600 779 3663 dictum,
815 3601 898 3655 vel
931 3616 996 3655 ex
1027 3616 1093 3655 eo
1121 3611 1291 3669 patet,
1368 3600 1512 3669 quod
1572 3602 1829 3653 universa
1867 3596 1979 3650 itu-

400 3693 583 3759 mclia,
627 3706 731 3762 qua
766 3702 947 3747 tamen
976 3692 1335 3762 amplissimae
1365 3692 1686 3762 provinciae,
1741 3706 1840 3743 nec
1873 3704 1981 3743 uno

400 3802 429 3836 a
458 3782 653 3839 Turcis
721 3786 1008 3854 acquisita:
1052 3787 1278 3849 saeculo,
1330 3784 1588 3849 Thracia,
1636 3782 1981 3844 Macedonia,

402 3876 620 3938 Servia.
653 3876 927 3947 Bulgaria,
977 3877 1230 3943 Albania,
1263 3876 1573 3941 Thessalia,
1636 3875 1816 3929 Morea
1868 3875 1983 3929 sive

405 3972 838 4039 Pel0ponnesus,
884 3971 1087 4023 Achaia
1121 3973 1235 4024 sive
1293 3970 1541 4034 Livadia,
1612 3966 1814 4022 IElolia
1871 3966 1984 4021 sive

407 4062 735 4133 Dsspotatus
794 4078 917 4117 cum
979 4063 1103 4115 aliis
1164 4062 1537 4124 continentur,
1597 4060 1736 4112 ultra
1799 4057 1984 4126 viginti

405 4162 547 4211 duos
572 4157 1051 4225 sangiacatusnon
1112 4155 1327 4208 habeat.
1364 4154 1479 4209 imo
1530 4161 1770 4213 eunstat,
1830 4150 1988 4203 Sina-

407 4266 530 4303 nem
558 4249 613 4303 in
635 4249 699 4302 iis
720 4249 851 4303 locis
874 4248 1004 4302 nihil
1024 4248 1318 4301 admodum
1347 4244 1705 4299 memorabile
1728 4242 1987 4311 gessisse,

405 4344 512 4397 nisi
550 4343 693 4410 quod
730 4358 896 4394 unum
930 4350 983 4393 et
1022 4342 1250 4394 alterum
1274 4337 1713 4408 beglerbcgatum
1739 4334 1990 4387 institue'

2078 3158 2245 3197 nu5ve
2273 3143 2453 3197 claves
2484 3151 2792 3212 argenteas.
2834 3142 2901 3195 Et
2932 3141 3164 3209 singulis
3196 3141 3443 3195 clavibus
3467 3141 3662 3193 inseri.

2078 3244 2226 3302 ptum
2259 3248 2456 3287 nomen
2482 3242 2645 3287 certae
2670 3233 2906 3289 civitatis
2934 3241 3030 3285 aut
3061 3232 3293 3291 castelli,
3332 3232 3401 3284 ab
3424 3229 3667 3283 Osmane

2078 3324 2134 3375 in
2168 3333 2495 3391 potestatem
2533 3325 2761 3379 redacti.
2823 3324 3145 3389 Signiﬁcare
3193 3322 3449 3376 nimirum
3502 3322 3664 3388 hujus

2079 3417 2357 3472 oblatione
2411 3419 2540 3473 doni
2598 3417 2985 3487 septemdecim
3042 3416 3277 3470 clavimn
3332 3414 3570 3477 volebat,
3608 3430 3666 3467 se

2082 3511 2303 3565 totidem
2325 3512 2536 3580 cepisse
2565 3513 2643 3563 vel
2683 3510 2903 3579 oppida,
2940 3508 3024 3561 vel
3066 3522 3124 3559 ca
3140 3516 3268 3568 stra,
3312 3514 3447 3576 quot
3481 3516 3668 3560 essent

2084 3590 2215 3673 ipsa:
2238 3619 2470 3658 numero
2515 3604 2718 3657 claves.
2740 3602 2895 3668 Quod
2931 3602 3180 3671 equidem
3221 3600 3441 3654 memini
3472 3598 3665 3668 pleris-

2084 3710 2189 3764 que
2218 3695 2349 3749 viris
2378 3694 2764 3763 prudentibus,
2789 3701 2842 3746 et
2882 3708 3062 3747 rerum
3082 3691 3443 3745 Turciearum
3479 3692 3666 3757 gnaris

2088 3803 2431 3857 nequaquam
2485 3801 2610 3840 vero
2672 3786 2849 3839 visum
2898 3786 3075 3839 sin'iile
3135 3801 3149 3839 :
3202 3800 3326 3837 cum
3382 3784 3562 3851 potius
3603 3799 3665 3836 ca

2086 3895 2348 3950 pagorum
2383 3894 2508 3932 esse
2537 3878 2844 3946 judicareut
2891 3877 3134 3939 nomina,
3190 3891 3351 3945 quam
3391 3877 3473 3929 vel
3520 3878 3671 3943 oppi-

2088 3968 2409 4035 dorum,vel
2434 3969 2806 4022 castellorum.
2842 3966 2949 4021 Sed
2985 3968 3129 4020 enim
3163 3981 3260 4035 per
3292 3980 3378 4020 me
3436 3965 3664 4018 liberum

2090 4059 2192 4113 hac
2217 4061 2282 4113 de
2307 4074 2364 4111 re
2391 4057 2660 4127 judicium
2693 4055 2867 4110 cuivis
2899 4064 3037 4110 esto.

2160 4151 2297 4205 Cum
2329 4150 2417 4204 bic
2468 4165 2645 4203 rerum
2695 4149 2747 4202 in
2779 4150 2845 4203 iis
2880 4149 3011 4202 locis
3044 4163 3335 4202 successus
3364 4156 3528 4212 esset,
3561 4149 3628 4201 de
3652 4179 3667 4187 -

2091 4254 2203 4293 nuo
2230 4253 2359 4292 suos
2399 4239 2464 4292 ad
2502 4238 2778 4292 sultanum
2813 4237 3077 4292 Muratem
3134 4238 3281 4290 misit
3314 4238 3541 4302 Osman,
3577 4239 3669 4305 qui

2094 4339 2341 4399 peterent
2369 4339 2428 4384 ut
2450 4331 2750 4400 ipsummet
2778 4329 3013 4383 Tataria:
3075 4344 3257 4397 regem
3282 4328 3669 4382 Muchemetcm

407 4440 504 4490 rit.
538 4407 607 4488 At
638 4434 826 4504 quales
848 4430 1302 4503 bcglerbegatus?
1330 4407 1462 4482 Alba
1492 4427 1676 4482 Graeca
1716 4428 1795 4479 vel
1850 4425 1984 4478 Alba
2021 4407 2064 4462 I‘
2097 4422 2239 4479 ferre
2297 4423 2400 4477 sibi
2459 4422 2741 4492 suppetias
2794 4421 3030 4491 iuberet.
3091 4418 3241 4473 Fecit
3296 4421 3395 4472 hoc
3451 4419 3670 4487 quidem

409 4525 648 4594 regalis;
686 4524 1021 4594 Slrigonium
1079 4524 1165 4577 vel
1222 4520 1638 4590 Sigetivarum;
1689 4532 1811 4585 quae
1865 4516 1984 4569 loca

410 4618 824 4687 sangiacatuum
860 4615 1082 4667 nomine
1115 4610 1496 4666 tantummodo
1535 4618 1831 4662 censentur
1861 4608 1989 4661 bac-

412 4726 597 4773 tenus,
636 4722 781 4764 recte
805 4708 1173 4779 jud'cautium
1221 4706 1478 4775 opinione
1517 4704 1729 4772 singula
1794 4700 1989 4770 praefe-

415 4804 584 4856 renda
618 4803 843 4856 veniunt
874 4811 1115 4871 quatuor
1164 4796 1437 4868 ejusmodi
1478 4794 1558 4847 vel
1604 4794 1851 4862 quinque
1902 4794 1994 4844 be-

418 4892 990 4961 glerbcgatileident
1042 4891 1262 4961 quidem
1330 4898 1480 4942 certe
1517 4888 1616 4939 viri
1672 4886 1992 4954 prudentes,

421 5000 721 5053 rerumque
764 4982 1121 5038 Turcicarum
1180 4991 1235 5035 et
1281 4980 1499 5035 illorum
1566 4979 1752 5032 linium
1812 4977 1995 5046 periti,

420 5095 547 5133 cum
586 5080 801 5131 recitari
841 5087 919 5131 tot
954 5075 1369 5143 heglerbi-gatus
1407 5088 1595 5126 eol'um
1626 5072 1870 5125 locorum
1899 5084 1996 5121 au-

419 5164 1000 5235 diuntz'l‘ipblisium,
1026 5162 1402 5225 'l‘scbildirim,
1441 5161 1800 5225 Socbumam,
1859 5158 1997 5212 Car-

418 5274 601 5322 seum,
632 5258 985 5319 Batinum,et
1014 5256 1172 5309 alios.
1248 5254 1525 5307 lievunum
1583 5252 1741 5308 facile
1799 5264 1996 5305 nomen

424 5355 529 5406 hoc
567 5361 768 5406 llleittt‘.
800 5350 991 5404 Itidem
1027 5350 1317 5403 Sirvtlnuln
1340 5362 1555 5417 quoque
1584 5346 1998 5415 hcglerhegaltts

424 5446 643 5498 titulum
680 5452 1003 5506 ntelerelur,
1031 5441 1075 5495 si
1108 5440 1412 5495 'l'urcorum
1457 5449 1601 5493 esset
1634 5439 1684 5491 iu
1710 5446 2001 5504 potestate,

423 5535 887 5607 quemadmodum
926 5535 1082 5587 initio
1113 5534 1259 5597 belli,
1307 5532 1477 5585 ductu
1506 5530 1805 5600 Mustaphfe
1829 5529 2003 5583 bassa:

427 5630 629 5684 vcziris
695 5627 1116 5684 Osmanidarum
1173 5626 1405 5695 imperio
1470 5626 1649 5678 fuerat
1701 5622 1999 5692 adjectum.

432 5721 541 5777 Sed
576 5720 991 5793 bcglerbegatus
1044 5719 1224 5775 caeteri
1250 5718 1364 5774 suis
1391 5734 1512 5774 eum
1572 5715 1888 5784 terriloriis,
1936 5714 2003 5771 ad

2092 4515 2352 4572 Osmanis
2379 4524 2566 4585 rogatu
2602 4515 2863 4578 Murates,
2900 4513 2992 4567 sed
3036 4510 3268 4565 Talarus
3292 4511 3408 4565 suis
3442 4512 3675 4563 homini-

2094 4613 2195 4667 bus
2245 4613 2311 4667 ad
2366 4611 2631 4666 Muratem
2686 4609 2977 4676 ablegatis,
3023 4607 3193 4660 libere
3246 4606 3550 4675 respondit,
3612 4622 3671 4659 se

2098 4704 2358 4759 mandato
2392 4704 2619 4758 Muralis
2673 4700 3053 4771 superioribus
3107 4699 3269 4753 annis
3311 4699 3450 4752 duos
3481 4698 3676 4752 fratres

2097 4814 2226 4852 suos
2266 4813 2390 4852 cum
2430 4796 2615 4850 multis
2640 4795 2885 4849 millibus
2915 4793 3198 4847 hominum
3227 4792 3442 4847 misisse
3466 4790 3677 4845 Temir-

2098 4891 2277 4959 capim
2317 4906 2333 4946 :
2367 4904 2600 4958 quorum
2636 4901 2795 4940 nemo
2824 4902 2945 4939 cum
2977 4885 3161 4939 salvus
3186 4885 3404 4938 domum
3432 4883 3674 4943 redierit.

2099 4982 2263 5036 etiam
2317 4980 2546 5034 fratrum
2600 4979 2772 5031 altero
2814 4991 2979 5037 caeso,
3033 4977 3205 5028 altero
3262 4974 3313 5026 in
3365 4973 3676 5026 carceribus

2099 5074 2238 5140 apud
2269 5074 2457 5126 hostes
2489 5078 2722 5133 mortuo,
2752 5068 2922 5122 videri
2954 5067 3056 5121 sibi
3094 5081 3292 5119 novum
3327 5064 3493 5133 376
3516 5061 3674 5129 quid-

2101 5163 2589 5227 damctjnsolens,
2613 5177 2670 5215 se
2697 5158 3107 5229 quoqucjuberi
3134 5156 3349 5209 tandem
3381 5155 3447 5208 ad
3477 5154 3677 5206 bellum

2108 5261 2210 5310 hoc
2244 5253 2541 5324 proficisci,
2568 5251 2707 5321 quod
2745 5266 2838 5319 per
2866 5252 3073 5316 legatos
3106 5245 3219 5314 geri
3267 5246 3454 5313 possit.
3500 5244 3678 5297 Nihilo

2106 5360 2285 5404 tamen
2320 5348 2503 5401 minus
2544 5360 2621 5407 se,
2656 5342 2872 5410 quando
2924 5339 3160 5392 Muratcs
3208 5337 3279 5391 ita
3323 5352 3419 5406 pro
3456 5335 3537 5389 sui
3582 5350 3678 5389 au-

2108 5441 2360 5496 ctoritate
2390 5435 2600 5505 imperii
2633 5434 2972 5503 prmciperct,
2999 5439 3383 5497 suscepturum
3420 5428 3558 5480 banc
3585 5442 3679 5480 ex-

2108 5534 2437 5606 peditionem
2470 5548 2482 5582 :
2508 5527 2666 5581 modo
2684 5525 2786 5580 sibi
2810 5524 2946 5577 mitti
2976 5528 3195 5576 curaret
3218 5536 3390 5583 arma,
3421 5520 3678 5587 pecunias

2110 5628 2161 5681 in
2196 5626 2424 5679 militum
2451 5618 2743 5690 stipendia,
2788 5630 2911 5671 cum
2958 5615 3080 5669 aliis
3134 5615 3298 5667 rebus
3346 5612 3652 5666 necessaria

2124 5718 2382 5785 Muratcs,
2412 5722 2631 5783 accepto
2661 5709 2840 5765 Tatari
2876 5722 3163 5777 responso,
3190 5722 3302 5761 rem
3336 5721 3457 5760 cum
3490 5718 3681 5775 supre-

3539 276 3649 339 691
3736 270 3741 275 ”
