4026 6204
393 303 500 366 595

1616 295 1947 354 JOANNIS
1989 298 2457 358 LEILNCLAVII

3543 291 3650 354 696

391 426 480 466 n.o
511 408 828 464 consiliario
861 421 984 470 suo,
1015 405 1208 459 Siattse
1231 405 1417 468 bassa,
1451 415 1506 459 et
1538 420 1660 458 eum
1703 405 1969 458 llumcliae
1997 413 2036 462 Α
2072 403 2306 472 Ungaria
2338 406 2535 475 fuerat)
2577 418 2699 457 cttm
2743 400 3132 481 tituiqveziris
3181 399 3487 454 Osmanirae
3517 400 3651 456 Por-

385 503 500 557 sive
526 497 1161 573 GracigCadilescitero
1192 495 1476 551 deliberat.
1508 495 1568 550 ili
1600 511 1723 550 cum
1764 498 1810 552 ei
1841 511 1959 561 per-

385 591 698 653 suaderent,
729 604 849 652 esse
881 586 1080 640 Tataro
1127 585 1388 639 tttittenda
1425 585 1722 646 illiusmodi
1780 585 1961 639 subsi-

387 684 496 748 dia,
545 683 663 736 dari
691 680 858 747 jussit
892 677 1098 741 omnia.
1135 693 1254 746 qua:
1304 676 1445 730 bello
1502 677 1741 746 gerendo
1779 691 1961 730 neces-

387 774 532 827 saria
562 771 886 840 requireret.
947 770 1176 823 Centum
1232 768 1454 836 quidem
1489 769 1536 823 ei
1577 769 1747 823 missa.
1797 767 1962 822 fuisse

381 865 626 932 juntcnta
661 861 989 931 sagmataria
1019 860 1395 929 perhibentur,
1427 870 1652 915 onerata
1710 874 1962 913 nummu-

385 953 457 1007 lis
516 953 808 1020 argenteis,
871 967 1013 1019 quos
1090 966 1281 1019 aspt-os
1348 951 1710 1019 appellatione
1776 949 1966 1002 Graeca

390 1043 552 1098 Turei
584 1052 802 1100 vocant.
855 1041 1060 1096 Horum
1112 1057 1330 1096 summa
1372 1041 1700 1098 conficiebat
1743 1049 1961 1096 centum

386 1149 442 1190 et
469 1136 784 1204 oetuaginta
823 1136 990 1190 millia
1027 1135 1362 1194 thalerorum
1388 1133 1868 1198 Germanicorum,
1897 1130 1966 1185 ad

389 1246 580 1299 aspros
613 1229 887 1298 sexaginta
917 1237 1170 1284 revocato
1209 1227 1422 1282 titalerii
1470 1227 1667 1295 pretio,
1711 1226 1858 1296 quod
1913 1225 1964 1278 id

392 1322 657 1390 temporis
717 1323 844 1382 huic
885 1336 1112 1376 nummo
1169 1328 1429 1373 statutum
1494 1319 1713 1373 decreto
1767 1317 1965 1372 sultani

393 1413 622 1469 Muralis
685 1424 824 1468 erat.
903 1415 1161 1482 Adeoque
1248 1411 1482 1480 jumenti
1599 1410 1764 1472 unius
1826 1423 1968 1464 onus

395 1503 633 1560 tltaleros
701 1504 846 1560 mille
871 1519 994 1557 cum
1061 1501 1388 1570 octingentis
1450 1499 1784 1554 continebat.
1820 1496 1969 1552 Ilane

390 1599 587 1655 Tataro
617 1599 900 1667 pecuniam
946 1598 1112 1660 misit,
1165 1607 1362 1665 prmter
1413 1597 1517 1650 alia
1553 1597 1832 1658 donativa,
1885 1595 1969 1648 ni-

391 1688 589 1742 mirum
644 1700 820 1744 vestes
879 1702 942 1750 ex
1002 1704 1182 1757 panno
1243 1689 1526 1755 sericaque
1556 1687 1851 1755 confectas.
1915 1697 1968 1741 et

2067 508 2131 551 περ
2168 500 2481 566 summique
2527 495 2807 566 copiarum
2843 493 2999 548 ducis
3029 494 3082 547 in
3117 493 3223 547 illis
3263 494 3396 548 locis
3431 511 3445 548 :
3483 505 3652 562 atque

2064 593 2180 656 ipse
2212 591 2514 654 celeritate,
2572 604 2676 655 qua
2735 597 2920 656 posset
2972 587 3232 647 maxima.
3286 585 3528 654 Capham
3581 591 3650 640 ad

2065 683 2438 749 t-astigandum
2505 680 2766 734 Tatarum
2821 678 3285 749 proficisceretur.
3342 676 3474 732 Erat
3522 678 3652 731 huic

2067 771 2267 826 Tataro
2325 788 2520 826 nomen
2582 774 2909 834 Mttchemet,
2961 771 3124 825 Kerai
3177 771 3340 832 citan,
3385 769 3486 822 hor-
3541 781 3646 834 est,

2064 865 2428 920 Mueitemetes
2466 881 2555 918 rex
2581 865 2834 928 Keraius,
2879 865 2996 918 sive
3044 865 3398 917 Keraiorunt.
3438 866 3642 917 Usman

2065 957 2224 1010 Lassa
2251 957 2507 1011 mandato
2537 957 2764 1010 M—ttratis
2786 967 3028 1023 accepto,
3059 955 3328 1023 quidquid
3359 957 3426 1008 ab
3455 970 3520 1008 eo
3545 955 3648 1007 sibi

2068 1046 2253 1100 fuisset
2312 1047 2647 1117 iniunctum,
2702 1047 2847 1098 fecit.
2914 1045 3126 1113 Quippe
3173 1044 3414 1111 Capham
3474 1043 3654 1112 profe-

2066 1149 2210 1203 Ctus,
2242 1149 2408 1196 totam
2436 1139 2559 1194 istic
2591 1140 2822 1192 hiemem
2849 1137 2992 1192 illam
3015 1137 3299 1205 transegit.
3327 1135 3464 1190 Cum
3492 1146 3651 1190 aestas

2067 1227 2407 1296 appetiisset,
2435 1241 2578 1280 anno
2597 1226 2696 1281 991
2734 1225 2886 1296 (Chr.
2915 1224 3076 1290 1584)
3131 1224 3278 1278 misit
3309 1237 3374 1277 eo
3397 1223 3650 1278 sultanus

2071 1319 2306 1374 Muratcs
2332 1318 2550 1372 fratrem
2581 1316 2935 1371 Muchemctis
2961 1315 3168 1379 Tatari,
3194 1316 3281 1368 cui
3312 1330 3508 1367 nomen
3533 1324 3650 1367 erat

2072 1412 2211 1465 Idan
2236 1412 2398 1466 chan.
2433 1413 2479 1466 Is
2510 1411 2773 1464 hactenus
2813 1408 3202 1466 asservabatur
3233 1409 3374 1469 apud
3406 1407 3648 1460 Iconium

2073 1504 2261 1576 urbem
2313 1505 2475 1558 Asite.
2527 1503 2680 1557 Nunc
2721 1518 2850 1558 vero
2878 1503 3120 1572 Capitam
3157 1514 3224 1554 eo
3262 1500 3497 1554 consilio
3528 1499 3650 1552 tuit-

2074 1596 2308 1654 tebatur.
2338 1606 2397 1650 ut
2436 1594 2638 1648 Osman
2681 1595 2841 1649 bassa
2875 1603 3069 1647 necato
3099 1593 3440 1646 Muchemete
3469 1605 3647 1657 regem

2075 1689 2219 1742 hunc
2249 1687 2460 1742 Keraiis
2495 1684 2710 1741 Tataris
2767 1687 2887 1740 loco
2917 1684 3278 1738 Muchemetis
3307 1682 3484 1736 daret.
3513 1682 3646 1736 Cttm

389 1777 572 1846 omnis
599 1779 813 1846 generis
841 1794 1021 1853 arma.
1051 1779 1203 1832 Sciat
1241 1787 1422 1832 autem
1456 1780 1644 1841 lector,
1680 1789 1967 1848 propterea
2000 1767 2040 1824 Β
2075 1780 2248 1835 lsiane
2299 1779 2478 1833 chane
2512 1777 2743 1832 Muralis
2795 1777 3056 1832 mandato
3085 1776 3326 1845 Caphant
3373 1774 3651 1842 navigavit

337 1947 352 1954 _
393 1869 566 1925 fuisse
599 1870 795 1924 Murali
847 1873 1076 1936 ettanetn
1109 1871 1254 1926 hunc
1280 1869 1605 1944 Iatarorum
1649 1870 1964 1930 “ueheme-

392 1971 500 2030 tetn
559 1962 856 2034 obligatum
902 1963 972 2018 sd
1008 1962 1324 2034 ducendas
1383 1962 1749 2029 mittendasye
1799 1963 1965 2027 domo

391 2067 619 2121 suorum
647 2054 860 2124 copias,
884 2053 938 2108 in
963 2067 1350 2126 quemcunque
1399 2054 1576 2114 visunt
1607 2051 1804 2122 ηιμ-ιιί
1831 2052 1967 2110 fuis-

392 2143 742 2208 set-hostem.
776 2152 838 2213 et.
865 2159 1196 2216 quocunque
1223 2153 1493 2214 mpero,
1554 2143 1709 2215 quod.
1733 2144 1966 2215 singulis

391 2236 551 2296 annis
589 2252 653 2290 eo
688 2237 906 2296 nomine
949 2251 1050 2306 pro
1083 2250 1142 2290 se
1171 2236 1394 2306 suisque
1429 2237 1663 2304 ducibus
1695 2237 1966 2307 acciperet

390 2341 422 2379 a
453 2324 661 2386 Murate
687 2341 954 2381 summam
983 2327 1341 2394 ducentorum
1393 2325 1514 2394 plus
1545 2324 1792 2384 minusve
1837 2324 1965 2382 mil-

393 2415 524 2486 lium
557 2418 957 2472 sultaninorunt
983 2434 996 2470 :
1028 2427 1221 2488 printer
1247 2420 1526 2488 impensas
1550 2417 1797 2482 diurnas,
1828 2433 1964 2484 qna—

396 2525 514 2576 rutn
547 2509 595 2563 ei
655 2512 896 2574 nomine,
949 2526 1048 2578 pro
1099 2526 1254 2566 more
1306 2512 1565 2575 Turcico,
1621 2511 1866 2581 singulos
1912 2513 1965 2564 itt

391 2602 508 2660 dies
533 2602 680 2670 aspri
711 2603 858 2660 mille
905 2605 1356 2660 numerabantur.
1395 2604 1631 2660 Tatarus
1667 2605 1756 2659 ubi
1787 2623 1815 2657 a
1853 2604 1968 2658 tlin-

392 2703 528 2759 rate,
596 2710 719 2763 quae
763 2695 1024 2760 diximus,
1080 2695 1406 2765 accepisset,
1465 2695 1698 2768 Crimio,
1745 2695 1968 2750 civitate

391 2787 650 2855 regiaque
683 2802 806 2848 sua,
857 2788 1118 2853 discedit,
1155 2802 1324 2857 seque
1372 2787 1731 2858 Temircapim
1784 2803 1968 2858 perre-

393 2889 608 2943 eturum
631 2878 873 2941 sitnolat.
907 2878 1011 2938 Sed
1052 2879 1328 2948 aliquanto
1360 2881 1538 2949 spatio
1571 2896 1891 2950 progressus
1936 2896 1966 2934 a

392 2968 616 3036 Crimio,
645 2970 872 3033 domum
913 2970 1226 3034 revertitur,
1285 2985 1408 3024 cum
1445 2970 1606 3023 modo
1643 2969 1760 3023 suis
1799 2969 1850 3022 id
1907 2984 1967 3022 se

396 3060 577 3128 facere
614 3061 839 3128 diceret,
891 3060 962 3129 ob
1013 3063 1144 3115 anni
1208 3069 1580 3130 tempestates,
1641 3060 1963 3129 profectioni

397 3156 694 3220 adversas;
731 3153 895 3208 modo
916 3153 1248 3222 suspicionis
1277 3169 1464 3218 causa,
1492 3167 1656 3222 quam
1689 3153 1755 3208 de
1791 3152 1971 3208 fratri-

397 3247 500 3306 bus
548 3245 666 3302 suis
724 3245 1070 3315 concepisset
1094 3264 1117 3310 ;.
1152 3244 1316 3299 modo
1357 3255 1578 3314 propter
1628 3244 1970 3310 Cosalgorum

394 3345 578 3406 motus
635 3337 739 3407 (sic
765 3336 1110 3411 appellantur
1138 3335 1192 3390 in
1219 3335 1534 3391 Moldavicis
1561 3337 1974 3407 Valachicisque

395 3425 617 3486 finibus.
649 3425 743 3495 qui
784 3410 1082 3491 ilartelosi,
1113 3424 1370 3490 Uscochi,
1407 3423 1668 3489 Morlachi
1715 3426 1975 3481 dicuntur

399 3522 452 3572 in
488 3517 799 3587 Ungaricis,
837 3517 1113 3576 Croatinis
1153 3529 1208 3573 et
1256 3516 1578 3573 Dalmatinis
1611 3532 1636 3574 ι
1677 3516 1793 3582 nisi
1827 3515 1974 3586 quod

397 3610 606 3678 majore
643 3624 871 3663 numero
899 3609 1094 3664 Cosaki
1137 3625 1248 3664 rem
1282 3609 1525 3680 gerunt),
1553 3607 1650 3678 qui
1697 3608 1976 3670 contemni

397 3715 508 3754 non
546 3707 784 3768 possent,
814 3713 940 3752 cum
972 3713 1079 3752 non
1121 3699 1328 3764 dudum
1361 3697 1497 3765 adeo
1525 3682 1976 3769 PotocovaPolo-

397 3805 471 3844 no
497 3789 656 3855 duce,
695 3787 982 3842 finitimam
1014 3788 1116 3844 sibi
1155 3787 1500 3854 Benderiam,
1535 3786 1977 3857 Osmanicijuris

402 3883 686 3954 oppidum,
721 3896 912 3936 vetsus
939 3880 1162 3949 Nigrum
1204 3896 1354 3936 mare
1385 3862 1574 3946 situtn,
1604 3881 1848 3951 ceperint
1897 3889 1979 3934 at-

399 3990 508 4042 que
585 3972 909 4041 diripuerint
943 3991 956 4028 :
990 3988 1146 4027 nune-
1188 3974 1284 4035 ltas
1333 3974 1591 4044 denique,
1657 3990 1800 4042 nunc
1856 3975 1978 4028 illas

398 4081 595 4136 causas
617 4077 676 4129 et
718 4065 1108 4121 excusationes
1163 4051 1528 4134 prietendens,
1568 4067 1975 4135 expeditionem

403 4159 599 4214 Murali
636 4158 960 4228 promissam
995 4173 1103 4210 non
1143 4157 1404 4227 snserpit.
1441 4157 1702 4226 Equidem
1749 4158 1816 4212 de
1847 4158 1979 4218 viris

401 4248 764 4320 sapientibus,
793 4259 846 4303 et
877 4247 1123 4303 Turcicte
1153 4247 1530 4314 ft-audttlentiat
1554 4247 1760 4316 gnaris,
1787 4245 1982 4305 audire

404 4343 667 4406 memini,
715 4343 1035 4406 conclusum
1089 4341 1144 4395 in
1204 4340 1432 4402 Lluratis
1492 4339 1664 4408 fuisse
1711 4339 1978 4405 consilio,

402 4432 665 4488 Tatarum
699 4433 940 4500 Chanem
997 4433 1188 4502 proeul
1235 4433 1300 4498 ad
1333 4442 1592 4486 remotas
1622 4431 1742 4485 illas
1789 4430 1981 4499 regio-

406 4542 502 4581 nes
525 4526 886 4601 ablegandutn
922 4543 942 4599 ελ
969 4535 1025 4578 ut
1076 4523 1321 4588 interim,
1355 4525 1482 4577 duttt
1519 4525 1736 4578 abesset
1789 4522 1975 4589 domo,

405 4634 633 4686 regnum
662 4619 802 4685 ejus,
838 4617 990 4686 quod
1018 4618 1182 4678 etiam
1208 4619 1500 4685 eteteroqui
1529 4614 1728 4670 sultani
1752 4613 1979 4668 adoratis

404 4707 775 4763 contineretur
808 4707 1056 4777 imperio,
1084 4709 1138 4764 itt
1184 4707 1416 4777 formam
1451 4707 1864 4775 beglerbegatus
1899 4721 1980 4760 rc-

403 4800 702 4868 digeretur.
758 4800 836 4852 Ac
883 4799 1000 4852 ticri
1064 4807 1264 4868 potest,
1307 4799 1406 4856 has
1456 4815 1578 4862 eum
1627 4797 1981 4865 subolfecisse

404 4890 708 4957 'l‘urcorutn
744 4888 991 4951 insidias,
1023 4888 1255 4959 ideoque
1284 4888 1641 4959 profectionis
1689 4889 1978 4953 consilium

405 4993 666 5047 mutasse,
704 4983 904 5035 nedum
952 4981 1146 5036 alienis
1179 4982 1443 5049 augendis
1485 4991 1539 5036 et
1590 4981 1980 5044 conservandis

405 5081 650 5133 intentus
697 5084 860 5138 esset,
929 5075 1164 5144 prepriis
1210 5083 1520 5129 exueretur.
1579 5072 1708 5128 Utut
1746 5089 1869 5129 sese
1896 5088 1980 5128 res

406 5171 623 5236 habeat,
658 5167 893 5224 Murates
922 5167 1206 5236 aegerrime
1238 5166 1442 5237 ferens,
1472 5168 1576 5220 hoc
1622 5167 1793 5234 modo
1829 5165 1982 5219 delu-

403 5275 526 5315 sum
576 5275 633 5313 se
667 5268 871 5312 tantam
906 5272 1029 5312 cum
1057 5255 1321 5325 pecuniat,
1365 5265 1478 5309 tuttt
1536 5253 1763 5315 aliarum
1799 5269 1978 5325 rerum

399 5351 672 5423 jacturam
703 5350 917 5417 fecisse,
977 5348 1220 5420 cogitare
1254 5364 1377 5402 cum
1415 5349 1612 5416 animo
1647 5362 1747 5401 suo
1774 5346 1840 5399 de
1865 5346 1991 5411 vin-7

402 5440 548 5495 dicta
581 5441 766 5512 erepit.
795 5441 980 5510 Itaque
1013 5442 1328 5495 mandatum
1357 5438 1424 5494 ad
1444 5438 1734 5492 Osmanem
1761 5436 1979 5508 bassam

408 5534 596 5598 tttittit,
627 5551 738 5604 quo
781 5534 1149 5604 praecipiebat,
1181 5543 1240 5588 ut
1263 5533 1336 5587 ibi
1361 5533 1596 5602 primum
1625 5529 1674 5584 id
1703 5529 1805 5598 ipsi
1829 5545 1981 5582 man-

404 5625 592 5678 datum
617 5626 906 5682 offerretur
935 5644 947 5680 :
972 5627 1093 5681 istic
1109 5645 1208 5682 suo
1228 5629 1346 5681 loco
1361 5627 1688 5695 relinqueret
1708 5621 1980 5678 Gial'eretn

406 5719 625 5777 iussam
685 5719 756 5790 (is
810 5720 1104 5792 aliquando
1152 5719 1466 5777 'I'etnesvat'i
1503 5717 1859 5790 bcglcrbtgus
1923 5718 1980 5774 in

2069 1869 2316 1928 Uluzalis
2345 1869 2640 1939 prrefectus
2672 1869 2862 1934 maris,
2897 1883 3024 1925 cum
3066 1867 3278 1936 aliquot
3311 1867 3649 1931 triremibus,
3711 1856 3722 1864 ’

2067 1979 2167 2019 nec
2221 1963 2489 2020 mediocri
2541 1963 2925 2038 genizarorutn
2975 1962 3154 2014 Portet
3203 1959 3650 2027 sclopetariornm

2068 2057 2347 2128 praesidio.
2374 2056 2674 2124 Postquam
2711 2055 2764 2110 hi
2798 2053 3042 2123 Capham
3068 2051 3432 2122 appulissent.
3465 2050 3651 2105 infelix

2069 2150 2160 2205 ille
2187 2148 2562 2209 ﬂuchemetes
2611 2149 2752 2202 eltan
2810 2145 3059 2201 desertus
3089 2160 3118 2198 a
3151 2144 3286 2209 suis,
3331 2153 3386 2199 et
3430 2143 3652 2214 potissi-

2069 2257 2215 2298 mum
2248 2242 2494 2309 proditus
2527 2255 2556 2294 a
2585 2238 2778 2293 Kihaia
2839 2237 2954 2295 sive
2987 2236 3242 2306 praefecto
3297 2236 3468 2290 curiae
3515 2249 3650 2299 sum,

2068 2332 2381 2386 Turcorum
2443 2331 2497 2385 itt
2544 2345 2741 2385 manus
2789 2331 2981 2383 venit:
3017 2337 3069 2382 et
3118 2327 3186 2380 ab
3225 2327 3326 2389 eis,
3371 2341 3474 2378 una
3526 2339 3652 2378 cum

2068 2425 2282 2479 duobus
2325 2425 2471 2488 ﬁliis,
2501 2425 2639 2479 eliso
2668 2433 2888 2493 gutture
2916 2421 3284 2486 strangulatus
3311 2419 3431 2472 fttit.
3461 2419 3652 2483 lucius

2069 2518 2250 2570 locum
2295 2532 2420 2570 mox
2452 2517 2520 2570 ab
2555 2516 2710 2584 ipsis,
2750 2513 2968 2568 nemine
3013 2514 3341 2582 refragante,
3391 2510 3653 2564 suffertus

2069 2618 2154 2661 est.
2181 2608 2322 2662 Islan
2361 2610 2525 2673 chon,
2562 2623 2625 2662 ex
2662 2608 2886 2662 decreto
2913 2605 3112 2660 sultani
3158 2604 3402 2673 Mnratig,
3457 2612 3515 2655 ιιι
3547 2600 3650 2655 Ke-

2071 2699 2310 2759 raiorum
2335 2701 2661 2754 Talarorum
2695 2702 2834 2755 chan
2865 2699 2981 2754 sive
3009 2713 3099 2752 rex
3131 2707 3300 2752 esset.
3327 2695 3483 2749 A‘lius
3526 2695 3653 2763 qui-

2070 2796 2194 2850 dam
2225 2794 2369 2849 filius
2420 2793 2540 2862 ejus
2578 2792 2646 2846 ad
2709 2790 3040 2860 Nogaiorum
3085 2791 3410 2843 'l‘atarorum
3455 2786 3654 2856 princi—

2071 2899 2216 2953 pem,
2241 2899 2494 2939 socerum
2522 2898 2706 2945 suum,
2754 2879 3018 2949 profugit.
3063 2879 3389 2933 Mucltemcti
3432 2876 3648 2944 quidem

2071 2990 2182 3030 non
2239 2975 2535 3038 immerito,
2589 2981 2812 3042 propter
2865 2972 3196 3042 tmpietatem
3256 2985 3382 3036 erga
3444 2978 3683 3036 patrent.

2073 3066 2415 3128 exercitam,
2475 3063 2746 3129 ejusmodi
2812 3077 2964 3117 mors
3022 3061 3287 3130 obtigisse
3347 3059 3653 3112 \erosim-Ie

2075 3158 2308 3211 videtur.
2338 3156 2473 3209 Nam
2503 3170 2624 3210 cum
2670 3155 2716 3209 is
2743 3154 2895 3209 senio
2949 3153 3252 3217 confectus,
3303 3151 3492 3215 parum
3547 3151 3654 3201 lilio

2078 3253 2362 3316 putaretur
2387 3244 2455 3298 ad
2503 3242 2955 3313 gubernationem
2992 3240 3258 3301 itio::etts,
3307 3253 3409 3306 ope
3452 3235 3649 3288 sultaui

2076 3337 2297 3393 'l‘ttrcici
2331 3345 2539 3404 patrem
2569 3334 2828 3408 abdicare
2867 3348 2927 3388 se
2957 3345 3127 3401 regna
3158 3338 3408 3397 coegerat
3438 3327 3654 3380 Muclu-

2078 3438 2270 3489 metis.
2304 3427 2465 3496 idque
2516 3441 2642 3481 mox
2709 3425 2764 3480 in
2830 3439 2892 3480 se
2967 3423 3380 3478 transtulerat:
3445 3419 3658 3472 Tataris

2078 3519 2303 3577 fratrem
2359 3519 2481 3588 ejus
2547 3515 2777 3573 lslanem
2834 3515 3066 3571 cltancm
3127 3511 3513 3582 poscentibus,
3569 3509 3656 3564 cui

2077 3624 2229 3685 pater
2261 3612 2428 3669 etiam
2485 3610 2660 3680 magis
2697 3607 2936 3665 favebat.
2962 3606 3103 3663 Islan
3157 3620 3276 3660 cum
3316 3605 3424 3658 alio
3469 3604 3654 3666 fratre,

2077 3717 2211 3760 natu
2278 3707 2514 3768 minore,
2571 3702 2905 3757 Polonorum
2966 3700 3032 3754 ad
3091 3714 3273 3767 regem
3324 3697 3657 3767 Stephanum

2079 3795 2381 3860 Batorinm,
2437 3793 2688 3848 fraternae
2715 3790 3054 3846 crudelitatis
3105 3797 3274 3849 metu,
3305 3803 3364 3843 se
3407 3787 3656 3842 contulit.

2079 3887 2288 3957 Rogato
2359 3883 2716 3940 Muchemetis
2768 3882 3017 3938 sultanus
3081 3880 3349 3935 Turciens
3393 3878 3656 3933 Polontttn

2080 3999 2261 4054 regem
2296 3990 2472 4048 urget,
2504 3980 2578 4034 uti
2615 3978 2719 4033 sibi
2753 3977 3102 4032 dederentur.
3143 3974 3304 4044 377
3343 3974 3472 4027 Erat
3519 3970 3657 4040 apud

2080 4074 2291 4130 Turcos
2347 4073 2790 4142 Transsylvanus
2840 4069 3084 4137 quidam,
3157 4066 3453 4120 Marchatzi
3531 4065 3660 4118 Paul

2083 4168 2244 4236 vulgo
2267 4167 2467 4230 dictus,
2500 4165 2552 4219 id
2579 4174 2662 4219 est
2699 4162 2898 4216 Paulus
2921 4161 3310 4220 .‘llarchatzius,
3354 4159 3446 4226 qui
3499 4159 3660 4212 rebus

2083 4257 2508 4327 Transsylvanis
2539 4253 2832 4308 insidiatus
2865 4251 3062 4304 fuerat.
3100 4250 3244 4302 Eum
3273 4250 3511 4302 vit-issim
3541 4265 3662 4312 ρυε-

2081 4352 2227 4406 centi
2253 4349 2366 4418 regi
2391 4363 2520 4416 spes
2549 4346 2728 4414 aliqua
2754 4343 3052 4398 deditionis
3083 4344 3244 4396 facta.
3297 4340 3658 4405 Qllltlltttltt':1ll

2017 4453 2056 4507 ι)
2089 4441 2320 4496 Tataros
2359 4439 2554 4492 fratres
2592 4438 2808 4492 sultano
2842 4435 3025 4496 mittit,
3055 4434 3147 4502 qui
3178 4443 3357 4486 tamen
3389 4429 3654 4484 Polemi...

2085 4532 2420 4595 ludificatus,
2451 4527 2718 4599 promisso
2739 4543 2848 4580 non
2872 4526 3044 4580 stetit.
3070 4526 3274 4578 Auctor
3299 4523 3440 4576 enirn
3468 4524 3662 4574 dedi-tt-

2081 4624 2154 4680 do
2181 4623 2302 4687 fuit,
2337 4630 2393 4676 ut
2432 4621 2962 4676 musultnanissaret.
2995 4617 3147 4684 Quod
3183 4633 3305 4670 cum
3340 4617 3386 4670 is
3420 4615 3658 4675 fecisset,

2087 4714 2348 4784 religione
2401 4728 2460 4767 se
2498 4711 2775 4781 prohiberi
2828 4709 3067 4764 Murates
3113 4707 3317 4763 Polono
3358 4707 3658 4776 respondit,

2084 4807 2384 4879 quominus
2429 4804 2838 4859 Musnlmanum
2880 4801 3191 4857 Christiano
3234 4802 3299 4856 ad
3332 4800 3658 4868 supplicium

2086 4899 2328 4954 dederet.
2385 4896 2500 4964 Ipse
2528 4894 2745 4963 quidem
2781 4892 3148 4947 lllarcltatzius
3190 4903 3434 4960 apostata
3470 4905 3661 4958 super-

2085 4992 2200 5036 Stcs
2224 4981 2402 5034 adhuc
2422 4990 2525 5044 est,
2585 4979 2836 5033 Babotza:
2873 4979 3182 5049 praefer-tus,
3235 4981 3375 5032 haud
3423 4978 3658 5049 procula

2086 5066 2293 5136 Zigeto,
2362 5077 2415 5121 et
2463 5067 2697 5123 lbraltim
2736 5069 2834 5136 heg
2887 5067 3082 5121 Turcis
3144 5082 3285 5122 nunc
3340 5069 3658 5138 appellatur.

2084 5161 2304 5220 Tataris
2355 5162 2618 5218 fratribus
2684 5162 3161 5233 Constantinopoli
3221 5165 3544 5233 degentibus
3606 5165 3657 5217 in

2085 5254 2248 5308 domo
2273 5253 2453 5308 Zausii
2493 5255 2776 5322 cujusdam
2809 5255 3011 5322 Ungari
3040 5255 3208 5319 senis,
3239 5256 3362 5322 fuga
3396 5265 3523 5310 natu
3562 5256 3660 5310 nti-

2088 5362 2186 5400 nor
2220 5349 2285 5400 ad
2319 5347 2511 5400 Persas
2528 5346 2757 5416 elabitur
2792 5363 2805 5400 :
2847 5347 3006 5415 cujus
3053 5349 3361 5417 exemplum
3415 5365 3480 5403 ne
3517 5347 3656 5403 ls'an

2087 5436 2424 5499 imitaretur,
2483 5437 2735 5490 llltodum
2794 5437 3030 5505 primttnt
3095 5440 3409 5492 triremibus
3465 5439 3657 5508 depor-

2090 5537 2264 5583 tatur:
2294 5529 2420 5583 inde
2445 5529 2773 5582 transfertur
2802 5528 3064 5589 lconium.
3093 5528 3290 5583 ibidem
3322 5540 3658 5594 asservatus,

2086 5621 2260 5676 donec
2325 5619 2542 5674 tandem
2603 5618 2780 5676 factus
2837 5621 3007 5682 liber,
3068 5620 3223 5674 fratri
3296 5619 3655 5682 Mucltentcti,

2087 5697 2550 5785 quemadmodum
2604 5712 2716 5784 jam
2773 5711 3161 5779 indicavimus,
3213 5713 3658 5770 substitueretur.
