4026 6204
360 307 464 367 697

1467 322 1848 384 SUPPLEM.
1881 328 2160 388 ANNAL.
2201 327 2504 391 TURCIC.

3493 341 3598 406 698

425 425 692 518 Czrterum
728 426 890 518 rebus
943 443 1008 482 ex
1044 431 1208 484 animi
1251 438 1521 489 sententia
1553 440 1777 501 curratis,
1815 439 1918 494 Os-
1953 449 1995 501 A
2023 444 2268 512 stigaret,
2310 445 2600 500 Osmanem
2658 448 2896 511 bassam,
2938 449 3028 516 qui
3057 445 3312 518 supremo
3343 466 3466 505 cum
3500 457 3600 509 im~

361 531 485 570 man
520 515 697 578 bassa,
736 517 1012 586 marisque
1073 520 1358 589 praefectus
1417 523 1676 589 Uluzslis,
1735 527 1927 581 trium-

354 609 633 680 phabundi
661 610 1190 682 Constantinopolim
1219 617 1422 670 reversi
1453 625 1601 674 sunt.
1635 616 1766 674 Post
1796 635 1930 688 pau-

354 717 454 757 cos
487 702 606 758 dies
635 701 861 758 Siauses
913 703 1100 771 bassa,
1154 721 1279 760 cum
1315 704 1450 764 alias
1503 709 1573 764 ob
1613 725 1812 767 causas
1840 727 1928 766 se-

354 796 646 858 cretiores,
680 806 795 848 tum
829 811 958 850 vero
998 798 1146 867 quod
1184 798 1569 856 mittendorum
1605 802 1806 858 Tataro
1832 818 1926 872 pc~

352 889 531 944 cuniaa
561 889 1007 958 reliquorumque
1060 893 1432 949 subsidiorum
1484 905 1673 951 auctor
1727 897 1923 953 Murali

351 979 556 1046 fuerat,
577 989 635 1034 ut
663 988 824 1036 antea
845 983 1209 1049 narravimus,
1234 984 1726 1044 intervenientibus
1755 990 1917 1044 etiam

345 1072 582 1128 occultis
616 1071 880 1128 adversus
906 1071 1196 1129 Osmanem
1219 1077 1547 1142 inimicitiis,
1588 1097 1706 1147 quae
1731 1092 1923 1152 postea

342 1161 637 1230 patefactis
662 1161 905 1225 fuerunt,
936 1179 966 1218 a
991 1167 1422 1222 vezirazematus
1454 1170 1630 1224 oﬂicio
1654 1181 1920 1234 remotus,

345 1251 585 1319 ejusque
635 1253 752 1307 loco
813 1254 1064 1323 princeps
1113 1257 1311 1310 sultani
1347 1258 1694 1315 consiliarius
1744 1260 1920 1317 factus

343 1353 432 1398 est
465 1343 663 1397 Osman
688 1345 868 1409 bassa,
899 1345 1058 1400 facile
1081 1345 1384 1403 Turcorum
1427 1351 1692 1416 omnium,
1727 1367 1923 1407 secun-

346 1440 482 1488 dum
527 1435 873 1498 Osmanidas,
906 1436 1278 1494 nobilissimus
1306 1455 1320 1494 :
1359 1441 1504 1508 quod
1534 1449 1686 1508 patre
1721 1441 1917 1497 Dama.

347 1541 518 1583 sceno
577 1527 924 1597 beglerbego,
961 1537 1135 1582 matre
1170 1530 1481 1602 beglerbcgi
1526 1533 1919 1600 Bagadatensis

346 1619 464 1674 sive
503 1618 786 1689 Babylonii
842 1620 949 1675 filia
978 1630 1137 1676 natus
1165 1632 1333 1678 esset.
1367 1624 1482 1680 lloc
1532 1627 1749 1696 quidem
1801 1641 1919 1682 me—

349 1713 636 1775 morabile,
679 1713 822 1780 quod
857 1713 1080 1769 Siauses
1109 1715 1162 1769 in
1188 1717 1405 1786 publico
1423 1718 1622 1772 divano
1655 1719 1917 1772 condem-

2025 535 2179 604 perio
2203 535 2544 589 terrestrium
2579 536 2861 606 capiarum
2921 537 3028 591 dux
3063 537 3115 591 in
3149 539 3216 593 iis
3259 540 3395 594 locis
3430 554 3595 622 esset,

2025 626 2313 694 ablegavit.
2348 624 2483 680 Eum
2519 626 2574 680 in
2605 627 2804 681 castris
2839 626 2905 679 ad
2937 625 3330 684 Chalcedonem
3357 647 3479 686 cum
3509 649 3599 688 sc-

2024 719 2246 788 xaginta
2299 717 2422 786 plus
2478 717 2728 772 minusve
2779 717 3010 772 millium
3060 721 3304 775 exercitu
3337 724 3594 790 vidimus,

2026 809 2169 863 unde
2192 816 2375 877 postea
2410 824 2506 877 per
2543 809 2875 875 Anatoliam,
2904 809 3018 864 sive
3068 811 3252 864 Asiam
3304 814 3593 879 minorem.

2023 901 2128 957 iter
2164 901 2290 956 fecit
2326 902 2470 958 :hoe
2493 912 2596 967 est,
2638 904 2900 958 lseodara
2928 903 3382 974 Chalcedoneque
3415 908 3595 977 profr-

2023 1005 2145 1050 ctus
2167 1005 2251 1050 cst
2278 995 2471 1051 itinere
2492 997 2738 1052 terresui
2761 996 3001 1066 Sinopen
3023 1012 3234 1063 versus,
3262 1009 3320 1053 ut
3344 1000 3468 1055 inde
3488 1000 3595 1056 Ca-

2022 1086 2186 1158 pham
2219 1102 2315 1156 per
2347 1087 2620 1142 Euxinum
2673 1088 3042 1158 trausjieeret.
3076 1090 3182 1144 Sed
3215 1095 3361 1160 quod
3403 1093 3511 1147 illis
3537 1095 3590 1148 in

2022 1179 2356 1247 regionibus,
2391 1177 2564 1232 Ponto
2592 1179 2815 1244 vicinis,
2847 1180 3038 1251 ingens
3075 1189 3188 1237 tum
3225 1183 3398 1253 frigus
3423 1196 3589 1245 esset.

2022 1270 2220 1325 maluit
2248 1271 2315 1325 ad
2352 1271 2612 1342 oppidum
2642 1270 3036 1327 Castamonam
3079 1275 3404 1339 subsistere,
3442 1280 3582 1346 quod

2021 1376 2130 1415 non
2162 1364 2353 1430 procul
2387 1378 2416 1417 a
2449 1363 2654 1432 Sinope
2708 1366 2874 1419 situm
2937 1367 3132 1421 itinere
3177 1370 3587 1435 quatuordecbn

2023 1455 2104 1508 vel
2155 1456 2466 1522 quindecim
2523 1458 2735 1512 dierum
2795 1458 3487 1529 Constantiuopolidistat,
3531 1470 3592 1514 ut

2026 1549 2144 1604 istis
2171 1565 2344 1617 usque
2374 1551 2437 1603 ad
2463 1552 2602 1605 veris
2633 1551 2846 1605 initium
2882 1552 3220 1609 hibernaret.
3249 1553 3438 1608 Itidem
3474 1570 3589 1607 ma-

2021 1640 2098 1694 ris
2128 1641 2412 1709 praefectus
2447 1640 2711 1705 Utuzalis,
2763 1644 2854 1712 qui
2894 1659 3016 1697 eum
3059 1645 3378 1700 triremibus
3409 1646 3473 1698 ad
3499 1644 3590 1698 Ni-

2020 1747 2174 1802 grum
2204 1747 2355 1785 mare
2388 1734 2467 1787 vel
2516 1732 2788 1786 Euxinum
2823 1749 2881 1788 se
2929 1734 3256 1797 contulerat,
3311 1743 3369 1789 ut
3400 1736 3589 1802 praedi-

347 1815 511 1858 natus
539 1812 594 1858 et
630 1807 804 1860 masul
833 1805 1009 1861 factus
1032 1807 1154 1861 fuit.
1195 1807 1301 1862 Sed
1335 1809 1529 1863 deinde
1563 1811 1762 1864 sultani
1798 1809 1913 1864 Mu-

2021 1831 2164 1876 ctnm
2197 1823 2486 1877 Osmanem
2515 1824 2732 1878 bassam
2766 1840 2890 1878 cum
2918 1826 3270 1879 terrestribus
3301 1825 3473 1892 cepiis
3505 1823 3590 1879 Si-

346 1897 480 1950 ratis
514 1912 694 1957 soror,
751 1899 950 1968 ronjux
980 1901 1119 1968 ejus,
1161 1901 1304 1968 apud
1341 1901 1564 1957 fratrem
1599 1905 1918 1972 suppliciter

350 1988 682 2043 intercessit.
725 1988 824 2043 Cui
864 1989 1122 2059 Murates,
1159 1990 1382 2060 ,Beatus
1407 2001 1512 2058 est,
1553 1994 1650 2061 ait,
1685 1995 1827 2064 quod
1866 2006 1918 2050 te

345 2080 633 2148 conjugem
655 2082 882 2135 habeat:
909 2083 1112 2150 absque
1138 2083 1239 2138 hoc
1269 2084 1484 2148 fuisset,
1508 2099 1634 2139 eum
1667 2085 1784 2140 sine
1810 2087 1918 2140 ulla

344 2171 908 2228 commiserationein
949 2173 1112 2242 pleno
1169 2174 1690 2242 divanojussissem
1746 2177 1918 2230 inter-

346 2261 459 2315 fici.
502 2259 716 2314 Amissa
761 2263 1050 2332 dignitate,
1106 2266 1357 2334 conjugis
1390 2278 1570 2324 tamen
1613 2285 1775 2326 causa
1807 2271 1918 2324 sal«

343 2353 430 2405 vis
460 2355 719 2416 annonis.
754 2369 874 2421 quae
929 2356 1174 2423 singulos
1227 2358 1280 2411 in
1322 2373 1496 2412 annos
1550 2374 1642 2413 sex
1676 2361 1916 2415 millibus

342 2444 746 2500 sultaninorutn
780 2446 1216 2510 aestimabantur,
1250 2457 1304 2502 et
1343 2449 1492 2503 salvo
1525 2451 1720 2504 tintaro
1745 2451 1912 2504 duum

347 2540 580 2594 millium
611 2541 1036 2601 sultaninorum,
1088 2541 1338 2607 migravit
1366 2542 1419 2595 in
1458 2542 1676 2596 domum
1733 2559 1915 2607 suam,

345 2653 510 2705 quam
546 2634 610 2687 ad
652 2635 804 2708 littus
839 2633 1139 2687 Asiaticum
1178 2633 1337 2687 sitam
1373 2636 1424 2687 in
1459 2635 1629 2688 hortis
1660 2635 1913 2700 vidimus,

348 2747 476 2785 cum
512 2731 575 2783 ad
608 2728 880 2783 Euxinum
908 2727 1310 2797 navigaremus.
1331 2728 1706 2783 Secretiorilla
1728 2747 1915 2795 eau~a,

345 2825 508 2890 cujus
562 2821 720 2874 modo
754 2820 1127 2883 meminimus,
1186 2820 1309 2884 fuit,
1348 2823 1494 2889 quod
1539 2822 1764 2876 Mnratis
1801 2823 1919 2876 ani-

317 2931 494 2968 mmm
531 2924 717 2968 contra
748 2911 1139 2974 Muehcmetem
1164 2914 1332 2966 tilium
1363 2915 1766 2982 (xacerbasset,
1794 2932 1916 2970 cum

345 3009 393 3062 is
427 3007 564 3059 forte
601 3005 848 3058 Kihaiam
879 3005 994 3059 sive
1025 3005 1336 3074 praefectum
1368 3022 1526 3060 suum
1559 3007 1780 3076 indigne
1809 3018 1919 3062 tia-

341 3111 566 3158 ctassct.
609 3098 777 3166 Egro
803 3099 923 3152 tulit
953 3099 1060 3152 boc
1095 3099 1275 3152 animo
1297 3100 1532 3164 sultana,
1562 3099 1915 3154 Muchentetis

345 3207 541 3256 mater,
575 3208 634 3246 ac
665 3194 917 3247 maritum
947 3195 998 3247 in
1041 3192 1408 3262 suSpicioncm
1447 3193 1694 3254 adduxit,
1754 3194 1913 3261 quasi

343 3288 568 3340 Siauses
590 3285 953 3339 aunulatiouis
983 3299 1046 3339 ac
1072 3284 1424 3339 dissidiorum
1455 3285 1756 3339 seminibus
1775 3285 1916 3338 inter

341 3391 548 3450 patrem
584 3379 862 3446 filiumque
895 3378 1126 3446 sparsis,
1160 3378 1342 3433 acrius
1371 3378 1585 3432 tandem
1622 3378 1784 3446 (quod
1813 3378 1918 3430 hu-

341 3474 522 3529 manis
553 3455 606 3525 in
645 3473 806 3525 rebus
854 3471 967 3525 fieri
1009 3470 1202 3538 soleat)
1234 3470 1448 3524 irritato
1496 3478 1670 3538 patre,
1705 3483 1761 3522 ut
1789 3469 1916 3523 uni-

345 3582 472 3621 cum
505 3565 669 3618 ﬁlium
701 3562 1308 3632 occideret,imperinm
1345 3570 1533 3630 postea
1566 3561 1678 3615 suis
1706 3563 1912 3628 liberis,

341 3674 408 3713 ex
441 3656 640 3711 sultani
700 3670 889 3710 sorore
927 3654 1068 3708 natis
1118 3654 1449 3722 qnmsiturus
1485 3663 1650 3708 essu.
1685 3653 1822 3708 Hinc
1858 3654 1912 3708 in

341 3751 534 3821 primis
563 3751 651 3804 illa
697 3748 908 3803 Siausis
947 3747 1251 3803 calamitas.

415 3843 778 3911 Posteaquam
831 3839 1035 3896 Osman
1089 3839 1250 3894 bassa
1285 3838 1652 3894 vezirazemes
1699 3847 1915 3894 creatus

337 3937 573 3995 fuisset,
616 3944 898 4000 tantopere
933 3947 1092 3986 suum
1152 3930 1294 3998 apud
1345 3930 1619 3985 snltanum
1653 3929 1917 3983 laboravit

337 4037 389 4080 et
434 4026 650 4084 instbit,
714 4031 773 4077 ut
828 4024 1044 4076 tandem
1082 4021 1334 4076 Persicus
1372 4030 1579 4085 orator,
1615 4020 1915 4076 lbrahimes

337 4121 506 4177 eban,
568 4117 660 4185 qui
701 4126 958 4181 tanquam
1015 4116 1386 4168 incarceratns
1446 4115 1499 4166 in
1540 4114 1719 4167 saraio
1779 4128 1916 4166 con-

337 4213 524 4267 clusus
550 4220 687 4271 erat,
721 4209 793 4264 ttti
817 4224 980 4276 supra
1000 4208 1261 4272 diximus,
1288 4209 1428 4260 bona
1452 4222 1573 4260 cum
1604 4222 1734 4274 pace
1753 4221 1912 4261 suum

335 4305 404 4357 ad
440 4303 735 4371 principem
787 4301 1041 4354 redeundi
1089 4299 1399 4353 facultatem
1443 4302 1777 4368 impettarct.
1807 4298 1912 4352 Sed

339 4414 462 4449 cum
497 4395 773 4448 Ostttaltici
828 4405 1019 4446 natma
1061 4393 1307 4462 duplices
1362 4408 1425 4446 ac
1468 4393 1719 4447 fraudum
1770 4392 1911 4461 pleni

2020 1929 2161 1984 nope
2210 1914 2455 1983 Capham
2497 1916 2899 1983 transveheret,
2958 1919 3012 1970 in
3062 1925 3278 1987 portum
3318 1917 3589 1985 Sinopen-

2019 2023 2130 2063 sem
2159 2010 2405 2064 triremes
2439 2009 2681 2072 dednxit,
2725 2020 2833 2076 quo
2877 2009 3225 2063 commodius
3259 2009 3588 2077 navigationi
3669 2079 3677 2082 _

2019 2109 2250 2168 tempus.
2280 2108 2331 2154 et
2361 2099 2584 2154 Osmani
2633 2098 2907 2159 Serdaris.
2947 2093 3052 2153 hoc
3085 2107 3187 2162 est,
3227 2100 3499 2168 generalis
3525 2113 3590 2153 ac

2019 2191 2259 2258 supremi
2302 2194 2586 2259 copiarum
2623 2192 2976 2260 imperatoris
3010 2192 3302 2244 adventum
3334 2192 3456 2245 istic
3490 2206 3589 2244 ex-

2017 2290 2307 2350 spectaret.
2345 2281 2586 2335 Diversa:
2609 2290 2741 2336 tunc
2785 2281 3069 2335 hominum
3101 2281 3167 2336 de
3217 2282 3318 2335 bac
3367 2281 3590 2350 expedi-

2021 2373 2166 2426 tione
2199 2372 2673 2442 Constantinopoli
2709 2372 2999 2442 opiniones
3032 2381 3208 2438 erant,
3244 2372 3366 2427 aliis
3404 2374 3589 2428 existi-

2021 2465 2314 2527 mantibus,
2341 2463 2630 2519 Osmanem
2657 2467 2757 2518 iter
2785 2465 2890 2518 hoc
2918 2466 3212 2520 tractanda:
3235 2482 3356 2520 cum
3390 2469 3589 2520 scaebo

2019 2557 2238 2610 Persico
2266 2559 2416 2626 pacis
2474 2573 2637 2611 causa
2673 2557 2972 2624 suscipere,
2994 2557 3113 2611 aliis
3166 2557 3586 2620 affirmantibus,

2017 2651 2253 2716 Capbam
2282 2653 2506 2713 iturum,
2557 2649 2792 2715 indeque
2824 2658 3202 2717 perrecturum
3239 2650 3487 2710 ulterius,
3529 2665 3589 2702 ut

2019 2741 2072 2794 in
2108 2741 2240 2794 urbe
2270 2741 2476 2793 Crimio
2504 2739 2867 2803 munitionem
2889 2749 3220 2800 exstrueret,
3267 2740 3452 2807 ibique
3494 2737 3590 2791 be-

2020 2834 2332 2901 glerhegum
2368 2847 2491 2886 cum
2527 2831 2891 2900 dephtcrdaro
2931 2833 3046 2886 sive
3074 2842 3348 2900 quaestore
3376 2831 3584 2884 consti-

2023 2934 2216 2978 tueret.
2247 2923 2351 2977 Sed
2379 2933 2606 2977 eventus
2632 2923 2818 2986 docuit
2841 2923 3396 2991 hanccxpeditinnem
3427 2922 3591 2992 378

2022 3016 2221 3072 Persici
2260 3016 2601 3085 potissimum
2644 3013 2767 3068 belli
2804 3015 3159 3069 continuandi
3211 3029 3376 3069 causa
3423 3015 3591 3068 fuisse

2022 3117 2353 3179 susceptam.
3179 3175 3192 3200 ι

2090 3203 2644 3270 Expositishactenus
2669 3200 2928 3254 continua
2957 3199 3098 3252 Serio
3142 3199 3378 3251 Persicis
3399 3199 3587 3261 rebus,

2018 3311 2165 3349 nunc
2189 3294 2525 3362 subjicienda
2550 3296 2794 3361 quaedam
2822 3292 3068 3353 veniunt,
3095 3306 3214 3356 utne
3244 3291 3369 3342 licet
3393 3293 3457 3342 ad
3490 3305 3551 3343 sn
3571 3321 3587 3331 -

2017 3385 2258 3452 periores
2283 3398 2454 3437 annos
2479 3382 2806 3450 pertineant,
2839 3391 3018 3433 tamen
3049 3379 3156 3433 huc
3213 3377 3417 3432 referre
3474 3395 3591 3432 ma-

2016 3476 2242 3540 luimus,
2291 3490 2359 3530 ne
2405 3473 2532 3529 belli
2568 3471 2936 3527 memorabilis
2987 3471 3158 3524 series
3228 3471 3587 3538 interrumpe-

2016 3578 2194 3624 retur.

2087 3659 2206 3715 Jam
2241 3670 2364 3714 ante
2390 3657 2627 3714 diximus
2651 3659 2848 3722 obiter,
2878 3658 3036 3710 annis
3061 3655 3439 3725 superioribus
3464 3666 3591 3724 pro:

2017 3753 2178 3808 ximis
2236 3753 2492 3814 Cosacos,
2539 3751 2812 3804 l’otocova
2872 3763 3142 3819 generoso
3204 3748 3320 3802 viro
3383 3747 3592 3801 l’olouo

2014 3841 2173 3903 duce,
2206 3851 2419 3911 captam
2459 3839 2778 3894 Bendcriam
2846 3840 3014 3908 (quod
3065 3839 3270 3907 alioqui
3305 3854 3501 3890 nouien
3535 3838 3588 3890 in

2013 3947 2215 4001 genere
2249 3947 2426 3986 arcem
2463 3932 2578 3986 sive
2613 3931 3010 3984 munimentum
3041 3927 3588 3998 sigttilicat),Tureici

2015 4024 2154 4094 juris
2186 4026 2471 4095 Oppidum,
2497 4023 2816 4092 diripuisse.
2849 4022 3082 4076 Tantum
3108 4023 3160 4089 in
3196 4023 3298 4076 hoc
3323 4020 3589 4075 Potocova

2017 4117 2184 4171 robur
2215 4125 2333 4171 erat
2381 4125 2731 4184 utequorum
2764 4114 2943 4168 soleas
2999 4116 3225 4177 ferreas,
3294 4114 3457 4167 etiam
3507 4128 3592 4166 re-

2016 4225 2224 4276 centes,
2259 4215 2406 4267 nullo
2438 4216 2655 4281 negotio
2683 4211 2954 4275 manibus,
2983 4213 3153 4264 instar
3178 4211 3380 4263 chartae
3406 4209 3484 4262 vel
3509 4208 3592 4259 al-

2019 4307 2189 4362 terius
2243 4307 2319 4360 rei
2356 4304 2590 4375 fragilis,
2643 4312 2940 4372 rumperet.
2972 4303 3206 4369 Ideoque
3265 4301 3364 4353 sibi
3399 4301 3588 4351 ducem

2019 4398 2164 4451 hunc
2189 4396 2385 4451 Cosaki
2437 4396 2811 4465 prtrfeceratit,
2847 4403 2898 4448 et
2931 4393 3188 4462 auspiciis
3223 4392 3339 4460 ejus
3371 4390 3588 4452 Turcis,

338 4489 470 4566 sint,
523 4487 612 4538 ubi
652 4487 884 4552 primum
923 4481 1177 4537 Persicus
1215 4482 1324 4535 hic
1357 4491 1542 4535 orator
1580 4482 1913 4550 pervenisset
1946 4497 1990 4553 ί)
2018 4488 2109 4555 qui
2147 4487 2214 4541 ab
2240 4487 2364 4542 aliis
2389 4487 2505 4541 lzcdi
2531 4505 2589 4541 se
2624 4487 2838 4551 nolunt,
2868 4501 2990 4538 cum
3025 4483 3316 4536 maximam
3373 4482 3588 4534 sibimet

337 4585 702 4637 Atlnt‘tttttrn,
763 4592 882 4645 qure
952 4575 1176 4643 majoris
1225 4576 1495 4627 Armenia:
1567 4574 1758 4627 civitas
1808 4581 1913 4633 est,

331 4673 491 4742 jussu
523 4671 752 4742 Muratis
781 4670 983 4722 ibidem
1013 4668 1266 4722 detentus
1291 4667 1411 4728 fuit,
1443 4683 1509 4720 ne
1541 4666 1769 4720 ulterius
1792 4681 1916 4734 pro-

338 4765 673 4834 gt't:-'ct‘.:lztt'.
745 4741 764 4756 ν

411 4855 526 4908 Nn"
569 4857 737 4909 ,ηυιη
783 4863 903 4918 post
948 4855 1149 4907 ccrlittr
1185 4852 1361 4908 faetus
1395 4863 1480 4908 cst
1515 4852 1916 4912 sultanuleu-

338 4960 506 5009 rati-s,
531 4950 852 5017 sttatigulati
887 4949 1274 5004 Muccbcmetis
1300 4946 1485 5000 Tatari
1514 4946 1692 5000 Καικιἱί
1724 4947 1912 5011 lilium,

336 5041 432 5109 qui
467 5040 792 5109 Nogaiormn
823 5039 886 5092 ad
921 5039 1227 5108 principem
1251 5037 1374 5106 fuga
1409 5053 1468 5092 se
1504 5047 1803 5102 receperat,
1836 5036 1914 5090 uti

336 5148 503 5197 supra
560 5130 1012 5192 memoravimus,
1068 5145 1267 5198 magno
1312 5146 1436 5184 cum
1471 5132 1713 5184 exercitu
1755 5141 1911 5181 soce-

335 5226 495 5292 rique
518 5224 778 5278 subsidiis
834 5223 1138 5294 profectttrn
1171 5232 1357 5277 contra
1389 5231 1643 5292 patruum
1686 5221 1913 5273 lslanem

335 5319 593 5380 cbancm,
626 5334 689 5370 eo
721 5325 830 5370 tam
869 5317 1092 5368 civitate
1123 5314 1350 5379 Crimio,
1380 5329 1542 5383 quam
1575 5316 1784 5369 ditione
1815 5330 1911 5384 pa-

337 5420 494 5464 terna
530 5410 727 5478 ejeeto,
783 5411 1042 5480 pleraque
1081 5409 1279 5462 amissa
1328 5423 1680 5477 recuperasse
1721 5427 1735 5462 :
1783 5409 1916 5465 Isla-

333 5518 574 5569 ucntque
601 5513 876 5570 patruum,
910 5501 1035 5570 fuga
1082 5500 1186 5556 sibi
1231 5501 1636 5563 consulentem,
1674 5500 1912 5567 Capllam

333 5595 709 5652 contendisse.
733 5593 856 5660 Quo
891 5593 1111 5661 quidem
1155 5591 1395 5646 Mnrates
1427 5601 1652 5660 accepto
1699 5593 1912 5656 nuntio,

338 5697 452 5743 tum
486 5699 544 5740 ut
570 5689 784 5741 obviam
829 5689 930 5741 iret
962 5705 1023 5740 ac
1055 5685 1358 5740 remedium
1405 5683 1625 5738 afferret
1659 5685 1915 5740 tnunibus

341 5781 469 5835 hinc
502 5779 727 5837 0t'itut‘.s
784 5779 1313 5847 incommodis,'tum
1355 5778 1428 5834 uti
1487 5777 1788 5848 perduelles
1823 5795 1912 5833 ca-

2019 4581 2120 4650 ipsi
2168 4578 2717 4664 nocendi.licentiam
2775 4577 2827 4629 in
2867 4576 3062 4629 finibus
3099 4585 3338 4637 sumant,
3385 4573 3590 4641 gravis-

2018 4672 2380 4726 simadamna
2415 4663 2703 4723 dederant.
2745 4668 2881 4723 Cum
2931 4667 2982 4721 id
3030 4677 3217 4721 contra
3269 4666 3413 4734 b-grs
3451 4663 3590 4715 :mti-

2017 4763 2108 4831 qui
2145 4762 2366 4818 foederis
2402 4763 2542 4816 inter
2573 4760 2922 4817 Osmanicam
2952 4759 3212 4813 fatniliam
3251 4774 3589 4829 regnumque

2019 4854 2256 4908 Polonia:
2288 4854 2400 4906 fieri
2429 4855 2730 4917 videretur,
2757 4853 2919 4907 mittit
2941 4855 3006 4906 ad
3047 4851 3381 4921 Stephanum
3410 4865 3588 4920 regem

2018 4946 2268 5001 sultanus
2309 4947 2550 5000 Muratcs
2583 4946 2844 5000 Zausium
2898 4946 3092 5011 Portaa,
3145 4945 3437 5013 repetitum
3504 4957 3591 4995 res

2018 5039 2250 5104 ablatas,
2286 5051 2340 5092 et
2390 5055 2498 5092 non
2531 5039 2650 5092 sine
2703 5037 2867 5092 minis
2907 5037 3259 5108 postulatum,
3321 5035 3397 5088 uti
3435 5033 3592 5086 Ροῐυι

2018 5147 2153 5186 Cnva
2197 5147 2436 5200 quoque,
2465 5132 2798 5187 Cusacorum
2830 5133 2961 5197 dux,
3011 5140 3273 5200 praesente
3320 5143 3383 5182 ac
3413 5129 3591 5196 inspe-

2020 5231 2205 5277 ctante
2239 5224 2438 5276 Zausio
2477 5239 2600 5283 suo.
2655 5225 2835 5290 capite
2877 5224 3227 5289 plecteretur.
3269 5219 3503 5274 Venerat
3535 5219 3593 5271 in

2022 5327 2357 5388 potestatem
2424 5317 2564 5386 regis
2611 5316 2885 5370 Putncova
2948 5312 3158 5364 nefario
3227 5309 3590 5377 quorumdant

2020 5411 2322 5464 atuicorum
2359 5424 2582 5462 suorum
2619 5416 2740 5461 astu
2770 5415 2824 5460 ct
2876 5405 3104 5466 scelere,
3139 5403 3230 5472 qui
3261 5401 3441 5456 studio
3468 5415 3593 5468 gra-

2021 5502 2260 5556 tificandi
2314 5501 2575 5555 voluntati
2633 5498 2820 5567 regiae,
2868 5513 2961 5566 per
2988 5495 3198 5549 litteras
3230 5511 3259 5548 a
3318 5493 3589 5546 Potoeova

2019 5596 2314 5663 petierant,
2375 5595 2450 5647 uti
2487 5594 2553 5646 ad
2594 5608 2653 5645 se
2707 5588 2939 5653 veniret,
2978 5603 3216 5655 quocum
3248 5585 3484 5654 colloqui
3521 5593 3590 5638 «te

2022 5688 2184 5742 rebus
2218 5687 2282 5740 ad
2309 5685 2605 5754 ipsummct
2654 5680 3056 5752 pertinentibus
3087 5686 3370 5745 cuperent.
3414 5677 3590 5730 Simul

2029 5778 2189 5834 [idem
2226 5776 2441 5831 nomine
2470 5775 2627 5830 liberi
2667 5781 3003 5830 ωιιιιιιωιυδ
3060 5769 3193 5840 regii
3226 5785 3380 5825 sum
3417 5769 3586 5824 inter-
