4048 6208
513 285 651 397 se)

1766 321 2106 385 IOANNIS
2145 322 2612 387 LEUNCLAVII

3677 323 3785 388 τοο.

542 445 866 515 posuerant.
898 437 1224 493 Accesserat
1267 431 1353 487 vir
1390 431 1600 499 integer
1648 445 1713 485 ac
1749 432 1978 487 minime
2029 447 2119 486 su-
2155 437 2203 493 Α
2230 449 2325 487 eos
2353 433 2613 497 venisset,
2686 446 2808 501 qua)
2859 429 2913 485 iu
2963 429 3200 484 medium
3238 429 3306 485 ab
3336 438 3559 501 utroque
3586 436 3775 503 profer-

544 536 840 605 spiciosus.
875 528 1222 588 Monebatur,
1279 524 1522 580 Cosacos
1551 523 1627 578 uti
1683 523 1983 586 desereret,
2012 532 2121 577 sta-

546 630 752 695 timque
775 637 957 692 regem
989 620 1166 674 adiret
1201 634 1215 672 :
1272 633 1433 687 quem
1472 628 1663 673 sancte
1724 617 2123 687 pollicebantur

545 721 682 776 nihil
712 721 764 772 in
791 731 913 771 eum
952 721 1286 769 statuturum
1319 714 1593 777 asperius.
1630 710 1762 765 Cum
1814 710 1919 765 hoc
1959 708 2123 764 modo

545 813 841 878 deceptus,
900 805 966 859 ad
1019 802 1241 858 comitia
1296 816 1354 857 se
1403 799 1721 855 Varsoviam
1773 802 2120 866 contulisset,

542 903 907 957 deliberatum
949 897 1003 952 in
1034 906 1226 952 senatu
1277 896 1407 964 quid
1442 896 1711 965 agendum
1745 894 1849 948 hoc
1882 904 2032 949 esset
2065 894 2118 948 in

542 989 783 1059 negotio.
816 985 1005 1040 Visum
1029 983 1222 1053 majori
1247 994 1562 1039 senatorum
1590 984 1752 1052 parti,
1772 999 2118 1054 nequaquam

544 1076 824 1133 hominem
874 1076 1275 1139 Christianum,
1309 1074 1540 1127 militem
1599 1073 1896 1140 Polonum,
1939 1075 2118 1129 virum

544 1169 784 1237 denique
843 1165 1064 1231 fortem,
1135 1166 1229 1235 qui
1259 1166 1457 1220 robore
1504 1166 1755 1236 corporis
1811 1167 2119 1223 admirabili

544 1258 757 1313 cunctis
782 1258 834 1311 in
867 1272 931 1312 eo
969 1270 1139 1325 regno
1197 1264 1507 1325 praestaret,
1542 1256 1780 1310 barbaro
1808 1267 2013 1311 certam
2050 1256 2119 1311 ad

544 1366 735 1407 necem
764 1349 1129 1419 prodendum.
1175 1351 1244 1401 At
1288 1350 1572 1410 Zausium,
1600 1362 1762 1415 quam
1787 1346 2120 1402 commodis-

545 1442 702 1497 simis
738 1442 855 1497 ﬁeri
879 1449 1082 1511 posset,
1100 1439 1441 1511 purgandum
1472 1439 1804 1493 rationibus.
1832 1437 1989 1494 Omni
2023 1439 2115 1493 de-

547 1532 713 1602 nique
741 1530 901 1585 modo
946 1530 1341 1585 consulendum
1381 1529 1553 1597 ipsius
1584 1528 1768 1591 saluti,
1829 1528 1922 1598 qui
1980 1528 2116 1583 salvi

544 1633 889 1680 commeatus
944 1623 1079 1693 regii
1116 1623 1390 1693 promisso
1424 1620 1621 1683 fretus,
1656 1618 1980 1675 Varsoviam
2021 1634 2117 1674 ve-

546 1718 665 1774 nire
695 1734 803 1772 non
866 1716 1191 1771 dubitasset.
1226 1712 1339 1766 Rex
1393 1712 1705 1781 Stephanus
1735 1728 1764 1766 e
1792 1712 2012 1768 diverso
2042 1712 2119 1767 di-

2228 535 2436 587 rentur,
2475 523 2651 579 audit.
2687 521 2847 578 Jubet
2873 522 3123 577 exhiberi
3175 522 3280 577 sibi
3325 532 3432 578 tam
3485 523 3771 593 Podolnvio.

2224 632 2388 686 quam
2410 615 2613 671 Zausio
2636 616 2791 670 datas
2817 630 2846 669 a
2869 616 3086 670 sultano
3113 615 3325 671 litteras
3351 634 3365 674 :
3397 617 3594 687 quibus
3614 620 3773 691 ἱηερρ.

2223 710 2349 771 ctis.
2382 725 2503 763 cum
2537 709 2721 764 Zansii
2773 708 3089 764 mandatum
3120 710 3395 764 recentius
3427 725 3542 765 esse
3589 728 3772 781 cogno-

2223 802 2414 863 visset.
2472 802 2575 856 vim
2610 801 2814 871 prioris
2845 802 3180 871 exspirasse.
3218 804 3539 872 posterioris
3573 821 3775 860 exsecu-

2225 895 2429 949 tionem
2473 896 2703 964 requiri.
2745 895 3090 964 pronuntiat.
3148 894 3395 960 C(eptum
3428 911 3555 964 ergo
3582 898 3729 952 rediri
3759 916 3785 952 :~

2224 1002 2460 1057 cumque
2481 988 2547 1041 de
2580 988 2664 1041 via
2697 986 2845 1057 regia
2899 1002 3021 1041 cum
3059 986 3140 1042 eis
3177 985 3413 1042 Zausius
3466 987 3784 1051 deﬂecteret“

2225 1091 2481 1134 monetur
2528 1096 2557 1133 a
2607 1080 2785 1149 legato
2808 1080 2950 1134 viam
2988 1080 3064 1133 uti
3094 1080 3299 1148 regiam
3356 1088 3554 1134 teneat.
3599 1080 3774 1136 Ocrla-

2226 1183 2337 1226 mat
2374 1174 2660 1239 barbarus,
2704 1173 2893 1242 ipsene
2930 1173 3152 1228 sultano
3209 1172 3670 1227 Musnlmanurum
3722 1191 3773 1228 ac

2224 1265 2340 1320 Suis
2385 1267 2438 1319 in
2474 1281 2643 1337 regno
2675 1280 2777 1319 suo
2800 1266 3158 1335 prmscribere
3195 1265 3344 1334 leges
3370 1266 3551 1329 vellet,
3573 1281 3675 1336 quo
3700 1283 3773 1319 re.-

2225 1357 2506 1412 duccndus
2540 1368 2682 1413 esset
2712 1357 2907 1412 itinere.
2940 1358 2963 1412 ἲ
2992 1356 3084 1412 Sic
3113 1357 3283 1425 igitur
3315 1357 3452 1411 itum
3488 1357 3541 1411 in
3578 1358 3771 1419 silvam,

2226 1450 2319 1505 ubi
2356 1452 2421 1505 ad
2459 1461 2689 1505 mortem
2719 1464 2913 1518 parare
2944 1465 3003 1504 sc
3033 1450 3294 1518 jubentur
3337 1465 3547 1515 omnes,
3576 1467 3634 1504 ex
3666 1466 3777 1504 Sen-

2229 1541 2399 1597 tentia
2432 1543 2669 1596 mandati
2707 1541 2992 1597 sultanini.
3036 1541 3203 1596 Erant
3235 1542 3282 1596 ei
3311 1542 3532 1613 triginta
3565 1556 3779 1611 quatuor

2228 1635 2439 1699 famuli,
2475 1636 2677 1707 quibus
2705 1636 2899 1690 ordine
2944 1636 3236 1691 trucidatis
3281 1636 3416 1704 (uno
3451 1645 3652 1691 tantum
3696 1653 3779 1690 ex-

2228 1738 2386 1798 cepto
2418 1744 2605 1796 puero.
2643 1730 2736 1799 qui
2765 1727 2996 1782 solerter
3027 1714 3080 1780 in
3114 1728 3304 1781 silvam
3344 1726 3648 1798 profugiens
3669 1743 3780 1780 eva—

544 1824 695 1873 cere.
734 1807 837 1862 sub
874 1806 979 1860 fide
1009 1805 1232 1876 quidem
1266 1804 1479 1873 publica
1533 1802 1861 1856 Potocovam
1893 1803 2115 1857 arcessi-

2227 1822 2368 1876 sisse
2394 1821 2759 1891 perhibetur),
2792 1821 2991 1875 ultimo
3014 1820 3338 1883 Podolovio,
3368 1830 3487 1891 post
3516 1831 3777 1887 conceptas

543 1912 686 1966 tum,
752 1900 845 1956 sed
870 1900 1030 1954 aliter
1066 1912 1184 1953 eam
1215 1898 1398 1951 datam
1430 1912 1537 1950 non
1571 1894 1821 1964 intelligi,
1852 1894 1955 1951 nisi
1984 1911 2122 1966 qua-

543 2005 706 2050 tenus
723 2008 946 2048 causam
976 2006 1130 2046 suam
1159 1990 1365 2060 justam
1393 1988 1594 2044 docere
1630 1988 1970 2059 probareque
1998 2003 2123 2059 pos-

543 2095 647 2144 set.
689 2086 846 2140 Nunc
876 2100 1004 2139 vero
1051 2098 1178 2139 cum
1244 2092 1445 2154 pateat,
1485 2098 1610 2136 eum
1662 2093 1855 2139 contra
1896 2082 2121 2137 foederis

542 2187 703 2250 pacta
735 2188 1003 2235 conventa
1029 2177 1249 2243 fecisse,
1277 2176 1418 2246 quod
1455 2176 1837 2247 indignissime
1866 2178 2120 2233 sultanus

543 2270 782 2326 Murates
837 2270 1035 2325 ferat:
1093 2285 1201 2324 non
1262 2284 1423 2339 posse
1459 2267 1806 2340 foedifragam
1857 2269 2120 2339 pacisque

542 2363 779 2434 publica:
809 2362 1129 2417 violatorem
1187 2362 1320 2416 salvi
1354 2372 1697 2416 commeatus
1728 2361 1864 2431 regii
1908 2361 2115 2416 beneﬁ-

542 2455 631 2509 cio
682 2453 813 2510 frui.
847 2455 1077 2509 Auditas
1111 2469 1234 2509 esse
1286 2454 1530 2507 minaces
1572 2452 1773 2508 sultani
1810 2453 2119 2509 Turcorum

541 2544 773 2609 litteras,
799 2546 959 2612 cujus
984 2544 1094 2598 iras
1120 2544 1165 2596 si
1204 2544 1337 2598 tanti
1369 2560 1479 2597 non
1505 2543 1765 2610 facerent,
1797 2559 1861 2599 ac
1883 2544 2117 2600 Potoco-

540 2651 663 2691 vam
698 2635 879 2705 potius
926 2646 1202 2689 servatum
1236 2635 1452 2697 vellent.
1509 2650 1568 2689 se
1612 2636 1831 2706 quidem
1867 2637 2114 2706 ipsorum

541 2730 807 2785 voluntati
839 2745 948 2784 non
973 2732 1413 2792 adversaturum.
1445 2730 1688 2798 satisque
1722 2730 1996 2785 facturum
2034 2730 2120 2784 of.

541 2822 668 2877 ﬁcio
702 2837 801 2875 suo
848 2834 1037 2878 contra
1071 2822 1295 2892 quosvis
1328 2823 1478 2892 regni
1518 2824 1742 2877 hostes:
1779 2838 2006 2878 monere
2036 2832 2117 2878 ta-

542 2928 668 2969 men
702 2930 768 2968 ne
790 2914 932 2968 bello
952 2913 1305 2967 Moscovitico
1340 2914 1572 2967 necdum
1604 2914 1881 2978 conlecto.
1946 2930 2116 2970 novas

542 3013 745 3061 temere
766 3006 870 3059 sibi
910 3006 1262 3059 cumularent
1294 3005 1629 3060 inimicitias.
1680 3004 1793 3061 Hoc
1823 3007 1988 3061 modo
2027 3022 2116 3062 ce-

540 3098 798 3152 dentibus
829 3098 992 3168 regize
1020 3098 1304 3151 sententiae
1337 3097 1584 3161 Polonis,
1605 3109 1877 3168 sumptum
1912 3101 1979 3155 de
2013 3100 2114 3155 Po-

542 3197 734 3241 tocova
760 3187 1084 3256 supplicium
1129 3187 1247 3241 fuit.
1292 3189 1603 3243 Secundqu
1636 3191 1774 3255 haec,
1812 3205 1958 3245 anno
2004 3190 2114 3245 Ma-

543 3276 837 3335 huhmetauo
868 3281 972 3337 990
1000 3280 1151 3350 (Chr.
1178 3280 1362 3351 1585),
1393 3282 1616 3352 quidam
1646 3282 1976 3339 Podolovius
2008 3284 2115 3338 Po-

540 3372 701 3429 lonus
758 3374 885 3433 (hoc
923 3376 1146 3431 nomine
1178 3376 1658 3446 ConstantinOpoli
1701 3379 2109 3448 appellabatur,

540 3465 633 3521 alii
670 3466 1012 3521 Polidovium
1045 3471 1266 3526 vocanti
1293 3469 1463 3523 nobili
1490 3485 1691 3539 genere
1711 3472 2113 3536 natus,stabuli

542 3555 677 3625 regii
696 3554 986 3623 praefectus
1005 3560 1302 3625 secundus,
1323 3576 1484 3630 quem
1512 3562 1670 3632 vulgo
1693 3564 2113 3632 snhpraafectum

541 3655 766 3709 vocant,
827 3648 1030 3703 missus
1084 3649 1184 3703 fuit
1235 3661 1388 3706 extra
1419 3653 1667 3709 ordinem
1695 3654 1907 3723 legatus
1936 3672 1965 3710 a
2000 3657 2118 3710 Ste-

543 3736 725 3806 phano
758 3753 885 3807 rege
934 3754 1059 3793 cum
1104 3741 1302 3797 litteris
1370 3744 1437 3797 ad
1489 3746 1766 3801 sultanum
1823 3747 2114 3815 Muratcm,

540 3827 743 3899 quibus
775 3830 917 3884 inter
948 3831 1053 3885 alia
1073 3835 1379 3902 petebatur,
1418 3846 1478 3890 ut
1508 3837 1556 3891 ei
1590 3840 1731 3909 regis
1763 3841 1846 3894 sui
1895 3845 2116 3899 nomine

542 3922 729 3977 liceret
754 3938 928 3992 equos
955 3924 1163 3993 aliquot
1204 3943 1503 3995 generosos
1536 3931 1588 3984 in
1627 3934 1875 3988 Anatolia
1894 3950 2117 4005 compa-

542 4025 687 4073 rare,
719 4011 919 4079 quibus
955 4013 1008 4068 in
1048 4012 1326 4069 Polouiatn
1361 4019 1612 4075 deductis
1648 4038 1744 4092 pro
1776 4039 1836 4079 se
1870 4040 1962 4080 rex
2002 4035 2118 4081 ute-

542 4110 715 4154 retur.
744 4105 1036 4173 lmpetrato
1065 4106 1291 4163 Muralis
1313 4124 1610 4173 consensu.
1642 4114 1697 4167 in
1732 4116 1914 4171 Asiam
1950 4120 2115 4187 proli-

540 4190 793 4255 ciscitur.
853 4206 908 4249 et
967 4197 1159 4264 viginti
1213 4213 1453 4269 quatuor
1520 4219 1695 4273 equos
1752 4207 1998 4276 insignes
2051 4225 2116 4266 ac

541 4285 701 4354 plane
735 4288 911 4358 regios
946 4293 1097 4345 emit.
1127 4280 1262 4348 Cum
1312 4295 1396 4350 his
1427 4295 1480 4349 in
1513 4295 1785 4369 Europam
1817 4303 2113 4372 transjicit,

538 4377 763 4434 domum
807 4399 912 4435 non
956 4384 1074 4437 sine
1126 4387 1278 4440 salvo
1324 4389 1772 4447 sultaniMuralis
1804 4407 2113 4450 commeatu

2228 1915 2293 1969 ad
2322 1915 2489 1969 Deum
2528 1930 2742 1983 preces.
2793 1924 2956 1984 caput
3002 1923 3346 1983 amputatum
3382 1931 3408 1967 a
3444 1914 3638 1969 Zausio
3668 1913 3772 1967 fuit.

2226 2006 2336 2061 Res
2370 2022 2563 2061 omnes
2593 2007 2760 2077 379
2786 2008 2958 2077 ipsius
2982 2015 3036 2061 et
3079 2010 3341 2061 comitum
3400 2007 3623 2063 Zausius
3652 2008 3778 2060 (Inn-

2225 2100 2795 2169 stantinopolim.cum
2814 2100 2971 2169 equis
2992 2100 3182 2169 regiis,
3200 2100 3447 2154 deduxit.
3474 2100 3624 2169 Equi,
3641 2100 3775 2165 jussu

2224 2191 2476 2252 Muralis.
2508 2192 2703 2259 partim
2747 2192 3085 2247 sultaninum
3125 2193 3178 2246 in
3231 2194 3496 2253 saraium.
3528 2194 3591 2247 ad
3628 2195 3780 2257 ipsius

2223 2281 2449 2337 Muralis
2477 2299 2626 2344 "Sus,
2648 2283 2847 2352 recepti
2874 2302 2887 2336 :
2910 2284 3107 2350 partim
3129 2284 3272 2338 inter
3294 2285 3485 2339 bassas
3503 2284 3777 2342 distributi.

2220 2375 2519 2445 digitisque
2554 2375 2819 2446 singulari
2852 2391 2972 2430 cum
3008 2376 3313 2447 ignominia
3357 2377 3611 2449 Stephani
3650 2376 3777 2447 regis

2223 2467 2430 2538 passim
2463 2468 2751 2522 monstrati
2786 2468 3029 2523 fuerunt.
3398 2479 3405 2489 '

2292 2560 2429 2616 Cum
2476 2561 2591 2616 haec
2643 2576 2734 2631 per
2780 2570 3097 2616 autumnum
3154 2562 3505 2624 accidissent.
3533 2566 3653 2618 anni
3704 2579 3776 2616 sc-

2220 2654 2439 2725 quentis
2474 2652 2572 2709 991
2614 2654 2784 2718 (Chr.
2836 2654 3007 2723 1584)
3064 2656 3220 2709 initio
3302 2658 3452 2712 venit
3496 2656 3773 2712 Groduam.

2220 2762 2342 2818 quae
2380 2748 2433 2802 in
2476 2746 2770 2801 Litbuania
2803 2748 2906 2802 sila
2940 2757 3044 2809 est.
3076 2750 3140 2803 ad
3181 2749 3518 2817 Stephanum
3569 2748 3779 2803 l‘oloni:e

2220 2854 2400 2909 regem
2429 2840 2629 2894 missus
2672 2856 2701 2894 a
2729 2841 2944 2894 sultano
2971 2841 3181 2895 Murate
3209 2842 3523 2910 Muslaphas
3549 2840 3774 2898 Zausius,

2220 2928 2311 2998 qui
2353 2929 2553 2983 caedem
2609 2930 2767 2998 legati
2824 2931 2959 3000 regii
3009 2931 3313 2997 Podolovii,
3372 2933 3439 2987 de
3489 2950 3587 3001 qua
3637 2922 3778 2985 modo

2218 3019 2446 3084 dictum.
2493 3030 2796 3076 excusaret.
2860 3023 3053 3078 Aiebat
3110 3024 3177 3091 is,
3250 3024 3394 3080 falso
3463 3037 3629 3079 tamen
3681 3040 3776 3076 rent

2220 3128 2509 3181 narrans,
2584 3114 2733 3169 illum
2784 3113 2955 3171 fuisse
3030 3126 3310 3177 necatum.
3378 3119 3526 3173 nullo
3602 3118 3776 3171 sultani

2219 3207 2444 3262 Muratis
2475 3208 2871 3265 interveniente
2893 3211 3075 3280 jussu.
3130 3226 3254 3265 cum
3284 3215 3625 3282 praescriptos
3651 3212 3778 3279 lega-

2220 3298 2355 3353 tioni
2408 3299 2606 3355 limites
2646 3316 2916 3370 egressus,
2951 3302 3139 3373 copias
3186 3302 3450 3360 Turcicas
3502 3312 3775 3374 spectatum

2217 3391 2483 3457 venisset,
2521 3408 2641 3462 qua:
2669 3404 2781 3447 tum
2838 3396 3102 3465 temporis
3152 3406 3347 3452 contra
3404 3398 3588 3452 Persas
3622 3399 3778 3450 mitte-

2221 3483 2460 3538 bantur.
2510 3485 2667 3539 Nunc
2743 3487 2812 3540 ab
2881 3503 2939 3541 se
3002 3490 3287 3547 mandato,
3338 3490 3557 3544 Muralis
3608 3488 3776 3543 adduci

2220 3576 2383 3631 caedis
2419 3584 2706 3642 auctores,
2751 3578 2819 3633 de
2857 3579 3056 3645 quilms
3105 3598 3193 3635 rex
3243 3581 3552 3653 Stephanus
3594 3580 3775 3651 suppli-

2220 3666 2364 3720 cium
2415 3677 2673 3722 sumeret.
2710 3667 2845 3735 Quia
2880 3684 3006 3723 vero
3059 3671 3257 3725 Cosakl
3308 3688 3501 3729 recens
3548 3687 3774 3740 magnum

2221 3758 2420 3813 ﬁnibus
2440 3759 2686 3816 Turcicis
2707 3753 2963 3817 damnum
3000 3763 3335 3833 intulissent,
3359 3767 3591 3821 vicissim
3617 3776 3776 3833 petere

2220 3851 2519 3917 Muratcm.
2567 3863 2625 3909 ut
2663 3855 2839 3910 ablata
2896 3856 3340 3920 restituerentur.
3390 3868 3440 3914 et
3473 3859 3775 3913 Cosakorum

2219 3943 2327 3998 dux
2359 3944 2426 3999 ad
2465 3961 2649 4002 necem
2686 3948 2790 4003 sibi
2832 3947 3144 4004 dederetur.
3172 3948 3411 4005 Venerat
3451 3954 3494 4006 is
3526 3952 3619 4004 hoc
3660 3958 3779 4000 tvm-

2219 4051 2354 4105 pore
2421 4036 2745 4105 Grodnam,
2812 4041 2999 4095 eadem
3060 4042 3276 4096 illectus
3335 4043 3775 4097 fraudulentornm

2222 4129 2512 4184 verborum
2578 4146 2741 4198 esca,
2791 4148 2896 4202 qua
2951 4133 3101 4203 prius
3157 4136 3325 4190 etiam
3378 4138 3774 4191 circumventum

2220 4221 2391 4277 fuisse
2436 4224 2767 4279 Potocovam
2805 4226 3064 4282 diximus.
3112 4226 3204 4281 Vir
3244 4239 3364 4283 erat
3401 4230 3691 4287 bellicosus.
3732 4232 3779 4275 ct

2221 4311 2432 4366 Turcos
2458 4314 2508 4365 in
2540 4315 2739 4369 tinibus
2776 4331 2927 4371 more
2962 4333 3062 4372 suo
3122 4329 3296 4373 semet
3347 4319 3655 4375 insolentius
3698 4330 3778 4385 ge-

2223 4415 2427 4467 rentes.
2492 4407 2781 4476 aliquoties
2831 4410 3128 4466 ceciderat.
3176 4412 3333 4468 llunc
3388 4415 3486 4469 sibi
3546 4414 3774 4471 Murates.

540 4470 841 4528 rediturus.
877 4471 980 4527 Sed
1008 4491 1132 4529 cum
1166 4476 1306 4532 forte
1334 4488 1445 4531 tum
1480 4482 1604 4534 novi
1630 4482 1962 4537 Cosacorum
2003 4500 2115 4539 mo-

2225 4497 2344 4552 loco
2379 4498 2609 4553 duorum
2654 4500 2740 4554 vix
2795 4502 3172 4558 triobolarium
3208 4506 3567 4565 nelmlonum,
3600 4502 3776 4570 quidm!

541 4568 630 4615 tus
659 4573 713 4615 et
739 4567 1082 4621 excursionis
1113 4568 1335 4622 nuntius
1383 4572 1448 4623 ad
1490 4570 1704 4626 Portam
1740 4575 2015 4643 venisset,
2055 4576 2115 4630 il-

539 4650 647 4706 lico
675 4653 909 4710 Murates
946 4657 1203 4712 Zausium
1236 4660 1708 4732 Constantinopoli
1746 4666 1981 4736 ablegat.
2017 4671 2110 4738 qui

540 4742 896 4800 Podolovium
930 4762 1216 4805 assecutus
1244 4752 1297 4805 in
1336 4754 1550 4813 itinere.
1600 4770 1720 4809 cum
1759 4758 2116 4830 suisjugula-

542 4846 646 4902 ret,
706 4846 759 4890 et
785 4854 954 4908 equos
986 4843 1181 4911 regios,
1221 4858 1345 4897 eum
1386 4847 1601 4902 caeteris
1633 4849 1791 4918 legati
1821 4852 2114 4906 comitum-

538 4942 647 4997 que
680 4930 863 4995 rehus.
905 4932 1435 5005 Constantinopolim
1464 4938 1770 4994 reduceret.
1816 4940 1980 4999 Venit
2023 4946 2111 5001 hic

538 5019 605 5072 ad
639 5019 992 5077 Podolovium
1047 5040 1153 5079 non
1187 5029 1373 5096 procul
1408 5028 1824 5100 liadrianopoli,
1882 5037 2108 5089 manda-

538 5119 764 5182 tumque
797 5113 904 5169 sibi
946 5126 1132 5171 narrat
1173 5132 1201 5171 a
1258 5122 1580 5188 praepotenti
1614 5122 1833 5177 sultano
1862 5139 1986 5187 suo,
2024 5126 2113 5179 lit-

537 5202 669 5257 teris
697 5204 858 5258 etiam
890 5206 1138 5273 prolatis,
1169 5216 1226 5262 ut
1257 5224 1381 5263 eum
1401 5226 1524 5264 cum
1555 5212 1708 5281 equis
1737 5222 1789 5267 et
1816 5215 2110 5272 comitibus

534 5292 1074 5368 Constantinopolim
1101 5302 1414 5357 reduceret.
1448 5302 1621 5375 Negat
1648 5307 1699 5360 id
1737 5322 1797 5361 se
1830 5306 2107 5364 facturum

534 5384 891 5455 Polodovius,
932 5391 1255 5462 litterasque
1289 5395 1423 5449 salvi
1463 5406 1806 5454 commeatus
1839 5403 2102 5457 ostendit.

536 5475 647 5533 Nec
670 5479 789 5545 has,
818 5497 920 5537 nec
952 5483 1112 5553 legati
1145 5501 1461 5555 personam,
1498 5497 1687 5543 contra
1711 5489 1804 5559 jus
1862 5494 2106 5561 gentium

535 5570 725 5626 violari
756 5574 976 5639 debere.
1010 5581 1311 5645 prmsertim
1339 5595 1369 5634 a
1405 5564 1932 5651 confmderatis,ait.
1967 5586 2108 5643 Zau-

535 5664 651 5716 sius
680 5664 745 5718 ad
779 5668 1013 5735 proximi
1040 5670 1179 5725 cadii
1216 5674 1554 5743 sivejudicis
1578 5677 1944 5745 cogn’tioncm
1988 5696 2111 5748 pro-
2140 5730 2145 5736 .

539 5764 719 5821 vocat,
753 5759 845 5827 qui
873 5774 903 5814 e
932 5760 1052 5819 loco
1079 5763 1317 5821 maxime
1343 5765 1525 5824 vicino
1551 5770 1873 5841 arcessitus,
1900 5788 2020 5835 cum
2041 5776 2106 5831 ad

2229 4588 2476 4645 fortassis
2509 4590 2651 4645 aliud
2684 4592 2753 4645 ob
2788 4594 3114 4647 malelicium
3146 4599 3341 4664 capitis
3387 4594 3636 4665 anqu'siti
3669 4592 3773 4645 fue-

2228 4690 2372 4744 rant,
2421 4683 2559 4737 milli
2606 4685 2843 4739 volebat.
2908 4687 3387 4743 lttlercedentilms
3438 4691 3574 4759 apud
3615 4699 3769 4747 τυεοηι

2227 4785 2325 4839 pro
2353 4770 2471 4836 ejus
2513 4773 2890 4828 incolumitate
2931 4778 3218 4845 prﬂ‘ClplllS
3259 4781 3405 4848 regni
3458 4778 3772 4848 proceribus.

2226 4879 2332 4916 non
2361 4863 2449 4918 ille
2476 4866 2694 4934 quidem
2746 4869 2925 4921 anco
2968 4870 3202 4935 deditus,
3257 4874 3350 4926 sed
3401 4882 3572 4926 tamen
3620 4870 3774 4922 incer-

2226 4963 2338 5007 tum
2370 4970 2477 5024 quo
2500 4957 2838 5027 deportatus,
2881 4976 3148 5031 nusquam
3179 4978 3243 5016 ex
3298 4980 3365 5015 eo
3397 4974 3634 5033 tempore
3660 4975 3771 5012 con-

2224 5058 2445 5116 spectns
2493 5050 2613 5104 fuit.
2690 5051 2909 5106 Solebat
2977 5071 3200 5109 narrare
3265 5052 3767 5123 Constantinopolim

2223 5151 2476 5194 reversus
2534 5141 2634 5195 iste
2692 5141 3008 5212 Muslapltas
3081 5145 3352 5206 Zausius.
3413 5149 3503 5216 qui
3564 5162 3660 5200 non
3710 5158 3763 5193 rt

2227 5229 2523 5298 primariis.
2560 5233 2653 5287 sed
2695 5234 2813 5287 vilis
2846 5235 2991 5289 inter
3042 5253 3175 5291 suos
3220 5248 3360 5298 erat.
3416 5256 3474 5295 sl:
3514 5255 3539 5289 τι
3585 5233 3764 5306 ρτὶηρίο

2229 5321 2317 5390 pio
2350 5323 2721 5391 conspicatum
2758 5328 3029 5383 terribiles
3061 5345 3123 5384 ac
3173 5331 3416 5384 minaces
3465 5330 3762 5384 Polonorum

2226 5408 2436 5475 oculos,
2465 5413 2534 5465 ob
2567 5413 2842 5483 indignam
2872 5426 2925 5470 et
2956 5430 3141 5471 cutura
3170 5420 3259 5484 jus
3293 5423 3530 5489 gentium
3586 5415 3767 5471 admis-

2226 5514 2344 5555 sam
2380 5502 2539 5573 legati
2577 5508 2706 5574 regii
2741 5510 2940 5563 c‘rdem
2997 5513 3234 5579 graviter
3277 5514 3634 5571 frmneutium.
3674 5522 3765 5561 non

2230 5594 2433 5665 exiguo
2466 5597 2568 5652 sibi
2610 5600 2786 5652 visum
2825 5601 2876 5654 in
2899 5602 3139 5670 periculo
3170 5605 3392 5660 versari.
3424 5603 3610 5655 Verum
3637 5596 3765 5662 αυοά

2233 5695 2393 5743 antea
2426 5688 2753 5745 Potocovam
2796 5693 2862 5747 dc
2898 5695 3099 5761 medio,
3134 5710 3242 5764 [me
3286 5688 3762 5748 formidiucsullaui

2222 5779 2330 5847 sui,
2366 5779 2639 5837 sublatum
2677 5785 3048 5843 inctninissct:
3112 5792 3292 5843 animo
3343 5802 3559 5858 prorsus
3616 5780 3764 5837 ohlir-
