4048 6208
287 270 389 339 τοι

1394 277 1488 339 SU
1504 278 1777 338 PPLEM.
1824 276 2095 337 ANNAL.
2153 275 2459 338 TURCIC.

3445 280 3550 346 702

290 398 474 453 malo,
524 396 632 445 tam
691 387 982 452 audacter,
1037 389 1202 444 minis
1246 391 1406 445 etiam
1456 392 1755 463 interjectis
1776 435 1790 459 ,
1823 401 1884 446 ut
1912 396 1958 456 Α
1988 394 2275 456 cubiculis,
2311 400 2573 447 consueta
2612 406 2837 447 munera
2863 391 3075 447 sultano
3097 391 3312 458 Murati,
3347 394 3549 448 Musul-

286 482 556 536 voluutati
597 481 860 551 principis
895 482 979 536 sui
1027 484 1335 547 satisﬁeret,
1374 485 1616 541 trrsisse:
1652 488 1866 539 tandem

287 586 346 628 ut
376 575 559 629 omnis
588 577 636 629 ei
659 575 997 630 Cosakorum
1016 577 1197 645 praeda
1225 592 1348 631 cum
1386 578 1633 647 captivis,
1665 580 1869 647 absque

284 668 612 737 cujusquam
648 666 1058 736 impedimento,
1094 668 1491 733 restitueretur,
1522 684 1682 739 quam
1734 684 1870 737 pene

284 758 787 826 triumphalmndus
852 759 920 810 ad
977 757 1259 812 sultanum
1321 774 1481 814 suum
1542 761 1867 815 Constanti-

284 854 534 915 nopolim
569 853 775 907 attulit.

358 946 477 998 .lam
501 946 567 1001 de
591 945 798 1000 nostris
822 946 988 1000 etiam
1021 945 1182 1000 rebus
1217 954 1274 1001 ut
1297 945 1503 1014 aliquid
1526 945 1868 1011 interseram,

283 1047 416 1091 ante
445 1037 720 1090 biennium
754 1052 874 1101 sex,
896 1038 1017 1105 p!tts
1040 1037 1309 1100 minusve,
1338 1036 1642 1092 Turcorutn
1677 1039 1869 1101 millia,

280 1127 427 1180 duce
453 1127 706 1195 sangiaco
747 1126 1121 1191 Solnoccensi,
1151 1128 1243 1196 qui
1294 1129 1550 1193 deinceps
1573 1127 1872 1180 Sasuaren-

288 1220 372 1273 sis
409 1218 524 1274 sive
549 1219 843 1289 Zigetanus
867 1220 1023 1273 bassa
1045 1220 1360 1273 nominatus
1398 1219 1523 1282 fuit,
1571 1220 1766 1288 przedae
1794 1220 1873 1273 fa-

284 1312 509 1364 ciunda:
534 1326 695 1365 causa
735 1310 989 1375 collecta,
1024 1310 1300 1365 celeritate
1348 1310 1581 1378 quadam
1623 1310 1872 1377 inexspe-

289 1411 442 1455 ctata
493 1402 765 1470 regionem
796 1402 1168 1472 Cepisiensem
1199 1402 1553 1455 invaserant:
1579 1400 1870 1461 Ouodium,

283 1495 433 1561 quod
470 1494 537 1547 iis
576 1495 628 1546 in
684 1493 817 1546 locis
868 1493 1189 1560 oppidulum
1220 1505 1329 1557 est,
1380 1493 1652 1559 direptum
1689 1493 1873 1546 incen-

285 1586 517 1639 deraut:
544 1586 709 1639 multa
729 1585 1160 1639 Christianorum
1186 1586 1361 1650 capita
1386 1599 1508 1636 cum
1540 1583 1870 1651 amplissima

287 1676 473 1743 prada
507 1690 691 1728 secum
724 1676 1088 1730 abduxerant.
1122 1674 1259 1742 Quia
1292 1688 1420 1727 vero
1457 1674 1693 1729 reditum
1739 1676 1873 1727 isto-

1973 502 2255 540 mano'um
2310 485 2645 553 imperatori,
2702 485 3230 553 Constantinopolim
3298 487 3547 548 laturus,

1975 578 2179 633 Vienna
2208 578 2450 647 quinque
2481 576 2711 631 navibus
2740 576 2976 631 secundo
2996 576 3246 630 Danubio
3273 577 3548 640 discessit,

1976 673 2297 741 Budamque
2346 672 2580 726 feliciter
2623 673 2817 740 quinto
2851 670 2936 724 die
2968 671 3172 724 mensis
3216 669 3550 737 Septembris

1973 766 2181 834 appulit
2225 781 2239 817 ε
2293 780 2356 818 ac
2410 765 2819 833 perhumaniter
2868 748 3148 831 Exceptus,
3201 764 3411 829 negotia
3444 764 3547 815 sibi

1972 857 2297 912 demandata
2327 872 2449 911 eum
2499 854 2700 909 Sinane
2722 857 2879 909 bassa
2909 854 3163 912 Budensi,
3187 854 3351 923 380
3377 855 3549 922 patria

1973 948 2311 1009 Florentino,
2349 947 2477 1001 licet
2502 946 2591 999 alii
2627 945 3084 999 Mediolanensem
3129 959 3194 999 ex
3247 943 3549 998 Vicecomi-

1972 1052 2086 1096 tum
2119 1041 2317 1094 familia
2339 1040 2703 1109 perliibcrent,
2733 1054 2796 1091 ex
2823 1038 2986 1090 animi
3014 1036 3279 1090 sententia
3325 1034 3549 1103 peregit.

1972 1133 2052 1187 lbi
2082 1132 2377 1202 postridie,
2410 1147 2571 1198 quam
2610 1132 2937 1195 advenisset,
2966 1129 3058 1197 qui
3097 1127 3199 1182 fuit
3227 1139 3410 1181 sextus
3438 1128 3551 1179 dies

1976 1225 2331 1294 Septembris,
2368 1240 2490 1278 cum
2552 1223 2916 1276 deduceretur
2939 1221 3004 1275 ad
3040 1224 3277 1281 bassam,
3310 1220 3551 1273 insolens

1974 1318 2020 1370 ei
2060 1318 2461 1385 barbarumque
2492 1315 2866 1383 spectaculum
2900 1314 3203 1367 exhibitum
3255 1312 3378 1364 fttit.

2047 1411 2285 1464 Primum
2335 1424 2532 1477 magno
2584 1408 2764 1476 populi
2840 1421 3138 1466 concursu,
3203 1414 3309 1457 tres
3364 1401 3550 1455 habitu

1976 1502 2209 1557 'l‘urcico
2278 1501 2662 1570 przeceilebant
2746 1498 3004 1569 Zingani,
3058 1511 3198 1563 quos
3267 1495 3554 1563 AZgyptios

1977 1593 2264 1659 nonnulli,
2336 1594 2545 1645 Arabes
2616 1590 2709 1644 alii
2764 1597 2981 1643 vocant.
3062 1588 3265 1640 Horum
3339 1587 3549 1638 medius

1976 1686 2323 1750 testudinem,
2387 1684 2603 1737 usitatis
2656 1683 2941 1748 majorem.
3012 1679 3307 1747 pulsabat:
3353 1674 3547 1742 reliqui

284 1785 409 1821 rum
449 1769 616 1821 nostri
649 1769 713 1821 ad
762 1769 1005 1838 Agriam,
1038 1783 1200 1829 quam
1256 1761 1434 1821 E'rlam
1466 1768 1623 1834 vulgo
1655 1775 1868 1831 vocant,

1987 1781 2087 1831 luo
2139 1778 2353 1832 duabus
2408 1776 2660 1835 fidiculis,
2704 1775 2996 1828 admodum
3054 1773 3317 1830 stridulis,
3357 1768 3553 1836 strepi-

288 1858 776 1927 pra-Stolahantur,
828 1859 917 1911 ubi
988 1861 1222 1927 primum
1258 1856 1420 1911 Turri
1494 1859 1866 1922 advenissent,

284 1952 540 2004 dimicari
604 1962 867 2020 emptum,
925 1952 1051 2003 licet
1106 1951 1180 2003 illi
1255 1966 1484 2003 numero
1560 1953 1871 2018 superiores

288 2045 496 2098 nostris
530 2054 734 2097 essent.
787 2041 891 2097 Sed
942 2060 1064 2097 cum
1122 2042 1325 2097 nostris
1356 2043 1558 2097 auxilia
1597 2041 1867 2098 deStiuaIa

289 2138 780 2201 submittereutur,
846 2153 968 2205 quae
1018 2135 1359 2206 ngarocum
1414 2146 1564 2190 erant
1618 2138 1866 2205 equitum

291 2229 360 2281 ad
392 2229 503 2281 duo
532 2229 738 2281 millia:
787 2227 971 2282 denuo
1015 2238 1314 2297 pugnatum
1372 2228 1593 2289 acriter,
1643 2243 1870 2281 numero

291 2317 513 2379 Turcis,
547 2319 745 2371 virtute
780 2318 983 2372 nostris
1031 2318 1348 2372 fidentibus.
1379 2316 1496 2370 Jam
1530 2333 1729 2385 anceps
1754 2325 1869 2370 erat

293 2410 547 2471 victoria,
591 2424 712 2462 eum
750 2410 962 2478 equites
1015 2407 1271 2463 Germani
1306 2409 1615 2477 sclopelarii
1650 2418 1866 2462 centum

292 2501 690 2569 quinquaginta
722 2501 1196 2566 supervenientes,
1250 2501 1461 2554 nostris
1513 2515 1632 2553 cam
1691 2502 1868 2553 vindi-

293 2604 514 2647 caruut.
539 2592 670 2645 Nam
708 2608 736 2645 a
776 2593 946 2647 latere
993 2591 1298 2647 Turcorum
1345 2592 1399 2645 in
1458 2592 1629 2646 aciem
1666 2594 1870 2645 irrum-

292 2695 509 2753 pentes,
541 2684 794 2753 displosis
820 2684 1074 2753 sclopetis
1120 2698 1238 2738 eam
1266 2683 1448 2736 subito
1484 2684 1766 2737 solverunt
1806 2697 1868 2735 ac

294 2773 608 2825 turbarunt.
686 2774 946 2828 Hostibus
1004 2774 1057 2827 in
1107 2772 1288 2841 fugam
1324 2773 1628 2843 conjectis,
1678 2774 1867 2841 plures

294 2879 488 2918 eorum
545 2867 694 2929 cassi,
749 2880 849 2920 uec
915 2865 1199 2935 pauciores
1256 2864 1442 2933 capti:
1484 2847 1673 2933 pneda
1745 2879 1867 2918 eum

300 2958 591 3026 mancipiis
648 2959 973 3013 Christianis
1007 2967 1344 3028 recuperata.
1403 2957 1580 3013 C-edis
1643 2958 1867 3025 hujusce

299 3048 606 3102 Turcorum
659 3048 850 3103 nuntio
881 3048 1396 3116 Constantinopolin
1431 3049 1614 3110 allato,
1643 3048 1870 3101 mirilice

296 3140 614 3210 perturbari
659 3139 961 3194 Turcorum
1030 3140 1242 3194 animi.
1301 3137 1468 3192 Sinan
1544 3141 1747 3205 bassa,
1779 3140 1869 3208 qui

301 3244 417 3288 tum
470 3234 835 3287 vezirazemes
886 3243 1023 3296 erat,
1074 3233 1330 3298 fremere,
1391 3232 1593 3294 furere,
1647 3233 1881 3284 maxime

301 3325 569 3381 terribilia
622 3325 857 3379 minari.
915 3323 1019 3379 Sed
1078 3324 1341 3392 postridie
1385 3324 1529 3378 illius
1576 3322 1714 3387 diei,
1775 3337 1882 3390 quo

303 3417 857 3489 primum‘nuntium
908 3426 1263 3485 acceperant,
1321 3416 1542 3484 quidam
1592 3414 1883 3483 sangiacus

303 3525 381 3565 ex
417 3508 652 3577 Ungaria
684 3510 913 3564 veniens
948 3510 1014 3562 ad
1044 3511 1233 3565 bassas
1267 3508 1476 3562 vezires
1509 3507 1796 3564 deductus.
1830 3516 1885 3560 et

310 3601 388 3656 ab
414 3602 493 3655 eis
520 3602 583 3655 de
612 3618 690 3665 re,
725 3617 964 3671 quonam
1017 3604 1178 3656 modo
1224 3612 1375 3670 gesta
1409 3599 1625 3659 fuisset,
1655 3600 1886 3651 interro-

310 3703 511 3763 gatus,
554 3696 832 3762 respondit
861 3709 989 3747 suos
1023 3694 1167 3747 nulla
1205 3692 1487 3747 lacessitos
1543 3693 1739 3761 injuria
1804 3708 1887 3745 rc-

312 3786 532 3855 gionetu
614 3785 959 3851 imperatoris
998 3784 1298 3838 Christiani
1333 3793 1540 3838 temere
1562 3784 1884 3851 ‘invasisse,

314 3879 587 3945 mancipia
655 3876 963 3930 Christiana
1042 3877 1391 3947 praedamque
1444 3876 1735 3930 maximam
1788 3877 1888 3930 ab-

312 3972 575 4025 duxisse:
616 3988 719 4039 qua
754 3972 973 4039 quidem
1006 3973 1226 4035 onusti,
1280 3972 1410 4023 dum
1463 3985 1593 4024 suos
1637 3970 1702 4023 ad
1754 3972 1888 4024 lines

312 4063 537 4116 tlmuuut
600 4074 991 4133 properarent,
1056 4064 1113 4117 in
1186 4062 1401 4117 hostico
1464 4061 1591 4116 caesi
1657 4060 1886 4115 ftteriut.

313 4156 417 4209 "is
453 4156 757 4221 intellectis,
808 4166 862 4210 et
905 4157 958 4209 in
993 4155 1110 4210 dies
1164 4157 1231 4209 ab
1265 4156 1390 4209 aliis
1419 4170 1638 4223 quoque
1685 4157 1888 4208 contir-

315 4249 506 4312 matis,
555 4248 649 4301 ira:
676 4248 923 4301 nonnihil
967 4249 1155 4315 Sopita:
1193 4246 1448 4301 fuerunt:
1476 4246 1891 4315 prgcscrtiutque

312 4342 617 4406 Cogitatum
664 4340 729 4392 de
782 4340 1110 4392 renovandis
1153 4347 1206 4391 et
1256 4337 1614 4408 prorogandis
1662 4336 1892 4390 ulterius

1976 1882 2089 1924 tum
2119 1870 2416 1933 faciebant,
2467 1878 2521 1922 et
2544 1883 2677 1921 voce
2713 1868 2945 1921 barbara
2997 1866 3335 1920 sultanorum
3367 1866 3554 1915 (isma-

1973 1964 2224 2015 nidarum
2296 1977 2381 2014 res
2438 1959 2948 2027 gestas,omnibus
3006 1958 3071 2010 all
3162 1958 3305 2010 hunc
3378 1970 3553 2020 usque

1971 2053 2234 2109 Muratem
2270 2053 2461 2105 ordine
2495 2051 2803 2115 recensitis,
2833 2048 3174 2103 accinebant.

2046 2146 2153 2198 llos
2179 2145 2677 2211 sequebanturtrcs
2702 2141 3016 2210 lymphatici
3044 2137 3250 2192 robusti
3278 2137 3550 2198 homines,

1972 2236 2169 2304 ealigis
2228 2244 2438 2288 tantum
2501 2232 2700 2291 induti,
2758 2240 2953 2284 αιτιοι-τι
3013 2228 3166 2291 nudi,
3242 2228 3347 2281 nisi
3409 2228 3549 2292 quod

1972 2327 2163 2395 capitis
2191 2334 2373 2379 vertex
2408 2340 2572 2385 parvo
2604 2322 2799 2391 pileolo
2857 2322 3040 2381 rubro,
3070 2330 3122 2372 et
3154 2318 3364 2371 humeri
3419 2316 3547 2369 nudi

1973 2416 2359 2483 superinjecta,
2412 2414 2591 2480 deque
2634 2412 2775 2464 collo
2824 2409 3091 2477 pendente
3126 2407 3260 2473 pelle
3319 2404 3551 2473 tigridis,

1978 2509 2406 2563 exornabantur.
2433 2505 2495 2558 lii
2528 2506 2593 2559 ad
2617 2510 2949 2558 concentum
2982 2499 3349 2563 Ziugauorum
3378 2497 3550 2560 tripu-

1971 2608 2213 2669 tliabant,
2296 2612 2561 2668 _teneutes
2660 2598 2860 2665 singuli
2922 2596 3179 2651 vexillum
3253 2592 3547 2645 Turcicum

1972 2701 2123 2756 rubri
2154 2699 2376 2757 coloris,
2406 2696 2561 2763 cujus
2588 2693 2781 2747 hastile
2818 2691 2959 2744 intra
2992 2697 3165 2743 cutem
3203 2696 3249 2737 et
3277 2684 3547 2736 abdomen

1972 2793 2198 2854 ventris,
2243 2797 2531 2842 emanautc
2589 2785 2763 2837 multo
2798 2783 3083 2846 sanguine,
3120 2778 3354 2830 deﬁxum
3411 2783 3549 2827 erat.

2044 2882 2153 2937 Hos
2226 2881 2336 2933 duo
2386 2878 2541 2947 pueri
2596 2875 3005 2943 sequeban'ur,
3060 2866 3288 2935 qnicuti
3354 2864 3552 2919 frontis

1972 2973 2254 3044 perforatze
2276 2983 2481 3039 pennas
2512 2967 2660 3036 gruis
2689 2967 2919 3018 insertas
2955 2961 3219 3015 ferebant.

2045 3061 2355 3117 Secundum
2396 3073 2598 3128 pueros
2652 3054 2979 3109 incedebant
3014 3061 3251 3121 quatuor
3296 3051 3538 3104 virorum

1984 3156 2159 3228 paria.
2188 3150 2586 3225 pervulneratis
2616 3148 2898 3200 lateribus.
3526 3216 3531 3219 _

2054 3246 2220 3302 Primi
2272 3245 2380 3297 duo
2430 3242 2614 3295 clavas
2710 3237 2934 3297 ferreas,
3005 3249 3143 3302 quas
3221 3231 3552 3300 pnsdigauos

1984 3338 2212 3401 dicunt;
2264 3334 2495 3404 proximi
2542 3333 2647 3385 duo
2682 3328 2858 3382 nudos
2916 3339 3191 3383 acmaces.
3245 3338 3339 3392 per
3374 3331 3554 3374 cutem

1986 3428 2297 3487 translixos,
2334 3424 2639 3495 gestabant.

2056 3522 2268 3576 Rursus
2323 3519 2413 3573 alii
2469 3518 2577 3572 duo
2616 3514 3008 3585 sequebantur,
3085 3526 3319 3581 quorum
3416 3523 3558 3563 unus

1986 3613 2221 3670 securim
2259 3610 2545 3664 militarem
2573 3608 2905 3672 Ungaricnm
2938 3607 3285 3675 (schacanmu
3315 3599 3557 3667 vocant),

1988 3706 2123 3758 alter
2177 3704 2470 3772 oblongum
2522 3699 2771 3755 Genizari
2832 3699 3134 3765 sclopetum
3184 3697 3383 3766 apertis
3428 3695 3563 3747 late-

1989 3797 2167 3861 ribus,
2201 3798 2253 3849 in
2287 3794 2550 3850 transfixo
2581 3807 2806 3861 corpore.
2841 3792 3110 3860 portabat.

2067 3888 2269 3943 Ultimo
2308 3889 2428 3941 loco
2477 3885 2576 3938 viri
2624 3886 2731 3937 duo
2775 3882 2988 3935 robusti
3023 3879 3395 3947 spectaculum
3453 3877 3556 3927 hoc

1992 3981 2337 4039 claudebant.
2389 3979 2479 4045 qui
2521 3985 2760 4045 tempora
2800 3975 2986 4035 rectis,
3023 3973 3147 4025 latis
3199 3980 3249 4021 et
3311 3968 3562 4032 oblongis

1992 4071 2238 4134 ensibus,
2262 4084 2399 4138 quos
2427 4069 2629 4136 Ungari
2654 4066 2892 4135 palastos
2919 4072 3133 4123 vocant,
3162 4060 3563 4114 lransﬁverant.

1995 4164 2198 4218 florum
2221 4160 2441 4227 capulos
2466 4158 2717 4211 manibus
2740 4157 3011 4210 tenebant.
3036 4156 3090 4206 In
3112 4153 3320 4206 ensium
3345 4148 3569 4215 ettspide

1995 4268 2213 4324 poinum
2246 4260 2362 4304 erat
2390 4249 2637 4310 ai'fixum,
2681 4256 2734 4301 et
2765 4261 2924 4314 ponto
2951 4260 3124 4312 penna
3160 4244 3308 4312 gruis
3340 4244 3563 4295 inserta.

2066 4342 2313 4399 Universi
2354 4341 2491 4395 rasis
2536 4339 2798 4393 novacula
2842 4336 3034 4404 capitis
3085 4345 3138 4388 ct
3186 4336 3365 4388 barbae
3417 4334 3565 4401 pilis,

313 4451 445 4487 cum
481 4432 1265 4500 imperatoreﬂlu'isuanorum
1294 4430 1549 4494 induciis,
1586 4445 1706 4499 qum.
1748 4444 1891 4481 anno
1927 4456 1971 4513 ο
1998 4443 2224 4503 excepto
2269 4446 2528 4496 mustace,
2586 4429 2773 4498 caligis
2827 4438 3034 4480 tantum
3095 4425 3436 4493 largioribus,
3476 4423 3567 4489 qui

316 4526 432 4579 990
457 4525 605 4594 (Chr.
658 4524 818 4592 1585)
876 4524 1233 4591 exspiratura:
1283 4531 1514 4577 essent:
1579 4536 1893 4590 quanquam

317 4620 446 4672 illas
478 4617 836 4679 impediturus
890 4618 1169 4671 videretur
1196 4614 1367 4670 Sinan
1409 4615 1785 4677 vizirazemes,
1844 4613 1896 4665 ni

317 4710 503 4765 utasul
536 4710 712 4764 factus
758 4709 969 4771 fuisset,
1007 4719 1057 4762 ut
1085 4724 1251 4778 supra
1299 4707 1873 4763 commemoravimus.

401 4802 555 4853 Anno
610 4800 773 4868 igitur
805 4799 899 4853 99!
958 4797 1113 4865 (Chr.
1171 4797 1333 4863 1584)
1365 4808 1552 4850 secuta
1606 4795 1708 4849 fuit
1763 4804 1902 4847 inter

317 4892 675 4960 Budolphum
753 4889 836 4955 ll,
908 4890 1282 4944 Christianum
1339 4891 1770 4958 imperatorem,
1844 4895 1898 4938 et

319 4986 598 5039 Muratem
640 4983 730 5049 lii,
769 4984 1157 5052 imperatorem
1213 4983 1709 5043 Musulmanm-um,
1742 4979 1903 5032 indu-

320 5078 546 5133 ciarum
577 5079 889 5145 prorogatio
931 5094 947 5129 :
983 5092 1106 5144 qua:
1147 5075 1373 5128 Kalend.
1405 5073 1704 5135 Ianuariis,
1759 5085 1905 5126 anno

321 5170 648 5225 (ZbriSIiano
684 5169 837 5231 1584,
894 5168 987 5236 qui
1024 5167 1436 5221 Mabumelauus
1478 5176 1563 5218 est
1594 5164 1719 5227 991,
1774 5163 1910 5217 inci-

326 5270 550 5333 perent,
577 5271 627 5317 ct
662 5278 863 5314 nonum
892 5261 956 5313 ad
991 5275 1196 5313 annum
1233 5274 1405 5327 usque
1436 5260 1721 5312 durarent.

366 5408 373 5419 μ
409 5354 523 5409 lloc
549 5356 725 5423 primo
756 5364 1168 5423 prorOgatarum
1228 5353 1569 5405 iuduciarum
1603 5364 1765 5410 anno.
1813 5348 1915 5403 sub

333 5449 506 5501 finem
541 5446 745 5500 mensis
774 5445 1025 5516 Augusti,
1071 5444 1344 5513 Rudolpbi
1385 5441 1423 5496 ΙΙ
1468 5442 1699 5497 Romani
1740 5441 1914 5506 impc-

333 5540 539 5596 ratoris
564 5541 720 5609 jussu
757 5542 839 5593 vir
896 5540 1123 5592 illustris
1154 5546 1207 5590 et
1261 5549 1581 5604 generosus,
1643 5532 1914 5585 Henricus

336 5632 481 5688 Baro
511 5634 579 5685 de
620 5632 1013 5695 Lichteustain,
1063 5631 1129 5683 de
1162 5629 1502 5698 Nicolspurg,
1578 5623 1915 5679 serenissiuii

342 5724 424 5793 pii
452 5723 609 5792 :cipis
664 5724 915 5789 Matthiae,
970 5721 1279 5779 arcliiducis
1311 5722 1569 5779 Austria',
1606 5718 1815 5787 primus
1878 5729 1906 5768 a

2001 4529 2303 4583 Turcorum
2359 4540 2453 4592 per
2518 4532 2758 4577 mStatem
2819 4534 2940 4574 mos
2978 4527 3081 4577 est,
3134 4516 3350 4573 induti:
3405 4529 3568 4582 supra

1998 4618 2277 4686 cingulum
2344 4615 2501 4683 plane
2531 4613 2659 4666 nudi
2708 4620 2881 4673 erant,
2925 4610 3025 4663 uisi
3065 4607 3206 4676 quod
3252 4606 3302 4659 iu
3353 4605 3573 4666 vertice,

2003 4703 2148 4758 sicut
2173 4714 2224 4757 et
2264 4713 2423 4757 antea
2455 4703 2716 4766 diximus,
2756 4702 2979 4754 rubrum
3019 4699 3381 4765 strictumque
3412 4694 3580 4763 pileo-

2003 4795 2316 4864 lttm,quem
2342 4794 2539 4849 takiam
2567 4794 2642 4864 (ni
2675 4793 2853 4861 fallor)
2879 4792 3176 4860 appellant,
3206 4800 3258 4843 et
3284 4789 3581 4859 pendentes

2004 4891 2073 4942 de
2091 4887 2231 4941 collo
2248 4902 2343 4955 per
2366 4886 2625 4939 humeros
2646 4884 2904 4951 tigridum
2935 4884 3100 4951 pelles
3120 4881 3420 4951 gestabant.
3456 4878 3570 4931 Om-

2006 4995 2105 5034 nes
2123 4978 2283 5031 etiam
2301 4978 2660 5047 tripudiantes
2683 4977 2943 5030 continuo
2962 4976 3254 5038 saltabant,
3276 4989 3397 5025 cum
3418 4970 3581 5023 multa

2008 5069 2294 5139 sanguinis
2324 5067 2609 5135 eflusione,
2635 5084 2809 5137 quem.
2826 5068 3066 5136 spongiis
3089 5065 3495 5128 abstergebanu

2083 5160 2197 5215 Hoc
2241 5176 2413 5230 genus
2449 5161 2751 5222 hominum,
2815 5158 2961 5228 quod
2994 5157 3178 5208 animo
3214 5154 3421 5206 scilicet
3479 5151 3579 5202 itu-

2013 5254 2304 5324 pcrtcrrito
2334 5252 2554 5322 quidvis
2610 5252 2866 5315 audeant,
2907 5265 2934 5302 a
2961 5248 3154 5300 Turcis
3190 5244 3421 5303 delilari,
3479 5242 3583 5294 hoc

2017 5364 2122 5411 εει,
2167 5348 2313 5403 stulti
2364 5346 2627 5415 delirique
2676 5351 2965 5404 vocantur,
3014 5354 3043 5391 a
3091 5337 3294 5392 ϐιηθεὶς
3363 5336 3585 5399 ι·1ιὶι·ς‹ι-

2014 5439 2259 5510 kiudyui.
2301 5438 2445 5507 quod
2487 5435 2793 5505 pr-ecipites
2838 5433 2892 5485 in
2925 5430 3165 5499 pericula
3218 5437 3403 5481 ruant.
3442 5427 3579 5479 Cum

2014 5544 2193 5585 autem
2251 5546 2442 5585 rursus
2499 5531 2688 5582 eadem
2743 5534 3062 5596 peragentes
3103 5538 3222 5588 qua:
3278 5521 3471 5589 prius,
3519 5534 3584 5571 ex

2012 5627 2220 5681 milibus
2237 5626 2412 5678 bassm
2438 5632 2676 5682 nostros,
2702 5622 2767 5672 ad
2792 5618 3009 5672 ttavitttu
3038 5627 3146 5670 stat
3171 5631 3351 5675 oncm,
3386 5630 3587 5682 prame-

2018 5720 2191 5773 deudo
2254 5716 2658 5771 deduxissent:
2720 5721 2943 5781 accepto
3004 5724 3252 5771 utuucre,
3315 5707 3457 5776 quod
3506 5705 3586 5759 eis
