4048 6208
550 315 663 382 703
1808 305 2137 368 JOANNIS
2181 301 2651 365 LEUNCLAVII
3225 302 3228 306 ’
3274 303 3279 310 ’
3370 319 3375 326 ·
3747 287 3843 352 ’1οὶ

560 426 778 494 legatus
809 421 1111 492 augustalis
1132 420 1249 476 dari
1279 420 1466 490 jussit.
1489 419 1554 474 ad
1585 435 1714 475 suos
1745 419 1952 474 reversi
1985 425 2134 472 sunt.
2170 421 2216 476 Α
2245 418 2412 471 domo
2467 413 2663 468 litteris
2720 405 3096 463 amantissime
3149 404 3372 472 scriptis
3414 402 3649 457 accitum
3710 401 3841 458 invi.

634 513 1056 570 Comitabantur
1105 516 1208 568 hoc
1257 511 1452 567 itinere
1507 511 1745 581 legatum
1796 509 2009 578 aliquot
2067 509 2159 563 ba-
2276 515 2508 562 laverat.
2569 504 2619 560 ls
2665 501 2926 573 Dionysio
2960 499 3236 601 CillQnSi:-
3266 496 3558 601 monacho.
3595 495 3749 601 docto
3795 504 3842 550 et

571 622 752 661 rones.
827 606 1040 676 virique
1091 604 1320 671 nobiles,
1358 620 1592 674 quorum
1631 604 1851 657 nomina
1882 602 2158 671 subjicere
2272 600 2477 666 optimo
2531 599 2684 659 viro,
2750 594 3001 693 ecclesiae
3041 592 3124 693 ‘S.
3190 590 3358 693 blarci
3421 589 3843 693 Calliup‘olitainre

569 698 729 752 libuit
790 713 855 752 ex
920 698 1321 753 commentario
1378 697 1692 752 Melcltioris
1769 695 1993 760 Besolti,
2059 694 2158 764 qui
2279 689 2597 759 praeposito,
2651 687 2929 740 memoria:
2967 685 3444 746 delunclicausa.
3483 681 3839 737 SCthamhic

573 806 822 844 oestrum
863 791 966 846 hoc
996 792 1102 845 iter
1129 789 1449 859 descripsit.
2273 783 2594 852 subjectum,
2663 783 2847 851 lingua
2901 782 3124 844 Graeca,
3178 777 3409 843 Latina,
3494 777 3672 832 Italica
3718 776 3838 832 Ger-

642 879 878 936 Karulus
946 882 1321 948 Dietricstain,
1386 882 1523 936 baro
1592 881 1646 935 in
1713 879 2025 948 Holenhurg
2107 891 2162 934 et
2277 877 2980 949 manicaqueperseriptam
3019 871 3838 944 reliquit:donecafratribus,

571 968 987 1028 Finckenstain.
2275 971 2715 1039 generosissimis
2752 967 3089 1032 baronibus,
3158 967 3402 1036 Georgio
3470 964 3722 1023 Erasnto.
3793 974 3841 1016 tt

642 1063 1030 1131 Sigismundus
1063 1066 1396 1132 Ludovicus,
1428 1066 1561 1120 baro
1587 1065 1654 1119 de
1687 1063 1955 1118 Polltaitn.
2273 1060 2483 1115 Joanne
2537 1061 2842 1128 Septimio,
2895 1075 3005 1130 quo
3061 1059 3240 1113 nullus
3299 1056 3519 1110 ordinis
3550 1057 3631 1111 sui
3662 1065 3836 1108 nostro

644 1157 804 1212 Joan.
839 1159 1146 1214 Bernardus
1180 1177 1210 1215 a
1242 1159 1678 1221 Lembaeh.cte.
2273 1154 2475 1208 saeculo
2531 1152 2838 1208 Germanus
2907 1152 3170 1221 majorem
3234 1150 3394 1206 orbis
3456 1159 3655 1217 partem
3706 1164 3842 1213 [δρω-

657 1248 888 1303 Wolfius
915 1250 1166 1320 Ungnad,
1200 1251 1334 1305 baro
1361 1253 1416 1304 in
1457 1250 1725 1305 Sonneck.
2275 1245 2542 1316 grinando
2603 1244 2815 1300 felicius
2881 1243 3282 1314 perlustravit,
3371 1241 3614 1297 debitum
3673 1240 3839 1293 virtuti

644 1335 911 1406 Georgius
983 1337 1360 1407 l‘lartmanus,
1421 1339 1555 1394 baro
1609 1338 1679 1393 de
1743 1336 2158 1405 Lichtenstain,
2274 1338 2576 1409 pietatique
2607 1337 2838 1392 baronis
2864 1337 3054 1407 optimi
3107 1343 3537 1390 monumentum
3574 1334 3838 1386 excitetur.

574 1427 738 1496 legati
775 1429 964 1484 frater.

647 1516 806 1573 Joan.
835 1519 1073 1589 Ulrirus,
1104 1523 1238 1577 baro
1261 1521 1327 1577 de
1359 1522 1770 1593 Stahremberg.

655 1613 930 1682 Georgius
964 1615 1229 1680 Andreas,
1262 1615 1397 1670 baro
1428 1616 1494 1669 de
1526 1616 1808 1670 Buchaim.

653 1707 963 1775 Stephanus
988 1707 1056 1762 de
1086 1710 1256 1772 Reva,
1285 1723 1469 1764 comes
1498 1699 1850 1777 Turocensis,
1888 1709 2162 1782 Ungarus.

655 1773 984 1854 Wilhelmus
1023 1816 1052 1854 a
1089 1799 1460 1856 Dietricsuin.
2205 1773 2247 1826 Β

658 1889 898 1944 Joannes
930 1889 1288 1944 Lewenklaw.

653 1981 979 2039 Franciscus
1011 1983 1282 2054 Georgius
1315 1985 1603 2040 Oberdorf.

653 2073 914 2128 Melcltior
946 2076 1146 2132 Brsolt.

653 2165 1063 2226 Maximiliunus
1102 2171 1285 2240 Mager
1320 2190 1349 2228 a
1381 2172 1663 2229 Fucltstat.

656 2262 932 2320 Antonius
964 2281 990 2318 a
1029 2267 1243 2337 Stamp.

652 2352 920 2426 Georgius
966 2358 1192 2414 Rotltut.

657 2443 855 2501 flector
886 2450 952 2502 ab
986 2449 1126 2513 ΕΗΖ,
1164 2451 1301 2505 aulae
1337 2453 1645 2518 prrnfeetus.

657 2534 813 2589 Joan.
847 2537 1088 2593 Jaeobus
1122 2540 1295 2612 Eglof,
1339 2544 1535 2598 stabuli
1575 2541 1883 2611 prmfectus.

655 2624 895 2682 Jacobus
928 2630 1161 2686 Mielich.

663 2718 851 2772 Victor
881 2720 1224 2792 Recltlinger.

666 2807 904 2864 Joannes
938 2810 1170 2866 Basilius
1199 2812 1268 2866 ab
1297 2812 1654 2869 llohenwart.

2277 1499 2426 1554 ANNO
2451 1513 2771 1555 CIIBISTMNO
2794 1512 2901 1552 CII).
2939 1514 3007 1554 ID.
3043 1509 3243 1551 ιχκκν.
3291 1512 3381 1550 DIE
3411 1511 3499 1549 XVI
3533 1511 3586 1549 li.
3635 1508 3836 1546 ANNUS.

2347 1587 2432 1626 PIE
2456 1586 2715 1626 IIIGRAVIT
2741 1584 2808 1622 EX
2841 1583 2942 1622 ΗΑΒ
2975 1585 3038 1622 ΔΙ)
3064 1582 3372 1623 εωιεδτεω
3405 1582 3566 1620 \‘l'l‘AI
3595 1577 3840 1618 ιιιυετιῃε

2350 1659 2420 1696 ΕΤ
2473 1655 2778 1695 GENEBOSUS
2814 1655 2900 1693 DN.
2933 1654 3151 1693 IJENRIC.
3182 1654 3324 1690 ΒΜιι)
3350 1653 3417 1690 DF.
3453 1648 3836 1689 1,·ειιτιτκςτλικ.

2348 1729 2416 1766 nt:
2435 1725 2780 1766 NICOLsrunc.
2803 1725 3086 1763 nuoownt.
3109 1725 3169 1763 tt.
3206 1724 3316 1762 me.
3339 1724 3406 1760 Αι)
3425 1708 3834 1760 ronrsu'osum-

2345 1799 2450 1838 cut
2475 1797 2732 1837 LEGATUS.
2751 1795 3022 1835 SEPULTUS
3052 1794 3102 1832 IN
3128 1793 3228 1833 HOC
3249 1792 3465 1832 τεκριο
3484 1791 3526 1828 S.
3562 1789 3707 1829 HARCl
3727 1788 3837 1825 CA1.-

2349 1868 2581 1908 l.lUPl)Ll.
2612 1867 2677 1905 AD
2704 1866 2931 1906 GBADUS.
2965 1865 3132 1904 PROPE
3165 1862 3574 1903 CONVERSlONE!
3605 1860 3647 1900 5.
3682 1857 3831 1896 οιῦιι.

2349 1939 2436 1979 DIE
2465 1940 2520 1978 Il.
2553 1938 2731 1979 APBIL.
2760 1937 2853 1978 XX.
2896 1938 2990 1976 AN.
3020 1933 3280 1976 SUPEBIUS
3309 1932 3589 1973 ιΝοιοΑτο.

2349 2082 2612 2151 Equidem
2650 2081 2784 2136 mihi
2847 2081 3136 2150 polliceor,
3191 2081 3443 2136 humano
3497 2077 3675 2133 lectori
3713 2077 3834 2154 hanc

2273 2174 2490 2229 itineris
2517 2173 2694 2229 nostri
2722 2173 3057 2228 mentionem
3089 2187 3201 2227 non
3235 2174 3513 2246 ingratam
3561 2171 3709 2225 fore:
3741 2183 3831 2238 qua

2281 2265 2437 2321 libuit
2458 2265 2634 2321 obiter
2664 2267 2831 2321 etiam
2861 2279 2982 2320 meo
3005 2281 3134 2338 erga
3162 2267 3360 2321 beatos
3392 2265 3602 2321 llenriei
3636 2261 3829 2319 barouit

2280 2359 2468 2413 eximii
2506 2373 2695 2414 manes
2723 2359 2900 2414 officio
2919 2359 3163 2429 defungi,
3206 2359 3372 2430 cujus
3401 2374 3525 2429 erga
3565 2373 3644 2412 me
3668 2370 3835 2428 perpe-

2283 2459 2432 2505 tuam
2467 2449 2591 2504 inde
2626 2465 2799 2520 usque
2832 2466 2862 2505 a
2893 2450 3278 2521 primisipsius
3309 2450 3659 2506 adolescentis
3678 2448 3829 2500 adhuc

2283 2542 2444 2595 annis
2481 2541 2915 2596 benevolentiam
2940 2549 2995 2596 et
3018 2557 3257 2597 amorem
3291 2553 3550 2612 expertus
3571 2541 3662 2595 fui.
3698 2538 3829 2591 Nunc

2284 2633 2349 2687 ad
2380 2633 2692 2688 institutum
2728 2635 3042 2700 redeuntes,
3070 2635 3296 2689 tandem
3323 2634 3608 2705 aliquando
3631 2642 3826 2702 pensum

2287 2726 2389 2780 hoc
2415 2726 2788 2783 absolvamus.

2356 2818 2469 2874 liae
2489 2821 2860 2874 etianttestate
2887 2818 3013 2873 anni
3045 2818 3142 2873 99l
3216 2821 3376 2886 (Chr.
3419 2818 3568 2898 ἥδέ)
3615 2819 3830 2870 sultautts

664 2901 904 2953 Aderant
963 2902 1230 2957 baroaunt
1308 2920 1372 2958 ac
1431 2907 1697 2961 nobilium
1755 2906 1958 2964 addicti
2024 2911 2186 2964 mini-
2292 2911 2535 2965 Murates
2564 2911 2693 2964 dum
2723 2927 2780 2966 se
2817 2927 2940 2964 cum
2976 2913 3142 2965 mutis
3169 2912 3294 2966 suis
3321 2913 3571 2972 oblectat,
3607 2925 3728 2978 pene
3751 2923 3829 2976 nev

591 2992 779 3044 steriis
812 2991 1189 3047 adolescentes
1226 2997 1440 3051 nobiles
1477 2998 1779 3065 sexdecim,
1817 3011 2016 3070 praeter
2047 3003 2184 3057 alios
2289 3001 2398 3055 riit.
2434 3000 2683 3056 Diximus
2711 3003 2855 3055 enim
2889 3017 3074 3072 supra,
3099 3013 3279 3058 mutos
3299 3003 3526 3058 sultanis
3553 2999 3825 3054 Osmattidis

593 3083 856 3152 plebeios.
909 3085 1082 3141 Totus
1121 3087 1356 3158 denique
1391 3090 1689 3146 comitatus
1731 3103 1887 3147 extra
1943 3095 2175 3165 legatum
2209 3104 2252 3161 α
2287 3092 2340 3146 in
2374 3091 2584 3146 deliciis
2608 3094 2864 3160 esse,qui
2899 3093 3067 3146 animi
3115 3108 3275 3147 sensa
3311 3094 3476 3161 signis
3535 3090 3822 3160 quibusdattt

593 3178 882 3231 consultat
943 3179 1252 3248 octuaginta
1287 3195 1480 3236 novem
1539 3183 1814 3252 personis.
1849 3184 1987 3255 Equi
2019 3202 2183 3243 sexa-
2287 3185 2501 3252 aperire
2531 3185 2760 3240 solerter
2793 3195 3015 3250 norunt,
3047 3196 3102 3240 et
3135 3185 3384 3240 vicissim
3423 3185 3706 3254 intelligere
3738 3196 3824 3232 uu-

591 3267 743 3337 ginta
782 3284 876 3325 sex
916 3279 1094 3335 erant,
1138 3279 1333 3341 praeter
1383 3273 1570 3330 decem
1601 3274 1685 3330 vel
1719 3276 2008 3332 duodecim
2048 3294 2182 3334 coo-
2288 3277 2434 3331 tibus
2460 3291 2525 3332 ac
2551 3276 2720 3346 signis
2747 3279 3007 3333 indicata.
3054 3277 3278 3332 Solebat
3319 3280 3417 3333 hos
3447 3276 3668 3330 Murates
3694 3270 3822 3339 equis

596 3361 896 3418 tlttetitios:
950 3381 1146 3419 currus
1192 3366 1375 3437 (vulgo
1422 3368 1640 3425 coccios
1671 3372 1888 3441 vocant)
1946 3382 2184 3442 septem-

595 3452 796 3515 decim.
829 3455 1030 3524 quibus
1074 3455 1334 3514 Tauruuo
1364 3459 1481 3514 sive
1523 3461 1790 3530 Belgrade
1850 3462 2182 3518 Constanti-

596 3549 836 3618 nepolim
913 3550 1254 3620 veherentur.
1309 3554 1438 3610 Istic
1467 3555 1616 3610 enim
1693 3558 2068 3622 exscenditur,
2131 3565 2186 3611 et

598 3638 794 3693 itinere
831 3641 1102 3707 terreStri,
1148 3642 1396 3699 Danubio
1435 3644 1503 3700 ad
1563 3645 1752 3700 laevam
1818 3648 2030 3710 relicto,
2087 3663 2184 3718 per

599 3730 868 3792 Serviam,
898 3731 1229 3804 [tulgariam,
1253 3735 1583 3790 Macedonia:
1605 3749 1840 3807 partem,
1866 3738 2181 3806 Thraciam,

600 3823 1138 3894 Constantinopolim
1174 3827 1302 3882 itur.
1341 3828 1678 3900 Adjunxerat
1714 3831 1925 3888 itineris
1957 3832 2184 3887 comites

605 3916 764 3972 bassa
798 3916 1090 3982 Budensis,
1153 3936 1321 3974 unum
1379 3938 1441 3976 ex
1509 3924 1849 3992 proceribus,
1912 3925 2005 3994 qui
2057 3924 2184 3995 Begi

603 4005 799 4062 Turcis
844 4009 1118 4072 dicuntur,
1174 4012 1416 4082 itemque
1478 4022 1590 4068 tres
1637 4015 1876 4080 zausios,
1907 4016 1999 4085 qui
2035 4033 2188 4071 com-

610 4101 990 4156 missariorum
1030 4102 1082 4157 in
1121 4104 1262 4160 aulis
1292 4107 1494 4161 nostris
1523 4107 1700 4161 locum
1737 4109 1859 4162 istic
1913 4109 2184 4176 obtinent,

602 4202 657 4246 ct
687 4199 798 4248 tres
849 4195 1158 4262 genizaros.
1219 4195 1282 4250 lli
1352 4197 1464 4252 suis
1533 4214 1657 4253 cum
1728 4197 1945 4255 famulis
2000 4212 2052 4255 et
2084 4203 2186 4271 ipsi

604 4296 798 4355 praeter
825 4287 1060 4354 equites,
1093 4297 1298 4355 septem
1335 4288 1519 4344 rhedis
1561 4293 1677 4345 sive
1711 4293 1967 4347 curribus
2019 4295 2187 4348 velte-

2289 3367 2706 3438 przcgrandibus
2731 3379 2783 3422 et
2811 3368 2881 3421 ob
2915 3379 3206 3437 corporum
3247 3369 3446 3422 molem
3482 3365 3638 3420 tardis
3678 3363 3825 3428 impo-

2289 3475 2438 3521 nere,
2494 3473 2619 3512 cum
2681 3458 2799 3528 ipse
2844 3458 3079 3514 maxime
3137 3459 3398 3530 agilibus,
3449 3473 3508 3511 ac
3560 3451 3817 3524 prarserlim

2287 3550 2556 3614 Arabicis,
2590 3561 2836 3605 uteretur
2869 3570 2882 3605 :
2923 3561 2977 3604 et
3004 3551 3168 3605 modo
3195 3552 3247 3604 itt
3287 3552 3455 3622 hunc,
3523 3546 3668 3600 modo
3692 3543 3736 3595 in
3772 3538 3825 3592 il-

2289 3644 2400 3698 lunt
2423 3657 2734 3714 provccms,
2751 3644 2901 3697 nervi
2929 3643 3115 3698 bubuli
3140 3647 3288 3713 (cara
3303 3657 3512 3698 vazzam
3535 3641 3624 3710 ipsi
3644 3630 3826 3693 vocali!)

2291 3736 2610 3792 verberibus
2639 3745 2750 3788 tam
2784 3745 2988 3799 mutos,
3045 3751 3210 3805 quam
3238 3751 3415 3806 equos
3465 3747 3638 3786 eorum
3665 3737 3826 3785 etesost

2299 3828 2367 3884 ad
2404 3843 2627 3883 cursum
2663 3827 2989 3896 impelleret.
3019 3826 3076 3881 In
3109 3827 3214 3882 hoc
3248 3828 3381 3882 ludo
3405 3831 3668 3890 correptus
3686 3813 3826 3869 couti-

2293 3921 2404 3974 tiali
2433 3919 2645 3983 morbo,
2669 3919 2771 3973 sibi
2814 3917 3092 3983 familiari,
3125 3928 3234 3973 tam
3261 3919 3414 3990 gravi
3461 3919 3600 3986 lapsu
3624 3927 3679 3966 ex
3710 3916 3826 3974 equo

2299 4014 2503 4070 decidit
2539 4015 2604 4069 ad
2635 4015 3004 4082 pavimentum
3035 4012 3249 4077 allisus,
3326 4025 3384 4066 ut
3411 4011 3618 4065 omnino
3649 4017 3731 4072 per
3753 4012 3825 4051 ω·-

2293 4109 2412 4164 bem
2451 4107 2534 4160 vel
2563 4106 2675 4176 jaut
2711 4107 3036 4170 moriturus,
3082 4105 3167 4159 vel
3225 4119 3476 4160 mortuus
3533 4097 3822 4153 crederetur.

2295 4202 2559 4271 Adeoque
2595 4198 2856 4270 genizati,
2905 4214 3000 4268 pro
3037 4213 3212 4264 more,
3251 4201 3402 4253 velut
3453 4192 3698 4249 θωὴν-ιο
3725 4181 3818 4234 sul-

2299 4305 2450 4358 tano.
2485 4294 2596 4364 jam
2615 4292 3059 4348 Christianorum
3096 4290 3580 4356 lleltra-orttmqnee
3605 4281 3818 4364 tabernas

607 4380 827 4433 bantur.
883 4379 1152 4436 Henricus
1220 4381 1352 4435 baro
1415 4382 1511 4436 de‘
1542 4381 1949 4439 Liechtenstain
1981 4427 1994 4451 ,
2066 4395 2188 4454 post
2226 4412 2266 4467 υ
2300 4363 2590 4440 involando
2615 4385 2952 4454 diripiebant
2983 4401 2996 4438 :
3059 4383 3436 4453 maximusque
3494 4373 3746 4467 tumultus
3775 4363 3816 4414 ill

605 4471 846 4524 oblatum
910 4477 1126 4526 su'tano
1205 4475 1396 4528 Murali
1462 4492 1710 4541 munus,
1777 4478 1981 4531 amisso
2016 4477 2186 4534 fratre

605 4563 838 4630 Georgio
874 4562 913 4614 ll
938 4578 1193 4627 trtntano,
1244 4569 1336 4634 qui
1372 4568 1848 4634 (lonStantiuojtoli
1885 4569 2039 4631 obiit,
2071 4570 2184 4640 jam

605 4665 661 4708 et
688 4655 805 4720 ipse
843 4656 1104 4708 diuturno
1146 4658 1338 4710 morbo
1383 4657 1617 4712 debilior
1672 4658 1870 4725 factus,
1930 4663 2188 4732 majorem

607 4744 829 4801 familia:
866 4759 1070 4812 partem
1134 4763 1258 4801 cum
1294 4749 1450 4818 equis
1512 4761 1559 4804 et
1596 4753 1852 4805 curribus
1909 4753 2187 4810 Constan-

610 4839 834 4906 tinopoli
911 4838 1000 4893 die
1069 4839 1394 4896 duodecimo
1474 4844 1682 4898 mensis
1763 4844 2073 4902 Decembris
2136 4849 2188 4901 in

611 4930 897 4985 Austriam
939 4933 1191 5000 remisit;
1235 4934 1351 5004 ipse
1394 4937 1515 4991 navi
1561 4935 1786 5001 Veneta,
1819 4939 1924 4993 sub
1977 4941 2190 4996 initium

609 5026 776 5088 \‘eris,
816 5040 910 5092 per
940 5027 1170 5080 mediam
1216 5027 1483 5083 Graeciam
1518 5030 1736 5084 domum
1773 5031 1950 5086 redlre
1979 5033 2192 5087 sta'uit.

613 5123 771 5170 Anno
821 5119 1097 5186 Sequenti.
1137 5122 1345 5174 decimo
1407 5122 1570 5176 tertio
1600 5123 1686 5176 tlie
1725 5125 1931 5178 mensis
1965 5125 2190 5192 Aprilis,

613 5211 954 5277 Callittjmlim
1015 5212 1080 5264 ad
1158 5211 1564 5283 Hellespontum
1627 5213 1789 5271 sitam
1862 5217 2046 5278 venit;
2100 5215 2198 5271 ubi

613 5305 805 5360 morbo
824 5305 1207 5372 invalescente,
1232 5323 1427 5376 magno
1444 5322 1569 5362 cum
1590 5307 2201 5379 suorum381dolore,

618 5399 684 5455 16
714 5400 802 5456 die
835 5400 1034 5456 mensis
1056 5401 1320 5470 ejusdem,
1351 5399 1643 5455 continuas
1668 5400 1807 5453 inter
1835 5414 2024 5468 preces
2057 5399 2203 5453 velut

619 5491 1061 5557 obdormiseeus,
1118 5495 1284 5549 vitam
1370 5495 1514 5550 hanc
1599 5492 1884 5547 mortalem
1963 5491 2200 5547 feliciter

624 5599 747 5638 cum
827 5585 1121 5640 immortali
1195 5586 1624 5644 commutavit.
1669 5584 1867 5654 Aderat
1930 5593 2059 5638 tunc
2131 5581 2200 5636 ad

628 5681 816 5732 l‘czttas
841 5679 1052 5746 piorum
1088 5678 1247 5734 sedes
1271 5677 1523 5747 migranti
1547 5673 1787 5730 Joannes
1809 5675 2196 5740 Leunclavius,

631 5786 792 5840 quem
825 5771 873 5823 in
903 5770 1184 5856 pritnisut
1211 5770 1376 5841 hujus
1415 5769 1628 5825 itineris
1662 5769 1918 5825 comitem
1949 5768 2199 5836 haberet,

2297 4477 2431 4533 urbe
2456 4487 2750 4533 secuturus
2784 4486 2922 4541 crat,
2959 4477 3065 4531 nisi
3090 4489 3303 4531 mature
3351 4471 3702 4545 genizarorum
3717 4458 3814 4552 Alte-1

2299 4569 2416 4624 sive
2453 4568 2729 4632 tribunus,
2764 4566 3056 4636 quemdam
3091 4567 3144 4620 in
3177 4567 3293 4636 ipso
3322 4561 3687 4633 deprehensum
3715 4545 3820 4644 [τιον

2297 4675 2429 4716 nore
2459 4675 2607 4724 mox,
2644 4659 2711 4714 ad
2749 4659 3130 4713 incutiendum
3153 4661 3368 4713 caeteris
3408 4659 3671 4707 terrorem,
3723 4650 3823 4735 Sllf‘

2295 4754 2458 4825 pendi
2486 4753 2750 4822 iussisset
2788 4751 3122 4822 :mancipiis
3157 4751 3320 4805 etiam
3355 4741 3638 4802 nonnullis.
3691 4742 3820 4827 Bm)"

2295 4860 2552 4900 zarorum
2577 4843 2762 4898 habitu
2788 4842 3020 4909 vestitis,
3048 4841 3302 4896 aduncos
3326 4837 3480 4894 scalae
3504 4827 3819 4918 Sycena:

2297 4937 2631 5002 Galatensis,
2668 4950 2766 5007 pro
2803 4950 2956 4990 more
2977 4933 3215 4988 Turcico
3233 4929 3493 4989 deductis,
3521 4931 3569 4976 et
3591 4909 3816 5007 supplicio

2242 5048 2259 5063 ’
2303 5030 2493 5084 mortis
2524 5029 2724 5082 ibidem
2763 5027 2993 5083 aﬂectis.
3037 5026 3091 5081 Si
3121 5025 3504 5080 Mueltemetcs.
3544 5012 3734 5066 Muralis
3761 4997 3815 5048 ﬁ-

2297 5123 2424 5186 lius,
2451 5120 2543 5190 qui
2579 5119 2871 5189 Magnesiae
2901 5118 3150 5188 degebat,
3185 5117 3237 5173 id
3272 5108 3523 5184 temporis
3572 5100 3629 5156 ad
3655 5092 3814 5196 uti)?"

2303 5213 2518 5279 fuisset,
2585 5218 2766 5266 actum
2799 5210 2956 5280 plane
2991 5208 3060 5264 de
3091 5209 3200 5262 vita
3263 5205 3426 5278 patris
3456 5204 3563 5254 erat
3599 5201 3645 5244 et
3674 5191 3814 5280 itnl’t‘.‘

2307 5287 2411 5361 rio.
2447 5266 2744 5361 convaluit
2780 5266 2960 5357 tamen
2997 5301 3259 5367 Murates,
3289 5297 3564 5361 statimque
3613 5266 3815 5352 pnslad‘

2300 5410 2525 5456 ventum
2569 5407 2839 5462 nostrum,
2874 5396 2961 5450 die
2994 5397 3231 5466 quodam
3264 5387 3497 5446 Veneris,
3527 5376 3608 5449 qui
3639 5370 3816 5466 Tot-em

2301 5509 2421 5546 runt
2453 5489 2879 5545 hebdomadario
2915 5487 3048 5543 festo
3082 5502 3240 5542 sacer
3265 5494 3363 5546 esl.
3392 5489 3548 5548 εαυεε
3595 5481 3628 5558 ⁸,

2305 5580 2872 5650 n0v3(genisaraittm
2942 5592 2971 5630 a
3033 5576 3232 5631 Turcis
3290 5550 3816 5680 appellarihtlt‘ttltgili‘:

2302 5674 2594 5746 putebitex
2658 5672 2935 5726 annalium
2994 5663 3376 5730 declaratione)
3434 5649 3625 5746 Proin":

2303 5723 2737 5837 inspectantibus
2772 5763 2988 5820 cunide.
3035 5756 3482 5818 ιιιιρεητδιίιιὶοάυιιι
3528 5735 3628 5798 ﬁcri
3677 5723 3806 5782 5°13"
