2024 3104
151 111 207 141 τοδ
268 91 273 92 ⁷
544 87 546 89 ’
703 103 892 138 SUPPLEM.
912 107 933 135 Α

990 101 1056 135 'AL.
1079 98 1239 134 TURC!C.
1734 102 1757 133 7i
1769 99 1788 134 6

148 172 177 193 et
188 173 271 194 sacra:
285 169 387 193 sancta:
399 165 517 201 Sophiaa,
532 166 588 194 sive
602 165 746 201 Sapientia:
755 165 801 193 Dei
812 165 942 199 templum
960 168 981 196 Α
997 163 1044 198 qui
1059 162 1168 197 quidem
1183 160 1323 196 iuniorum
1342 157 1481 195 suffragiis
1499 159 1532 186 ad
1552 167 1611 186 ram
1628 159 1787 195 dignitatem

151 220 224 239 nunc
240 212 411 246 profanatum
427 220 442 239 ει
455 213 594 245 Barbaris,
610 212 674 238 adiit
691 221 697 237 :
713 212 750 237 uti
778 212 881 237 scilicet
893 218 940 236 no-

149 259 191 285 bis
203 263 229 285 ct
242 258 302 285 aliis
318 259 387 292 (erat
403 258 476 284 enim
499 258 637 284 maximus
665 257 805 283 hominum
825 263 940 282 concur-

148 305 208 335 sus)
226 303 393 333 ostenderet,
419 310 447 329 se
460 303 578 329 necdum
597 308 748 329 mortuum.
780 302 837 335 ipsa
854 300 938 327 facies

148 348 240 375 adhuc
252 348 343 374 col0re
358 348 447 374 lnrido
462 348 592 374 deformis
605 347 834 381 conspiciebatur.

186 392 242 419 lioc
259 394 352 419 eodem
370 401 441 419 anno
451 393 498 420 99l
530 393 606 428 (Chr.
622 393 714 426 1584),
731 393 773 419 dic
788 392 822 418 ει
839 392 941 418 mensis

148 438 288 468 Octobris,
301 438 476 472 ahquotbegi
491 437 600 464 Turciri
632 446 691 464 cum
713 438 770 464 suis
788 437 885 471 copiis,
914 438 940 463 in

146 486 248 522 quibus
265 490 352 516 erant,
383 485 561 519 ipsorummet
587 484 770 515 confessione,
797 483 940 510 hominum

146 533 183 559 ad
216 533 313 563 10000,
340 532 475 559 Caruiolm
504 534 570 559 lines
597 532 723 566 ingressi,
750 531 940 565 gravissimam

148 579 360 613 impressionem
379 578 526 605 fecerunt:
552 579 665 612 direptis
689 578 792 612 passim
820 577 886 603 vicis
912 584 942 603 ac

148 626 240 659 pagis,
257 632 408 659 magnaque
422 624 643 651 Christianorum
659 624 858 658 mancipiorum
873 623 941 649 nlul-

148 671 268 698 lituline
282 679 374 697 secum
392 671 418 697 ili
438 671 597 697 servitutem
629 670 735 696 abacta.
763 668 831 695 Cum
854 668 939 694 n0stri

148 718 279 745 nuntium
301 718 434 743 adventus
451 721 478 743 et
497 716 682 750 populationis
697 716 802 742 hostilis
820 714 942 748 accepis-

148 769 222 791 sent,
236 762 376 787 hominum
403 761 435 787 ad
468 761 552 788 11000
568 761 660 787 subito
679 766 790 794 cligiltit,
803 759 880 787 Justo
894 759 941 786 Jo-

149 808 234 840 scpho
252 807 351 833 comite
367 806 661 838 Turriauo,etThonia
685 806 820 832 Erdendio
843 806 941 831 comite

150 852 322 885 Muslovium,
339 852 487 878 Sclavonilc
504 851 676 885 Croalimque
697 851 780 883 Bano,
802 851 918 877 ducibus
935 859 940 876 :

151 906 184 924 ac
203 898 262 924 sine
279 905 353 924 mora
370 898 498 924 maximis
524 897 669 923 itineribus
696 898 782 923 hostis
811 902 886 930 tergo
899 897 937 923 iii-

152 943 298 975 liaercntes,
315 944 347 969 ad
363 942 478 969 Slunulu
496 942 611 968 Croatia:
637 942 743 967 tandem
759 950 806 968 eos
829 942 872 967 die
901 941 940 967 vi—

149 989 254 1016 cesimo
268 993 344 1016 sexto
353 989 475 1023 ejusdem
492 989 593 1015 Iliensis
606 987 730 1015 Octobris
741 993 938 1022 assequuntur,

148 1035 293 1067 invadunt,
325 1037 444 1062 credunt.
473 1034 591 1062 Liberali
616 1035 727 1069 captivi,
755 1040 781 1062 et
807 1041 939 1069 pra-cepta

149 1081 256 1116 (prmda
269 1081 358 1116 capta)
375 1082 437 1113 fuit,
452 1089 513 1108 cum
527 1081 639 1107 interitu
664 1082 680 1107 4
695 1082 747 1108 000
774 1081 939 1108 Turcorum.

149 1126 267 1153 Eramus
283 1135 333 1152 nos
343 1127 594 1161 Constantinopoli,
610 1135 663 1160 quo
693 1133 814 1162 tempore
841 1127 874 1153 de
891 1128 941 1154 hac

148 1180 264 1200 suorum
275 1172 351 1199 clade
365 1173 487 1199 sultanus
504 1172 623 1199 Murates
642 1174 742 1200 certior
755 1173 939 1200 reddebatur:

150 1221 196 1256 qui
208 1228 275 1248 sane
289 1228 350 1247 eum
369 1220 560 1251 intellexisset,
578 1230 590 1246 a
622 1221 680 1247 suis
706 1221 812 1253 injuria)
839 1221 939 1247 factum

150 1266 331 1300 initiumjurc
345 1274 429 1294 caesos
445 1268 642 1301 pronuntiavit.
654 1266 720 1293 Nam
735 1268 805 1293 nolle
822 1275 850 1294 se
863 1268 942 1302 quid-

150 1320 232 1347 quam
264 1312 382 1340 aiebata
409 1313 583 1343 suis,conlra
610 1313 680 1347 leges
711 1314 894 1344 induciaium.
909 1313 941 1340 ad

149 1358 314 1386 turbandam
327 1366 420 1393 pacem
434 1358 460 1384 in
486 1357 613 1393 Ungaria:
639 1358 772 1386 limitibus
804 1360 941 1386 attentari.

148 1405 236 1432 Jussit
251 1405 345 1436 etiam,
360 1405 459 1432 illustri
473 1409 499 1430 et
516 1413 649 1439 generoso
665 1404 800 1439 ltudolphi
820 1405 839 1431 ll
854 1405 942 1432 Caesa-

148 1451 188 1478 ris
199 1452 313 1482 oratori,
339 1450 422 1477 Paulo
449 1451 543 1477 haroni
577 1450 736 1484 Eizngauo,
768 1458 880 1477 suarum
909 1451 941 1478 ad

150 1502 298 1531 utrumque
315 1497 422 1523 hassam
444 1497 583 1531 Ungar‘me,
600 1496 751 1523 Bndcnsem
764 1504 796 1524 ac
827 1497 940 1524 Temes-

146 1552 300 1577 varcnsem,
319 1545 470 1571 litterarum
491 1545 632 1579 exemplar
662 1545 786 1572 exhiberi
806 1554 813 1572 :
841 1547 940 1580 quibus

145 1598 241 1619 severe
256 1590 414 1623 mandabat,
433 1590 471 1617 uti
499 1591 599 1617 milites
632 1599 696 1618 suos
729 1591 886 1619 limitaneos
914 1592 939 1617 in

146 1636 236 1664 olIicio
252 1637 435 1664 continerent.
451 1636 522 1663 idem
553 1643 580 1663 ut
604 1646 616 1662 ιι
637 1637 739 1664 nostris
750 1645 857 1672 quoque
873 1645 940 1671 pne-

146 1687 279 1715 staretur,
291 1682 418 1716 imperari
435 1683 556 1709 vicissim
570 1683 690 1717 petebat.

184 1727 245 1756 Sub
260 1729 361 1756 exitum
377 1729 497 1763 ejusdem
511 1729 575 1756 anni
605 1730 711 1757 'l'urcus
735 1731 845 1765 quidam
870 1731 939 1759 Con-

147 1775 356 1810 stantinopolim
372 1776 485 1810 appulit,
516 1777 629 1804 nuntius
655 1777 737 1805 caedis
768 1786 893 1809 suorum,
925 1787 940 1805 e

146 1829 201 1856 qua
216 1820 292 1848 solus
307 1822 348 1856 (ut
365 1822 423 1856 ipse
440 1823 549 1856 quidem
577 1824 676 1857 aiebat)
707 1832 790 1858 opera
815 1826 937 1860 chirurgi

145 1866 290 1902 cujusdam
302 1866 456 1900 Cretensis,
469 1869 512 1895 cui
531 1868 619 1896 fuerat
636 1874 714 1896 antea
730 1875 824 1903 notus,
841 1878 936 1898 evase-

145 1916 199 1940 rat.
216 1911 271 1939 Res
289 1912 347 1947 ipsa
364 1913 450 1940 relatu
466 1920 520 1940 non
540 1913 664 1948 indigna,
678 1916 749 1948 quod
765 1922 849 1949 prope
868 1923 937 1942 novo

144 1963 213 1986 tunc
233 1958 315 1994 382
333 1959 404 1985 inter
423 1959 540 1986 Venetos
559 1967 591 1986 ac
610 1959 713 1987 Turcos
731 1961 801 1988 bello
823 1970 936 1989 causam

143 2004 293 2039 prwbitura
308 2004 455 2032 videretur.
479 2004 647 2037 llalnadanis
665 2006 751 2033 bassa:
775 2005 936 2041 Tripolitani

143 2049 239 2082 vidua,
253 2057 315 2076 cum
330 2050 394 2081 filio,
409 2049 522 2080 familia,
535 2051 679 2084 mancipiis
698 2051 841 2086 utriusque
853 2060 937 2079 sexus

144 2095 414 2130 Constantinopolim
432 2096 600 2130 profectura,
618 2097 755 2124 triremem
777 2099 805 2125 in
837 2098 936 2125 Barba-

142 2141 185 2168 ria
204 2141 247 2168 vel
263 2141 354 2167 Africa
370 2142 506 2168 maritima
530 2150 674 2169 curaverat
700 2143 809 2177 instrui,
826 2153 879 2179 qua
898 2144 936 2172 fa-

994 211 1167 241 perrenurat.
1182 207 1205 234 Is
1226 206 1270 233 ubi
1284 205 1390 233 Turcos
1408 205 1500 232 sinum
1518 205 1657 240 ingressos
1670 206 1787 240 accepit.

993 262 1054 280 ntox
1069 253 1096 279 in
1114 260 1160 280 eos
1175 251 1347 287 provehitur,
1385 258 1559 286 numeroque
1583 252 1736 278 triremium
1756 259 1788 278 ac

993 300 1122 331 militum,
1139 302 1164 325 et
1182 298 1245 325 aliis
1271 297 1354 324 rebus
1378 297 1456 332 longe
1480 297 1617 331 superior,
1647 304 1745 324 omnes
1760 297 1787 323 in

992 348 1155 378 potestatem
1169 343 1283 378 redegit.
1304 342 1368 369 lude
1385 342 1449 369 diro
1469 343 1588 377 quodam
1615 347 1642 370 et
1665 343 1788 370 inaudito

994 389 1086 416 furore
1101 389 1224 416 smvitnm
1238 389 1265 415 in
1284 388 1419 423 captivus,
1435 393 1487 415 tam
1503 395 1604 421 mares,
1616 396 1696 423 quam
1711 387 1783 415 femi-

993 443 1052 461 nas.
1066 435 1185 462 Maribus
1201 434 1302 462 occisis
1317 434 1381 467 250,
1391 432 1501 469 filioque
1516 434 1682 461 ltamadauis
1700 435 1788 461 bassa

994 481 1090 508 matris
1102 481 1127 507 in
1141 481 1285 516 complexu
1300 484 1326 508 et
1341 480 1447 515 gremio
1464 481 1607 514 confosso,
1626 480 1735 508 feminze
1752 480 1788 507 40

994 527 1070 562 prius
1083 526 1197 554 nefariis
1224 527 1335 561 polluta:
1359 527 1475 560 stupris.
1502 527 1634 555 uberibus
1657 527 1787 555 mutilata:

995 575 1068 608 (qua:
1086 573 1195 606 quidem
1212 573 1280 600 vivis
1297 573 1389 600 adhuc
1405 573 1649 608 speclantibusque
1673 573 1788 600 misellis

994 625 1008 644 a
1020 618 1184 653 quibusdam
1202 618 1364 646 crudelitate
1379 618 1524 654 plusquam
1538 619 1653 646 barbara
1666 619 1695 646 in
1711 627 1788 647 mare

994 663 1116 699 projecta
1131 664 1336 699 perhibentur),
1349 664 1590 692 dissectaetandem
1608 665 1737 692 atrociter
1752 666 1787 692 ad

996 719 1077 738 uuam
1090 719 1186 738 omnes
1204 712 1231 737 in
1248 719 1332 745 aquas
1348 719 1363 738 a
1378 712 1500 746 piscibus
1520 712 1682 739 devorandae
1693 712 1787 746 praeci-

995 757 1127 792 pitantur.
1145 757 1237 790 Ipsius
1251 757 1310 784 Emi
1327 756 1502 784 fratrislilius
1519 759 1545 785 in
1557 759 1672 792 puellam
1690 766 1786 793 quam-

995 802 1055 829 dam
1073 803 1242 838 egrcgiioris
1265 803 1396 831 incidisse
1426 805 1523 832 fertur.
1553 803 1589 830 Ea
1615 812 1677 831 cum
1699 804 1788 838 ipsum

961 857 980 884 Β
996 851 1133 885 pudicitia:
1143 859 1201 878 sua:
1213 851 1266 877 vim
1283 851 1421 878 illaturllm
1439 852 1623 885 conspiceret,
1638 858 1699 877 mox
1709 850 1787 877 Chri-

992 896 1108 923 stianam
1130 904 1159 924 se
1172 897 1304 931 profiteri,
1321 902 1348 924 et
1372 897 1516 933 virginem,
1551 902 1578 924 et
1593 899 1619 924 in
1634 897 1725 931 Cypro
1741 904 1787 924 na-

992 947 1046 970 tam
1064 944 1146 970 nobili
1166 944 1267 971 familia
1294 944 1427 976 Cornara,
1453 952 1514 980 qua:
1536 952 1618 973 suam
1650 945 1787 980 originem

991 990 1024 1016 ad
1042 989 1182 1018 Comaros
1198 989 1315 1018 Venetos
1330 990 1462 1023 referret;
1479 996 1584 1025 captam
1602 996 1664 1018 ante
1691 991 1724 1017 12
1739 999 1787 1019 au-

993 1043 1051 1066 nos,
1071 1043 1132 1063 cum
1149 1036 1255 1072 Cyprus
1269 1036 1320 1064 sub
1340 1036 1438 1071 jugum
1454 1036 1601 1063 Turcicum
1620 1038 1736 1070 veniret,
1753 1045 1787 1064 ex

992 1090 1024 1108 co
1036 1087 1157 1114 tempore
1173 1082 1302 1109 miseram
1316 1082 1387 1117 apud
1400 1082 1535 1109 Barbaros
1551 1083 1710 1110 servitutem
1724 1091 1787 1111 ser-

993 1128 1086 1156 viisse.
1102 1128 1182 1156 Nunc
1194 1129 1305 1163 quando
1320 1133 1381 1164 post
1396 1133 1435 1155 tot
1452 1136 1591 1157 aerumnas
1622 1129 1649 1157 in
1665 1130 1787 1158 hominis

992 1173 1153 1206 Christiani,
1167 1175 1282 1210 pudoris
1301 1175 1416 1209 virginei
1432 1175 1559 1213 vindicis.
1585 1176 1685 1203 nobilis
1709 1176 1787 1204 dcui-

992 1227 1045 1255 que
1058 1219 1152 1247 Veneti
1172 1229 1269 1249 manus
1290 1221 1445 1254 incidisset,
1479 1222 1612 1250 obtestati
1628 1229 1659 1249 se
1674 1230 1721 1256 per
1733 1222 1786 1250 int-

994 1265 1135 1293 uiortalem
1152 1266 1245 1301 Deum,
1263 1275 1295 1294 ne
1307 1267 1472 1295 Christianae
1503 1267 1609 1296 faceret
1638 1269 1783 1303 iujuriam.

992 1319 1026 1339 ne
1042 1311 1173 1347 virginem
1190 1314 1352 1347 incestaret,
1371 1322 1404 1341 ne
1424 1313 1526 1341 Veneto
1540 1314 1666 1348 sanguini
1684 1314 1783 1342 foedam

993 1357 1080 1385 labem
1106 1363 1276 1393 aspergeret,
1319 1360 1365 1387 sed
1392 1360 1483 1394 potius
1510 1360 1537 1387 in
1562 1364 1686 1395 optatum
1710 1360 1787 1387 hunc

992 1404 1077 1436 diem,
1099 1412 1153 1439 quo
1175 1405 1359 1433 Christianam
1381 1406 1414 1433 ad
1432 1406 1630 1441 rempublicam
1647 1406 1786 1441 postlimi—

993 1451 1039 1477 nio
1055 1452 1165 1482 rediret,
1181 1452 1273 1478 divtna
1287 1452 1405 1487 quadam
1432 1453 1606 1487 providentia
1637 1461 1786 1481 conserva-

994 1501 1060 1529 tam,
1073 1497 1148 1524 salvo
1165 1499 1268 1532 pudore
1284 1499 1403 1526 libertati
1435 1500 1601 1527 restitueret.
1629 1500 1701 1526 Nihil
1713 1500 1785 1534 apud

994 1541 1127 1570 immitem
1137 1545 1271 1577 animum,
1281 1553 1313 1571 ac
1323 1545 1482 1580 prodigiose
1493 1546 1632 1573 crudelem
1647 1546 1786 1573 salacem-

993 1597 1046 1624 que
1064 1609 1072 1623 ,
1086 1594 1141 1616 tant
1160 1596 1263 1617 sanctae
1277 1597 1373 1625 preces
1401 1591 1523 1623 valuere,
1557 1593 1706 1626 quominus
1722 1592 1783 1618 κίω-

994 1634 1107 1667 laretur,
1122 1639 1149 1661 et
1161 1634 1293 1662 sulfucata
1306 1643 1368 1663 cum
1386 1635 1447 1662 aliis
1461 1637 1605 1670 mancipiis
1619 1637 1743 1666 Turcicis
1756 1639 1783 1666 iu

993 1687 1066 1705 mare
1084 1679 1274 1714 projicerctur.
1288 1680 1523 1708 Existimabantur
1549 1682 1688 1718 indignam
1712 1685 1784 1712 hanc

993 1726 1189 1753 immanitatem
1208 1725 1311 1753 Veneto
1327 1727 1451 1761 nomine,
1483 1732 1537 1755 tam
1552 1729 1608 1764 pio,
1627 1734 1680 1756 tam
1694 1732 1784 1765 pudo-

991 1770 1030 1798 ris
1040 1776 1067 1798 et
1080 1772 1171 1798 ontuis
1187 1772 1296 1800 virtutis
1305 1772 1439 1804 studioso,
1471 1779 1525 1801 tam
1545 1782 1560 1801 a
1586 1775 1690 1811 sievitia
1704 1776 1784 1804 deni-

990 1824 1043 1852 que
1060 1818 1161 1851 alieno,
1176 1818 1347 1851 exercuisse,
1383 1827 1416 1847 ne
1433 1820 1495 1855 quis
1511 1827 1651 1855 Superstes
1667 1822 1709 1849 vel
1720 1829 1783 1849 am-

989 1864 1149 1898 plitudinem
1169 1865 1277 1899 pra-dae,
1302 1872 1386 1900 quam
1416 1867 1560 1894 consecuti
1590 1867 1718 1903 fuissent,
1741 1870 1784 1897 vel

990 1911 1175 1938 admissorum
1189 1911 1322 1939 scelerum
1350 1911 1505 1940 foeditatem
1536 1915 1674 1949 proderet.
1691 1914 1784 1951 Hujus

989 1956 1121 1984 facinoris
1147 1957 1218 1983 fama
1260 1956 1496 1993 Cousantinopoli
1525 1961 1779 1996 percrebrescente,

989 2002 1150 2031 incredibile
1167 2004 1252 2036 dictu,
1264 2010 1434 2039 quantopere
1443 2006 1574 2032 commoti
1590 2008 1699 2035 luerunt
1713 2008 1781 2035 Tur-

988 2057 1083 2078 corum
1099 2049 1196 2076 animi.
1213 2049 1318 2076 Passim
1332 2051 1460 2078 audisses
1474 2059 1570 2079 omnes
1580 2053 1673 2080 omnia
1693 2052 1781 2082 Vene-

989 2096 1023 2122 tis
1036 2100 1157 2123 exlrema
1173 2094 1345 2122 minitantes.
1360 2095 1411 2123 Vix
1441 2103 1456 2122 a
1488 2096 1563 2123 Bailo
1590 2098 1783 2133 (magistratus

987 2141 1083 2169 Veneti
1100 2148 1199 2168 nomen
1215 2144 1268 2173 est,
1288 2140 1333 2175 qui
1350 2141 1384 2168 de
1398 2148 1510 2169 suorum
1538 2145 1630 2171 causis
1656 2145 1719 2171 istic
1734 2153 1782 2172 co-

143 2187 262 2215 cultates
282 2194 347 2214 suas
372 2188 555 2222 amplissimas
584 2197 676 2215 secum
711 2190 848 2217 aveheret.
884 2191 935 2218 Eas
950 2200 975 2230 ι)
988 2187 1104 2223 κηοεεῖῑν
1119 2192 1146 2214 0'-
1161 2186 1276 2221 llljurlas
1290 2187 1350 2214 ευίδ
1365 2186 1455 2214 malas
1470 2187 1503 2215 ad
1516 2188 1655 2216 Siluanum
1686 2189 1783 2218 TUI‘Ci-

141 2233 271 2267 equidem
288 2233 397 2259 memini
409 2240 423 2259 a
438 2233 536 2261 Turcis
546 2239 572 2261 et
584 2235 704 2262 llcbra-is
719 2237 802 2264 octies
810 2239 934 2266 centenis

142 2278 266 2306 millibus
283 2286 424 2306 nummum
445 2288 592 2307 aureorum
606 2275 608 2279 ’
621 2282 771 2309 aestimatas
786 2292 792 2309 :
823 2292 933 2317 verene,

142 2333 177 2351 an
192 2326 314 2360 sequius,
325 2326 451 2360 equidem
462 2326 554 2353 dicere
566 2335 618 2353 non
636 2328 733 2355 habeo.
752 2328 819 2355 lluic
831 2331 934 2357 triremi

142 2371 300 2399 securitatis
315 2379 372 2398 suae
385 2379 469 2399 causa
484 2377 568 2400 seruet
585 2374 768 2407 adjunxerant
784 2376 844 2403 alize
861 2377 933 2409 dum,

143 2425 215 2452 quas
233 2418 337 2445 idcirco
353 2418 450 2453 vulgus
467 2424 612 2447 nautarum
629 2428 778 2448 conservas
798 2423 936 2457 appellare

142 2464 226 2491 solet.
257 2465 326 2491 Cum
352 2465 442 2499 ipsum
475 2466 576 2493 ostium
604 2467 683 2494 sinus
709 2468 850 2501 Adriatici,
881 2477 935 2497 non

146 2511 244 2544 procul
255 2510 289 2537 ab
305 2510 393 2538 insula
409 2510 528 2547 Corcyra
547 2513 697 2548 (Corphum
724 2522 796 2541 nunc
828 2516 933 2548 dicunt,

144 2566 208 2592 qum
224 2565 272 2584 vox
290 2557 393 2585 Graecis
409 2559 514 2593 vulgari
540 2560 632 2594 lingua
659 2560 749 2587 sinitur
775 2562 934 2596 significat),

146 2603 379 2639 prmterlegerent,
410 2605 506 2640 ingens
539 2607 630 2633 subito
666 2612 759 2633 coorta
786 2612 935 2642 tempestas

144 2658 193 2678 eos
212 2650 254 2677 vel
271 2650 370 2678 invitos
393 2651 419 2677 in
434 2652 536 2684 sinum,
561 2660 640 2686 quem
658 2653 788 2684 diximus,
817 2653 935 2680 Adriati-

144 2705 208 2726 cum
225 2696 329 2731 rcjecit.
346 2697 409 2724 Erat
423 2698 447 2724 id
461 2699 590 2732 temporis
603 2707 668 2725 cura
683 2699 770 2732 sinus,
784 2707 845 2726 cum
859 2706 935 2727 certo

144 2744 300 2772 triremium
317 2752 442 2776 numero.
465 2751 561 2772 contra
577 2746 687 2780 quiisvis
702 2746 804 2780 piratas
820 2753 845 2774 et
861 2748 931 2774 alios

143 2790 237 2817 tuendi
250 2791 332 2824 (quod
353 2791 470 2817 olliciuut
499 2792 546 2825 qui
561 2792 640 2825 gerit,
659 2793 785 2825 provisor
800 2793 876 2820 sinus
887 2801 933 2828 ap-

144 2835 272 2870 pellatur)
290 2835 478 2863 commendata
493 2834 574 2863 Petro
591 2835 670 2868 Euro,
689 2836 803 2870 patricio
818 2836 931 2871 Vencto,

987 2241 1050 2260 cum
1061 2232 1177 2267 ejusque
1190 2234 1295 2260 re/ircs
1309 2232 1409 2269 defert)
1425 2234 1613 2268 abstinebam,
1628 2237 1780 2273 quominus

988 2279 1092 2307 homini
1106 2287 1204 2307 manus
1237 2279 1391 2315 injicerent,
1407 2284 1455 2307 aut
1480 2279 1551 2308 [ωδε
1575 2283 1672 2310 saltem
1694 2283 1721 2310 in
1749 2291 1781 2312 os

988 2331 1162 2360 exspucrcnt.
1181 2325 1396 2362 Fungebaturid
1417 2328 1549 2362 temporis
1579 2328 1632 2356 hac
1666 2336 1780 2358 munere

987 2371 1108 2400 Joannes
1123 2372 1298 2405 Franciseus,
1315 2372 1546 2401 Mauroeenorum
1564 2374 1668 2403 familia
1685 2383 1779 2411 natus,

988 2417 1151 2454 (Moresinos
1164 2418 1243 2453 vulgo
1266 2420 1386 2452 vocant),
1398 2419 1445 2454 qui
1459 2420 1541 2454 paulo
1558 2425 1620 2455 post
1636 2422 1780 2456 episcopa-
1808 2436 1813 2439 -

988 2470 1045 2492 tum
1062 2463 1243 2498 Brixiensem,
1258 2470 1367 2493 mortuo
1383 2466 1546 2495 doctissimo
1566 2469 1706 2497 cardinale
1718 2470 1779 2497 Del-

988 2512 1083 2546 phino,
1101 2512 1202 2539 absens
1217 2512 1382 2546 impetravit.
1396 2513 1419 2541 Is
1432 2521 1494 2540 cum
1520 2513 1649 2542 Zausium
1680 2523 1780 2550 quern-

988 2558 1050 2583 daiu
1069 2557 1171 2584 sultani
1185 2556 1300 2585 Muralis
1314 2558 1408 2592 jussu,
1435 2559 1670 2595 Constantinopoli
1683 2563 1727 2588 die
1742 2562 1777 2588 27

988 2604 1147 2632 Decembris
1164 2604 1292 2633 Venetias
1304 2606 1406 2634 iturum
1424 2615 1487 2634 cum
1504 2608 1640 2635 mandatis
1655 2610 1779 2645 πυρρᾶς-

988 2657 1040 2684 sel,
1071 2652 1238 2684 intercessit,
1256 2660 1288 2680 ac
1303 2658 1408 2681 tantum
1421 2654 1547 2686 obtinuit,
1565 2659 1593 2681 ut
1608 2655 1779 2690 ablegandus

988 2698 1115 2726 V'euvtias
1135 2699 1253 2727 Zausius
1277 2700 1514 2734 Constantinopoli
1551 2706 1684 2728 maneret.
1702 2700 1778 2728 Missi

988 2736 1090 2776 tamen.
1100 2747 1146 2780 qui
1159 2746 1272 2774 Muralis
1281 2747 1444 2775 sententiain
1457 2745 1568 2774 Venetis
1578 2746 1776 2781 signiﬁcarent.

990 2791 1102 2819 Volebat
1116 2793 1139 2820 is
1150 2799 1246 2826 paruas
1261 2792 1288 2819 in
1310 2792 1377 2820 tanti
1392 2792 1523 2821 facinoris
1537 2798 1668 2821 auctores
1680 2793 1777 2827 statui,

989 2839 1149 2874 ablatusque
1169 2847 1212 2868 res
1229 2847 1289 2867 cum
1304 2840 1441 2875 personis,
1473 2845 1527 2867 tam
1562 2841 1665 2873 liberis,
1693 2848 1777 2876 quam
