4048 6208
541 266 651 329 7οἸ

1759 256 2082 319 JOANNIS
2118 252 2579 315 LEUNCLAVII

3684 202 3805 302 τοὶ

544 377 741 441 servis,
782 375 953 430 reddi.
986 371 1259 426 Habuerat
1317 378 1499 423 autem
1550 368 1715 422 vidua
1778 366 2112 421 ltamadanis
2139 374 2188 431 Α
2219 364 2608 436 profectionem
2640 365 2972 423 revocasset,
3007 349 3182 410 in'cas
3216 363 3323 409 tam
3353 367 3605 419 annonae,
3628 368 3801 420 quam

543 468 850 522 Christiana
876 465 979 519 400
1017 462 1309 536 mancipia,
1340 477 1461 529 qua:
1526 476 1658 515 sane
1703 460 1958 528 quoniam
2014 473 2111 525 pro

545 572 696 611 more
723 556 1180 616 Christianorum,
1207 552 1413 606 triremi
1436 551 1886 620 capta,libertatc
1912 551 2110 601 donata

547 652 788 707 luet-ant,
845 645 948 697 alia
986 642 1223 696 Murates
1258 642 1453 694 horum
1517 641 1635 693 loco
1667 638 1931 707 mancipia
1964 638 2114 706 flagi-

548 740 712 791 tabat.
752 736 1059 789 Simnleam
1095 749 1205 803 pra:
1236 749 1294 786 se
1334 732 1543 786 ferebat
1567 732 1733 785 animi
1784 730 2115 784 moderatioo

548 845 691 891 nem,
731 828 1029 881 utminime
1046 842 1104 879 se
1135 826 1339 879 diceret
1375 823 1507 892 ipsis
1530 823 1804 876 illaturum
1837 823 2119 888 injuriam,

548 937 646 973 nec
688 935 875 988 pacem
909 919 1258 979 violaturum,
1313 916 1475 969 modo
1513 916 1797 984 postulatis
1834 913 2030 967 rationi
2059 920 2115 965 et

547 1009 789 1078 aequitati
838 1009 1221 1063 consentaneis
1268 1006 1686 1060 satisfecissmtt.
1717 1004 2022 1073 Cazteroqtti
2056 1019 2115 1057 se

549 1102 690 1155 bello
717 1114 939 1153 suorum
968 1100 1142 1151 caules
1172 1110 1225 1150 et
1263 1098 1489 1163 injurias
1540 1097 1975 1150 vindicaturum.
2010 1095 2112 1149 Se-

550 1200 707 1243 natus
739 1188 1012 1241 intellecta
1038 1186 1257 1255 querela
1288 1186 1674 1254 volttntateque
1708 1185 1953 1247 Muralis,
1983 1196 2034 1239 ct
2061 1200 2118 1239 re

548 1282 858 1350 diligenter,
903 1281 981 1333 uti
1061 1289 1207 1346 gesta
1270 1278 1868 1346 fuiSset,.perqnisita,
1920 1276 2121 1330 Murati

549 1371 857 1440 respondet,
900 1370 1149 1423 exstincti
1184 1369 1514 1423 RamaJanis
1559 1373 1730 1423 bassa:
1787 1368 2118 1437 Tripolitani

550 1464 813 1517 familiam
851 1463 1082 1530 primum
1113 1462 1178 1513 ad
1230 1461 1461 1513 insulam
1516 1460 1702 1513 Veneti
1732 1458 1872 1529 juris
1914 1458 2122 1529 Zacyn-

551 1558 704 1622 thum
737 1554 1085 1620 applicuisse,
1123 1568 1295 1618 neque
1319 1552 1578 1602 duntaxat
1608 1552 1675 1603 ab
1708 1550 1976 1603 insulanis
2011 1552 2119 1603 ltu-

554 1645 784 1699 inaniter
808 1652 1114 1712 exceptam.
1184 1657 1370 1695 verum
1412 1645 1575 1694 etiam
1627 1642 1965 1695 munusculis
1993 1642 2122 1710 qni-

555 1743 777 1793 lvusdam
858 1736 1165 1791 honorariis
1227 1751 1290 1787 ac
1378 1736 1556 1789 xeniis
1617 1733 1863 1786 affectam
1928 1733 2119 1786 fuisse.

550 1830 742 1884 Postea
776 1844 922 1892 vero,
961 1845 1118 1896 quam
1148 1829 1273 1879 hinc
1298 1825 1713 1886 discessissent,
1769 1824 1997 1877 alteram
2038 1828 2122 1877 itt-

553 1920 725 1975 sulam
786 1935 939 1972 suam
988 1916 1395 1985 Cephalleniam
1456 1914 1727 1968 hostiliter
1828 1914 2122 1977 invasisse.

556 2021 856 2080 pra-terque
884 2011 1032 2077 pacis
1056 2010 1200 2077 leges
1231 2008 1411 2060 omnia
1452 1997 1783 2074 diripiendo,
1820 2022 1919 2059 nec
1945 2007 2124 2059 homi-

554 2104 736 2166 nibus,
764 2117 861 2155 nec
901 2101 1170 2169 jumentis
1200 2099 1557 2168 pecmibusve
1614 2097 1941 2167 pepercisse.
1978 2098 2124 2152 Prte-

556 2196 751 2247 fectum
777 2192 930 2245 sinus
963 2190 1248 2256 Adriatiei,
1272 2205 1394 2244 cum
1429 2190 1627 2242 certior
1656 2190 1723 2242 de
1751 2190 1852 2243 hac
1882 2189 2124 2257 ipsorum

556 2283 848 2336 insolentia
891 2268 1068 2333 factus
1089 2280 1414 2342 tuisset,eos
1438 2293 1467 2330 e
1498 2277 1724 2346 vestigio
1752 2289 2125 2344 persecutum,

555 2386 663 2424 non
705 2371 865 2423 modo
892 2370 1035 2422 intra
1070 2368 1249 2421 sinum
1297 2378 1543 2420 armatos
1609 2366 1899 2433 reperisse,
1935 2382 2125 2419 verum

551 2459 711 2512 etiam
743 2460 810 2511 ab
840 2457 940 2517 eis,
977 2471 1102 2509 cum
1136 2455 1358 2524 propius
1418 2452 1725 2512 accederet,
1787 2466 1896 2505 non
1954 2449 2126 2504 fuisse

471 2581 481 2591 -
551 2574 652 2629 pro
689 2574 841 2614 more
890 2557 1212 2621 salutatum,
1264 2569 1369 2609 nec
1420 2553 1677 2608 demissis
1728 2552 1863 2606 velis
1918 2550 2125 2605 editum

553 2654 792 2721 signum,
878 2648 1025 2719 quod
1088 2647 1486 2702 humiliationis
1555 2647 1855 2715 appellant.
1922 2643 2128 2699 Horum

555 2753 846 2812 utrmnque
878 2743 1049 2811 pactis
1079 2740 1365 2795 conventis
1402 2738 1709 2801 adversari,
1736 2740 1937 2808 quibus
1961 2739 2125 2811 333

557 2846 782 2890 armata:
812 2848 978 2888 naves
1014 2833 1194 2887 sinum
1227 2831 1435 2901 ingredi
1503 2839 1776 2893 vetentur,
1832 2841 1885 2884 et
1942 2846 2131 2884 omnes

556 2928 809 2999 praefecto
840 2930 992 2979 sinus
1014 2924 1279 2977 honorem
1309 2923 1566 2975 exhibere
1593 2932 1742 2976 certo
1783 2923 2129 2978 salutationis

2225 460 2436 512 viarum
2487 454 2851 517 difﬁcultates,
2884 466 3007 505 cum
3068 448 3182 504 suis
3236 446 3444 509 incidit,
3500 456 3557 499 ut
3614 463 3797 515 neque

2220 548 2468 618 progredi
2496 555 2678 615 posset
2716 543 2968 607 ulterius,
3004 556 3105 607 nec
3162 540 3278 592 sine
3310 538 3521 605 jactura
3553 538 3789 591 militum

2221 642 2408 709 pedem
2445 637 2645 692 referre
2668 636 2875 690 liceret.
2898 632 3141 686 Tandem
3173 641 3351 684 tamen
3390 646 3494 682 non
3521 629 3639 683 sine
3661 645 3790 683 suo-

2223 747 2340 782 ιιιειι
2392 729 2559 790 caede,
2611 743 2676 780 ac
2712 724 2966 795 praesenti
2999 738 3121 777 cum
3159 720 3397 791 periculo
3431 720 3597 774 tctius
3635 723 3792 772 amit-

2220 822 2366 876 tendi
2409 820 2715 880 exet‘eitus,
2766 818 2987 870 domum
3031 827 3284 867 reversus
3329 823 3430 865 est.
3485 810 3621 863 Tum
3670 827 3797 863 verr

2224 926 2369 965 caeco
2400 910 2585 978 perciti
2620 908 2805 961 furore
2835 905 3095 973 genizari,
3143 902 3286 956 nulla
3337 916 3437 954 nec
3483 900 3653 968 ipsius
3696 900 3798 952 viri

2219 1003 2498 1072 dignitatis
2525 1016 2625 1055 nec
2657 998 2857 1052 sultani
2909 996 2993 1050 sui
3028 993 3240 1047 ratione
3265 992 3472 1053 habita,
3524 991 3614 1058 qui
3666 988 3797 1042 huic

2220 1110 2343 1146 eum
2378 1091 2667 1161 provinciae
2716 1084 3067 1156 praefecisset,
3108 1083 3381 1133 hominem
3438 1082 3795 1131 obtruncant.

2226 1183 2412 1254 Neque
2448 1182 2681 1234 Muratcs
2717 1178 2979 1232 hactenus
3039 1189 3131 1227 eos
3182 1173 3252 1225 ob
3308 1173 3448 1223 lane
3485 1169 3655 1221 bassa:
3712 1167 3799 1220 sui

2224 1279 2453 1341 caedem,
2507 1288 2605 1339 pro
2650 1269 2978 1325 auctoritate
3016 1264 3229 1334 imperii
3276 1264 3548 1330 castigare
3602 1259 3798 1328 potuit:

2232 1370 2376 1441 quod
2412 1367 2611 1421 nemini
2649 1367 2845 1418 mirum
2884 1361 3053 1413 videri
3093 1358 3269 1411 debet.
3299 1356 3509 1424 Quippe
3541 1368 3645 1405 non
3680 1368 3800 1404 ant-

2225 1469 2364 1539 plius
2396 1466 2486 1519 illa
2520 1481 2664 1517 nunc
2698 1461 2836 1530 apud
2867 1458 3080 1513 Turcos
3112 1452 3447 1511 obedientia,
3487 1465 3594 1503 non
3635 1448 3805 1539 disci-

2227 1538 2371 1624 plina
2409 1552 2660 1606 tnilitaris
2705 1562 2810 1611 est,
2858 1563 2978 1617 qua:
3019 1545 3120 1599 fuit
3170 1543 3299 1596 olim
3352 1540 3493 1608 apud
3545 1538 3805 1591 saeculum

2228 1648 2393 1714 prius.
2431 1644 2583 1709 Quod
2618 1642 2831 1695 tametsi
2864 1639 3058 1692 docere
3092 1633 3339 1704 pluribus
3372 1631 3635 1698 exemplis
3674 1645 3801 1695 pos-

2224 1752 2371 1802 sem;
2400 1745 2577 1788 tamen
2616 1752 2681 1788 ne
2712 1736 2931 1788 modum
2985 1734 3262 1787 annalium
3289 1731 3571 1793 excedam,
3612 1729 3799 1780 dunta-

2227 1837 2317 1883 xat
2349 1829 2565 1881 unicum
2602 1829 2775 1880 adhuc
2806 1827 3063 1880 recitasse
3087 1824 3379 1878 suffecerit.

2293 1916 2433 1970 Atilii
2464 1930 2571 1969 non
2600 1916 2750 1969 tnulti
2784 1917 3117 1983 praeteriere,
3153 1930 3275 1966 cum
3306 1914 3596 1967 Achmctes
3622 1913 3804 1973 bassa,

2228 2006 2580 2076 beglerbegus
2605 2006 2793 2075 Cypri,
2822 2005 3164 2076 Fatuagnsttn
3195 2006 3308 2058 sui;
3340 2016 3392 2057 at
3424 2004 3539 2072 ipse
3566 2004 3811 2059 trucida-

2230 2109 2316 2151 tus
2339 2113 2367 2152 a
2392 2100 2663 2167 gcuizaris
2688 2098 2808 2153 fuit.
2834 2099 2984 2152 Illam
3014 2114 3071 2152 se
3093 2099 3293 2151 caedem
3318 2097 3609 2150 admisisse
3631 2097 3813 2164 palam

2230 2189 2640 2255 profitebantur,
2670 2188 2739 2241 ob
2770 2187 3071 2242 interversa
3107 2189 3374 2256 stipendia
3404 2202 3525 2250 sua,
3561 2201 3685 2255 Quae
3716 2202 3812 2255 per

2231 2281 2511 2334 avaritiam
2546 2279 2834 2333 Achtnetes
2865 2279 2964 2331 sibi
2995 2279 3328 2333 retinuisset.
3356 2276 3535 2345 Atque
3562 2277 3637 2332 uti
3670 2292 3814 2346 prae-

2231 2380 2433 2425 tcxtttm
2460 2408 2475 2432 ,
2512 2371 2784 2440 palliando
2836 2370 3064 2423 facinori
3117 2386 3218 2423 suo
3242 2411 3256 2432 ,
3287 2370 3458 2437 magis
3492 2368 3810 2436 specimum

2233 2464 2512 2520 haberent.
2547 2463 2614 2516 ab
2642 2478 2708 2516 eo
2733 2462 2961 2516 miseros
2994 2463 3156 2515 etiam
3192 2461 3474 2514 insulattos
3505 2459 3813 2513 exactioni-

2233 2556 2330 2608 bus
2362 2554 2694 2623 gravissimis
2722 2562 2778 2607 el.
2804 2553 3157 2607 intolerandis
3189 2554 3509 2616 exhaustos,
3565 2550 3690 2603 aieb
3712 2558 3811 2602 int.

2234 2645 2459 2714 Indigne
2485 2645 2739 2699 sultauus
2772 2643 3005 2697 Mur-ales
3032 2644 3169 2696 hanc
3189 2643 3568 2711 genizarorum
3596 2639 3813 2695 ferebat

2232 2737 2602 2801 insolentiam,
2643 2737 2735 2804 qui
2778 2736 3157 2805 beglerbegum
3201 2715 3357 2788 suum
3396 2746 3504 2787 tam
3541 2733 3689 2789 (ωδε
3724 2747 3819 2787 tta-

2232 2838 2469 2892 cassent,
2510 2829 2676 2882 nullis
2719 2827 2783 2880 ad
2845 2826 3061 2880 Pattam
3097 2828 3336 2896 querelis
3390 2827 3607 2889 delatis,
3667 2826 3817 2878 nullo

2232 2920 2460 2974 crimine
2510 2936 2619 2989 quo
2663 2936 2720 2973 se
2768 2921 3087 2990 obligasset.
3137 2918 3415 2972 Pertinere
3463 2919 3689 2987 putabat
3750 2917 3813 2971 ad

556 3018 1052 3084 submissionisque
1082 3029 1299 3083 genere,
1326 3014 1641 3082 jubeantur.
1702 3012 1797 3068 His
1859 3014 1926 3068 de
1950 3015 2130 3070 causis
2157 3034 2202 3097 ο
2238 3013 2490 3065 tuendam
2546 3014 2882 3080 maiestatem
2939 3012 3152 3082 imperii
3204 3010 3312 3076 sui,
3365 3028 3427 3064 ne
3461 3010 3677 3064 facinus
3713 3010 3813 3063 hoc

555 3118 890 3164 conuuotum
932 3106 1152 3176 gravius
1188 3102 1499 3172 praefectum
1526 3118 1708 3169 suum,
1755 3104 2013 3161 acerbius
2078 3105 2133 3159 in

555 3217 653 3257 eos
703 3198 1182 3255 animadvertisse.
1220 3193 1589 3247 Nihilominus
1646 3195 1703 3248 in
1755 3194 1857 3248 hac
1883 3210 1942 3250 se
1969 3210 2134 3250 causa

556 3297 799 3350 facturos
832 3291 1100 3361 quidquid
1132 3288 1384 3343 homines
1415 3286 1553 3355 a-qui
1602 3286 1849 3356 iustique
1912 3300 2135 3344 tenaces

556 3387 737 3445 facere
779 3398 874 3452 par
901 3383 993 3436 sit.
1012 3377 1287 3434 'Nomtihil
1319 3381 1419 3432 hoc
1445 3394 1707 3449 responso
1730 3378 2010 3450 mitigatus
2034 3379 2136 3433 fuit

558 3476 757 3531 sulutti
796 3472 1019 3526 Muralis
1074 3472 1313 3535 animus,
1383 3472 1473 3540 qui
1536 3471 1838 3540 praesertim
1900 3472 2133 3525 necdum

559 3566 882 3635 gravissimo
911 3572 1102 3618 contra
1166 3563 1360 3616 Persas
1420 3564 1562 3616 b.llo
1623 3562 1937 3624 defunctus,
1978 3566 2135 3619 novis

559 3659 819 3709 adversus
851 3660 1237 3724 praepotentem
1264 3652 1399 3704 mari
1418 3652 1807 3721 rempublicam
1834 3653 2136 3709 inimicitiis

558 3747 837 3817 implicare
865 3759 925 3799 se
959 3744 1145 3797 nollet.
1200 3742 1514 3796 Secundum
1571 3744 1683 3797 haec
1738 3741 1933 3798 Petrus
1964 3744 2135 3799 Emus

559 3840 736 3909 capite
768 3838 978 3907 plexos,
1006 3845 1061 3889 et
1092 3837 1204 3904 ipsa
1235 3835 1475 3888 triremis
1501 3850 1626 3888 cum
1654 3836 1800 3890 omni
1837 3851 2122 3891 armet-um

556 3941 611 3985 et
639 3927 982 3983 instrumenti
1009 3943 1226 3997 genere,
1267 3926 1603 3994 totidemque
1658 3927 1973 3997 mancipiis,
2001 3937 2135 3996 quot

559 4023 612 4076 in
646 4039 707 4076 ea
740 4020 925 4075 Veneti
954 4022 1302 4089 reperissent,
1328 4019 1538 4072 reddita
1566 4018 1667 4073 fuit
1704 4036 1717 4072 :
1746 4036 1854 4090 quo
1887 4031 2131 4088 tempore

560 4130 661 4167 nos
693 4115 758 4166 ad
791 4109 1153 4182 Zacynthum,
1188 4110 1615 4178 Cephalleniam,
1675 4110 1997 4182 Corcyram,
2029 4113 2132 4165 ali-

560 4207 802 4273 quandiu
860 4207 1223 4268 hzrcbamus,
1286 4213 1341 4257 et
1384 4204 1613 4257 classem
1670 4200 1963 4268 Venetam,
2014 4219 2134 4272 quae

559 4294 755 4350 Turcis
780 4311 900 4350 eam
940 4295 1196 4349 triremen
1227 4295 1560 4357 restitueret,
1580 4294 1838 4349 vidimus.
1860 4293 2129 4348 Cteterttm

2240 3108 2459 3174 impune
2486 3109 2565 3161 sic
2593 3108 2743 3160 abire
2773 3107 3002 3168 sineret,
3047 3118 3104 3159 ut
3134 3106 3328 3159 horum
3370 3106 3617 3174 exemplo
3638 3146 3653 3168 ,
3691 3120 3813 3159 cor-

2238 3200 2413 3268 ruptis
2447 3209 2499 3252 ct
2529 3200 2672 3264 aliis,
2702 3198 3044 3252 centumacia
3078 3199 3306 3251 militum
3340 3197 3504 3249 latius
3537 3204 3807 3264 serperet.

2238 3290 2578 3359 Quapmpter
2631 3290 2685 3344 in
2740 3290 2975 3360 Cyprum
3030 3291 3169 3343 alius
3222 3292 3290 3341 ab
3341 3306 3403 3339 eo
3455 3287 3812 3356 heglerbegus

2236 3381 2469 3436 mittitur
2493 3398 2615 3435 cum
2645 3383 2830 3435 decem
2866 3380 3203 3444 triremibus,
3239 3391 3346 3434 tam
3374 3380 3603 3433 aliarum
3637 3396 3815 3433 rerum

2235 3483 2501 3543 apparatu
2558 3472 2903 3537 necessario,
2958 3488 3120 3541 quam
3171 3487 3237 3526 eo
3286 3470 3518 3525 militum
3584 3487 3814 3525 numero

2240 3565 2544 3627 instructis,
2593 3579 2703 3633 quo
2746 3564 2913 3618 caedis
2963 3580 3180 3617 reorum
3228 3563 3471 3618 coerceri
3524 3564 3819 3632 petulantia

2236 3666 2438 3724 posset.
2472 3655 2656 3709 Novus
2693 3670 2820 3725 ergo
2866 3655 3238 3723 beglerbc;us,
3287 3670 3412 3708 cum
3456 3654 3693 3723 primum
3746 3656 3810 3707 ad

2241 3750 2478 3803 insulam
2512 3747 2831 3817 appulisset,
2867 3746 3231 3803 dissimulatis
3260 3748 3367 3802 illis
3401 3747 3630 3801 occultis
3663 3762 3816 3799 man-

2236 3841 2409 3902 datis,
2451 3856 2571 3907 qua:
2626 3839 2927 3893 discedenti
2969 3838 3207 3894 Murates
3248 3840 3491 3902 dederat,
3560 3840 3812 3893 homines

2238 3932 2504 4001 quosdam
2539 3932 2641 3986 sibi
2681 3933 2836 3997 fidos,
2867 3933 3015 3986 adire
3057 3933 3342 3998 gettinros
3379 3932 3553 4000 jubet,
3594 3945 3655 3984 ac
3695 3947 3816 3998 pas-

2236 4027 2338 4079 sitn
2386 4040 2656 4077 rumorem
2693 4024 2900 4087 didere,
2940 4026 3095 4093 quasi
3132 4024 3366 4080 Montes
3418 4025 3499 4079 eis
3530 4026 3596 4102 ob
3647 4025 3817 4077 inter-

2235 4131 2481 4187 emptum
2530 4122 2845 4174 Achmetem
2890 4122 3103 4174 bassam
3147 4121 3371 4173 minime
3406 4133 3813 4185 succensent;

2236 4212 2343 4265 imo
2378 4211 2630 4266 dictitare
2654 4212 2927 4265 sultanum
2957 4210 3500 4276 conﬁrmarenhjure
3529 4212 3816 4264 scelestum

2238 4302 2512 4357 hominem
2545 4302 2613 4357 de
2647 4303 2827 4357 medio
2853 4302 3149 4367 sublatum,
3182 4302 3275 4371 qui
3301 4302 3587 4371 genizaros
3618 4303 3808 4356 unicos

561 4387 693 4441 libet
727 4386 902 4440 obiter
928 4386 1031 4440 hoc
1063 4387 1182 4440 loco
1217 4386 1282 4439 de
1317 4386 1535 4439 interitu
1568 4385 1741 4454 ipsius
1769 4400 1988 4454 quoque
2028 4383 2128 4437 Ra-

2242 4393 2455 4462 irupetii
2513 4394 2599 4448 sui
2650 4396 2907 4450 custodes
2970 4394 3205 4449 annonis
3255 4394 3370 4449 suis
3418 4392 3811 4448 defraudassct.

564 4483 811 4536 madanis
840 4481 1013 4535 hassae
1043 4477 1390 4549 Tripolitani,
1417 4480 1579 4548 cujus
1610 4480 1826 4534 viduam
1874 4496 1997 4533 cum
2024 4479 2134 4534 tilio

563 4574 876 4643 familiaque
904 4587 1096 4627 causam
1122 4572 1189 4626 ab
1224 4569 1361 4625 Emo
1393 4572 1651 4633 diximus,
1697 4585 1958 4640 perpauca
1987 4587 2136 4641 quae-

564 4668 689 4719 dam
731 4678 1207 4717 commemotare:
1245 4662 1452 4727 futura,
1492 4674 1552 4716 ut
1600 4664 1819 4731 opinor,
1852 4664 2012 4717 avido
2043 4680 2133 4718 eoo

566 4754 857 4825 gnoscctttli
894 4770 979 4807 res
1003 4767 1217 4808 exteras
1246 4754 1428 4806 animo
1462 4768 1570 4805 non
1613 4755 1924 4823 injucunda.

640 4848 1011 4916 Tripolitanus
1070 4848 1234 4916 igitur
1281 4847 1370 4899 hic
1434 4848 1624 4911 bassa,
1675 4845 1876 4900 bellum
1946 4858 2136 4900 contra

567 4942 854 4993 batbarun
893 4953 1072 5009 regem
1124 4939 1441 4991 Africanum
1500 4948 1777 5005 gesturus,
1831 4953 1951 4990 cum
2002 4938 2138 4992 alios

566 5034 768 5087 milites
802 5047 932 5085 suos
957 5072 972 5095 ,
1021 5041 1132 5085 tum
1168 5032 1330 5085 etiam
1368 5032 1563 5086 missos
1599 5031 1702 5084 sibi
1739 5046 1767 5083 a
1802 5032 2018 5084 sultano
2050 5046 2139 5099 ge-

566 5130 781 5179 nizaros
822 5123 995 5179 Porta
1018 5125 1370 5193 sclopctarios
1393 5124 1446 5176 in
1486 5123 1754 5177 hosticum
1793 5124 1961 5179 ducit.
1999 5123 2143 5178 Con-

566 5228 675 5271 stat
704 5230 912 5278 autem,
949 5232 1170 5285 magnas
1204 5218 1257 5269 in
1288 5216 1473 5269 Africa
1508 5215 1833 5271 solitudines
1864 5231 2006 5279 esse,
2046 5232 2143 5285 per

564 5324 703 5376 quas
776 5307 1114 5375 profecturi,
1190 5310 1398 5375 copiam
1472 5322 1653 5360 rerum
1717 5308 2144 5362 necessariarum

564 5410 619 5449 et
647 5397 700 5450 in
734 5398 926 5466 primis
961 5416 1214 5463 annonae,
1253 5415 1437 5452 secum
1483 5409 1540 5453 ut
1572 5398 1751 5453 ferant
1788 5416 2012 5453 necesse
2044 5414 2146 5452 est.

563 5487 822 5541 ltttterum
858 5505 1073 5557 quoque
1105 5492 1259 5557 periti
1292 5492 1478 5553 duces,
1522 5491 1574 5544 itt
1597 5492 1730 5546 locis
1759 5494 1895 5545 adeo
1915 5491 2149 5545 desertis

564 5589 618 5645 et
649 5583 829 5642 inviis,
885 5582 969 5633 vel
995 5582 1227 5634 maxime
1257 5583 1623 5650 requiruntur.
1659 5583 1935 5636 liamadan
1964 5584 2145 5650 bassa,

566 5683 689 5721 cum
724 5672 916 5723 horum
974 5685 1265 5741 utrumque
1327 5687 1519 5741 parum
1578 5675 1642 5727 ad
1695 5674 1961 5741 animum,
2011 5687 2135 5730 ante

2244 4483 2338 4537 llis
2378 4484 2598 4550 auditis,
2633 4484 2792 4539 hilari
2831 4485 3007 4540 fronte
3051 4486 3290 4556 genizari
3327 4484 3730 4554 beglet‘begum,
3766 4492 3816 4537 et

2248 4594 2356 4645 qua
2412 4593 2509 4647 par
2540 4580 3047 4642 erat,observantia
3099 4577 3398 4647 excipiunt.
3459 4574 3653 4631 Verum
3710 4593 3814 4629 non

2246 4670 2415 4723 multo
2443 4680 2565 4739 post
2618 4672 2986 4739 inexspectato
3037 4671 3268 4740 quodam
3303 4682 3422 4724 astu
3454 4670 3650 4723 milites
3703 4669 3817 4738 ejus

2244 4762 2681 4815 etrctnnveniunt
2707 4802 2720 4827 ,
2771 4773 2827 4816 et
2875 4763 3160 4816 universos
3192 4762 3408 4816 credunt
3438 4801 3452 4826 ,
3494 4762 3627 4831 ipsis
3656 4766 3814 4814 etiam

2249 4853 2561 4907 triremibus
2604 4854 2655 4906 in
2707 4864 3025 4922 potestatem
3064 4854 3320 4907 redactis.
3366 4853 3603 4906 Murates
3631 4892 3645 4915 ,
3700 4852 3816 4905 licet

2248 4943 2530 5012 aegerrime
2558 4946 2721 4998 ferret
2746 4946 2974 4999 alterum
3008 4945 3111 4998 hoc
3151 4946 3527 5013 genizarorutn
3562 4945 3615 4997 in
3644 4942 3814 5013 Cypro

2251 5037 2486 5099 facinus,
2539 5053 2648 5106 quo
2676 5038 2995 5106 gravissime
3024 5036 3143 5090 laedi
3177 5054 3329 5091 suam
3372 5047 3424 5091 et
3463 5053 3683 5106 prorsus
3717 5038 3811 5088 im-

2255 5128 2421 5181 l-‘Jllllli
2474 5129 2804 5197 tnajestatcm
2856 5128 3092 5193 videbat,
3129 5137 3312 5182 tamen
3360 5130 3502 5196 quod
3536 5127 3812 5182 infeLcitt-r

2254 5221 2518 5273 hactenus
2548 5221 2682 5287 gesti
2723 5219 2845 5273 belli
2886 5220 3087 5274 Persici
3147 5234 3333 5286 causa,
3406 5221 3808 5273 condonandum

2247 5310 2333 5361 his
2369 5310 2573 5378 aliquid
2630 5324 2918 5375 censeret,
2956 5328 3023 5365 ne
3072 5326 3241 5365 notas
3272 5324 3326 5366 et
3366 5312 3652 5366 intestinas
3684 5327 3811 5381 pra;-

2249 5411 2395 5456 terea
2460 5403 2651 5458 turbas
2721 5404 3007 5470 excitaret,
3075 5404 3169 5459 iris
3214 5404 3383 5458 animi
3437 5404 3807 5466 dissimulatis,

2249 5495 2381 5547 nihil
2414 5496 2649 5565 amplius
2683 5498 2736 5550 itt
2773 5512 2869 5551 eos
2904 5498 3152 5551 tentavit.

2321 5586 2476 5639 Anno
2533 5587 2637 5641 992
2671 5590 2823 5654 (Chr.
2886 5589 3065 5659 “385),
3104 5606 3289 5643 mense
3320 5590 3549 5656 Martio,
3606 5591 3659 5644 in
3702 5605 3809 5641 om-

2250 5680 2397 5734 nium
2443 5691 2561 5735 erat
2592 5697 2685 5737 ore
2709 5681 3210 5754 Constantinopoli,
3256 5682 3538 5740 Ferhatem
3575 5684 3807 5748 bassatn,
