4048 6208
324 245 444 312 ῗοθ

1464 255 1839 314 SUi’PLEM.
1874 254 2154 313 ANNAL.
2193 252 2498 316 TUllClC.

3487 257 3592 322 710

330 362 432 432 qni
459 361 690 417 Turcico
740 362 898 417 militi
967 378 1219 431 suprema
1268 379 1393 419 cum
1439 375 1725 434 potestate,
1782 381 1904 421 uec-
1933 370 1980 427 Α
2010 364 2237 417 moritur
2281 365 2410 418 Erat
2455 366 2507 418 iu
2539 365 2779 420 exercitu
2815 365 3087 423 secundus
3116 368 3184 423 ab
3219 368 3338 437 ipso
3373 370 3594 440 (ligato-

322 456 464 510 dum
521 455 587 509 ad
654 455 788 509 lines
842 455 1095 510 Persicos
1159 471 1448 525 progresso
1502 473 1625 512 cum
1660 459 1903 511 exercitu

324 545 572 601 Osmane
609 546 768 600 bassa
809 547 1166 611 vezirazcme,
1210 558 1459 614 praeerat,
1485 548 1723 600 debitam
1766 549 1907 601 mili-

328 635 479 687 tibus
504 650 803 698 annonam,
825 635 1043 689 sordida
1061 638 1291 704 quadam
1320 638 1546 691 avaritia
1570 637 1906 702 distractam,

324 738 464 777 suos
495 726 546 776 iu
586 741 720 779 usus
758 725 1018 779 vertisse:
1070 727 1224 795 cujus
1263 738 1442 782 tamen
1475 730 1625 798 gravi
1681 731 1907 797 penuria

314 818 620 871 laborabat
648 819 943 873 exercitus.
979 818 1120 874 Idem
1153 836 1276 874 cum
1306 822 1642 890 imperasset,
1677 826 1906 875 duarqu

313 910 388 961 ’111
428 911 511 963 his
554 909 690 964 locis
722 912 1086 965 munitionum
1137 914 1545 968 excitandarum
1596 930 1761 968 causa
1787 955 1801 979 ,
1843 915 1909 969 de

312 1002 635 1069 provinciis
659 1003 733 1055 uti
770 1002 965 1056 vicinis
998 1005 1352 1059 convenirent
1383 1006 1681 1059 incolarum
1718 1008 1783 1060 ad
1818 1024 1906 1060 se-

325 1095 553 1161 xaginta
592 1092 712 1161 plus
753 1093 936 1149 minus
986 1095 1179 1160 millia,
1228 1096 1321 1165 qui
1373 1111 1570 1164 Operas
1621 1104 1911 1151 structurae

324 1184 675 1239 necessarias
734 1185 787 1238 in
850 1201 908 1239 se
959 1188 1283 1255 reciperent,
1348 1204 1377 1240 a
1411 1187 1644 1257 singulis
1704 1190 1905 1257 aliquid

324 1290 711 1336 nummorum.
746 1290 845 1344 pro
875 1276 1085 1331 ratione
1124 1279 1466 1343 facultatum,
1495 1281 1739 1348 exegisse
1770 1280 1909 1334 fere-

325 1364 518 1418 batur:
552 1364 765 1432 illisque
796 1368 1019 1420 domum
1061 1368 1327 1432 remissis,
1356 1371 1420 1423 ad
1454 1370 1761 1425 functiones
1791 1388 1909 1425 sor-

325 1456 488 1509 didas
520 1457 666 1524 ipsos
696 1458 962 1527 Srpacltios
1017 1460 1303 1527 genizaros
1333 1473 1668 1530 caeterosqne
1713 1463 1909 1518 milites

329 1548 610 1618 adegiSse.
646 1548 850 1603 Mensis
885 1552 1129 1623 ejusdem
1165 1553 1252 1606 die
1278 1553 1344 1607 15
1384 1569 1706 1609 concessqu
1739 1558 1790 1608 in
1821 1555 1907 1608 di-

328 1656 475 1692 vanu
509 1639 695 1693 Ziansi
738 1641 944 1705 bassa,
999 1659 1157 1712 quem
1194 1660 1357 1712 supra
1388 1647 1653 1719 masuletu
1703 1646 1905 1700 factum

327 1731 499 1802 384
528 1732 790 1797 diximus,
831 1746 886 1788 ut
917 1735 1120 1800 libere,
1170 1716 1466 1804 quibusin
1525 1737 1658 1790 locis
1712 1740 1908 1803 vellet,
1945 1713 1987 1767 Β

337 1828 541 1878 versari
566 1836 775 1908 posset.
808 1826 922 1882 Hoc
952 1828 1228 1882 decretum
1255 1830 1303 1882 ei
1330 1834 1467 1883 viam
1494 1832 1730 1899 aperuit,
1766 1833 1910 1900 prio-

335 1928 450 1968 rem
478 1915 547 1969 ad
580 1917 900 1986 dignitatem
931 1918 1213 1978 redeundi;
1247 1920 1390 1988 quod
1424 1921 1667 1988 quidem,
1699 1932 1911 1974 mortuo

336 2006 584 2060 Persicos
618 2007 685 2061 ad
721 2007 856 2062 fines
888 1995 1127 2062 Osmane
1174 2010 1352 2071 bassa,
1395 2025 1501 2062 nou
1556 2011 1728 2065 multo
1785 2022 1912 2081 post

282 2123 287 2126 ·
334 2098 555 2153 accidit.
593 2096 817 2154 Constat
856 2115 975 2153 cum
1028 2110 1280 2169 utroque,
1316 2111 1424 2155 tam
1461 2102 1713 2163 Ferltate,
1746 2120 1909 2172 quam

337 2186 551 2248 Stanse,
589 2189 775 2241 mitius
811 2189 986 2257 egisse
1021 2190 1293 2242 sultanum
1327 2188 1610 2253 Moralem,
1646 2194 1786 2257 quod
1823 2204 1914 2242 eo-

337 2294 458 2331 tum
491 2279 755 2347 indigeret
783 2295 967 2346 opera.
1003 2280 1138 2333 Nam
1172 2281 1264 2349 qui
1299 2296 1394 2348 per
1426 2280 1679 2334 Osmanis
1714 2282 1913 2334 absen-

338 2371 469 2423 tiam
495 2385 729 2440 supremi
760 2372 954 2426 veziris
987 2373 1106 2425 loco
1131 2388 1215 2426 res
1242 2371 1654 2425 administrabat
1692 2370 1911 2447 Mes’ites

336 2463 523 2528 bassa,
554 2469 825 2517 castratos
854 2474 907 2518 et
962 2478 1153 2529 senex,
1190 2464 1316 2518 licet
1365 2462 1569 2533 alioqui
1621 2463 1806 2532 justus
1860 2471 1914 2517 et

335 2572 602 2636 severus,
633 2570 784 2615 tanto
817 2568 997 2611 tamen
1033 2556 1243 2611 muneri
1284 2571 1475 2625 parum
1515 2567 1632 2609 erat
1664 2556 1913 2609 idoneus.

414 2652 512 2707 Die
540 2653 605 2706 19
631 2654 844 2709 mensis.
866 2652 1065 2721 Aprilis
1097 2650 1257 2704 rediit
1290 2649 1492 2719 Sinope
1526 2647 1913 2703 Constantino-

337 2743 506 2815 polim
538 2742 775 2800 Uluzalis
804 2744 1091 2814 przefectus
1119 2743 1319 2798 maris:
1354 2742 1500 2810 quod
1531 2748 1913 2809 argumentum

335 2844 481 2898 erat,
507 2850 573 2889 eo
602 2835 722 2889 loco
757 2844 871 2889 tum
908 2851 994 2890 res
1024 2833 1193 2889 fuisse
1225 2833 1528 2896 Tataricas,
1563 2842 1621 2885 ut
1656 2828 1915 2884 Osmanis

340 2925 398 2981 iu
437 2923 728 2981 Tauricam
767 2927 1175 2984 Chersonesum
1217 2925 1607 2996 transjcctione
1638 2940 1743 2977 non
1772 2932 1917 2978 esset

337 3037 504 3094 opus.

411 3113 618 3170 Eodem
647 3130 791 3170 anno
821 3127 945 3168 cum
967 3110 1169 3167 Osman
1202 3111 1361 3165 bassa
1390 3108 1640 3164 Persicos
1675 3108 1741 3162 ad
1769 3106 1914 3161 limi-

340 3219 426 3266 tes
485 3194 837 3274 accessisset,
900 3206 1313 3263 occurrentibus
1366 3205 1635 3272 intrepide
1693 3203 1915 3264 Persis,

337 3299 507 3355 modo
540 3299 706 3367 mille,
738 3299 901 3354 modo
930 3299 1116 3369 plures
1140 3337 1154 3361 ,
1187 3297 1251 3350 ad
1288 3297 1471 3350 decem
1506 3311 1678 3364 usque
1713 3294 1877 3346 millia
1900 3332 1917 3359 ,

342 3390 411 3447 de
443 3389 613 3459 ipsius
640 3391 885 3445 exercitu
912 3388 1142 3458 carptim
1172 3386 1325 3441 fuere
1354 3385 1501 3439 cat-si.
1531 3383 1772 3436 'l‘andcm
1808 3383 1919 3436 Au-

346 3492 504 3553 gusto
527 3497 735 3549 mense,
767 3480 950 3536 Persis
979 3479 1187 3545 insciis,
1248 3488 1302 3533 et
1332 3477 1467 3531 nihil
1506 3477 1587 3551 de
1607 3476 1708 3528 hoc
1745 3474 1917 3544 ipsius

347 3576 544 3631 itinere
589 3576 958 3645 c0gilanlibus
987 3614 1003 3639 ,
1040 3590 1132 3643 per
1163 3574 1458 3631 obscuras.
1489 3586 1710 3638 opacas,
1743 3584 1909 3635 angu-

341 3681 458 3726 etas
498 3670 684 3731 Vallius,
737 3670 881 3722 inter
909 3668 1204 3722 altissimos
1242 3666 1499 3732 utrinque
1531 3672 1743 3717 montes
1790 3675 1917 3730 pro-

344 3761 540 3825 fectus,
562 3761 653 3814 ubi
677 3759 865 3815 militis
888 3759 1167 3813 animandi
1185 3772 1350 3812 causa
1374 3754 1653 3810 multoties
1675 3752 1915 3819 disgilosa

344 3853 497 3907 luere
525 3863 795 3907 tormenta
826 3851 1016 3908 bellica
1037 3891 1052 3912 .
1086 3848 1393 3905 Tebrisium
1429 3847 1678 3902 accessit.
1741 3843 1921 3898 Facil-

346 3945 536 4001 limum
567 3944 707 4001 hosti
740 3943 970 4010 fuisset,
1012 3944 1096 3999 liis
1129 3946 1182 3995 in
1210 3941 1478 4014 angustiis
1505 3955 1628 3994 cum
1652 3949 1763 3993 toto
1792 3953 1917 3992 cum

342 4037 590 4092 exercitu
621 4037 688 4091 ad
726 4037 1153 4095 internecionem
1198 4035 1402 4097 delere,
1448 4034 1494 4088 si
1543 4031 1809 4084 maturius
1855 4028 1921 4083 de

345 4131 450 4184 hac
480 4129 600 4198 ejus
630 4128 969 4199 profectione
998 4127 1365 4197 cogtlot'isSel.
1392 4124 1643 4178 Osmanis
1688 4123 1919 4176 adventu

345 4222 645 4287 intellecto,
667 4222 865 4278 Cadius
889 4223 1002 4277 sive
1020 4220 1185 4291 judex
1216 4220 1364 4273 urbis
1390 4218 1514 4289 fuga
1539 4217 1641 4272 sibi
1664 4215 1920 4270 consulit.

345 4312 484 4366 Tum
513 4314 725 4375 casteri,
762 4313 1057 4381 praesertim
1093 4312 1190 4364 viri
1230 4311 1504 4379 sexaginta
1546 4311 1597 4362 in
1632 4313 1763 4362 urbe
1814 4308 1923 4374 pri-

350 4407 531 4471 marii,
576 4406 743 4459 variis
792 4419 917 4458 cum
973 4402 1309 4456 istruntcntis
1361 4400 1584 4455 musicis
1637 4400 1688 4452 in
1741 4406 1919 4450 castra

346 4497 651 4550 Tur-corum
681 4504 906 4552 exettnl:
943 4493 1163 4549 Osmani
1204 4510 1263 4548 se
1295 4494 1487 4552 bassx,
1518 4491 1721 4545 salvam
1759 4489 1919 4541 liber-

346 4601 513 4644 tatem
549 4591 1031 4657 immunitatesque
1069 4602 1198 4641 suas
1226 4591 1391 4656 pacti,
1423 4584 1648 4647 dedunt,
1686 4596 1921 4647 eumque

350 4691 514 4734 noctu
540 4697 662 4732 cum
699 4682 813 4734 suis
842 4684 894 4733 111
928 4681 1137 4737 urbem.
1169 4674 1507 4744 cartoroqniu
1547 4683 1786 4741 apertam
1817 4686 1919 4722 nec

351 4775 475 4825 ullis
500 4772 744 4826 clausam
778 4771 967 4835 muris,
992 4771 1290 4823 deducunt.
1322 4770 1415 4821 bist
1438 4770 1489 4819 111
1524 4767 1654 4817 urbe
1681 4762 1920 4815 saraium

348 4864 511 4932 longe
537 4864 934 4932 amplissimum
965 4904 980 4928 ,
1016 4866 1185 4917 altera
1216 4861 1538 4915 scacborum
1573 4855 1915 4909 Persicorum

350 4960 535 5027 regia;
570 4974 693 5010 eum
725 4956 951 5010 interior
974 4956 1041 5008 ad
1072 4954 1387 5008 Casmiuum
1425 4952 1532 5012 sit,
1567 4948 1923 5016 quemadmo-

351 5055 481 5107 dum
520 5054 808 5122 aliquoties
860 5053 984 5106 alibi
1031 5054 1290 5105 diximus.
1348 5051 1462 5102 Hoc
1513 5047 1750 5102 saraium
1794 5058 1923 5113 pro-

351 5148 674 5215 pugnaculis
698 5150 980 5208 Usmanes,
1010 5145 1151 5196 intra
1181 5143 1321 5195 diem
1366 5140 1726 5199 tricesinmm,
1772 5152 1924 5205 egre-

350 5239 438 5308 gie
461 5239 658 5296 munit;
694 5237 803 5291 arci
839 5235 1103 5289 absoluta:
1139 5233 1284 5285 mille
1314 5230 1694 5299 spachiornm,
1725 5228 1923 5280 duum-

351 5347 461 5401 que
491 5330 719 5383 millium
772 5330 1190 5395 geuizarorum,
1253 5332 1450 5391 praeter
1500 5320 1638 5372 alios
1686 5320 1923 5380 milites,

352 5422 667 5495 praesidium
692 5420 945 5489 imponit:
968 5417 1344 5471 machinarum
1360 5412 1589 5481 denique
1610 5410 1925 5463 bellicarum

352 5518 409 5572 in
445 5530 506 5568 ea
541 5529 797 5582 magnum
834 5527 1116 5565 numerum
1145 5548 1159 5571 ,
1204 5524 1326 5561 cum
1360 5506 1480 5560 aliis
1526 5505 1689 5557 rebus
1743 5516 1932 5554 necirs—

353 5612 537 5673 sariis,
588 5612 863 5679 relinquit.
920 5604 1048 5660 lude
1086 5602 1355 5658 'I'ebrisio
1413 5598 1599 5665 cupias
1646 5593 1928 5648 universas

355 5703 615 5766 abducit,
651 5716 714 5755 ac
744 5702 798 5755 in
828 5700 1019 5755 itinere
1046 5694 1375 5767 dysenteria,
1414 5690 1603 5779 quinto
1642 5694 1765 5755 post
1795 5683 1881 5739 die
1909 5722 1924 5749 ,

2012 457 2112 523 glis
2168 458 2352 518 bassa,
2405 456 2756 525 beglerbcgus
2814 456 3168 523 Revanensis,
3220 459 3376 528 cujus
3425 477 3592 530 supra

2011 559 2227 613 quoque
2260 546 2583 599 mentionem
2628 547 2872 599 fecimus.
2920 546 3015 601 llic
3055 545 3291 603 Osmane
3340 564 3590 615 mortuo,

2012 652 2325 705 supremum
2360 646 2553 690 nactus
2586 638 2908 705 imperium,
2941 653 3071 692 suos
3099 640 3153 692 in
3198 648 3375 694 tutum
3427 647 3588 695 redu~

2011 742 2136 781 cere
2169 729 2380 782 nititur.
2410 728 2618 782 Instant
2643 730 2902 799 CigaIOgli
2935 748 2963 784 a
2994 740 3142 802 tergo
3170 731 3367 793 Persae.
3392 738 3594 803 quibus

2013 820 2131 889 ipse
2161 823 2394 875 scacllus
2424 821 2667 875 adfuisse
2700 824 3037 890 perhibetur.
3093 826 3373 881 Accrrimo
3404 830 3593 883 confli-

2012 925 2126 979 ctu,
2168 927 2218 970 et
2247 918 2535 985 aliquoties
2590 919 2808 986 quidem
2863 922 3132 989 repetito,
3183 923 3414 976 maxima
3459 922 3594 977 Tur-

2011 1022 2195 1060 corum
2235 1018 2443 1077 strages
2473 1008 2673 1062 editur.
2709 1007 3096 1075 Nihiiominus,
3136 1027 3463 1081 quocunque
3495 1029 3593 1082 po-

2014 1108 2119 1152 test
2157 1098 2350 1159 modo,
2402 1096 2695 1167 C'galoglis
2742 1097 2846 1151 iter
2888 1101 3220 1154 continuat:
3258 1118 3382 1156 cum
3422 1105 3594 1161 hostis

2014 1189 2272 1258 impetum
2293 1189 2565 1256 frangeret
2583 1190 2791 1258 objecta
2810 1189 3213 1256 genizarorum,
3230 1196 3320 1261 qui
3338 1195 3596 1263 sclopetis

2013 1282 2128 1334 suis
2184 1279 2376 1334 terrori
2448 1280 2628 1334 Persis
2682 1290 2856 1334 erant.
2910 1281 3133 1346 Quoties
3181 1296 3361 1337 autem
3413 1284 3592 1341 Persa:

2012 1376 2231 1443 gravius
2262 1384 2533 1443 urgerent,
2568 1385 2877 1443 premerent
2901 1416 2916 1436 ,
2953 1374 3259 1431 Turcornm
3301 1380 3591 1446 profer-tio—

2013 1484 2134 1521 nem
2181 1468 2526 1535 impedirent,
2576 1468 2878 1522 subsistere
2905 1469 3167 1538 legiones.
3201 1480 3252 1522 et
3296 1471 3592 1527 fortissime

2016 1558 2251 1628 praeliari
2302 1558 2476 1626 jubet.
2538 1557 2874 1628 Transfugas
2913 1562 3142 1628 denique
3191 1565 3517 1617 subornatos
3542 1564 3593 1616 111

2018 1650 2256 1704 bosnqu
2308 1660 2492 1703 castra
2544 1649 2745 1713 mittit,
2795 1650 2888 1717 qui
2931 1650 2999 1705 de
3057 1651 3229 1719 ipsius
3265 1655 3599 1721 profectione

2020 1742 2356 1811 consilioque
2386 1743 2543 1810 longe
2574 1744 2785 1795 diversa
2812 1743 3075 1796 referrent
3106 1747 3174 1797 ab
3218 1746 3281 1800 iis
3312 1763 3432 1814 quae
3473 1763 3596 1801 cum

2019 1831 2204 1884 animo
2235 1846 2335 1883 suo
2366 1830 2545 1883 facere
2597 1830 2992 1884 constituisset.
3031 1831 3143 1885 Hac
3176 1834 3296 1902 ejus
3333 1836 3598 1904 impostu-

2021 1938 2077 1975 ra
2108 1923 2316 1990 decepti
2344 1919 2522 1974 Persae
2544 1958 2561 1983 ,
2590 1923 2713 1974 dum
2746 1932 2799 1974 et
2829 1921 2929 1990 ipsi
2971 1924 3311 1988 subsistunt,
3358 1927 3597 1983 maxima

2020 2013 2293 2066 celeritate
2323 2029 2448 2066 cum
2476 2013 2589 2067 suis
2615 2012 2901 2082 aufugiens
2945 2013 3239 2083 Cigaloglis
3262 2014 3516 2077 elabitur.
3543 2026 3600 2071 et

2019 2102 2256 2157 Wanum
2308 2102 2563 2170 reliquias
2610 2104 2914 2159 incolmnes
2950 2107 3119 2158 ducit.
3178 2106 3354 2160 Persae
3412 2108 3595 2176 fugam

2022 2194 2194 2249 hostis
2242 2194 2567 2263 conspicati,
2614 2194 2925 2248 Tebrisium
2962 2206 3346 2251 revertuntur:
3379 2208 3433 2252 et
3467 2200 3600 2252 urbe

2023 2296 2363 2355 recuperata,
2390 2301 2513 2339 mox
2543 2300 2723 2340 arcem
2753 2286 3007 2340 obsidere
3035 2297 3339 2355 coeperunt.
3366 2288 3600 2344 Periisse

2020 2388 2235 2433 constat
2270 2378 2323 2430 iu
2353 2377 2503 2431 hisce
2532 2376 2875 2431 conflictibus
2912 2378 3053 2431 haud
3088 2379 3251 2432 dubie
3288 2378 3596 2435 Turcorum

2021 2472 2087 2526 ad
2123 2468 2332 2534 80000,
2371 2471 2425 2523 in
2475 2471 2674 2535 quibus
2722 2479 2877 2524 erant
2929 2481 3311 2526 veteranorum
3367 2472 3597 2527 mimum

2024 2562 2437 2618 lectissimorum
2476 2562 2540 2613 ad
2576 2561 2785 2616 400001
2835 2563 3016 2630 przel‘a
3065 2572 3235 2615 totum
3282 2561 3598 2618 continuata

2028 2652 2269 2709 triduum
2312 2652 2761 2720 trinoctiumque.
2810 2653 2993 2722 Capta:
3037 2662 3253 2707 centum
3304 2669 3367 2708 ac
3415 2656 3603 2724 plures

2025 2744 2291 2796 machina:
2314 2743 2517 2799 bellicae
2538 2744 2792 2812 majores.
2812 2741 3054 2798 Scacltus
3080 2743 3349 2810 Persicus,
3385 2762 3440 2798 rc
3464 2749 3603 2799 bene

2025 2847 2197 2905 gesta,
2234 2852 2401 2906 regno
2442 2846 2613 2890 semet
2641 2836 2923 2890 abdicasse
2954 2836 3149 2899 fertur,
3184 2837 3343 2905 idque
3375 2837 3456 2891 sic
3485 2848 3599 2891 tr..-

2025 2929 2229 2983 didisse
2262 2929 2391 2994 lilio,
2425 2937 2481 2982 ut
2514 2944 2637 2982 cum
2664 2936 3004 2982 sacramento
3034 2928 3184 2997 prius
3213 2930 3597 2998 obstringeret.

2024 3035 2133 3088 quo
2165 3030 2350 3073 sancte
2397 3020 2782 3088 polliceretur,
2818 3034 3099 3087 nunquam
3131 3034 3189 3073 se
3236 3035 3359 3073 cum
3407 3016 3601 3073 Turcis

2023 3128 2204 3176 pacem
2240 3113 2534 3175 facturum,
2575 3111 2630 3164 ni
2682 3111 2835 3179 prius
2882 3114 3175 3180 recepisset
3215 3110 3433 3174 omnia,
3482 3127 3603 3179 qua:

2015 3203 2154 3271 juris
2189 3204 2480 3272 aliquando
2509 3203 2713 3257 Persici
2747 3202 3000 3257 fuissent.
3040 3203 3161 3256 [late
3197 3206 3410 3258 tametsi
3448 3216 3597 3273 gesta

2019 3297 2171 3350 fuere
2203 3306 2326 3365 post
2370 3296 2670 3350 discessum
2706 3311 2737 3350 e
2771 3294 3003 3348 Turcica
3038 3306 3283 3348 nostrum
3308 3333 3324 3359 ,
3375 3312 3472 3348 nec
3524 3296 3596 3350 ita

2020 3395 2297 3454 Comperta
2327 3386 2542 3450 damus,
2574 3384 2650 3437 uti
2698 3399 2819 3453 quae
2863 3398 3029 3451 supra
3075 3383 3140 3437 de
3174 3384 3333 3437 rebus
3369 3384 3602 3438 Persicis

2022 3492 2085 3528 ex
2120 3474 2409 3529 interv.tllo
2450 3472 2691 3542 propiori
2723 3475 3008 3525 observata
3059 3474 3481 3543 descripsimus:
3523 3487 3601 3527 ta-

2024 3583 2147 3620 men
2180 3567 2248 3620 ab
2282 3566 2349 3619 iis
2392 3576 2616 3634 accepta
2659 3563 2945 3618 referimus
2979 3565 3046 3618 de
3092 3581 3321 3632 quorum
3355 3565 3459 3619 (ide
3492 3581 3601 3619 nou

2022 3658 2356 3712 dubitamus:
2386 3656 2607 3726 sequius
2631 3671 2695 3709 ac
2719 3655 2791 3709 illi
2823 3659 3036 3722 solent,
3071 3659 3161 3725 qui
3222 3674 3399 3711 rerum
3454 3657 3603 3726 ipsa-

2023 3766 2165 3815 rum,
2194 3766 2332 3819 quas
2364 3750 2749 3818 scripturiuut,
2790 3749 2953 3803 rudes
2985 3758 3037 3801 et
3091 3750 3286 3817 ignari,
3344 3750 3601 3806 ridiculas

2025 3843 2179 3897 nobis
2213 3841 2440 3910 (utinam
2462 3841 2580 3895 sine
2608 3838 2801 3895 fraude
2834 3841 3182 3911 periculoque
3216 3842 3476 3911 veritatis)
3503 3860 3603 3896 uu-

2022 3950 2117 4005 gas
2172 3934 2491 3988 obtruduut.

2102 4028 2213 4080 liae
2242 4026 2408 4078 etiam
2437 4034 2623 4079 testate
2656 4024 2857 4078 bellutu
2906 4022 3170 4077 adVi-rsus
3220 4020 3513 4077 Maronitas
3550 4035 3603 4078 el

2027 4120 2476 4187 Turcmgestum
2515 4118 2634 4172 fuit.
2688 4117 3000 4171 lubabitaut
3035 4117 3090 4170 hi
3132 4117 3314 4185 populi
3360 4130 3602 4172 montem

2026 4213 2319 4275 Libanum,
2349 4212 2443 4281 qui
2476 4211 2618 4265 haud
2672 4209 2860 4280 procul
2907 4209 3135 4263 dissitns
3164 4210 3231 4263 ab
3265 4212 3395 4262 urbe
3430 4210 3603 4279 Syriae

2030 4305 2314 4359 Phoenices
2346 4303 2549 4372 Tripoli
2601 4301 2940 4371 (Tarabolos
2972 4317 3034 4356 ea
3068 4300 3261 4354 Turcis
3293 4315 3375 4355 est
3404 4301 3446 4371 ),
3494 4319 3601 4355 nou

1958 4415 1995 4467 ι)
2027 4398 2283 4464 exiguum
2335 4397 2400 4449 ad
2433 4397 2667 4465 spatium
2703 4411 2762 4449 se
2799 4398 3043 4464 porrigit.
3073 4393 3406 4462 Religionem
3440 4393 3602 4447 Chri-

2026 4496 2254 4537 sttanam
2290 4485 2632 4553 profitentur,
2666 4501 2729 4537 ac
2762 4482 3047 4536 MaronLis
3093 4484 3255 4535 etiam
3293 4482 3602 4552 patriarcha

2025 4594 2303 4631 sacrorum
2354 4579 2606 4647 princeps
2656 4586 2762 4631 est.
2811 4577 2861 4631 ls
2915 4577 3120 4630 habitat
3170 4576 3221 4629 in
3271 4577 3602 4629 monasterio

2025 4669 2264 4739 Virginis
2292 4671 2548 4739 Deiparze,
2569 4671 2710 4737 quod
2743 4671 2935 4722 itinere
2970 4671 3088 4722 med
3116 4686 3147 4722 υ
3185 4680 3418 4721 monti-tn
3445 4668 3602 4722 Liba-

2027 4779 2155 4815 unm
2215 4764 2637 4817 ascendentibus
2679 4764 2937 4816 occurrit.
2983 4761 3191 4815 Habent
3245 4771 3300 4815 et
3345 4762 3605 4816 Hieroso-

2026 4858 2184 4926 lymis
2221 4859 2497 4911 Maronitae
2533 4858 2791 4926 templum
2841 4856 2899 4911 S.
2943 4855 3157 4927 Georgii
3193 4856 3467 4925 marylris,
3515 4856 3604 4908 ubi

2032 4952 2185 5018 vulgo
2234 4960 2496 5003 vocantur
2538 4948 2832 5003 Christiani
2862 4948 3047 5013 cincti,
3074 4950 3188 5002 sive
3230 4948 3458 5006 zonarii,
3483 4962 3608 5012 pio-

2030 5051 2145 5106 pter
2202 5041 2388 5108 longas
2436 5041 2679 5109 latasque
2731 5056 2898 5095 zonas
2925 5041 3039 5094 sive
3092 5037 3347 5105 cingula,
3404 5038 3603 5102 quibus

2032 5138 2278 5182 utuntur.
2316 5133 2602 5199 Aytlionus
2637 5131 2837 5185 alicubi
2877 5130 3184 5184 Marouinos
3217 5126 3395 5187 dixit,
3432 5133 3485 5177 et
3519 5124 3603 5179 his

2030 5223 2206 5276 verbis
2231 5239 2422 5277 eorum
2452 5225 2722 5279 meminit.
2758 5223 2897 5277 Sunt
2926 5222 2979 5275 in
3014 5230 3194 5274 monte
3216 5218 3423 5272 Libano
3446 5217 3608 5269 Chri-

2030 5316 2194 5369 saiani
2245 5316 2500 5382 degentes
2545 5330 2713 5384 prope
2761 5313 3052 5381 Tripolim,
3091 5310 3361 5378 sagittarii
3396 5308 3603 5376 pedites

2032 5408 2186 5461 valde
2218 5408 2363 5474 boni,
2409 5409 2554 5462 circa
2586 5407 2760 5462 40000
2795 5408 3056 5458 virorum.
3086 5400 3150 5454 lli
3184 5401 3459 5454 multolies
3486 5398 3602 5451 11111-
3682 5450 3696 5462 ,

2033 5510 2161 5553 runt
2194 5501 2416 5555 soldauo
2450 5501 2787 5562 11111111165ρε1
2815 5497 3013 5549 dauma
3050 5493 3282 5562 plurima
3317 5491 3603 5544 Saracenis

2035 5592 2358 5646 intulerunt.
2418 5590 2690 5645 Hactenus
2739 5590 3041 5658 Aythonns.
3102 5584 3382 5637 Mat‘Onllts
3443 5581 3603 5637 ticini

2036 5686 2391 5756 fceleratique
2420 5682 2766 5749 suntTrusci,
2798 5683 2888 5748 qui
2928 5678 3336 5746 seprolitcnlut‘
3369 5691 3490 5731 csse
3520 5691 3607 5731 re-
