4048 6208
522 260 622 327 7ll

1725 256 2052 318 JOANNIS
2107 252 2586 337 LEUNCLAVII

3660 253 3763 328 ll?

524 382 720 449 “qui”
754 381 970 436 illorum
1025 378 1440 436 occidentalium
1465 378 1921 441 Christianorum,
1964 391 2099 446 quos
2135 385 2169 439 Α
2205 376 2507 440 proximum
2543 378 2594 429 in
2627 383 2879 445 stagnum
2932 377 3183 431 demisit:
3222 379 3311 431 ubi
3364 384 3519 433 no'ctu
3576 390 3764 449 stupi-

520 474 865 542 imperatoris
882 472 1096 526 llenriei
1116 471 1180 524 IV
1200 483 1457 540 tempore,
1479 473 1581 525 sub
1614 488 1812 525 annum
1828 470 2095 524 Chrisia-

519 582 649 618 num
718 566 868 629 l099,
908 566 1013 618 dux
1070 564 1432 619 Bullionensis
1458 564 1620 635 385
1667 563 1984 618 Cotel‘ridus
2042 565 2094 617 in

518 665 718 709 terram
751 664 991 710 sanctam
1026 654 1587 723 duxerit,ctquoruin
1639 671 1767 709 usus
1790 656 2085 722 operatam

518 748 929 817 Hierosolymis,
951 762 1111 816 quam
1138 749 1343 817 reliqua
1364 748 1666 808 Palaestina,
1686 748 1886 815 potitus
1911 746 2093 800 fuerit.

515 839 657 891 Gens
696 849 926 906 utraque
962 847 1069 891 tam
1119 850 1197 893 est
1234 856 1543 905 numerosa,
1600 851 1709 894 tam
1764 839 1842 892 rei
1890 840 2094 890 bellicae

514 933 725 983 addicta
774 933 992 995 studiis,
1046 943 1105 986 ut
1140 933 1421 987 hominum
1466 935 1576 1003 jam
1621 934 1683 985 ad
1728 930 1902 986 60000
1936 933 2094 984 facile

514 1023 721 1085 possint
754 1023 807 1075 in
842 1021 1051 1078 bost'em
1085 1025 1340 1102 educere,
1373 1028 1463 1093 qui
1506 1027 1699 1094 majori
1732 1043 1795 1079 ex
1830 1037 1979 1095 parte
2008 1042 2097 1093 pec

514 1115 765 1168 vilissimi
800 1118 1111 1183 sclopetarii
1143 1127 1289 1171 sunt.
1346 1117 1454 1174 llos
1501 1120 1731 1188 populos
1786 1137 1928 1171 anno
1979 1119 2096 1171 Ma-

513 1209 807 1258 liumetano
874 1206 967 1259 98l
1028 1207 1178 1279 (Chr.
1239 1210 1398 1281 1574)
1452 1213 1701 1265 sultanus
1760 1210 1987 1264 Selinies
2043 1208 2085 1263 ll

510 1304 613 1354 sub
637 1298 831 1373 jugum
863 1301 1095 1365 mittere,
1124 1302 1217 1357 sed
1255 1302 1475 1366 frustra,
1502 1311 1732 1357 conatus
1761 1301 1955 1355 luerat.
1991 1301 2091 1354 Ita-

511 1414 623 1463 que
657 1395 849 1447 Turcis
892 1409 954 1447 ex
1012 1394 1103 1447 illo
1156 1404 1399 1461 tempore
1438 1392 1675 1446 libertatl
1731 1409 1795 1447 ac
1855 1391 2090 1445 fortunis

507 1502 694 1538 eorum
748 1483 1157 1545 insidiantibus,
1204 1497 1347 1535 nunc
1397 1484 1609 1535 tandem
1637 1483 1921 1535 undecimo
1970 1490 2091 1549 post

508 1591 652 1627 anno
682 1575 868 1625 domiti
910 1573 1125 1625 luerunt
1155 1573 1221 1624 ab
1271 1571 1540 1624 lbrabime
1591 1570 1772 1630 hassa.
1808 1570 1947 1624 Cairi
2003 1571 2084 1623 vel

508 1667 723 1736 IEgypti
762 1666 1122 1735 beglerbego:
1159 1666 1249 1732 qui
1282 1663 1347 1716 de
1374 1663 1560 1731 spoliis
1593 1662 1847 1715 thronum
1882 1663 2086 1730 regium

2202 474 2289 519 tus
2321 466 2514 534 ingens
2556 468 2910 537 pugnantium
2968 470 3108 524 inter
3156 486 3215 524 se
3247 471 3523 523 vulnerum
3577 473 3627 524 in
3661 484 3760 525 tma

2200 558 2421 623 vicinia,
2478 575 2642 629 seque
2700 562 2903 615 mutuis
2960 561 3367 617 conﬁcientium
3434 563 3760 629 vulneribus,

2198 652 2416 705 auditus
2444 651 2561 705 fuit.
2597 651 2807 718 Egressi
2843 652 3108 718 postridie
3156 655 3371 721 milites,
3406 656 3573 721 cives,
3628 659 3761 724 agri-

2199 742 2352 804 (ωιτη,
2395 754 2596 796 tantam
2632 758 2682 797 et
2721 754 2942 798 amilum
3003 754 3056 799 et
3102 761 3359 800 anserum
3418 750 3651 816 c0piam,
3699 752 3756 801 al

2204 836 2431 898 lumum,
2468 836 2531 887 ad
2568 850 2748 889 aerem
2785 836 3235 890 exsiccandorum
3269 849 3681 906 congesserunt,
3708 851 3757 893 nt

2198 925 2286 973 diu
2334 932 2441 976 tam
2492 926 2671 992 opima
2714 926 2823 977 sint
2874 927 3165 980 victitaluri
3228 932 3513 983 commode
3568 935 3754 998 praeda.

2195 1012 2329 1064 Nam
2361 1013 2451 1065 alii
2520 1014 2641 1075 100,
2702 1015 2791 1068 alii
2854 1016 2981 1077 200,
3033 1020 3218 1085 plures
3273 1019 3361 1071 alii
3422 1021 3757 1087 paucioresve

2197 1106 2534 1174 collegerunt
2561 1114 2821 1161 mactatas
2843 1111 2909 1160 ab
2936 1124 2993 1163 se
3043 1109 3275 1165 invicem
3304 1112 3577 1165 volucres.
3627 1115 3754 1165 Tan-

2196 1197 2316 1249 dem
2344 1211 2374 1247 e
2406 1204 2558 1264 prato
2580 1199 2812 1267 quodam
2864 1202 3260 1269 spatiosissimo
3297 1204 3527 1259 sublatis
3578 1222 3755 1275 super-

2196 1292 2350 1343 stites
2373 1289 2495 1351 alis,
2527 1291 2831 1348 avolarunt.

2268 1382 2383 1433 Sub
2417 1383 2574 1435 iillt’ﬂl
2604 1385 2756 1446 anni,
2788 1384 3067 1439 Decembri
3126 1404 3331 1451 mense,
3388 1391 3656 1445 Croat'n's
3704 1394 3751 1446 in

2196 1474 2394 1527 linibus
2437 1476 2643 1542 aliquot
2686 1478 2850 1530 millia
2894 1478 3201 1534 Turcorum
3251 1498 3278 1533 a
3315 1486 3519 1536 nostris
3577 1502 3749 1537 nume-

2198 1578 2256 1613 ro
2291 1564 2444 1631 longe
2487 1566 2788 1634 imparibus
2821 1567 2969 1623 luere
3018 1587 3178 1625 rzesa.
3232 1575 3399 1626 Periit
3434 1576 3575 1628 inter
3626 1578 3752 1627 alias

2194 1655 2367 1717 bassze
2396 1656 2693 1713 Buzueusis
2746 1658 2946 1715 frater:
2997 1664 3151 1733 Cujus
3205 1677 3367 1734 caput
3398 1682 3426 1718 a
3462 1668 3752 1721 cervicibus
3788 1696 3797 1703 ο

504 1776 568 1812 ex
597 1775 728 1811 auro
779 1773 913 1826 ρυιοο
946 1768 1075 1825 pulo
1106 1755 1636 1823 Constantinopolim
1679 1754 1895 1808 misisse
1918 1755 2085 1809 Sulla-
2122 1733 2158 1785 Β
2192 1750 2445 1809 recisum,
2480 1750 2814 1821 missumque
2840 1768 2961 1805 cum
3005 1756 3229 1823 captivis
3278 1758 3603 1826 quihusdam
3660 1757 3751 1811 fuit

506 1868 577 1903 no
606 1851 797 1904 Murati
828 1850 1049 1915 dicitur,
1074 1849 1397 1901 :estimatum
1424 1848 1599 1901 sexies
1622 1846 1867 1899 centenis
1894 1861 2083 1899 aureo-

508 1960 625 1995 rum
672 1943 927 1995 millibus.
978 1939 1119 1995 ldem
1162 1940 1424 2003 sultanm,
1480 1940 1635 2007 cujus
1677 1937 1836 1990 ﬁliam
1876 1937 2079 1992 dudum

506 2036 695 2099 ambit,
715 2042 766 2086 et
792 2034 933 2085 haud
953 2033 1115 2086 dubie
1139 2033 1402 2085 ducturus
1427 2039 1537 2083 tum
1568 2029 1908 2092 credebatur,
1926 2028 2081 2083 aliis-

506 2140 608 2191 que
644 2123 807 2177 saraii
842 2122 1178 2176 mulierCulis
1207 2121 1422 2174 misisse
1460 2134 1684 2173 munera
1722 2121 1911 2186 lertnr,
1943 2134 2113 2193 quo-3

508 2232 625 2268 rum
644 2217 871 2284 pretium
896 2216 1128 2267 ducenta
1152 2212 1317 2264 millia
1343 2211 1740 2265 sultaniuorum
1760 2213 2077 2280 aequaverit.

576 2311 733 2360 Anno
759 2309 860 2359 995
889 2305 1038 2371 (Chr.
1070 2304 1253 2372 l580),
1282 2303 1461 2359 Persis
1478 2317 1658 2359 arcem
1680 2304 2077 2370 Tebrisianam,

505 2401 574 2451 ab
608 2400 844 2453 Osmane
892 2400 1048 2452 hassa
1085 2397 1357 2465 superiori
1414 2405 1602 2451 :rstate
1635 2397 1922 2460 munitam,
1979 2395 2078 2450 ob-

502 2490 829 2553 sidrntihns,
890 2505 1018 2543 cum
1083 2488 1296 2544 obsessi
1357 2488 1749 2558 propemodum
1795 2486 1862 2541 ad
1893 2496 2076 2542 extre-

502 2595 645 2633 mam
726 2594 907 2637 rerum
966 2578 1210 2632 omnium
1271 2577 1552 2646 penuriam
1613 2576 1816 2631 redacti
1871 2586 2072 2643 essent,

498 2668 761 2724 Ferhates
795 2671 978 2733 bassa,
1028 2669 1192 2723 veluti
1250 2669 1455 2737 peritus
1488 2668 1845 2733 architectus,
1897 2670 2074 2723 muni-

498 2760 700 2809 llOllt'lll
737 2772 928 2810 novam
956 2771 985 2810 e
1018 2757 1238 2823 regione
1267 2755 1501 2810 Tebrisii
1549 2766 1763 2812 struere
1813 2759 2069 2812 inSiitnit.

496 2848 799 2917 tiigaloglis
855 2859 1035 2901 autem
1093 2848 1253 2902 bassa
1309 2848 1652 2912 Casminum,
1712 2864 1831 2917 quae
1884 2849 2072 2903 l‘ersa-

498 2957 615 2991 rum
666 2942 785 3008 (ceu
834 2939 1095 3005 diximus)
1130 2940 1361 2992 interior
1405 2948 1488 2993 est
1541 2941 1709 3007 regia,
1771 2942 2064 3007 petiturum

2190 1834 2451 1890 Viennam
2494 1841 2559 1892 ad
2614 1843 3022 1897 serenissimum
3053 1846 3284 1901 Austria-
3317 1850 3616 1918 principem
3668 1848 3751 1901 llr-

2187 1939 2420 1983 ncstum.
2481 1930 2577 1987 llic
2646 1936 2800 1989 hassa
2862 1937 3157 2013 Bozneusis
3195 1979 3210 2004 ,
3270 1950 3323 1994 et
3383 1940 3551 1995 frater
3615 1942 3745 2010 ejus.

2184 2034 2343 2089 quem
2372 2036 2571 2076 creSum
2608 2025 2710 2079 hoc
2736 2027 2987 2083 conﬂictu
3026 2030 3285 2097 diximus,
3322 2032 3433 2086 uati
3470 2033 3749 2103 perhiben-

2184 2120 2271 2165 tur
2294 2128 2357 2167 ex
2398 2113 2602 2169 familia
2631 2118 2983 2177 Meebemetis
3020 2125 3197 2178 bassa:
3222 2125 3596 2191 vezirazemis,
3628 2142 3742 2181 cum

2180 2219 2289 2273 quo
2324 2218 2543 2276 nuptam
2572 2209 2744 2267 fuisse
2772 2214 2970 2269 sullani
3029 2215 3247 2273 Selimis
3279 2218 3320 2272 ll
3357 2218 3542 2276 tiliam.
3577 2219 3745 2275 Mura-

2188 2295 2256 2348 lis
2281 2312 2541 2364 sororem,
2572 2303 2822 2371 superius
2848 2307 3205 2363 ostendimus.

2250 2386 2408 2441 Auno
2462 2394 2709 2460 sequenti
2769 2396 3041 2464 proximo,
3096 2399 3357 2454 nimirum
3420 2400 3743 2457 Malmmcta-

2178 2492 2249 2532 no
2277 2478 2382 2533 094
2416 2480 2569 2551 (Chr.
2604 2484 2789 2556 1587),
2817 2502 3006 2543 mense
3032 2488 3353 2555 Februario,
3380 2495 3552 2548 noSIri
3580 2494 3741 2564 Copa-

2176 2585 2329 2635 num,
2368 2587 2544 2626 arcem
2580 2591 2683 2628 non
2724 2579 2914 2645 procul
2947 2581 3105 2633 sitam
3148 2584 3265 2636 lacu
3318 2582 3596 2649 Balatune,
3631 2597 3735 2637 tum

2178 2666 2445 2732 temporis
2478 2668 2781 2735 congelato,
2810 2686 2916 2741 quo
2943 2683 3050 2725 tres
3078 2673 3375 2729 Turcorum
3409 2677 3527 2747 begi
3552 2692 3741 2730 coarc-

2180 2766 2396 2818 ncrant,
2424 2772 2487 2809 ex
2519 2758 2795 2828 inopinato
2822 2764 3022 2830 adorti,
3049 2777 3330 2834 ceperunt.
3357 2767 3526 2822 Erant
3553 2771 3738 2823 inane

2182 2860 2304 2897 cum
2349 2848 2516 2899 nostri
2555 2864 2672 2902 eam
2723 2850 3056 2917 invaderent,
3092 2857 3238 2908 mille
3292 2856 3595 2913 'l‘nrcorum
3628 2860 3737 2928 plus

2169 2937 2421 3005 tuintlsve
2451 2940 2651 3007 capita.
2680 2941 2753 2994 Ex
2788 2943 2871 2997 his
2894 2958 3086 3012 praeter
3110 2948 3240 3001 alios
3265 2950 3474 3003 vilioris
3497 2952 3731 3012 fortume,

497 3048 555 3081 se
589 3046 711 3081 rum
739 3029 982 3081 exercitu
1009 3028 1250 3081 simulat.
1283 3027 1413 3078 Dum
1466 3027 1566 3079 hoc
1590 3028 1837 3094 ejusiter
1893 3028 2059 3096 impe-
2095 3074 2136 3131 ο
2174 3028 2276 3083 190
2333 3031 2659 3097 nobiliores,
2721 3050 2844 3097 cum
2897 3038 2966 3090 70
3025 3038 3260 3104 luminis,
3316 3042 3367 3095 in
3431 3053 3733 3111 potestatem

495 3124 660 3174 ditnri
696 3121 892 3182 Persae,
937 3120 1193 3174 riiaximis
1225 3134 1347 3172 eum
1377 3119 1552 3188 copiis
1579 3119 1854 3185 advolant,
1899 3120 2068 3172 simu-

497 3217 702 3269 latione
735 3230 925 3283 pugnze
954 3228 1276 3267 succursum
1334 3211 1591 3276 obsessis,
1620 3225 1805 3280 ezeque
1832 3228 1918 3265 res
1948 3227 2069 3265 om.

498 3324 592 3361 nes
641 3308 692 3358 in
749 3321 952 3370 arri-in,
1023 3321 1145 3357 cum
1176 3319 1318 3357 novo
1378 3305 1756 3371 supplemento
1810 3305 2066 3371 militum,

496 3402 722 3452 invecto
751 3396 994 3460 fuerunt,
1023 3412 1256 3465 quarum
1284 3397 1464 3463 inopia
1492 3396 1860 3448 laborabatur.

568 3493 767 3544 Eodem
818 3505 961 3541 anno
1012 3504 1241 3557 magnus
1304 3490 1391 3541 ille
1421 3488 1710 3541 Chitaiuus
1768 3488 1932 3551 clian,
1976 3487 2067 3556 qui

499 3580 599 3635 Uiu
658 3583 797 3633 chan
827 3590 880 3631 et
930 3580 1119 3634 Kezies
1172 3581 1330 3633 bassa
1393 3579 1613 3641 dicitur,
1672 3579 2070 3648 Persarumque

498 3673 747 3733 iraclms,
768 3687 925 3737 quem
951 3668 1179 3722 Kiselem
1212 3672 1424 3723 bassam
1454 3681 1669 3733 vocant,
1727 3685 1925 3722 nurum
1983 3671 2068 3723 in-

498 3775 579 3814 ιυι·
613 3778 670 3815 se
697 3762 877 3815 {trdus
904 3761 1178 3831 pepigere,
1208 3776 1317 3829 quo
1359 3760 1563 3813 mutuis
1594 3775 1653 3813 se
1682 3760 1941 3814 subsidiis
1974 3761 2069 3813 ad-

497 3874 687 3910 versus
718 3856 1046 3909 Osnianidas
1081 3854 1318 3907 ferendis
1371 3853 1703 3921 obligaruut.
1760 3852 1891 3905 Nam
1926 3854 2067 3923 quod

496 3947 650 4001 Tata;
671 3965 752 4010 .ts,
784 3962 1045 4017 oppresso
1077 3945 1265 4006 Persa,
1302 3946 1607 4013 proximum
1644 3960 1701 3998 se
1729 3943 1843 3997 fore
1876 3957 2069 4013 poten-

494 4053 584 4091 iizc
617 4036 863 4091 Turcica:
896 4036 1124 4100 videret,
1157 4036 1240 4090 cui
1276 4034 1569 4104 plurimum
1609 4050 1668 4087 ex
1729 4036 1881 4087 ruina
1934 4037 2066 4089 tanti

498 4133 638 4199 regis
670 4132 864 4184 virium
897 4138 1043 4185 esset
1074 4144 1457 4189 accessurum,
1505 4144 1666 4196 quam
1711 4128 2066 4183 lieriﬂiatur-

496 4229 630 4278 iime
702 4234 906 4293 posset,
1002 4224 1216 4275 obviam
1298 4224 1531 4275 eundum
1597 4223 1863 4277 crescenti
1925 4223 2067 4277 malo

491 4317 767 4369 ci-nsehat.
851 4315 1039 4381 Itaque
1128 4314 1351 4381 majoris
1421 4314 1584 4365 etiam
1665 4314 2065 4383 conjunctionis

2176 3129 2487 3175 nostrorum
2540 3134 2840 3181 venerunt:
2905 3129 3129 3196 reliquis
3183 3140 3275 3183 aut
3336 3132 3462 3201 fuga
3504 3135 3733 3202 dilapsis,

2173 3222 2265 3266 aut
2300 3215 2399 3268 sub
2436 3227 2575 3268 terra
2603 3226 2773 3270 semet
2803 3218 2944 3272 intra
2980 3236 3176 3289 specus
3234 3224 3580 3279 abdcutibus.
3609 3225 3733 3293 Equi

2172 3311 2545 3375 generosiores
2600 3310 2815 3363 addueti
2886 3323 3131 3377 centum,
3231 3319 3410 3384 praeda
3473 3320 3540 3373 40
3585 3336 3734 3371 ηιιιιι-

2173 3414 2318 3452 mum
2395 3416 2683 3455 aureorum
2760 3405 3007 3459 millibus
3090 3410 3379 3465 mstimata.
3446 3411 3519 3464 De
3572 3396 3733 3464 tribus

2170 3490 2340 3559 hegis,
2418 3509 2555 3562 quos
2622 3496 2673 3549 id
2731 3498 2989 3566 temporis
3052 3500 3161 3554 illic
3239 3502 3411 3556 luisse
3485 3505 3729 3567 diximus,

2171 3587 2461 3654 saugiacus
2539 3587 2897 3660 Copanensis,
2976 3593 3112 3647 Cara
3189 3596 3303 3649 sive
3385 3599 3553 3667 Νἰδιιι·
3630 3600 3732 3649 Alis

2171 3688 2360 3739 captus
2416 3678 2537 3740 luit,
2591 3691 2644 3735 et
2707 3680 2963 3737 Viennam
3048 3690 3216 3754 prius,
3307 3690 3439 3744 inde
3519 3692 3729 3756 Pragaut

2171 3769 2235 3821 ad
2269 3768 2610 3839 Rudelphum
2660 3774 2963 3843 Augustum
3023 3781 3261 3835 missus:
3316 3781 3458 3834 alter
3513 3782 3732 3834 sullora—

2172 3871 2259 3917 tus
2290 3864 2340 3916 in
2370 3865 2488 3919 loco
2518 3868 2872 3924 subterraneo
2917 3884 3322 3933 concamerata.
3393 3892 3505 3946 quo
3543 3892 3598 3931 se
3645 3878 3729 3929 de-

2172 3954 2442 4019 fendebat,
2488 3959 2610 4028 igne
2666 3961 2715 4014 τί
2780 3967 3115 4019 tormentarii
3181 3968 3420 4036 pulveris
3474 3982 3727 4033 accenso;

2173 4051 2365 4102 tertius
2424 4050 2563 4121 fuga:
2620 4061 2734 4106 tum
2801 4054 3061 4110 beneflcio
3108 4068 3395 4117 servatus:
3461 4061 3551 4130 qui
3615 4077 3724 4114 cum

2170 4138 2427 4208 deinceps
2454 4144 2700 4211 Augusto
2728 4159 2932 4210 mense,
2978 4151 3439 4217 quemadmodum
3473 4169 3591 4205 mox
3649 4154 3726 4205 iu-

2170 4227 2399 4282 dicaturi
2433 4244 2641 4295 smnus,
2666 4234 2938 4288 cumaliis
2999 4237 3133 4290 lines
3188 4249 3406 4296 imstros
3464 4243 3727 4310 ingressus

2169 4328 2331 4383 ossi-t,
2392 4336 2553 4389 quam
2599 4323 2715 4388 .hoc
2770 4326 2820 4377 in
2887 4327 3007 4380 l0ro
3055 4329 3424 4395 captivitatem
3488 4334 3725 4401 lugiendo

491 4427 651 4461 causa
729 4417 1065 4462 contractum
1136 4405 1229 4458 luit
1302 4406 1439 4458 inter
1516 4406 1716 4459 liberos
1789 4407 2070 4473 utriusque
2104 4413 2487 4486 Ddccliuarat,
2518 4416 2640 4469 istic
2673 4417 2724 4468 in
2761 4428 3076 4485 potestatem
3129 4421 3277 4476 fatali
3328 4430 3561 4492 quoiam
3608 4441 3723 4479 casu

491 4500 918 4562 ltt.tll‘l|llt)l|illlll,
982 4497 1163 4549 'l'atari
1224 4497 1414 4549 chanis
1499 4496 1629 4558 lilia,
1695 4498 1877 4551 scachi
1935 4496 2061 4550 Per-

489 4590 587 4641 sici
673 4591 779 4642 lilio
867 4590 1057 4656 nUptui
1149 4590 1296 4641 data.
1376 4588 1547 4639 Simul
1647 4588 1806 4639 etiam
1893 4588 2063 4655 stipu-

494 4683 633 4733 latus
700 4691 784 4734 est
849 4680 1102 4743 'l'atarus,
1163 4680 1229 4732 ad
1295 4695 1450 4732 usuin
1514 4677 1707 4740 l’crsre,
1781 4679 2058 4733 hominum

491 4792 548 4825 se
574 4772 751 4825 20000
788 4773 1004 4841 proprio
1056 4787 1165 4825 aere
1227 4783 1333 4824 tam
1398 4770 1489 4823 diu
1520 4781 1710 4825 contra
1744 4770 1954 4825 Turcos
2008 4774 2060 4825 in

488 4867 657 4917 armis
705 4862 1040 4927 habiturum,
1087 4863 1261 4917 donec
1285 4861 1425 4916 bello
1456 4861 1579 4916 linis
1624 4878 1687 4915 ex
1723 4872 1846 4915 voto
1882 4861 2062 4917 Persi-

489 4959 534 5007 ci
563 4955 705 5023 rcgis
736 4953 1020 5021 impositus
1051 4966 1214 5007 esset.

558 5046 723 5100 .lunio
751 5063 937 5101 mense
963 5046 1126 5115 hujus
1173 5047 1323 5110 anni,
1360 5057 1477 5101 orta
1528 5048 1775 5117 quzedam
1828 5048 2062 5101 obscura

488 5140 954 5209 (Zunstautnmpoli
1006 5141 1201 5193 nebula
1261 5139 1396 5193 fuit:
1435 5156 1542 5209 qua
1572 5140 1859 5194 desinente
1920 5143 2063 5194 loru-

489 5234 589 5286 stis
624 5233 778 5301 pluit,
811 5248 932 5301 quia
964 5233 1173 5287 fructus
1224 5248 1415 5287 omnes
1446 5241 1500 5287 et
1533 5234 1789 5286 arborum
1843 5236 2064 5287 absum-

489 5340 643 5392 psere
674 5324 819 5375 l‘olia.
850 5322 1128 5377 Diversum
1165 5325 1293 5391 quid
1327 5325 1469 5393 apud
1530 5340 1631 5376 nos
1688 5324 1883 5377 accidit
1919 5338 2065 5377 anno

487 5416 731 5482 sequenti
764 5416 919 5477 l587,
954 5413 1229 5469 Decembri
1284 5429 1491 5481 mense,
1525 5430 1647 5469 cum
1680 5414 1959 5469 Croatinis
2009 5416 2062 5468 in

490 5507 708 5569 limbus,
745 5508 810 5559 ad
849 5506 1188 5572 Wiliitzmm,
1239 5507 1420 5562 ΚαιΉί
1476 5508 1783 5561 archidueis
1830 5509 2065 5563 Austris:

487 5606 751 5661 rastrum,
794 5597 950 5665 quasi
1011 5600 1183 5651 nubes
1219 5600 1465 5668 quaedam
1530 5612 1749 5651 auatum
1806 5611 1858 5653 ct
1905 5618 2067 5655 anse-

488 5704 633 5752 rum,
690 5690 891 5757 aliquot
948 5704 1078 5743 sane
1128 5691 1472 5759 myriadum,
1537 5693 1829 5751 advolavit.
1897 5708 2062 5763 seque

2170 4508 2440 4571 rcdaclus,
2473 4507 2707 4577 eliugere
2732 4527 2838 4563 non
2875 4515 3064 4580 potuit.

2240 4600 2397 4650 Auno
2424 4599 2636 4665 eodem,
2681 4605 2884 4656 mensis
2910 4607 3139 4674 Augusti
3172 4608 3258 4661 die
3317 4620 3512 4666 octavo
3549 4612 3723 4682 (fastos

2169 4699 2375 4743 \‘rteres
2424 4691 2627 4761 ngari
2695 4697 2973 4765 retinent),
3029 4710 3263 4764 quatuor
3317 4701 3434 4767 liegi
3501 4702 3719 4761 Turriri,

2170 4781 2524 4837 Sasuaieusis
2565 4788 2677 4836 sive
2706 4785 3002 4855 Zigetanus
3053 4789 3233 4850 bassa,
3262 4794 3549 4860 sangiacus
3612 4793 3719 4844 l’ct.

2166 4876 2418 4928 schevius
2474 4879 2589 4930 sive
2647 4877 3240 4947 Quinquecclesiensis,
3308 4892 3362 4935 et
3428 4898 3600 4937 novus
3643 4881 3721 4933 ille

2167 4969 2365 5034 captivi
2405 4969 2522 5019 loco
2550 4968 2813 5022 sull'cctus
2843 4970 3205 5038 Cupancnsis,
3235 4974 3479 5040 quinque
3509 4985 3718 5027 suorum

2168 5057 2408 5110 millibus
2439 5057 2682 5113 collectis
2721 5059 2862 5114 intra
2895 5063 3030 5114 lines
3092 5072 3330 5125 nostros.
3367 5078 3551 5118 versus
3572 5060 3715 5115 Nem-

2166 5148 2358 5216 pthim,
2408 5148 2749 5218 irruperunt:
2808 5164 2863 5206 et
2912 5153 3062 5223 pagis
3118 5155 3324 5223 aliquot
3362 5155 3441 5210 cis
3490 5163 3542 5209 et
3591 5155 3713 5207 ultra

2166 5237 2505 5309 Limpacum,
2558 5242 2722 5313 386
2783 5260 2888 5298 una
2952 5261 3076 5299 cum
3128 5247 3405 5317 oppidulis
3458 5240 3711 5317 (Germani

2170 5341 2423 5397 marctas,
2452 5337 2693 5400 emporia
2728 5334 2903 5389 ϐε·ιοὶ
2936 5339 3173 5409 vocant),
3220 5339 3476 5404 Sloracio,
3526 5338 3710 5392 [)0be-

2170 5424 2319 5477 nacis
2364 5426 2649 5490 ambobus,
2710 5426 3030 5494 Resneccio,
3086 5432 3360 5497 Tarnoco,
3418 5440 3614 5498 septem
3656 5437 3713 5475 ac

2168 5517 2352 5571 decem
2386 5520 2438 5571 iu
2464 5536 2674 5573 summa
2692 5524 2867 5591 pagis,
2890 5526 3168 5592 repentina
3199 5520 3713 5593 iuipressioueohru-

2168 5611 2258 5669 tie,
2290 5626 2349 5661 ac
2377 5612 2593 5663 miseris
2621 5616 2903 5684 utriusque
2936 5632 3100 5670 sexus
3130 5619 3323 5672 incolis
3377 5616 3566 5684 captis,
3608 5624 3712 5662 om-

2170 5700 2257 5755 nia
2308 5702 2611 5772 drpopulati
2646 5707 3009 5775 diripuerunt.
3046 5708 3173 5778 lijus
3227 5712 3302 5764 rei
3332 5710 3505 5763 lactus
3528 5700 3710 5759 certior
