4048 6208
276 299 380 357 713

1387 248 1755 353 SUl‘t‘t.Eltl.
1812 290 2084 349 ANNAL.
2126 288 2425 347 't'uncm.

3400 283 3503 343 τί).

274 416 506 473 illustris
531 412 998 483 praesidiariornnt
1035 413 1197 464 rastri
1251 411 1507 465 Canisani
1578 409 1831 461 tribunus
1865 412 1903 465 Α
1937 404 2087 457 multi
2120 403 2434 471 gravissime
2468 399 2750 460 vulnerati,
2815 407 2933 466 post
2977 396 3345 467 exspirarunt.
3387 397 3509 449 Ca:-

268 507 537 575 Ceorgius
565 522 748 559 comes
813 504 1067 566 Zeriuns,
1115 503 1328 556 comitis
1376 502 1603 560 Nicolai,
1635 500 1842 553 fortiter

269 602 333 653 al
359 598 603 663 Zigetum
629 596 847 657 mortui,
882 597 1042 657 tilins,
1082 608 1275 662 quanta
1305 595 1582 647 celeritate
1608 593 1840 644 maxima

270 700 464 757 potest,
486 706 515 742 e
541 689 779 741 rastellis
800 688 1058 756 proximis
1084 687 1319 755 aliquam
1344 686 1573 738 militum
1599 700 1840 745 manum,

274 781 535 833 cuiusuis
573 780 801 833 subditis
849 795 912 831 et
965 778 1137 831 insula
1173 776 1509 837 llurakeosa,
1537 790 1655 843 qua:
1703 774 1843 826 inter

276 872 482 925 hin-am
507 882 561 925 et
600 871 835 923 Dravnnt
884 885 1072 922 amnes
1109 879 1191 922 est
1233 869 1335 920 sita
1386 868 1546 935 cogit.
1581 866 1841 917 Przmerea

274 977 528 1029 proceres
554 961 656 1014 sibi
686 961 913 1021 vicinos,
948 960 1398 1029 vigilantissimos
1451 954 1841 1010 Cisdanubiani

275 1053 468 1105 limitis
511 1053 786 1111 Custodes,
812 1052 1065 1105 comitem
1113 1048 1461 1103 Francist'nm
1495 1046 1842 1109 Nadasdium,

276 1140 645 1194 Balthasaretn
694 1138 1037 1193 Bathianitnu
1093 1140 1348 1193 bat-onem
1394 1137 1841 1205 Gussingensem,

277 1230 515 1294 itemque
535 1228 746 1296 pra-fect
761 1244 846 1279 nm
868 1228 1219 1296 C0pl't'il)il7.:B
1239 1225 1497 1281 Joannem
1519 1226 1842 1280 Globitziunt

280 1330 331 1373 et
352 1320 614 1373 Joannem
635 1319 966 1373 Friderirnnt
992 1316 1652 1378 Trantmansdorliannm,
1677 1314 1843 1368 Bandi

286 1407 537 1473 equitum
572 1407 909 1476 pra‘fecttttn,
944 1423 1037 1475 per
1093 1420 1242 1471 suos,
1273 1418 1320 1459 et
1358 1421 1452 1473 per
1497 1405 1842 1474 cxplosarum

284 1500 663 1551 machinarum
695 1511 944 1562 tesseras,
974 1500 1184 1553 hostilis
1238 1498 1555 1566 irruptionis
1582 1497 1845 1551 certiores

282 1588 433 1651 facit,
469 1603 531 1642 ac
560 1604 685 1641 snas
715 1590 787 1640 uti
818 1589 1001 1655 copias
1033 1590 1149 1642 sine
1189 1603 1336 1641 mora
1370 1602 1552 1642 serum
1607 1586 1844 1653 conjun-

287 1686 437 1744 gant,
489 1677 751 1729 hortatur.
808 1676 886 1729 liii
935 1692 1055 1729 mox
1116 1677 1229 1730 suis
1278 1676 1489 1738 exritis,
1547 1677 1612 1730 ad
1668 1677 1843 1730 locum

1947 497 1987 547 si
2020 504 2126 547 tam
2159 498 2206 545 in
2236 495 2349 561 ipso
2395 491 2583 558 pt'uzliu
2614 504 2775 557 quam
2813 489 3085 555 deinceps,
3117 496 3172 541 et
3206 488 3259 541 itt
3288 487 3505 555 paludi-

1949 588 2046 640 bus
2076 603 2136 637 ac
2214 584 2367 636 silvis
2402 581 2703 642 reaslincti,
2764 579 2931 631 multo
2961 580 3159 646 plures,
3211 585 3264 632 et
3302 578 3367 631 ad
3396 579 3504 631 dtto

1946 675 2056 727 fere
2087 674 2270 726 millia.
2296 674 2482 740 Capta
2534 684 2796 724 cresin-um
2852 667 2954 721 $00
2987 682 3082 733 pro
3109 681 3256 720 more
3284 667 3503 719 tnilitari

1945 782 2133 819 eorunt
2177 766 2430 823 limitum,
2484 778 2608 817 cutn
2648 763 2753 814 600
2784 760 2937 820 vivis,
2962 759 3213 811 Canisam
3234 756 3506 809 duntaxat

1948 857 2132 909 relata.
2154 856 2312 911 Potiti
2332 864 2586 923 prxterea
2610 851 2777 907 nostri
2810 851 2943 905 1000
2966 866 3030 904 ac
3052 850 3178 911 500,
3208 849 3504 917 etamplius

1948 945 2247 999 Turcortnn
2264 946 2436 1014 equis.
2452 946 2612 996 Erant
2632 953 2937 995 nostrorum
2958 940 3334 1010 pedites1500,
3356 941 3506 1007 equi-

1950 1048 2028 1090 tes
2049 1036 2171 1099 500,
2188 1052 2250 1089 ex
2271 1036 2470 1104 quibus
2490 1036 2775 1089 desiderati
2790 1036 3051 1088 du-ttatat
3070 1033 3316 1088 undecim
3340 1050 3508 1086 :non.

1949 1129 2105 1189 nulli,
2130 1130 2223 1181 sed
2249 1127 2403 1197 pauci
2420 1129 2923 1191 tamen,vulnerati.
2948 1128 3129 1182 Praeda
3143 1143 3265 1181 cum
3282 1128 3449 1197 captit
3467 1145 3510 1179 is

1947 1221 2275 1274 Christianis
2334 1229 2571 1289 recepta.
2610 1218 2721 1272 Non
2753 1220 2967 1273 desiere
3022 1219 3215 1284 nostri,
3265 1220 3509 1289 juvanti-

1952 1312 2050 1364 ltus
2074 1313 2235 1363 etiam
2264 1311 2538 1377 agricolis,
2584 1311 2649 1363 ad
2685 1309 2889 1377 aliquot
2924 1310 3039 1365 dies
3092 1309 3215 1378 fuga
3273 1309 3511 1379 dilapsos

1951 1402 2199 1470 indagine
2249 1400 2504 1470 quadam,
2566 1404 2705 1455 velut
2756 1403 2808 1455 in
2857 1402 3090 1456 ferarum
3141 1411 3336 1456 venatu
3384 1402 3513 1455 .tier't

1948 1496 2105 1552 solet,
2138 1494 2381 1562 cingere:
2439 1510 2671 1563 quorum
2719 1494 2934 1563 quident
2996 1510 3101 1547 non
3143 1495 3372 1563 exiguus
3406 1510 3511 1547 ttu-

1953 1598 2149 1647 n:erus,
2178 1586 2256 1637 vel
2294 1584 2737 1653 investigantiurn
2780 1586 2958 1638 studio
2993 1597 3258 1654 repertus,
3295 1584 3377 1638 vel
3415 1601 3509 1638 sua

1951 1684 2160 1740 sponte,
2189 1676 2332 1741 quod
2395 1690 2608 1728 omnem
2670 1675 2933 1729 evadendi
2990 1691 3141 1745 spem
3183 1674 3286 1729 sil-i
3328 1674 3513 1741 praeci-

286 1769 624 1835 designatnm
661 1769 711 1820 in
735 1778 973 1836 tempore
992 1770 1296 1820 convolant.
1326 1767 1453 1821 Inde
1470 1767 1591 1820 data
1621 1767 1847 1837 diligen-
1882 1751 1918 1802 θ
1949 1781 2063 1819 sam
2089 1768 2446 1833 conspiceret,
2476 1768 2607 1820 nihil
2646 1767 3231 1836 prointurasdescrens
3259 1768 3513 1831 lateht'm,

290 1867 374 1911 ter
402 1873 564 1926 opera
590 1855 890 1911 Turcorunt
922 1858 996 1908 ιιιὶ
1027 1856 1255 1909 reditum
1293 1857 1676 1923 anticipareut,
1725 1872 1847 1910 eos-

287 1968 392 2021 que
423 1952 541 2005 loco
567 1952 797 2004 maxime
822 1950 1039 2013 idoneo,
1091 1949 1347 2017 quasdam
1402 1949 1539 2001 inter
1568 1950 1847 2017 angustias

292 2042 573 2110 paludum,
607 2057 726 2110 qua:
758 2040 1103 2094 transeunda:
1132 2040 1265 2108 ipsis
1300 2049 1475 2103 erant,
1509 2039 1849 2095 invaderent.

292 2130 544 2185 Feliciter
571 2132 767 2185 nostris
794 2132 895 2184 hoc
916 2130 1201 2183 consilium
1220 2131 1403 2184 cessit.
1432 2128 1700 2183 Reversus
1727 2122 1849 2182 cut'n

291 2204 492 2290 praeda,
528 2238 826 2294 magnoque
864 2224 1226 2292 captivorum,
1273 2222 1517 2292 cujusvis
1574 2222 1749 2274 :etatis
1798 2233 1851 2275 et

291 2332 477 2380 sexus,
558 2315 983 2369 Christianorum
1058 2329 1284 2369 nantem
1356 2314 1643 2378 Barbaros,
1691 2330 1850 2383 supra

291 2407 721 2471 Catzerolacum,
744 2408 810 2461 ad
835 2422 997 2459 tinum
1024 2422 1052 2459 a
1079 2407 1273 2460 Canisa
1328 2406 1581 2469 milliare,
1621 2407 1852 2459 necdum

294 2499 570 2568 dissipatis
591 2501 815 2554 omnino
864 2499 1120 2562 tenebris,
1156 2498 1256 2551 sub
1312 2499 1544 2566 primum
1582 2498 1689 2552 diei
1740 2513 1857 2550 cre-

296 2592 579 2662 pusculum
614 2590 836 2643 viriliter
866 2590 1206 2654 adoriuntur,
1269 2604 1485 2642 manum
1537 2598 1851 2650 conserunt,

298 2686 543 2736 animose
561 2683 792 2745 czcdunt,
818 2682 965 2735 omni
1008 2696 1284 2735 armorum
1309 2695 1504 2748 genere
1551 2681 1853 2742 vulnerant,

295 2775 616 2827 cedentibus
650 2774 872 2837 instant,
922 2772 1179 2825 adversos
1221 2780 1581 2825 mactantzeo
1626 2771 1857 2838 denique

296 2865 671 2935 trepidationis
700 2880 761 2918 ac
781 2864 1175 2932 desperationis
1232 2862 1477 2930 adigunt,
1507 2871 1563 2914 ut
1606 2863 1856 2915 acinaces

300 2958 502 3011 nostris
524 2973 653 3011 suos
682 2959 824 3010 ultro
860 2957 1217 3027 porrigerent,
1272 2957 1571 3024 olijicerent
1598 2974 1612 3011 :
1641 2956 1855 3009 itidem—

1951 1858 2001 1909 itt
2029 1867 2346 1924 potestatth
2370 1858 2533 1910 venit.

2022 1948 2078 2001 Et
2117 1952 2401 2014 hactenus,
2443 1950 2494 2003 in
2545 1951 2649 2004 hoc
2679 1949 2899 2019 quidem
2962 1960 3221 2018 tempore,
3254 1948 3518 2001 Turcicos

1954 2040 2208 2102 Annales,
2242 2041 2449 2109 adjecta
2491 2057 2669 2095 rerum
2703 2042 2772 2095 57
2797 2044 3189 2111 propemodum
3247 2043 3404 2095 annis
3428 2055 3515 2109 ge-

1954 2143 2159 2185 starum
2193 2133 2550 2201 expositione,
2608 2137 2931 2189 continuare
2960 2136 3252 2189 voluimus.
3310 2135 3382 2187 lle
3409 2148 3516 2201 quo

1955 2240 2085 2278 Sane
2117 2224 2299 2277 labore
2335 2235 2539 2287 nostro,
2577 2225 2902 2279 cuicuimodi
2940 2224 3029 2288 sit,
3060 2224 3322 2291 juJicium
3350 2225 3518 2277 lecto-

1955 2317 2030 2370 t'is
2063 2316 2306 2376 lmmani.
2340 2318 2577 2382 candidi,
2607 2326 2659 2370 et
2690 2317 3037 2387 intelligentis
3099 2318 3320 2371 minime
3356 2316 3521 2370 refor-

1957 2410 2247 2464 midamus.
2283 2411 2517 2465 Czrteros
2542 2411 2620 2463 vel
2672 2410 3045 2479 improbitatis
3069 2420 3122 2464 et
3153 2410 3389 2473 malitiae,
3440 2411 3521 2462 vel

1956 2502 2310 2570 ignorat'onis
2336 2503 2519 2555 uerbo
2549 2504 2912 2565 mentientes,

2238 2594 2481 2662 Manguri
2512 2595 2663 2647 unius
2693 2596 3015 2648 a'stimamus
3044 2611 3239 2648 onmes.

2038 2684 2255 2737 Veritati
2318 2686 2538 2753 quidem
2605 2695 2751 2740 certe
2806 2687 3139 2751 studuimus,
3193 2702 3321 2754 qua,
3382 2682 3527 2738 velut

1960 2776 2136 2829 anima
2162 2791 2278 2838 sua,
2310 2776 2352 2827 si
2385 2771 2565 2829 careai
2596 2775 2842 2839 historia,
2873 2788 3003 2831 mox
3032 2774 3085 2828 in
3120 2775 3299 2828 fumos
3347 2776 3524 2839 abeat,

1961 2882 2179 2922 necesse
2210 2877 2309 2921 est.
2348 2864 2535 2921 Testes
2559 2867 2799 2931 idoneos,
2833 2879 2886 2922 et
2910 2874 3163 2922 auctores
3209 2868 3309 2921 lide
3338 2869 3530 2935 dignos
3592 2892 3601 2897 -

1963 2962 2157 3022 habeo,
2194 2974 2314 3012 cum
2357 2960 2706 3027 magniﬁcum
2764 2968 2815 3012 et
2869 2958 3265 3026 amplissimum
3325 2960 3521 3022 virum,

298 3067 405 3122 que
431 3051 640 3103 exteris
670 3050 837 3103 armis
890 3048 1171 3117 depositis,
1200 3048 1288 3101 alii
1343 3048 1505 3101 vitam
1558 3058 1609 3101 et
1656 3048 1859 3100 ineolu-
1883 3074 1926 3133 α
1962 3051 2413 3104 Bartholontteum
2447 3049 2771 3115 l’ezzcnum,
2798 3048 3057 3104 C:esareze
3077 3048 3373 3117 Maiestatis
3401 3067 3530 3104 cuu-

300 3147 542 3197 tnitatem
571 3156 705 3196 voce
730 3150 993 3211 gestuque
1029 3141 1363 3194 lamentabili
1416 3141 1856 3210 deprecarentur,

298 3236 390 3289 alii
472 3249 798 3304 quacunque
844 3235 925 3289 via
976 3243 1219 3303 possent,
1262 3232 1315 3285 in
1363 3233 1528 3286 silvas
1574 3246 1635 3285 ac
1691 3231 1860 3285 saltus

302 3323 646 3393 aufugerent,
682 3322 924 3393 ipsisque
984 3338 1042 3377 se
1102 3321 1390 3390 paludibus
1446 3324 1860 3390 intmergerent:

304 3415 541 3467 ubicum
576 3414 902 3477 moribundi,
936 3414 1078 3482 quod
1125 3413 1327 3466 viribus
1377 3414 1686 3475 exhaustis,
1729 3412 1865 3464 ulte—

302 3508 416 3563 rius
440 3521 663 3575 pergere
696 3520 800 3558 non
821 3518 1064 3574 possent,
1097 3520 1252 3572 opem
1284 3504 1458 3557 hostis
1482 3503 1859 3572 implorarent,

306 3613 337 3652 a
382 3601 581 3651 nostris
638 3598 980 3650 miseratione
1034 3605 1195 3647 tanta:
1238 3595 1564 3647 calamitatis
1624 3593 1863 3662 ipsorum

307 3691 621 3743 commotis.
675 3688 856 3754 plures
912 3684 1077 3753 erepti
1146 3684 1451 3753 servatiqne
1502 3683 1741 3737 fuerunt.
1811 3682 1865 3735 In

308 3781 560 3837 conﬂictu
597 3780 927 3834 Maclnnntes
954 3780 1250 3847 Sangiactts
1277 3779 1866 3849 Quinquecclesiensis,

310 3872 453 3927 ﬁlius
507 3873 620 3927 Alis
651 3873 840 3935 hasse,
896 3872 1079 3939 pr:elio
1126 3872 1295 3923 navali
1326 3872 1391 3923 ad
1425 3870 1870 3930 Cuzznlarosoc-

312 3966 433 4028 cisi,
460 3964 526 4017 de
557 3978 665 4031 quo
689 3980 858 4032 supra.
879 3964 1105 4025 dictum,
1135 3961 1337 4030 quique
1384 3962 1628 4029 captivus
1664 3977 1690 4013 a
1728 3978 1870 4014 ntor-

312 4070 363 4110 te
393 4057 561 4124 patris
589 4055 812 4108 Romam
868 4054 1158 4123 perductus
1209 4054 1404 4118 fuerat,
1464 4062 1773 4106 nostrorum
1816 4054 1869 4105 in

312 4158 626 4215 potestatem
663 4149 822 4200 venit.
856 4146 1232 4207 )loltaziensis,
1271 4144 1437 4196 Siuan
1483 4145 1667 4211 br-gus,
1693 4145 1873 4211 palus-

315 4243 412 4293 tris
449 4242 550 4299 loci
587 4238 954 4307 ttansjiciendi
987 4254 1101 4307 spe,
1132 4239 1326 4291 adacto
1356 4236 1656 4290 calcaribus
1712 4251 1870 4307 equo,

312 4334 438 4385 dum
457 4332 666 4384 deﬁxus
702 4332 925 4384 haereret
953 4330 1005 4382 itt
1052 4330 1251 4398 uligine
1275 4369 1289 4391 ,
1340 4329 1565 4397 scloprti
1598 4344 1692 4396 per
1723 4327 1875 4380 fron-

1965 3144 2232 3197 siliariuat
2270 3180 2285 3205 ,
2322 3159 2490 3212 nuper
2514 3143 2578 3196 ad
2634 3141 2849 3196 Portam
2907 3141 3252 3197 Osmanicam
3303 3143 3527 3197 missum

1965 3250 2089 3287 runt
2122 3235 2379 3288 ordinarii
2412 3234 2568 3303 legati
2605 3248 2828 3287 munere
2856 3249 2869 3286 :
2898 3242 3009 3285 tum
3055 3234 3215 3286 etiam
3262 3234 3406 3289 viros
3440 3251 3532 3287 ttu-

1970 3326 2102 3379 biles
2132 3335 2184 3379 et
2214 3324 2481 3393 egregius,
2516 3322 2742 3376 Paulum
2784 3322 3008 3384 Rosam,
3045 3322 3347 3393 Ungarum,
3380 3327 3538 3377 bea'e

1972 3431 2078 3468 non
2140 3417 2207 3467 itrt
2240 3414 2442 3468 dudum
2501 3412 2971 3481 Constantinopoli
3026 3412 3322 3475 mortuum,
3382 3416 3537 3470 Nico-

1972 3508 2113 3559 laum
2141 3505 2475 3560 llaunoldum
2512 3505 3009 3568 Vratislavieusem,
3036 3504 3402 3577 Hieronynnm
3440 3510 3538 3562 Ar-

1971 3610 2226 3654 conatutn
2260 3597 2684 3652 Leontoriuum:
2743 3598 2833 3667 qui
2867 3597 3361 3669 Constantinopoli,
3413 3614 3536 3652 cum

1973 3691 2096 3744 istic
2155 3692 2267 3759 ipse
2330 3690 2722 3758 peregrinarer,
2778 3689 2829 3742 in
2893 3691 3270 3760 angustalibus
3324 3692 3541 3745 scriniis

1973 3783 2360 3837 secretioribus
2444 3780 2771 3833 militabant.
2848 3780 3051 3835 Ilorum
3141 3783 3541 3836 consuetudine

1973 3875 2309 3943 quotidiana,
2365 3874 2627 3941 planeque
2671 3874 2902 3939 sincera,
2950 3873 3040 3941 qui
3099 3875 3338 3926 virorum
3401 3876 3542 3940 opt-

1978 3980 2187 4018 ll:0l'tllll
2223 3964 2425 4017 candor
2456 3972 2556 4023 est,
2591 3962 2757 4015 multa
2809 3978 2893 4015 me
2944 3964 3252 4032 percepisse
3305 3965 3367 4015 de
3405 3961 3542 4015 Tur-

1974 4058 2107 4111 cicis
2169 4057 2351 4119 rebus,
2414 4056 2644 4123 ingenue
2713 4056 2902 4108 fateor.
2966 4054 3074 4107 Nec
3136 4055 3543 4119 prietereundus

1945 4143 2475 4203 'sihmtimhlatthias
2524 4144 2835 4205 Pharensis,
2869 4141 3393 4209 BudolphiCmsat-is
3448 4158 3542 4207 no-_

1979 4239 2073 4292 stri
2110 4239 2174 4290 ad
2216 4235 2799 4291 PortantOstnanicatn
2842 4235 3213 4302 Diagotnanus
3245 4233 3324 4284 vel
3379 4232 3545 4284 inter-

1980 4345 2135 4398 pres;
2168 4344 2230 4382 ex
2264 4331 2421 4399 cujus
2457 4329 2765 4379 narratione
2799 4325 3055 4394 pleraque
3115 4324 3180 4376 de
3215 4323 3314 4375 hoc
3346 4323 3542 4375 decen-

312 4435 416 4477 tem
454 4424 681 4477 mediam
738 4425 936 4491 petitus
998 4424 1126 4483 ietu,
1183 4412 1481 4475 occubuit.’
1521 4420 1872 4475 Sasuarensis
1907 4418 1947 4470 D
1979 4424 2084 4475 nali
2110 4422 2369 4475 adversus
2398 4419 2768 4480 fortissimam,
2825 4432 3057 4482 vereque
3104 4414 3376 4468 victricem
3421 4415 3546 4467 hac-

315 4521 498 4577 batsa,
521 4531 627 4584 quo
653 4517 866 4568 nomine
915 4512 1192 4584 dignitatis
1221 4516 1534 4569 illustrioris
1588 4513 1871 4581 Zigetanus

312 4608 571 4675 appellari
606 4622 663 4659 se
705 4606 839 4668 vnit,
892 4621 996 4658 una
1029 4622 1151 4660 cum
1210 4608 1343 4674 bego
1376 4605 1675 4672 Cepanensi
1730 4604 1872 4657 Cha-

313 4715 465 4764 sane,
493 4698 611 4767 fuga
644 4714 702 4753 se
723 4698 1032 4754 subduxite
1079 4698 1283 4765 prtelio,
1311 4711 1433 4749 cum
1470 4710 1555 4750 res
1588 4711 1713 4749 suas
1760 4696 1871 4763 jam

314 4790 626 4855 desperatas
656 4798 921 4843 cerneret.
944 4788 1277 4855 Cupanensis
1304 4788 1472 4855 prima
1497 4798 1614 4854 post
1643 4801 1873 4854 pugnam

319 4882 750 4951 uocte,quodam
810 4884 859 4933 in
906 4881 1040 4933 saltu
1089 4879 1369 4941 oberrans,
1402 4894 1522 4931 cum
1575 4877 1694 4930 a'iis
1750 4894 1877 4945 cap-

320 4987 405 5030 tus
432 4975 549 5029 fuit.
585 4974 873 5042 Zigetanns
925 4973 1155 5039 septimo
1187 4974 1399 5025 tandem
1430 4972 1514 5023 die
1545 4970 1706 5040 pedes
1755 4968 1879 5022 Bre-

320 5082 555 5128 senzam,
588 5067 723 5119 fame
746 5077 906 5134 atque
934 5066 1099 5118 animi
1146 5064 1327 5117 dolore
1357 5063 1657 5126 confectus,
1684 5064 1875 5117 evasit.

322 5158 471 5225 Capti
502 5174 560 5211 ex
601 5160 843 5213 hostibus
902 5158 1013 5211 fore
1066 5158 1223 5221 1500,
1260 5158 1323 5209 de
1381 5171 1609 5224 quorum
1654 5170 1878 5209 numero

534 5790 801 5849 Parnm.
835 5790 952 5852 (in.
1013 5793 1193 5853 CLIX

1979 4525 2140 4568 tenus
2172 4523 2382 4583 gentem
2412 4510 2686 4565 Persicam
2717 4510 2855 4563 bello
2908 4508 3073 4578 gestis
3099 4509 3253 4578 plene
3298 4511 3548 4577 cognovi-

1983 4622 2122 4662 mus.
2146 4606 2309 4676 387
2337 4603 2489 4669 Quod
2515 4603 2559 4658 si
2586 4606 2755 4656 visunt
2796 4603 2900 4653 Deo
2938 4600 3119 4663 fuerit,
3166 4602 3369 4655 diutius
3411 4601 3548 4655 hanc

1985 4702 2141 4754 nobis
2176 4713 2470 4768 prorogare
2524 4697 2723 4758 tritam,
2776 4696 3024 4747 dabimus
3089 4693 3390 4748 absolutam
3447 4696 3546 4745 ali—

1985 4791 2205 4861 quando
2238 4790 2517 4842 historiam
2570 4785 3246 4853 Const:ntinopohtanatn,
3303 4800 3408 4852 qua
3466 4798 3549 4834 της

1991 4885 2114 4935 ittde
2140 4895 2311 4949 usque
2336 4882 2403 4932 ab
2436 4880 2566 4932 urbe
2614 4878 2855 4941 condita,
2888 4888 2993 4929 tam
3028 4893 3053 4929 a
3089 4875 3369 4934 Romanis.
3408 4875 3552 4928 Οτι·-

1989 4970 2824 5039 cis,Flandrisimperatoribus,
2882 4984 3042 5037 quam
3074 4982 3103 5021 a
3160 4965 3388 5019 sultanis
3440 4962 3555 5015 Mu-

1989 5064 2363 5117 snlmanorum
2397 5070 2580 5130 gesta},
2632 5060 2774 5114 serie
2800 5070 3053 5128 perpetua
3082 5064 3344 5109 contexta:
3370 5056 3553 5121 legeti-

1991 5167 2097 5208 ιιιν.

3140 5772 3217 5833 23
