4048 6208
577 193 697 262 Ἧι)

1821 211 2146 273 JOANNIS
2192 216 2652 284 LEUNCLA'VH

3728 246 3827 308 τΞῦ

593 315 971 382 ascendentes,
1003 329 1053 372 et
1082 320 1448 391 Gundusclpis
1474 339 1567 377 seu
1607 325 1856 396 Duzalpis
1883 333 2044 387 l'ucrit
2075 351 2167 401 νει-
2201 348 2241 398 Α
2277 340 2500 395 ιίιηιδίη
2536 345 2698 399 τοίως
2739 349 3226 410 ηυίηωιινυτιίωυε
3258 372 3272 409 ε
3307 357 3357 409 in
3408 361 3600 429 mulis,
3648 366 3825 420 ciliciis

594 412 676 429 ιι...
739 406 924 429 n.---__
994 425 1014 429 _
1059 422 1194 429 ,,.-,-
1407 414 1417 423 ο
1716 427 1722 429 .
1766 419 1776 429 ι
1822 419 1832 429 ι

594 412 695 458 ter.
739 406 939 461 Ostnan
991 425 1020 461 a
1056 422 1230 463 morte
1281 414 1451 480 patris
1493 429 1666 470 annos
1712 419 1929 488 triginta
1974 440 2192 503 novem.

591 493 1004 552 Mahumetauus
1059 516 1122 551 ex
1158 503 1442 556 annalium
1499 509 1822 564 auctoritate.
1879 513 2034 578 vixit,
2071 519 2165 570 sed

593 585 777 653 viginti
824 603 1015 641 novem
1062 599 1267 643 tantum
1332 593 1629 662 imperasse
1690 601 1946 656 scribitur
1976 623 1990 660 :
2023 609 2165 674 quod

589 673 779 738 primis
824 673 1006 728 decem
1053 680 1214 733 anuis
1263 681 1627 752 principatum
1682 691 2063 761 acquisiveril,
2112 708 2166 751 ct

589 764 954 819 constituerit.
992 766 1204 822 Sullani
1246 789 1438 828 nomen
1479 776 1603 830 huic
1635 781 1702 832 ab
1752 785 2027 839 annalium
2064 803 2166 841 au-

588 862 736 904 ctore
771 868 876 906 non
909 856 1189 924 tribuitur,
1229 864 1322 917 sed
1365 863 1556 921 Murali
1609 872 1842 938 primum
1882 879 2085 946 nepoti,
2111 887 2165 934 et

585 943 835 1009 almepoti
868 945 1064 1001 deinde
1101 950 1423 1008 Iliuchcmeti
1458 972 1470 1008 :
1516 961 1660 1026 quod
1707 963 1771 1016 de
1800 965 1899 1018 hoc
1935 965 2161 1023 Muche-

585 1044 723 1087 mete
743 1034 1065 1094 Theodorus
1090 1044 1250 1094 etiam
1287 1045 1673 1118 Spanttuginus
1701 1054 2001 1111 adnotavit.
2031 1059 2160 1114 Gali

581 1142 710 1180 \ero
738 1143 1038 1198 cognomen
1065 1133 1286 1188 Osmani
1312 1140 1492 1204 datur,
1520 1140 1662 1197 sicut
1685 1155 1736 1198 et
1762 1145 1999 1202 Urchani
2027 1151 2158 1216 ﬁlio,

583 1221 886 1294 Muratiquc
917 1232 1117 1297 nepoti,
1147 1232 1288 1299 quod
1329 1243 1611 1289 strenuum
1641 1243 2160 1316 magnanitnumque

577 1316 801 1369 militem
835 1320 1124 1386 significat.
1187 1322 1242 1375 In
1302 1323 1556 1381 Urchane
1591 1330 1704 1398 (sic
1733 1333 1878 1388 enim
1913 1339 2159 1392 scriben-

577 1406 747 1478 tiUnI)
807 1414 1039 1466 notanda
1098 1431 1220 1468 cum
1278 1417 1362 1470 Ali
1415 1419 1573 1474 bassa
1627 1422 1796 1479 fratre
1843 1433 2155 1496 concordia,

576 1513 699 1549 cum
749 1516 943 1556 omnes
978 1504 1113 1567 alii,
1158 1521 1392 1576 quorum
1452 1511 1518 1564 de
1581 1513 1742 1569 rebus
1776 1515 2022 1573 Tureicis
2063 1524 2174 1575 ex?

574 1597 718 1642 stant
757 1593 978 1662 scripta,
1012 1597 1198 1650 dicant
1232 1600 1298 1653 ab
1338 1598 1590 1658 Urchane
1640 1606 1972 1678 principatus
2004 1612 2154 1669 initio

574 1681 818 1738 sublatos
853 1685 1021 1742 fuisse
1067 1689 1133 1743 de
1177 1691 1355 1745 medio
1404 1692 1598 1749 fratres
1623 1697 1762 1753 duos
1799 1717 1814 1754 :
1851 1713 2034 1770 aperte
2066 1721 2150 1760 re-

571 1777 935 1832 clamantibus
963 1779 1378 1837 hisccTurcicis
1399 1787 1709 1854 annalibus,
1740 1793 1831 1860 qui
1861 1795 2097 1862 primum
2122 1813 2152 1852 a

569 1868 804 1933 Bajazite
828 1870 1125 1928 Gilderuuc
1165 1875 1350 1932 Chaue
1382 1881 1731 1946 parricidium
1767 1887 1917 1955 regni
1981 1903 2149 1945 causa

566 1967 922 2019 commissum
968 1965 1164 2032 fuisse,
1218 1981 1410 2026 necato
1464 1971 1672 2045 Jacupe
1721 1976 1902 2032 Zelebi
1957 1980 2148 2046 fratre,

565 2054 783 2107 docent.
817 2054 1029 2109 Zelebis
1056 2074 1281 2125 nomen,
1311 2065 1454 2129 quod
1489 2066 1724 2120 nobilem
1782 2070 2072 2139 significat,
2117 2089 2146 2126 a

565 2143 760 2198 Turcis
787 2146 1023 2200 arbitror
1056 2164 1400 2220 usurpatum,
1436 2156 1503 2209 ad
1538 2158 1898 2215 imitationem
1950 2162 2146 2218 Roma-

563 2248 758 2286 norum
785 2244 838 2287 et
866 2235 1206 2303 Graecorum,
1238 2256 1474 2310 quorum
1502 2245 1555 2297 hi
1584 2247 1726 2300 ﬁlios
1751 2249 2140 2318 imperatorum

562 2328 691 2372 natu
723 2321 962 2376 minores
992 2326 1367 2384 nobilissimos
1394 2334 1682 2398 vocabant,
1729 2339 1804 2390 illi
1838 2342 2145 2396 novelliss-i-

555 2426 700 2480 tuos,
726 2431 855 2471 voce
883 2419 1131 2474 nonnihil
1158 2434 1439 2495 corrupta,
1465 2429 1605 2483 sicut
1623 2444 1768 2500 patet
1791 2451 1853 2488 ex
1876 2439 2140 2504 historiis,

558 2507 1034 2576 inscriptionibus,
1101 2517 1524 2576 numismatibus
1565 2525 1814 2593 antiquis
1865 2537 1918 2581 at
1965 2528 2138 2583 fastis.

559 2594 785 2652 Uuieam
821 2611 1030 2654 tantum
1063 2602 1166 2658 hoc
1197 2607 1314 2660 loco
1345 2607 1495 2664 lubet
1522 2611 1961 2682 inscriptionem,
2009 2618 2134 2672 ﬁdei

556 2704 739 2755 causa,
808 2692 933 2745 licet
967 2694 1018 2746 in
1078 2711 1134 2749 re
1176 2700 1488 2764 manifesta,
1531 2719 1731 2772 ponere
1768 2726 1783 2759 :
1824 2718 1936 2761 turn
1991 2714 2135 2779 quod

558 2800 654 2850 pro
685 2799 742 2838 se
773 2795 946 2847 vetus,
977 2786 1086 2856 jam
1116 2805 1251 2843 nova
1286 2793 1377 2856 sit,
1410 2793 1512 2848 hoc
1542 2807 1647 2860 est,
1683 2813 1875 2854 recens
1900 2801 2132 2869 primum

557 2878 772 2930 inventa
834 2891 847 2926 :
905 2888 1015 2930 tum
1073 2881 1216 2948 quod
1280 2884 1658 2953 antiquitatem
1710 2891 1907 2944 nobilis
1980 2895 2133 2951 urbis

552 2969 785 3021 Austris:
816 2967 1164 3032 Viennensis,
1193 2975 1467 3041 quondam
1499 2993 1593 3032 seu
1636 2978 1992 3048 Viudobontr,
2036 3001 2205 3060 sedc
2239 3017 2297 3055 cc

555 3056 934 3127 Vindoniatta‘,
971 3064 1112 3132 quod
1169 3066 1341 3134 magis
1374 3068 1692 3137 probamus,
1731 3073 2014 3142 insigniter
2069 3079 2128 3130 il-

553 3154 768 3204 lustret.
806 3149 936 3205 Eam
991 3156 1260 3222 magniﬁci
1293 3157 1490 3224 equitis
1524 3175 1612 3212 nn.
1655 3160 1957 3218 Hisnonrut
1988 3165 2128 3222 BECK

551 3258 580 3293 Α
615 3239 1057 3308 Lsorowsnonr,
1093 3247 1295 3300 Caesar.
1333 3248 1628 3316 lllajestatis
1660 3253 1903 3311 Camerar:
1938 3261 2127 3315 aulica:
2175 3261 2177 3265 ’

549 3333 871 3396 consiliarii.
912 3335 1094 3390 studio
1131 3335 1339 3393 lberali
1375 3339 1636 3397 debemus
1674 3363 1686 3398 :
1727 3348 1818 3416 qui
1860 3349 2127 3408 columna

548 3423 910 3494 fragmentum
944 3429 1162 3491 veteris,
1195 3446 1316 3499 qua:
1347 3433 1556 3505 integra
1580 3435 1888 3494 Milliarium
1928 3442 2124 3499 Roma-

550 3529 675 3565 num
699 3513 820 3575 fuit,
848 3516 900 3568 in
930 3517 1084 3570 vinea
1115 3521 1374 3586 quadam,
1429 3523 1573 3578 haud
1633 3530 1824 3594 procul
1874 3546 1904 3591 τι
1941 3532 2123 3588 Sancti

548 3602 711 3676 Marci
748 3609 1084 3674 ncsocontio,
1118 3610 1181 3663 ad
1219 3628 1384 3666 unutn
1429 3629 1457 3666 a
1500 3614 1707 3669 Victina
1753 3619 2008 3687 lapidem,
2043 3643 2124 3678 re-

546 3704 758 3764 pertum
799 3709 920 3748 cum
957 3700 1299 3770 intelligeret,
1330 3718 1552 3770 operam
1612 3707 1761 3761 dedit
1807 3722 1861 3761 ut
1894 3711 2118 3768 domum

546 3802 701 3840 suam
732 3788 1094 3858 deportatum,
1148 3797 1456 3862 posteritati
1509 3812 1952 3859 conservaretur.
1989 3807 2119 3872 Ejus

546 3880 923 3949 inscriptionis
956 3884 1068 3937 haec
1102 3885 1265 3938 verba
1299 3897 1428 3941 sunt
1456 3889 1648 3946 litteris
1674 3907 1933 3960 expressa
1965 3898 2121 3952 nobis

543 3974 928 4028 i‘autiliaribus.
954 3973 1086 4029 Nam
1113 3978 1311 4033 ductus
1342 3996 1553 4047 earum,
1597 3985 1790 4051 quales
1844 3987 1897 4040 in
1930 3989 2122 4042 arche-

542 4079 666 4134 typo
698 4067 1135 4134 conspiciuntur,
1175 4070 1274 4123 hoc
1318 4075 1533 4140 quidem
1568 4084 1809 4145 tempore
1855 4076 1983 4133 dare
2013 4095 2117 4132 non

541 4172 574 4225 ι»
597 4158 838 4216 .tuimus.

1171 4315 1256 4352 IMP
1286 4316 1396 4354 (λεδ

962 4383 992 4419 ιι
1028 4383 1228 4421 LICINIO
1259 4386 1460 4424 CURNEL

965 4454 982 4485 \
1001 4454 1260 4492 ΛΜΞΙΗΑΝΟ
1299 4456 1584 4500 Νουιιιεδ..

958 4524 1098 4560 (Λίδη
1135 4524 1355 4561 l‘ithL‘ll’l

963 4592 1092 4628 ιυν..
1127 4593 1320 4632 NTYTIS
1357 4597 1465 4634 γλ..

961 4663 1027 4698 ΕΤ
1070 4662 1271 4698 PUN'I‘ES
1308 4665 1547 4704 \‘ETUSTA

1024 4730 1290 4769 Ευκωιδξλ
1325 4735 1474 4772 lilith

1031 4802 1059 4836 Α
1107 4799 1272 4840 κιλυ..
1308 4801 1342 4838 ΔΙ
1376 4806 1404 4840 Ι)

601 4989 923 5059 lutelligitur
965 5000 1147 5045 autem
1187 4993 1406 5048 nomine
1443 4996 1793 5066 nobilissimi,
1839 5003 2103 5071 juventu-

527 5083 710 5151 lisque
740 5082 1024 5151 principis,
1087 5083 1267 5137 minor
1299 5094 1424 5138 natu
1487 5086 1655 5154 frater
1709 5089 1939 5148 Gallieni
1987 5096 2101 5148 Au-

524 5174 692 5243 gusti.
729 5171 819 5227 Sic
886 5174 1052 5240 igitur
1109 5181 1162 5227 et
1225 5173 1390 5230 Turci
1429 5177 1650 5236 Zelebes
1707 5197 1836 5238 suos
1893 5186 2099 5253 dixere,

524 5280 839 5334 quanquazn
877 5266 930 5318 in
961 5264 1254 5320 annalibus
1310 5266 1395 5322 his
1428 5270 1864 5330 animadvertere
1917 5277 2097 5343 liceat,

524 5355 879 5410 Muchemetis
931 5356 1177 5418 secundi,
1238 5364 1292 5410 ct
1361 5371 1746 5413 successorum
1813 5364 1951 5418 ﬁlios
1993 5382 2096 5421 non

522 5447 760 5515 amplius
819 5446 1060 5508 Zelebes,
1124 5447 1216 5500 sed
1252 5447 1499 5503 sultanos
1531 5451 1742 5519 cepisse
1801 5456 2092 5512 nominari.

519 5540 786 5592 Cancrum
816 5552 935 5592 esse
977 5536 1182 5590 'I‘urcos
1217 5538 1380 5593 veluti
1441 5543 1631 5597 simias
1683 5545 1946 5614 quasdam
1993 5548 2094 5602 lio—

520 5645 805 5685 manorqu
838 5629 1239 5696 Gt'wcorumve,
1289 5635 1484 5702 quibus
1519 5649 1921 5705 successerunt,
1970 5641 2092 5709 plu-

2278 434 2629 498 militaribus,
2686 443 3093 506 provinciarum
3127 450 3481 517 praefecturis,
3533 455 3825 526 legibus,ct

2273 525 2524 580 universo
2565 529 2791 595 imperio
2819 536 3222 596 constituendo.
3259 541 3374 595 Jam
3415 547 3557 612 quod
3588 525 3824 618 Bajazitis

2269 612 2580 671 Gilderunis
2613 619 2726 672 εἰναι
2762 620 2994 693 Lelapis
3027 629 3167 683 ﬁlios
3212 633 3426 698 attinet,
3468 637 3519 688 in
3545 638 3621 692 eis
3647 656 3823 696 recen-

2270 707 2451 762 sendis
2473 716 2755 765 auctorum
2786 731 2974 784 magna
3000 720 3286 778 diversitas
3315 737 3415 781 est.
3444 727 3604 784 Turci
3637 733 3817 799 primo-

2268 799 2507 864 genitum
2529 801 2736 856 faciunt
2758 807 2982 863 emirem
3011 810 3409 882 Sulcimauem,
3432 835 3568 887 quos
3587 825 3814 890 equidem

2267 907 2488 958 sequor.
2522 894 2586 948 Et
2615 897 2952 957 Suleimanes
2985 904 3072 958 hic
3099 908 3277 962 dictus
3333 909 3434 964 fuit
3460 915 3617 978 emir,
3649 929 3814 970 aucto-

2269 985 2444 1040 ritatis
2480 991 2704 1059 majoris
2756 1011 2943 1051 causa.
2984 998 3118 1054 Nam
3171 1005 3371 1060 emires
3400 1009 3651 1077 appellati
3699 1024 3815 1067 sunt

2266 1081 2524 1144 pranidcs
2555 1095 2608 1136 et
2636 1101 3024 1158 propagatores
3060 1095 3269 1163 imperii
3304 1099 3647 1169 Mahumetis,
3676 1122 3807 1175 quas:

2264 1175 2569 1239 superiores
2598 1175 2918 1244 (Gulielmus
2949 1185 3146 1256 'l‘yrius
3171 1201 3413 1260 satrapas
3441 1209 3537 1249 seu
3562 1199 3808 1266 principes

2264 1265 2498 1332 majores
2561 1269 2981 1346 interpretatur)
3015 1294 3154 1347 quos
3185 1281 3360 1338 GHBCi
3385 1287 3586 1342 amires
3612 1301 3662 1344 et
3686 1293 3810 1344 alui.

2263 1357 2419 1411 rades
2445 1373 2730 1423 vocarunt.
2765 1365 2830 1418 de
2855 1369 3057 1436 quibus
3081 1372 3238 1442 391
3275 1390 3382 1430 non
3411 1389 3556 1433 recte
3575 1384 3653 1435 vel
3679 1399 3808 1436 am:-

2265 1461 2369 1506 res,
2403 1450 2484 1501 vel
2507 1455 2808 1530 amerades.
2841 1457 2920 1510 vel
2953 1461 3272 1530 admiratos,
3301 1467 3382 1519 vel
3409 1469 3708 1530 admit-ales.
3734 1478 3807 1527 Vel

2259 1525 2594 1596 admiraldos
2612 1541 2792 1598 ferere
2809 1545 3172 1618 Belraeensis,
3206 1565 3256 1609 et
3288 1556 3564 1629 interpres
3587 1561 3804 1620 Cedrini.

2184 1654 2229 1712 Β
2259 1638 2311 1680 et
2336 1630 2445 1684 alii.
2477 1631 2586 1687 Nec
2620 1635 2887 1707 hodieque
2934 1656 3134 1696 nomen
3170 1645 3273 1700 hoc
3330 1663 3686 1719 aspernantur
3717 1655 3763 1725 ip
3783 1658 3805 1709 ii

2258 1719 2558 1781 Turcorum
2589 1728 2819 1784 sultani.
2848 1731 3119 1790 Laonicus
3145 1753 3276 1793 vero
3308 1752 3434 1808 post
3457 1744 3633 1799 Jesum
3662 1765 3802 1801 suum

2257 1812 2541 1880 majorem,
2574 1832 2733 1886 quem
2754 1820 3071 1890 simpliciter
3095 1828 3233 1882 lsam
3260 1830 3423 1886 Turci
3452 1837 3801 1908 voc:mt(quud

2253 1918 2449 1958 nomen
2483 1907 2644 1961 etiam
2679 1915 2902 1982 prepius
2934 1917 3180 1977 imitatus
3226 1935 3308 1979 est
3354 1925 3624 1984 Laonicus
3683 1930 3802 1986 lilio

2251 2005 2425 2061 sexto,
2452 2014 2618 2068 quum
2637 1999 2825 2059 Jessen
2847 2006 3102 2066 Brenezis
3125 2014 3288 2078 ﬁlius,
3312 2032 3476 2086 quem
3501 2020 3622 2075 alibi
3635 2020 3798 2076 Jesum

2253 2098 2428 2150 vocat,
2453 2091 2662 2158 scribit)
2684 2097 2970 2163 quemdam
2998 2099 3392 2160 lilulsumanem
3413 2112 3624 2164 nomine
3647 2114 3799 2178 ponit.

2247 2177 2393 2231 idem
2433 2179 2560 2234 facit
2599 2184 3020 2256 primogenitum
3053 2191 3436 2262 Ortliobulem,
3467 2216 3495 2255 a
3541 2177 3684 2271 patre
3713 2203 3800 2259 Se-

2250 2268 2438 2323 bastia:
2467 2273 2804 2342 praefectum,
2830 2289 2884 2333 ct
2916 2282 3109 2338 ibidem
3141 2286 3210 2341 ab
3238 2288 3490 2348 hostibus
3514 2268 3642 2350 urbe
3661 2311 3798 2366 capra

2247 2372 2466 2414 etestnu.
2511 2363 2728 2420 Turcici
2799 2385 2930 2425 vero
2978 2376 3203 2432 annales
3259 2395 3517 2451 expresse
3577 2388 3796 2454 tradunt,

2247 2445 2551 2503 Sebastiani
2602 2454 2757 2508 emiri
2818 2456 3112 2517 Soleimani
3141 2465 3252 2522 ﬁlio
3308 2483 3440 2527 natu
3504 2480 3742 2545 maximo,
3765 2496 3794 2534 ta

2243 2548 2394 2605 patre
2425 2540 2606 2596 datam
2673 2548 2888 2604 fuisse:
2944 2555 3036 2621 qui
3089 2564 3270 2614 tamen
3326 2579 3355 2617 a
3410 2565 3617 2624 Temire
3651 2582 3792 2639 capta

2246 2630 2521 2699 Sebastia,
2563 2653 2671 2691 non
2707 2639 2869 2696 fuerit
2907 2647 3246 2710 interfectus.
3287 2656 3452 2714 l’lura
3484 2663 3547 2716 de
3577 2665 3655 2719 his
3679 2665 3793 2720 alla-

2241 2730 2346 2777 turi
2392 2727 2647 2799 deinceps
2675 2731 2725 2786 in
2765 2739 3003 2794 medium
3041 2759 3252 2814 sumus,
3293 2753 3356 2804 ad
3396 2770 3670 2810 numerum
3702 2774 3790 2810 no-

2240 2829 2415 2874 tarum
2444 2821 2524 2877 59‘
2541 2835 2594 2878 et
2609 2826 2704 2882 '67.

2309 2911 2475 2966 Tertii
2509 2919 2724 2986 quidem
2759 2921 3142 2992 Cyriscebelim
3172 2937 3340 3003 patris
3409 2938 3653 3010 Bajazitis
3679 2959 3791 2999 suc-

2302 3019 2508 3059 ssorem
2535 3009 2777 3079 faciunt,
2829 3019 2987 3087 cujus
3037 3038 3235 3080 nomen
3290 3045 3391 3084 nec
3451 3035 3499 3086 in
3562 3033 3787 3092 Turcicis

2233 3101 2664 3166 commentariis,
2696 3120 2809 3161 nec
2855 3113 2999 3178 apud
3051 3111 3348 3174 Laonicum
3424 3127 3690 3195 reperitur,
3741 3137 3786 3183 at

2235 3185 2483 3242 ﬁctilium
2505 3193 2666 3259 plane
2696 3199 2930 3257 videtur.
2964 3205 3101 3262 Eum
3131 3209 3322 3268 dicunt
3346 3232 3381 3269 a
3403 3217 3609 3272 Temire
3631 3220 3784 3274 fuisst:

2231 3289 2464 3348 captum,
2498 3285 2593 3338 sed
2621 3302 2652 3341 e
2685 3293 2933 3347 custodia
2999 3307 3177 3354 tamen
3211 3305 3475 3363 evasisse.
3533 3309 3780 3364 Laonicus

2230 3383 2410 3427 autent
2472 3378 2717 3448 scripsit,
2769 3384 2954 3451 prndio
3004 3388 3317 3450 Temiriano
3373 3413 3583 3470 captum
3630 3401 3780 3456 fuisse

2229 3462 2454 3530 Mosem,
2491 3472 2581 3537 qui
2611 3472 2885 3529 videretur
2917 3479 3138 3552 reliquis
3199 3490 3547 3553 praestantior
3583 3493 3775 3547 robore.

2228 3553 2468 3610 Proinde
2520 3557 2711 3615 Temir
2766 3582 2890 3619 eum
2954 3571 3346 3641 circumduxit,
3412 3591 3463 3634 et
3502 3597 3672 3636 secum
3727 3583 3773 3636 in

2224 3647 2420 3702 castris
2448 3650 2655 3716 habuit,
2681 3654 2880 3710 victum
2914 3660 3255 3720 ministraus.
3293 3665 3488 3724 Postea
3521 3670 3772 3725 Laonirus

2227 3733 2341 3788 haec
2383 3740 2602 3807 subjieit
2633 3761 2645 3795 :
2682 3741 2870 3800 Temir
2911 3748 3160 3805 Cheriam
3204 3762 3536 3826 properavit,
3584 3763 3772 3831 Bajazi-

2227 3831 2331 3876 tem
2359 3838 2414 3879 et
2449 3829 2612 3883 ﬁlium
2656 3835 2774 3902 ejus
2830 3853 3014 3893 secum
3052 3844 3277 3909 vehens,
3344 3853 3505 3921 cujus
3565 3869 3767 3923 parvum

2225 3928 2526 3982 respectum
2555 3926 2682 3992 egit.
2712 3924 2948 3983 Proinde
2981 3932 3033 3986 in
3058 3937 3291 4002 patriam
3357 3944 3625 4012 regionem
3659 3945 3766 4014 fuga

2221 4008 2410 4062 erasit.
2448 4012 2686 4082 Denique
2712 4019 2868 4072 tertio
2899 4025 3090 4090 repetit
3125 4025 3404 4087 Laonicus
3428 4008 3579 4090 initio
3606 4040 3762 4103 quarti

2223 4099 2589 4164 lihri,Mosem
2649 4107 2937 4166 dimissum
2992 4131 3020 4168 a
3078 4133 3201 4188 rege
3261 4120 3496 4192 Temire,
3545 4129 3668 4180 mari
3704 4132 3785 4188 ad,

2221 4193 2497 4261 regionem
2526 4199 2752 4264 patriam
2791 4203 3042 4260 rediisse.
3077 4206 3284 4267 Similis
3317 4224 3401 4269 est
3454 4217 3685 4272 confusio
3713 4221 3757 4271 in

2221 4281 2492 4337 minorum
2532 4296 2658 4340 natu
2717 4287 2977 4359 Bajazitis
3020 4296 3253 4354 ﬁliorum
3305 4307 3593 4361 mentione.
3641 4306 3756 4359 Nam

2139 4352 2490 4428 DLaonicus
2536 4387 2587 4430 et
2616 4376 2802 4434 Jesum
2879 4385 3142 4441 minorem
3210 4406 3631 4460 commemorat,
3679 4400 3756 4461 qui

2209 4481 2489 4535 nusquam
2521 4488 2570 4522 ill
2600 4475 2885 4529 annalibus
2922 4475 3164 4536 'I‘uteicis
3197 4489 3487 4553 reperitur,
3516 4499 3564 4543 et
3593 4491 3758 4544 ultimo

2215 4557 2356 4610 inter
2387 4577 2577 4616 omnes
2622 4564 2743 4618 loco
2774 4569 2920 4636 ponit
2976 4571 3315 4642 Mustapham
3365 4582 3754 4650 respicienstlil

2213 4650 2470 4719 arbitror)
2502 4653 2566 4706 ad
2600 4648 2749 4708 illum
2775 4658 3137 4729 Mustapham,
3190 4670 3276 4721 cui
3317 4648 3530 4726 Dusmis
3579 4687 3754 4740 cogno-

2214 4754 2333 4792 men
2376 4757 2404 4794 a
2439 4742 2631 4800 Turcis
2689 4747 2871 4813 datur,
2924 4753 3127 4820 quique
3190 4757 3450 4828 Bajazitis
3503 4779 3559 4820 se
3603 4764 3751 4818 filium

2210 4833 2598 4888 mentiebatur.
2642 4838 2805 4908 Atqui
2867 4843 3069 4899 diserte
3101 4846 3262 4904 Turei
3311 4855 3546 4919 tradunt,
3604 4855 3750 4910 mini-

2210 4935 2357 4972 mum
2393 4932 2518 4974 natu
2568 4925 2738 4981 fuisse
2768 4928 3030 4986 Casanem
3072 4934 3326 5007 Zelebim,
3387 4945 3476 5013 qui
3536 4957 3752 5014 tempore

2210 5009 2533 5065 calamitatis
2553 5025 2786 5080 paternae
2805 5019 2967 5074 fuerit
2995 5023 3174 5080 adhuc
3195 5039 3352 5084 aetate
3377 5009 3556 5087 tenera
3585 5049 3599 5098 ;
3631 5009 3746 5086 nar-

2209 5108 2438 5167 rantque
2507 5102 2771 5174 deinceps
2835 5111 2904 5163 ab
2962 5114 3131 5169 emire
3189 5117 3496 5178 Soleiiuane
3546 5122 3742 5175 fratrem

2205 5187 2348 5240 hunc
2413 5203 2539 5245 natu
2608 5195 2922 5264 minimum,
2983 5203 3245 5261 Casanem
3287 5209 3559 5278 Zelcbim,
3599 5212 3746 5264 fuiSse

2201 5278 2729 5353 Constantinopolim
2769 5291 3018 5357 missum,
3072 5309 3131 5348 ut
3174 5303 3377 5357 obsidis
3427 5307 3540 5358 loco
3567 5301 3735 5357 ibidem

2199 5382 2363 5425 esset.
2424 5371 2697 5442 Laonicus
2753 5381 2918 5435 etiam
2976 5386 3172 5440 alicubi
3225 5389 3408 5446 Josutn
3461 5394 3732 5448 minorem.

2201 5455 2331 5509 fac.t
2365 5461 2648 5515 minimum
2683 5480 2834 5533 natu,
2908 5480 2962 5524 et
3009 5474 3468 5548 Constantinopoli
3522 5480 3728 5547 baptiza-

2201 5560 2310 5603 tum
2341 5553 2408 5605 ait
2443 5573 2456 5607 :
2490 5557 2552 5609 de
2581 5572 2687 5625 quo
2719 5576 2849 5617 sane
2879 5581 3010 5621 vero
3067 5571 3125 5623 ﬁt
3186 5574 3379 5635 simile,
3431 5574 3602 5629 .Iesuui
3649 5572 3732 5622 mi-

2201 5660 2383 5698 norem
2418 5643 2662 5719 Laonici,
2701 5667 2819 5710 esse
2875 5659 3026 5716 illum
3055 5663 3234 5733 ipsum
3291 5678 3413 5722 natu
3473 5665 3726 5720 mini-num
