4048 6208
319 417 412 476 τὲ¹
1481 428 1866 488 ΓᾸΝΟΕΟΤΕ
1904 431 2101 491 HIST.
2143 433 2439 493 TUliillti.

3428 437 3530 478 ’πη

3438 459 3530 498 123-:

304 538 556 607 Bajasitis
587 538 779 601 lilium,
827 557 982 604 quem
1042 543 1259 597 annales
1326 543 1536 598 Turciri
1594 548 1856 600 (lasanem
1890 546 2092 603 Alani.
2129 537 2338 614 Quippe
2403 548 2578 602 solent
2623 548 2688 602 iis
2734 548 3065 609 nominibus,
3118 565 3288 616 qua‘a
3320 553 3534 616 gemina

302 629 342 680 Ζ
368 630 541 682 -lebim
575 639 789 684 vocant.
835 631 998 686 Error
1024 633 1324 688 Sansovini
1376 637 1568 703 duplex
1614 639 1867 692 Osntani-

300 721 493 772 darom
529 719 580 771 iu
611 723 823 783 arbore,
856 738 964 791 quo
999 723 1258 778 Sullanus
1309 727 1420 796 jam
1481 733 1802 795 superstites
1837 747 1863 782 a

296 811 630 879 Cyriscclebi
672 821 954 884 propagat,
1003 826 1057 870 et
1108 816 1358 882 Bajazitis
1407 835 1470 892 ex
1533 819 1864 889 Cyriscelebi

303 911 550 970 nepotem
588 903 714 957 facit
763 903 1156 961 Muchemetem
1214 910 1471 977 primum,
1523 920 1629 964 tam
1693 914 1866 965 mani-

301 995 477 1048 festus
501 1007 603 1055 est,
672 997 872 1051 nullius
921 1009 979 1051 ut
1037 1000 1378 1056 refutationis
1440 1003 1694 1071 indigeat.
1754 1005 1890 1059 Alis.

301 1099 476 1146 vero,
535 1087 626 1151 qui
683 1085 1212 1156 Constantinopolim
1267 1100 1321 1145 et
1381 1094 1492 1159 ipse
1547 1094 1868 1162 profugerit.

299 1177 453 1228 nulla
485 1173 731 1232 Turcicis
779 1180 830 1231 in
888 1182 1178 1236 annalibus
1241 1186 1465 1240 mentio.
1513 1186 1870 1255 Reposnintus

294 1265 466 1319 etiam
497 1283 592 1320 sno
622 1268 741 1320 loco
759 1283 1075 1337 germanum
1101 1271 1275 1336 illum,
1307 1282 1360 1324 ct
1402 1275 1672 1328 natalibus
1701 1291 1866 1343 opera

299 1368 489 1413 nostra
528 1375 670 1412 nunc
719 1361 1064 1426 restitutum,
1115 1364 1368 1433 Bajazitis
1423 1365 1614 1431 filium,
1668 1369 1884 1424 Mustao,

299 1449 467 1517 pham
509 1450 733 1504 zelebim
759 1470 772 1516 ;
798 1454 887 1520 qui
926 1465 983 1507 ttt
1011 1455 1320 1510 'l‘emiriano
1348 1460 1554 1526 praelio,
1587 1461 1666 1513 sic
1705 1460 1866 1514 etiam

303 1542 570 1595 hactenus
603 1558 665 1594 ex
721 1546 1138 1599 Usmanidarum
1203 1558 1506 1614 stemmate,
1567 1551 1706 1605 haud
1757 1555 1869 1606 scio

299 1649 412 1698 quo
455 1632 600 1687 fatali
631 1650 757 1688 casu
790 1637 1066 1702 exclusus,
1123 1641 1286 1708 periit
1323 1658 1335 1692 :
1377 1641 1553 1696 locum
1617 1644 1735 1712 ejus
1790 1645 1870 1696 in-

299 1726 536 1779 vadente
611 1727 917 1798 Mnstapha,
1012 1734 1357 1803 supposititio
1426 1737 1676 1806 Bajazitis
1736 1738 1868 1801 ﬁlio,

299 1832 464 1882 quem
498 1819 734 1875 Annales
766 1819 816 1873 bi
885 1820 1127 1878 Dusmis
1160 1824 1432 1892 appellant
1489 1837 1868 1897 cognomento.

305 1907 381 1960 De
423 1907 597 1962 Sauzc
620 1909 780 1978 jussu
816 1912 986 1979 patris
1007 1912 1300 1980 excaicato,
1343 1917 1548 1972 nullum
1606 1919 1656 1972 in
1697 1935 1871 1974 anna-

302 1999 451 2051 libus
483 2000 726 2054 Verbum.
754 2000 956 2057 Nomen
1006 2001 1197 2058 Saulis
1236 2006 1366 2061 illud
1421 2017 1525 2074 est,
1565 2010 1707 2078 quod
1769 2009 1872 2065 So-

301 2090 570 2144 lcituancs
603 2091 872 2145 hodierno
915 2093 1080 2147 veziri
1122 2098 1294 2150 azemi
1350 2097 1527 2154 adhuc
1558 2114 1728 2167 puero
1779 2101 1872 2154 de-

304 2181 456 2234 disse
490 2180 680 2235 fertur.
715 2184 876 2239 Siaus
909 2185 1051 2238 enim
1084 2188 1241 2244 bassa
1277 2196 1523 2253 vocatur,
1572 2191 1729 2257 cujus
1777 2209 1874 2246 su-

305 2289 402 2340 pra
434 2291 652 2342 quoque
682 2277 985 2347 ‘aliquoties
1050 2279 1101 2332 itt
1159 2284 1537 2350 supplemento
1599 2285 1870 2337 annalium

306 2374 500 2421 no~tro
530 2367 661 2420 facta
683 2371 902 2426 mentio.
943 2371 1095 2436 Quod
1128 2383 1316 2427 autem
1350 2373 1512 2428 Sauzi
1572 2390 1600 2428 a
1640 2375 1871 2430 Reinec-

309 2461 397 2514 cio
436 2444 643 2514 Taures
676 2461 814 2516 ﬁlius
841 2463 1182 2529 attribuitur,
1214 2465 1306 2532 qui
1341 2465 1492 2520 exsul
1528 2467 1578 2520 in
1639 2466 1873 2536 Ungaria

305 2555 538 2607 vixerit:
567 2564 618 2608 et
649 2555 793 2624 quod
838 2557 976 2610 idem
1040 2559 1127 2614 dat
1190 2557 1487 2627 Mustapba:
1533 2562 1875 2630 supposititio

310 2643 480 2697 ﬁlium
547 2643 825 2709 Davidcm,
897 2663 959 2700 ex
1023 2650 1351 2706 auctoritate
1397 2647 1624 2706 Joannis
1691 2653 1873 2706 Basilii

312 2733 551 2797 lleroldi,
579 2737 669 2804 qui
710 2745 763 2790 et
788 2736 899 2806 ipse
931 2737 1021 2791 diu
1075 2740 1336 2792 exsularit
1385 2742 1524 2809 apud
1584 2742 1872 2810 lingaros:

304 2837 495 2878 errore
550 2827 779 2892 quodam
854 2825 1069 2893 factum,
1119 2845 1181 2881 ex
1234 2828 1424 2883 vitiosa
1475 2832 1766 2900 scriptura,
1822 2843 1878 2887 et

313 2914 527 2969 lleroldi
553 2917 997 2985 hallucinatione,
1034 2919 1293 2988 profecto.
1331 2921 1446 2975 Non
1501 2925 1643 2976 enim
1671 2923 1878 2980 Taurcs

311 3007 454 3076 apud
506 3007 996 3080 Chalcocondylem
1068 3009 1172 3079 legi
1263 3012 1441 3074 debet,
1505 3014 1597 3068 sed
1653 3013 1873 3081 Tautes,

310 3099 480 3153 tribus
509 3099 748 3168 syllabis,
793 3100 935 3168 quod
992 3115 1186 3156 nomen
1232 3110 1314 3156 est
1365 3103 1504 3159 Taut
1551 3105 1634 3158 vel
1694 3105 1874 3174 Dant,

1971 647 2302 690 consonante
2339 637 2620 706 incipiunt,
2665 638 2900 690 litteram
2931 637 2973 701 l,
3000 639 3160 707 392
3187 641 3265 690 vel
3297 639 3331 689 γ
3366 641 3535 692 Galli-

1970 738 2090 773 cum
2117 739 2429 790 prmponcre
2456 741 2469 788 ;
2504 725 2649 779 verbi
2672 727 2866 793 gratia,
2891 740 3012 780 Cum
3037 744 3131 794 pro
3158 729 3428 781 Sceutlerc
3453 730 3536 781 di-

1972 822 2099 865 cunt
2125 813 2450 868 lseohender
2474 833 2490 882 ;
2528 833 2622 884 pro
2646 817 2843 870 Scodra
2870 817 3114 871 lscodara
3145 836 3159 882 ;
3195 834 3290 886 pro
3315 820 3532 888 Scopia,

1975 902 2229 971 liscopia.
2251 906 2528 974 Frequens
2552 922 2677 962 vero
2701 907 2751 960 in
2772 908 3054 963 annalibus
3078 909 3223 962 hisce
3255 911 3454 964 mentio
3480 911 3537 962 ﬁt

1975 996 2338 1058 lsvendiaris.
2378 1000 2518 1067 quod
2571 1009 2991 1069 cognomentum
3049 1002 3386 1070 principibus
3432 1001 3538 1055 illis

1973 1088 2130 1141 datur
2155 1130 2167 1149 ,
2202 1107 2434 1158 quorum
2481 1101 2595 1145 erat
2634 1091 2696 1143 ad
2724 1091 2953 1146 Pontum
3006 1093 3274 1148 Euxinum
3305 1095 3455 1156 ditio,
3484 1096 3562 1147 in-

1978 1181 2086 1248 ipsa
2131 1181 2300 1236 Ponto
2329 1183 2626 1250 provincia,
2652 1184 2936 1252 vicinaque
2970 1185 3358 1255 Paphlagonia.
3381 1187 3546 1239 Chal-'

1976 1275 2299 1342 cocondyles
2326 1274 2610 1341 quemdam
2643 1289 2709 1327 ex
2740 1275 2818 1330 cis
2851 1277 3092 1330 nominat
3136 1276 3426 1340 Ismailem,
3451 1275 3540 1328 Si.

1976 1380 2128 1433 nopre
2159 1365 2482 1432 principem,
2505 1376 2556 1420 et
2581 1367 2706 1419 alibi
2733 1367 3030 1434 principem
3061 1367 3275 1436 Sinopa:
3313 1379 3367 1422 et
3409 1367 3538 1423 Cas-

1977 1456 2230 1517 tamonis,
2264 1457 2496 1515 amicum
2522 1466 2573 1509 et
2605 1457 2815 1511 socium
2863 1457 3046 1513 Mosis.
3108 1458 3164 1511 In
3221 1460 3418 1516 nostris
3444 1467 3539 1515 au—

1977 1554 2084 1597 tem
2112 1546 2402 1600 annalibus
2457 1547 2604 1602 hisce
2644 1548 2835 1617 legitur
2864 1588 2877 1612 ,
2921 1551 3209 1604 lsveodiari
3243 1550 3564 1611 ,Temirem"

1973 1633 2212 1687 Chanem
2242 1635 2323 1687 vel
2355 1635 2590 1699 dedisse,
2625 1637 2704 1691 vel
2759 1640 3042 1707 ademptas
3095 1656 3122 1692 a
3162 1641 3397 1709 Bajazite
3451 1657 3540 1696 rc-

1979 1723 2248 1788 stituissc,
2272 1725 3006 1796 Castamonam,Congerim,
3039 1730 3364 1801 Calazugen.
3395 1731 3533 1786 Idem

1978 1825 2230 1869 narratur
2264 1816 2502 1886 hospitio
2537 1817 2742 1874 Musam
2799 1823 3100 1894 excepisse,
3151 1824 3399 1893 clamque
3454 1842 3539 1879 se-
3622 1856 3632 1866 ι

1976 1921 2098 1959 cum
2120 1906 2396 1968 habuisse.
2428 1922 2549 1961 cum
2581 1910 2648 1963 ab
2679 1912 2845 1964 emire
2877 1912 3183 1968 Soleimane
3205 1914 3369 1968 fratre
3396 1915 3543 1969 bello

1975 2009 2265 2067 peteretur.
2300 1999 2542 2056 Notanda
2570 2018 2787 2071 quoque
2817 2005 2972 2058 verba
3000 2006 3238 2068 [.aQuiei,
3261 2024 3381 2061 cum
3420 2012 3492 2062 ait
3519 2051 3533 2070 .

1977 2090 2402 2161 Sccndcris,qui
2441 2093 2679 2163 Sinopen
2735 2098 2974 2166 regebat,
3021 2098 3189 2154 fuisse
3244 2100 3410 2153 tilium
3464 2101 3539 2154 is-

1978 2184 2214 2239 utailem.
2264 2186 2471 2253 Quippe
2524 2187 2808 2253 legendum
2881 2198 3009 2254 puto
3061 2189 3376 2259 Spendetis,
3431 2209 3563 2244 non

1978 2275 2307 2342 Scenderis,
2364 2279 2491 2334 licet
2549 2280 2681 2334 mihi
2725 2297 2921 2336 nomen
2975 2281 3263 2338 Scenderis
3313 2299 3418 2338 non
3471 2284 3561 2336 sit.

1979 2369 2246 2435 ignotum.
2289 2369 2623 2426 Panderatia:
2675 2374 2967 2442 satrapiam
3001 2375 3143 2442 quod
3201 2375 3414 2437 attinet,
3460 2381 3543 2426 est

1977 2459 2043 2512 ad
2072 2459 2300 2513 Pontum
2333 2460 2604 2516 Euxinum
2640 2463 2856 2528 civitas,
2919 2465 2974 2518 in
3011 2465 3180 2520 Ponto
3233 2465 3533 2534 provincia,

1977 2567 2097 2618 qua:
2124 2550 2282 2604 hodie
2303 2552 2631 2608 Penderacbi
2674 2555 2871 2608 dicitur
2899 2570 2999 2618 ;co
3052 2556 3224 2624 posita
3249 2556 3396 2619 situ,
3451 2570 3543 2610 ve-

1981 2642 2109 2696 teris
2145 2650 2200 2695 ttt
2245 2643 2502 2697 Heraclia:
2534 2643 2770 2700 Ponticae
2793 2646 2968 2699 locum
3025 2661 3318 2716 occupasse
3369 2646 3544 2702 vidca-

1980 2741 2084 2784 tur.
2114 2731 2194 2786 Ab
2227 2733 2325 2786 hac
2352 2733 2398 2788 si
2423 2733 2548 2787 dicti
2607 2750 2715 2788 non
2771 2748 2899 2790 sunt
2953 2734 3314 2804 Spheuderes,
3362 2736 3543 2790 lsven-

1980 2825 2228 2879 diaresve
2269 2828 2412 2895 begi,
2449 2845 2588 2898 quos
2617 2829 2705 2882 alii
2738 2829 2979 2896 Spender
3001 2835 3094 2881 aut
3142 2827 3544 2896 Sponderbeios

1980 2929 2266 2980 vocarunt,
2329 2919 2510 2973 saltim
2596 2919 2900 2989 Spenderes
2963 2922 3161 2991 oppido
3223 2921 3543 2990 legionique

1979 3022 2176 3062 nomen
2215 3009 2432 3064 dedere.
2474 3011 2544 3063 De
2576 3011 2662 3066 his
2693 3019 2744 3064 ct
2782 3012 2882 3065 alia
2917 3011 3060 3082 leges
3093 3013 3255 3078 infra,
3314 3027 3544 3066 numero

1981 3099 2066 3151 15.
2098 3097 2250 3153 Nunc
2287 3101 2352 3154 ad
2382 3100 2800 3155 Osmanidarum
2840 3101 3211 3172 genealogiam
3250 3111 3307 3154 ut
3357 3103 3547 3156 redea~

315 3189 775 3256 quemadmodum
834 3192 1038 3245 nostris
1099 3192 1150 3244 in
1192 3193 1482 3248 annalibus
1542 3195 1676 3249 Dant
1718 3197 1876 3253 bassa

1985 3206 2122 3253 mus,
2162 3191 2426 3259 'cquidem
2481 3207 2589 3246 non
2656 3195 2752 3245 abs
2811 3207 2867 3245 re
2925 3192 3136 3256 dubito,
3204 3207 3269 3246 au
3305 3193 3444 3246 duos
3479 3209 3543 3245 ex

315 3279 534 3347 legitur,
561 3281 661 3335 sub
704 3280 931 3350 imperio
989 3281 1242 3350 Bajazitts
1290 3284 1536 3339 secundi.
1592 3285 1876 3344 EtTurcis

315 3372 466 3425 haud
507 3372 720 3439 dicitur,
749 3376 836 3440 qui
877 3373 1040 3426 David
1076 3372 1334 3429 Hebraais.
1378 3373 1474 3431 Hic
1499 3391 1627 3448 ergo
1678 3377 1877 3435 Tautes

314 3479 474 3519 verus
512 3473 627 3518 esto
659 3464 852 3519 Saozis
889 3465 1052 3530 ﬁlius,
1081 3465 1217 3520 alter
1249 3477 1432 3521 autem
1487 3467 1702 3524 Dusmis
1732 3469 1877 3526 Mus-

316 3555 656 3624 taphazlilius
678 3554 992 3618 David,ceu
1041 3560 1482 3625 commentitius,
1532 3562 1874 3631 expungitor.

320 3646 606 3713 Perperam
630 3646 823 3701 deinde
852 3647 1084 3702 traditur
1117 3663 1147 3703 a
1194 3651 1412 3716 nosnis,
1445 3650 1583 3706 lsam
1617 3653 1730 3708 sive.
1781 3653 1879 3708 Jo—

320 3754 497 3798 suam.
549 3739 659 3791 sive
705 3737 887 3792 Iesum
944 3738 1224 3803 majorem,
1289 3756 1316 3793 a
1391 3740 1752 3808 Musulmanc,
1785 3744 1878 3812 qui

319 3829 512 3884 Turcis
566 3841 647 3885 est
689 3831 824 3884 entir
869 3829 1172 3896 Soleiman,
1232 3834 1514 3888 occisum:
1576 3851 1697 3890 cum
1763 3837 1880 3905 ejus

321 3921 472 3976 necis
513 3923 719 3988 culpam
774 3919 1078 3976 Turcorum
1136 3925 1356 3978 annales
1406 3925 1456 3979 in
1492 3926 1718 3990 Musam,
1770 3931 1882 3982 sive

322 4011 544 4075 Mosem.
609 4014 828 4065 fratrem
880 4013 1090 4079 alium,
1145 3995 1418 4069 derivem:
1480 4015 1675 4071 Volunt
1719 4019 1880 4072 etiam

322 4106 519 4170 nostri,
583 4120 719 4174 quos
771 4103 1095 4160 Reineccius
1149 4106 1202 4159 in
1237 4105 1656 4160 Osmanidarum
1721 4118 1882 4163 stem-

323 4208 464 4251 mate
488 4198 753 4265 sequitur,
821 4195 1220 4250 Mucbemetem
1252 4199 1550 4252 secundum
1591 4198 1756 4255 fuisse
1787 4217 1882 4254 na-

320 4300 439 4342 tum
483 4305 545 4341 ex
571 4286 986 4356 lrene,Georgii
1013 4287 1334 4351 Bulcovizii,
1403 4288 1710 4344 Serviornm
1761 4293 1885 4346 des-

320 4389 483 4448 potae,
513 4379 641 4433 tilia.
681 4376 897 4431 Falsum
933 4378 1033 4432 hoc
1059 4393 1200 4444 esse,
1269 4379 1562 4433 manifesto
1621 4389 1768 4450 patet
1818 4398 1884 4436 ex

321 4469 613 4522 annalibus
642 4468 790 4522 hisce
812 4467 1037 4529 nostris,
1071 4478 1125 4522 et
1154 4483 1418 4523 annorum
1473 4472 1886 4538 supputatione.

1986 3281 2127 3335 illius
2192 3281 2521 3349 Sphenderis
2588 3282 2696 3336 ﬁlia
2766 3281 3325 3351 Muratessusccperit
3381 3283 3545 3339 ﬁlios.

1984 3369 2254 3426 Laonicus
2291 3381 2437 3426 certe
2468 3373 2734 3426 duntaxat
2780 3373 2941 3428 unius
3008 3375 3338 3428 mentionem
3395 3373 3544 3436 facit,

1985 3479 2142 3532 quem
2177 3464 2528 3519 Cambrinius
2580 3464 2815 3533 appellat
2862 3463 3204 3533 Calapiuum,
3262 3481 3291 3520 a
3347 3481 3548 3535 cogno-

1987 3563 2166 3609 mento
2193 3555 2398 3624 potius,
2432 3569 2594 3625 quam
2622 3556 2844 3610 nomine
2913 3558 3156 3626 proprio.
3205 3555 3337 3611 Nam
3385 3559 3546 3614 Cala-

1985 3651 2145 3719 pinus
2187 3649 2510 3705 vocabulum
2575 3661 2889 3718 corruptum
2955 3659 3037 3706 est
3089 3668 3152 3705 ex
3212 3652 3432 3716 Zt-lebi,
3481 3655 3548 3707 de

1987 3742 2142 3809 cujus
2172 3742 2475 3809 signiﬁcato
2506 3757 2671 3810 supra
2705 3743 3037 3797 monuimus.
3082 3745 3182 3798 Alii
3226 3745 3545 3813 Chialapum

1987 3833 2192 3897 dixere,
2237 3834 2378 3902 quod
2406 3849 2469 3888 ex
2501 3835 2690 3888 eodem
2720 3835 2892 3888 zelebi
2939 3834 3142 3890 factum
3178 3848 3348 3904 paret.
3378 3838 3549 3906 Major

1989 3925 2216 3980 aliorum
2243 3923 2516 3994 opinione,
2552 3925 2643 3995 qui
2679 3926 2816 3981 duos
2849 3926 3078 3990 faciunt,
3130 3926 3390 3981 Tursines
3421 3939 3548 3983 aeta-

1991 4017 2060 4070 tis
2104 4029 2290 4068 mense
2347 4013 2556 4069 decimo
2610 4025 2801 4070 octavo
2872 4025 3096 4069 necatus
3144 4015 3226 4085 (ut
3285 4017 3456 4087 aiunt)
3517 4033 3547 4072 a

1993 4105 2326 4160 Mucbemete
2354 4106 2613 4172 secundo,
2648 4121 2840 4160 nomen
2890 4105 3047 4160 habet
3088 4107 3346 4173 inSolcus,
3377 4119 3430 4162 et
3465 4109 3550 4161 itt-

1990 4199 2264 4266 cognitum
2291 4196 2706 4252 Osmanidarutn
2783 4197 3023 4254 familiae.
3081 4199 3181 4252 Per
3228 4215 3313 4254 me
3367 4209 3543 4254 tamen

1991 4289 2191 4354 dehis,
2224 4298 2281 4343 ut
2313 4288 2541 4358 quilibet
2569 4288 2836 4342 arbitratu
2861 4304 2960 4343 suo
3006 4299 3234 4352 statuat,
3284 4291 3429 4345 licet.
3464 4293 3548 4345 Si-

1996 4368 2364 4440 miliusictiam
2421 4395 2584 4439 vero.
2639 4379 2905 4447 siquidem
2966 4380 3185 4433 omnino
3239 4378 3388 4434 fuere
3440 4381 3548 4436 duo

1997 4472 2212 4536 fratres,
2239 4472 2463 4525 liluratis
2501 4487 2563 4523 ex
2600 4469 2978 4538 Sphcnderiua
3018 4470 3108 4522 ﬁlii
3138 4485 3278 4523 ttnus
3319 4480 3440 4539 post
3470 4473 3548 4524 al-

318 4561 499 4615 Natus
544 4559 687 4612 enim
737 4559 837 4612 fuit
901 4558 1263 4614 Muchemctes
1320 4576 1461 4614 anno
1496 4558 1724 4616 Turcico
1785 4561 1888 4616 855
1922 4574 1960 4627 ι)
1994 4569 2166 4614 terum
2205 4571 2310 4614 tam
2331 4561 2476 4614 brevi
2521 4559 3076 4629 temporisintervallo
3103 4560 3258 4622 nati,
3319 4575 3547 4628 puerum

323 4652 477 4716 (Chr.
517 4650 696 4720 H30).
736 4650 968 4704 Muratcs
986 4659 1164 4704 autem
1194 4651 1350 4704 duxit
1408 4651 1598 4706 lrenen
1647 4653 1889 4723 quinque

324 4753 444 4810 post
473 4743 652 4804 annis,
714 4740 1097 4795 Mahumetauo
1153 4740 1364 4794 scilicet
1411 4741 1536 4795 858.
1588 4739 1704 4794 Non
1756 4759 1886 4813 ergo

324 4833 501 4902 potuit
523 4834 702 4887 lrenes
733 4849 853 4888 esse
875 4832 1020 4888 ﬁlius
1055 4831 1440 4886 Muehemetes.
1471 4831 1740 4888 Prteterea
1783 4850 1889 4888 non

325 4926 587 4994 potuisset
621 4940 687 4978 ex
725 4923 877 4976 lrcne
906 4930 1066 4976 natus
1102 4921 1260 4976 initio
1286 4923 1434 4990 regni
1470 4923 1652 4992 plures
1713 4925 1890 4978 inlatis

281 4991 296 5002 ’
321 5031 500 5070 annos
524 5015 738 5078 habere,
772 5029 931 5082 quam
969 5012 1285 5078 sexdecim,
1333 5027 1458 5066 cum
1517 5022 1696 5070 tamen
1755 5029 1891 5069 con-

323 5115 432 5161 stet
466 5105 735 5172 imperare
788 5102 998 5171 cepisse
1058 5109 1244 5154 natum
1314 5100 1502 5171 viginti
1551 5117 1716 5156 unum
1746 5103 1892 5173 'plus

325 5195 510 5249 minus
538 5207 730 5245 annos.
770 5191 879 5244 Nec
927 5191 1120 5245 Irenen
1190 5190 1359 5244 fuisse
1417 5191 1613 5244 dictam
1674 5191 1890 5262 Georgii

325 5285 565 5350 despotm
631 5282 817 5346 ﬁliam,
864 5282 957 5334 sed
1009 5279 1268 5343 Mariam,
1320 5279 1672 5335 ostendemus
1732 5281 1890 5344 infra,

329 5386 560 5424 numero
587 5370 676 5435 96,
706 5385 863 5439 quem
892 5369 1071 5422 locum
1098 5369 1268 5424 lector
1298 5383 1419 5421 cum
1453 5373 1552 5424 hoc
1575 5369 1888 5438 conjungat.

328 5463 500 5526 Quem
539 5476 699 5527 porro
730 5458 1188 5528 Sponderbeium,
1215 5461 1450 5513 nobilem
1487 5461 1537 5513 in
1570 5462 1892 5515 Panderatia

332 5551 699 5620 Satrapantex
721 5550 895 5605 {Enen
925 5551 1093 5606 Silvio
1120 5561 1276 5603 vocat
1307 5551 1654 5616 Rt'itlﬁt‘cilts,
1687 5561 1892 5620 patrem

331 5644 587 5697 secuti-la:
619 5643 838 5697 llluratis
862 5643 1084 5697 secundi
1129 5643 1395 5711 conjugis,
1426 5641 1758 5711 Speudt-rrm
1817 5643 1895 5695 di-

334 5746 478 5788 ctum
529 5736 755 5804 legimus
785 5735 838 5790 in
864 5735 1009 5790 edito
1043 5735 1275 5790 Laonico
1305 5752 1317 5798 ;
1347 5735 1489 5802 quod
1532 5749 1726 5787 nomen
1755 5732 1892 5785 idem

336 5837 416 5881 est
445 5843 564 5883 cum
592 5826 930 5897 Sphcndere,
955 5841 1112 5898 quem
1144 5827 1503 5882 lsvcndiarcm
1535 5827 1697 5878 Ttlrci
1717 5827 1896 5895 appel-

1992 4660 2118 4703 nattt
2174 4648 2431 4714 majorem
2499 4648 2802 4702 octodecim
2871 4649 3134 4703 mensium
3212 4649 3552 4718 deportatum

1994 4741 2160 4794 fuisse
2197 4738 2730 4807 Constantinopolim
2783 4747 2836 4791 et
2874 4738 3149 4801 Venetias,
3206 4749 3260 4793 ut
3311 4757 3556 4795 scrvare-

1993 4839 2103 4895 tur,
2159 4833 2302 4900 quod
2359 4828 2592 4884 Gaifrazo
2647 4830 2867 4898 placet,
2935 4845 3095 4899 quam
3131 4846 3223 4885 sex
3289 4833 3556 4885 mensium

1995 4917 2275 4983 infantem,
2311 4919 2451 4987 quod
2486 4917 2798 4973 Reineccio.
2825 4918 3100 4974 Caeterum
3133 4920 3274 4974 inter
3302 4920 3558 4989 Bajazilis

1995 5009 2213 5065 secundi
2243 5010 2465 5076 liberos,
2512 5027 2612 5066 nec
2661 5011 2800 5065 Alim
2835 5012 3034 5082 Caplla:
3098 5022 3393 5080 satrapam,
3458 5024 3558 5062 nec

1998 5101 2256 5155 Moralem
2301 5110 2572 5170 satrapam
2639 5101 2998 5171 Trapezuntis
3039 5101 3217 5171 posui,
3275 5109 3385 5153 tum
3414 5101 3556 5167 quod

1998 5192 2332 5256 Menavinus,
2365 5193 2519 5247 testis
2548 5192 2818 5256 oculatus,
2853 5193 3048 5246 horum
3077 5207 3180 5243 non
3220 5191 3552 5243 meminerit:

1999 5296 2110 5337 tum
2135 5282 2322 5347 etiam,
2383 5284 2527 5352 quod
2582 5281 2937 5352 Trapezuntis
2994 5279 3371 5350 prmfecturam
3417 5277 3559 5331 Seli»

2000 5389 2137 5428 metu
2194 5374 2536 5439 obtinuisse,
2598 5373 2800 5427 nostris
2859 5389 2923 5426 ex
2977 5370 3286 5432 annalibus,
3346 5378 3397 5423 et
3441 5369 3557 5438 ipso

1999 5463 2285 5523 Menavino
2313 5474 2547 5528 constet,
2592 5463 2821 5531 indeque
2875 5461 3115 5529 Capham
3163 5461 3555 5519 transmisisse,

2000 5571 2124 5610 cum
2166 5557 2232 5610 de
2253 5557 2569 5624 occupando
2597 5554 2823 5620 imperio
2842 5553 3145 5622 cogitaret;
3199 5566 3306 5619 quo
3342 5566 3400 5605 se
3450 5566 3557 5605 non

1999 5647 2341 5708 contulisset,
2373 5647 2415 5699 si
2449 5645 2642 5699 fuisset
2674 5644 2798 5699 istic
2855 5643 2966 5697 Alis
3019 5643 3207 5703 frater,
3267 5643 3556 5695 conatibus

2001 5740 2138 5793 baud
2176 5739 2337 5793 dubie
2372 5738 2587 5792 Selimis
2611 5736 2935 5800 obstiturus,
3002 5735 3093 5803 qui
3156 5735 3387 5786 aliorum
3445 5733 3555 5786 fra-

2003 5842 2143 5882 trum
2178 5829 2562 5898 impcdimenta
2598 5838 2866 5894 metuens,
2921 5829 3021 5880 huc
3057 5827 3232 5895 ipsum
3287 5827 3392 5878 iter.
3419 5824 3554 5910 arri-
