4048 6208
321 379 426 444 725
1469 366 1615 425 PAN
1626 363 1863 425 DECTE
1892 363 1934 420 l'.’

2036 361 2090 418 [⁸ο
2129 355 2432 418 TURClC.
3449 329 3552 391 ’ῖΞῖ

313 490 493 545 eSari
527 503 666 558 pago
693 486 984 556 significet.
1026 479 1228 537 Praeter
1254 482 1385 542 ista,
1425 477 1556 532 nihil
1588 479 1663 531 ait
1710 475 1887 542 Span-
1916 472 1960 526 Δ
1991 475 2322 558 recuperatze
2351 481 2379 517 a
2415 458 2675 516 Michacle
2729 451 3050 558 Palmoio‘go,
3106 445 3400 558 historiam
3467 458 3555 497 ses

316 537 806 558 ---ητ-υηκον
861 537 979 538 ν
1367 537 1376 542 ,
1752 537 1768 542 _

314 583 554 651 dnginus
605 589 819 633 exstare
860 577 926 629 de
971 575 1072 629 hoc
1124 572 1238 627 Deli
1282 578 1581 625 memoratu
1625 569 1885 638 dignum:
1991 560 2207 626 xaginta
2231 541 2350 627 plus
2394 554 2570 608 ininus
2620 560 2889 604 animrum
2945 539 3256 610 descripsit,
3304 537 3557 592 sultanos—

314 673 419 728 nisi
444 671 586 740 quod
617 667 871 723 historici
902 665 1206 721 Turcorum
1237 661 1479 724 tradant,
1505 674 1633 715 eum
1691 658 1889 713 sultani
1989 651 2452 708 Mnsulmanorum
2516 641 2829 698 lconienscs
2855 677 2869 700 ,
2952 633 3196 688 Aladinis
3257 636 3508 698 posteros
3537 664 3556 689 9

2384 736 2403 740 -
2468 737 2476 740 -
2563 735 2575 740 -
2724 732 2736 740 .
2893 726 2932 740 ..
3299 719 3528 740 -__-..-.

317 719 1024 829 jussu—veneno
1071 756 1344 810 sublatum
1413 719 1604 816 fuisse,
1680 764 1782 804 nec
1821 747 1892 802 ab
1992 743 2271 800 Azatinem
2293 749 2346 795 et
2375 735 2678 793 Jathatines
2701 732 2867 793 duos,
2892 724 3226 828 Persarelias
3259 719 3555 829 ‘appel'iat,

321 855 418 909 illo
460 809 1021 922 denae
1067 809 1275 903 familia
1335 809 1629 916 quidquam
1675 841 1890 896 recitari
1993 835 2135 904 quod
2171 848 2201 888 e
2229 830 2416 886 Persia
2447 824 2702 898 profectis
2751 823 2804 875 in
2849 833 2911 874 ea
2967 815 3197 922 mirmiris
3247 812 3388 922 Asia:
3444 809 3557 863 ioca

321 961 509 1015 posse,
535 944 682 1012 quod
705 958 885 1011 operm
922 942 1158 1012 pretium
1182 941 1272 1004 sit,
1325 939 1498 993 donec
1527 936 1739 989 tandem
1785 931 1894 1002 pri-
1993 925 2210 997 populis
2240 938 2366 978 cum
2425 918 2657 989 imperio
2707 918 3024 1015 praeessent:
3073 907 3222 1010 idem
3244 903 3566 1015 .obs‘ervare

323 1055 446 1092 Inus
470 1037 772 1092 Turcerum
829 1036 1090 1091 sultanus
1113 1034 1318 1088 Osman
1352 1031 1406 1085 in
1463 1030 1531 1084 iis
1558 1026 1694 1082 locis
1748 1025 1894 1095 prin-
1994 1019 2139 1082 licet,
2169 1017 2236 1071 ab
2264 1013 2386 1070 aliis
2424 1013 2587 1066 etiam
2638 1007 2750 1062 fieri
2781 1002 2984 1060 Graacis
3010 996 3309 1095 historicis.
3355 995 3438 1048 An
3469 1007 3564 1095 au-

321 1132 560 1196 c'patum
590 1127 925 1183 constituere
950 1126 1197 1194 coeperit.
1242 1123 1365 1177 llaec
1388 1123 1559 1191 prima
1610 1119 1676 1174 de
1705 1117 1896 1173 Osma-
1997 1121 2102 1163 tem
2123 1125 2191 1163 ex
2221 1105 2544 1160 Tatarorum
2577 1097 2912 1166 regionibus.
2957 1100 3012 1147 et
3035 1089 3236 1160 quibus
3304 1083 3568 1188 tempori-

326 1177 350 1182 -
599 1177 745 1183 ηπ--
873 1177 920 1180 ,_
1183 1177 1196 1180 _
1389 1177 1400 1191 _

326 1221 579 1272 nidarum
635 1219 842 1288 origine
891 1215 1233 1286 Spandugini
1281 1215 1527 1268 narratio
1566 1219 1684 1274 est,
1741 1207 1898 1274 cujus
1999 1203 2122 1266 bus,
2169 1199 2222 1252 in
2280 1194 2522 1250 PerSial“
2583 1185 3022 1257 comitiisrarinl.
3080 1183 3170 1235 hic
3218 1177 3416 1246 οιροηί
3459 1189 3565 1231 “0"

330 1268 357 1271 __
643 1268 749 1288 ---ο
912 1268 1064 1286 _,_,,,
1124 1268 1154 1286 υ
1671 1268 1682 1274 ,
1810 1268 1824 1274 -

330 1313 466 1365 tides
501 1325 665 1378 penes
693 1319 972 1364 auctorem
1029 1316 1173 1364 esto.
1219 1306 1418 1360 Deinde
1461 1305 1677 1374 subjicit
1726 1301 1898 1358 sulta-
1999 1301 2083 1346 εει
2115 1303 2359 1350 ιιθοθεεο.
2390 1299 2454 1337 "8
2487 1281 2653 1338 ηίιηίε
2675 1284 2956 1334 “Cresc”
2985 1268 3406 1328 θοωωθηωιίθ·

336 1417 468 1454 num
525 1399 940 1464 Muellerus-tem,
995 1398 1087 1467 qui
1149 1395 1679 1464 Constantinopolim
1735 1394 1898 1462 cepit,

283 1489 296 1536 |
330 1493 478 1547 nullo
507 1493 666 1546 modo
685 1505 928 1560 unquam
959 1490 1244 1544 admittere
1267 1487 1504 1542 voluisse
1543 1485 1890 1540 narrationes

334 1586 579 1648 illorum,
638 1588 734 1652 qui
797 1583 1065 1637 familiam
1125 1580 1545 1636 Osnianidarum
1605 1593 1636 1632 a
1690 1576 1902 1630 Tataris

337 1677 684 1732 armentariis
731 1685 904 1731 ortam
959 1676 1281 1730 traderent:
1317 1687 1442 1728 cum
1509 1673 1624 1742 ipse
1680 1672 1904 1726 referret

2345 1398 2400 1453 2.
2432 1395 2599 1460 Aiem,
2648 1388 2969 1454 Padiacach,
3012 1385 3224 1441 Sultan.

2071 1517 2226 1585 Quod
2256 1515 2586 1584 Oguziorum
2639 1508 2850 1563 familia
2902 1501 3252 1560 successione
3312 1500 3581 1565 perpetua

2007 1583 2185 1665 rerum
2213 1583 2354 1676 apud
2407 1603 2638 1660 Parthos
2683 1599 2852 1671 potita
2889 1597 3059 1651 fuisse
3101 1591 3338 1650 dicitur,
3397 1583 3574 1676 id-his

2008 1703 2118 1755 fere
2141 1673 2318 1754 verbis
2350 1696 2403 1749 in
2448 1693 2746 1761 archetypo
2771 1686 3002 1742 Turcico
3030 1682 3258 1751 legitur:
3285 1676 3359 1731 De
3401 1673 3574 1741 stirpe

335 1771 601 1864 originem
633 1771 754 1837 ejus
785 1771 850 1822 ad
894 1769 1202 1822 Comnenos
1240 1769 1597 1836 imperatores
1629 1766 1904 1842 Consmno
1940 1811 1979 1864 Β
2009 1793 2062 1846 in
2094 1791 2320 1858 smper“
2391 1785 2541 1838 fuere
2604 1776 3030 1836 padischachler
3076 1774 3129 1828 in
3210 1769 3385 1823 Aiem.
3449 1763 3580 1828 Quae

340 1861 745 1930 tinepolitanos.
777 1861 968 1915 Aiebat
994 1861 1165 1924 enim,
1196 1861 1250 1914 in
1306 1859 1372 1914 iis
1401 1859 1558 1914 bellis
1584 1875 1706 1929 quia:
1758 1867 1902 1930 gesta

343 1955 544 2008 fuerint
594 1955 736 2009 inter
795 1955 1180 2025 imperatorem
1232 1953 1594 2017 Comnenum,
1636 1965 1690 2006 et
1724 1951 1906 2006 Sulta-

351 2065 479 2101 num
536 2048 843 2112 Aladinem,
903 2047 1203 2117 quemdam
1239 2059 1450 2116 magna:
1504 2044 1806 2101 nobilitatis
1845 2060 1909 2100 ac

344 2141 568 2195 virtutis
600 2141 780 2194 virum
806 2140 873 2195 ab
901 2137 1194 2194 Occidente
1230 2151 1288 2194 se
1308 2138 1606 2194 contulisse
1630 2139 1696 2192 ad
1749 2138 1908 2193 Com-

349 2247 574 2294 nenutn,
608 2239 667 2284 ut
728 2231 774 2284 ei
833 2230 1117 2284 militando
1169 2229 1476 2285 subsidium
1525 2227 1712 2284 ferret.
1773 2229 1908 2283 Eum

347 2325 531 2392 βταιιὶυ
563 2324 798 2392 quodam
831 2324 883 2377 in
924 2325 1135 2377 hostem
1183 2322 1478 2378 fortissime
1536 2322 1907 2386 dimicantem,

346 2416 658 2501 confossum
691 2416 758 2469 ab
788 2416 1039 2470 hostibus
1092 2428 1292 2483 equum
1326 2415 1593 2471 amisisse.
1632 2415 1770 2470 Tum
1808 2416 1912 2468 im-

351 2519 661 2578 peratorem
693 2506 1036 2561 Cor‘unenum
1065 2508 1248 2563 fratris
1300 2508 1382 2560 sui
1417 2506 1545 2569 filio,
1579 2507 1664 2561 cui
1714 2521 1912 2560 nomen

347 2609 494 2655 esset
521 2597 743 2658 lsacius,
805 2599 1093 2652 mandasse
1142 2605 1204 2652 ut
1253 2612 1318 2652 ex
1365 2613 1505 2664 equo
1534 2597 1912 2659 descendens,

349 2704 474 2744 eum
508 2689 622 2741 viro
649 2687 723 2741 illi
758 2686 882 2741 forti
910 2687 1166 2741 traderet.
1201 2685 1315 2752 Qua
1352 2686 1569 2755 quidem
1604 2700 1660 2739 re
1715 2684 1912 2739 factam

354 2781 562 2834 lsacius
593 2779 860 2846 insignem
894 2776 998 2831 sibi
1035 2787 1184 2831 ratus
1215 2776 1470 2846 iujuriam
1493 2815 1508 2839 ,
1544 2774 1919 2843 desperabun-

354 2872 459 2926 dus
516 2871 582 2924 ad
633 2871 914 2925 sultanum
983 2868 1262 2924 Aladinem
1347 2882 1406 2922 se
1481 2867 1799 2931 contulerit,
1857 2879 1920 2921 ac

358 2963 558 3030 reiecta
591 2960 914 3028 desertaque
968 2957 1070 3012 ﬁde
1114 2957 1442 3021 Christiana,
1479 2955 1931 3011 Mahumetanam.

358 3053 674 3124 religionem
709 3051 993 3120 amplexus
1032 3049 1214 3104 fuerit.
1273 3048 1407 3104 Hinc
1457 3048 1738 3102 Aladinem
1777 3049 1825 3103 ei
1856 3047 1921 3101 fi-

2007 1883 2170 1940 verba
2207 1891 2265 1936 ut
2308 1878 2698 1943 intelligantur,
2753 1868 3057 1933 sciendum,
3108 1880 3139 1920 a
3183 1861 3378 1918 Turcis
3426 1858 3576 1912 Aiem

2010 1974 2239 2043 Vilaget,
2267 1972 2350 2025 vel
2381 1971 2534 2023 Aiem
2578 1963 2879 2028 Memleket,
2941 1959 3119 2014 vocari
3174 1955 3450 2026 regionem
3497 1948 3578 2002 vel

2010 2039 2240 2136 regn—um
2295 2060 2582 2114 Persarum
2619 2069 2680 2109 ac
2734 2052 3111 2108 Parthorum:
3162 2039 3584 2099 Padischarhler

2012 2130 2195 2211 autem
2252 2167 2484 2207 numero
2553 2144 2956 2207 multitudinis,
3017 2155 3048 2195 a
3109 2134 3377 2216 singulari,
3429 2130 3583 2184 Padi-

2014 2249 2236 2307 sehach.
2268 2259 2392 2300 esse
2416 2254 2706 2312 supremos
2762 2234 3042 2306 principes
3069 2233 3184 2287 sive
3227 2227 3487 2283 Scachos.
3519 2223 3588 2278 tie

2014 2355 2118 2408 qua
2144 2351 2273 2392 voce
2313 2334 2477 2406 paulo
2503 2340 2630 2386 ante
2684 2329 2910 2384 dictum.
2957 2322 3183 2379 Rectius
3222 2318 3365 2373 enim
3423 2312 3587 2368 Padi-

2015 2405 2216 2490 sehach
2265 2405 2642 2496 interpreteris
2689 2421 3105 2481 Pantocratora,
3175 2411 3324 2466 velut
3390 2405 3591 2461 haben-

2018 2537 2122 2581 tem
2153 2524 2467 2578 universum
2495 2515 2808 2587 imperium,
2832 2521 3122 2580 regemque
3151 2519 3361 2573 regum,
3419 2513 3585 2569 quam

2019 2617 2062 2674 si
2093 2631 2276 2670 vocem
2309 2612 2507 2669 sultani
2540 2610 2621 2664 sic
2655 2607 2917 2677 explices,
2946 2601 3090 2672 quod
3123 2596 3393 2652 Cedrinus
3437 2592 3584 2645 fecit.

2020 2708 2228 2764 Etenim
2261 2707 2354 2776 qui
2379 2702 2576 2759 Turcis
2632 2701 2885 2754 suitanus
2920 2706 3026 2756 est,
3086 2692 3292 2749 Grmcis
3324 2687 3592 2753 hodieque

2022 2815 2208 2854 vocem
2273 2775 2414 2852 hanc
2486 2795 2670 2863 lingua
2752 2805 2850 2846 sua
2900 2785 3277 2846 reddentibus,
3329 2775 3593 2847 Aphentis

2023 2893 2102 2947 vel
2144 2893 2333 2960 Megas
2388 2885 2656 2957 Aphentis
2710 2881 2954 2937 dicitur:
2998 2881 3253 2945 corrupto
3317 2865 3592 2927 nonnihil,

2024 2984 2234 3038 ratione
2254 2975 2728 3049 pronuntiationis,
2755 2972 2978 3041 antiquo
3001 2965 3267 3023 vocabulo
3291 2961 3587 3025 αὐθέντης,

2025 3077 2184 3144 cujus
2211 3083 2296 3127 est
2344 3084 2475 3125 nuta
2521 3065 2870 3136 signiﬁcatio.
2930 3060 3202 3116 Laonicns
3255 3055 3397 3109 libro
3450 3061 3600 3104 nono

359 3148 487 3202 "3‘"
515 3161 673 3201 suam
701 3144 919 3200 dedisse
949 3158 1198 3207 “mrem’
1227 3142 1480 3212 “usque
1506 3142 1726 3197 "omine
1755 3141 1925 3196 multa
1953 3150 1997 3206 σι
2028 3141 2354 3222 Miichemeti
2387 3161 2629 3218 secundo
2663 3159 2881 3215 titulum
2911 3155 3055 3210 hunc
3079 3147 3290 3207 tribuit.
3321 3143 3598 3210 Planeque

361 3237 563 3308 praedia
611 3251 732 3292 cum
762 3235 912 3306 pagis
969 3235 1319 3304 assignasse:
1373 3246 1514 3303 quos
1556 3232 1699 3286 inter
1754 3231 1920 3287 etiam

364 3328 679 3386 Otmanzica
713 3325 896 3381 fuerit.
930 3325 1191 3394 Adeoque
1223 3323 1502 3378 statuebat
1519 3322 1774 3378 sultanus
1806 3320 1925 3376 Mu-

365 3424 660 3484 chemetes,
687 3417 886 3473 abiboc
927 3413 1411 3471 lsaciosultanu—m
1455 3411 1780 3474 Osmanem,
1831 3409 1928 3483 qui

367 3523 521 3585 pater
549 3519 605 3567 et
637 3517 831 3566 auctor
847 3517 935 3564 est
962 3505 1152 3576 stirpis
1179 3503 1624 3567 Ostuanidarnm,
1657 3503 1926 3571 originem

369 3605 614 3662 duxisse.
643 3600 919 3655 Hactenus
948 3613 977 3652 a
1009 3595 1372 3666 Spandugino-
1426 3595 1621 3649 tradita
1675 3595 1933 3650 duximus

372 3691 871 3756 commem0rauda,
911 3692 979 3745 de
1033 3688 1235 3757 quibus
1271 3688 1546 3756 integrann
1604 3687 1792 3740 lectori
1847 3686 1936 3754 jn-

373 3788 578 3843 dicium
603 3781 986 3851 relinquimus.
1013 3778 1166 3833 Sane
1221 3779 1494 3848 reperitur
1529 3778 1670 3846 mind
1720 3767 1937 3834 Gra'cos

377 3879 689 3940 historicos,
723 3870 1118 3942 ac-prasertim-
1145 3869 1290 3940 apud
1319 3867 1562 3923 Nicetam
1592 3867 1934 3932 Cboniatem,

377 3969 580 4025 mentio
600 3965 865 4022 Come-ii
902 3970 1185 4033 apostatae,
1245 3963 1340 4031 qui
1368 3969 1547 4015 tamen
1581 3975 1684 4015 non
1741 3960 1936 4026 lsacii,

379 4063 472 4115 sed
503 4057 727 4114 Joannis
757 4067 960 4109 nomen
999 4051 1272 4106 habuerit.
1299 4050 1511 4119 Quippe
1532 4065 1654 4104 cum
1699 4047 1941 4107 Joannes

382 4155 690 4207 (lomnenus
749 4148 1087 4216 imperator,
1148 4158 1312 4214 quem
1365 4141 1753 4209 Calojoannem
1831 4157 1940 4196 non

383 4245 578 4307 forma,
614 4241 709 4296 sed
736 4238 981 4293 bonitate
1001 4235 1297 4301 .vocabant,
1354 4235 1412 4288 in
1442 4233 1727 4289 obsidione
1782 4232 1962 4304 395.

386 4336 752 4390 Neocaesareae
803 4327 1014 4384 diutius
1043 4327 1274 4382 hereret
1317 4343 1332 4380 :
1372 4323 1610 4380 Joannes
1663 4325 1813 4378 lsacii
1863 4323 1945 4379 se—

389 4423 800 4485 hastocratori's,
829 4420 1018 4474 fratris
1064 4419 1187 4489 ejus
1238 4417 1406 4480 filius,
1461 4416 1556 4470 tali
1609 4415 1846 4486 quadam
1880 4416 1948 4470 ab

2026 3257 2229 3313 nostris
2266 3254 2429 3311 etiam
2475 3251 2783 3308 Turcorum
2838 3243 3201 3318 princeps,.in
3259 3233 3601 3310 quotidianis

2009 3347 2396 3410 .sermonibus,
2433 3343 2716 3414 nunquam
2752 3329 2932 3404 aliter,
2957 3351 3120 3406 quam
3145 3332 3184 3386 il
3210 3328 3384 3401 grand
3409 3326 3604 3394 Signor

2032 3436 2364 3507 appellatur;
2393 3434 2538 3506 quod
2592 3432 2812 3503 quidem
2846 3429 2904 3482 fit
2959 3421 3260 3480 imitatione
3300 3417 3603 3507 Turcorum

2035 3505 2483 3595 Graecorumque.
2547 3523 2626 3577 Ne
2693 3520 2871 3575 diram
2925 3517 3233 3587 Aythonum
3286 3505 3603 3578 Armenium

2037 3634 2254 3689 quoque
2315 3606 2551 3680 tradere,
2615 3614 2888 3670 sultauum
2949 3604 3242 3679 Agarensis
3295 3599 3606 3672 signiﬁcare

2037 3711 2344 3768 dominum.
2402 3709 2558 3776 Quod
2631 3716 2811 3760 autem
2895 3700 3038 3772 apud
3115 3691 3605 3763 Cbalcocondylem

2041 3799 2225 3856 Parthi
2251 3808 2304 3855 et
2333 3797 2482 3853 Perse
2515 3796 2649 3851 dicti
2710 3796 2967 3864 leguntur
3021 3786 3284 3851 Arzatnii,
3354 3799 3418 3839 ex
3477 3783 3612 3838 scri-

2041 3904 2200 3964 ptura
2270 3892 2460 3946 vitiosa
2512 3888 2815 3959 proiectura
2884 3893 3036 3953 puto.
3087 3882 3222 3934 Nam
3260 3875 3465 3930 Azamii
3525 3873 3610 3927 vel

2044 3986 2250 4041 Azemii
2311 3981 2516 4038 rectius
2571 3980 2904 4040 scribentur,
2959 3973 3105 4043 quod
3167 3969 3308 4023 idem
3363 3973 3446 4019 est
3483 3978 3609 4018 cum

2046 4076 2273 4132 Aiemiis
2304 4084 2524 4145 propter
2553 4071 2864 4127 allinitatem
2899 4067 3203 4121 litterarum
3264 4059 3304 4124 I,
3337 4056 3404 4123 G,
3439 4067 3500 4110 ει·
3548 4055 3612 4120 Ζ,

2047 4176 2172 4223 ante
2222 4166 2454 4222 litteram
2496 4163 2536 4218 E
2569 4164 2893 4233 positarum,
2953 4159 3118 4214 etiam
3183 4152 3325 4224 apud
3354 4149 3515 4205 italos
3569 4159 3621 4200 et

2049 4257 2253 4314 Gallos.
2283 4254 2558 4320 Geufraeo,
2589 4252 2680 4322 qui
2706 4249 2986 4305 Azamiam
3012 4247 3213 4300 dictam
3245 4242 3358 4295 vult
3400 4240 3467 4293 ab
3517 4237 3621 4292 As-

2051 4349 2312 4417 sambego
2367 4349 2500 4417 (quo
2535 4343 2758 4400 nomine
2819 4338 2948 4394 alibi
3001 4345 3178 4401 vocat,
3235 4345 3396 4402 quem
3448 4327 3620 4382 Usum

2053 4441 2354 4496 Chasancm
2389 4435 2551 4491 Turci
2576 4434 2781 4502 dixere)
2816 4431 2959 4486 sicut
2985 4442 3014 4482 a
3062 4421 3472 4491 Caramanbego
3521 4417 3628 4472 Ca-

393 4519 724 4585 imperatore
757 4521 948 4582 patruo
981 4509 1226 4566 irritatus
1253 4507 1472 4600 injuria,
1495 4507 1710 4600 qualem
1747 4504 1942 4600 _Span-
1974 4521 2026 4575 ι)
2053 4534 2376 4596 “maniam,
2399 4543 2498 4600 per
2521 4544 2605 4583 me
2653 4525 2898 4596 quidem,
2939 4529 2998 4575 ιη
3050 4519 3122 4575 im
3183 4514 3405 4577 senum,
3456 4510 3622 4564 licet:

388 4608 626 4676 duginus
666 4602 942 4673 exposuit,
1013 4601 1155 4655 [ωδε
1199 4598 1490 4667 transfugit
1550 4599 1618 4652 ad
1680 4598 1952 4652 sultanum

393 4698 748 4760 leoniensetu,
771 4693 1050 4762 simulque
1081 4690 1611 4746 musulmanissavit.
1646 4689 1801 4745 lianc
1845 4688 1957 4744 for-

395 4789 553 4843 tassis
585 4787 658 4841 ad
689 4784 975 4840 historiam
1010 4782 1090 4837 vel
1137 4780 1544 4850 Spanduginus,
1599 4780 1685 4834 vel
1735 4778 1958 4834 Muelle-

396 4892 566 4936 Inetes
599 4877 925 4948 respexerit.
984 4873 1064 4929 Ac
1113 4873 1441 4928 Muehemeti
1499 4871 1746 4942 quidem,
1803 4871 1961 4940 longe

397 4974 643 5030 omnium
667 4969 974 5026 mortalium
1025 4964 1502 5024 ambitiosissimo.
1541 4963 1751 5018 natales
1796 4963 1964 5027 majo«

399 5082 521 5121 rum
561 5065 827 5118 obscuros
859 5058 1224 5128 displicuisse,
1257 5071 1367 5112 non
1398 5055 1599 5110 mirum
1641 5063 1765 5109 est:
1817 5052 1965 5107 idcu-

399 5173 507 5228 que
531 5156 688 5210 iacile
720 5151 1069 5216 crediderim,
1113 5151 1184 5203 ab
1211 5162 1282 5203 eo
1339 5147 1623 5216 quaesitam
1675 5144 1842 5200 fuisse
1897 5143 1965 5198 de

401 5248 669 5306 industria
703 5244 999 5315 quamdam
1039 5254 1262 5297 suorum
1310 5239 1380 5292 ab
1406 5237 1619 5308 origine
1679 5236 1852 5306 magis
1903 5235 1965 5290 il-

403 5338 578 5394 lustri.
605 5333 1155 5392 commend-atitmem.
1220 5329 1331 5384 liae
1385 5337 1563 5383 tamen
1622 5327 1846 5382 minime
1887 5325 1966 5380 si-

404 5432 584 5486 lentio.
604 5425 1061 5500 praetereundum,
1091 5424 1322 5488 Turcos,
1380 5432 1664 5475 auctorum
1698 5419 1968 5474 bonorum

406 5535 698 5582 consensu,
757 5531 866 5570 non
918 5529 950 5570 e
1003 5511 1254 5578 'l‘ataria,
1296 5512 1389 5566 sed
1452 5508 1639 5564 Persia
1667 5549 1682 5572 ,
1732 5507 1970 5576 pulsosa

413 5612 640 5673 [atat-is,
667 5609 722 5662 in
775 5605 957 5660 Asiam
989 5602 1256 5658 minorem
1314 5597 1722 5668 commigrasse.
1760 5596 1874 5661 Qua
1905 5596 1973 5650 de

411 5718 572 5761 causa
600 5698 820 5756 Graecia
881 5696 1083 5756 Praetor
1134 5707 1286 5748 meus
1346 5690 1573 5748 necdum
1627 5689 1822 5750 editus,
1878 5688 1971 5757 qui

413 5789 956 5860 Constantiimpolcos
1013 5800 1042 5840 a
1081 5781 1330 5839 Flandris
1386 5789 1577 5851 captae,
1641 5793 1972 5845 iursutnque

2057 4625 2277 4697 quando
2324 4624 2493 4678 libere
2555 4619 2738 4690 quivis
2792 4614 3104 4685 opinionem
3167 4621 3320 4663 suam
3384 4601 3630 4697 proferre

2059 4693 2256 4786 potest.
2288 4712 2423 4767 Nam
2448 4708 2667 4766 tametsi
2699 4721 2808 4761 non
2868 4704 2966 4757 abs
3003 4715 3060 4756 re
3087 4699 3211 4768 quis
3235 4695 3492 4767 objecerit
3523 4693 3632 4746 dis-

2061 4784 2474 4863 similitudinem
2501 4816 2692 4855 vocnm
2724 4797 2877 4851 Aiem
2903 4805 2955 4849 et
2983 4793 3223 4854 Chasan,
3246 4797 3434 4842 tamen
3461 4784 3631 4854 pluris

2063 4899 2164 4953 hoc
2201 4893 2544 4955 faciundum,
2576 4889 2716 4958 quod
2754 4887 2896 4942 idem
2948 4883 3050 4938 sibi
3105 4887 3298 4950 parum
3331 4875 3458 4930 alibi
3501 4888 3635 4928 eon-

2065 4999 2191 5054 stat,
2224 4989 2350 5043 dum
2383 4985 2458 5039 ait
2482 4983 2548 5037 ab
2582 4983 2806 5043 Aramo,
2861 4975 3011 5032 Semi
3036 4971 3099 5027 F.
3131 4967 3299 5025 Nulla:
3332 4969 3400 5021 Ν.
3425 4966 3633 5034 Syriam

2065 5085 2261 5140 dictam
2292 5078 2592 5142 Aminiam,
2624 5073 2782 5144 quasi
2825 5069 3125 5123 Aramiam.
3184 5061 3302 5115 Non
3333 5061 3477 5113 enim
3547 5070 3639 5122 pa-

2070 5187 2236 5229 ruma
2270 5169 2471 5232 Persis,
2499 5175 2554 5222 et
2582 5162 2820 5226 Parthis,
2842 5157 2965 5228 Syri
2992 5155 3198 5209 distant
3227 5166 3242 5203 :
3269 5158 3334 5202 ut
3371 5163 3480 5202 non
3538 5147 3636 5198 im-

2069 5264 2264 5317 merito
2295 5258 2417 5329 quis
2471 5253 2720 5310 Geufrteo
2774 5245 3119 5320 proverbium
3181 5250 3338 5295 vetus
3387 5237 3634 5292 Grzeenm

2071 5327 2329 5423 obiecerit
2360 5367 2372 5403 :
2408 5346 2545 5402 Sunt
2595 5341 2830 5414 separati
2859 5339 2995 5394 lines
3043 5336 3312 5405 Lydorum
3377 5338 3429 5384 et
3470 5327 3642 5398 Phry.

2072 5463 2218 5516 gum.

2071 5513 2124 5593 ᾗ.
2155 5537 2324 5592 Chan.
2365 5531 2470 5586 Ulu
2504 5528 2689 5591 Clum,
2727 5521 3037 5592 Hunggiar,
3083 5517 3348 5593 Hanc/ter,
3383 5513 3639 5593 _._Sert'.plte,

2144 5586 2353 5728 (liii-qlife
2381 5643 2396 5667 ,
2442 5586 2696 5658 Chitaia,
2752 5586 3021 5648 Clio'rltaait
3051 5630 3066 5654 ,
3125 5587 3303 5651 lle/cli,
3371 5586 3599 5638 Machan
3623 5620 3639 5647 ,

2150 5676 2351 5728 "aturi.
3041 5687 3045 5692 -

2148 5767 2250 5832 Qui
2284 5761 2476 5817 Tuicis
2508 5764 2588 5815 est
2612 5754 2795 5825 lingis
2820 5753 2992 5818 Chan,
3029 5735 3339 5804 Deivacbnsi
3373 5757 3452 5802 cst
3479 5742 3646 5800 Chiu-
