4048 6208
461 324 567 388 727

1680 330 1995 393 JOANNIS
2026 335 2485 397 LEUNCIAYII

3597 336 3700 403 738

460 439 544 502 gis
578 436 773 499 Cham,
806 435 949 504 quod
984 435 1121 489 ide'u
1163 444 1246 491 cst
1298 437 1743 505 pronuntiatione
1800 445 2029 499 Gallica.
2065 451 2102 502 Α
2139 458 2379 500 s'rurum
2408 449 2774 513 Augustorum
2804 450 3132 513 respondere
3154 447 3489 518 volunt,quo
3510 465 3570 505 se
3604 450 3704 504 im-

459 530 532 583 Ex
566 528 947 599 Pachymerio,
1013 530 1329 598 cacterisque
1379 530 1714 594 Gracis,uon
1779 535 2019 601 Tzinkis,

462 622 541 674 vel
571 622 810 683 Tzincis.
846 620 940 674 sed
968 620 1190 690 Tzingis
1219 621 1330 675 Cru
1367 624 1531 677 scribi
1565 625 1744 687 debet,
1818 627 2027 681 ratione

460 712 915 780 pronuntiationis
946 713 1179 766 usitatar.
1238 712 1396 768 Extat
1440 715 1574 769 liber
1636 718 1866 787 Aythoui
1927 721 2024 771 Ar-

463 822 490 852 n
516 803 643 864 cuii,
675 804 766 871 qui
800 816 853 857 et
889 804 1201 860 Curchinus
1234 817 1474 869 vocatur,
1511 820 1562 862 et
1613 810 1880 864 Antonius
1911 827 2028 864 erc-

460 894 605 947 ditur
642 909 671 947 a
709 894 1034 961 quibusdam
1088 898 1253 953 fuisse
1312 899 1489 953 dictus
1561 911 1677 967 post
1745 913 2021 970 sumptum

459 985 822 1038 monasticum
862 987 1143 1040 habitum:
1178 1005 1301 1043 cum
1343 991 1785 1059 Aythonusidmn
1842 994 2023 1046 videa-

456 1086 543 1127 tur
594 1090 716 1131 esse
774 1093 893 1131 cum
953 1080 1229 1132 Antonio:
1287 1092 1339 1135 et
1391 1082 1699 1137 Curehinus
1759 1104 1785 1136 a
1839 1097 2025 1138 saneto

456 1168 687 1233 Georgio
722 1168 924 1222 factum
977 1187 1173 1226 nomen
1223 1174 1313 1232 sit,
1382 1178 1840 1241 quemadnnnlum
1889 1177 2025 1229 Cur-

454 1261 597 1314 chini
632 1263 713 1315 vel
748 1265 971 1334 Curgini
998 1267 1252 1319 dicuntur
1291 1267 1453 1319 etiam
1504 1269 1661 1321 hodie
1709 1267 2022 1335 Georgiani,

455 1356 545 1419 qui
578 1356 851 1411 Armeniis
893 1360 1055 1413 vicini
1096 1376 1122 1412 a
1172 1361 1342 1414 sancti
1402 1359 1617 1429 Georgii
1672 1361 2023 1413 veneratione

452 1447 579 1499 dicti
618 1456 876 1515 putantur
918 1450 1232 1520 Georgiani,
1289 1453 1431 1505 sicut
1494 1467 1522 1503 a
1589 1461 1778 1505 sancto
1822 1449 2023 1504 Jacobo

450 1539 694 1594 Jacobini
724 1552 775 1593 et
802 1541 1086 1606 Jacobitae,
1145 1559 1378 1612 quorum
1444 1543 1762 1612 patriarchae
1823 1558 2017 1596 nomen

451 1631 645 1685 vitiose
680 1632 942 1700 scriptum
972 1633 1163 1702 legitur
1194 1636 1333 1700 apud
1376 1633 1614 1687 Marcum
1649 1632 1876 1686 Paulum
1918 1634 2019 1687 Ve-

453 1734 633 1777 natum
668 1723 920 1789 laeelich,
958 1741 1053 1793 pro
1087 1724 1354 1785 Catolich.
1414 1726 1506 1793 qui
1555 1725 1867 1779 Catholicus
1917 1738 2015 1780 est.

451 1814 498 1868 ls
541 1817 772 1886 Aythoni
828 1818 964 1871 liber
990 1833 1189 1871 nomen
1240 1817 1400 1871 habet
1430 1818 1614 1886 lingis
1660 1818 1823 1887 hujus
1886 1836 2022 1872 trun-

454 1909 583 1962 nihil
619 1909 986 1972 immutatum,
1020 1909 1268 1963 videlicet
1298 1908 1559 1975 Changis,
1590 1908 1732 1962 unde
1780 1910 2019 1979 Cangins

449 2004 611 2056 etiam
645 2002 753 2056 Can
789 2002 857 2056 ab
887 2003 1008 2056 aliis
1038 2012 1283 2057 vocatur.
1339 2002 1543 2057 Cbanis
1578 2004 1659 2057 vel
1711 2002 1874 2058 llanis
1906 2005 2016 2071 (as-

448 2094 721 2158 piratione
756 2094 903 2165 forti)
937 2094 1223 2163 appellatio
1265 2110 1524 2164 perquam
1584 2096 1778 2151 usitata
1834 2095 2017 2149 Persis

444 2195 498 2238 ιι
532 2185 747 2239 Tataris
784 2197 887 2249 est,
919 2187 1061 2254 apud
1089 2202 1226 2254 quos
1256 2202 1408 2251 reges
1436 2196 1487 2241 et
1522 2188 1816 2256 principes,
1843 2188 2007 2242 etiam

448 2277 719 2331 minorum
748 2277 829 2347 (ut
860 2277 966 2329 diei
999 2277 1157 2336 Solet)
1184 2278 1448 2345 gentium,
1485 2279 1701 2332 Chanes
1736 2280 2011 2331 dicuntur:

446 2368 595 2422 verbi
620 2369 815 2437 gratia,
873 2368 1034 2422 Kerai
1091 2368 1265 2428 Chan,
1301 2369 1532 2423 Crimski
1570 2370 1758 2433 Chan,
1807 2370 2012 2439 Precop

440 2459 611 2519 Chao.
652 2459 818 2530 Nogai
852 2460 1026 2523 Chan,
1057 2461 1536 2527 Schetnhalean,
1592 2462 1785 2516 Maxud
1834 2463 2010 2527 Chan,

440 2563 493 2605 et
522 2552 638 2618 alii,
670 2568 903 2622 quorum
933 2555 985 2606 in
1026 2554 1316 2607 Annalium
1353 2571 1569 2624 qttnquc
1626 2556 2011 2625 Supplementa

439 2645 579 2700 facta
606 2645 831 2700 mentio.
864 2645 953 2700 Sic
981 2646 1144 2699 etiam
1180 2646 1320 2700 inter
1376 2646 1794 2701 Osmanidarnm
1844 2649 2011 2717 majo-

443 2753 530 2793 res
591 2737 644 2790 in
674 2737 985 2807 genealogia
1046 2738 1269 2807 quidam
1330 2740 1466 2792 Cara
1545 2740 1682 2794 chan
1770 2740 2005 2810 legitur,

438 2844 550 2899 quo
578 2828 916 2897 signiﬁcatur
940 2846 1033 2884 rex
1069 2840 1163 2885 aut
1214 2831 1467 2899 princeps
1498 2832 1667 2901 niger.
1725 2833 2005 2887 Con~iinili

436 2918 649 2973 ratione
672 2918 762 2973 ﬁlii
792 2920 1099 2988 principum
1131 2922 1467 2989 Chanoglaui
1515 2933 1800 2977 vorantur.
1834 2922 2005 2992 Repe-

439 3012 575 3066 ritur
600 3013 653 3065 in
686 3013 930 3067 historiis
962 3010 1164 3067 Graecis
1183 3022 1234 3065 et
1264 3013 1471 3067 Latinis
1514 3028 1708 3068 nomen
1764 3016 2003 3084 Cllﬂgﬂlll

433 3105 787 3175 395-399
813 3106 1076 3171 Avarum,
1100 3106 1244 3175 quod
1276 3106 1417 3159 idem
1453 3117 1535 3161 est
1565 3122 1687 3160 cum
1719 3108 1817 3161 hoc
1849 3110 2000 3163 Chan

2139 555 2187 605 p:
2214 549 2426 593 ratores
2454 540 2525 591 Ca
2546 554 2695 592 sares
2720 540 3012 605 appellant.
3043 538 3106 593 Et
3129 542 3362 608 primum
3388 558 3453 597 eo
3482 544 3701 597 tradunt

2134 648 2288 693 usuin
2327 629 2718 684 Muchemetem
2782 632 3107 697 secundum,
3135 642 3254 700 post
3309 644 3522 701 captam
3560 636 3701 689 Cou-

2130 721 2565 788 stautinopolim,
2628 721 2810 773 sedem
2886 722 3172 775 orientalis
3237 724 3477 792 imperii,
3536 742 3698 792 quem

2129 812 2320 864 imitati
2356 822 2482 865 sunt
2512 811 2781 879 Bajazites
2818 812 2982 873 (ilius,
3017 805 3073 866 et
3103 813 3331 869 Selimes
3360 832 3549 884 nepos.
3580 818 3697 882 Qua

2128 902 2193 955 de
2218 918 2404 967 causa,
2440 903 2634 971 partim
2695 915 2752 955 ut
2780 905 3157 967 an‘ahitionem,
3191 910 3385 975 partim
3424 920 3482 963 ut
3509 926 3699 979 super-

2127 994 2402 1048 SIitiuncm
2439 1010 2650 1054 eorum.
2682 996 2750 1050 ah
2790 1014 2881 1050 esu
2914 998 3086 1052 suilla:
3107 998 3541 1066 abhorrentium,
3573 1004 3695 1055 irri-

2126 1085 2279 1139 deret
2309 1089 2543 1141 scachus
2575 1088 2754 1141 lsmail
2788 1089 3014 1153 primus.
3049 1106 3076 1145 a
3141 1107 3247 1160 quo
3314 1092 3689 1161 Sophinoruu:

2128 1177 2266 1243 apud
2303 1176 2495 1231 Pars-is
2548 1179 2848 1245 profectum
2917 1197 3111 1235 nomen
3164 1192 3266 1244 est,
3324 1184 3691 1252 prmpinguem

2127 1268 2269 1321 alere
2308 1283 2535 1335 porcum
2600 1270 2829 1332 Solebat,
2865 1271 2952 1323 cui
2986 1286 3183 1325 nomen
3216 1272 3337 1339 ejus
3391 1272 3691 1328 Turcorum

2126 1357 2345 1409 indehat
2371 1357 2653 1425 principis,
2710 1359 2803 1428 qui
2833 1370 2959 1413 tunc
3010 1378 3189 1415 rerum
3231 1364 3542 1431 potiebatur
3578 1383 3594 1418 :
3634 1376 3691 1418 ιιι

2127 1449 2207 1497 vel
2242 1448 2461 1502 llnnker
2487 1448 2712 1517 Bajazit,
2743 1452 2823 1504 vel
2863 1450 3082 1505 llunker
3103 1452 3268 1507 Selim
3302 1456 3691 1524 appellaretur.

2129 1539 2368 1607 [lenique
2398 1541 2752 1609 Seripharum
2781 1543 2942 1596 etiam
2986 1545 3199 1597 titulum
3250 1547 3353 1601 sibi
3416 1548 3687 1607 tribuunt.

2124 1640 2179 1681 et
2207 1630 2544 1685 Cbalil’arnm
2578 1649 2774 1687 nomen
2803 1651 2868 1689 ne
2891 1637 3049 1691 hodie
3082 1639 3299 1705 quidem
3338 1639 3527 1705 vitant,
3549 1642 3690 1694 velut

2126 1721 2476 1787 invidiosum,
2511 1727 2801 1795 potiusque
2836 1737 3153 1796 competens
3180 1730 3341 1783 editis
3365 1730 3687 1785 Mahnmetis

2128 1814 2415 1881 sanguine,
2486 1817 2945 1884 quemadmodum
3014 1817 3288 1874 Reinerus
3344 1821 3685 1886 Reincccius,

2126 1903 2332 1958 amicus
2360 1915 2542 1959 noster
2576 1909 2802 1975 putavit.
2836 1908 2968 1962 Nam
3000 1911 3086 1965 hic
3119 1926 3338 1981 quoque
3360 1912 3595 1968 Illuratcs
3623 1930 3690 1968 eo

2124 2009 2180 2048 se
2208 2006 2367 2048 ornat
2406 1998 2569 2051 titulo
2593 2000 2643 2051 in
2674 2000 2867 2054 litteris
2885 2001 2952 2053 ad
2987 2002 3369 2066 imperatorem
3411 2014 3686 2070 nostrum,

2120 2102 2348 2152 quarum
2389 2090 2633 2157 exetnpla
2669 2090 2805 2155 vidi,
2854 2104 2908 2145 et
2958 2097 3210 2162 superius
3240 2097 3306 2151 de
3340 2097 3442 2150 hoc
3467 2113 3494 2149 a
3530 2097 3688 2151 nobis

2122 2185 2303 2229 notata
2338 2180 2584 2246 quadam
2614 2190 2742 2234 sunt
2774 2183 2824 2234 in
2849 2184 3192 2251 expositione
3243 2201 3529 2238 causarum
3591 2186 3684 2239 dc-

2117 2270 2359 2325 cennalis
2386 2272 2545 2340 hujus
2571 2273 2717 2336 belli,
2743 2275 2885 2343 quod
2922 2277 3065 2329 inter
3129 2277 3406 2343 Sophinos
3469 2288 3522 2333 et
3584 2278 3685 2334 Os-

2118 2362 2358 2414 manieos
2378 2360 2553 2415 adhuc
2608 2366 2838 2431 geritur.
2884 2365 3129 2421 Diximus
3183 2367 3353 2431 cnim,
3399 2367 3683 2437 Chaliphis

2117 2468 2310 2506 nomen
2342 2453 2651 2525 signiﬁcare
2684 2456 2971 2522 vicarium,
3027 2461 3105 2512 vel
3138 2476 3540 2522 successorem.
3598 2462 3679 2515 vc!

2116 2544 2383 2597 htcredcm
2417 2548 2694 2616 propheta:
2732 2547 3056 2605 Mahumelis
3086 2574 3098 2607 ;
3128 2552 3500 2607 etOsntanicis
3564 2570 3679 2623 per-

2112 2650 2336 2689 suasum
2371 2653 2513 2702 esse,
2550 2641 2844 2709 principem
2882 2657 3044 2695 suum
3095 2659 3216 2698 esse
3244 2644 3542 2714 Chaliphcn
3581 2648 3683 2699 hu-

2108 2728 2197 2795 jus
2227 2731 2435 2785 smculi.
2463 2730 2773 2787 Secundum
2803 2735 3133 2804 Chaliphen,
3170 2738 3454 2804 proximus
3470 2746 3553 2791 est
3578 2738 3671 2792 Se-

2112 2822 2282 2889 riphis
2315 2824 2484 2879 locus.
2528 2825 2618 2879 Sic
2641 2827 2783 2879 enim
2808 2837 2860 2881 et
2886 2827 3179 2894 Cedrinus,
3214 2843 3268 2884 et
3295 2829 3539 2884 Zonaras
3571 2839 3682 2883 ira-

2110 2915 2384 2977 diderunt,
2411 2915 2661 2986 Seriphis
2684 2935 2879 2973 nomen
2913 2924 3053 2989 apud
3105 2922 3524 2993 .‘lahttmctanus
3556 2938 3676 2978 cam

2111 3006 2661 3077 respectnChalipha‘.
2724 3009 2993 3064 rationem
3048 3015 3268 3075 habere,
3333 3030 3454 3082 qua:
3515 3014 3678 3070 fuerit

2109 3099 2248 3165 apud
2279 3098 2497 3154 Graecos
2530 3102 2659 3153 olim
2700 3104 2926 3172 syucelli
2979 3106 3042 3157 ad
3100 3106 3488 3173 patriarcham,
3551 3122 3675 3160 cum

435 3193 515 3246 vel
549 3194 799 3248 Chatta".
832 3190 963 3247 Nam
989 3194 1229 3249 Avarum
1266 3196 1379 3249 sim
1406 3195 1776 3250 Clmzarorum
1830 3200 2002 3267 patria
2027 3218 2075 3283 Ο
2112 3200 2326 3244 mortuo
2362 3193 2697 3257 patriarcha,
2740 3211 2857 3248 mox
2897 3196 2950 3249 in
2966 3197 3090 3264 ejus
3148 3198 3343 3252 snlium
3403 3199 3677 3269 syncellus

432 3286 808 3341 Chersonesus
829 3296 914 3341 est
938 3285 1193 3353 Taurica,
1228 3303 1346 3354 qu:e
1383 3287 1649 3357 hodieque
1678 3303 1810 3344 suos
1842 3279 2003 3345 habet

430 3378 721 3433 Chahanes
748 3396 765 3432 :
791 3376 1061 3434 Maximus
1086 3394 1215 3432 vero
1238 3378 1565 3434 Tatarorum
1587 3381 1832 3435 omnium
1860 3383 1997 3437 chan

433 3474 520 3525 cui
561 3472 797 3543 sul-jccti
831 3483 960 3526 sunt
992 3472 1211 3528 Chanes
1243 3474 1447 3535 ca'teri,
1482 3475 1684 3543 quique
1715 3474 2001 3530 Chitainus

431 3564 689 3632 appellari
714 3563 875 3625 solet,
894 3563 969 3615 uti
997 3566 1180 3617 statim
1206 3564 1403 3618 dicturi
1421 3552 1637 3623 sumus.
1664 3566 2000 3620 excellentia:

428 3671 620 3720 causa,
649 3671 755 3724 qua
782 3658 995 3709 cunctis
1025 3656 1147 3710 aliis
1200 3668 1440 3722 prtestat,
1481 3656 1581 3710 Ulu
1615 3658 1765 3711 Chan
1823 3659 2000 3711 nomi-

430 3758 610 3810 natur,
638 3750 737 3803 hoc
764 3756 868 3812 εει,
892 3763 1145 3817 magnus,
1171 3750 1250 3802 vel
1312 3750 1489 3817 potius
1524 3750 1775 3804 excelsus
1822 3750 1993 3804 Chau.

431 3841 583 3896 Unde
622 3844 846 3904 laetum,
880 3848 941 3895 ut
993 3841 1378 3910 Spanduginus
1413 3851 1466 3895 et
1517 3840 1705 3897 Jovins
1753 3844 1997 3898 Chanctn

429 3932 1287 4001 interpretenturimperatorem.
1325 3930 1537 3986 Turcici
1572 3948 1820 4003 Iquoque
1874 3932 1995 3988 Sul-

424 4026 535 4081 tani
562 4036 682 4095 post
704 4025 998 4080 Osmanem
1022 4023 1229 4089 Gasim,
1250 4025 1534 4080 setlbanes
1559 4026 1664 4080 dici
1685 4028 1993 4095 voluerunt,

427 4132 481 4172 ut
516 4136 577 4172 ex
602 4119 912 4191 genealogia
943 4127 1114 4187 paret,
1150 4118 1313 4187 idque
1343 4120 1575 4173 retinent
1600 4120 1649 4172 in
1674 4119 1991 4176 hodiernum

425 4223 598 4275 usque
626 4206 793 4261 diem.
827 4207 977 4262 Solet
1005 4208 1175 4273 enim,
1210 4224 1361 4262 more
1409 4208 1698 4276 majorum,
1756 4211 1994 4267 Muratcs

426 4301 525 4355 iste
556 4298 751 4352 tertius
768 4301 872 4352 hoc
898 4298 976 4353 uti
1004 4298 1325 4369 plerumque
1359 4300 1516 4354 titulo
1547 4318 1561 4356 :
1590 4300 1778 4355 Sultan
1816 4303 1990 4357 Mutat

418 4396 574 4454 dion,
605 4393 690 4445 bin
714 4391 895 4445 sultau
948 4390 1116 4446 Selim
1147 4392 1304 4455 chao,
1368 4392 1695 4461 elumzuferu
1753 4396 1931 4448 daima
1968 4413 1987 4459 ;

2106 3281 2489 3339 collocaretur.
2514 3283 2626 3340 Hoc
2652 3286 2739 3341 die
2773 3304 2899 3341 vero
2924 3299 3137 3351 notum,
3168 3298 3372 3358 quanto
3396 3292 3510 3344 sint
3530 3292 3674 3360 apud

2106 3371 2518 3428 Mahumelanos
2580 3377 2632 3430 in
2663 3377 2893 3442 honore,
2930 3379 3022 3448 qui
3087 3390 3229 3434 recta
3282 3381 3421 3436 linea
3486 3392 3592 3436 tam
3642 3400 3676 3436 a

2106 3468 2364 3532 propheta
2388 3466 2717 3533 Mahumetc,
2752 3487 2914 3540 quam
2941 3472 3008 3525 ab
3042 3474 3148 3538 Ali,
3211 3473 3535 3530 Mahumetis
3584 3494 3673 3545 ge-

2105 3570 2259 3616 nero.
2295 3557 2655 3624 descendunt,
2691 3571 2786 3614 aut
2814 3578 2872 3616 se
2927 3563 3133 3632 lingunt
3194 3566 3549 3624 descendere.
3606 3568 3670 3621 lli

2105 3648 2296 3705 Turcis
2336 3651 2661 3723 Tot-arisque
2694 3650 2865 3709 Seithi
2888 3658 3051 3725 vulgo
3082 3659 3363 3723 dicuntur,
3396 3660 3670 3717 Arabibus

2101 3749 2281 3795 autem
2317 3744 2601 3814 Seriphm:
2656 3763 2795 3814 quos
2826 3750 3061 3803 maxima
3121 3766 3256 3807 sane
3326 3757 3670 3817 veneratione

2101 3841 2261 3898 atque
2289 3833 2635 3895 observantia
2666 3852 2789 3888 eum
2850 3851 3271 3907 prosequantur,
3331 3846 3495 3898 etiam
3564 3847 3668 3915 ipsi

2100 3926 2302 3978 sultani
2341 3927 2697 3996 Seripharum
2733 3932 3097 3997 appellatione
3148 3936 3294 3989 velut
3325 3938 3668 4003 augustiores

2099 4032 2157 4070 se
2180 4019 2405 4073 reddere
2437 4021 2646 4073 volunt.
2684 4019 2762 4073 Ad
2799 4021 3128 4078 Tatarorutn
3168 4025 3414 4081 Chaucm
3470 4036 3529 4081 ut
3581 4046 3661 4082 re-

2100 4111 2280 4175 deam,
2318 4112 2605 4167 traditura
2664 4115 2939 4185 plerisque
2992 4120 3274 4183 omnibus,
3343 4120 3430 4175 hic
3484 4122 3667 4191 Zingis

2097 4198 2246 4255 Chau
2279 4204 2329 4256 in
2365 4204 2553 4271 primis
2581 4206 2847 4261 claruisse
2874 4223 3017 4262 anno
3043 4211 3353 4267 Christiano
3393 4215 3550 4279 1202,
3582 4217 3664 4270 vel

2098 4296 2255 4360 1205,
2284 4313 2391 4365 quo
2422 4308 2664 4366 tempore
2687 4300 2870 4354 'l'atari
2894 4302 3084 4371 jugunt
3121 4304 3401 4373 Indorum,
3432 4310 3535 4363 hoc
3562 4320 3663 4376 est,

2094 4386 2211 4452 ejus
2239 4389 2400 4454 regis,
2433 4403 2592 4457 quem
2634 4390 2701 4443 ab
2757 4392 3094 4460 aliquotjam
3151 4397 3367 4451 saeculis
3420 4399 3665 4467 Prcteja-

422 4483 524 4536 hoc
551 4490 653 4545 cst,
694 4482 947 4535 Dominus
982 4479 1226 4536 Murum
1250 4499 1358 4542 rex,
1394 4484 1600 4536 domini
1662 4483 1873 4538 Selimis
1909 4502 1991 4539 re-
2017 4477 2069 4536 Ι)
2098 4495 2223 4530 num
2254 4479 2368 4532 sive
2421 4482 2795 4547 presbyterum
2852 4480 3115 4538 Joannem
3188 4489 3349 4555 vulgo
3405 4505 3665 4545 vocamus

419 4575 496 4643 gis
519 4575 683 4641 ﬁlius,
707 4576 1016 4628 victoriosus
1048 4592 1270 4644 semper.
1307 4574 1518 4640 Quibus
1549 4577 1601 4628 in
1652 4579 1830 4631 verbis
1893 4579 1991 4633 ob-

417 4680 638 4719 servare
669 4666 790 4719 licet
817 4665 992 4719 obiter
1016 4666 1375 4719 imitationem
1420 4666 1730 4727 titulorum,
1788 4670 1989 4733 quibus

417 4760 777 4826 imperatores
813 4758 1009 4820 nostri,
1044 4766 1257 4812 veteres
1283 4767 1336 4811 et
1368 4766 1638 4826 recentes,
1701 4775 1899 4816 vocare
1932 4779 1990 4817 se

418 4848 659 4904 victores
685 4862 749 4903 ac
785 4849 1236 4916 triumphatores,
1303 4864 1635 4919 semperque
1685 4852 1985 4919 Augustos.

416 4952 835 4995 consueverunt.
875 4942 978 4997 Sed
1016 4942 1117 4997 hos
1153 4942 1340 4997 titulos
1376 4944 1500 4997 aliis
1563 4945 1837 5001 iuterdmn
1892 4949 1987 5001 ad-

410 5033 571 5102 jectis
613 5032 929 5087 nominibus
966 5044 1188 5103 augent,
1215 5034 1267 5087 in
1300 5034 1499 5103 quibus
1519 5045 1646 5088 sunt
1696 5036 1867 5101 Emir,
1920 5039 1987 5092 de

412 5141 522 5194 quo
551 5126 807 5194 superius
836 5125 1061 5189 dictum,
1093 5134 1146 5179 et
1172 5125 1333 5193 paulo
1367 5136 1492 5196 post
1513 5128 1725 5180 dicetur
1755 5144 1987 5183 numero

414 5219 504 5281 M,
534 5227 587 5273 et
614 5217 933 5281 Padiscach,
967 5220 1111 5288 quod
1149 5218 1334 5273 itidem
1384 5219 1711 5286 explicatum
1749 5235 1763 5272 :
1792 5230 1847 5274 et
1870 5219 1985 5272 Mn-

413 5312 792 5365 sulmanorum
814 5310 1142 5375 Padiscach,
1176 5327 1284 5382 quo
1318 5327 1489 5379 nuper
1554 5311 1796 5367 Murates
1850 5328 1985 5365 usus

411 5414 491 5457 r'st
519 5406 569 5456 in
600 5404 799 5459 litteris
828 5405 895 5459 ad
931 5408 1184 5459 ordinum
1246 5404 1400 5473 regni
1452 5404 1691 5457 Polonim
1740 5405 1982 5465 comitia,

411 5496 652 5549 creando
676 5512 824 5565 rege,
876 5496 1064 5550 missis
1131 5506 1229 5552 :et
1286 5496 1545 5549 Huncher
1605 5495 1686 5549 vel
1740 5494 1981 5557 llunkcr,

409 5585 557 5653 quod
586 5587 970 5655 Spanduginus
992 5587 1214 5655 scripsit
1244 5586 1603 5649 Condichiar,
1669 5584 1981 5638 Ludovicus

414 5682 687 5735 llassauus
712 5679 998 5733 Jadrensis
1026 5678 1358 5743 Chunchier,
1389 5694 1514 5732 cum
1570 5679 1760 5732 Italico
1822 5680 1985 5732 modo

413 5773 620 5828 rectius
646 5772 981 5841 exprimatur
1013 5771 1306 5840 llttttggiﬂt'.
1347 5772 1397 5822 id
1430 5772 1647 5841 proprie
1680 5773 1838 5826 titulo
1886 5789 1981 5824 nn.

2094 4580 2477 4624 excussernnt.
2516 4571 2581 4623 Et
2605 4581 2817 4627 exstant
2872 4575 3125 4644 pleraque
3159 4577 3225 4631 de
3292 4578 3376 4633 his
3434 4581 3596 4637 rebus
3635 4596 3663 4633 a

2098 4664 2385 4719 Vincentio
2412 4664 2750 4731 Belvacensi,
2783 4660 3033 4720 etlilarco
3059 4668 3229 4723 Paulo
3274 4669 3503 4735 Veneto,
3554 4690 3665 4727 me-

2095 4758 2279 4810 moria:
2316 4748 2553 4825 prodita,
2590 4758 2727 4811 lectu
2761 4774 2869 4813 non
2923 4760 3163 4829 indigna.
3201 4762 3413 4817 Chitaia
3477 4766 3659 4834 (quam

2095 4848 2277 4901 itidem
2334 4848 2574 4903 Joannes
2615 4850 2680 4904 dc
2740 4850 2901 4917 plano
2947 4850 3132 4921 Carpi,
3180 4853 3275 4920 qui
3330 4855 3465 4907 vixit
3514 4871 3662 4909 anno

2092 4939 2406 4993 Christiano
2444 4941 2602 5007 1243,
2631 4942 2840 5011 legatus
2871 4943 2936 4995 ad
2971 4943 3062 4996 illa
3092 4944 3205 4998 loca
3232 4944 3435 5000 missus
3464 4964 3491 4999 a
3525 4963 3659 5014 papa

2098 5031 2363 5095 ltuinano,
2390 5032 2575 5087 Kithai
2609 5034 2788 5100 vocat)
2836 5033 3070 5089 Laonico
3101 5036 3365 5102 Chataia;
3423 5038 3659 5092 Chitaini

2092 5120 2296 5187 'l‘atari,
2322 5126 2598 5181 Chatuidze
2640 5126 2915 5190 dicttntur,
2944 5136 2997 5181 et
3016 5144 3141 5183 vero
3170 5141 3253 5182 est
3280 5130 3484 5197 simile,
3511 5130 3661 5185 Clue-

2093 5227 2173 5271 tas
2214 5218 2507 5280 l‘tolema'i,
2544 5217 2872 5271 ethataeos
2919 5219 3129 5281 Ariani,
3177 5220 3279 5275 hos
3330 5221 3478 5289 ipsos
3542 5238 3663 5278 esse

2089 5308 2374 5362 Chitainos
2403 5310 2597 5363 horum
2641 5311 2953 5376 Annalium,
2984 5312 3068 5366 vel
3106 5312 3401 5368 Chataidas
3427 5314 3659 5369 Chalcoo

2092 5401 2359 5470 condylis,
2398 5404 2479 5455 vel
2512 5401 2673 5457 Marii
2730 5403 2875 5471 Nigri
2930 5402 3255 5458 Chatainos.
3323 5404 3658 5461 Chorasanis

2093 5492 2330 5560 regionis
2356 5507 2551 5545 nomen
2606 5507 2673 5547 nc
2726 5492 2885 5547 hodie
2935 5494 3150 5563 quidem
3193 5495 3489 5549 obscurum
3549 5507 3654 5559 est,

2089 5602 2153 5637 et
2190 5584 2584 5638 recentioribus
2641 5584 2883 5638 historiis
2920 5603 2931 5638 :
2966 5587 3195 5655 pupulas
3256 5590 3405 5656 ipsos
3466 5588 3654 5643 Jovius

2089 5679 2402 5731 Coi-ascitos
2431 5677 2545 5729 vult
2595 5676 2772 5731 dictos
2827 5678 3152 5745 antiquitus.
3208 5678 3436 5733 Cedreui
3492 5683 3653 5737 verba

2090 5780 2213 5823 ξυιιί
2252 5766 2633 5823 inlustiniano
2666 5770 3005 5825 libiuotmito
3046 5788 3057 5837 ;
3103 5771 3391 5841 subjugata
3421 5772 3524 5827 fuit
3588 5776 3653 5829 ab
