4048 6208
326 366 430 430 729

1480 379 1620 436 PAX
1637 380 1868 440 DECTE

1987 382 2095 441 ST.
2145 383 2444 446 'l‘UilCIC.
3473 394 3586 458 7Ρό

323 483 596 538 Arabibus
621 485 641 555 (
667 483 721 539 id
753 495 836 540 est
861 486 1174 558 Saracenis)
1210 489 1374 544 etiam
1413 491 1596 549 l‘crsis
1636 496 1887 558 interior,
1925 536 1970 590 Α
2003 497 2246 552 Alznlinis
2281 500 2573 556 habuerint
2601 519 2821 574 nomen,
2853 508 3178 562 Osmanidas
3226 522 3418 563 omnes
3458 511 3584 562 Ala-

319 591 440 646 qure
469 575 752 632 Chorosan
773 579 996 635 dicitur.
1026 581 1309 638 Cborasan
1330 585 1399 638 ab
1421 584 1625 640 Ortelio
1653 587 1890 643 Charas-

321 683 418 720 san
450 669 737 734 scribitur,
795 681 849 726 ct
913 671 1075 728 Belch
1143 673 1251 729 tam
1311 678 1462 739 urbs,
1525 695 1687 747 quam
1748 681 1896 747 regio

317 759 620 816 Chorasani
657 764 858 830 vicina,
887 759 1047 820 Balch
1103 768 1276 823 eidem
1330 782 1435 835 est,
1499 787 1693 827 versus
1737 774 1896 828 Tata-

318 860 453 912 riam
480 861 709 916 tendens
741 879 941 933 ;quam
975 869 1197 924 annales
1223 873 1390 925 nostri
1426 871 1652 927 Maeban
1679 884 1893 934 vocant,

320 951 442 1004 urbi
470 954 794 1023 regionique
816 960 1096 1012 communi
1151 963 1370 1016 nomine
1403 980 1417 1025 ;
1451 965 1591 1016 haud
1627 965 1740 1016 srio
1765 979 1892 1016 num

317 1045 506 1099 eadem
543 1048 761 1101 sitcum
807 1050 918 1115 illa,
950 1067 1071 1119 quze
1099 1051 1314 1107 Macran
1340 1056 1408 1107 ab
1437 1055 1646 1109 Ortelio
1669 1056 1892 1118 dicitur,

315 1153 511 1192 versus
549 1140 731 1193 sinum
788 1142 1089 1206 Persicum,
1159 1153 1210 1198 et
1277 1161 1428 1199 mare
1486 1147 1730 1200 llnbrnm
1767 1140 1899 1202 sita:

316 1229 556 1285 Tataros
592 1233 796 1297 scribo,
836 1250 941 1288 non
973 1233 1254 1303 Tartarus,
1296 1249 1407 1291 tum
1459 1240 1602 1305 quod
1631 1241 1701 1291 ita
1762 1237 1890 1288 dicti

314 1321 430 1372 sint
462 1337 490 1374 a
521 1319 722 1376 Tataro
744 1324 985 1389 flumine,
1028 1327 1188 1396 cujus
1235 1329 1438 1383 accola:
1506 1329 1748 1398 Sumogli
1812 1326 1893 1378 rel

315 1413 605 1483 Sumongli
644 1415 925 1481 dicuntur,
973 1419 1076 1472 hoc
1136 1428 1220 1472 est
1284 1419 1467 1490 llogli,
1523 1422 1607 1473 vel
1666 1419 1888 1487 Mongli,

314 1504 574 1560 Tatarive
598 1507 839 1575 aquatiei
870 1525 884 1573 ;
923 1519 1034 1561 tum
1063 1511 1224 1564 etiam
1269 1526 1333 1566 ex
1368 1513 1698 1566 auctoritate
1720 1512 1893 1565 Saxo-

315 1613 446 1650 num
479 1606 818 1663 nostrorum,
875 1600 1066 1669 eisque
1121 1601 1455 1666 vicinorum,
1521 1603 1612 1673 qui
1657 1603 1890 1658 Tataros

312 1690 610 1757 appellant,
629 1699 682 1743 et
706 1690 1019 1745 Grtecorum
1045 1690 1408 1762 quorumdam
1432 1695 1721 1761 librorum,
1751 1713 1890 1766 quos

313 1782 723 1849 manuscriptos
784 1781 1002 1854 babeo‘;
1051 1787 1104 1839 in
1151 1786 1351 1856 quibus
1415 1798 1499 1842 est
1545 1788 1749 1842 Praetor
1802 1789 1890 1844 ille

2001 589 2157 642 dines
2193 606 2438 654 vocatos.
2465 609 2562 648 ceu
2615 602 3261 677 cognotnentoquodam,
3298 601 3584 669 autdigni-

2003 683 2138 735 tatis
2171 686 2551 753 appellatione.
2587 689 2856 746 Similiter
2911 703 2961 746 et
2993 694 3134 748 alius
3191 705 3354 748 restat
3423 711 3582 751 scru-

1996 775 2162 842 pulus
2191 776 2256 826 de
2285 794 2373 842 eo,
2403 781 2548 849 quod
2589 782 2764 846 addit,
2809 784 2978 837 videri
3010 785 3302 853 quemdam
3358 801 3421 838 ex
3456 787 3581 840 Gia-

1999 869 2418 926 zadinisliberis
2443 873 2727 928 Alazliuem
2762 877 3056 940 nOminari,
3089 877 3182 944 qui
3240 877 3582 931 Cbalcocon-

1998 961 2133 1031 dyluc
2171 963 2239 1016 sit
2277 963 2628 1020 Gcrmianus.
2675 965 2783 1021 Nos
2806 967 2868 1020 de
2896 967 3047 1036 begis
3101 968 3417 1022 Germianis
3478 985 3578 1022 suo

2000 1053 2118 1105 loco
2144 1053 2360 1131 dicturi
2387 1071 2598 1112 smnus.
2636 1057 2840 1111 Ibidem
2897 1059 3170 1114 Sirastain
3222 1063 3574 1131 srripsimus,

1994 1160 2117 1210 qua:
2150 1150 2308 1214 vulgo
2354 1130 2541 1213 Siras,
2599 1151 2755 1219 quasi
2829 1152 3030 1216 Sivast,
3116 1153 3246 1208 urbs
3301 1154 3577 1208 Armenia:

1996 1237 2285 1304 (minorem
2329 1239 2599 1310 intelligo)
2631 1247 2928 1299 secundum
2961 1247 3407 1301 constitutionem
3437 1246 3574 1300 Leo-

1997 1331 2082 1382 nis
2112 1330 2345 1399 Augusti
2377 1332 2445 1386 de
2486 1333 2679 1387 ordine
2729 1338 3080 1398 thronorum,
3136 1341 3231 1407 qui
3294 1337 3570 1391 Constan-

1996 1421 2363 1490 tinopolitano
2393 1425 2718 1492 patriarchze
2738 1427 2973 1494 subjecti
3003 1438 3154 1493 sunt,
3185 1445 3348 1497 quam
3374 1445 3572 1480 manu-

1992 1511 2253 1580 scriptam
2290 1515 2578 1572 habemus.
2638 1517 2696 1571 ln
2750 1520 2848 1571 hac
2911 1517 3160 1574 Sebastia
3218 1530 3469 1581 voratur,
3519 1528 3574 1572 ct

1991 1603 2298 1659 Camacbus
2329 1606 2378 1660 ei
2415 1606 2593 1660 vicina
2633 1610 2916 1669 statuitur.
2952 1627 3115 1679 quam
3143 1611 3281 1665 idem
3308 1610 3417 1664 Leo
3439 1609 3568 1663 facit

1991 1692 2524 1762 archiepisc0patum
2565 1695 2678 1749 sive
2707 1698 3055 1765 metropolim
3109 1697 3399 1751 Armeniae.
3460 1694 3568 1748 Ke-

1991 1783 2148 1838 mach
2178 1784 2340 1838 hodie
2365 1786 2700 1847 nominatur.
2727 1788 2889 1841 etiam
2911 1788 3162 1843 Turcicis
3189 1791 3242 1842 in
3276 1788 3567 1841 annalibus

310 1871 536 1927 Cra-cit
572 1884 781 1940 noster,
818 1883 874 1932 et
901 1877 1218 1947 Pulologus,
1279 1879 1374 1949 qui
1416 1880 1618 1950 ubique
1659 1879 1891 1938 Tataros
1921 1875 1964 1934 Β
1994 1892 2255 1944 expressa
2292 1892 2442 1931 voce.
2473 1878 2626 1946 Apud
2655 1878 2955 1933 Laonicum
2985 1879 3038 1932 in
3064 1880 3302 1948 Bajazite
3351 1878 3568 1948 La-lape

311 1975 530 2020 vocant.
562 1966 726 2038 400
753 1969 904 2024 Adde
938 1970 1311 2025 testimonium
1361 1973 1564 2028 veteris
1620 1973 1890 2044 epigram-

310 2060 492 2119 matis,
530 2070 656 2114 ante
681 2070 954 2116 trecentos
994 2077 1169 2118 annos
1192 2061 1454 2118 Ottocaro
1481 2065 1594 2133 regi
1617 2065 1888 2118 Bohemizn

309 2152 470 2218 positi
505 2168 521 2214 ;
555 2154 646 2220 qui
682 2169 710 2206 a
758 2152 1054 2223 Rudnlpbo
1130 2155 1459 2224 imperatore
1521 2171 1699 2211 cmsus
1747 2157 1888 2210 inter

306 2244 605 2299 atniliarcs
639 2245 870 2300 Tataros
900 2245 1177 2301 Comanos
1207 2251 1312 2304 hoc
1335 2248 1698 2318 epitaphium,
1769 2265 1888 2302 ver-

305 2337 460 2392 sibus
494 2336 694 2392 lactum
733 2337 1012 2398 Lconinis.
1040 2340 1373 2408 proillorum
1402 2357 1553 2396 more
1583 2352 1884 2410 temp-vrum
1924 2386 1930 2392 .

307 2426 519 2489 habuit,
567 2437 839 2496 repertum
868 2430 921 2481 in
947 2429 1084 2483 libro
1113 2431 1402 2484 Annalium
1427 2431 1846 2485 Austriacorum
1865 2473 1879 2496 ,

306 2521 888 2589 tnannscripto,quem
945 2523 1268 2591 magnificus
1311 2524 1568 2578 dominus
1617 2524 1884 2594 llierony-

307 2611 588 2665 tunsBet-k
622 2611 1076 2682 aLeopoldsdot-f
1123 2617 1386 2668 utendum
1449 2615 1581 2668 mihi
1637 2630 1734 2682 pro
1783 2630 1882 2668 sua

307 2707 644 2761 humanitate
671 2709 991 2763 COttcessit:

377 2821 427 2893 ρ
448 2840 538 2875 rex
567 2827 809 2876 Ottorare
842 2824 1104 2893 quondam
1129 2826 1374 2889 pugnasti
1407 2827 1635 2878 honeste.

375 2890 534 2946 Nunc
570 2902 677 2946 stas
707 2896 759 2946 in
791 2890 979 2963 parmis
1003 2895 1238 2962 depictus
1279 2913 1398 2947 cum
1434 2893 1737 2948 Tateram's.

584 3011 639 3070 4.
678 3006 752 3060 De
790 3007 916 3060 urbe
949 3006 1178 3077 Bagdat,
1201 3008 1308 3062 sive
1330 3007 1599 3078 Bagadnt.

376 3119 571 3174 Urbem
601 3119 917 3191 Bagadatim
944 3122 1128 3192 accipe
1167 3125 1232 3176 de
1257 3123 1521 3178 hodierna
1595 3123 1878 3187 Babylone

1991 1969 2198 2022 lamaca
2229 1969 2424 2023 vitiose
2453 1969 2673 2038 legitur.
2707 1971 2838 2023 V-idc
2864 1979 3048 2025 notata
3091 1973 3349 2040 deinceps
3375 1972 3553 2032 capite

1987 2059 2112 2115 9.0L
2160 2060 2338 2114 Libuit
2375 2071 2553 2114 autem
2584 2063 2701 2116 htee
2734 2079 2856 2116 eam
2909 2063 2979 2115 ob
3005 2080 3226 2130 causam
3292 2064 3560 2126 indicare,

1989 2149 2131 2216 quod
2175 2149 2414 2204 Ortelius
2446 2153 2648 2216 varias,
2675 2159 2881 2208 etinter
2907 2172 2964 2208 se
2990 2155 3326 2208 diSsidentes
3355 2155 3569 2224 opinio-

1988 2258 2085 2296 ne»;
2116 2243 2181 2296 de
2213 2243 2461 2299 SebaStia
2502 2245 2747 2313 proferat
2783 2247 2946 2301 :aliis
2979 2263 3098 2300 eam
3139 2263 3243 2300 non
3280 2248 3470 2317 procul.
3494 2249 3562 2301 ab

1989 2335 2265 2404 Euphrate
2289 2338 2679 2402 statuentibus,
2711 2339 2832 2390 aliis
2885 2339 2937 2392 in
2958 2339 3198 2392 Cilicia:
3255 2355 3378 2391 eum
3444 2341 3552 2391 Ar-

1987 2427 2177 2480 menia:
2211 2427 2281 2480 sit
2313 2427 2426 2489 illa,
2451 2444 2572 2498 qure
2599 2427 2756 2482 Siras
2814 2431 3145 2499 appellatur,
3180 2429 3377 2484 Turcis
3407 2429 3564 2484 Siras

1985 2517 2234 2582 scbchcr,
2261 2519 2366 2572 hoc
2397 2529 2478 2574 est
2511 2521 2611 2574 ubs
2648 2519 2884 2574 Sirastc.

1984 2632 2036 2686 6.
2064 2632 2312 2703 Erainga,
2339 2633 2598 2689 Romania
2617 2636 2874 2702 Asiatica,
2897 2639 3132 2705 Amasia,
3154 2641 3348 2706 Clmlrp
3368 2640 3557 2710 Syrian

2057 2749 2331 2818 Ertzinga,
2372 2750 2530 2818 cujus
2556 2751 2643 2806 hic
2679 2754 2884 2806 mentio
2920 2755 3007 2815 lit,
3042 2765 3097 2808 et
3128 2770 3250 2822 quze
3283 2752 3548 2807 Erzinzan

1985 2856 2201 2910 quoque
2224 2843 2506 2905 scribitur,
2535 2845 2666 2898 urbs
2690 2856 2771 2899 est
2802 2846 3092 2906 Armeniae.
3131 2846 3291 2912 cujus
3343 2862 3545 2899 nomen

1983 2934 2034 2985 in
2069 2935 2214 2988 edito
2240 2934 2479 2990 Laonico
2504 2936 2718 2991 diverse
2772 2937 2991 3007 legitur,
3053 2948 3108 2992 et
3169 2940 3235 2993 ad
3310 2939 3549 2992 vicinam

1981 3026 2251 3078 Armenia:
2278 3026 2680 3096 Cappadociam
2731 3028 2991 3092 refertur,
3051 3030 3213 3084 modo
3270 3031 3556 3100 Artzinga,

1984 3117 2149 3199 modo
2177 3118 2520 3189 Artzinganis
2559 3119 2710 3173 urbs.
2771 3121 3063 3192 Arzingam
3127 3132 3286 3175 vocat
3347 3123 3559 3192 Aytho-

299 3223 529 3284 propter
548 3214 742 3284 prisca:
763 3215 1066 3285 Babylonis
1086 3216 1276 3269 ruinas
1309 3231 1337 3268 a
1364 3217 1598 3271 sultanis
1642 3217 1876 3284 caliphis
1901 3226 1946 3287 ρ
1982 3227 2107 3264 nus.
2137 3211 2427 3281 Reperilur
2484 3213 2638 3280 apud.
2683 3212 2986 3267 Laonicum
3042 3223 3095 3268 et
3127 3215 3363 3276 Ertzica,
3411 3215 3557 3269 sicut

299 3315 603 3361 exstructa.
630 3306 856 3361 Zonaras
884 3306 1091 3377 Bagdas
1140 3321 1339 3375 genere
1367 3309 1616 3363 masculo
1651 3309 1869 3362 dicitur.

298 3396 575 3452 Laonicus
610 3381 886 3467 Pogdatim
929 3387 1113 3464 vocat,
1134 3407 1188 3451 et
1215 3397 1571 3466 Pogdatinam
1630 3398 1711 3450 vel
1741 3397 1879 3467 Pag-

299 3490 543 3543 datinam
599 3489 928 3557 Babylonem
969 3491 1156 3558 :apud
1218 3505 1382 3558 quem
1443 3499 1567 3543 nota
1622 3500 1876 3558 corrupte

300 3581 565 3648 scriptum
601 3580 703 3634 hoc
733 3581 986 3634 ultimum
1049 3581 1101 3632 in
1129 3579 1338 3635 Latinis
1389 3580 1575 3644 editis,
1625 3580 1877 3645 Padagti-

297 3687 428 3725 nam
461 3671 1119 3742 Babylonem.Pntrarcha
1150 3674 1266 3727 suis
1301 3673 1352 3727 in
1400 3673 1741 3750 poematibus
1773 3672 1876 3726 Ita—

299 3764 423 3817 Iicis
452 3763 772 3818 Bablaccum
807 3765 1074 3819 nominat.

415 3877 474 3932 5.
497 3877 573 3930 De
605 3877 856 3940 Aloi/ine,
889 3878 1128 3946 Selgnre.
1168 3878 1552 3948 Tangrolipt'ce,
1584 3879 1761 3934 Sivas.

368 3990 616 4044 Aladinis
639 3991 795 4060 origo
817 4006 844 4042 a
863 3989 1058 4043 Turcis
1080 3979 1312 4063 refertur
1341 3981 1417 4044 ad.
1439 3987 1750 4058 Selgucent,
1775 3990 1868 4057 qui

291 4081 787 4157 GulielmoTyrio,
827 4081 1060 4135 fortasse
1089 4082 1296 4136 librarii
1329 4084 1485 4151 culpa
1513 4083 1726 4146 vitiose,
1751 4083 1872 4136 Sul-

293 4176 435 4228 duch
477 4173 699 4227 dicitur.
725 4171 880 4228 llunc
916 4157 1268 4240 Reineccius,
1292 4175 1377 4227 vir
1412 4175 1784 4232 doctissimus.
1817 4188 1870 4228 et

291 4261 750 4331 diligentissimus
775 4265 826 4314 in
848 4261 1190 4330 explicandis
1217 4263 1551 4332 genealogiis
1570 4264 1866 4326 historicis,

295 4359 450 4418 putat
479 4351 730 4404 eumdem
790 4366 913 4404 esse
947 4367 1071 4404 cum
1111 4349 1493 4421 Tangrolipice
1535 4351 1865 4423 (Tragolipix

293 4457 402 4492 non
445 4443 590 4494 recte
609 4440 890 4508 scribitur)
920 4442 1615 4497 Cra‘carnmltismriarum
1652 4461 1665 4497 :
1721 4447 1865 4513 quod

289 4545 424 4583 Vero
457 4546 563 4582 non
594 4530 866 4594 absimile,
895 4548 1018 4584 cum
1049 4530 1406 4600 Tangrolipix
1439 4545 1862 4600 cognomentum

290 4619 568 4687 quoddam
592 4635 717 4673 esse
771 4621 1041 4684 videatur,
1069 4634 1098 4672 a
1138 4619 1340 4690 Tangri
1375 4621 1690 4683 deductum,
1719 4623 1864 4688 quod

290 4701 490 4766 Turcis
530 4711 696 4765 Deum
731 4713 1032 4779 significat,
1058 4712 1271 4780 adjecta
1327 4727 1482 4777 voce,
1514 4729 1678 4782 quam
1713 4715 1869 4783 equi-

287 4803 414 4856 dem
438 4803 686 4857 divinare
727 4817 832 4856 non
867 4817 1112 4869 possum.
1146 4801 1356 4857 Fratris
1413 4805 1536 4873 ejus
1594 4805 1738 4859 filius
1813 4805 1866 4857 in

286 4896 525 4952 Cedrino
565 4909 685 4949 meo
715 4891 1122 4963 manuscripto,
1147 4911 1258 4963 quo
1288 4897 1408 4962 ejus
1456 4897 1702 4950 auctoris
1756 4911 1864 4950 non

286 4987 437 5038 edita
469 4985 771 5054 fragmenta
801 4995 1061 5053 quatuor,
1081 5000 1204 5037 cum
1237 4987 1444 5054 aliquot
1469 4986 1863 5053 imperatorum
1941 4996 1954 5008 ‘

289 5078 418 5131 vilis
445 5078 706 5131 hactenus
736 5077 1065 5132 desideratis
1117 5079 1492 5154 continentur,
1563 5092 1670 5130 non
1727 5077 1864 5130 Cut-

288 5171 494 5252 lutpus,
528 5169 621 5222 sed
651 5168 1006 5223 Cutlumuses
1056 5179 1285 5222 vocatur
1328 5185 1342 5222 :
1386 5169 1529 5238 quod
1591 5168 1867 5236 significat

289 5257 522 5318 Musetn.
546 5258 659 5312 sive
700 5259 901 5314 Mosem
932 5259 1266 5312 fortunatum
1303 5275 1365 5312 ac
1395 5259 1634 5313 felicem.
1667 5259 1860 5312 Aladin

289 5351 369 5401 vel
399 5349 586 5403 Aledin
616 5350 894 5418 signiticat
937 5351 1206 5407 divinum.
1236 5347 1558 5406 Reinimcius
1587 5351 1867 5406 existimat

285 5457 411 5496 esse
436 5457 729 5497 commune
754 5458 957 5497 nomen
981 5443 1240 5497 omnibus
1267 5443 1481 5496 Turciae
1509 5444 1590 5496 vel
1619 5443 1864 5497 [couinn-

288 5535 443 5586 sfbus
471 5534 854 5595 sultanis,ceu
920 5544 1370 5604 cognomentum,
1428 5535 1511 5587 vel
1579 5535 1863 5603 dignitatis

287 5624 732 5693 appellationem,
770 5627 912 5693 quod
939 5625 1190 5694 equidem
1223 5625 1454 5694 probare
1489 5639 1594 5678 non
1636 5639 1862 5694 possum

291 5716 516 5781 perinde
541 5731 607 5769 ac
658 5717 841 5772 dicere
885 5734 995 5771 non
1051 5733 1280 5787 possum
1339 5727 1648 5786 propterea,
1705 5718 1857 5786 quod

291 5807 470 5872 plures
502 5805 648 5861 inter
669 5807 1019 5874 Osmanidas,
1061 5811 1202 5864 velut
1230 5819 1275 5865 e‘
1316 5809 1624 5880 genealogia
1691 5816 1857 5879 patet.

1984 3302 2124 3370 apud
2153 3301 2390 3356 Leonem
2422 3303 2725 3371 Augustum
2762 3303 2813 3355 in
2875 3305 3062 3357 eadem
3091 3305 3345 3356 Armenia
3397 3306 3557 3372 poni-

1987 3404 2073 3448 tur
2101 3395 2337 3460 Artzice,
2402 3397 2504 3450 sub
2537 3396 2828 3464 metropoli
2892 3396 3162 3450 Keltzina.
3230 3395 3553 3449 Retnaniam

1983 3501 2130 3546 vero.
2162 3502 2268 3540 non
2293 3503 2392 3556 pro
2422 3487 2686 3556 Europam
2709 3487 2940 3551 Graecia,
2973 3489 3026 3541 in
3058 3489 3160 3543 hoc
3186 3488 3402 3556 quidem
3431 3487 3553 3540 loco

1981 3579 2240 3646 accipies,
2301 3579 2396 3633 sed
2427 3594 2524 3648 pro
2551 3577 2928 3634 Romanorum
2962 3580 3069 3650 (sic
3101 3580 3276 3634 Graeci
3315 3596 3373 3634 se
3397 3580 3549 3632 vole-

1983 3672 2112 3724 bant
2143 3671 2349 3740 vocari)
2404 3672 2700 3739 provinciis
2751 3671 3032 3735 Asiaticis,
3091 3687 3196 3742 qua
3252 3673 3412 3726 etiam
3468 3684 3554 3725 re-

1979 3763 2254 3817 centiores
2283 3763 2532 3818 historici
2563 3763 2735 3818 Graeci
2768 3763 3048 3818 Romaniae
3072 3763 3338 3818 vocabulo
3395 3778 3550 3816 com-

1980 3857 2117 3923 plexi
2156 3864 2305 3910 sunt.
2360 3857 2580 3910 Amasia
2626 3873 2821 3912 nomen
2859 3858 3128 3924 hodieque
3164 3856 3381 3918 retinet,
3419 3855 3550 3909 urbs

1977 3946 2336 4014 Cappadocia:
2376 3967 2392 4001 :
2434 3948 2558 4002 licet
2589 3950 2643 4001 in
2674 3951 3072 4003 constitutione
3106 3947 3301 4000 Leonis
3373 3946 3545 4013 impc-

1981 4035 2202 4099 ratoris,
2237 4052 2398 4100 quam
2431 4037 2693 4101 diximus,
2723 4039 2787 4091 ad
2818 4037 3174 4104 Helenoponti
3202 4036 3538 4104 provinciam

1977 4129 2043 4180 de
2076 4142 2181 4195 qua
2234 4128 2286 4180 in
2340 4127 2635 4180 Justiniani
2699 4128 2927 4196 Augusti
3005 4127 3234 4201 novellis
3288 4127 3548 4196 pleraque

1977 4218 2276 4271 constituta
2309 4219 2579 4284 leguntur,
2613 4217 2762 4270 velut
2790 4218 2907 4285 ejus
2973 4217 3289 4285 metropolis
3339 4219 3547 4272 refota~

1979 4319 2085 4371 tur,
2111 4312 2211 4362 sub
2239 4325 2345 4378 qua
2377 4321 2572 4377 prater
2595 4309 3116 4377 aliast-piscoliatus,
3145 4312 3308 4363 etiam
3339 4309 3542 4379 Sinope

1976 4411 2308 4458 reccnselur.
2337 4403 2629 4470 Claalepum
2650 4402 2816 4470 Syriae
2832 4401 3174 4454 notissimam
3211 4416 3356 4454 nunc
3383 4401 3545 4453 etiam

1976 4495 2189 4554 urbem,
2221 4505 2273 4547 ct
2304 4493 2542 4547 Orientis
2579 4493 2890 4560 emporium
2926 4491 3368 4554 celeberrimum,
3400 4492 3540 4543 male

1899 4578 1946 4633 1)
1973 4586 2423 4655 Chalcocondylis
2457 4587 2727 4653 interpres
2767 4599 2891 4638 cum
2921 4584 3175 4638 chfrzeo
3233 4583 3362 4637 facit
3413 4583 3544 4651 Epi-

1973 4676 2249 4744 phaniam,
2292 4674 2946 4743 BclloniusHierapolim,
3015 4675 3305 4728 Seidlizius
3359 4675 3564 4754 Antio-‘

1970 4769 2148 4824 cbiam
2204 4783 2454 4834 magnam
2513 4765 2567 4818 in
2632 4765 2964 4835 Comagena,
3015 4766 3187 4834 magis
3244 4765 3538 4832 imperite:

1969 4875 2092 4914 cum
2135 4856 2396 4918 Zonaras,
2423 4856 2715 4920 Cedrinus,
2751 4855 2986 4922 Nicetas,
3043 4871 3304 4925 expresse
3333 4856 3538 4923 Chalcp

1967 4950 2167 5002 dictam
2199 4947 2326 4999 olim
2385 4946 2597 4997 tradant
2631 4943 2969 4997 Betrrhmsun.
3016 4941 3215 5012 llalcpo
3236 4943 3348 5011 jam
3377 4941 3538 5008 vulgo

1968 5039 2193 5092 dicitur.
2227 5035 2474 5089 liidicula
2499 5031 2729 5088 Geufraai
2758 5033 2927 5095 notio,
2954 5033 3046 5101 qui
3075 5033 3244 5101 Aleph
3285 5031 3401 5083 vult
3451 5030 3538 5082 di-

1968 5139 2130 5192 ctam,
2164 5138 2218 5181 et
2251 5143 2281 5180 a
2317 5127 2489 5195 prima
2538 5125 2891 5180 llebrarorum
2921 5126 3102 5178 littera
3133 5123 3367 5185 derivat,
3393 5120 3537 5189 quod

1967 5220 2140 5290 prima
2169 5220 2341 5287 Spriae
2384 5219 2578 5273 civitas
2607 5219 2677 5274 sit
2705 5259 2721 5284 ,
2752 5233 2878 5272 cum
2933 5215 3202 5283 hodieque
3249 5213 3546 5267 Damascus

1966 5328 2085 5366 eam
2119 5312 2278 5380 longe
2311 5325 2441 5376 supc
2450 5320 2549 5364 ret.

2195 5421 2248 5476 7.
2286 5415 2532 5490 Mapalia
2564 5420 2852 5474 Turcorum
2880 5430 2928 5472 et
2963 5418 3312 5471 Tatarorum.

2038 5539 2257 5606 Quando
2293 5537 2596 5605 mapalibus
2645 5533 2916 5586 Ertuculis
2978 5508 3254 5595 dicuntur,
3311 5531 3536 5600 intelligi

1969 5629 2256 5686 commode
2290 5635 2546 5697 poterunt
2595 5641 2658 5680 ex
2709 5626 2856 5680 hisce
2908 5623 3076 5678 Marci
3127 5622 3276 5676 Pauli
3344 5621 3538 5677 Veneti

1969 5724 2174 5784 verbis,
2216 5721 2473 5775 aediculas
2514 5719 2866 5781 Tatarorum,
2915 5720 3031 5773 sive
3069 5716 3295 5786 mapalia
3359 5716 3539 5784 potius

1949 5815 2347 5880 describentis,
2383 5811 2622 5881 antiquis
2687 5811 2834 5867 hisce
2894 5810 3143 5866 Turcicis
3207 5807 3535 5866 simillima:
