4048 6208
532 366 640 426 73.1.

538 471 924 531 Duinuucn‘las,
957 468 1151 536 inquit.
1183 467 1378 522 habent
1434 469 1487 522 in
1519 468 1738 522 modum
1773 468 2094 521 tabernacu-
2131 470 2170 522 A
2203 462 2352 515 modi
2388 479 2401 516 :

536 566 730 624 lorum.
765 561 922 633 401
952 561 1094 614 tiltro
1131 568 1435 626 coopertus,
1462 575 1600 629 quas
1627 575 1812 615 secum
1851 558 2104 613 delerunt

535 668 867 722 quocunque-
899 651 1149 719 migrant.
1187 647 1470 705 Laouicus
1497 651 1733 706 tentoria
1787 651 1987 719 pilcata
2024 648 2106 702 di-

536 757 672 796 cere.
691 741 923 800 videtur,
944 739 1142 808 quibus
1165 749 1396 794 utantur
1425 750 1670 807 pastores
1707 741 1847 809 apud
1871 737 2101 794 Turcos.

571 853 624 906 8.
669 849 919 903 Bouiania
948 851 1160 915 duplex,
1202 850 1466 916 Anatolio,
1505 849 1766 916 Ruiuelia,
1794 849 2049 906 Rumile’r.

603 962 737 1017 Cum
780 962 1040 1017 Aladines
1074 977 1370 1028 occupasse
1400 965 1710 1030 complures
1763 963 2100 1017 iullomania

537 1054 848 1124 puwiucias
879 1065 1154 1118 narratur,
1179 1055 1366 1124 accipe
1425 1055 1741 1108 Romaniam
1800 1055 2098 1109 Asiaticam

536 1144 618 1198 vel
642 1143 976 1199 Auatolicam
1001 1183 1015 1206 ,
1055 1144 1341 1210 Romanis,
1394 1145 1499 1198 hoc
1522 1155 1627 1206 est,
1649 1145 1851 1200 Grazcis
1873 1147 2098 1212 impera‘

538 1235 744 1288 toribus
768 1244 893 1289 ante
927 1236 1019 1288 illa
1054 1247 1297 1304 tempora
1343 1236 1639 1300 subiectam
1672 1275 1686 1298 ,
1748 1237 2102 1303 quemadmo-

536 1326 663 1378 dum
695 1326 855 1392 paulo
891 1335 1017 1380 ante
1048 1327 1384 1381 notavimus.
1432 1326 1565 1380 Nam
1593 1327 1794 1395 alioqui
1851 1339 2038 1382 uotum
2071 1343 2098 1378 a

537 1419 728 1473 Turcis
751 1418 1077 1482 Anatolium;
1105 1435 1210 1488 qua
1239 1419 1417 1474 minor
1444 1420 1567 1480 Asia
1595 1421 2098 1486 comprebemlitur,

536 1525 566 1561 a
593 1508 842 1563 Runtelia
870 1510 1158 1577 distingui,
1233 1520 1287 1565 et
1325 1512 1654 1571 Rumeliam,
1683 1512 1792 1566 sive
1825 1507 1964 1566 Eum
2023 1512 2099 1565 vi-

539 1598 697 1666 laget,
735 1601 950 1668 proprie
983 1600 1365 1655 diciGraeciam
1395 1600 1733 1668 Europaaam,
1762 1601 1842 1654 vel
1875 1600 2096 1656 verbum

536 1689 703 1743 verbo
733 1693 776 1743 si
820 1691 1039 1754 reddas,
1078 1691 1300 1746 Graecia:
1350 1691 1625 1759 regionem
1658 1709 1671 1746 :
1699 1707 1822 1746 cum
1864 1691 2038 1747 Graeci
2068 1711 2096 1746 a

537 1872 900 1940 appellentur.
936 1873 1214 1930 Urmnilar
1265 1890 1293 1928 a
1324 1878 1500 1943 vulgo.
1537 1873 1741 1929 Rumes
1795 1873 2004 1930 Garziae
2032 1876 2099 1928 ab

536 1961 688 2028 Orta,
721 1964 881 2034 cujus
903 1965 1099 2033 interp.
1126 1967 1260 2020 clar.
1288 1976 1339 2019 et
1370 1976 1484 2034 opt.
1511 1967 1653 2027 viro,
1690 1967 1895 2020 Karqu
1915 1967 2100 2021 Clusio

538 2067 726 2113 nostro
758 2057 1045 2117 debemus.
1081 2059 1324 2126 Thraces
1359 2070 1520 2123 sunt,
1575 2059 1701 2111 dum
1737 2068 1944 2126 partem
2003 2074 2100 2127 pro

537 2153 656 2199 toto
693 2147 882 2200 sumit.
925 2148 1136 2216 Quippe
1163 2148 1415 2203 universa
1451 2146 1713 2219 Europzea
1743 2147 1976 2212 Grateia,
2001 2163 2099 2204 ceu

537 2237 795 2302 diximus,
825 2238 1089 2292 Romania
1115 2251 1348 2293 vocatur
1375 2259 1388 2294 :
1423 2240 1582 2308 cujus
1606 2249 1660 2294 et
1718 2249 1905 2310 partes
1955 2241 2098 2307 duae,

539 2329 770 2383 Thracia
801 2330 1028 2392 scilicet,
1061 2330 1374 2400 Argivaque
1413 2332 1586 2403 regio,
1613 2333 1773 2401 cujus
1820 2332 1950 2386 urbs
1976 2347 2098 2385 mu-

537 2418 806 2474 nitissima
845 2419 1034 2488 Napoli
1072 2420 1124 2474 di
1155 2420 1418 2474 Romuuia
1445 2422 1666 2489 dicitur,
1690 2421 1970 2476 Romanis:
2007 2436 2102 2476 no-

537 2523 658 2560 men
691 2510 956 2564 obtinent.

537 2621 591 2675 9.
637 2621 933 2690 Tant-heri,
981 2625 1232 2698 Tungori,
1276 2625 1537 2681 Tunc/rari
1570 2625 1886 2681 Tatarorum
1935 2625 2100 2679 natio.

607 2738 812 2791 Nomen
848 2739 1105 2802 nationis,
1165 2755 1285 2806 qnze
1357 2740 1552 2792 bellum
1621 2737 1831 2791 Aladiui
1893 2737 2101 2801 fecerit,

538 2828 778 2882 Annales
811 2828 864 2882 hi
897 2844 1004 2882 non
1036 2830 1350 2896 exprimunt
1383 2831 1512 2884 :sed
1537 2846 1602 2884 cx
1627 2829 1860 2885 Prmtore
1883 2829 2105 2884 Grmciaz

539 2928 728 2972 nostro
773 2927 952 2987 paret,
1004 2918 1911 2990 sultauislconicnsibusperpetua
1935 2921 2103 2977 fuisse

537 3024 663 3063 cum
727 3009 795 3066 iis
854 3009 1068 3065 Tataris
1092 3008 1249 3076 bella,
1278 3028 1416 3080 quos
1448 3013 1565 3081 ipse
1581 3011 1900 3068 Tancharos
1925 3023 2102 3078 vocat,

1753 357 1880 416 J‘OA
1893 357 1935 415 Ν
1951 357 1990 413 Ν
2008 354 2073 412 IS
2111 353 2154 411 I'.
2168 352 2259 411 EU
2273 350 2408 412 XCI.
2422 351 2584 412 Αντι-

2439 463 2647 520 Κτίσας
2675 459 2732 512 δὲ
2768 459 2974 520 πόλεις,
3012 458 3142 525 μίαν
3189 454 3252 506 ἓν
3294 451 3367 519 τῷ
3421 451 3613 520 Πὸντῳ,
3661 453 3745 506 καὶ

2207 554 2377 620 ἄλλην
2407 555 2464 606 ἐν
2491 555 2557 622 τῇ
2607 551 2862 622 ’Δραϐιᾳη
2899 551 2994 602 καὶ
3025 547 3218 611 ἑτέραν
3246 549 3302 600 ὲν
3336 546 3506 614 Συρίᾳ
3529 561 3746 600 καταπει-

2208 645 2408 698 σοῦσαν
2443 642 2550 696 ὑπὸ
2578 642 2898 711 θεομηνίας.
2937 640 3162 710 ὀνόματι
3195 639 3529 708 Σαλαμίνην,
3558 640 3746 707 dveni-

2209 749 2339 804 ρας·
2374 735 2596 787 ἐκάλεσε
2622 733 2719 803 τὴν
2747 734 2863 803 μὲν,
2899 729 3206 802 Ἅγκυρὰν,
3237 729 3327 783 διὰ
3367 729 3426 784 τδ
3464 728 3632 797 μέσην
3659 729 3748 782 αὑ-

2205 826 2304 892 τὴν
2334 819 2475 878 εἶναι
2509 825 2619 878 τῶν
2647 826 2741 878 δύο
2784 824 3090 887 θαλασσῶν,
3123 822 3223 890 τῆς
3254 839 3314 873 τε
3345 819 3611 884 Ποντικῆς
3662 821 3744 871 καὶ

2202 916 2302 984 τῆς
2338 915 2594 983 ’Δσιανῆς
2619 930 2634 946 '
2667 916 2766 986 τὴν
2793 915 2872 978 δὲ,
2899 899 3164 984 Βόστρανέ
3205 912 3281 972 si;
3312 911 3478 977 ὄνομα
3507 909 3608 961 τῶν
3640 911 3744 961 κτε-

2206 1024 2395 1070 σαντος
2427 1008 2596 1076 αὐτὴν
2623 1005 2928 1076 στρατηγοῦ
2957 1005 3219 1068 Βόστρου·
3264 1001 3364 1072 τὴν
3409 1002 3463 1055 δὲ
3535 1001 3742 1066 μετωνό-

2208 1113 2352 1165 μασε
2377 1095 2948 1162 Διόσπολιν.’ρυοτιηη
2979 1095 3069 1149 hic
3099 1109 3296 1148 sensus
3319 1099 3442 1146 est:
3472 1090 3601 1146 Cum
3632 1105 3744 1144 con-

2203 1188 2432 1242 didisset
2466 1194 2737 1256 Augustus
2770 1187 2953 1249 urbes,
3001 1200 3164 1239 unam
3195 1184 3248 1237 in
3281 1184 3482 1248 Ponto,
3537 1181 3740 1234 alteram

2205 1281 2256 1332 in
2293 1280 2513 1344 Arabia,
2556 1280 2770 1335 tertiam
2836 1280 2888 1331 in
2951 1277 3105 1348 Syria
3170 1277 3366 1348 Cypro.
3421 1275 3468 1327 vi
3523 1272 3742 1327 numinis

2203 1371 2326 1424 irati
2363 1371 2686 1439 collapsam,
2722 1370 2945 1423 nomine
3001 1367 3337 1428 Salamiuen,
3393 1362 3739 1423 restituisset,

2202 1461 2739 1530 primamappellavit
2786 1467 3080 1529 Ancyram,
3140 1459 3244 1510 hoc
3276 1465 3362 1511 est
3445 1453 3738 1513 anchoram,

2201 1565 2486 1622 propterea
2516 1554 2662 1621 quod
2696 1562 2843 1607 esset
2863 1551 3042 1606 medio
3064 1550 3170 1604 sita
3195 1551 3316 1602 loco
3345 1548 3484 1602 inter
3507 1546 3609 1599 duo
3636 1559 3740 1597 ma-

2201 1645 2303 1707 ria,
2330 1642 2618 1697 Ponticum
2651 1651 2705 1697 et
2757 1643 3062 1697 Asianum:
3120 1640 3351 1694 alterae]
3408 1637 3666 1694 Bostram,
3713 1648 3738 1686 a

2133 1757 2164 1805 μ
2200 1752 2229 1789 a
2281 1745 2508 1805 prmtore
2552 1736 2760 1797 Bostro
2828 1749 2990 1804 quem
3042 1716 3344 1788 structurae
3404 1730 3738 1801 prmlecerat:

537 1778 731 1836 Turcis
757 1783 1432 1852 elegantereloquentibus.
1457 1783 1708 1837 aniler
1739 1784 1821 1838 vel
1857 1783 2100 1837 llinnilar
2132 1797 2171 1850 Β

2202 1829 2372 1883 tertiae
2401 1843 2596 1882 nomen
2632 1829 2684 1880 in
2722 1826 3021 1896 Diospolim
3088 1824 3350 1879 mutavit.
3402 1822 3739 1890 Bushequius,

2201 1923 2284 1975 vir
2310 1920 2558 1984 illustris,
2591 1919 2651 1972 in
2679 1918 2971 1976 ltinerario
3006 1917 3278 1978 meminit,
3309 1917 3451 1970 hanc
3475 1915 3654 1968 urbem
3683 1913 3741 1965 ab

2199 2010 2342 2066 Asiae
2365 2010 2760 2064 communitate
2776 2009 2858 2079 (τὸ
2876 2007 3051 2061 κοινὸν
3073 2008 3171 2075 τῆς
3209 2006 3396 2069 Ἀσίας
3415 2005 3594 2059 dixere
3613 2003 3744 2058 (ira:-

2201 2105 2272 2168 ci)
2312 2103 2557 2170 Augusto
2584 2100 2760 2156 fuisse
2793 2100 3052 2155 dicatam.
3081 2097 3274 2153 Merito
3327 2096 3543 2167 quidem
3569 2095 3616 2148 id
3676 2093 3742 2145 l'a-

2202 2203 2370 2258 ctnm,
2401 2193 2446 2246 si
2489 2191 2571 2246 vel
2594 2188 2869 2255 conditor,
2928 2189 3012 2244 vel
3074 2188 3416 2244 instaurator
3470 2185 3587 2253 ejus
3638 2194 3740 2238 erat

2200 2285 2504 2352 Angustus.
2525 2280 2764 2352 Ideoque
2796 2295 2903 2335 non
2937 2281 3034 2336 abs
3060 2295 3120 2335 re
3149 2279 3325 2336 voluit
3371 2277 3513 2332 idem
3569 2273 3734 2344 Angu-

2202 2388 2321 2431 stus
2359 2391 2540 2429 rerum
2577 2374 2674 2431 abs
2701 2387 2758 2429 sc
2823 2382 3123 2444 gestarum,
3176 2385 3314 2442 quas
3371 2365 3535 2424 incidi
3576 2365 3742 2418 Romzc

2203 2470 2425 2524 duabus
2458 2468 2516 2523 in
2554 2468 2782 2523 aheneis
2813 2468 2939 2539 pilis
2965 2467 3226 2532 iusserat,
3247 2464 3527 2532 exemplar
3546 2459 3628 2514 hic
3661 2473 3744 2512 ev-

2203 2570 2370 2614 stare.
2429 2559 2858 2630 Couspiciuntur
2923 2565 3106 2612 autem
3163 2554 3550 2626 qualesqualcs
3603 2548 3744 2614 hujus

2204 2651 2447 2721 reliquiae
2479 2649 2806 2704 marmoreis
2839 2648 3129 2712 insculpta:
3191 2645 3497 2722 parietibus
3552 2637 3741 2695 :edilicii

2204 2743 2428 2807 veteris,
2473 2741 2616 2812 quod
2649 2741 2819 2796 aedem
2850 2739 3120 2810 Apollinis
3141 2738 3309 2792 fuisse
3355 2743 3540 2804 putant
3567 2727 3739 2798 aliqui,

2207 2833 2552 2901 Busbequius
2576 2832 2919 2902 praetorium.
2947 2831 3000 2885 ld
3033 2837 3161 2885 vero
3194 2837 3302 2883 tam
3336 2827 3546 2898 insigne
3570 2837 3745 2876 monu-

2207 2935 2448 2980 mentum
2482 2923 2827 2994 antiquitatis
2851 2921 3135 2985 Romanae,
3191 2922 3318 2990 quia
3369 2919 3535 2974 lector
3580 2917 3746 2971 existi-

2206 3033 2358 3072 mare
2384 3017 2542 3071 facile
2575 3024 2774 3085 potest.
2801 3031 2829 3068 a
2860 3015 2929 3070 54
2962 3022 3014 3068 ct
3042 3012 3272 3082 amplius
3291 3012 3450 3067 annis
3481 3009 3744 3064 admodum

538 3102 817 3171 Aythonus
871 3099 1170 3170 Tangoros.
1197 3101 1312 3156 Non
1344 3104 1486 3157 enim
1514 3104 1727 3171 Tangot
1756 3105 1896 3174 apud
1955 3105 2105 3160 hunc
2131 3131 2174 3191 ς
2207 3125 2330 3166 esse
2364 3107 2751 3172 deformatum,
2776 3115 2831 3161 et
2867 3107 2935 3162 ab
2965 3104 3187 3160 infestis
3214 3105 3368 3158 omni
3413 3103 3608 3158 Greca:
3653 3100 3747 3154 Ro-
3792 3101 3819 3112 ‘

539 3193 911 3257 scribendum.
939 3196 1036 3251 sed
1084 3193 1327 3266 Tangor.
1376 3196 1568 3250 itidem
1619 3195 1829 3252 Ortelio
1889 3197 2102 3267 Tangut

538 3285 686 3354 regio
721 3295 967 3354 vocatur,
994 3302 1117 3356 quae
1143 3289 1346 3344 rectius
1376 3285 1622 3359 Tangnr.
1677 3289 1832 3358 Apud
1886 3290 2101 3361 Pachy-

538 3378 766 3430 merium
783 3419 798 3444 ,
821 3388 874 3432 et
894 3378 1032 3434 alios
1055 3376 1297 3443 (ἔτερος,
1347 3379 1606 3446 Tochari,
1631 3379 1875 3436 detracta
1920 3382 2112 3438 littera,

535 3486 591 3536 γ,
626 3469 915 3538 leguntur:
949 3471 1041 3539 qni
1095 3472 1283 3528 verius
1331 3471 1754 3544 appellabuntur
1790 3463 2097 3529 'Touchari.

537 3582 626 3639 10.
652 3582 778 3639 Urbs
797 3581 1022 3654 Enguri,
1044 3585 1276 3658 Ancyra.
1291 3587 1681 3647 Monumentum
1705 3577 2101 3662 vetus-Ancyra-

1238 3673 1385 3710 num.

606 3747 865 3814 Engurim
895 3748 1060 3804 Turci
1089 3762 1286 3804 vocant
1339 3725 1528 3806 urbem
1571 3753 1825 3808 Asiatica:
1848 3753 2100 3822 Galatiae,

534 3854 656 3910 quze
688 3839 837 3895 dicta
896 3841 1093 3910 priscis
1148 3841 1249 3896 fuit
1306 3846 1542 3914 Ancyra,
1571 3853 1627 3899 et
1655 3843 2098 3916 LeouiAugusto

533 3943 728 3999 quarta
755 3933 1076 3988 tbronorum
1141 3933 1196 3988 in
1228 3935 1422 3991 ordine
1473 3938 1793 4007 metropolis
1859 3948 1945 3994 est
1996 3941 2100 3995 sub

535 4020 846 4089 patriarcha
874 4021 1482 4092 ConstantinOpolitano
1514 4043 1528 4081 :
1559 4027 1697 4083 satis
1759 4028 1888 4084 olim
1958 4029 2100 4086 cele-

537 4110 652 4164 bris
675 4109 834 4164 etiam
866 4109 938 4165 ob
993 4111 1439 4179 antiquissimam
1514 4114 1948 4170 Christianorum
2009 4132 2100 4188 sy-

535 4199 759 4263 nodum,
791 4215 910 4270 quze
933 4201 1059 4254 istic
1093 4199 1275 4255 habita
1307 4201 1428 4264 fuit,
1457 4211 1512 4258 et
1573 4204 1732 4274 cujus
1755 4215 1876 4261 acta
1906 4206 2109 4262 decrex

534 4301 698 4356 taque
721 4291 877 4360 plena
932 4291 1150 4358 pietatis
1189 4301 1432 4347 exstant.
1500 4295 1669 4348 Hodie
1722 4311 1920 4366 magna
1984 4298 2096 4353 illic

531 4382 688 4451 copia
735 4382 1006 4452 cymatilis
1072 4384 1159 4437 vel
1217 4384 1462 4438 undulati
1512 4388 1677 4454 panni
1743 4388 2092 4453 (camelotum

2205 3215 2488 3269 manaeqne
2520 3200 2806 3271 elegantiae
2833 3197 3088 3254 Barbaris
3117 3194 3369 3267 quotidie
3397 3194 3564 3264 magis
3598 3193 3744 3248 etiam

2203 3291 2432 3346 lacerari
2465 3305 2527 3344 ac
2549 3290 2692 3344 dirul
2726 3305 2742 3341 :
2771 3288 2947 3355 placet
2968 3299 3158 3342 eorum
3179 3299 3380 3346 causa,
3414 3283 3506 3353 qui
3525 3280 3744 3350 antiqui-

2203 3392 2373 3437 latum
2411 3395 2540 3436 vere
2578 3379 2759 3450 pingui
2821 3364 3272 3432 aestimandarum
3335 3373 3562 3430 studiosi
3612 3381 3746 3432 sunt,

2201 3477 2280 3533 sic
2310 3487 2628 3546 expressum
2663 3474 2764 3526 hoc
2787 3472 2912 3526 loco
2935 3468 3207 3537 subjicere
3237 3483 3254 3523 :
3306 3463 3744 3538 quemadmodum

2201 3568 2252 3622 id
2288 3565 2552 3635 temporis
2577 3564 2793 3633 legatus
2819 3561 3061 3618 Caesaris
3108 3559 3468 3626 Ferdinandi,
3524 3556 3748 3612 maxime

2201 3662 2282 3716 vir
2299 3656 2577 3728 dignitatis
2593 3655 2867 3712 Antonius
2882 3653 3194 3717 Yerantius,
3219 3653 3514 3723 episcopus
3537 3649 3745 3720 Agricu-

2200 3754 2301 3816 sis,
2333 3768 2428 3820 per
2445 3765 2574 3805 suos
2601 3749 2904 3804 transcribi.
2955 3748 3200 3804 curavit.
3231 3747 3446 3800 Mecum
3477 3758 3602 3799 vero
3619 3755 3748 3795 com-

2201 3843 2517 3898 municabat
2541 3850 2680 3900 ante
2720 3838 3118 3911 profectionem
3147 3837 3214 3894 ad
3243 3837 3459 3893 Turcos
3510 3843 3747 3893 nostram,

2197 3932 2282 3986 vir
2341 3930 2566 3996 nobilis,
2616 3939 2680 3984 et
2725 3928 2966 3997 antiqua.
3000 3925 3201 3980 virtute
3229 3939 3294 3981 ac
3359 3925 3487 3988 ﬁde.
3531 3918 3745 3976 Karulus

2197 4022 2418 4079 Clusius
2451 4019 2705 4083 Atrebas,
2770 4023 3054 4087 acceptum
3118 4015 3186 4070 ab
3239 4014 3469 4070 Antonii
3525 4008 3750 4083 praesulis

2203 4123 2425 4183 nepote,
2458 4111 2662 4167 Fausto
2692 4107 2949 4163 Verantio
2984 4123 3000 4160 :
3057 4120 3289 4175 quorum
3345 4106 3580 4160 omnium
3626 4113 3744 4156 sane

2198 4205 2534 4260 mentionem
2565 4201 2708 4266 ﬁeri,
2737 4200 2916 4256 visum
2945 4197 3050 4253 fuit
3082 4198 3481 4268 aequissimum,
3537 4195 3609 4252 uti
3629 4207 3744 4248 cou-

2198 4304 2539 4351 servatorum
2565 4292 2850 4364 l‘ragmenti
2875 4291 3092 4361 penitus
3124 4289 3301 4355 aurei,
3337 4289 3483 4358 quod
3542 4286 3657 4341 caeli
3685 4296 3740 4336 ac

2200 4378 2501 4442 Turcorum
2535 4384 2755 4454 injuriis
2775 4383 3110 4452 expositum,
3137 4396 3212 4436 ne
3244 4379 3540 4449 caeteroqui
3591 4373 3736 4430 nobis

533 4475 691 4540 vulgo
715 4474 930 4542 vocant)
963 4476 1122 4543 longe
1154 4477 1597 4544 praestantissimi
1649 4477 1878 4548 tingitur
1906 4490 1958 4534 et
1983 4480 2094 4534 cla-
2127 4472 2171 4527 ο
2199 4480 2429 4548 Ancyrae
2456 4488 2704 4545 prorsus,
2774 4489 2840 4528 ac
2874 4473 3028 4528 brevi
3085 4471 3314 4541 quidem
3361 4478 3560 4539 pereat,
3619 4462 3742 4519 haud

533 4564 779 4628 boratur,
812 4565 1028 4635 alioque
1057 4565 1407 4620 distraheuda
1435 4567 1685 4620 vehitur.

602 4653 924 4719 Quodamin
987 4656 1230 4711 historiae
1281 4656 1482 4712 Graecae
1539 4657 1698 4722 libro,
1758 4659 1915 4726 cujus
1965 4664 2094 4731 quia

533 4744 770 4815 perierat
795 4746 1033 4810 initium,
1070 4747 1377 4818 nequidem
1420 4751 1659 4804 auctoris
1695 4751 1826 4805 sciri
1889 4766 2090 4807 nomen

532 4843 764 4904 poterat,
824 4837 1006 4907 legere
1061 4838 1311 4903 memini,
1369 4837 1438 4895 de
1494 4839 1769 4910 Ancyrani
1835 4844 2090 4908 mancipii

529 4925 810 4982 cenditore
837 4929 1102 4996 Augusto.
1135 4925 1329 4984 Verbis
1374 4946 1437 4985 ea
1501 4930 1817 4986 releruntur
1901 4934 2093 5002 hujus-

2198 4569 2408 4637 absque
2427 4579 2593 4621 causa
2627 4563 3001 4619 metuendum.
3037 4561 3420 4629 Sed'reliquas
3463 4557 3668 4612 tandem
3718 4567 3746 4606 e

2201 4657 2486 4727 naufragio
2522 4665 2630 4711 tam
2658 4653 2904 4724 praeclari
2941 4653 3156 4707 tabulas
3206 4653 3391 4721 operis
3426 4650 3595 4704 lector
3621 4643 3745 4699 acci-

2201 4750 2310 4819 piat
2348 4749 2420 4802 ita
2449 4748 2611 4802 dictis
2640 4734 3027 4816 in..parietibus
3077 4752 3357 4800 exstantes
3391 4760 3404 4796 :
3433 4749 3489 4796 ut
3539 4734 3745 4793 dimidia
3801 4803 3805 4806 .

2199 4855 2326 4910 pars
2365 4838 2699 4894 intrantibus
2720 4837 3012 4892 atdilicium
3047 4835 3115 4891 ad
3148 4838 3417 4902 dextram,
3459 4832 3628 4887 altera
3673 4840 3750 4878 se-

2202 4940 2316 4987 met,
2333 4932 2402 4986 ad
2425 4931 2706 4986 sinistram
2737 4927 2967 4984 oll'crat.

1860 5073 2133 5135 SERIES
2161 5073 2439 5135 PRIMA.

1043 5207 1281 5251 nenvm.
1311 5205 1673 5252 essmnvax.
1717 5205 1872 5250 mvx.
1906 5188 2194 5252 Mcovsrt.
2220 5207 2469 5262 ovmvs.
2496 5208 2728 5252 oneum.

1037 5287 1378 5330 TERRARVM
1416 5315 1431 5330 .
1464 5269 1750 5328 ῙΜΡΕΒῙΟ.
1782 5285 2026 5329 POPVLI.
2047 5287 2310 5330 ROMANI.
2348 5285 2653 5329 SVBJECIT.
2673 5312 2685 5325 .

1041 5364 1138 5408 ET.
1161 5364 1590 5410 IMPENSARVII.
1619 5363 1802 5416 QVAS.
1826 5363 1913 5408 IN.
1938 5364 2409 5410 REMI‘VBLICAM.
2427 5362 2542 5406 PO-

1050 5443 1406 5496 PVLVMQVE.
1434 5441 1770 5486 ROMANVM.
1809 5442 2005 5486 FECIT.
2035 5442 2307 5487 INCISARV
2326 5445 2394 5487 Μ.
2419 5441 2506 5484 ΙΝ.

1061 5520 1305 5565 DVABUS
1331 5519 1617 5565 AHENEIS.
1659 5519 1837 5563 PILIS.
1869 5521 2027 5573 ρνιε.
2065 5520 2247 5564 SVNT.
2281 5520 2488 5566 11051115.

1047 5597 1303 5642 ΡΟΒΙΤᾸΞ.
1335 5597 1690 5643 EXEMPLAR.
1723 5599 2098 5643 SUBJECTUM.

1053 5676 1280 5722 ANNUS.
1309 5675 1725 5721 VNDEVIGINTI.
1757 5675 1976 5721 NATVS.
2009 5677 2388 5722 EXEBCITUﬂ.
2409 5677 2706 5721 ΡιυνΑτο.

1054 5753 1360 5801 CONSILIO.
1396 5756 1491 5800 ET.
1518 5756 1808 5801 ῐιιιινΑΤΔ.
1844 5756 2130 5800 IMI’ENSA.
2157 5756 2527 5801 COMI’ARAVI.
2565 5753 2832 5806 TERQVR.
