4048 6208
353 218 457 279 737

1497 209 1896 270 PANDECTE
1928 211 2121 269 lliS’i‘.
2153 210 2454 269 'i‘UlttllC.

3461 191 3597 273 ’Τις

427 322 628 376 ιιςιιυοε,
656 307 859 386 optime
887 316 1078 378 lector,
1114 315 1370 384 reliquias
1413 317 1680 386 Ancyrani
1724 331 1918 367 Inultu-
1946 319 1993 376 Α
2024 317 2237 379 dorum,
2270 317 2323 370 iu
2391 327 2712 387 potestatem
2765 318 3057 386 redegisse.
3090 318 3133 370 Α
3173 333 3282 388 quo
3351 317 3480 374 t'cce
3520 321 3597 373 nii

356 412 543 472 tuenti,
584 408 743 462 facile
776 409 1020 460 onmium
1054 423 1174 475 qua:
1206 424 1350 460 nunc
1385 417 1621 470 exstant,
1655 417 1922 473 prmstan-

359 501 582 574 tissinii,
625 499 893 567 siquidem
923 509 1067 552 esset
1100 499 1390 566 integrum.
1457 497 1586 567 Ejus
1632 497 1923 560 illustratio

358 607 464 643 non
501 588 665 657 hujus
699 596 784 640 est
815 585 939 639 loci.

359 705 445 756 11.
473 703 634 764 Anni,
656 701 934 763 mensium,
954 700 1154 753 dierum
1193 698 1333 766 apud
1367 698 1558 751 Turres
1587 701 1724 752 ratio
1756 712 1803 754 et
1832 718 1927 770 ap-

960 769 1292 836 pellationes.

429 861 615 917 Notavi
647 863 712 917 ad
747 846 1043 932 marginem
1076 862 1216 924 lihri,
1247 877 1446 916 annum
1489 863 1926 918 Mahumetauum

357 955 481 1018 087,
524 969 632 1022 quo
657 965 905 1008 mortuus
945 954 1228 1008 Ertucules
1292 955 1543 1020 traditur,
1606 971 1725 1009 esse
1773 954 1930 1009 Ctn-i-

357 1048 594 1101 stianum
628 1045 788 1100 1289.
823 1046 935 1100 Hoc
972 1046 1047 1099 uti
1083 1047 1297 1115 planius
1347 1032 1574 1116 intelligi
1641 1047 1929 1116 possit,“-

363 1137 453 1188 bet
484 1136 584 1188 hoc
608 1137 724 1189 loco
760 1150 922 1204 quam
962 1135 1601 1204 paucissimisexplicare
1625 1145 1927 1204 temporum

357 1230 502 1296 apud
531 1226 736 1280 Tureos
796 1227 1082 1290 rationem,
1150 1226 1399 1280 videlicet
1429 1243 1720 1291 annorum,
1782 1245 1930 1280 men-

363 1319 528 1379 simu,
561 1317 793 1380 dierum,
828 1322 1093 1384 quantum
1132 1314 1352 1384 quidem
1387 1315 1654 1368 hactenus
1727 1315 1931 1366 intelli-

361 1422 488 1474 gere
522 1410 586 1458 de
615 1406 696 1458 his
724 1404 895 1474 potui.
919 1403 1144 1459 Constat
1201 1405 1366 1474 igitur
1419 1406 1562 1475 apud
1591 1403 1803 1458 Turcos
1831 1421 1930 1457 an-

361 1516 464 1552 nus
499 1499 561 1550 12
591 1498 889 1563 mensibus,
946 1499 1038 1552 sed
1063 1497 1367 1562 lunaribus,
1431 1506 1484 1551 et
1554 1499 1775 1552 tradunt
1808 1497 1927 1566 ipsi.

358 1589 568 1658 post52
596 1603 768 1641 annos
801 1589 1058 1643 'l‘nrcieos
1089 1588 1489 1643 ﬁrmamentum
1541 1590 1665 1643 eteli
1700 1605 1924 1644 cursum

364 1695 524 1734 suum
554 1680 858 1734 absolvere.
902 1679 1054 1734 Unde
1085 1679 1476 1749 propemodum
1529 1681 1708 1749 colligi
1765 1681 1931 1751 pleri-

367 1790 475 1842 que
503 1786 714 1842 putant,
743 1776 904 1828 armis
936 1776 995 1828 51
1050 1773 1398 1836 Christianis,
1459 1776 1788 1845 respondere
1820 1776 1931 1829 Ma-

367 1867 694 1920 humetanos
729 1865 825 1929 52,
859 1883 981 1918 cum
1021 1866 1218 1934 exiguo
1250 1866 1652 1919 additatnento.
1689 1867 1934 1921 Praetnit-

367 1957 492 2010 titor
520 1955 572 2009 id
601 1957 788 2018 etiam,
819 1955 962 2008 hunc
989 1971 1192 2007 annum
1226 1953 1616 2008 Christ.'1587
1647 1970 1770 2008 cum
1800 1958 1935 2011 inci-

369 2059 545 2118 peret,
583 2046 748 2100 fuisse
767 2055 1137 2112 computatqu
1163 2043 1396 2098 a'l‘urcis
1429 2060 1524 2114 pro
1556 2045 1935 2099 Matiumctano

362 2141 488 2195 99.1.
519 2139 727 2208 Quippe.
752 2139 875 2192 licet
906 2137 1009 2190 hoc
1045 2137 1349 2204 intelligere
1404 2138 1470 2190 de
1511 2138 1689 2191 verbis
1722 2139 1934 2192 ultimis

365 2233 420 2283 in
475 2230 771 2300 diplomate
815 2229 1016 2281 sultani
1102 2228 1327 2282 Muralis
1390 2227 1456 2281 lli
1493 2243 1597 2296 quo
1627 2230 1938 2308 continetur

367 2323 677 2392 prorogatio
710 2322 854 2391 pacis
885 2336 1006 2374 cmn
1041 2318 1331 2388 Rudolpho
1371 2318 1414 2372 ll
1474 2321 1610 2389 imp.
1671 2323 1935 2390 Augusto.

368 2415 638 2482 leguntur
678 2413 820 2463 enim
850 2410 972 2464 istic
1010 2405 1122 2462 bsec
1148 2410 1199 2462 in
1266 2420 1513 2463 extremo
1565 2411 1723 2463 verba
1757 2427 1769 2462 :
1843 2409 1939 2462 Die

363 2507 532 2572 primo
557 2502 783 2570 proximi
807 2502 994 2554 mensis
1011 2499 1278 2563 Januarii,
1304 2517 1441 2552 anno
1475 2499 1683 2554 Domini
1698 2501 1821 2554 Jesu
1851 2517 1939 2554 stt-

364 2613 460 2666 pra
483 2611 632 2663 quem
661 2596 726 2646 sit
756 2594 929 2663 gratia
957 2601 1001 2644 et
1045 2592 1303 2644 attailium
1340 2593 1591 2656 divinum,
1625 2593 1758 2648 1581
1795 2611 1809 2648 :
1849 2594 1940 2661 qui

363 2688 463 2737 erit
491 2699 659 2735 annus
713 2682 1195 2750 trrmsmigrationis
1250 2684 1424 2750 magni
1455 2681 1718 2750 propheta:
1750 2686 1934 2743 nostri,

364 2788 526 2840 supra
551 2786 701 2839 quem
757 2770 824 2822 sit
855 2776 1031 2838 gratia
1079 2770 1323 2838 salusque
1386 2771 1557 2823 divina
1578 2771 1672 2824 991
1715 2789 1728 2824 :
1760 2773 1842 2826 die
1869 2771 1936 2823 27

366 2879 533 2916 sacra’
569 2863 703 2915 luna:
735 2862 1020 2914 Silo/ridae.
1071 2864 1278 2926 Quibus
1331 2864 1380 2915 in
1416 2864 1592 2916 verbis
1616 2865 1934 2928 notandum,

366 2970 540 3008 antt0s
575 2953 978 3005 Mahumetz'inos
1011 2951 1204 3006 Turcis
1264 2953 1493 3007 usitatos
1548 2969 1655 3006 non
1713 2959 1930 3007 eosdem

365 3062 487 3102 esse
516 3062 638 3100 cum
667 3040 822 3098 annis
861 3044 1091 3114 llegirze,
1123 3061 1244 3114 qua:
1301 3046 1494 3113 incipit
1549 3061 1580 3098 a
1644 3048 1929 3101 nativitatc

311 3150 318 3156 '
368 3140 714 3203 Miliumetis,
746 3139 996 3193 videlicet
1032 3139 1100 3192 ab
1130 3154 1271 3190 anno
1291 3136 1600 3193 Christiano
1633 3140 1756 3194 592.
1793 3139 1927 3194 Nam

367 3237 625 3296 expresse
673 3229 868 3282 diciiur
903 3243 931 3280 a
985 3229 1180 3282 Turcis
1234 3244 1377 3280 anno
1424 3228 1732 3282 Christiano
1794 3229 1926 3282 1531

371 3322 537 3376 fuisse
556 3329 895 3397 computatos
918 3319 1268 3382 annos-991a
1297 3321 1780 3391 transmigratioue
1799 3323 1927 3380 sive

373 3425 544 3468 mOttc
579 3413 899 3468 Mahumetis
933 3430 948 3470 :
979 3415 1177 3482 quibus
1207 3415 1250 3466 si
1289 3422 1398 3467 tres
1431 3414 1499 3467 ab
1551 3413 1643 3466 illo
1690 3424 1932 3482 tempore

370 3505 583 3573 elapsos
604 3506 852 3572 adjicias,
886 3505 992 3558 erit
1031 3520 1210 3559 annus
1243 3505 1331 3558 hic
1370 3503 1715 3559 Christianus
1747 3505 1876 3559 1587
1902 3520 1931 3556 a

373 3607 548 3650 morte
571 3597 891 3650 Slahumetis
909 3595 1036 3650 991.
1073 3595 1192 3648 Jatn
1224 3597 1269 3649 si
1299 3595 1365 3648 de
1392 3596 1496 3650 99$
1551 3597 1808 3650 detrahas
1835 3612 1930 3649 an-

374 3704 474 3740 nos
507 3688 630 3751 687,
661 3703 768 3756 quo
801 3696 1041 3756 tempore
1080 3696 1329 3740 mortuus
1363 3685 1644 3744 Ertucules
1669 3688 1896 3741 traditur
1917 3728 1932 3752 ,

375 3781 567 3847 reliqui
605 3790 762 3832 erunt
797 3779 928 3832 anni
963 3778 1325 3832 Malmmetani
1352 3778 1473 3842 507,
1516 3779 1605 3847 qui
1676 3780 1935 3833 transiere

372 3875 580 3930 scdicet
608 3872 674 3926 ab
704 3871 979 3925 Ertuculis
1007 3881 1175 3923 morte
1202 3886 1372 3938 usque
1420 3871 1485 3924 ad
1559 3873 1702 3924 hunc
1734 3887 1932 3926 annuat

374 3973 722 4036 praasentem.
747 3964 990 4016 Diximus
1006 3972 1186 4015 autem
1216 3963 1375 4029 paulo
1395 3970 1519 4015 ante
1543 3961 1804 4016 Turcicos
1833 3979 1934 4014 an-

376 4073 476 4112 nos
505 4059 576 4110 ’δέ
618 4055 1005 4126 propemodum
1061 4055 1392 4122 respondere
1451 4053 1780 4107 Christianis
1843 4054 1932 4106 51.

374 4150 736 4216 Quamobrem
771 4149 834 4202 de
860 4147 984 4211 507,
1049 4145 1446 4200 Mahumetanis
1472 4145 1790 4215 detrahendi
1855 4160 1940 4198 ve-

378 4245 535 4296 niunt
565 4242 693 4294 anni
723 4238 941 4307 928/51
1000 4240 1115 4292 sive
1140 4238 1297 4306 paulo
1317 4239 1494 4289 minus
1520 4251 1680 4304 quam
1708 4238 1890 4290 decem
1919 4253 1933 4289 :

376 4343 428 4388 ct
454 4343 616 4387 erunt
638 4330 742 4384 507
773 4329 1159 4394 Mahumetani,
1209 4329 1255 4381 si
1283 4329 1345 4382 10
1375 4328 1614 4396 integros
1672 4329 1933 4390 deducas,
1974 4339 2012 4391 ι)

379 4425 581 4478 redacti
618 4425 682 4476 ad
714 4436 886 4475 annos
906 4419 1248 4475 Christianos
1293 4419 1418 4473 297.
1475 4417 1567 4472 llis
1616 4433 1808 4471 rursus
1840 4418 1936 4470 dc-

379 4517 566 4570 tractis
587 4514 808 4569 de1587
829 4513 1161 4580 reperiemus
1184 4525 1387 4564 annum
1417 4508 1620 4562 Christi
1647 4506 1804 4570 1290,
1825 4521 1934 4574 quo

378 4610 585 4666 scilicet
610 4613 858 4659 mortuus
906 4602 1071 4656 fuerit
1118 4601 1425 4665 Ertucules,
1453 4599 1704 4652 Osinauis
1759 4581 1943 4666 pater:

379 4701 624 4754 Tradunt
647 4709 824 4751 autem
862 4696 1100 4748 Annales
1127 4695 1177 4746 hi
1211 4694 1381 4747 nostri
1424 4703 1697 4745 mortuum
1739 4690 1934 4744 0mm-

380 4808 502 4848 nem
532 4793 708 4860 ipsum
737 4804 880 4842 anno
911 4787 1290 4840 Mahumetano
1319 4785 1420 4836 727
1449 4786 1541 4853 qui
1584 4771 1934 4839 Christianus

375 4892 496 4940 erat
529 4882 686 4936 1328.
723 4881 863 4949 Ergo
898 4891 1018 4948 post
1046 4880 1257 4931 obitum
1288 4877 1456 4944 patris
1511 4882 1789 4942 superstes
1830 4871 1929 4926 tuit

380 4977 542 5047 paulo
593 4973 824 5043 amplius
877 4971 1136 5040 quan159
1171 4974 1331 5023 annis
1391 4965 1788 5021 Mahumetanis
1823 4965 1936 5018 sive

376 5070 445 5120 53
472 5062 821 5119 Christianis.
861 5061 924 5113 Et
948 5059 1074 5130 quia
1107 5058 1270 5112 Turci
1307 5057 1492 5110 volunt
1517 5071 1640 5109 eum
1676 5067 1934 5124 regnasse

373 5159 443 5210 29
465 5156 650 5219 annis,
687 5153 860 5208 nostri
889 5153 982 5216 28,
1009 5149 1152 5220 quod
1195 5150 1334 5203 idem
1395 5156 1518 5202 est:
1585 5159 1807 5200 necesse
1858 5152 1942 5197 est

373 5265 562 5306 verum
587 5249 848 5301 fateamur
877 5245 1023 5312 quod
1075 5243 1321 5296 historici
1378 5241 1663 5307 diligentes
1715 5246 1770 5290 ct
1807 5235 1935 5294 itide

373 5341 522 5411 digni
549 5339 907 5406 scripserunt,
927 5335 1218 5390 Osmanem
1239 5332 1500 5403 perpe;uis
1516 5330 1934 5384 excursionibus

371 5450 434 5489 ac
465 5429 670 5498 rapinis
695 5429 1170 5496 collocuplelatum
1213 5439 1464 5493 magnam
1503 5431 1707 5488 partem
1749 5420 1941 5486 Bithy-

373 5529 473 5579 nize
507 5525 801 5591 vicinaeque
833 5524 1002 5574 l’outo
1031 5518 1262 5572 Euximo
1317 5515 1576 5584 regionis,
1639 5515 1779 5565 intra
1811 5525 1933 5578 spa-

372 5620 505 5670 tium
545 5613 608 5668 10
635 5627 898 5666 annorum
933 5625 960 5663 a
989 5619 1158 5664 morte
1187 5608 1354 5676 patris
1384 5607 1591 5662 scilicet
1623 5619 1927 5657 numeran-

2029 417 2291 472 temporr,
2347 409 2649 476 principatu
2702 408 2814 476 jam
2873 409 3171 463 constituto
3220 408 3596 477 stabilitoquc,

2030 508 2172 550 recte
2198 513 2377 550 rerum
2417 499 2616 566 potitus
2651 498 2860 552 dicetur
2910 499 3070 552 annis
3122 498 3450 553 Christianis
3503 499 3595 553 28.

2027 585 2323 656 Itidemque
2354 589 2638 642 verissime
2664 596 2953 653 statuetur,
2985 590 3198 642 initium
3230 591 3375 658 regni
3403 589 3595 644 Osma-

2028 675 2134 730 nici
2172 675 2510 729 referendum
2544 681 2608 731 ad
2635 676 3223 732 annumChristianum
3260 678 3598 748 1500,-quod

2029 782 2160 819 sane
2194 767 2391 820 multas
2423 769 2490 822 ob
2525 786 2719 824 causas
2753 771 3041 840 diligenter
3063 770 3487 824 observandum.

2101 858 2254 923 Quod
2291 874 2504 913 menses
2535 861 2748 925 attinet,
2795 861 2906 929 jam
2974 871 3132 915 antea
3183 863 3595 924 tnonuimns,ia

2032 963 2132 1001 usu
2184 946 2378 1001 Turcis
2430 965 2552 1004 esse
2599 951 2838 1007 lunares.
2895 950 3302 1006 llosnominare
3333 953 3602 1022 incipiunt

2031 1039 2096 1091 ab
2122 1039 2252 1108 ipsis
2289 1039 2602 1094 noviluu-iis.
2645 1040 2706 1094 Et
2739 1053 3100 1096 numerantur
3135 1035 3205 1097 ab
3229 1044 3310 1096 eis
3345 1043 3428 1108 12,
3461 1045 3604 1098 sicut

2029 1130 2192 1183 etiam
2235 1146 2334 1184 nos
2367 1131 2587 1185 totiJem
2625 1133 2907 1186 habemus.
2956 1133 3097 1188 Anni
3156 1134 3481 1203 principium
3521 1153 3604 1187 rv-

2033 1221 2212 1274 terunt
2237 1223 2303 1274 ad
2360 1238 2601 1276 mensem
2655 1223 2951 1286 Sdchidze,
2978 1227 3072 1294 qui
3139 1225 3246 1280 late
3301 1227 3599 1294 loquendo,

2031 1311 2175 1380 quod
2209 1310 2375 1364 ὃπωςί
2426 1314 2606 1366 dicere
2657 1315 2853 1376 solent,
2915 1315 3195 1369 Decembri
3247 1315 3359 1370 fere
3413 1328 3616 1374 nostra»

2033 1404 2362 1470 respondere
2386 1403 2694 1458 debebatex
2717 1408 2973 1474 opinione
3002 1407 3368 1473 complurium
3400 1424 3414 1459 :
3442 1411 3601 1460 sicuti

2033 1491 2352 1561 plerumque
2373 1492 2649 1550 Ramazan
2690 1496 2894 1550 mensis
2929 1497 2996 1550 ad
3033 1495 3408 1566 Septembrem
3439 1495 3604 1551 debr-

2036 1582 2123 1635 bat
2149 1598 2213 1635 ex
2243 1585 2558 1639 eorumdetn
2586 1589 2852 1641 sententia
2872 1588 3059 1642 referri
3096 1605 3110 1641 :
3135 1605 3244 1658 qtto
3287 1603 3474 1652 mense
3499 1587 3606 1642 ita-

2031 1688 2254 1726 mazane
2276 1673 2545 1742 jejunium
2572 1690 2730 1729 suum
2766 1692 3104 1731 menstruum
3155 1690 3400 1744 servant,
3433 1695 3462 1733 a
3488 1695 3604 1732 cre-

2034 1765 2261 1831 pusculo
2313 1768 2582 1820 matmino
2603 1771 2666 1820 ad
2703 1769 2837 1822 solis
2884 1785 3142 1824 occasum
3201 1785 3397 1838 usque,
3431 1771 3604 1824 donec

2031 1856 2212 1909 sidera
2235 1858 2644 1926 conspiciantur
2677 1859 2810 1913 nihil
2839 1861 2944 1914 cibi
3007 1872 3234 1929 potusve
3266 1871 3548 1916 sumentes
3581 1883 3594 1914 :

2032 1957 2085 2000 et
2126 1947 2278 2001 ﬁnito
2311 1949 2542 2018 jejunio,
2575 1966 2733 2005 suuzn
2792 1951 2925 2004 illud
2980 1952 3151 2021 bujuc
3197 1951 3428 2015 b..iram,
3469 1953 3603 2018 .sive

2036 2055 2289 2108 magnum
2325 2041 2525 2096 festum
2559 2043 2731 2096 instar
2755 2043 3030 2110 pascnatis
3077 2043 3268 2107 nostri,
3302 2043 3602 2096 celebrant.

2039 2130 2142 2186 Sed
2167 2147 2459 2203 progressu
2495 2136 2756 2203 temporis
2785 2146 2892 2188 tam
2927 2135 3200 2188 Silchidze
3218 2149 3380 2204 quam
3410 2137 3604 2189 ltama-

2037 2241 2138 2279 zan
2179 2225 2233 2279 in
2266 2226 2406 2280 alios
2450 2241 2662 2281 menses
2698 2236 2914 2282 nostros
2951 2237 3255 2281 transeunt.
3288 2226 3495 2295 Quippe
3516 2242 3603 2281 ce-

2035 2317 2279 2372 lcbrandi
2309 2318 2536 2371 hairatni
2581 2328 2790 2385 tempus
2857 2317 3086 2388 singulis
3120 2319 3278 2371 annis
3307 2319 3603 2386 anticipare

2038 2409 2198 2463 ’l'urci
2232 2411 2407 2463 solent
2437 2410 2622 2464 dtcbus
2650 2411 2898 2464 undecim
2926 2426 2938 2462 :
2966 2410 3055 2479 qui
3113 2409 3232 2464 dies
3293 2408 3602 2462 embolismi

2038 2503 2150 2556 fere
2187 2503 2308 2555 loco
2357 2511 2489 2556 sunt
2538 2503 2602 2554 ad
2663 2502 3043 2570 complendum
3092 2517 3292 2554 annum
3334 2502 3601 2557 lunarem.

2039 2591 2170 2647 Nam
2195 2595 2236 2647 si
2273 2595 2386 2648 dies
2424 2593 2673 2647 unlecim
2704 2603 3090 2665 computentur
3123 2594 3306 2647 tricies
3325 2603 3378 2647 et
3408 2597 3600 2658 semel,

2039 2689 2340 2744 etlieientur
2379 2689 2494 2743 dies
2516 2688 2613 2743 5-11
2643 2704 2662 2741 :
2689 2689 2781 2757 qui
2820 2690 2982 2758 paulo
3045 2691 3226 2742 minus
3272 2703 3434 2757 quam
3465 2689 3606 2743 inte-

2040 2794 2194 2847 grum
2229 2793 2430 2831 annum
2465 2779 2822 2842 constituunt,
2849 2779 3156 2831 addendum
3185 2778 3405 2846 triginta
3434 2785 3489 2831 et
3509 2779 3603 2831 uni

2044 2870 2440 2924 Mabumetanis
2467 2870 2648 2934 annis,
2687 2880 2746 2923 ut
2797 2869 3164 2923 Mahumetani
3217 2871 3435 2940 triginta
3492 2871 3606 2922 duo

1985 3014 2000 3031 ,
2042 2965 2533 3029 anni,Christianis
2557 2963 2775 3034 triginta
2804 2972 2855 3017 et
2876 2964 2969 3017 uni
3001 2964 3393 3032 respondeant;
3416 2978 3606 3032 quem-

2035 3056 2326 3110 admodum
2387 3070 2415 3108 a
2449 3055 2603 3110 nobis
2644 3055 2940 3109 indicatum
3003 3058 3165 3126 paulo
3198 3065 3321 3109 ante
3352 3055 3452 3108 hoc
3486 3053 3606 3122 ipso

2035 3149 2231 3217 capite.

2394 3239 2620 3294 Nomina
2651 3241 2905 3294 mensium
2925 3241 3035 3293 lucc
3057 3248 3176 3294 sunt
3211 3256 3229 3294 .'

2106 3330 2156 3387 1.
2188 3329 2482 3388 Silehidze.

2104 3422 2162 3474 Ξ.
2198 3421 2516 3477 Mucharen.

2106 3517 2160 3570 5.
2192 3516 2421 3583 Sepher.

2103 3609 2155 3662 4.
2189 3607 2379 3662 Rebuil
2409 3609 2559 3662 Evel.

2105 3697 2159 3754 5.
2190 3697 2382 3752 Rebuil
2409 3699 2592 3751 Acbit'.

2108 3788 2160 3841 6.
2184 3788 2507 3842 Dsiutnasiel
2551 3787 2698 3844 Evcl.

2109 3879 2160 3934 7.
2197 3879 2515 3946 lisiumasicl
2539 3878 2722 3934 Achir.

2109 3971 2161 4025 8.
2193 3969 2391 4024 Rezeb.

2111 4063 2164 4118 9.
2202 4060 2342 4116 Schn
2352 4062 2414 4114 ba
2424 4078 2473 4115 η.

2112 4153 2197 4206 10.
2244 4150 2539 4205 Ramazttn.

2114 4246 2198 4297 11.
2228 4244 2495 4297 διςιιοκνδι.

2116 4334 2201 4388 12.
2253 4334 2489 4388 Silcade.

2117 4425 2301 4480 Sicubi
2333 4426 2503 4480 lector
2527 4425 2770 4495 aliquod'
2807 4429 3001 4480 nomen
3029 4442 3092 4482 ex
3124 4427 3205 4482 his
3234 4428 3391 4497 paulo
3453 4429 3609 4482 aliter

2042 4519 2305 4585 scriptum
2345 4518 2722 4571 inAnnalibus
2759 4521 3035 4586 repererit,
3088 4521 3224 4574 sciat
3257 4521 3306 4572 id
3337 4520 3538 4572 tactum
3577 4536 3607 4574 a

2047 4609 2222 4672 nobis,
2255 4609 2580 4678 scripturam
2607 4607 2834 4664 Joannis
2859 4609 3120 4676 Galderii,
3156 4609 3467 4679 interpretis
3496 4608 3614 4664 Ca:-

2044 4703 2212 4767 sarei,
2249 4701 2628 4770 sequentibus.

2043 4817 2151 4866 llos
2180 4821 2352 4864 autem
2384 4827 2578 4883 menses
2615 4814 2666 4864 in
2688 4811 2894 4883 dierum
2914 4814 3294 4878 hebdomadas,
3319 4817 3421 4868 sive
3447 4817 3612 4883 septi-

2117 4898 2323 4944 manas,
2359 4881 2594 4934 dividunt
2639 4897 2652 4934 :
2695 4882 2876 4934 diebus
2892 4884 3002 4936 lucc
3034 4886 3269 4936 tribuunt
3303 4881 3539 4937 nonrina.

2115 4974 2164 5026 1.
2198 4972 2360 5027 Basar
2389 4974 2524 5037 iuni,
2560 4973 2664 5028 hoc
2697 4984 2816 5039 est,
2854 4976 2970 5030 dies
3019 4986 3291 5030 mercatus
3322 4979 3616 5031 hebdoma-

2044 5065 2204 5125 darii,
2228 5066 2320 5133 qui
2348 5067 2638 5132 respondet
2658 5066 2777 5120 'diei
2809 5066 3092 5122 Dominico
3118 5077 3328 5121 nostro.

2111 5158 2166 5209 2.
2201 5156 2366 5211 Basar
2390 5156 2586 5224 Ertesi,
2623 5160 2724 5212 hoc
2743 5160 2979 5220 est,dies
3006 5168 3127 5227 post
3165 5166 3461 5211 mercatum
3487 5159 3612 5211 lteb-

2043 5239 2424 5295 domadarium
2454 5245 2756 5312 proximus,
2817 5246 2932 5300 sive
2983 5245 3247 5314 postridie
3295 5256 3612 5300 mercatus:

2044 5335 2133 5400 qui
2166 5334 2280 5388 dies
2297 5334 2615 5389 Germanice
2639 5335 2747 5390 dici
2773 5335 3060 5390 commode
3083 5345 3259 5404 posset
3285 5335 3615 5404 Aftermark-

2049 5432 2157 5492 tag.
2223 5425 2533 5494 ttespondet
2577 5427 2684 5479 diei
2720 5428 2861 5480 lume
2916 5436 3122 5479 nostro.

2119 5516 2171 5568 5.
2207 5514 2362 5579 Salli,
2399 5523 2688 5586 respondet
2723 5517 2830 5570 diei
2865 5515 3049 5570 Martis
3088 5526 3314 5573 nostro.

2116 5607 2169 5660 1.
2209 5607 2338 5662 05η·
2371 5609 2650 5674 schantba,
2675 5609 2726 5662 id
2754 5618 2855 5670 est,
2877 5618 3104 5678 quartus
3133 5608 3248 5664 dies
3274 5607 3614 5678 :quemi’er-
