4048 6208
530 228 644 302 ’⁵139

1749 238 1935 308 ΙΟΑΝ
1950 250 1990 308 Ν
2007 251 2074 309 ts
2112 242 2576 312 LEUNCLAYll

3650 236 3751 311 ii)

539 352 657 405 sica
691 350 875 421 lingua
907 360 984 407 sic
1013 352 1065 408 et
1105 354 1203 423 ipsi
1236 366 1452 421 vocant,
1490 358 1566 409 uti
1603 373 1701 411 nos
1722 359 1913 412 feriant
1935 376 2097 429 quar-
2127 367 2167 421 Α
2200 362 2321 417 aliis
2353 362 2639 415 Annalium
2672 358 2806 414 locis
2842 370 3124 412 cruentus.
3159 352 3313 409 Facit
3364 348 3631 411 Laonicus
3675 373 3755 413 se-

540 451 646 495 tam
674 443 857 498 dicere
887 443 1149 508 solemus,
1189 448 1279 514 qui
1322 446 1576 502 Mercurii
1618 450 1732 503 dies
1756 460 1860 505 est.

611 532 665 589 ὅ.
702 533 1049 597 Peschembe,
1074 535 1177 590 hoc
1201 548 1306 602 est,
1346 539 1463 596 dies
1481 542 1728 610 quintus,
1780 543 1958 612 lingua
2010 545 2101 599 iti-

537 627 663 681 dem
689 627 905 681 Persica
938 644 952 680 :
996 627 1158 681 veluti
1195 643 1295 684 nos
1313 629 1509 686 feriam
1535 634 1789 701 quintam
1817 646 2098 700 vocamus,

537 719 628 787 qui
652 715 803 771 Jovis
825 717 949 771 dies
972 727 1075 773 est.

609 809 659 863 6.
694 808 943 872 Dsiuma,
964 808 1179 867 duabus
1213 812 1458 882 syllabis,
1486 816 1600 886 (alii
1634 814 1805 869 Zuma
1833 819 2097 885 scribunt,

536 899 790 969 et‘Zuna)
816 901 896 956 vel
923 901 1138 957 Dsi‘uma
1164 904 1305 971 μιαί,
1333 908 1477 975 quod
1533 907 1801 977 significat
1846 911 1985 965 diem
2018 927 2104 966 cc-

528 992 715 1047 ‘clesia:
761 992 879 1047 sive
904 994 1127 1063 templi.
1182 995 1315 1051 Nam
1349 996 1577 1055 Veneris
1626 1000 1769 1054 diem
1812 1002 2101 1056 feriantur.

608 1082 661 1137 7.
699 1082 923 1141 Bsiuma
949 1084 1155 1152 Ertesi,
1194 1088 1297 1143 hoc
1328 1098 1431 1155 est,
1468 1090 1683 1155 ὲπίϐδα,
1720 1092 1908 1147 Greco
1946 1110 2102 1146 voea-

530 1173 665 1227 ‘bulo
682 1172 993 1240 Pindarico,
1028 1178 1185 1243 quasi
1214 1178 1260 1231 si
1308 1179 1477 1244 dicas,
1508 1181 1865 1249 postfest—um,
1900 1184 1985 1237 vel
2012 1184 2103 1252 Af-

530 1268 861 1338 terfefertag,
882 1268 1229 1324 Germamice.
1246 1266 1422 1341 Vulgo
1443 1272 1661 1328 Saturni
1684 1273 1820 1327 dies.

629 1381 715 1436 19..
744 1378 1024 1435 Somnium
1053 1381 1349 1466 Ertucufis,
1388 1384 1582 1448 (Ionia,
1634 1384 1766 1439 luna
1823 1373 2013 1441 Turcis

1166 1465 1466 1521 auspicata.

605 1535 781 1598 Valde
810 1541 1216 1608 superstitiosos
1237 1560 1360 1600 esse
1417 1544 1703 1601 Tureosin
1749 1547 2103 1602 observandis

535 1634 795 1700 somniis,
821 1633 1255 1691 animadvertere
1291 1636 1467 1690 lector
1494 1639 1670 1706 petuit
1693 1654 1756 1693 cx
1784 1640 2102 1694 narratione

534 1722 915 1792 Supplementi
942 1733 1152 1789 nostra,
1185 1724 1254 1779 de
1306 1724 1476 1780 initiis
1498 1727 1810 1783 decennalis
1877 1729 2103 1798 hujusce

532 1810 665 1867 belli
695 1810 918 1867 Persici.
948 1809 1064 1867 Hoc
1091 1820 1273 1866 autem
1302 1811 1578 1869 Ertneulis
1625 1815 1693 1871 de
1734 1816 1971 1871 Osmane
1997 1818 2103 1872 ﬁlio

534 1903 834 1966 somnium,
872 1918 981 1973 quo
1016 1904 1225 1973 ingenti
1247 1909 1668 1976 comparabatur
1716 1910 1919 1977 arbori,
1978 1925 2100 1966 cum

541 1996 665 2069 aliis
697 1996 1069 2067 sequentibus,
1104 2010 1203 2065 per
1229 2007 1312 2052 est
1352 1998 1398 2052 ei
1424 1998 1623 2063 simile,
1675 2000 1823 2068 quod
1842 2000 2103 2073 Astyages

532 2098 633 2143 rex
668 2086 951 2142 lectorum.
970 2086 1037 2141 de
1063 2086 1229 2157 Cyro,
1249 2104 1316 2143 ex
1337 2088 1446 2143 illia
1472 2102 1665 2157 nepote
1689 2106 1808 2157 suo,
1845 2094 1911 2148 ab
1932 2095 2105 2149 Hero.

532 2179 668 2235 'doto
695 2189 749 2233 et
778 2179 903 2233 aliis
924 2178 1265 2249 expositum,
1304 2181 1511 2239 habuit.
1565 2183 1733 2238 Conia
1761 2199 1887 2240 vero
1910 2184 2104 2243 Turcis

539 2272 666 2327 urbs
687 2280 773 2327 est
791 2270 1131 2326 Carmania
1156 2272 1270 2325 sire
1295 2272 1520 2338 Cilicia),
1557 2290 1719 2344 quam
1752 2274 1924 2332 (ἕτεεί
1958 2276 2105 2331 diee-

532 2361 959 2419 ‘bantlconium.
995 2360 1196 2417 Leonis
1227 2361 1498 2431 Sapientis
1534 2366 1877 2436 imperatoris
1909 2369 2105 2424 Novel-

534 2456 589 2509 la
609 2454 676 2508 de
701 2453 939 2509 Turonis
969 2454 1282 2511 accuxatius
1308 2455 1449 2510 hanc
1473 2457 1524 2510 in
1550 2456 1824 2527 Lycaonia
1853 2460 2101 2515 collocat.

529 2545 1005 2616 Cbalcoeondyles
1021 2545 1198 2601 Cariae
1222 2545 1352 2603 lacu
1385 2547 1555 2604 urbes
1582 2549 1889 2605 Larand‘am
1916 2562 1969 2607 et
1998 2552 2102 2607 To-

538 2642 810 2705 t'oaeium,
842 2639 934 2693 ubi
955 2647 1078 2693 uota
1100 2637 1393 2694 confusum
1416 2655 1540 2695 eum
1572 2644 1792 2697 nomine
1813 2645 2099 2699 articulum

530 2724 893 2793 'Toconeium,
922 2746 1020 2800 pro
1056 2731 1354 2787 Toiconion
1386 2747 1402 2787 :
1474 2741 1536 2786 ut
1580 2732 1709 2787 alibi
1763 2733 2123 2803 Tosibininm,

540 2838 609 2891 qn
619 2837 758 2890 eque
777 2822 975 2877 scribit.
993 2821 1141 2875 idem
1157 2821 1455 2890 interpres,
1476 2821 1680 2877 Ardelii
1722 2823 1838 2879 sive
1866 2825 2105 2881 Transii-

541 2915 717 2971 vaniar.
735 2914 951 2976 urbem,
981 2927 1103 2979 qua:
1127 2912 1357 2965 articulo
1396 2930 1423 2965 a
1455 2914 1679 2968 nomine
1718 2916 1991 2983 disjuncto
2023 2920 2107 2974 Si-

540 3007 748 3062 hinium
779 3012 889 3069 est,
919 3004 1002 3059 vel
1025 3003 1328 3070 Cibiin'tum,
1354 3011 1419 3057 ut
1436 3004 1598 3059 hodie
1644 3008 1912 3063 scribunt.
1934 3010 2102 3064 Conia

546 3099 934 3156 recentioribus
964 3097 1285 3166 geographis
1307 3097 1611 3165 appellatur
1636 3098 1842 3168 Cogita,
1862 3115 2102 3170 pronun-

538 3191 768 3245 tiatione
802 3188 1007 3243 Italica.
1042 3188 1194 3254 Quod
1226 3199 1407 3242 autem
1434 3188 1688 3243 Edehalis
1714 3190 1821 3243 illia
1848 3208 1941 3261 per
1966 3195 2104 3249 luna:

534 3278 881 3350 splendorem
912 3278 1337 3348 significaretur,
1366 3279 1426 3332 in
1447 3295 1512 3332 eo
1532 3279 1906 3336 felicissimum
1933 3285 2105 3352 quod-

538 3374 660 3427 dam
679 3387 838 3426 omcn
866 3381 1005 3434 erat,
1036 3386 1101 3425 ex
1132 3371 1392 3439 Opinione
1456 3371 1857 3428 Saracenorum
1879 3390 1940 3428 ae.
1969 3372 2106 3428 Tur-

540 3478 764 3517 eorum:
795 3462 887 3531 qui
915 3462 1280 3524 lunam,vclut
1312 3462 1539 3531 imperio
1562 3479 1661 3518 suo
1695 3463 1841 3518 fatali
1874 3466 2104 3534 quadam

540 3555 658 3625 lege
680 3556 970 3623 propitiam
1002 3564 1052 3608 ct
1086 3555 1450 3624 auspicatum,
1483 3557 1675 3610 mirum
1703 3570 1967 3626 quantum
2010 3562 2107 3615 ha-

544 3646 672 3698 bere
697 3644 887 3696 virium
910 3643 1071 3713 402
1115 3645 1168 3697 in
1229 3646 1616 3711 portendendis
1674 3649 2106 3721 adjuvandisque

546 3736 890 3789 successibus
913 3744 1202 3788 conatuum
1233 3752 1482 3801 suorum,
1519 3746 1581 3790 ut
1600 3739 1917 3794 etiamnunc
1949 3743 2107 3797 hodie

541 3828 622 3881 sic
652 3840 867 3895 semper
895 3826 1300 3878 existimarunt.
1368 3826 1566 3881 Errant
1593 3829 1737 3881 enim
1794 3841 1870 3895 (et
1901 3831 1954 3885 in
2024 3834 2106 3888 his

541 3931 627 3972 est
673 3916 996 3970 Franciscus
1050 3915 1382 3969 Sansovinus
1449 3915 1707 3989 Venetus)
1759 3921 1852 3989 qui
1899 3920 2107 3977 Turcos

542 4008 789 4062 scribunt
820 4008 1044 4060 subacto
1080 4007 1314 4075 primum
1368 4004 1653 4062 Bozinensi
1722 4025 1908 4077 regno,
1941 4011 2107 4079 impe-

539 4107 696 4151 rante
723 4096 950 4152 Sultano
972 4096 1302 4151 Muchcmete
1328 4095 1388 4159 ll,
1442 4097 1623 4152 lunam
1670 4111 2007 4156 crescentem
2033 4102 2107 4155 si-

538 4191 661 4261 gnis
686 4190 1010 4243 militaribus
1030 4191 1368 4259 apposuisse.
1389 4187 1521 4243 Nam
1543 4190 1589 4245 si
1613 4206 1796 4245 verum
1820 4193 1925 4247 hoc
1942 4205 2106 4259 esset,

540 4296 649 4335 non
682 4282 861 4334 lunam
912 4281 1177 4335 duntaxat
1220 4282 1578 4349 accepissent,
1629 4282 1867 4338 exclusis
1912 4284 2105 4351 stellis,

2204 462 2347 518 ptem
2377 468 2604 507 numero
2627 452 2815 515 duces,
2856 449 2949 519 qui
2981 447 3255 516 regionem
3292 446 3459 501 armis
3488 447 3752 502 subactam

2203 542 2351 596 inter
2375 558 2433 597 se
2463 541 2765 613 diviserint.
2799 539 2905 594 llos
2936 554 3045 593 uno
3076 546 3283 592 tantum
3309 538 3427 591 loco
3454 553 3758 592 nonrecen-

2204 643 2287 688 set
2312 648 2523 688 omnes.
2557 632 2866 686 Caramano
2903 632 3034 685 dicit
3091 630 3349 699 obtigisse
3375 631 3756 683 mediterranea

2205 725 2450 795 Phrygia:
2477 725 2717 795 majoris,
2749 738 2872 776 cum
2902 722 3093 777 Cilicia
3131 742 3145 777 :
3179 722 3336 793 cujus
3362 734 3395 775 a
3428 721 3644 775 nomine
3670 720 3751 773 Ci-

2206 817 2351 881 licia,
2383 817 2523 869 dicta
2558 815 2754 870 deinde
2783 812 3110 869 Caramania
3172 813 3291 876 fuit,
3339 813 3391 867 in
3445 812 3751 866 hodiernum

2208 920 2381 975 usque
2409 905 2554 959 diem
2589 905 2689 959 hac
2703 904 3063 974 appellatione
3080 904 3335 957 durante.
3353 902 3614 958 Sarchanl
3639 918 3755 958 sors

2205 997 2529 1073 maritimam
2548 997 2710 1051 lonia
2724 996 3019 1065 regionem,
3041 992 3326 1064 Smyrnam
3359 1007 3532 1063 usque
3557 996 3733 1048 tribuit

2205 1087 2360 1144 Unde
2388 1090 2704 1145 Sarchania:
2729 1103 2925 1143 nomen
2987 1098 3072 1143 est
3130 1089 3342 1158 adepta,
3402 1088 3628 1144 testibus
3679 1090 3755 1144 his

2202 1184 2525 1248 Annalibus,
2565 1195 2621 1237 et
2676 1183 2933 1245 Laonico,
2986 1190 3039 1237 et
3080 1182 3375 1237 secretario
3432 1181 3748 1251 Sigismundi

2204 1272 2519 1338 Malatesne,
2550 1273 2752 1343 quires
2782 1273 2835 1327 in
2873 1271 3338 1342 AsiaGrazeiaque
3383 1287 3445 1327 se
3506 1284 3753 1341 pnes-alte

2205 1374 2408 1433 gestas,
2438 1374 2561 1419 ante
2592 1378 2767 1420 annos
2796 1364 2919 1434 plus
2948 1365 3129 1420 minus
3164 1365 3255 1427 80,
3274 1364 3579 1434 descripsit.
3610 1363 3752 1419 Orteo

2207 1456 2276 1507 lio
2313 1456 2539 1510 Sarcum
2565 1455 2785 1511 dicitur.
2815 1454 3045 1519 Calami,
3072 1467 3129 1511 et
3160 1456 3277 1525 lilio
3302 1456 3517 1520 Carasi,
3551 1455 3758 1510 obvenit

2204 1544 2396 1616 Lydia,
2430 1562 2603 1616 usque
2635 1547 2700 1602 ad
2729 1545 2953 1617 Mysiam
2986 1567 3000 1602 :
3046 1562 3167 1616 quin
3194 1546 3341 1618 regio
3388 1546 3611 1603 Cat-asia
3668 1548 3760 1600 l'uit

2207 1639 2497 1708 appellata.
2531 1638 2819 1710 Reperitur
2850 1640 2953 1695 hoc
2980 1654 3179 1696 nomen
3206 1640 3260 1694 in
3295 1640 3382 1695 his
3447 1640 3757 1703 Annalibus,

2202 1741 2258 1783 et
2288 1729 2431 1799 apud
2461 1730 2759 1784 indicatum
2823 1730 2987 1785 ιιιοιιο
3038 1729 3328 1785 Malatenie
3393 1730 3757 1797 secretarium,

2202 1820 2294 1888 qui
2327 1819 2647 1891 Pergamum
2675 1821 2733 1875 in
2770 1819 2993 1875 Carasia
3016 1821 3269 1876 collocat.
3296 1821 3381 1875 Ab
3404 1821 3612 1876 Ortelio
3643 1819 3760 1875 Bec-

2202 1912 2377 1981 sangil
2406 1927 2467 1966 ea
2497 1925 2626 1981 pars
2648 1912 2913 1967 Anatolius
2965 1911 3304 1966 nominatur.
3351 1911 3558 1968 Osman
3610 1912 3758 1967 Ertu-

2204 2001 2343 2056 culis
2381 2000 2526 2056 filius
2557 2000 2887 2071 Bithyniam,
2946 2016 3069 2057 cum
3120 2002 3437 2072 regionibus
3496 2003 3757 2071 Olympum

2202 2108 2393 2148 versus
2420 2090 2816 2163 speetantinus,
2845 2103 2899 2147 et
2932 2109 3055 2147 cum
3084 2092 3270 2148 Tekin.
3342 2102 3538 2148 nactus
3565 2103 3662 2148 est.
3685 2094 3758 2148 Ab

2204 2184 2309 2238 hoc
2341 2182 2620 2248 Osmania,
2644 2184 2728 2239 vel
2752 2180 3065 2249 Othmania,
3094 2183 3556 2252 quemadmodum
3588 2184 3759 2240 hacte-

2205 2289 2311 2328 nus
2342 2275 2430 2327 alii
2459 2274 2728 2337 scribunt,
2762 2275 2951 2328 dicta:
2988 2274 3145 2343 cujus
3206 2274 3258 2328 in
3316 2275 3617 2330 Annalibus
3665 2276 3758 2330 sub

2208 2365 2446 2436 Bajazite
2476 2366 2650 2435 primo
2681 2366 2738 2419 fit
2769 2367 2992 2419 mentio.
3032 2366 3210 2434 Atque
3237 2365 3387 2420 haud
3409 2368 3544 2431 scio,
3570 2383 3633 2419 an
3666 2382 3760 2419 non

2209 2458 2260 2510 in
2294 2458 2624 2527 Synonymia
2654 2456 3017 2527 geographica
3045 2454 3262 2519 Ortelii,
3285 2472 3398 2525 quo
3418 2457 3538 2512 loco
3559 2458 3621 2512 de
3646 2458 3759 2510 Δςίει

2210 2548 2405 2602 minori
2438 2547 2565 2617 agit,
2607 2547 3007 2602 Cottomanidia
3030 2547 3099 2602 sit
3129 2547 3330 2601 rectius
3360 2547 3482 2603 haec
3516 2547 3626 2617 ipsa
3658 2547 3760 2600 sire

2206 2637 2656 2703 Otltmania,sivc
2702 2637 3074 2700 Olhmanidia,
3138 2638 3295 2705 cujus
3343 2647 3529 2693 tamen
3580 2637 3761 2691 limites

2209 2732 2333 2785 istic
2377 2732 2560 2794 latius,
2581 2746 2745 2800 quam
2774 2732 2977 2798 parsit,
3010 2731 3263 2785 videntur
3285 2730 3533 2786 extendi.
3562 2731 3760 2783 Anium:

2209 2823 2349 2877 ﬁlios
2383 2820 2835 2876 traditLaonicus
2852 2821 3136 2890 accepisse
3167 2820 3619 2891 Paphlagoniam,
3650 2834 3761 2873 cmn

2208 2916 2278 2968 iis
2315 2928 2434 2981 qua:
2457 2913 2523 2966 ad
2559 2912 2828 2965 Euxinum
2864 2921 3114 2980 vergunt.
3148 2909 3222 2964 Ea
3281 2909 3452 2966 fuerit
3507 2911 3764 2965 Pendera-

2215 3008 2287 3060 tia
2309 3007 2537 3064 scilicet,
2566 3003 2632 3057 de
2652 3017 2756 3072 qua
2772 3002 3025 3069 superius
3055 3002 3260 3056 dictum
3283 3002 3334 3055 in
3354 3001 3759 3057 Osmanidarum

2214 3096 2548 3164 genealogia,
2575 3094 2657 3148 vel
2688 3094 2867 3161 potius
2897 3092 3289 3147 Pendcraehia.
3329 3093 3567 3148 Vocatur
3598 3101 3758 3147 autem

2212 3190 2299 3243 lric
2329 3189 2562 3242 Amm-as
2588 3184 2947 3256 Pachymerio
2964 3184 3240 3249 Amurius,
3266 3198 3399 3239 cum
3420 3202 3528 3256 quo
3557 3185 3764 3239 Reince-

2212 3281 2331 3334 eius
2360 3279 2581 3343 alicubi,
2607 3277 2900 3348 Gregoram
2931 3288 3176 3343 secutus,
3203 3277 3762 3332 AlisuriumCarania-

2212 3387 2342 3426 num
2372 3371 2706 3425 contundere
2736 3371 2947 3423 videtur
2975 3386 2988 3422 :
3025 3367 3190 3423 Omcr
3223 3368 3275 3421 in
3308 3370 3610 3425 Annalibus
3636 3366 3761 3422 Tur-

2192 3462 2583 3525 cicisdicitur,
2618 3461 2711 3529 qui
2744 3460 2959 3515 Omeris
2993 3459 3424 3529 filiosappellant
3445 3459 3763 3516 l'svendiares

2214 3556 2402 3625 begos,
2429 3554 2658 3623 Sinopes
2694 3555 2857 3608 etiam
2877 3553 3143 3616 dominos,
3172 3550 3414 3605 Laonico
3440 3548 3762 3620 Sphendcres

2213 3654 2306 3700 aut
2356 3646 2660 3714 Spenderes
2717 3649 2857 3699 unde
2931 3662 3124 3700 nomen
3214 3643 3618 3702 l’cnderachitc.
3686 3655 3766 3693 ve-

2212 3734 2309 3791 luti
2334 3735 2807 3805 Spbcnderacbim.
2832 3735 2966 3790 Belli
2986 3736 3290 3790 nominatur
3308 3735 3429 3790 haec
3447 3734 3557 3805 ipsa
3582 3731 3761 3786 Pende-

2215 3833 2411 3884 rachtte
2429 3833 2510 3883 vel
2531 3828 2986 3898 Sphendcraehim
3010 3830 3154 3894 regio
3176 3828 3225 3880 in
3245 3828 3440 3882 Urtelii
3480 3825 3651 3879 tabula
3670 3819 3762 3875 Na-

2209 3920 2380 3983 tolire,
2399 3918 2595 3988 priscis
2616 3917 3005 3987 Paphlagonia.
3026 3919 3091 3970 Et
3107 3918 3272 3970 credo
3296 3915 3434 3971 Belli
3457 3931 3633 3970 vocem
3655 3930 3763 3984 pro.

2214 4014 2401 4066 vincia:
2418 4012 2598 4065 datam
2613 4027 2643 4064 a
2659 4012 2877 4064 civitate
2897 4009 3052 4072 Belli,
3072 4023 3191 4077 qum
3212 4006 3465 4063 Turcicis
3484 4008 3763 4061 Annalibus

2214 4113 2298 4158 est
2320 4101 2455 4167 Beli,
2470 4102 2608 4157 sicut
2630 4102 2788 4155 iidem
2807 4116 2857 4156 et
2878 4102 2990 4171 agri
3018 4098 3266 4155 Bolensis
3284 4100 3660 4153 meminerunt.
3681 4096 3763 4149 Est

2216 4208 2373 4249 etiam
2428 4191 2483 4247 in
2504 4192 2633 4247 Asia
2674 4193 2871 4246 minori
2917 4190 3185 4244 Mendesia
3211 4190 3383 4258 regio,
3409 4190 3563 4258 cujus
3582 4186 3765 4253 princi-

2215 4301 2332 4354 pem
2361 4276 2625 4338 Laonicu's
2645 4282 3043 4337 Mendesietitct
3068 4280 3378 4335 Melllieaeﬂl
3410 4289 3582 4342 vocat,
3608 4290 3762 4345 nepo-

536 4388 662 4441 qum
687 4374 740 4427 in
778 4373 897 4441 ejus
950 4372 1099 4439 regni
1128 4372 1299 4440 signis
1323 4388 1445 4425 cum
1488 4371 1639 4427 Luna
1675 4375 1975 4442 conjuncta:
1996 4391 2115 4430 cero
2143 4393 2194 4453 Β
2223 4384 2328 4430 tem
2359 4376 2598 4428 Calamis
2627 4376 2799 4442 :quod
2829 4372 3113 4427 Mendesizc
3137 4385 3336 4424 nomen
3360 4387 3469 4425 non
3488 4369 3759 4423 Turcicnm

538 4475 767 4519 nuntur.
803 4466 1029 4519 Constat
1059 4464 1225 4519 etiam
1252 4478 1285 4517 θ
1324 4462 1669 4519 Belvaeensis
1720 4466 1969 4530 historia,
2002 4468 2105 4521 Sa-

544 4570 772 4612 racenos
801 4565 924 4609 ante
956 4555 1312 4610 constitutum
1340 4556 1442 4609 hoc
1473 4555 1759 4623 imperium
1787 4555 2103 4624 Turcieum,

541 4650 788 4702 eamdem
814 4647 1067 4701 habuisse
1089 4646 1154 4700 de
1182 4646 1339 4707 luna,
1362 4643 1863 4703 Hahutnetanorum
1896 4650 2106 4703 conati-

546 4740 646 4791 bus
672 4734 1174 4805 etcxpeditionibus
1194 4736 1401 4789 bellicis
1422 4734 1652 4802 favente,
1673 4739 2103 4805 persuasionem.

547 4834 725 4894 Anno,
750 4830 945 4896 inquit,
986 4827 1346 4892 12l8,statim
1369 4837 1492 4898 post
1520 4827 1812 4883 adventum
1838 4828 2107 4887 Christia-

546 4936 741 4975 norum
765 4919 834 4973 ad
864 4918 1187 4980 Damiatam,
1218 4916 1356 4972 facta
1390 4916 1496 4972 fuit
1520 4918 1739 4987 eclipsis
1764 4920 1909 4974 lunas
1943 4922 2101 4990 quasi

544 5011 860 5083 generalis:
918 5023 1083 5077 quam
1156 5017 1347 5065 contra
1403 5006 1707 5063 Saracenos
1765 5010 2101 5079 interpretati

539 5119 751 5167 Sumus,
781 5102 947 5156 veluti
974 5099 1382 5169 portendentem
1412 5112 1606 5152 earum
1658 5097 1953 5162 defectum,
2007 5100 2103 5169 qui

538 5195 642 5249 sibi
658 5195 838 5248 lunam
857 5192 1185 5254 attribuunt,
1207 5191 1261 5243 in
1293 5189 1634 5245 incremento
1652 5190 2105 5259 decrementoque

537 5290 679 5340 tunae
697 5298 942 5354 magnam
975 5284 1079 5339 sibi
1105 5282 1213 5337 vim
1244 5289 1523 5351 ponentes.

532 5401 631 5458 15.
666 5399 744 5453 De
772 5398 989 5451 ducibus
1017 5395 1259 5452 Turciois
1282 5412 1317 5447 α
1336 5395 1521 5464 quibus
1551 5393 1817 5449 Anatolio!
1869 5394 2101 5463 regiones

982 5469 1196 5522 nomina
1219 5466 1422 5520 sortita:
1469 5474 1613 5518 sunt.

609 5561 843 5616 Annales
862 5560 914 5615 bi
939 5574 1038 5615 nec
1055 5561 1249 5614 ducum
1291 5556 1532 5622 nomina,
1576 5572 1672 5612 nec
1694 5555 2100 5628 provinciarum

534 5653 648 5710 hoc
669 5654 789 5710 loco
825 5653 1133 5722 exprimunt
1160 5668 1175 5704 :
1206 5666 1326 5721 qua:
1354 5662 1581 5707 nostum
1608 5666 1671 5705 ex
1698 5649 1955 5716 Laouico,
1988 5658 2098 5702 tum

2210 4466 2427 4535 origine
2458 4474 2613 4533 puto.
2639 4464 2730 4517 sed
2758 4462 3005 4516 Gra‘cum
3035 4501 3050 4520 ,
3079 4471 3131 4514 et
3165 4462 3285 4528 eius
3314 4462 3626 4530 provinciae,
3655 4469 3763 4526 quae

2190 4558 2288 4617 ,sie
2313 4556 2575 4624 appellata
2611 4554 2773 4608 fuerit
2801 4570 2830 4608 a
2858 4553 3077 4607 civitate
3111 4553 3354 4613 ﬂendos,
3386 4554 3545 4621 cujus
3575 4548 3760 4603 mentio

2207 4649 2267 4701 fit
2297 4647 2347 4700 in
2382 4646 2774 4701 constitutione
2802 4643 2999 4698 Leonis
3020 4643 3251 4713 Augusti
3279 4643 3348 4697 de
3416 4642 3605 4697 ordine
3628 4639 3762 4691 thro-

2210 4751 2427 4802 norum,
2454 4745 2709 4803 tanquam
2743 4735 3090 4801 episcopatus
3122 4732 3442 4800 pertinentis
3471 4732 3536 4785 ad
3582 4736 3762 4783 metro-

2208 4828 2370 4896 polim
2428 4825 2926 4894 Stauropolitanam
2986 4825 3040 4877 in
3096 4822 3277 4878 Caria.
3338 4821 3564 4877 Videtur
3614 4819 3759 4871 etiam

2206 4919 2391 4972 eadem
2406 4932 2531 4971 esse
2550 4915 2774 4970 Memlus
2798 4930 2921 4969 cum
2947 4915 3057 4977 illa,
3083 4931 3201 4984 qua:
3230 4913 3459 4985 Myndus
3488 4912 3607 4965 aliis
3637 4906 3760 4962 diei-

2208 5017 2315 5069 tur,
2343 5018 2395 5061 ἀει
2416 5008 2484 5061 ad
2515 5005 2729 5061 Cariam
2758 5021 2973 5074 quoque
3006 5004 3258 5059 refertur.
3290 5002 3458 5073 lleglo
3500 4998 3761 5055 llicndesia

2207 5099 2461 5153 scribitur
2484 5096 2689 5151 Ortelio
2713 5098 2972 5160 Mentem,
3003 5098 3142 5149 sicut
3175 5106 3224 5148 et
3253 5096 3457 5147 nostris
3484 5096 3535 5144 in
3558 5086 3760 5142 Annali-

2208 5191 2332 5246 bus.
2361 5189 2578 5244 Edinis
2623 5188 2857 5256 denique
2904 5187 3056 5240 ducis
3107 5188 3250 5254 apud
3287 5186 3579 5239 Laonicum
3638 5177 3760 5247 typis

2204 5284 2410 5336 editum
2442 5280 2635 5334 nomen
2666 5281 2881 5349 legitur,
2902 5278 2993 5346 qui
3022 5277 3291 5346 regionem
3316 5292 3345 5329 a
3372 5275 3670 5341 Colophone
3698 5266 3757 5319 ad

2205 5376 2389 5429 C’aiam
2421 5388 2597 5441 usque
2622 5388 2683 5427 se
2723 5374 3090 5441 porrigentem
3140 5370 3463 5439 possederit.
3500 5365 3593 5420 llic
3616 5359 3755 5415 Aidin

2209 5469 2310 5537 beg
2336 5465 2532 5520 Turcis
2565 5472 2666 5526 est,
2704 5465 2845 5516 unde
2871 5463 3239 5533 reponendum
3276 5462 3417 5529 apud
3450 5458 3757 5512 Chalcocon-

2206 5559 2381 5629 dylem
2410 5557 2621 5610 Aidinis
2656 5555 2814 5609 ducis
2856 5571 3075 5615 nomen,
3107 5565 3159 5607 et
3191 5555 3328 5623 apud
3357 5550 3612 5604 Ortelium
3672 5554 3760 5608 pro

2205 5648 2452 5703 Aldine-lli
2500 5648 2894 5724 restituendum
2929 5646 3206 5698 Antinetli.
3246 5644 3381 5696 Sunt
3407 5644 3523 5693 altae
3563 5644 3757 5706 quoque
