4048 6208
316 276 410 339 751

1468 274 1867 336 PANDECTE
1900 277 2106 340 lIlS'l‘.
2152 268 2452 337 TURCIC.

3453 260 3571 340 in?

312 393 559 460 regiones
586 389 641 443 in
673 388 944 457 Anatolia,
968 403 1086 459 qum
1116 404 1285 445 novas
1305 391 1695 460 appellationes
1730 399 1888 443 vetc-
1918 409 1958 463 Α
1990 399 2116 445 ante
2142 390 2247 445 520
2273 405 2447 443 annos
2503 388 2655 453 vixit,
2705 380 3057 457 Peclarpaces
3108 388 3444 444 scribuntur.
3505 388 3572 442 Et

311 479 463 531 ribus
484 477 790 548 incognitas
819 479 1039 542 habent,
1068 479 1163 534 sed
1191 495 1284 535 eas
1327 481 1592 534 duntaxat
1640 480 1726 533 hic
1754 494 1889 533 cnu-

304 582 523 622 merare
543 569 837 629 voluimus,
867 570 1065 637 quibus
1096 569 1264 623 indita
1292 569 1462 624 fuisse
1486 570 1653 623 certis
1674 584 1701 621 a
1728 568 1894 623 Duci-

316 660 415 713 bus
458 662 677 713 nomina
708 659 979 715 Laouicus
1001 670 1055 716 et
1079 661 1316 715 Annales
1349 660 1403 715 hi
1433 662 1604 715 nostri
1646 662 1887 715 tradunt.

315 774 400 826 14.
442 770 635 834 Bassa,
672 773 844 837 Emir,
877 774 1063 831 Sarni.
1096 773 1509 838 Carauansarat‘,
1539 774 1715 839 γαῖν,
1745 773 1894 828 Vesi-

420 859 595 895 razem
629 842 930 913 Beglerbeg,
966 842 1117 897 Emir
1153 843 1365 907 ﬂatum,
1406 843 1557 897 Eutir
1587 846 1784 897 Achar.

380 931 552 987 Filius
577 934 713 987 alter
740 934 1019 999 Osmanis,
1049 933 1318 989 Urchanis
1360 935 1532 989 frater
1573 937 1740 989 alium
1779 951 1883 989 non

312 1026 477 1081 habet
499 1027 550 1079 in
578 1026 1142 1091 Annalibnstitulum,
1164 1043 1324 1097 quam
1346 1028 1458 1083 Alis
1486 1028 1639 1082 bassa
1673 1043 1687 1081 :
1740 1029 1884 1098 quod

307 1118 490 1172 basste
516 1116 838 1170 vocabulum
869 1117 1064 1171 Turcis
1091 1126 1254 1186 caput
1281 1119 1568 1188 signiﬁcat.
1605 1118 1887 1173 Falluntnr

312 1214 499 1260 autem
519 1207 612 1274 qui
630 1222 727 1274 pro
751 1206 985 1260 sultanis
1010 1208 1221 1262 vczires
1234 1207 1404 1265 fuisse
1438 1211 1714 1273 dictos,ac
1739 1211 1885 1265 Emi-

318 1315 440 1351 runt
479 1300 723 1367 (Amores
753 1299 855 1366 ipsi
881 1300 1103 1367 vocant)
1127 1302 1180 1352 in
1222 1300 1400 1355 locum
1439 1313 1629 1369 putant
1666 1318 1885 1359 succes-

310 1388 457 1441 sisse
483 1389 670 1442 bassas
701 1398 755 1442 et
802 1389 1155 1459 beglcrbegos
1185 1406 1199 1445 :
1232 1392 1451 1460 (quibus
1501 1404 1554 1447 et
1617 1396 1780 1464 hegos
1815 1396 1883 1451 ab

308 1476 413 1539 eis,
445 1485 498 1531 et
522 1476 807 1547 sangiaeos
827 1476 1073 1547 adiungi,
1132 1479 1281 1533 νεισι
1331 1490 1384 1533 et
1448 1481 1596 1550 ipsos
1643 1482 1881 1537 Emirnm

308 1582 681 1631 successores,
711 1569 883 1640 magis
898 1570 1062 1623 etiam
1097 1570 1287 1640 miror)
1311 1585 1434 1626 cum
1461 1588 1561 1627 vos
1610 1572 1763 1628 Emir
1816 1590 1885 1629 ne

312 1659 475 1716 hodie
513 1661 734 1731 quidem
764 1664 1035 1716 exstincta
1070 1662 1163 1725 sit,
1209 1677 1273 1717 ac
1328 1675 1687 1734 praeterquam
1738 1665 1882 1735 quod

1997 494 2155 539 erant
2179 484 2231 537 in
2262 482 2497 551 imperio
2520 481 2846 536 Saraccnico
2873 481 3035 535 simul
3062 489 3118 536 et
3141 481 3367 544 emires,
3407 490 3462 534 et
3482 498 3572 531 w-

1996 579 2158 639 zires,
2182 582 2240 628 et
2256 573 2586 643 beglerbegi,
2611 573 2775 627 etiam
2807 581 2932 627 ante
2980 573 3355 625 inonarchiam
3379 571 3572 626 Turci-

1993 682 2112 722 c;im
2139 684 2153 721 :
2188 680 2410 736 prorsus
2436 666 2618 720 ut’dici
2660 675 2920 733 nequeat,
2950 679 3047 733 pro
3066 664 3303 718 sultanis
3365 664 3572 719 veaircs

1993 756 2317 825 appellatos,
2341 756 2395 808 in
2420 756 2649 809 emirnm
2685 756 2863 810 locum
2918 756 3251 810 successisse
3307 755 3496 809 bassas
3522 767 3574 807 ct

1991 844 2368 915 bcglerbcgos.
2393 844 2604 914 Quippe
2630 845 2874 899 meminit
2903 845 3352 915 beglerbcgorum
3410 842 3571 897 olIicii

1990 936 2259 992 vetustior
2286 947 2517 1005 praetore
2553 935 2846 1001 Cedrinus,
2878 947 2929 991 et
2954 936 3137 1004 ipsum
3168 950 3365 989 nomen
3393 937 3573 990 inter-

1990 1036 2235 1096 pretatur
2262 1029 2560 1082 archontas
2588 1020 2914 1092 archonton,
2982 1038 3040 1083 ut
3099 1028 3273 1083 nostri
3320 1027 3575 1082 dominos

1988 1121 2337 1175 dominorum
2381 1120 2596 1175 :veluti
2625 1121 2717 1190 qui
2764 1120 2865 1174 sub
2909 1134 2994 1184 se,
3042 1128 3238 1189 praater
3295 1122 3574 1190 gregarios

1992 1212 2213 1278 milites,
2247 1210 2522 1281 spachios,
2553 1212 2832 1277 subassas,
2873 1212 3037 1265 etiam
3086 1211 3376 1280 sangiacos
3409 1222 3461 1266 et
3485 1214 3579 1266 be-

1987 1317 2086 1372 gos
2119 1302 2353 1356 habeant
2391 1319 2404 1355 :
2434 1310 2695 1368 utrosque
2728 1301 2998 1354 minorum
3053 1299 3217 1372 (quod
3251 1301 3423 1369 aiunt)
3448 1316 3578 1371 gen-

1989 1394 2125 1448 tium
2152 1393 2433 1455 dominos,
2463 1392 2531 1445 de
2562 1392 2767 1461 quibus
2822 1406 2921 1444 suo
2953 1391 3093 1445 loco.
3140 1392 3343 1446 Praetor
3404 1392 3575 1454 addit,

1986 1482 2224 1537 oﬁicium
2298 1482 2743 1552 heglerbegorum
2806 1482 3135 1550 respondere
3195 1480 3445 1551 dignitati
3494 1482 3577 1535 vel

1987 1575 2166 1630 ollicio
2196 1575 2416 1629 maximi
2443 1571 3060 1644 stratopedarcbiquem
3086 1587 3228 1625 nunc
3258 1571 3569 1641 generalem

1987 1666 2165 1735 campi
2196 1680 2392 1721 vocare
2414 1666 2679 1720 solemus.
2714 1662 2905 1719 Itidem
2951 1663 3168 1717 Sullano
3232 1664 3402 1718 servit
3424 1671 3575 1717 extra

309 1751 417 1822 ipsi
447 1753 667 1807 sultano
693 1755 910 1823 proprie
945 1762 1241 1823 competat,
1295 1764 1351 1807 ut
1402 1771 1564 1826 supra
1621 1759 1879 1823 divinius,
1914 1781 1957 1838 Β
1990 1753 2233 1809 saraium
2268 1754 2313 1808 is
2346 1755 2439 1822 qui
2498 1754 2699 1807 dicitur
2762 1754 2901 1807 emir
2946 1752 3147 1817 halcm,
3205 1752 3363 1820 cujus
3414 1751 3576 1821 paulo

313 1843 482 1897 etiam
499 1843 673 1899 certis
694 1844 749 1899 in
770 1848 893 1899 aula
917 1847 1190 1899 tribuatur
1208 1847 1503 1902 oﬂiciariis.
1526 1848 1735 1919 Quippe
1755 1860 1884 1904 sunt

310 1938 379 1990 ad
412 1933 655 2001 Portam,
683 1937 824 1991 θωὴ-
859 1938 1072 2003 Halem,
1105 1939 1273 2008 Bujuc
1317 1939 1458 1995 emir
1502 1940 1705 2005 Achar,
1768 1943 1883 2014 (qui

314 2028 543 2082 Prmtori
572 2027 740 2082 etiam
772 2027 935 2099 m
978 2028 1199 2085 Graeciae
1250 2042 1438 2085 nostro
1482 2032 1885 2102 Amyrathurcs

312 2119 536 2191 dicitur)
569 2129 625 2175 et
654 2121 873 2176 Cudzuc
900 2122 1039 2175 emir
1074 2122 1277 2176 Achnr.
1310 2122 1487 2178 Bassa:
1526 2141 1723 2179 nomen
1780 2127 1884 2181 hoc

315 2221 559 2282 tempore
588 2212 749 2267 datur
772 2211 838 2267 iis
866 2213 1128 2282 primum,
1169 2214 1267 2283 qui
1293 2216 1541 2269 vezirutn
1563 2215 1880 2284 dignitatem

313 2304 563 2359 obtinent
592 2317 609 2357 :
641 2303 839 2359 deinde
864 2304 1223 2374 hcglerbegis.
1243 2304 1363 2375 Ipsa
1384 2306 1599 2361 nomina
1625 2322 1748 2362 cum
1778 2307 1884 2363 elﬁ-

313 2394 435 2458 ciis,
470 2407 572 2448 suo
597 2392 1022 2447 deelarahuntur
1051 2407 1081 2447 a
1113 2394 1269 2450 nobis
1319 2396 1437 2451 loco
1462 2397 1752 2466 prolixius.
1787 2398 1884 2453 ilic

314 2487 513 2555 paucis
540 2484 702 2549 addo,
728 2483 901 2538 Ponte
924 2484 1229 2541 Osmanicte
1251 2486 1417 2541 duum
1473 2502 1597 2542 esse
1625 2504 1881 2559 generum

272 2614 277 2623 ρ
313 2576 488 2632 oﬁicia
524 2593 538 2630 :
568 2592 803 2644 quorum
825 2578 926 2630 alia
965 2578 1283 2632 ministeriis
1315 2579 1583 2634 obeundis
1623 2584 1763 2634 intra
1798 2597 1883 2634 sa-

315 2669 492 2723 raium
517 2670 718 2723 sultani
750 2671 1022 2723 destinata
1056 2677 1207 2735 sunt,
1241 2672 1346 2725 alia
1389 2674 1757 2741 procurandis
1790 2688 1883 2727 ne-

316 2762 477 2830 gotiis
506 2761 743 2829 publicis
770 2771 926 2815 extra
963 2763 1225 2817 saraium.
1284 2762 1348 2816 Et
1390 2766 1629 2817 sarainm
1692 2764 1886 2819 Turcis

317 2853 576 2922 palatium
609 2852 871 2921 principis
901 2864 1002 2917 est,
1035 2855 1118 2908 vel
1153 2855 1297 2908 aliud
1335 2844 1574 2925 amplum
1595 2856 1883 2910 azdiﬁcinm
1932 2898 1939 2904 .

318 2958 475 2997 nona
512 2944 651 2997 Csar
694 2960 829 2999 voce
873 2944 1141 3009 Tatarica,
1187 2963 1308 3017 qua:
1356 2964 1536 3019 regem
1592 2948 1883 3018 signiﬁcat,

315 3038 525 3092 dictum
558 3051 575 3089 :
604 3037 748 3091 unde
773 3037 1095 3092 Reincccius
1120 3038 1421 3108 Saragliam
1471 3039 1663 3095 Turcis
1698 3045 1883 3096 vocari

316 3140 493 3199 putat,
522 3139 581 3183 ut
613 3132 844 3201 regiam.
872 3130 1008 3184 Nam
1038 3132 1157 3185 alite
1197 3147 1416 3201 quoque
1470 3134 1686 3198 domus,
1742 3145 1892 3190 extra
1919 3118 1962 3176 ε

316 3224 521 3277 sultani
559 3224 1011 3292 rcgiam,nomen
1059 3225 1163 3277 hoc
1184 3224 1411 3278 ferunt:
1450 3238 1507 3278 ut
1562 3228 1689 3291 illze,
1754 3243 1892 3297 quas

316 3316 660 3369 sultanorum
694 3316 1031 3369 muliercula:
1072 3316 1187 3370 sive
1214 3317 1538 3371 Concubitus
1564 3319 1891 3384 inhabitant,

319 3415 380 3458 ut
402 3405 983 3474 AtschamOglannrum
1034 3408 1198 3472 mdes,
1252 3417 1310 3460 ut
1358 3409 1535 3476 ampla
1591 3408 1890 3465 Turcorum

320 3498 583 3563 hospitia,
612 3498 728 3552 sive
757 3498 1059 3552 diversoria
1093 3498 1330 3567 publica,
1396 3515 1528 3569 quas
1557 3503 1712 3571 vulgo
1744 3517 1894 3557 cara-

321 3592 564 3644 vasarias
594 3590 763 3645 nostri
783 3599 1001 3645 vocant.
1027 3590 1233 3659 Quippe
1256 3589 1493 3647 aTurcis
1513 3598 1891 3650 caravansarai

319 3678 409 3732 vcl
437 3676 579 3732 serui
606 3679 892 3741 dicuntur,
920 3678 1023 3731 hoe
1049 3689 1156 3745 est,
1191 3678 1421 3734 aedilicia
1448 3682 1718 3738 destinata
1740 3701 1895 3739 cara-

319 3771 501 3832 vanis,
547 3785 666 3838 qua:
696 3770 975 3825 hominum
1009 3774 1224 3843 agmina
1259 3784 1386 3828 sunt
1432 3790 1555 3830 cum
1610 3779 1888 3847 jumentis,

319 3863 391 3915 ob
428 3862 684 3917 itinerum
717 3864 953 3933 pericula
978 3868 1258 3918 turmatim
1308 3882 1367 3921 se
1416 3871 1888 3938 conjungentium.

317 3951 558 4007 Consule
588 3953 658 4007 de
682 3954 769 4007 his
807 3953 1053 4021 exposita
1117 3956 1381 4023 prolixius
1441 3962 1620 4026 capite
1660 3959 1786 4015 247.
1819 3960 1894 4015 De

318 4043 513 4096 ollieiis
540 4046 677 4095 intra
704 4044 942 4096 saraium
962 4044 1111 4108 alibi,
1157 4045 1297 4098 sicut
1326 4057 1382 4096 et
1442 4045 1509 4099 de
1554 4046 1674 4100 aliis
1742 4059 1889 4103 extra

319 4118 585 4187 saraium.
620 4133 816 4199 Bassa,
847 4135 914 4187 de
944 4134 1145 4203 quibus
1170 4136 1256 4189 hic
1288 4134 1520 4205 agimus,
1565 4152 1714 4192 extra
1742 4154 1893 4193 sara—

320 4232 433 4281 ium
468 4228 789 4280 muneribus
821 4227 925 4279 sibi
976 4228 1245 4280 mandatis
1300 4228 1622 4295 funguntur.
1658 4230 1721 4283 Et
1753 4231 1894 4286 inter

322 4321 422 4372 hos
449 4320 544 4387 qui
574 4318 734 4386 primi
761 4327 908 4383 sunt,
944 4333 1149 4371 veztres
1174 4320 1433 4373 dicuntur
1461 4338 1474 4385 ;
1506 4323 1735 4387 nostris,
1766 4338 1896 4376 con-

320 4410 517 4464 siliarii
546 4410 767 4473 secreti,
800 4409 881 4462 vel
905 4409 1112 4463 arcani.
1143 4408 1444 4490 Supremos
1496 4422 1701 4473 autem,
1755 4414 1891 4489 ve‘zi-

1996 4429 2322 4483 Honoiiadis
2374 4427 2861 4495 archiepisczipatui
2919 4426 3235 4482 Prusiadem
3295 4432 3511 4496 subjici:

323 4518 502 4559 razem
538 4501 875 4565 nominatur,
903 4516 1023 4569 qua:
1075 4502 1219 4570 apud
1274 4500 1576 4557 Saracenos
1630 4508 1789 4558 etiam
1837 4509 1890 4561 in

325 4610 425 4650 usu
461 4593 719 4663 dignitas,
748 4601 803 4646 et
830 4593 1238 4647 existimatione
1262 4596 1534 4664 praecipua
1565 4597 1685 4652 fuit.
1711 4598 1898 4654 Cedri-

324 4701 429 4739 nus
456 4695 511 4739 et
574 4685 663 4737 alii
713 4686 1183 4755 protosymbulum
1232 4686 1683 4755 interpretantur,
1740 4691 1898 4760 cujus

322 4779 487 4831 etiam
520 4777 727 4830 mentio
755 4776 813 4828 tit
836 4775 1050 4829 inlihro
1068 4779 1137 4830 de
1162 4777 1478 4845 signiﬁcatis
1502 4780 1895 4836 insomniorum

323 4880 485 4934 quem
516 4865 747 4919 antehac
771 4864 1093 4919 Sambucani
1142 4866 1469 4936 exemplaris
1528 4870 1702 4923 mutili
1738 4870 1895 4926 ﬁdem

324 4964 641 5022 sequentes,
668 4955 988 5023 Apomasari
1046 4956 1386 5011 tribuimus:
1435 4974 1558 5013 cum
1620 4959 1898 5017 Achmetis

324 5063 449 5101 eum
487 5056 676 5114 postea
707 5049 1123 5117 cognoverimus
1157 5064 1301 5111 esse,
1332 5049 1402 5105 de
1430 5050 1571 5105 libro
1604 5052 1893 5107 bibliothe-

325 5153 400 5193 οι·
424 5138 788 5206 Caesareas,“
816 5154 925 5207 quo
959 5139 1060 5193 viri
1088 5141 1299 5195 clariss.
1334 5140 1569 5211 Hugonis
1599 5143 1756 5198 Blotii
1782 5145 1832 5199 J.
1855 5144 1895 5199 C

324 5241 377 5284 et
413 5231 728 5298 AngnStalis
751 5231 1150 5285 bibliothecarii
1190 5233 1475 5298 benelicio,
1503 5237 1672 5289 nostri
1694 5237 1897 5292 codicis

326 5327 559 5377 lacunas
583 5336 770 5377 omnes
792 5321 1150 5391 explevimus.
1184 5321 1406 5378 Simeon
1470 5325 1726 5397 Magister
1781 5328 1896 5382 om-

325 5417 541 5472 ciorum
566 5415 763 5469 alicubi
797 5413 1145 5470 Solemanem
1190 5416 1671 5489 Protosymbulnm
1706 5419 1895 5476 Balsa-

330 5521 434 5559 ma:
470 5514 649 5570 vocat,
670 5520 831 5574 quem
862 5504 1109 5560 Zonaras
1141 5507 1571 5577 archisatrapam
1624 5510 1896 5566 Masalmre

327 5594 488 5651 dixit.
530 5594 791 5650 Similiter
814 5606 966 5651 extra
1004 5597 1243 5652 saraium
1269 5608 1397 5652 sunt
1441 5599 1770 5671 beglerbegi,
1801 5605 1891 5672 qui

329 5698 380 5743 et
409 5687 512 5757 ipsi
540 5688 715 5742 bassaa
734 5697 1017 5745 vocantur.
1054 5687 1277 5746 Praetori
1308 5689 1526 5747 Graecia:
1557 5704 1765 5762 nostro,
1797 5698 1889 5767 qui

1985 1856 2110 1903 ante
2131 1846 2499 1901 meminimus.
2516 1846 2847 1900 Vexillorum
2867 1846 3153 1914 praefectus
3165 1860 3449 1913 supremus
3467 1855 3573 1911 est,

1986 1952 2053 1992 ac
2083 1946 2194 1991 tum
2222 1938 2336 2007 ipse
2365 1936 2619 1990 vexillum
2653 1937 2860 2004 regium
2905 1944 3079 2003 gestat
3112 1935 3191 1988 in-
3218 1935 3575 2003 expeditioni.»

1985 2031 2115 2094 bus,
2157 2037 2273 2083 tum
2300 2026 2494 2082 vexilla
2526 2025 2863 2094 heglerbcgis
2908 2025 3065 2079 oll‘ert
3122 2040 3243 2091 sua,
3277 2027 3575 2096 itidemque

1983 2136 2082 2176 sua
2112 2119 2382 2189 sangiacis
2422 2118 2592 2189 begis.
2628 2117 2777 2172 Emir
2805 2116 2976 2171 achur
3028 2118 3225 2171 stabuli
3291 2119 3577 2188 priufectus

1985 2225 2090 2279 est,
2124 2214 2210 2267 cui
2249 2211 2516 2268 vocabulo
2560 2211 2603 2266 si
2659 2209 2847 2281 hujuc,
2882 2221 3253 2282 praponatur,
3284 2194 3457 2278 major
3494 2208 3577 2263 vel

1985 2307 2229 2376 primus;
2260 2305 2304 2359 si
2338 2304 2555 2373 cudjuc,
2588 2302 2763 2356 minor
2793 2311 2886 2356 aut
2922 2302 3192 2358 secumlus
3223 2301 3419 2357 stabuli
3445 2318 3576 2372 prze~

1984 2396 2510 2464 lectusintelligitur.
2543 2394 2617 2447 De
2657 2393 2739 2447 his
2795 2392 2905 2461 jam
2956 2393 3259 2463 percepisse
3317 2394 3573 2448 lectorem

1984 2491 2201 2556 opinor,
2223 2467 2312 2558 qui
2340 2485 2533 2541 Turcis
2554 2486 2741 2549 bassa‘,
2773 2485 2862 2553 qni
2909 2484 3231 2553 bcglerbcgi,
3262 2482 3352 2552 qui
3380 2484 3575 2537 cmircs

1985 2585 2114 2638 sint.
2140 2581 2248 2636 Nec
2271 2583 2675 2646 ignoronomen
2700 2578 2835 2631 emir
2860 2576 3350 2644 Quibir,digmtatis
3374 2578 3424 2630 in
3447 2579 3569 2630 aula

1988 2668 2686 2729 sultanommCaircnsium
2736 2668 3005 2720 maximat.
3042 2665 3147 2719 Sed
3171 2665 3308 2717 intra
3376 2663 3574 2717 limites

1987 2763 2281 2821 coeri-euda
2336 2759 2578 2828 scriptio,
2612 2773 2677 2811 ne
2703 2757 3124 2811 commentarius
3153 2755 3413 2824 prolixior
3470 2754 3578 2808 lcc-

1996 2870 2168 2913 torem
2191 2854 2449 2916 oﬁ'endat,
2473 2862 2567 2905 aut
2612 2851 2809 2918 sat-pius
2837 2849 3020 2902 cadem
3066 2857 3293 2916 repetat.

2379 2943 2470 2998 15.
2504 2938 2886 3004 lsnic,Bursa,
2923 2936 3164 3007 Teggiur.

2066 3063 2295 3118 lsnicam
2330 3059 2466 3122 dixi,
2503 3072 2700 3111 nomen
2736 3054 3057 3109 hodiernum
3088 3062 3142 3107 et
3174 3051 3369 3111 Turcis
3409 3054 3579 3109 usita'

2002 3167 2118 3212 tum
2148 3155 2409 3218 retinens,
2440 3152 2570 3205 licet
2606 3151 2674 3204 ab
2724 3148 2846 3202 aliis
2896 3147 3052 3201 aliter
3106 3147 3399 3211 scribatur,
3455 3164 3577 3215 qua:

1995 3247 2172 3302 Nicaea
2197 3243 2391 3314 priscis
2423 3240 2830 3295 cst.Castaldus
2856 3254 2951 3307 per
2975 3254 3215 3293 errorem
3244 3255 3350 3293 non
3382 3240 3569 3294 urbem

1995 3336 2229 3391 Nicmam
2252 3343 2412 3388 vocat
2436 3329 2746 3395 lsnecham,
2780 3331 2875 3385 sed
2903 3331 3076 3384 lacum
3140 3330 3257 3385 sive
3318 3333 3569 3402 paludem

1995 3430 2311 3493 Ascanium,
2348 3443 2471 3499 qua:
2502 3435 2682 3481 tamen
2714 3425 2875 3479 hodie
2906 3422 3100 3479 Turcis
3150 3426 3294 3481 Acsu
3345 3427 3571 3490 dicitur,

1998 3522 2225 3575 nomine
2252 3519 2597 3590 signiﬁcante
2617 3532 2811 3587 aquam
2862 3513 3043 3571 albam
3095 3518 3211 3572 sive
3267 3518 3569 3588 limpidam.

1994 3614 2051 3667 ln
2085 3612 2272 3667 multis
2301 3612 2447 3665 enim
2485 3610 2708 3679 antiqua
2739 3611 2958 3663 nomina
2991 3608 3070 3664 sic
3125 3608 3435 3676 immolant,
3513 3622 3573 3666 ut

1993 3704 2301 3773 priscorum
2333 3702 2749 3757 similitudinem
2786 3702 3099 3765 retinentia,
3146 3712 3326 3757 tamen
3367 3706 3569 3774 aliquid

1995 3797 2047 3850 in
2084 3796 2267 3865 lingua
2288 3811 2386 3849 sua
2419 3794 2752 3862 signiﬁcent.
2794 3791 2983 3848 Prusae
3041 3810 3234 3849 nmncn
3286 3798 3569 3866 antiquum

1995 3886 2213 3947 retinui,
2243 3884 2459 3938 tametsi
2510 3897 2655 3935 nunc
2707 3881 2877 3936 Bursa
2944 3884 3103 3954 vulgo
3163 3884 3375 3939 dicatur
3410 3904 3573 3958 :quxn

1993 3991 2095 4030 vox
2132 3976 2185 4029 in
2212 3989 2454 4028 errorem
2496 3974 2712 4040 impulit
2738 3972 3069 4035 Bonﬁnium,
3102 3984 3171 4045 ut.
3204 3974 3426 4045 Byrsam
3476 3994 3574 4048 ap—

1992 4069 2217 4135 pellaret
2249 4082 2263 4118 :
2296 4064 2449 4133 quasi
2480 4079 2672 4116 nomen
2711 4063 2812 4116 hoc
2843 4064 3079 4129 aliunde,
3131 4081 3293 4134 quam
3323 4082 3351 4120 a
3402 4068 3574 4124 Prusa

1994 4171 2118 4224 rege
2154 4154 2534 4223 Bithynorum,
2570 4152 2859 4220 acceperit.
2888 4152 2941 4205 in
2973 4152 3169 4210 Leonis
3186 4155 3421 4225 Augusti
3445 4173 3578 4213 con-

1993 4247 2275 4300 stitutione
2314 4245 2379 4298 de
2403 4241 2661 4305 Thronis,
2694 4244 2859 4295 etiam
2885 4242 3173 4312 Theopolis
3207 4250 3319 4303 sive
3350 4249 3440 4303 Dei
3490 4252 3574 4305 οῖ-

1993 4342 2132 4391 vitas
2153 4337 2588 4406 cegnominutur.
2612 4334 2756 4386 Ideni
2781 4336 3248 4403 ClaudiOpolitano
3279 4340 3571 4407 ρτονῖηρίεε

2000 4522 2143 4590 quod
2177 4520 2297 4572 ideo
2331 4518 2650 4581 notandum,
2686 4520 2810 4586 quia
2846 4517 3187 4589 Busbequius
3240 4523 3291 4575 in
3346 4524 3576 4580 Linera-

1999 4609 2082 4661 rio
2118 4606 2438 4660 Prud-adem
2480 4623 2603 4659 cum
2645 4609 2814 4661 Pt‘usa
2849 4610 3115 4675 Confudit,
3150 4609 3386 4682 Tcggiur
3440 4614 3578 4671 Tur-

1999 4697 2135 4751 ciset
2192 4698 2482 4766 provincia:
2514 4712 2733 4766 pr;u5cs,
2766 4715 2925 4766 quem
2962 4701 3063 4768 ipsi
3102 4718 3250 4755 more
3283 4721 3385 4759 suo
3407 4708 3577 4763 deuo-

2000 4790 2207 4843 minam
2233 4805 2261 4843 a
2296 4790 2564 4858 Cujusjue
2592 4792 2883 4858 provinciie
2932 4797 3239 4864 metropoli.
3304 4798 3576 4857 Laonicus

2001 4877 2325 4933 llarmostrn
2377 4881 2633 4943 reddidit,
2689 4896 2807 4950 qua:
2865 4900 2967 4937 Vox
3018 4888 3244 4956 antiquo
3301 4889 3575 4948 Laconum

2001 4983 2100 5021 usu
2136 4968 2403 5036 signiﬁcat
2437 4984 2560 5022 eum
2604 4973 2695 5038 qui
2737 4974 2895 5026 vclin
2932 4977 3140 5044 urbem,
3184 4980 3266 5032 vel
3307 4983 3575 5051 regionem

2000 5062 2228 5131 imperio
2254 5062 2553 5130 subjectam
2581 5063 2832 5127 mittitur,
2863 5075 2919 5120 ut
2972 5066 3091 5134 ejus
3155 5083 3244 5122 res
3284 5074 3578 5128 constituat

1998 5169 2063 5208 ac
2096 5152 2368 5221 disponat.
2400 5153 2608 5207 Praetor
2646 5166 2830 5208 noster
2864 5155 3057 5210 ducem
3109 5158 3345 5227 regionis
3404 5164 3575 5216 inter-

2000 5253 2269 5311 pretatur,
2297 5242 2389 5311 qui
2419 5242 2622 5299 Graecis
2645 5254 2723 5299 est
2766 5245 3049 5315 liigemon.
3096 5245 3186 5302 Sic
3238 5252 3384 5304 enim
3453 5270 3575 5322 per-

2001 5337 2362 5390 turbationem
2400 5350 2581 5390 rerum
2606 5338 2656 5391 in
2688 5339 2813 5392 Asia
2843 5338 3039 5391 minori
3066 5340 3404 5409 describens,
3453 5356 3576 5416 post

1998 5434 2316 5494 occupatam
2352 5439 2382 5479 a
2411 5425 2665 5482 Flandris
2710 5429 3255 5500 Constantinopolim,
3316 5436 3429 5490 ait:
3469 5436 3573 5503 Qui

1996 5519 2163 5572 duces
2192 5519 2314 5572 aliis
2347 5520 2401 5573 in
2435 5519 2570 5575 locis
2601 5520 2692 5573 alii
2740 5521 2958 5575 fuerant
3030 5522 3315 5591 hactenus,
3374 5529 3574 5599 singuli

1997 5609 2270 5677 regionem
2301 5611 2755 5667 administrationi
2779 5628 2891 5669 sure
2923 5615 3291 5683 commissam,
3318 5634 3462 5675 nunc
3487 5622 3575 5677 sui

1995 5702 2133 5770 juris
2165 5702 2468 5759 clﬁciebant
2504 5724 2518 5761 ς
2547 5708 2626 5763 vel
2659 5709 2723 5764 ad
2762 5709 2864 5763 hoc
2892 5708 3113 5779 impulsi
3139 5719 3285 5764 motu
3328 5713 3571 5781 proprio,
