4048 6208
556 280 660 341 'i‘l-ii

1767 255 2093 315 3'0thle
2142 253 2603 313 LEUNCLAVH

3681 250 3784 314 ’ἷῐὶ

554 395 641 450 vel
674 393 741 445 ab
773 384 965 440 incolis
986 380 1064 433 ad
1091 374 1481 433 defendundam
1527 369 1800 437 regionem
1849 365 2120 420 arcessiti.
2154 378 2195 428 Α
2228 381 2346 420 rum
2384 368 2769 419 'l‘urcreorum.
2801 364 3281 434 IUSSllpll,PfllS:Pl
3309 379 3502 419 nomen
3530 367 3784 434 prmsitlis.

558 486 690 552 ρυω
725 492 856 534 sane
884 473 1045 527 verla
1103 483 1186 521 me
1241 461 1742 520 commouefaeiunt
1795 461 1864 512 de
1910 456 2124 526 imperii

555 551 725 632 nostri
767 580 905 627 statu
943 579 1048 618 nou
1076 559 1351 624 dissimili,
1385 567 1506 628 post
1543 556 1849 609 exstinctos
1890 551 2125 619 impera-

557 680 707 724 [ores
739 663 966 718 Sueto's.

747 775 869 828 .16.
906 767 1360 844 ﬁOh—Edreuos,
1402 760 1612 823 Ulubat,
1657 757 1892 827 Caplise.

622 886 960 940 Edrenorum
998 879 1326 949 Teggiurem
1363 873 1496 933 dixi,
1519 872 1587 922 ab
1607 869 1806 937 oppido
1829 866 1968 936 quod
1992 864 2125 918 Tutu

553 980 630 1032 cis
661 985 886 1031 vocatur
924 972 1190 1025 Edrenos.
1227 964 1594 1020 Adranusium
1632 963 1824 1014 ducem
1858 959 1972 1013 sive
1990 973 2127 1025 pra:-
2159 1001 2163 1004 .

553 1071 723 1126 sidem
758 1067 1026 1121 dixissent
1051 1061 1222 1116 Graeci
1257 1068 1480 1113 veteres.
1523 1054 1726 1109 Civitas
1771 1052 1882 1120 ipsa
1941 1049 2125 1117 Bithy-

553 1164 678 1222 nim.
715 1176 820 1214 non
858 1156 1098 1228 procula
1138 1151 1309 1205 Prusa
1340 1149 1523 1203 distat.
1548 1143 1878 1199 Constitutio
1917 1141 2123 1194 novella

548 1253 750 1308 Leonis
781 1249 1006 1319 Augusti
1041 1247 1106 1299 de
1134 1241 1372 1304 throuis,
1435 1238 1806 1306 episcopatum
1878 1234 2124 1287 Adranu-

553 1345 695 1400 sitim
750 1338 1032 1404 metropoli
1087 1331 1484 1390 Nicomediensi
1555 1327 1823 1398 Bithynia:
1877 1323 2120 1392 subjicit.

552 1435 817 1506 Oppidum
849 1433 1115 1491 Adranes,
1157 1440 1352 1496 genere
1389 1429 1607 1482 neutro,
1645 1418 1845 1488 priscis
1883 1414 2123 1485 appella—

553 1505 735 1583 batur.
772 1525 973 1579 Ulubat
998 1521 1254 1591 oppidum
1287 1524 1478 1570 vocant
1513 1513 1698 1571 Turci,
1739 1509 1879 1577 quod
1916 1505 2119 1575 Lupadi

548 1619 754 1674 nostris
786 1615 1106 1687 geographia
1137 1612 1355 1666 dicitur.
1384 1611 1590 1663 Praetor
1645 1603 1863 1658 Graecia:
1914 1608 2118 1662 noster,

551 1723 607 1767 et
637 1708 1118 1776 Chaleocoudyles,
1146 1704 1443 1773 Lopadium
1480 1698 1780 1752 nominaut.
1828 1691 1938 1748 Nec
1997 1707 2122 1761 pro-

545 1804 636 1857 cul
669 1821 695 1854 a
731 1801 975 1854 l‘alormo
998 1799 1159 1850 situm
1193 1804 1273 1848 est
1306 1794 1652 1863 (Panormum
1703 1790 1889 1841 dixere
1937 1784 2112 1840 Graeci
2149 1770 2189 1822 Β

547 1893 891 1962 ευιτειτίοτιιιη
912 1890 1154 1956 mtatum)
1189 1885 1273 1938 uhi
1307 1884 1504 1939 veteris
1535 1881 1687 1936 urbis
1718 1877 1898 1949 Cyzici
1943 1876 2115 1931 ruina:

553 1987 694 2040 inter
725 1985 944 2052 copiosa
987 1981 1180 2034 rudera
1223 1972 2016 2039 marmorumconspiciuntur,
2061 1976 2114 2022 et

549 2081 675 2134 vina
705 2076 904 2130 nobilia
929 2082 1244 2130 nascuntur.
1279 2068 1478 2138 quibus
1504 2082 1626 2120 cum
1663 2065 1935 2132 voluptate
1971 2064 2140 2114 Con--

552 2167 898 2237 stantinopoli
925 2163 1214 2218 salubriter
1231 2160 1535 2216 utebamur.
1568 2158 1678 2211 Vox
1701 2155 1919 2224 Caplize
1984 2151 2111 2206 l‘ur-

551 2263 632 2316 cis
655 2260 884 2314 calidam
917 2271 1113 2327 aquam
1149 2255 1263 2309 sive
1319 2253 1576 2306 balneum
1643 2248 1930 2312 signiﬁcat,
1993 2261 2116 2314 qua:

549 2352 753 2406 Gra'cis
795 2350 1016 2403 thermae
1037 2354 1186 2401 sunt.
1231 2342 1296 2397 Et
1361 2348 1682 2410 supererant
1738 2339 1921 2394 Prusa:
1971 2349 2115 2389 nunc

547 2445 713 2498 etiam
747 2442 812 2494 ad
845 2439 1044 2494 montis
1073 2434 1280 2508 Olympi
1319 2433 1508 2503 pedem
1535 2433 1755 2485 thermae
1779 2427 2118 2498 pnestantis-

551 2533 725 2595 simae,
760 2547 824 2584 ac
883 2529 934 2582 in
971 2527 1162 2596 primis
1200 2525 1439 2580 celebres
1471 2543 1485 2577 :
1525 2536 1648 2578 eum
1707 2535 1769 2574 ex
1829 2519 2115 2581 intervallo

549 2639 660 2677 non
685 2635 899 2690 magno.
938 2634 1092 2688 aqum
1121 2618 1309 2680 calida:
1340 2618 1540 2685 pariter
1582 2622 1636 2666 et
1683 2611 1912 2679 frigidm,
1976 2610 2116 2663 miro

549 2724 758 2770 naturae
785 2712 1067 2774 beueticio,
1097 2711 1323 2778 largiter
1346 2708 1628 2762 cbulliaut.
1668 2705 1826 2774 Apud
1887 2703 2116 2773 Stepha-

549 2819 702 2868 num,
731 2804 821 2872 qui
846 2802 1042 2855 librum
1091 2801 1154 2852 de
1205 2800 1434 2852 urbibus
1486 2795 1728 2866 scripsit,
1776 2793 1984 2848 Ortelio
2036 2793 2115 2847 ci-

552 2905 719 2957 tante,
747 2892 980 2946 Therma
1011 2890 1230 2958 legitur,
1263 2887 1415 2963 locus
1464 2876 1690 2947 Prusiae’,
1750 2883 1958 2954 (Prusae
2002 2883 2118 2936 vult

550 2997 682 3058 puto
713 2988 912 3049 dicere,
942 2995 1252 3052 quanquam
1308 2987 1362 3033 et
1410 2977 1651 3046 alioquin
1695 2977 1812 3031 hate
1859 2968 2118 3030 mendosa

547 3073 804 3142 arbitror)
834 3071 1002 3140 quiet
1034 3067 1264 3122 Basilica
1304 3075 1542 3120 vocetur.
1576 3064 1674 3119 llic
1702 3065 1790 3118 ille
1831 3065 1982 3118 locus
2034 3070 2119 3117 est

550 3165 897 3218 basilicarum
926 3161 1041 3214 sive
1072 3156 1341 3225 regiarum
1360 3157 1718 3217 thermarum,
1746 3168 1854 3222 quo
1875 3153 1943 3206 de
1972 3166 2119 3205 nunc

548 3259 785 3327 agimus.
805 3253 937 3307 Nam
971 3251 1113 3320 quod
1155 3249 1411 3319 oppidum
1455 3246 1813 3300 Thermarum
1862 3243 2119 3299 Basilica-

551 3366 670 3404 rtttn
707 3350 758 3401 in
783 3345 1004 3399 Novella
1039 3342 1236 3396 Leonis
1257 3343 1481 3409 Augusti
1519 3338 1806 3408 reperitur,
1833 3337 1976 3391 aliud
2013 3344 2118 3400 est,

553 3456 616 3494 ac
649 3437 864 3505 longius
911 3443 1179 3500 remotum
1205 3447 1233 3485 a
1261 3431 1452 3496 Prusa,
1502 3431 1997 3500 cumepismpatus
2028 3429 2118 3484 ille

554 3525 838 3596 metropoli
862 3521 1183 3578 Caesariensi
1219 3521 1580 3591 Cappadocia
1605 3520 1953 3589 subjiciatur.

551 3661 557 3666 ·
631 3639 714 3693 l7.
751 3634 898 3692 Mons
924 3633 1323 3704 Calogerorum,
1383 3634 1750 3700 Genischelter,
1784 3633 2032 3702 Iussuph.

626 3753 858 3813 Montem
895 3755 1305 3811 monachorum,
1335 3750 1426 3818 qui
1456 3747 1651 3817 legitur
1688 3748 1770 3801 hic
1798 3747 1852 3800 in
1891 3747 2113 3801 Annali.

555 3849 677 3913 bus,
705 3848 866 3902 Tui-ci
891 3861 988 3899 sua
1016 3845 1198 3913 lingua
1241 3849 1432 3894 vocant
1487 3837 1714 3893 Gescltis
1755 3833 1908 3906 dage,
1942 3837 2118 3892 Graeci

555 3941 852 4009 Kalogeron
871 3951 1016 3992 oros.
1035 3932 1363 4003 lntelligitur
1389 3939 1567 3984 autem
1589 3929 1692 3984 hoc
1713 3934 1935 3982 nomine
1960 3943 2118 3983 mons

553 4035 814 4106 Olympus
864 4026 1172 4098 Bithyniae,
1239 4023 1332 4094 qui
1391 4021 1858 4087 Constantinopoli
1917 4022 2118 4090 degen-

553 4129 720 4189 tibus,
745 4133 798 4179 et
822 4125 874 4177 in
901 4120 1230 4190 Propontide
1261 4116 1668 4186 navigantibus,
1700 4115 1895 4184 insigni
1929 4116 2118 4167 altitu-

551 4221 676 4273 dine
721 4215 1071 4283 conspicitur.
1091 4211 1296 4265 Nomen
1349 4211 1448 4262 hoc
1490 4209 1612 4262 inde
1649 4207 1788 4265 tulit.
1825 4207 1967 4275 quod
1988 4207 2115 4260 olim

551 4307 851 4377 frequentia
881 4305 1262 4370 Calogerorum
1293 4299 1516 4353 haberet
1562 4299 1912 4362 monasteria,
1971 4298 2117 4351 velut

2231 458 2376 512 idem
2400 469 2492 520 est
2513 471 2634 509 cum
2675 455 2932 523 Josepho.
2963 452 3293 518 Gauderius,
3324 453 3648 509 Ferdinaudi
3680 457 3787 511 Ca!-

2229 551 2368 605 saris
2403 550 2691 618 interpres,
2723 549 2945 616 scripsit
3007 545 3208 601 Jussuc
3267 548 3318 600 in
3372 547 3620 602 versione
3671 563 3782 614 sua,

2228 641 2371 710 quod
2409 641 2730 694 vocabulum
2765 625 2958 696 Turcis
2977 637 3234 693 annulum
3260 637 3544 708 signiﬁcat.

2230 773 2316 824 l8.
2351 772 2426 825 De
2463 773 2624 824 rariis
2653 773 2893 830 monetis.
2919 771 3044 839 quid
3077 769 3342 838 Mangun'.
3375 771 3553 839 Aspri.
3589 769 3788 826 Sidera-

2303 844 2503 908 capsiu,
2540 841 2869 910 llyperpyra,
2893 840 3294 908 Hyperpgrart'i.
3312 839 3557 910 prmum,
3589 840 3782 907 Scarlit',

2299 908 2606 990 ξυιια-ρὶηἱζ
2628 908 2955 990 ’δεχὶιρίιὶηλ
2987 910 3256 978 Byzantii,
3295 908 3540 990 Chrysiiti
3597 911 3786 966 Altum-

2298 980 2394 1032 ler.
2417 980 2686 1050 Aigyptia:
2714 979 3045 1050 Syriumque
3067 989 3286 1032 mortem:
3313 979 3475 1033 ra:io.

2297 1093 2614 1148 Necessario
2627 1093 2786 1147 nobis
2813 1094 2898 1146 hic
2923 1092 3188 1160 agendum
3217 1093 3281 1146 de
3317 1093 3482 1148 variis
3509 1101 3614 1146 tam
3648 1092 3782 1147 Grac-

2225 1199 2436 1249 corum,
2463 1197 2624 1252 quant
2658 1182 2966 1237 Turcorum
3023 1179 3517 1252 Egyptiorumque
3575 1194 3782 1237 monetae

2226 1275 2538 1343 generibus,
2599 1283 2657 1326 tit
2685 1288 2792 1326 uno
2817 1273 2939 1328 loco
2969 1272 3166 1343 posita,
3193 1273 3342 1327 velut
3398 1275 3452 1327 iit
3508 1284 3778 1342 conspectu

2227 1367 2412 1420 lectori
2433 1366 2564 1421 sint.
2607 1366 2683 1420 Ae
2714 1365 2892 1434 primo
2918 1365 3162 1435 quidem,
3193 1375 3250 1420 ut
3281 1351 3516 1434 pretium
3555 1366 3780 1435 singulo-

2223 1473 2368 1524 rum,
2397 1473 2516 1526 quze
2547 1455 2742 1511 Turcis
2775 1456 2828 1509 itt
2857 1471 2958 1510 usu
2989 1465 3141 1520 sunt,
3175 1456 3504 1523 indicemus,
3557 1459 3784 1511 animad-

2225 1549 2573 1612 vertendum,
2606 1558 2729 1601 ante
2762 1561 2936 1601 annos
2980 1545 3071 1610 40.
3138 1548 3220 1600 vel
3265 1545 3356 1609 50,
3409 1562 3520 1616 quo
3563 1559 3785 1618 tempore

2223 1641 2441 1711 scripsit
2468 1639 2697 1694 Turcica
2729 1654 2824 1692 sua
2852 1639 3172 1694 Theodorus
3216 1640 3620 1708 Spanduginus,
3673 1651 3783 1695 octo

2220 1749 2511 1802 tuangtiros
2540 1746 2714 1785 aereos
2748 1745 2916 1785 unum
2943 1714 3781 1798 asprumargenteum‘valuiSse.

2224 1825 2463 1879 l’mrsmn
2493 1833 2728 1890 quatuor
2749 1837 2940 1892 aspros
2968 1821 3213 1876 effecisse
3246 1821 3522 1876 dramam.
3572 1821 3780 1875 Dramas

2216 1929 2348 1969 vero
2378 1929 2593 1979 novem,
2614 1915 2843 1982 pretium
2873 1912 3040 1969 fuisse
3063 1913 3251 1966 thaleri
3283 1915 3446 1968 unius
3468 1911 3779 1976 Germanici,

2163 2070 2165 2072 _
2225 2006 2320 2076 qui
2352 2006 2418 2061 56
2444 2020 2632 2073 aspros
2657 2005 2867 2060 valebat
2895 2023 2910 2060 :
2939 2021 3062 2060 cum
3084 2006 3408 2062 Sultauinus
3438 2023 3653 2071 aureus,
3681 2018 3778 2062 tam

2217 2099 2454 2168 pondere
2477 2139 2492 2163 ,
2525 2113 2688 2167 quam
2724 2097 2840 2152 auri
2878 2098 3115 2153 bonitate
3137 2115 3232 2169 par
3250 2099 3526 2155 Zecchiuo
3549 2100 3658 2156 sive
3692 2099 3778 2154 du-

2215 2189 2338 2244 cato
2357 2189 2574 2252 Veneto,
2594 2189 2663 2243 54
2683 2189 2858 2256 aspris
2881 2190 3263 2266 aestimaretur,
3289 2190 3397 2244 hoc
3413 2201 3517 2252 est.
3545 2205 3647 2254 uno
3669 2191 3778 2244 tha-

2217 2280 2330 2334 tero
2349 2278 2695 2343 Germanico,
2716 2293 2837 2333 cum
2859 2281 3107 2336 semisse.
3127 2280 3328 2336 Deinde
3347 2280 3578 2350 pretium
3601 2274 3778 2336 tltaleri

2215 2372 2305 2425 diu
2329 2372 2520 2425 stabile
2566 2371 2687 2435 fuit,
2720 2372 2861 2440 aspri
2887 2371 3245 2442 quadraginta
3289 2391 3302 2428 :
3342 2374 3606 2428 Sultattini
3642 2387 3778 2435 vero,

2222 2478 2319 2518 seu
2375 2461 2580 2526 ducati,
2609 2461 2911 2530 sexaginta.
2947 2461 3056 2517 Nos
3095 2472 3274 2518 autem
3327 2445 3776 2535 Constantinopoli

2218 2570 2342 2609 cum
2370 2570 2642 2619 essemus,
2665 2556 2744 2609 sic
2779 2565 2932 2608 erant
2958 2555 3148 2610 horum
3184 2557 3432 2610 omnium
3480 2567 3632 2611 aucta
3672 2561 3777 2624 pre-

2219 2649 2316 2711 tia,
2341 2656 2561 2716 propter
2583 2648 2896 2717 gravamiua
2929 2648 3404 2716 (quemadmodum
3431 2650 3551 2704 belli
3573 2649 3775 2706 Persici.

2225 2750 2277 2792 ct
2306 2739 2440 2792 alias
2471 2753 2664 2793 causas
2691 2739 2960 2807 explicatu
2988 2754 3093 2793 non
3120 2743 3463 2798 necessarias
3498 2760 3513 2798 :
3547 2753 3602 2796 ut
3643 2758 3778 2795 man-

2219 2829 2428 2899 gurifM
2465 2845 2574 2883 uno
2625 2839 3091 2885 eommutarentur
3125 2845 3328 2901 aspro;
3365 2837 3506 2902 aspri
3556 2834 3777 2905 quinque

2220 2923 2459 2976 dramam
2489 2921 2780 2992 efﬁcerent.
2810 2923 3375 2980 dramaalﬂthalerum
3392 2927 3776 2991 Germanicum;

2224 3029 2365 3067 unus
2387 3027 2508 3066 eum
2544 3016 2773 3069 semisse
2828 3015 3094 3078 thalerus.
3141 3016 3470 3072 Zecehinum
3513 3015 3776 3073 Venetam.

2145 3099 2190 3157 Ο
2224 3107 2327 3158 hoc
2364 3117 2469 3168 est,
2511 3120 2700 3174 aspros
2729 3107 2797 3161 90
2833 3123 2994 3170 ;cum
3026 3109 3190 3176 paulo
3218 3112 3404 3165 minus
3428 3120 3568 3166 esset
3616 3110 3776 3164 Sulla-

2227 3198 2340 3249 nini
2369 3196 2625 3266 pretium.
2665 3195 2774 3251 Hoc
2801 3199 2960 3250 modo
2988 3199 3198 3261 drama,
3246 3200 3492 3269 quinque
3540 3210 3776 3252 constans

2225 3291 2424 3358 aspris,
2449 3289 2662 3343 valebat
2691 3305 2782 3343 sex
2819 3299 3034 3346 nostros
3067 3291 3350 3346 cruciatos
3383 3309 3477 3347 seu
3504 3307 3774 3361 quaranfa-

2225 3394 2326 3433 nos
2357 3379 2582 3436 Venetos
2611 3397 2624 3434 :
2658 3382 2841 3434 decem
2866 3381 3088 3444 draum,
3120 3383 3200 3436 vel
3220 3385 3370 3452 aspri
3413 3384 3500 3449 50,
3536 3383 3773 3436 ﬂoremnu

2223 3471 2649 3538 Germanicum;
2681 3473 2827 3541 aspri
2856 3473 2947 3537 60,
2985 3490 3081 3528 seu
3111 3476 3399 3529 duodecim
3434 3477 3644 3540 dramae,
3671 3475 3776 3528 tha-

2222 3562 2389 3617 lerum
2424 3574 2742 3618 nostratem.
2780 3565 2912 3632 Qure
2943 3567 3056 3636 ipsa
3082 3583 3300 3638 quoque
3329 3570 3505 3638 pri-tia
3541 3569 3775 3634 deinceps

2222 3658 2356 3712 adeo
2374 3670 2499 3713 sunt
2523 3669 2700 3723 aucta,
2727 3661 2993 3714 tltalerttut
3022 3667 3080 3714 ut
3099 3677 3264 3714 unmn
3283 3663 3460 3732 aspris
3473 3664 3775 3717 aestimatum

2223 3751 2290 3803 ιο
2317 3751 2635 3819 intelligant.
2657 3749 2920 3820 Exposita
2945 3753 3119 3820 pretio
3145 3754 3507 3824 singulorum,
3534 3753 3775 3807 addamus

2223 3858 2366 3897 nunc
2397 3843 2463 3897 de
2491 3843 2718 3897 monetis
2742 3843 2877 3912 ipsis
2915 3845 3190 3914 quaadam,
3249 3845 3458 3900 futura
3483 3845 3772 3906 lectoribus,

2221 3941 2484 3996 utspero,
2527 3947 2636 3985 non
2673 3931 2968 4000 injucunda
3009 3935 3256 4003 cognitu.
3321 3933 3563 3988 Primum
3627 3935 3773 4003 igitur

2220 4022 2346 4077 terei
2384 4024 2632 4090 manguri
2666 4033 3053 4078 successerunt
3080 4026 3132 4077 iu
3154 4029 3560 4080 nummulorum
3588 4026 3770 4082 locum,

2222 4130 2360 4184 quos
2394 4130 2549 4170 asses
2579 4115 2746 4184 prisci
2787 4115 3064 4169 dixerunt.
3100 4117 3173 4169 Ex
3200 4129 3427 4187 argento
3457 4119 3640 4188 signati
3661 4125 3772 4170 sunt

2224 4205 2308 4261 his
2336 4207 2587 4275 proximi,
2615 4208 2705 4275 qui
2741 4206 2944 4262 Graecis
2977 4209 3147 4276 aspri,
3177 4208 3379 4265 'I‘urcis
3431 4210 3567 4264 Acse
3619 4208 3775 4262 nomi-

2223 4309 2440 4352 nantur.
2472 4298 2792 4353 Reineeeius
2823 4308 3034 4366 noster,
3064 4299 3225 4370 405
3259 4301 3310 4354 in
3363 4303 3665 4370 Appendice
3711 4301 3767 4351 ad

551 4399 816 4464 hodieque
839 4410 992 4447 mons
1020 4393 1187 4444 Athos
1216 4390 1266 4441 in
1289 4387 1526 4458 Europa,
1554 4405 1710 4458 quem
1737 4400 1984 4441 sanctum
2013 4405 2108 4439 vo-
2139 4384 2188 4444 Β
2217 4391 2595 4446 Belvacensem
2626 4431 2639 4454 ,
2687 4406 2969 4459 perperam
3026 4393 3218 4448 scribit
3279 4395 3538 4464 Asperos.
3587 4393 3766 4447 Ibidem

547 4500 673 4544 cant
705 4506 720 4543 :
757 4488 845 4540 ubi
868 4487 936 4539 ‘25
969 4497 1261 4549 supersunt
1294 4482 1640 4543 monasteria,
1676 4482 1886 4550 singula
1930 4496 2107 4548 quon-

548 4581 669 4645 dam
698 4595 726 4631 a
759 4576 866 4631 200
895 4585 986 4629 aut
1007 4555 1110 4629 306
1140 4572 1416 4640 Calogeris
1461 4571 1777 4634 iubabitata,
1814 4582 2112 4640 contraque

547 4672 656 4725 vim
690 4669 1001 4739 praedonum
1039 4680 1102 4720 ac
1125 4665 1422 4735 piratarum
1464 4663 1691 4717 munita.
1743 4663 1897 4718 Nunc
1937 4666 2113 4718 demi-

549 4773 682 4817 nuto
710 4759 836 4815 licet
859 4771 1106 4820 numero,
1143 4765 1322 4810 tamen
1353 4754 1535 4809 adhuc
1563 4770 1750 4810 eorum
1787 4766 1871 4810 est
1915 4772 2108 4825 magna

545 4853 726 4923 copia.
764 4849 999 4903 Vocatur
1030 4855 1213 4902 autem
1250 4846 1552 4900 monachus
1577 4862 1604 4899 a
1632 4846 1839 4902 Graecis
1887 4847 2111 4917 Caloge-

547 4960 658 5005 ros,
696 4957 798 4996 non
831 4940 995 4994 veluti
1024 4940 1190 4994 Kalos
1225 4938 1428 5003 hieros,
1459 4938 1510 4992 id
1544 4947 1646 5002 est,
1669 4940 1844 4994 honus
1867 4947 2108 5003 sanctus,

547 5035 694 5106 quod
723 5031 924 5086 nostris
954 5043 1272 5098 persuasum
1308 5037 1392 5082 est
1421 5043 1436 5081 :
1472 5027 1566 5082 sed
1595 5029 1752 5097 quasi
1807 5027 1969 5083 Kalos
2019 5044 2115 5098 ge-

549 5144 642 5181 ros
666 5125 767 5195 (sic
793 5121 935 5178 enim
966 5120 1128 5175 hodie
1158 5120 1476 5188 loquuntur)
1505 5120 1553 5172 id
1584 5131 1688 5184 est,
1719 5121 1892 5174 bonus
1915 5135 2106 5174 senex.

543 5215 677 5270 Nam
710 5213 895 5269 senilis
912 5221 1044 5266 aetas
1065 5211 1190 5263 huic
1210 5209 1534 5278 professioni
1557 5211 1835 5280 aptissima
1856 5221 1956 5265 est.
1976 5209 2116 5266 Nea-

545 5308 706 5378 polim
738 5308 1134 5372 interpret-atus
1164 5315 1307 5364 sum,
1336 5315 1470 5354 voce
1497 5300 1706 5365 Graeca,
1742 5311 1862 5370 quae
1920 5301 2114 5356 Turcis

540 5397 1024 5459 cstGenischcher,
1053 5395 1104 5448 id
1143 5403 1248 5457 est,
1282 5409 1420 5448 nova
1441 5393 1654 5448 civitas.
1679 5393 1750 5446 Ea
1777 5408 1884 5447 non
1924 5394 2114 5464 procul

543 5506 571 5540 a
595 5489 767 5544 Ilicaza
789 5488 975 5552 distat,
995 5497 1048 5542 et
1067 5487 1399 5558 Busbequio,
1422 5486 1568 5540 sicut
1589 5495 1642 5539 et
1661 5483 2118 5551 Ortelto,Jeuisar

542 5577 742 5631 dicitur
769 5594 783 5633 :
812 5594 876 5630 ac
908 5576 1132 5644 intelligi
1154 5576 1396 5630 eamdem
1421 5575 1658 5628 arbitror
1683 5588 1712 5626 a
1737 5571 2114 5643 Spandugiuo,

539 5667 597 5721 in
619 5669 860 5738 exposita
891 5668 1141 5738 superius
1185 5668 1514 5741 narratione,
1541 5666 1606 5721 de
1625 5664 1832 5734 origine
1875 5666 2115 5722 sultauo-

2221 4483 2363 4537 facta
2428 4483 2700 4535 mentione
2757 4488 2822 4535 de
2882 4483 3193 4554 quingentis
3259 4484 3562 4554 iperpcris,
3617 4482 3764 4546 addit,

2222 4573 2326 4627 hoc
2388 4586 2617 4626 monetae
2647 4572 2852 4627 'l‘aricze
2890 4589 3060 4642 genus
3095 4590 3234 4629 esse.
3267 4576 3378 4646 Ego
3415 4591 3540 4631 vero
3581 4585 3768 4628 utrum-

2219 4685 2326 4736 que
2403 4669 2525 4723 dico
2586 4686 2682 4738 pro
2741 4668 2944 4724 Grzrcae
3017 4683 3243 4725 moneta:
3327 4689 3520 4742 genere
3589 4671 3766 4725 haben-

2219 4760 2367 4812 dum.
2399 4759 2463 4812 Et
2498 4760 2642 4828 aspri
2672 4760 2889 4828 quidem
2930 4761 3156 4828 Grmcis,
3194 4761 3392 4819 Turcis
3423 4763 3578 4825 Acse,
3603 4762 3674 4817 sic
3711 4759 3767 4811 ab

2224 4849 2472 4904 albcdinc
2512 4851 2637 4904 dicti
2690 4861 2841 4914 sunt,
2903 4861 2964 4905 tit
3033 4853 3174 4910 Italis
3231 4856 3458 4923 biancln’,
3503 4855 3661 4910 Gallis
3704 4853 3765 4903 Ιεε

2221 4939 2423 5001 blattcs,
2458 4951 2600 4995 certa
2628 4941 2887 4995 nimirum
2917 4952 2970 4997 et
3001 4944 3114 5012 ipsa
3135 4955 3368 5000 monetae
3395 4961 3605 5016 genera.
3635 4942 3765 4997 Sient

2220 5031 2363 5084 enim
2393 5029 2608 5086 Mauros
2629 5032 2833 5087 Graecis
2858 5044 2939 5088 est
2965 5036 3140 5104 niger,
3161 5037 3302 5090 unde
3327 5039 3501 5092 Muros
3532 5037 3634 5090 Itali
3657 5048 3767 5087 nos-

2223 5123 2408 5190 trique
2431 5133 2627 5177 vocant
2653 5123 2939 5193 Aitliiopes
2965 5143 2978 5179 :
3007 5128 3078 5181 ita
3106 5130 3256 5182 color
3286 5131 3440 5184 albus
3470 5128 3657 5183 eisdem
3678 5124 3762 5176 AS-

2221 5228 2348 5281 pros
2380 5212 2600 5270 dicitur.
2629 5213 2740 5268 Nec
2769 5231 2962 5271 recens
2997 5219 3136 5272 adeo
3177 5223 3498 5275 vocabulum
3524 5223 3614 5272 hoc
3635 5228 3754 5271 esse.

2221 5313 2374 5372 paret
2403 5318 2466 5357 ex
2502 5304 2770 5371 glossario
2797 5309 3085 5376 perveteri,
3127 5313 3267 5379 quod
3306 5313 3641 5379 Aspraturam
3687 5303 3754 5354 iu-

2219 5401 2545 5462 terpretatur
2568 5395 2753 5450 Graeca
2781 5412 2908 5451 voce
2943 5399 3221 5466 κόλλυϐον,
3257 5403 3357 5455 hoc
3377 5410 3479 5463 est,
3515 5402 3752 5451 monetam

2225 5485 2496 5540 minorem
2527 5504 2545 5543 :
2573 5487 2732 5556 Cujus
2758 5489 2971 5558 generis
2999 5493 3143 5562 aspri
3177 5508 3270 5547 seu
3333 5491 3539 5547 bianclti
3592 5485 3661 5540 vel
3707 5481 3754 5536 itt

2224 5577 2412 5646 primis
2435 5586 2582 5638 sunt,
2617 5595 2741 5631 eum
2791 5583 2989 5649 quibus
3035 5585 3332 5655 collyhista:
3381 5585 3492 5637 sive
3533 5590 3758 5634 nummo-

2219 5668 2338 5722 larii
2375 5681 2640 5725 monetam
2671 5673 2949 5742 majorem,
2987 5688 3093 5729 tam
3126 5689 3451 5747 argenteam,
3482 5687 3628 5744 quam
3666 5680 3754 5721 an.
