4048 6208
279 378 388 439 ’ἵίῖ

1452 377 1856 442 PANDECTE
1897 377 2095 442 HIST.
2131 376 2427 439 TURCIC-

3437 376 3541 435 746

269 505 443 553 ream,
485 500 822 547 commutare
845 494 1038 548 Solent.
1074 494 1284 562 Aspros
1311 504 1491 549 autem
1519 510 1676 559 voco,
1712 494 1858 548 Lati-
1886 495 1936 557 Α
1962 509 2027 547 ex
2056 493 2331 548 drachma:
2362 491 2622 548 vocabulo
2647 492 2836 545 Grazco
2869 488 3182 544 mutilatum
3209 497 3313 545 est.
3366 489 3543 559 Ipsius

272 599 396 639 nam
435 597 621 637 vocem
653 583 976 639 Numniulos
1004 587 1325 659 respiciens,
1354 603 1471 657 quae
1493 587 1864 653 subintelligi-

272 689 378 735 tur.
413 675 548 731 Nam
579 676 751 732 (ἶνωεί
785 679 1001 748 quidem
1048 680 1221 748 Aspra
1244 681 1453 735 dicunt.
1476 679 1542 734 Et
1590 689 1719 735 sunt
1766 680 1865 732 du-

278 772 464 839 plicia,
491 772 695 841 majora
726 771 1067 842 minoraque.
1101 772 1304 827 blinora
1325 774 1482 843 vulgo
1511 774 1562 827 in
1583 789 1684 829 usu
1714 784 1862 839 sunt,
1906 808 1909 815 -

271 864 481 931 majora
500 875 764 918 vocantur
797 864 1056 933 peculiari
1073 879 1201 919 voce
1226 864 1624 933 Sideroeapsia.
1654 865 1864 935 Quippy.

272 954 635 1024 Siderocapsa
666 969 863 1008 nomen
888 956 1188 1025 estoppidi,
1214 956 1356 1025 quod
1379 972 1405 1010 e
1423 957 1643 1025 regione
1662 956 1863 1012 Thassi

270 1046 439 1101 situm
482 1055 588 1109 est,
649 1062 818 1115 prOpe
890 1057 1131 1101 montem
1161 1060 1435 1111 sanctum,
1470 1050 1537 1102 de
1563 1063 1674 1117 quo
1702 1048 1862 1118 paulo

270 1146 401 1191 ante
425 1137 654 1192 dictum.
690 1137 768 1191 Eo
801 1138 921 1192 loco
959 1148 1067 1191 tam
1102 1139 1244 1203 auri,
1300 1155 1462 1209 quam
1515 1141 1728 1208 argenti
1784 1139 1862 1193 fo-

267 1230 417 1283 dinae
440 1239 568 1284 sunt
591 1231 761 1300 (unde
794 1230 1086 1286 Chrvsiten
1121 1231 1255 1286 Livii
1312 1240 1467 1301 putat
1515 1246 1637 1285 esse
1689 1230 1861 1285 Bello-

271 1321 448 1387 nius),
472 1333 525 1377 et
548 1338 702 1393 aspra
730 1324 1041 1393 signantur,
1071 1324 1282 1379 caneris
1312 1323 1541 1392 majora,
1567 1325 1769 1394 quibus
1790 1328 1859 1379 ab

270 1416 473 1483 oppido
504 1416 1016 1486 Sideroeapsiorum
1055 1418 1253 1472 mansit
1309 1417 1575 1472 hactenus
1625 1417 1861 1487 appella-

272 1510 370 1561 tio.
403 1507 619 1578 Recipit
644 1509 759 1563 haec
793 1518 1001 1564 tantum
1040 1510 1291 1566 sultanus
1315 1509 1640 1571 Turcorum.
1673 1519 1725 1564 et
1746 1510 1860 1565 suis

276 1601 548 1656 thesauris
579 1600 763 1656 inl‘ert.
795 1601 995 1657 Eadem
1018 1611 1208 1673 erogat
1231 1604 1284 1657 in
1312 1602 1543 1657 militum
1572 1602 1860 1657 ministro-

270 1705 503 1761 rumque
536 1707 765 1747 suorum
800 1694 1089 1764 stipendia.
1123 1693 1335 1749 Minora
1356 1693 1516 1764 plane
1532 1708 1640 1748 non
1662 1694 1860 1747 admit-

269 1783 357 1844 tit.
385 1784 654 1854 quidquid
683 1785 899 1841 tandem
934 1787 983 1842 ei
1005 1788 1321 1843 solvendum
1350 1787 1442 1842 sit.
1469 1786 1543 1842 De
1593 1786 1857 1856 iperperis

1974 587 2227 657 ponderis
2253 587 2513 639 rationem
2555 586 2608 639 in
2641 587 2819 655 aspris
2845 584 2956 654 jam
3017 584 3398 654 exposuimus.
3454 589 3537 647 An

1971 692 2101 731 vero
2136 675 2424 731 Tureicum
2456 676 2681 745 antiquo
2708 675 2932 745 ponderi
2958 676 3149 731 GﬂBCO
3193 677 3534 746 respondeat,

1970 768 2251 837 disputare
2285 784 2432 822 nunc
2467 769 2655 835 religio
2678 779 2782 833 est,
2811 782 2876 823 ne
2900 767 3093 821 lectori
3129 766 3358 821 nimium
3391 768 3539 823 velut

1970 872 2123 918 extra
2157 872 2331 918 metas
2367 864 2611 933 vagando
2635 862 2847 917 molesti
2902 864 3095 917 simus.
3159 862 3355 916 Scachi
3421 878 3542 930 per—

1970 971 2134 1025 quam
2171 956 2482 1025 frequentes
2515 956 2566 1008 in
2595 955 2793 1009 Turcia
2831 955 3087 1009 sunthoc
3123 963 3385 1023 tempore,
3420 970 3537 1009 mo—

1971 1057 2096 1101 neta
2127 1047 2327 1103 Persici
2360 1050 2541 1103 scachi
2574 1050 2688 1102 sive
2717 1048 2883 1116 regis,
2921 1048 3063 1101 unde
3088 1062 3286 1101 nomen
3319 1047 3537 1114 habent,

1970 1139 2276 1195 Turcorum
2310 1141 2484 1194 hostis
2526 1140 2831 1194 accerrimi.
2868 1137 3075 1209 Singuli
3135 1139 3317 1193 valent
3342 1156 3539 1208 aspros

1971 1229 2241 1285 Turcicos
2274 1239 2418 1284 octo.
2478 1230 2747 1284 Sultauini
2804 1246 2868 1283 ex
2908 1244 3042 1283 anro
3067 1238 3212 1292 sunt,
3266 1231 3537 1296 quondam

1970 1318 2225 1388 appellati
2258 1318 2501 1373 Soldani.
2535 1318 2625 1374 Sic
2656 1319 2799 1374 enim
2838 1321 2977 1387 apud
3005 1318 3385 1376 Belvacensem
3422 1322 3541 1377 loco

1964 1414 2074 1479 jam
2108 1412 2346 1465 indicato
2373 1412 2958 1482 legiuius,argentariar
2977 1412 3211 1468 fructum
3239 1416 3292 1469 in
3324 1414 3537 1470 Lebena

1969 1501 2098 1574 (non
2131 1506 2377 1574 procula
2409 1506 2680 1578 Sebastia)
2740 1507 2907 1562 fuisse
2965 1517 3076 1564 tres
3120 1519 3269 1563 rotas
3330 1512 3539 1579 argenti

1965 1594 2235 1661 depurati,
2269 1595 2374 1650 hoc
2403 1607 2507 1653 est.
2532 1597 2635 1651 tria
2662 1596 2829 1652 millia
2863 1599 3238 1654 soldanorum.
3282 1598 3537 1668 Ejusdem

1967 1702 2091 1741 cum
2136 1687 2379 1743 soldanis
2409 1698 2705 1743 eranttum
2735 1692 3015 1760 ponderis,
3040 1704 3153 1747 tum
3204 1694 3387 1764 pretii.
3443 1696 3537 1763 qui

1922 1774 1939 1786 “
1965 1778 2275 1835 Graecorum
2310 1781 2700 1851 imperatorum
2723 1784 3059 1853 temporibus
3086 1784 3541 1856 Byzantii‘nomi—

268 1877 609 1932 observanda
634 1882 869 1948 primum
890 1879 1080 1935 vitiosa
1098 1881 1390 1949 scriptura.
1416 1878 1531 1934 Non
1550 1881 1694 1935 enim
1719 1881 1859 1948 iper—
1889 1883 1931 1939 Β
1963 1874 2233 1929 nabnnlur
2256 1915 2272 1939 .
2303 1886 2357 1930 et
2382 1876 2664 1948 Byzantini
2704 1894 2721 1935 :
2756 1880 3090 1935 characteris
3123 1882 3388 1937 duntaxat
3444 1897 3538 1936 ra-

273 1983 402 2035 pera
428 1971 591 2023 scribi
622 1971 839 2037 debent,
870 1971 962 2028 sed
996 1973 1319 2045 hyperpyra.
1358 1973 1653 2041 Pulologus
1679 1985 1864 2029 noster

270 2062 559 2134 hyperpyri
581 2077 764 2119 vocem
785 2064 962 2120 habet.
986 2064 1196 2120 Manuel
1220 2066 1477 2121 Musicius
1488 2067 1862 2133 Atheniensis,

269 2143 644 2226 interrogatus
679 2170 709 2211 a
740 2172 828 2221 me
884 2157 1076 2227 quanti
1106 2164 1313 2228 putaret
1331 2159 1707 2214 aestimandum
1764 2159 1863 2230 hy-

269 2262 542 2319 perpyron
574 2267 586 2302 :
621 2249 1013 2317 responbehat,
1080 2252 1476 2321 propemodum
1536 2267 1636 2322 par
1699 2253 1861 2321 hujus

272 2341 513 2410 pretium
534 2355 656 2396 esse
681 2342 927 2397 marcelli
944 2344 1183 2412 argentei
1202 2342 1389 2397 Veneti
1418 2344 1610 2413 pretio.
1630 2343 1859 2410 Quidam

274 2430 464 2487 Italico
485 2448 707 2488 nummo
743 2432 887 2488 Julio
912 2443 1098 2503 putant
1123 2440 1469 2505 aequandum.
1494 2434 1754 2505 Equidem
1772 2454 1862 2492 ac-

272 2536 461 2581 curate
480 2526 707 2595 pretium
727 2537 1052 2597 supputans,
1076 2528 1419 2601 hyperpyron
1438 2532 1655 2587 invenio
1677 2533 1860 2589 valere

274 2630 469 2671 novem
489 2619 762 2673 cruciatos
795 2634 891 2674 seu
913 2630 1304 2690 quarantanos.
1338 2622 1533 2677 Incolae
1553 2623 1736 2693 Cyprii
1770 2640 1857 2679 re-

274 2709 363 2780 gni
385 2709 733 2780 prius,quam
754 2709 1114 2765 Barbarorum
1133 2711 1378 2767 subirent
1393 2713 1598 2782 jugum,
1621 2715 1674 2767 in
1696 2715 1858 2784 quin-

272 2801 607 2872 quediversa
626 2802 908 2857 hominum
924 2821 1116 2874 genera
1135 2803 1630 2859 distribuebantur.
1650 2805 1853 2861 Horum

273 2894 399 2949 aliis
419 2895 661 2958 omissis,
695 2896 839 2965 quod
873 2896 997 2952 huic
1046 2898 1295 2953 instituto
1343 2908 1530 2954 nostro
1600 2902 1853 2970 quadrat,

272 3001 563 3057 exponam.
594 2985 764 3040 lnlimi
785 2986 998 3057 generis
1013 2988 1420 3057 appellabantur
1439 2988 1641 3053 Pariki,
1665 2992 1852 3047 condi-

276 3080 444 3134 tionis
466 3080 718 3134 homines
747 3079 981 3144 servilis,
1020 3094 1195 3149 usque
1220 3070 1357 3135 adeo
1417 3080 1657 3138 dominis
1711 3084 1853 3138 obli-

272 3170 385 3239 gati
422 3172 812 3238 propemodum
845 3179 904 3223 ut
956 3167 1078 3222 vita:
1109 3172 1365 3239 necisque
1405 3180 1725 3240 potestatem
1796 3174 1846 3226 in

272 3280 369 3319 eos
390 3263 673 3316 haberent.
697 3260 902 3316 Nomen
932 3263 1110 3332 ipsum
1149 3260 1353 3329 Pariki,
1377 3263 1577 3319 Graecae
1623 3266 1852 3334 originis

272 3367 380 3413 est.
409 3357 544 3409 Nam
580 3356 835 3424 πάροικοι
859 3356 1122 3409 dicuntur
1148 3353 1371 3419 Grecis,
1409 3356 1553 3411 sicut
1589 3367 1642 3411 et
1679 3356 1851 3411 Justi-

276 3452 446 3505 niano
475 3449 717 3517 Angusto
749 3448 1078 3519 παροικικὸν
1108 3449 1359 3515 νόμιμον,
1390 3448 1480 3516 jus
1509 3450 1848 3503 colonariam

276 3555 391 3598 est.
420 3543 721 3597 Secundum
753 3543 853 3596 hos
886 3542 1118 3609 proximi
1160 3544 1500 3595 vocabantur
1526 3544 1685 3611 vulgo
1728 3541 1854 3596 Let-

277 3634 522 3704 teri,qui
561 3634 779 3703 quidem
804 3641 858 3687 et
882 3631 984 3701 ipsi
1025 3630 1345 3686 Paricorum
1377 3647 1472 3686 seu
1528 3635 1849 3687 colonorum

272 3737 435 3784 erant
467 3742 497 3781 e
536 3739 786 3789 numero,
816 3724 911 3780 sed
931 3724 1023 3794 qui
1057 3724 1136 3778 vel
1162 3724 1553 3782 interveniente
1599 3728 1849 3794 pecunia,

275 3821 359 3876 vel
412 3821 587 3891 gratia
644 3818 1009 3882 dominorum,
1064 3821 1146 3870 vel
1169 3818 1274 3870 alia
1305 3818 1537 3886 quadarn
1585 3820 1672 3872 via
1716 3818 1849 3873 libe-

274 3926 479 3971 rtatein
510 3918 953 3980 impetraverant,
979 3911 1192 3963 diVersa
1216 3918 1398 3964 tamen
1431 3912 1656 3965 ratione.
1679 3912 1852 3981 Quip-

269 4025 341 4081 pe
374 4008 623 4064 nonnulli
649 4008 895 4061 absolute
923 4002 1077 4057 liberi
1100 4002 1472 4057 elﬁciebantnr
1493 4040 1508 4065 ,
1558 4018 1683 4056 cum
1737 4003 1850 4068 alii,

270 4101 553 4170 personali
578 4100 847 4154 duntaxat
878 4097 1126 4150 libertate
1154 4095 1330 4164 potiti,
1355 4094 1526 4147 nihilo
1559 4094 1738 4147 minus
1764 4110 1851 4147 re-

268 4214 399 4252 rum
430 4207 654 4249 suarum
690 4192 907 4244 nomine
938 4189 1179 4244 dominis
1202 4196 1388 4241 essent
1416 4187 1673 4255 obligati;
1702 4196 1851 4255 puta,

267 4288 575 4361 quotannis
602 4296 659 4340 ut
689 4283 958 4337 solverent
983 4282 1321 4351 principibus
1350 4290 1445 4335 aut
1471 4282 1743 4336 nobilibus
1777 4283 1854 4333 vi-

267 4388 377 4447 ris,
414 4381 731 4451 quindecim
764 4377 845 4431 vel
872 4376 1172 4437 sexdecim,
1196 4376 1319 4444 plus
1356 4384 1451 4429 aut
1474 4374 1679 4436 minus,
1732 4389 1854 4441 per-

268 4492 411 4548 pyra
448 4475 550 4544 (sic
589 4473 734 4527 enim
762 4476 1015 4539 corrupte
1043 4467 1330 4536 vocabant)
1354 4466 1515 4535 cujus
1535 4464 1588 4518 in
1609 4465 1855 4535 perpyris

1970 1967 2118 2023 tione
2146 1967 2373 2026 diversi.
2403 1969 2777 2026 Consimiliter
2802 1980 2857 2026 et
2882 1973 3183 2039 seraphini,
3229 1990 3371 2044 quos
3426 1974 3537 2044 [πίε

1966 2077 2090 2117 mus
2117 2077 2183 2117 ex
2218 2063 2462 2118 soldanis
2490 2063 2759 2133 IEgyptiis
2793 2064 3033 2134 signavit
3054 2064 3480 2136 Melechseraph,
3506 2083 3536 2120 a

1966 2170 2075 2223 quo
2108 2170 2305 2211 nomen
2323 2156 2485 2210 etiam
2510 2157 2615 2212 hoc
2640 2157 2920 2212 consecuti
2955 2168 3100 2212 sunt.
3124 2158 3538 2228 ChrysiniGrae-

1964 2251 2047 2304 eis
2066 2264 2096 2302 a
2116 2249 2312 2320 chryso
2338 2249 2618 2314 dicuntur,
2638 2259 2697 2303 ut
2716 2250 2784 2304 ab
2801 2266 2940 2304 auro
2967 2251 3124 2305 nobis
3152 2252 3305 2307 aurei
3344 2270 3358 2306 :
3388 2254 3535 2323 quod

1965 2340 2159 2396 imitati
2178 2340 2364 2408 Turci,
2385 2357 2514 2397 suos
2530 2344 2644 2397 sive
2666 2343 2915 2408 ducatos,
2935 2343 3080 2413 quod
3108 2358 3304 2397 nomen
3353 2359 3382 2397 a
3434 2343 3537 2399 Ve-

1962 2441 2212 2487 netorum
2230 2432 2463 2488 ducibus
2481 2433 2782 2504 profectum
2799 2435 3060 2500 arbitror,
3077 2435 3192 2490 sive
3205 2435 3535 2501 sultaninos,

1961 2525 2031 2579 ab
2056 2526 2237 2581 Altum
2286 2536 2615 2582 vocaverunt
2651 2528 2936 2583 Altumler.
2961 2529 3355 2599 Chrysinorum
3408 2533 3533 2600 qui-

1961 2619 2082 2673 dem
2120 2620 2171 2672 in
2207 2620 2411 2688 aliquot
2430 2618 2634 2675 Graacis
2661 2629 2715 2674 et
2730 2620 2987 2675 Asiaticis
3005 2623 3373 2677 monumentis
3393 2626 3504 2679 anti
3524 2653 3536 2663 -

1959 2709 2084 2778 quis
2103 2725 2298 2765 nomen
2319 2710 2756 2776 observavimus,
2776 2725 2898 2780 qua:
2914 2711 3270 2780 aliolectores
3294 2712 3529 2769 habituri

1959 2802 2081 2857 loco
2114 2815 2240 2857 sunt
2253 2841 2265 2856 .

2030 2892 2182 2957 Quod
2219 2891 2521 2962 Aﬂgyptias,
2548 2892 2832 2957 ‘Arahicas,
2870 2893 3233 2965 Syriacasque
3288 2907 3536 2951 monetas

1956 2984 2167 3046 attinet,
2218 2984 2409 3037 harum
2448 3000 2661 3054 quoque
2717 3002 2863 3040 nunc
2922 2996 3130 3042 mutata
3161 2990 3338 3045 ratio:
3396 2993 3539 3047 sicut

1954 3091 2021 3131 ex
2057 3077 2154 3129 hac
2186 3076 2597 3147 consignatione
2622 3077 2688 3131 ι).
2718 3075 3032 3149 Hieronymi
3069 3079 3211 3134 Beck
3242 3095 3269 3134 a
3307 3080 3536 3154 LcOpol-

1955 3169 2133 3223 datori
2162 3169 2345 3223 videre
2361 3178 2464 3244 est,
2492 3169 2587 3239 qui
2621 3172 2791 3239 pretia
2826 3169 3167 3241 singularum
3216 3176 3446 3237 notavit,
3481 3186 3537 3228 ut

1915 3266 1922 3273 ’
1952 3272 2105 3316 erant
2126 3277 2271 3316 anno
2297 3262 2457 3326 1551,
2480 3278 2602 3316 cum
2626 3263 2746 3318 illas
2769 3274 2943 3318 terras
2971 3268 3347 3334 perlustraret.
3370 3269 3533 3329 Zihit.

1951 3355 2115 3427 m
2159 3355 2284 3408 aerei
2326 3357 2595 3410 nummuli
2635 3358 2933 3427 pet-exigui,
2970 3360 3121 3427 signa
3168 3362 3347 3430 potius
3384 3377 3535 3424 sunt,

1953 3468 2116 3519 quam
2145 3460 2380 3504 moneta.
2416 3450 2531 3505 Duo
2553 3452 2730 3506 valent
2762 3468 2927 3506 unum
2963 3453 3163 3519 Direm,
3197 3456 3289 3523 qui
3324 3468 3377 3509 et
3407 3457 3523 3526 ipse

1954 3561 2213 3600 nummus
2260 3555 2344 3600 est
2390 3560 2588 3601 aereus.
2647 3545 2762 3601 Duo
2796 3546 2973 3601 Direm
3003 3547 3184 3603 valent
3221 3547 3529 3603 Nueearum

1955 3651 2149 3699 unum,
2184 3636 2278 3704 qui
2310 3651 2567 3691 nummus
2595 3646 2681 3691 est
2701 3651 2878 3692 aereus
2921 3638 3117 3709 major,
3159 3656 3286 3694 cum
3335 3642 3535 3697 litteris

1953 3726 2223 3783 Arabicis.
2250 3727 2480 3783 Nuccari
2500 3738 2736 3799 quatuor
2760 3730 2940 3783 valent
2964 3731 3303 3787 nummulum
3334 3748 3499 3804 argen
3521 3763 3537 3776 ο

1956 3827 2125 3881 teum,
2147 3834 2309 3886 quem
2340 3817 2548 3873 Arabes
2571 3819 2932 3888 Osmannum,
2964 3820 3127 3876 Turei
3153 3825 3321 3891 Achs,
3356 3824 3531 3880 Graeci

1954 3910 2164 3978 Aspron
2184 3920 2398 3965 vocant.
2416 3911 2645 3966 Nuccari
2674 3928 2766 3966 sex
2795 3912 3003 3968 faciunt
3025 3930 3306 3969 nummum
3336 3931 3530 3985 argen-

1953 4009 2101 4054 teum
2121 4002 2675 4071 majnsculum,quem
2697 4004 2991 4057 Maidiuum
3012 4006 3093 4059 vel
3111 4006 3325 4061 Cottam
3350 4010 3526 4062 nomi-

1955 4105 2110 4149 nant.
2140 4094 2411 4150 Maidinus
2439 4096 2519 4150 vel
2542 4096 2720 4161 Catta,
2748 4096 3085 4151 Osmannum
3106 4115 3273 4152 unum
3305 4115 3427 4153 eum
3450 4098 3535 4154 dia

1957 4188 2123 4242 midio
2144 4190 2291 4253 facit,
2308 4198 2359 4242 et
2374 4198 2609 4257 quatuor
2634 4188 2951 4244 Marchettis
2967 4187 3188 4245 Venetis
3202 4193 3531 4258 aestimatur,

1954 4280 2041 4334 vel
2080 4291 2204 4334 octo
2234 4280 2441 4333 Bezziis
2476 4281 2592 4334 sive
2627 4280 2797 4348 nigris
2850 4282 3149 4336 nummulis
3169 4280 3531 4347 Germanicis,

1954 4388 2188 4443 quorum
2221 4384 2333 4427 tres
2387 4374 2685 4428 coniiciunt
2720 4389 2885 4427 unum
2924 4376 3250 4431 cruciatum.
3312 4374 3528 4438 Scachi,

1955 4466 2191 4531 majores
2221 4465 2461 4533 argentei
2509 4463 2742 4527 nummi,
2782 4479 3013 4531 quorum
3046 4466 3246 4535 singuli
3294 4474 3532 4537 quatuor

268 4568 632 4626 tinnieranda
666 4563 911 4635 pecunia:
973 4576 1162 4622 causa,
1213 4557 1541 4628 Perpyriarii
1594 4557 1853 4611 diceban-
1883 4569 1927 4624 ι)
1957 4555 2265 4620 maidinos;
2304 4556 2492 4608 decem
2528 4570 2681 4620 vero,
2720 4553 3015 4608 Turcicum
3048 4570 3276 4613 aureum
3326 4560 3527 4614 valent.

268 4671 395 4717 tur.
462 4642 746 4728 Agnoscit.
795 4653 1009 4723 opinor,
1059 4664 1220 4704 voces
1264 4650 1434 4703 lector
1504 4647 1852 4714 depravatas,

270 4770 406 4810 cum
434 4761 491 4806 et
521 4752 821 4821 hyperpyra
855 4745 961 4800 dici
996 4744 1250 4807 debeant,
1287 4750 1342 4797 et
1392 4740 1695 4805 Eleutheri,
1762 4737 1856 4808 qni

273 4845 440 4901 liberi
473 4855 623 4907 sunt,
648 4851 702 4894 et
730 4836 1138 4909 Hyperpyrarii,
1164 4834 1256 4902 qui
1285 4833 1530 4901 singulos
1570 4832 1621 4884 in
1683 4844 1856 4883 annos

276 4943 590 5010 hyperpyra
630 4935 870 4986 solvunt.
909 4930 965 4983 bi
995 4930 1119 4999 quis
1140 4928 1376 4996 denique
1402 4924 1630 4994 pretium
1656 4926 1857 4992 hyper-

275 5044 546 5103 pyroruni
581 5039 915 5095 cognoscere
944 5023 1117 5090 cupit,
1173 5020 1448 5087 expendat
1502 5018 1614 5070 lucc
1672 5015 1856 5068 Belva-

274 5120 469 5176 censis
505 5117 689 5177 verba,
714 5115 784 5168 de
815 5113 938 5167 libri
973 5128 1098 5175 xxx,
1119 5111 1295 5179 capite
1323 5109 1451 5163 HS:
1492 5123 1512 5157 ι
1547 5104 1713 5159 Terra
1743 5104 1859 5157 Sol-

276 5212 411 5266 dani
436 5209 652 5263 valebat
687 5208 736 5262 ei
762 5206 1004 5277 quotidie
1049 5203 1261 5258 400000
1310 5203 1578 5271 iperpera,
1612 5216 1628 5246 ι
1672 5198 1725 5251 id
1776 5205 1862 5250 est

279 5302 464 5360 57000
496 5316 709 5356 marcas
739 5299 949 5368 argenti
983 5314 998 5363 ;
1028 5299 1121 5351 sed
1152 5295 1304 5365 prius
1327 5294 1611 5362 scripturae
1668 5290 1860 5344 tollen-

281 5399 418 5452 dum
438 5394 655 5457 vitium,
685 5400 746 5446 ut
766 5407 863 5461 pro
885 5388 1060 5444 57000
1085 5388 1285 5442 marcis
1306 5386 1535 5456 argenti.
1565 5383 1705 5438 5700
1725 5398 1866 5438 mar-

283 5504 380 5544 cas
448 5500 801 5555 reponamus.
857 5480 927 5535 Et
960 5480 1131 5535 nihilo
1192 5480 1371 5533 minus
1403 5479 1515 5531 haec
1543 5478 1657 5544 ipsa
1710 5492 1861 5530 sum-

289 5598 377 5635 ma
407 5588 702 5649 proventus
725 5574 1027 5645 quotzdiani
1080 5582 1228 5627 tanta
1276 5572 1491 5624 videtur
1539 5583 1679 5633 esse,
1728 5581 1864 5636 pene

291 5673 453 5727 [item
497 5681 558 5723 ut
586 5669 782 5723 mereri
813 5673 1066 5735 nequeat.
1106 5665 1212 5719 Sed
1234 5665 1380 5716 enim
1409 5658 1743 5730 pergendum
1793 5657 1859 5711 ad

293 5766 421 5819 alia.
454 5762 626 5829 Quam
656 5761 895 5813 diximus
937 5758 1207 5815 drainam,
1272 5768 1373 5823 pro
1419 5754 1552 5807 certi
1607 5751 1863 5820 ponderis

293 5860 435 5924 apud
465 5855 673 5909 Tureos
707 5867 927 5905 nomine
957 5853 1125 5904 lector
1155 5849 1407 5915 accipiat,
1438 5845 1582 5915 quod
1640 5845 1862 5914 quidem

623 5945 893 6004 Ρηιιοι..
923 5945 1038 6001 Gn.
1081 5938 1285 6000 CLIX.

1958 4647 2162 4713 Altum,
2238 4662 2442 4700 aureus
2513 4645 2828 4712 Turcieus,
2894 4648 3105 4701 valebat
3162 4649 3214 4703 id
3269 4652 3532 4718 temporis
3580 4664 3583 4667 '

1957 4738 2316 4809 quadraginta
2352 4739 2637 4799 tuaidinos,
2668 4738 2748 4794 vel
2811 4755 3000 4808 aspros
3029 4742 3330 4812 sexaginta.
3360 4744 3532 4798 Coro-

1958 4831 2070 4885 nati
2101 4831 2248 4884 aurei
2281 4830 2511 4900 pretium
2540 4840 2656 4883 erat
2730 4831 2949 4885 maidini
2995 4833 3215 4900 triginta
3265 4833 3530 4903 quinque.

1959 4920 2162 4973 Horum
2196 4935 2321 4973 vero
2352 4936 2514 4988 quam
2551 4937 2694 4973 nunc
2724 4923 2837 4974 sint
2870 4932 3028 4975 aucta
3088 4923 3283 4991 pretia,
3341 4924 3526 4992 depre-

1961 5010 2195 5065 heudere
2223 5011 2395 5065 lector
2424 5026 2489 5063 ex
2516 5013 2767 5078 superius
2796 5012 3045 5066 indicatis
3074 5022 3272 5081 potest.

2032 5101 2221 5158 Obiter
2285 5104 2521 5173 denique
2580 5106 2709 5159 huic
2767 5106 3115 5174 explicationi
3168 5107 3235 5160 de
3290 5106 3528 5161 monetis

1963 5196 2318 5264 adjungitor,
2389 5196 2636 5251 sultanos
2712 5195 3014 5251 Turcorum
3082 5208 3191 5249 tam
3281 5198 3334 5249 in
3397 5197 3530 5264 ipsis

1963 5288 2225 5358 auspiciis
2304 5289 2559 5357 imperii,
2633 5289 3091 5356 quemadmodum
3146 5287 3530 5356 Spanduginns

1963 5381 2238 5436 memoriae
2301 5382 2556 5450 prodidit,
2600 5396 2762 5449 quam
2821 5378 3065 5433 victoriis
3126 5384 3322 5447 potitos
3392 5379 3533 5455 rillu-

1965 5475 2188 5538 stribus,
2221 5484 2314 5528 aut
2361 5476 2504 5529 natis
2544 5471 2853 5527 heredibus
2887 5470 3140 5525 masculis
3166 5471 3526 5532 exsultantes.

1968 5569 2110 5623 sicut
2165 5569 2220 5621 in
2271 5568 2557 5621 annalibus
2624 5566 2774 5621 hisce
2828 5564 3034 5619 nostris
3114 5566 3311 5633 passim
3352 5563 3529 5616 anim-

1967 5660 2245 5713 advertere
2279 5661 2424 5719 licet.
2457 5675 2649 5727 aspros
2676 5673 2842 5712 novos
2870 5657 3087 5726 signare
3123 5656 3339 5710 solitos.
3374 5655 3530 5721 Quod

1966 5750 2181 5819 quidem
2234 5751 2320 5803 ubi
2359 5751 2561 5803 factum
2591 5760 2694 5815 est,
2728 5764 2887 5803 usum
2938 5762 3222 5815 asprorum
3285 5758 3531 5800 veterum

1971 5841 2266 5896 inter-diito
2335 5840 2607 5909 publicato
2685 5839 3013 5910 prohibent.
3075 5839 3415 5908 Quapropter
3466 5838 3532 5889 ab

3070 5929 3143 5988 2’4
