4048 6208
564 338 680 410 ’Ἷέἴ

1807 344 2129 410 IDANNlS
2178 349 2635 411 LEUXCLAVII

3676 357 3769 420 7&8

574 462 830 520 omnibus
897 462 960 516 ad
1026 461 1100 513 rei
1144 460 1458 513 monetaria:
1489 458 1774 527 praefectos
1818 459 2140 515 deferuntur
2166 471 2214 527 Α
2244 462 2354 517 lum
2380 464 2668 531 signiﬁcat.
2693 460 2833 516 Sunt
2863 472 3041 516 autem
3062 462 3198 531 ipsis
3224 460 3343 515 loco
3370 463 3776 521 rexillnrumsire

577 570 808 619 veteres,
875 570 936 607 ac
986 568 1081 622 pro
1110 552 1376 605 duoderin
1438 552 1710 605 veteribus
1754 552 1901 620 aSpri
1948 553 2134 606 decem

579 650 704 703 novi
734 649 1019 700 solvuntur
1051 661 1065 699 :
1095 645 1161 697 de
1192 659 1300 711 quo
1331 658 1461 697 sane
1488 644 1698 697 lucrum
1738 645 1967 697 sultanis
1998 643 2138 698 haud

581 741 832 809 exiguum
861 736 1125 806 provenit.
1150 734 1502 801 Inquisitores
1518 734 1681 787 etiam
1704 735 2139 798 constituuntur,

583 835 676 903 qui
709 848 776 885 an
808 831 973 900 aliqui
1006 843 1219 882 .vcteres
1267 843 1456 896 aspros
1489 827 1776 887 retineant.
1822 828 2140 883 observent.

585 925 648 977 lii
714 922 877 976 variis
944 932 1169 973 utuntur
1203 919 1538 985 ,l'raudibus,
1596 928 1649 973 et
1681 920 1849 973 multa
1898 920 2144 988 nequiter

582 1014 950 1070 committunt.
986 1008 1115 1078 Ejus
1147 1017 1325 1062 autem
1378 1009 1513 1063 lucri
1559 1024 1725 1064 causa
1778 1009 2145 1067 Mucbemetes

580 1105 899 1171 secitndus,
962 1103 1051 1171 qui
1103 1090 1633 1167 Constantinopolim
1670 1099 1835 1167 cepit,
1893 1100 2145 1168 singulis,

580 1201 769 1252 decem
799 1195 955 1250 annis
983 1207 1176 1261 aspros
1201 1193 1447 1259 signabat
1472 1205 1661 1245 novos.
1697 1191 1947 1245 Fortasse
1966 1203 2146 1246 tamen

586 1292 690 1345 boc
751 1292 917 1345 etiam
952 1286 1144 1340 fecisse
1200 1285 1366 1338 videri
1423 1284 1593 1352 possit
1652 1285 1717 1336 ad
1787 1283 2148 1339 imitationem

582 1382 922 1452 antiquitatis
952 1379 1228 1436 Itonianm,
1272 1375 1426 1442 cujus
1486 1373 1540 1426 in
1592 1373 1935 1427 nuuiismatis
1990 1374 2151 1428 toties

584 1486 670 1532 est
691 1474 927 1544 reperire
947 1480 1071 1527 vota
1096 1467 1434 1532 deeeunalia,
1463 1466 1787 1531 vicennalia,
1809 1465 2151 1521 tricennalia.

584 1567 700 1622 Non
730 1562 1145 1646 ωιὶιιιδάιὼίυω
1198 1568 1301 1625 est,
1349 1556 1745 1612 Muebemetem
1825 1557 2150 1618 secundum.

583 1673 746 1729 quem
785 1655 1049 1719 diximus,
1102 1652 1246 1705 velut
1279 1652 1333 1703 in
1363 1648 1481 1717 ipso
1514 1662 1890 1702 successorem
1927 1646 2154 1716 imperio

582 1752 750 1806 multa
767 1747 955 1818 priscis
970 1748 1020 1801 in
1040 1742 1321 1812 Augustis,
1340 1757 1481 1810 quos
1499 1755 1598 1810 pro
1612 1739 1998 1794 decessoribus
2039 1738 2153 1793 suis

2236 556 2515 623 signorum
2548 555 2884 618 militarium,
2932 554 3095 622 globi,
3136 554 3264 608 terei
3299 554 3555 616 deaurati,
3586 572 3775 610 summa

2240 647 2292 700 in
2342 647 2524 701 hastili
2574 647 2761 702 deﬁxit
2804 664 2818 700 :
2874 646 3263 715 circumplexis
3289 661 3352 699 ac
3383 647 3779 714 dependentibus

2236 742 2480 809 undique
2508 755 2601 794 seu
2645 740 2876 794 crinium
2928 740 3306 809 colligatorum
3355 740 3648 806 manipulis,
3697 757 3778 794 seu

2242 835 2431 889 caudis
2470 832 2708 902 equinis.
2755 830 2950 887 Vertici
3005 845 3290 900 pomorum
3339 831 3453 885 sive
3505 830 3781 898 glebarum,

2238 940 2378 995 quos
2423 926 2679 989 diximus,
2742 938 3137 994 nonnumquam
3222 924 3348 978 luna
3401 939 3643 979 crescens
3692 927 3780 977 im-

2246 1019 2487 1086 poiiitur.
2528 1015 2849 1085 Hujusmodi
2909 1017 3062 1083 signa
3120 1015 3379 1070 militaria
3420 1015 3569 1087 plura
3614 1016 3784 1084 gestari

2247 1110 2484 1163 vidimus
2528 1121 2653 1162 ante
2698 1110 2913 1163 bassam
2967 1122 3061 1162 seu
3108 1108 3482 1178 beglerbegum
3531 1105 3783 1160 Tememi-

2250 1218 2491 1266 rensem,
2548 1215 2671 1254 cum
2726 1202 2773 1255 is
2854 1200 3011 1254 nobis
3080 1198 3602 1266 Constantinopolim
3654 1198 3788 1251 ituris

2242 1300 2561 1353 occurreret
2597 1292 2651 1344 iti
2686 1290 2928 1359 planitie,
2989 1297 3110 1357 post
3160 1290 3485 1342 descensum
3535 1304 3559 1338 a
3617 1286 3789 1338 montis

2251 1373 2421 1435 Haemi
2461 1379 2699 1444 clisuris,
2764 1393 2870 1433 non
2944 1378 3131 1447 procul
3194 1393 3225 1431 a
3291 1376 3673 1439 Tatarbasare,
3713 1372 3791 1449 qui

2236 1472 2403 1528 .locus
2433 1484 2474 1526 a‘
2498 1472 2621 1526 foro
2655 1472 2979 1527 'I‘atarorum
3011 1485 3209 1527 nomen
3266 1471 3453 1533 habet,
3498 1471 3562 1523 ad
3605 1468 3793 1527 tertium

2253 1564 2665 1635 aPliilippopoli
2741 1564 2976 1633 lapidem
3033 1580 3049 1617 :
3103 1563 3199 1618 ubi
3265 1578 3368 1620 nos
3416 1571 3794 1631 praetereuntem

2250 1659 2410 1729 regio
2468 1673 2591 1714 cum
2650 1657 2935 1723 comitatu,
2998 1669 3305 1726 magnoque
3375 1654 3691 1709 camelorum
3754 1660 3799 1703 it

2257 1749 2487 1803 aliorum
2539 1749 2915 1818 jumentorqu
2970 1761 3224 1809 numero,
3291 1744 3641 1814 (summaries
3692 1758 3795 1796 cor-

533 1895 537 1899 .
582 1844 859 1906 nubebat,
909 1855 972 1895 ex
1019 1835 1318 1901 ambitione
1342 1835 1575 1903 quadam
1611 1830 1857 1895 aernulari
1891 1830 2150 1886 voluisse.

2253 1854 2410 1913 rupte
2443 1853 2598 1899 vocat
2634 1842 3001 1907 Beivacensis,
3031 1842 3124 1910 qui
3153 1840 3357 1895 Graecis
3409 1838 3620 1893 samarii
3668 1846 3797 1894 sinu,

936 1949 1343 2019 i9.Sugutzuc,
1396 1944 1567 2008 Gerle,
1636 1944 1778 1998 Boii.

658 2040 796 2098 Dicit
827 2051 1015 2095 auctor
1042 2039 1320 2092 annalium
1357 2036 1658 2090 existimari
1681 2036 1860 2105 vulgo,
1886 2033 2155 2102 sepultum

581 2135 877 2189 Osmaneui
928 2130 995 2183 ad
1066 2127 1363 2195 Sugutzuc,
1407 2127 1499 2194 qui
1549 2126 1701 2179 locus
1754 2141 1783 2176 a
1830 2126 1999 2179 salice
2059 2140 2158 2177 no-

589 2242 710 2282 men
740 2227 960 2279 ‘liabeat.
990 2223 1192 2274 Narrat
1228 2228 1408 2272 autem
1460 2219 1753 2281 Laonirus,
1805 2234 1927 2271 esse
1977 2216 2156 2271 vicum

582 2322 736 2391 juxta
784 2318 1033 2388 Mysiam,
1086 2328 1246 2382 quem
1286 2311 1478 2365 incola:
1520 2309 1778 2379 Sogutatn
1816 2318 2030 2373 vocent,
2068 2308 2159 2363 ubi

585 2417 783 2470 tlaizicn
833 2411 905 2463 sit
936 2405 1177 2476 ejusdem
1215 2404 1472 2457 nominis.
1534 2403 1592 2456 in
1663 2402 1769 2455 hoc
1823 2404 1942 2457 vico
2000 2401 2163 2455 tradit

588 2504 899 2575 aliquandiu
931 2501 1209 2554 habitasse
1239 2498 1493 2565 Oguzios,
1526 2506 1578 2548 et
1626 2495 1800 2564 ipsum
1838 2492 2159 2548 Oilimanein

587 2597 920 2653 domicilium
953 2593 1155 2648 ibidem
1184 2589 1464 2644 habuisse.
1496 2588 1794 2641 Putabatur
1832 2585 1995 2653 igitur
2034 2585 2157 2639 istic

588 2691 871 2752 conditus,
924 2688 1016 2740 ubi
1069 2684 1387 2754 plerumque
1439 2681 1639 2751 degere
1698 2680 1890 2733 solitus
1961 2676 2159 2730 fuerat.

590 2782 753 2834 Addit
799 2782 984 2838 etiam,
1038 2789 1198 2845 posse
1248 2772 1435 2827 locum
1475 2770 1736 2839 appellari
1789 2769 1969 2822 vicum
2000 2767 2160 2822 hacac.

591 2875 683 2927 Sic
732 2872 873 2926 enim
924 2868 1097 2922 reddit
1147 2865 1435 2932 interpres,
1488 2878 1673 2917 secum
1726 2861 1781 2914 in
1818 2875 2056 2914 errorem
2111 2868 2164 2912 et

588 2968 724 3019 alios
755 2961 1050 3031 abripiens.
1082 2956 1201 3011 Non
1230 2959 1374 3011 enim
1425 2954 1581 3020 itaex,
1614 2954 1708 3009 sed
1752 2953 1935 3007 salicis
1986 2952 2163 3005 vicum

588 3060 770 3114 dicere
824 3050 1107 3115 debuerat,
1152 3063 1272 3119 qua:
1301 3046 1504 3101 Graecis
1551 3050 1674 3100 itaaa
1740 3054 1989 3099 vocatur.
2031 3044 2166 3099 Ger-

2255 1947 2309 1992 et
2341 1935 2616 2004 sagittarii,
2644 1945 2699 1989 et
2749 1932 3089 2003 sagitt-alarii)
3136 1931 3398 1992 vidimus.
3445 1930 3525 1987 Ab
3557 1932 3635 1985 liis
3656 1928 3800 1997 signis

2259 2029 2582 2085 militaribus
2644 2028 2903 2085 dicuntur
2974 2025 3360 2096 Sangiacbegi,
3430 2024 3799 2095 provinciarum

2259 2121 2468 2181 scilicet
2490 2119 2652 2192 407
2686 2120 2962 2189 praesides,
2995 2119 3111 2177 sive
3144 2130 3415 2186 praetores
3442 2134 3455 2169 :
3481 2115 3571 2185 qui
3600 2129 3714 2168 cuiu
3744 2113 3799 2177 ad

2259 2214 2635 2283 expeditiones
2704 2210 3089 2281 suscipiendas
3143 2209 3405 2264 mandato
3452 2207 3643 2275 sultani
3694 2222 3805 2283 eve-

2259 2318 2475 2371 cantur,
2519 2314 2717 2365 curant
2781 2314 2905 2365 ante
2959 2319 3018 2359 se
3065 2303 3286 2373 signum
3336 2303 3620 2371 ejusmodi,
3667 2282 3805 2370 quale

2260 2398 2518 2464 diximus,
2581 2413 2704 2457 cum
2765 2397 2995 2465 strepitu
3050 2409 3460 2469 tympanorum,
3503 2403 3556 2448 ct
3599 2393 3804 2445 aliorum

2263 2489 2774 2555 instrumentorum,
2824 2489 3025 2559 quibus
3080 2499 3307 2544 utuntur
3365 2488 3520 2549 Valde
3570 2484 3804 2543 stridulis.

2263 2582 2490 2653 gestari.
2523 2581 2694 2638 Graeci
2734 2580 3025 2638 Turcicum
3059 2581 3190 2637 illud
3232 2583 3468 2649 Samae,
3516 2580 3804 2635 (iamborum

2264 2686 2319 2732 et
2363 2676 2676 2747 ﬂaaibulum
2722 2678 3000 2747 appellant
3051 2695 3067 2731 :
3131 2678 3415 2733 Sanzacos
3454 2686 3648 2737 autem,
3678 2673 3809 2728 tiatu-

2264 2771 2502 2826 bulares.
2562 2770 2673 2826 Leo
2723 2773 2973 2841 Sapiens,
3032 2770 3166 2842 leup.
3221 2773 3464 2845 August.
3517 2771 3698 2825 librum
3746 2773 3809 2819 De

2266 2860 2607 2931 apparatibus
2664 2861 2863 2915 bellicis
2911 2861 3156 2929 scripsit,
3206 2876 3562 2926 conversum,
3612 2857 3809 2913 liberius"

2268 2972 2428 3026 quam
2485 2971 2588 3023 par
2642 2966 2779 3021 erat,
2831 2956 2887 3008 in
2954 2954 3194 3024 linguam
3250 2953 3506 3009 Latinam
3554 2968 3580 3007 a
3624 2952 3811 3006 Joanne

2268 3051 2448 3105 Cbeco
2500 3048 2695 3119 Anglo,
2755 3048 2918 3118 quem
2972 3048 3221 3104 Graecum
3295 3048 3585 3105 habemus.
3647 3044 3698 3100 In
3755 3057 3810 3093 «υ

591 3149 756 3214 ιειθιιί,
788 3161 1018 3217 quorum
1070 3142 1255 3211 lingua
1284 3139 1675 3209 compOnendis
1723 3138 2035 3191 nominibus
2070 3152 2162 3204 per
2188 3171 2229 3229 ο
2270 3143 2594 3205 Flammam,
2650 3158 2759 3211 quo
2786 3142 3054 3197 cedrium
3110 3142 3273 3196 eum,
3331 3144 3520 3204 “mur,
3564 3149 3615 3194 ει
3660 3137 3808 3191 fama

588 3250 673 3295 est
746 3241 987 3299 idonea,
1056 3230 1382 3287 Falberdorl’
1468 3233 1971 3298 interpretarentur.
2048 3228 2155 3283 Sed

588 3332 908 3395 notandum,
950 3343 980 3381 a
1016 3326 1251 3383 Laonico
1276 3333 1397 3394 post
1459 3319 1674 3392 Soguta:
1714 3336 1925 3386 vocem,
1978 3321 2156 3375 omitti

588 3426 811 3476 alteram
867 3418 1152 3473 Turcicam
1183 3414 1311 3478 Gui,
1365 3414 1595 3468 duarum
1640 3412 1997 3482 syllabarum,
2037 3424 2157 3478 quas

594 3518 767 3569 vicum
820 3528 917 3566 seu
966 3522 1161 3579 pagum
1220 3508 1514 3577 signiﬁcat.
1549 3504 1605 3559 lu
1638 3504 1924 3559 annalibus
1958 3504 2158 3555 nostris

592 3616 869 3674 bugutzug
897 3603 1112 3672 legitur,
1130 3613 1262 3653 voce
1293 3597 1533 3652 novellas
1567 3596 1682 3649 sive
1718 3606 1933 3647 teneras
1965 3595 2159 3647 salices

591 3697 951 3769 signiﬁcante,
1002 3694 1083 3747 vel
1120 3689 1403 3744 salicetuin
1477 3686 1698 3756 potius:
1767 3688 1910 3740 sicut
1968 3685 2156 3740 iisdem

592 3793 785 3849 Turcis
815 3791 1044 3856 lit-texui;
1076 3796 1276 3839 tenera:
1316 3784 1431 3837 sive
1468 3780 1696 3835 uovelbe
1738 3794 1976 3849 quercus
2011 3788 2157 3843 sunt,

589 3900 682 3941 aut
728 3893 1086 3954 quercetum:
1139 3878 1282 3946 quod
1338 3878 1516 3946 ipsum
1554 3889 1772 3943 quoque
1837 3888 2033 3927 nomen
2078 3883 2162 3930 est

588 3982 768 4050 oppidi
835 3974 1129 4037 Anatolici,
1186 3971 1344 4040 cujus
1402 3970 1543 4021 intra
1586 3967 1831 4022 meminit
1881 3967 2159 4019 annalium

587 4085 797 4129 auctor.
833 4070 973 4123 Hinc
997 4066 1160 4120 etiam
1189 4066 1307 4133 pagi
1332 4062 1664 4130 Osuianzug,
1692 4062 1774 4113 vel
1796 4058 2160 4139 Otliiiiaiiziig,

566 4178 783 4222 nomen
839 4164 1029 4218 derivo
1077 4180 1091 4215 :
1140 4160 1302 4214 veluti
1350 4173 1461 4227 quo
1520 4155 1859 4225 signiﬁcetur
1908 4154 2163 4208 Osmanis

587 4265 699 4317 sive
732 4258 1106 4316 seminarium,
1141 4256 1254 4309 sive
1295 4252 1575 4322 plautatio.
1610 4251 1765 4320 Apud
1792 4251 2161 4303 Abrahamum

586 4355 848 4412 Ortclium
883 4353 936 4405 in
972 4350 1153 4404 tabula
1198 4345 1426 4399 Natalia:
1481 4343 1676 4411 legitur
1737 4339 2160 4409 Otlimangiucli,

588 4447 729 4514 quod
781 4444 954 4498 tribus
1013 4441 1236 4511 syllabis
1286 4436 1472 4490 italico
1524 4450 1674 4489 more
1726 4434 2160 4503 pronuntiatum,

2263 3238 2537 3292 deminuta
2563 3233 2992 3300 Flamuliscium,
3027 3246 3081 3289 et
3104 3233 3455 3290 Flainulares
3478 3232 3805 3303 reperiuntur.

2261 3331 2482 3384 nomina
2545 3329 2749 3383 Griecis
2798 3340 2852 3384 et
2898 3327 3151 3383 Turcicis
3202 3329 3365 3383 hisce
3434 3324 3802 3395 impendentia.

2260 3422 2378 3477 Non
2438 3424 2581 3477 enim
2636 3434 2838 3476 temere
2898 3423 3103 3477 dictum
3164 3438 3194 3476 Α
3266 3423 3659 3488 nobis,simias
3706 3433 3805 3471 esse

2240 3516 2568 3571 Graecorum
2620 3517 2849 3576 Turcos,
2915 3518 2969 3570 in
3027 3515 3192 3570 rebus
3243 3516 3538 3584 plurimis:
3604 3516 3810 3567 maxum-

2259 3624 2380 3676 qua:
2406 3616 2652 3675 spectant
2682 3608 2747 3659 ad
2783 3606 2956 3659 oliieia
2994 3605 3275 3670 militaria,
3329 3607 3808 3677 provinciarumque

2263 3700 2610 3768 praefecturas
2641 3714 2701 3750 ac
2724 3699 3068 3766 prasidatus,
3097 3708 3151 3751 et
3177 3715 3371 3755 earum
3406 3697 3805 3755 distributiones.

2263 3792 2491 3844 Messita:
2514 3806 2607 3844 seu
2680 3789 2913 3844 Meszitar
2967 3790 3163 3847 Turcis
3227 3796 3450 3863 praprie
3501 3792 3680 3859 templa
3737 3791 3806 3836 da-

2262 3893 2479 3942 cuntur.
2507 3898 2537 3935 e
2569 3882 2728 3951 lignis
2767 3882 3032 3937 fabricata
3060 3900 3074 3937 :
3099 3885 3285 3953 qualia
3319 3886 3526 3942 scilicet
3548 3886 3612 3939 ab
3632 3885 3704 3938 eis
3722 3896 3805 3932 er

2244 3976 2632 4040 struebantur,
2660 3992 2783 4030 cum
2822 3978 3051 4030 necdum
3105 3977 3322 4047 imperij
3357 3980 3649 4035 crevissent
3674 3990 3803 4043 opes.

2264 4066 2433 4121 Zuma
2489 4084 2616 4122 vero
2663 4067 2842 4139 (cujus
2891 4068 3142 4123 vocabuli
3199 4084 3372 4139 supra
3429 4084 3638 4137 quoque
3686 4068 3803 4118 facta

2265 4161 2366 4215 fuit
2422 4160 2646 4231 mentio)
2702 4160 2960 4229 tetnplum
3006 4160 3281 4229 signiﬁcat
3340 4166 3599 4229 amplum,
3649 4160 3805 4226 opetis

2264 4254 2482 4321 lapidei.
2524 4253 2795 4309 Medressa
2826 4253 2954 4322 quid
3004 4254 3098 4317 sit,
3149 4256 3281 4322 quid
3320 4255 3630 4317 lttiamtultt,
3678 4252 3804 4305 Gau-

2266 4348 2451 4400 derius
2486 4348 2600 4415 ipso
2673 4358 2934 4400 contextu
3022 4347 3298 4415 exposuit.
3346 4348 3611 4403 Nimirum
3662 4358 3803 4397 xeno-

2266 4441 2457 4494 docliia
2489 4450 2635 4504 sunt,
2670 4450 2725 4493 ut
2755 4450 2837 4496 est
2863 4441 3045 4494 videre
3071 4441 3213 4510 apud
3244 4441 3633 4511 Busbequiuin,
3682 4435 3801 4490 haud

586 4542 725 4595 idem
761 4548 840 4591 est
874 4551 998 4589 cum
1048 4532 1413 4597 Otlimanzug.
1447 4527 1502 4580 In
1537 4525 1818 4578 unciario
1870 4524 2158 4592 Busbeqnii
2196 4525 2238 4578 Ι)
2267 4532 2597 4602 ineleganter
2627 4543 2965 4597 constructa,
2995 4534 3221 4602 suisque
3252 4534 3513 4588 distincta
3545 4528 3799 4587 cubiculis:

587 4636 779 4703 legitur
806 4627 1140 4690 Otiimanlik,
1170 4631 1459 4694 dcprarate
1491 4632 1640 4691 puto,
1675 4636 1796 4675 cum
1839 4622 2155 4678 Ottnansick

586 4729 669 4780 vel
743 4720 1113 4779 Othinansuck
1166 4720 1236 4772 ab
1294 4719 1411 4785 ipso
1461 4719 1726 4785 scriptum
1807 4716 2044 4771 fuerit-:
2100 4728 2158 4770 ut

588 4821 855 4889 posterius
900 4816 1001 4868 hoc
1072 4812 1111 4867 V
1164 4812 1431 4865 Gallicum
1482 4809 1701 4871 habent,
1749 4807 1944 4862 Turcis
1991 4815 2153 4865 etiam

588 4925 867 4968 usuatuui.
926 4907 1161 4975 Longius
1213 4910 1282 4957 ab
1321 4902 1530 4970 origine
1573 4904 1719 4955 Vocis
1748 4903 2028 4967 recedunt,
2061 4904 2154 4971 qui

583 5010 832 5067 Otmanic
859 5006 1126 5061 scribunt.
1191 4998 1263 5052 De
1300 4996 1446 5061 Boii,
1522 5005 1631 5050 tam
1698 4997 1942 5066 regione,
1986 5014 2151 5065 quam

581 5103 803 5172 oppido,
882 5110 1045 5166 supra
1131 5092 1372 5146 diximus
1430 5104 1653 5143 numero
1723 5089 1810 5142 1⁸5.
1869 5087 2151 5144 Bellonius

562 5197 833 5264 'oppidum
859 5190 1053 5260 priscis
1100 5183 1451 5239 Abonitielios
1502 5181 1706 5235 dictum
1762 5191 1939 5250 putat.
1995 5182 2152 5237 Gerle

579 5304 687 5340 non
740 5284 930 5355 procul
972 5298 999 5333 a
1054 5278 1170 5331 Boii
1225 5274 1426 5346 oppido
1485 5274 1672 5337 distat,
1729 5276 1824 5327 sed
1866 5276 1921 5326 in
1957 5275 2148 5329 Ortelii

577 5377 787 5432 Natolta
824 5386 955 5445 puto
982 5389 1087 5426 non
1116 5380 1259 5423 recte
1294 5365 1462 5421 scribi
1514 5363 1743 5430 Gercde,
1789 5378 1905 5433 pro,
1935 5366 2149 5430 Gemis,

577 5471 720 5536 quod
749 5467 885 5521 idem
916 5476 997 5520 cst
1030 5480 1153 5519 curn
1185 5460 1365 5515 Gerle.
1597 5464 1602 5469 ’

573 5582 685 5657 2οἏ
732 5574 1249 5657 stragica-Sangae
1306 5572 1412 5657 Βςρ
1438 5616 1450 5639 ,
1490 5570 1867 5657 Menanter!
1910 5571 2144 5657 μεθεὶς,

646 5644 891 5713 υδὶιιιηᾶ,
951 5650 1052 5701 sive
1104 5644 1295 5709 Zama,
1344 5644 1582 5709 Futaret,
1621 5646 1857 5705 Camiri,
1906 5644 2143 5712 Cangri‘,

647 5722 968 5786 Cluuugat'e.

647 5834 875 5898 Sangiac
902 5833 1277 5901 dissyllabuni,
1312 5831 1426 5886 sive
1451 5830 1680 5897 Sanzac,
1734 5828 1927 5887 Turcis
1973 5829 2137 5884 vexil-

2263 4627 2314 4679 in
2378 4640 2498 4694 qua:
2562 4640 2673 4679 non
2734 4625 2894 4679 modo
2950 4623 3114 4680 Terei
3166 4626 3470 4689 divortunt,
3523 4627 3612 4679 sed
3664 4624 3801 4674 etiam

2260 4717 2380 4771 aliis
2414 4718 2701 4786 quibusvis
2750 4718 3001 4771 homines
3041 4717 3242 4772 addicti
3295 4718 3362 4772 de
3407 4718 3656 4788 religione
3698 4730 3808 4767 sen-

2255 4810 2461 4864 tentiis.
2516 4810 2727 4879 Quippe
2787 4825 2887 4863 nec
2936 4809 3286 4864 Christianus
3370 4811 3679 4880 quisquam,
3723 4818 3809 4858 nec

2255 4904 2494 4967 Judteus,
2529 4919 2620 4958 seu
2673 4904 2849 4966 dives,
2900 4918 2995 4956 seu
3033 4903 3340 4971 mendicus,
3370 4904 3441 4958 ab
3470 4904 3535 4957 iis
3595 4908 3809 4956 arcetur.

2255 4996 2431 5051 Bassa:
2481 4984 2721 5066 quoque,
2772 5010 2836 5050 ac
2885 4994 3147 5064 sangiaci,
3208 5010 3338 5050 eum
3397 4996 3808 5066 peregrinantur.

2236 5089 2359 5144 illis
2391 5101 2637 5143 utuntur.
2684 5088 2800 5143 Mos
2834 5088 2908 5143 ita
2964 5087 3066 5141 [ert
3125 5086 3465 5155 Turcorum,
3518 5099 3575 5143 ut
3603 5083 3807 5152 singulis

2252 5184 2441 5251 quieo
2496 5182 2785 5243 divertunt,
2848 5178 3031 5233 cibum
3092 5178 3405 5248 praebeant.
3462 5179 3594 5232 Cum
3653 5188 3807 5227 causa:

2255 5286 2466 5341 tempus
2495 5270 2739 5340 appetiit,
2773 5272 2927 5326 adest
2955 5272 3206 5327 minister
3255 5288 3385 5326 cum
3420 5272 3622 5341 ingenti
3649 5269 3806 5337 ligneo

2228 5367 2427 5429 disco,
2464 5366 2584 5434 qui,
2618 5379 2819 5420 mensae
2850 5365 3025 5420 instar
3055 5364 3228 5419 videri
3263 5376 3469 5432 potest.
3493 5363 3603 5418 Hoc
3628 5374 3806 5431 patina:

2251 5460 2434 5527 plures
2487 5459 2863 5522 continentur,
2915 5458 3153 5525 impletie
3208 5457 3289 5509 vel
3327 5459 3480 5511 oriza
3519 5464 3686 5517 cocta,
3734 5449 3805 5501 νει

2226 5552 2474 5604 ‘dccocto
2513 5549 2581 5604 ad
2634 5565 2940 5604 cremorem
2981 5550 3206 5613 hordeo,
3255 5550 3445 5603 addito
3487 5548 3659 5603 carnis
3711 5544 3808 5609 ple.

2250 5660 2478 5713 rumque
2511 5642 2811 5699 verrecinas
2862 5642 3059 5697 frusto.
3131 5641 3356 5697 Circum
3411 5642 3614 5712 patinas
3662 5633 3807 5705 positi

2250 5749 2415 5803 panes
2463 5745 2611 5800 sunt,
2660 5744 2715 5789 et
2760 5750 3152 5805 nonnunquam
3212 5735 3427 5806 aliquid
3482 5735 3602 5789 lavi.
3649 5730 3811 5782 Sumit

2250 5842 2315 5879 ex
2351 5828 2433 5881 bis
2488 5828 2579 5895 qui
2636 5828 2767 5881 vult.
2824 5826 2903 5880 Ac
2956 5827 3037 5880 las
3093 5837 3176 5880 est
3218 5820 3733 5897 peregrinantibus.
3764 5813 3809 5868 ω
