4048 6208
289 352 406 423 ‘li9

1452 345 1495 405 Ρ
1514 338 1853 407 \NDECTE
1888 347 2086 409 HlST.
2132 338 2433 407 TURCIC.

3440 337 3544 398 73.0

294 469 436 525 cibis
488 476 602 523 toto
656 463 838 519 triduo
891 460 1061 530 gratis
1113 458 1243 512 frui.
1291 453 1487 512 Postea
1542 456 1862 510 mutandum
1899 464 1938 520 Α
1971 473 2092 512 rum
2127 456 2436 528 appellatio,
2494 453 2833 526 principibus
2884 453 3016 524 ipsis
3078 452 3544 508 Musnlmanormu

296 561 643 632 hospitium.
681 557 823 611 Sane
871 553 1087 607 'l‘urcicl
1147 564 1403 622 proceres
1465 549 1717 603 maximis
1770 550 1872 603 im-

297 655 482 727 pensis
530 665 810 708 exstrnere
835 647 1159 718 potissimun
1203 644 1418 700 Studeltl
1465 643 1580 697 haec
1625 651 1870 712 septem:

297 746 569 809 Messius,
623 743 876 804 lmareta,
943 734 1425 805 Grmcisblaratia,
1458 733 1871 798 caravansaria,

298 839 493 895 balnea
543 835 760 906 publica
791 849 807 890 :
850 831 1051 907 quibus
1079 830 1240 902 etiam
1269 827 1666 898 pulcherrimos
1693 825 1872 880 fontes

299 930 626 1000 adjunguut,
659 927 713 982 in
753 924 988 986 caneris,
1031 921 1098 978 ad
1152 937 1284 976 usus
1322 921 1624 985 hominum,
1657 918 1878 988 jumeno

298 1030 484 1080 torum
515 1017 902 1090 quotidianos;
938 1015 990 1069 in
1036 1012 1276 1069 messitis
1302 1013 1368 1066 ad
1406 1010 1756 1066 lustrationes
1791 1008 1875 1064 vel

298 1112 609 1168 ablutiones
627 1107 885 1180 quasdam
913 1105 1250 1179 peragendas
1280 1105 1453 1174 prius,
1491 1116 1654 1172 quam
1679 1101 1878 1172 templa

302 1221 403 1260 sua
437 1203 553 1260 sive
583 1200 833 1257 tuessitas
865 1197 1264 1266 ingrediantur.
1284 1196 1379 1254 His
1406 1196 1544 1252 adde
1589 1195 1875 1252 llnminum

300 1309 519 1370 pontes,
548 1306 603 1351 et
657 1295 773 1349 vias
817 1294 1105 1365 publicas,
1163 1293 1438 1364 lapidibus
1468 1301 1668 1349 stratas
1703 1311 1717 1348 :
1758 1307 1880 1363 quae

298 1390 523 1460 quidem
605 1386 790 1442 omnia
854 1385 1079 1455 perinde
1147 1383 1464 1454 spectabilia
1535 1393 1666 1439 sunt
1733 1383 1879 1455 apud

298 1482 534 1543 'l‘urcos,
569 1488 624 1532 et
653 1477 873 1541 eximia,
914 1477 1060 1534 sicut
1084 1477 1226 1547 apud
1260 1476 1468 1547 Anglos
1506 1476 1635 1542 iSta,
1705 1491 1875 1532 versu

298 1570 700 1642 comprehensa
729 1567 900 1623 veteri
937 1582 954 1621 :

379 1665 556 1726 unus,
586 1672 637 1718 et
677 1662 797 1730 fons
827 1672 876 1716 et
907 1677 1036 1729 pons
1063 1673 1082 1712 :
1122 1658 1363 1725 ecclesia,
1396 1660 1621 1730 femina,
1657 1659 1809 1715 lana.

1979 551 2230 606 sultunos
2309 565 2369 606 se
2423 549 2870 610 nominantibus,
2926 550 3004 602 uti
3051 549 3363 618 lrequenter
3405 545 3546 616 apud

1977 655 2268 716 praetorem
2303 653 2544 699 nostrum
2601 643 2785 697 videre
2813 652 2936 697 est:
2993 654 3173 696 tamen
3219 640 3424 696 Graecis
3467 641 3528 690 vi

1979 737 2140 799 ciuis,
2173 744 2231 790 nt
2286 737 2635 802 Christianis,
2674 745 2789 790 erat
2815 736 3148 790 exsecrabile
3180 750 3404 797 nomen,
3455 740 3546 806 qui

1979 829 2144 884 verbo
2173 827 2654 884 Musulmanissare
2680 829 2746 883 de
2777 828 3024 882 omnium
3053 827 3376 898 gravissimo
3405 829 3548 896 apud

1979 922 2318 978 Christianos
2355 921 2560 990 flagitio
2617 921 2844 976 desertae
2889 921 3168 989 religionis
3221 924 3550 979 utebantur;

1982 1013 2140 1082 cujus
2167 1013 2330 1068 etiam
2389 1015 2496 1069 vim
2550 1013 2916 1080 declarantes,
2973 1013 3117 1067 aliud
3153 1011 3550 1084 magarissandi

1979 1105 2145 1179 5,08
2173 1105 2394 1160 verbum
2423 1104 2774 1170 adhibebant,
2795 1177 2798 1179 _
2822 1102 2964 1173 quod
2995 1104 3264 1176 signiﬁCat
3315 1115 3558 1158 stercore

1985 1177 2194 1252 faciem
2221 1208 2610 1266 conSpurcare.
2664 1177 2952 1260 Cedrinus,
3014 1195 3217 1264 aliique
3264 1195 3560 1266 scriptores

1987 1289 2256 1356 historiae,
2311 1305 2434 1344 cum
2485 1289 2551 1343 iis
2596 1287 2689 1358 qui
2741 1287 2833 1356 jus
2886 1288 3215 1343 canonicum
3265 1288 3561 1343 Orientalis

1990 1383 2248 1439 Ecclesia;
2290 1391 2617 1448 tractarunt,
2700 1393 2933 1452 utroque
2967 1393 3220 1437 utuntur.
3279 1381 3562 1437 Osmanici

1982 1487 2166 1532 tamen
2244 1475 2499 1531 all'ectant
2557 1476 2699 1531 hanc
2749 1477 3188 1546 appellationem,
3249 1488 3304 1532 et
3347 1469 3560 1529 Tur-cos

1985 1585 2045 1624 se
2065 1570 2172 1623 dici
2208 1570 2422 1625 nolunt.
2453 1569 2570 1634 Quo
2599 1570 2667 1625 de
2688 1569 2955 1626 vocabulo
2977 1569 3164 1626 facere
3182 1586 3289 1624 non
3315 1586 3557 1636 possunt.

1985 1663 2117 1732 quin
2177 1660 2412 1736 Philippi
2457 1663 2679 1718 Mornati
2726 1647 3051 1721 sententiam
3126 1678 3417 1734 exponam,
3491 1678 3557 1716 ex

377 1757 888 1858 Propemodutnque
957 1751 1142 1809 licebit
1205 1759 1263 1810 et
1331 1750 1562 1818 Turcica
1631 1749 1880 1822 distycbo
1912 1797 1956 1858 ⁸
1986 1754 2127 1858 libro
2144 1756 2264 1823 ejus
2280 1755 2485 1810 Gallice
2501 1756 2825 1858 scriptohde
2844 1756 3362 1858 veritate-religionis
3401 1757 3562 1811 Chri-

304 1847 594 1916 (0tnplecti
616 1865 630 1900 :

416 1962 661 2030 chita,
698 1962 983 2015 muralium
1013 1977 1029 2013 :
1066 1957 1512 2021 curavanmraia,
1539 1955 1772 2030 lavacra.

410 2027 656 2096 Fontesa
685 2043 736 2088 et
768 2041 949 2100 pontes
985 2031 1287 2099 ﬂuviorum,
1321 2037 1494 2082 strata
1527 2027 1756 2082 viarum.

381 2126 569 2184 Obiter
597 2125 700 2194 hoc
727 2124 888 2182 etiam
919 2122 1082 2188 addo,
1115 2119 1586 2189 Constantinopoli
1623 2117 1882 2183 tnessitis,

306 2235 432 2289 qua:
457 2220 582 2276 istic
602 2231 828 2274 numero
853 2215 976 2286 plus
998 2217 1179 2270 minus
1206 2213 1622 2284 quadringentae
1637 2218 1785 2274 sunt,
1809 2217 1888 2264 tot
1955 2223 1958 2226 '

306 2311 624 2383 huiusmodi
685 2310 940 2380 adjuncta
989 2322 1110 2364 esse
1163 2307 1432 2362 maratia:
1474 2313 1534 2358 ut
1578 2303 1626 2360 si
1655 2304 1779 2374 quis
1833 2303 1886 2358 in

307 2418 424 2462 uno
458 2404 695 2462 triduum
730 2403 959 2466 victitet,
1008 2413 1075 2456 ac
1126 2398 1323 2454 deinde
1357 2405 1544 2468 pergat
1591 2394 1782 2450 ordine
1820 2393 1888 2448 ad
1955 2406 1957 2408 ·

313 2506 548 2564 uetera,
597 2497 766 2556 totius
843 2493 972 2550 anni
1019 2493 1198 2563 spatio
1252 2490 1336 2546 vel
1364 2490 1602 2546 invisere
1656 2495 1892 2557 nequeat

309 2590 521 2653 omnia,
550 2589 634 2646 vel
667 2586 912 2655 omnium
950 2587 1028 2640 uti
1073 2582 1360 2640 beneﬁcio.
1416 2580 1678 2649 Sequitur
1727 2580 1888 2634 etiam

305 2681 479 2752 paulo
533 2691 658 2752 post
704 2681 850 2754 hunc
897 2679 1076 2736 locum
1125 2675 1180 2730 in
1242 2672 1530 2732 annalibus
1592 2671 1892 2740 explicatus

309 2778 664 2832 imaretorum
698 2786 851 2837 usus,
891 2785 1014 2828 cum
1061 2777 1308 2831 narrant,
1361 2766 1657 2837 ipsummet
1689 2762 1892 2820 Urcha-

310 2879 440 2920 nem
469 2864 522 2917 in
554 2868 834 2917 exstructo
861 2859 929 2915 ab
966 2874 1026 2914 se
1074 2859 1303 2915 imareto
1334 2857 1488 2911 cibos
1513 2853 1886 2911 distribuisse.

387 2953 624 3016 Candria
687 2953 840 3024 regio
900 2950 1004 3007 sita
1057 2959 1141 3004 est
1189 2950 1258 3004 ad
1314 2945 1544 3002 Pontum
1599 2945 1892 3012 Euxinum,

311 3035 457 3102 inter
484 3044 816 3115 Bithyniam,
846 3051 900 3098 et
930 3041 1190 3106 Pontum,
1240 3041 1345 3094 hoc
1389 3044 1632 3110 nomine,
1675 3038 1895 3108 provin-

1986 1849 2175 1904 stiana:
2220 1859 2410 1904 contra
2443 1864 2697 1918 paganos,
2731 1849 2965 1914 .ludacos,
3031 1849 3466 1916 Mahumetauos,
3508 1861 3565 1904 et

1988 1942 2146 2004 alios,
2192 1941 2278 1996 cui
2323 1942 2523 1997 similis
2558 1943 2608 1996 in
2668 1943 2773 1997 hoc
2809 1943 3117 2014 argumenti
3146 1958 3342 2014 genere
3379 1946 3562 1996 nullus
3646 1947 3652 1956 '

1988 2037 2224 2090 antehac
2283 2035 2503 2105 prodiit.
2555 2034 2690 2089 Nam
2724 2037 2912 2090 eadem
2970 2052 3134 2106 Opera
3168 2039 3235 2090 de
3259 2035 3563 2092 Torenrnm

1987 2131 2152 2184 etiam
2210 2128 2428 2199 origine
2477 2128 2736 2199 quiddam
2799 2147 2904 2184 non
2957 2140 3162 2185 temere
3207 2131 3564 2201 rejiciendnm

1989 2222 2378 2292 intelligemus.
2423 2223 2513 2275 Ait
2541 2238 2670 2294 ergo
2725 2223 3020 2287 hlornatus,
3064 2222 3342 2278 lsraelitas
3394 2221 3566 2278 fuisse

1992 2323 2410 2386 transportatos,
2433 2317 2596 2372 etiam
2629 2317 2904 2373 Herodoto
2948 2328 3104 2382 teste,
3143 2319 3278 2373 ultra
3309 2317 3564 2374 Mediam.

1990 2412 2057 2464 ad
2091 2409 2339 2479 regiones
2371 2410 2421 2464 id
2445 2411 2705 2482 temporis
2730 2411 3078 2477 inhabitatas,
3148 2423 3202 2467 et
3227 2414 3294 2468 ab
3318 2413 3396 2468 eis
3442 2427 3551 2482 par-

1993 2499 2087 2553 tim
2103 2497 2339 2556 Colchos
2357 2487 2620 2570 originem
2654 2499 2898 2565 duxisse.
2918 2503 3012 2572 qui
3033 2501 3291 2558 Herodoti
3325 2518 3568 2574 tempore

1993 2591 2575 2657 circumcidebantur;
2623 2594 2825 2662 partim
2861 2592 3121 2662 Tataros,
3155 2597 3248 2666 qui
3281 2599 3425 2650 circa
3473 2610 3569 2648 an-

1995 2676 2146 2740 num'
2171 2684 2540 2741 Christianum
2594 2685 2732 2742 {200
2771 2688 2933 2742 ductu
2968 2687 3154 2760 Zingis
3185 2691 3390 2746 Cltanis
3427 2690 3576 2744 velut

1997 2778 2359 2836 inundatione
2391 2775 2625 2850 quadam
2659 2782 2848 2837 orbem
2881 2792 3149 2838 terrarum
3181 2784 3504 2847 obruerunt,
3526 2796 3578 2836 et

1998 2869 2286 2940 imperium
2318 2869 2514 2926 deinde
2554 2870 2756 2927 Cltauis
2815 2873 2960 2928 illius
2997 2873 3233 2929 Cbitaini
3283 2875 3581 2930 constitue~

1998 2972 2148 3016 runt.
2170 2960 2338 3017 Erant
2360 2973 2562 3029 autem,
2592 2964 2788 3035 inquit,
2804 2964 2858 3020 hi
2882 2965 3191 3022 circumcisi
3215 2968 3367 3038 prius
3387 2969 3577 3027 etiam.

2001 3065 2164 3125 quam
2185 3050 2516 3108 Mahumetis
2547 3069 2749 3110 nomen
2790 3055 3074 3111 audissent
3109 3073 3124 3110 :
3165 3071 3338 3126 eoque
3375 3058 3574 3124 procl:-

311 3139 454 3194 Cia'"
485 3154 501 3197 ἱ
528 3135 618 3192 ubi
655 3149 709 3190 θι
740 3135 998 3208 Oppidum
1029 3133 1263 3189 Candria
1299 3133 1571 3203 ιἐΡθτίῐυτ
1611 3132 1666 3186 in
1701 3132 1891 3189 Οτιθιὶί
1919 3140 1964 3198 C
1996 3143 2178 3196 viores
2238 3137 2461 3198 fuerunt
2518 3135 2586 3198 ad
2615 3139 3052 3214 antplecrendam
3099 3145 3269 3215 legem
3297 3145 3582 3200 Mabume-

311 3230 549 3294 Natalia,
581 3229 745 3282 situm
779 3243 844 3282 eo
875 3228 1034 3296 plane
1081 3227 1223 3292 loco,
1255 3242 1364 3294 quo
1415 3225 1699 3279 Dedacana
1742 3239 1896 3290 vetus

313 3341 344 3380 a
411 3323 634 3379 Nicolao
677 3322 953 3393 Sophiano
1014 3321 1259 3389 ponitur.
1324 3319 1612 3373 Diversum
1675 3318 1744 3372 ab
1794 3322 1897 3374 hoc

315 3417 578 3489 oppidum
605 3427 692 3478 est
718 3415 939 3488 Catigri,
964 3429 1153 3469 versus
1171 3414 1446 3466 Amasiam
1472 3411 1587 3466 sive
1613 3410 1898 3480 Cappado-

321 3505 512 3568 ciam,
565 3505 706 3574 quod
771 3503 901 3558 olim
984 3500 1199 3573 Gangra
1283 3503 1684 3564 nominabatur,
1757 3499 1900 3554 unde

322 3578 522 3650 Turcis
552 3605 605 3649 et
636 3595 782 3664 regio
808 3596 1112 3670 Chiangare
1137 3595 1304 3648 dicta.

563 3689 655 3746 21.
689 3687 940 3752 Zercolaz,
969 3700 1076 3741 tam
1117 3688 1249 3740 alba:
1281 3703 1441 3756 quam
1464 3687 1653 3739 rubrm.

393 3780 619 3836 Zereola
664 3782 856 3852 capitis
889 3797 919 3836 e
958 3781 1099 3837 liltro
1155 3791 1524 3853 tegumentum
1574 3791 1680 3846 est,
1735 3779 1899 3834 latam

317 3891 546 3942 .Iuream
577 3875 846 3930 ﬁmbriam
895 3875 1124 3940 habens,
1176 3891 1283 3945 qua
1316 3885 1469 3944 parte
1518 3874 1682 3944 capiti
1729 3874 1901 3941 impo-

323 3970 522 4027 nitur;
559 3965 626 4042 de
681 3964 896 4042 penulae
973 3965 1190 4021 manica
1237 3965 1490 4035 tegminis
1523 3963 1692 4033 ipsius
1738 3963 1899 4031 petita

321 4060 526 4123 fortna,
550 4039 690 4114 sicut
725 4039 940 4127 ipsitnet
969 4059 1126 4128 aiunt
1145 4057 1334 4111 Turci.
1369 4055 1649 4125 Superiori
1671 4053 1900 4108 zezculte

321 4151 511 4224 parti,
570 4149 1088 4219 sesquispithamam
1149 4148 1311 4211 alia,
1379 4155 1540 4216 caput
1597 4143 1898 4199 inseritur:

321 4245 560 4300 inferior
585 4259 617 4298 a
647 4243 848 4310 vertice
873 4242 1066 4312 Capitis
1119 4241 1257 4294 infra
1288 4240 1527 4294 cervices
1560 4238 1613 4292 in
1673 4239 1897 4293 dorsum

326 4355 443 4394 non
480 4339 636 4408 aliter
670 4337 738 4406 ad
769 4346 882 4392 tres
907 4337 1206 4406 spitbamas
1239 4347 1406 4404 vsqne
1455 4333 1779 4394 demittitur,
1836 4349 1902 4386 ac

326 4430 665 4486 fetutinarum
702 4429 1032 4486 Gallicarum
1065 4438 1300 4498 tegmen,
1339 4425 1802 4498 quod'rltapperou
1833 4425 1900 4478 ab

229 4535 238 4544 ‘
323 4527 411 4582 eis
438 4523 664 4578 dicitur.
725 4524 768 4575 Δ
831 4522 1008 4576 media
1061 4520 1236 4576 l‘rnute
1269 4520 1715 4592 surgit-oblonge
1757 4533 1906 4586 qua:-

327 4618 461 4674 dam
511 4615 671 4684 quasi
701 4616 785 4671 vel
828 4615 1009 4672 ﬁstula
1063 4615 1150 4672 vel
1191 4614 1384 4684 vagina
1417 4627 1484 4667 ex
1531 4627 1658 4675 iere,
1712 4611 1905 4681 partim

325 4711 616 4774 deaurata,
646 4709 841 4780 partim
865 4719 1091 4779 argento
1113 4708 1247 4763 l'oris
1269 4707 1527 4766 obducta.
1551 4706 1638 4758 cui
1668 4717 1911 4773 gemmas

329 4807 610 4869 insorunt,
633 4819 742 4857 non
769 4801 948 4870 magni
982 4811 1159 4859 tamen
1179 4799 1362 4871 pretii.
1391 4797 1513 4853 Haec
1534 4796 1744 4851 zercola
1763 4795 1912 4865 grui-

327 4899 485 4954 zaris
511 4896 622 4951 albi
644 4895 846 4953 coloris
875 4905 978 4960 est,
1029 4893 1152 4948 aliis
1185 4892 1478 4949 nonnullus
1507 4888 1680 4952 rubri,
1704 4890 1767 4940 de
1788 4889 1910 4955 qui-

327 4990 440 5044 bus
479 4987 589 5042 alio
624 4985 917 5048 dicendum
947 4986 1089 5040 loco.
1133 4982 1335 5038 Fistula
1370 4983 1486 5037 sive
1520 4979 1741 5036 tubulus
1769 4977 1914 5032 exci-

329 5079 536 5151 piendo
567 5092 707 5134 cono
751 5076 818 5132 tle
849 5075 1044 5147 pennis
1068 5077 1252 5130 avium
1283 5075 1424 5128 laeto
1452 5074 1642 5134 servit,
1675 5067 1913 5128 velbclli

333 5184 612 5242 tempore,
645 5173 729 5225 vel
757 5185 882 5224 cum
924 5168 1178 5224 satellitio
1208 5182 1307 5222 suo
1333 5166 1608 5219 sultanuut
1633 5163 1856 5232 stipant.

411 5282 872 5346 Silluulmam‘,
916 5281 1400 5342 musulmaniuare,
1460 5279 1840 5346 magarissare,

721 5353 900 5408 Tum.
923 5352 1188 5406 Laonacus
1215 5350 1545 5404 curandatus.
1601 5357 1607 5362 '

412 5447 794 5506 llnsulmanos
845 5445 952 5500 dici
995 5459 1056 5498 se
1113 5443 1303 5497 volunt
1350 5439 1745 5497 Hahnmetani.
1792 5449 1915 5490 tan-

338 5556 504 5612 quam
559 5548 705 5592 recte
759 5536 1090 5594 credentes;
1149 5543 1207 5586 ut
1255 5531 1526 5587 Arianicis
1580 5530 1915 5598 temporibus

344 5635 527 5690 επιετί
556 5631 876 5692 Christiani,
910 5637 1180 5699 quotquot
1227 5625 1685 5681 abominabantur
1726 5639 1914 5678 eorum

350 5726 587 5786 furores.
629 5722 1051 5776 ortbmlnxorum
1109 5733 1304 5774 nomen
1359 5713 1778 5786 proﬁtebantur.
1838 5713 1917 5767 Ac

358 5816 576 5876 tametsi
607 5815 1004 5870 Maltumctanis
1043 5810 1423 5867 honestissima
1447 5808 1518 5862 sit
1553 5806 1916 5863 Musulmano-

2001 3233 2069 3288 tis
2091 3231 2236 3301 quod
2265 3250 2330 3287 cr
2384 3244 2534 3304 parte
2583 3251 2706 3290 cum
2737 3235 2980 3304 ipsorum
3014 3235 3273 3302 religione
3324 3237 3581 3288 convenis

2000 3332 2102 3376 ret.
2133 3322 2243 3376 Vox
2281 3323 2393 3392 ipsa
2415 3319 2600 3377 Tatari
2631 3324 2746 3376 sive
2763 3322 2968 3384 Totari,
2994 3325 3174 3392 lingua
3201 3324 3417 3394 Syriaca
3458 3325 3585 3378 reli-

1999 3415 2157 3482 quus
2187 3415 2299 3468 sive
2335 3414 2580 3470 residmts
2610 3415 3025 3484 signilicat,.ait.
3053 3414 3198 3469 Inter
3230 3416 3426 3470 ltordzts
3447 3431 3582 3486 Quo-

2001 3520 2106 3575 que
2131 3503 2386 3569 Tatariaz,
2406 3523 2595 3562 versus
2620 3517 2827 3576 partem
2850 3507 2968 3576 ejus
2993 3507 3163 3578 magis
3185 3509 3582 3578 aquilonarem,

2002 3600 2246 3652 nonnulli
2303 3600 2524 3654 nomina
2590 3599 2725 3667 Dan,
2787 3599 3056 3668 Zabulon,
3116 3601 3384 3671 Neplttali,
3458 3608 3583 3658 rczi-

2003 3707 2264 3750 nuerunt.
2321 3693 2476 3751 Unde
2535 3713 2641 3751 non
2709 3709 2812 3764 est,
2845 3699 2987 3768 quod
3038 3701 3323 3765 miremur,
3376 3711 3578 3754 tantam

2003 3787 2356 3843 Hebraeorum
2425 3804 2548 3844 esse
2601 3790 2813 3861 copiam
2875 3792 2930 3846 in
2985 3794 3297 3865 regionibus
3348 3794 3582 3854 liussia~,

2005 3877 2309 3945 Sarmatia-,
2361 3880 2685 3936 Lithuaniae.
2719 3882 2877 3935 Putat
2911 3885 3096 3948 etiam,
3124 3899 3188 3939 eo
3224 3885 3405 3954 plures
3454 3885 3577 3939 iStir.

2005 3971 2260 4026 Hebraeos
2294 3972 2544 4036 inveniri,
2591 3990 2698 4043 quo
2757 3977 2979 4043 propius
3038 3976 3104 4029 ad
3150 3975 3378 4030 Tataros
3431 3968 3585 4030 accc.

2003 4065 2180 4119 datur.
2240 4065 2500 4133 Equidem
2553 4080 2610 4120 ut
2651 4068 2824 4121 obiter
2870 4065 3101 4136 aliquam
3151 4069 3218 4122 de
3265 4084 3384 4123 tneo
3438 4070 3585 4123 velut

2005 4155 2309 4226 symbolam
2342 4154 2428 4210 his
2465 4157 2738 4226 adjiciam,
2809 4158 3126 4212 adolescens
3180 4159 3233 4211 in
3277 4157 3583 4216 Livoniam.

2003 4249 2236 4303 necdum
2290 4249 2517 4314 collegio
2552 4239 2974 4306 Teutonicorum
3002 4251 3265 4320 jequitum
3292 4252 3584 4322 dissipato,

2003 4357 2032 4393 a
2084 4340 2340 4396 Cunrado
2390 4349 2544 4407 patre
2588 4339 2789 4394 missus
2835 4340 2900 4394 ad
2961 4341 3240 4396 Albertum
3310 4352 3587 4420 patruum,

2007 4448 2130 4496 cum
2166 4431 2273 4486 alia
2306 4431 2426 4485 istis
2450 4430 2882 4486 animadvertere
2915 4434 3135 4487 memini
3179 4449 3196 4494 ;
3245 4444 3357 4488 tum
3423 4436 3585 4490 etiam

2014 4540 2205 4578 versus
2266 4521 2638 4587 Lithuaniam,
2705 4525 2759 4578 in
2808 4525 3006 4579 vicinia
3066 4527 3380 4596 tuetrOpolis
3440 4525 3590 4596 Higa:

2013 4623 2159 4687 (quae
2213 4615 2265 4669 in
2309 4616 2453 4678 edito
2499 4603 2738 4672 Laonico
2771 4618 2966 4672 vitiose
2995 4620 3342 4689 transpositis
3393 4620 3590 4673 litteris

2011 4707 2269 4781 scribitur
2302 4704 2465 4773 Ucra,
2494 4722 2593 4777 pro
2622 4707 2769 4779 Hyca
2810 4728 2822 4763 :
2847 4709 2985 4763 sicut
3011 4707 3206 4764 ibidem
3232 4727 3329 4782 pro
3361 4689 3594 4782 Eupislit-

2014 4810 2096 4853 ste
2124 4799 2489 4868 reponendum
2541 4799 2797 4854 Eillante.
2834 4801 2925 4854 Sic
2954 4800 3100 4854 enini
3128 4785 3382 4856 Gertnani
3416 4789 3592 4856 ost-ten

2015 4897 2210 4942 vocant
2266 4887 2572 4956 Livoniatn,
2623 4889 2863 4945 Saxones
2912 4891 3081 4946 nostri
3112 4887 3433 4947 Lillandatn.
3467 4894 3592 4948 Gal-

2014 4984 2156 5036 licus
2209 4981 2476 5050 interpres
2531 4981 2726 5037 Ucrattt
2807 4985 2919 5038 vult
2989 5001 3107 5039 esse
3170 4984 3588 5052 Nuvngradiam,

2018 5073 2213 5144 puerili
2287 5090 2518 5140 errore,
2581 5091 2704 5128 cum
2781 5075 2926 5130 dicat
2981 5087 3171 5130 auctor
3226 5077 3340 5130 suis
3406 5078 3593 5130 urbem

2018 5167 2221 5235 legibus
2245 5177 2297 5219 ct
2335 5165 2579 5220 libertate
2606 5166 2731 5227 frui.
2762 5169 2828 5220 ab
2845 5169 3194 5237 optimatibus
3212 5168 3345 5238 regi,
3365 5170 3425 5219 ad
3449 5183 3550 5219 mat
3568 5187 3596 5218 η

2019 5259 2177 5313 sitam
2223 5273 2340 5312 esse
2369 5275 2383 5323 ;
2410 5259 2606 5324 Dauos,
2658 5260 2879 5330 Anglos.
2914 5259 3099 5314 Gallos
3126 5275 3191 5312 co
3244 5261 3595 5312 commercii»

2022 5366 2143 5402 rum
2184 5365 2348 5403 causa
2407 5354 2702 5420 navigare;
2737 5368 2854 5422 qua:
2885 5355 2950 5404 tle
2981 5346 3318 5419 Nevogrndia
3370 5352 3595 5420 intelligi.

2021 5440 2318 5512 nequeunt)
2355 5444 2404 5494 in
2455 5442 2615 5512 hujus
2647 5460 2774 5511 ergo
2837 5443 2982 5512 [ligat
3035 5444 3231 5496 vicinia
3259 5484 3274 5508 ,
3321 5443 3592 5497 nationem

2020 5535 2309 5601 qumndam
2362 5549 2480 5588 esse
2556 5535 2837 5588 barbaram
2938 5535 3247 5598 Letlorum,
3305 5552 3336 5589 a
3383 5538 3598 5590 caneris

2021 5623 2258 5676 Livonia:
2297 5623 2541 5676 barbaris
2567 5623 2778 5684 incolis.
2817 5623 3127 5680 Curouibus
3181 5623 3240 5678 et
3284 5609 3597 5680 Estonibus.

2025 5715 2204 5782 lingua
2269 5718 2426 5782 plane
2470 5715 2874 5783 discrepantem
2912 5734 2924 5769 :
2960 5718 3052 5786 qui
3095 5727 3356 5787 perpetuo
3411 5717 3467 5770 in
3501 5730 3601 5769 ore

2025 5808 2182 5876 quasi
2216 5806 2666 5861 lamentationem
2703 5807 2994 5877 quamdam
3032 5808 3254 5873 habent,
3291 5820 3457 5875 quam
3502 5819 3599 5860 νο-
