4048 6208
562 316 672 384 751

1777 324 1964 388 JU.\N
1979 327 2101 386 NiS
2149 325 2603 385 LEUNCLAVII

3675 326 3776 389 75:?

567 437 846 492 trit'erando
902 454 1000 513 per
1029 453 1183 507 agros
1232 438 1451 492 aSsiduo
1502 450 1766 508 repetunt.
1840 441 1957 496 ieru
2007 443 2124 494 iero
2155 440 2319 499 Atii.
2350 440 2421 493 De
2474 441 2640 513 prima
2690 438 2976 513 T_urcornm
3034 438 3082 513 in
3145 438 3410 507 Europam
3455 443 3682 513 troitum.
3711 444 3775 494 Ue

567 530 754 586 Μετίου
788 529 920 582 Lon.
955 530 1161 594 Quibus
1186 532 1363 583 Verbis
1390 529 1688 585 Jerusalem
1728 541 1781 588 et
1815 536 2134 586 Damascum

575 621 872 689 intelligere
901 620 1215 682 creduntur,
1258 628 1578 674 cat-terarum
1638 622 1690 675 itt
1717 624 1933 692 antiqua
1966 624 2136 691 patria

570 728 770 776 rerum,
803 720 877 764 tot
907 724 937 763 a
969 712 1201 771 sacculis,
1234 724 1283 763 et
1304 713 1355 763 itt
1393 714 1768 768 remotissimis
1819 715 1886 768 ab
1918 730 1980 769 ea
2009 714 2137 769 soli—

568 804 869 868 tudinibus,
893 802 1069 855 obliti.
1098 803 1175 854 Ad
1214 802 1507 857 Morti-aeaut
1543 814 1600 858 ut
1644 807 1954 870 redeamus,
1988 817 2141 876 putat

568 899 670 950 hoc
705 895 843 948 nlem
890 910 996 947 tton
1056 896 1237 948 minus
1288 911 1409 949 esse
1461 912 1587 951 vero
1621 897 1798 951 simile
1829 899 1895 952 de
1922 898 2139 964 Turcis,

564 1002 724 1053 quam
763 985 830 1039 de
864 982 1078 1039 Talaris
1134 1002 1149 1038 :
1205 1003 1325 1038 cum
1372 1001 1568 1042 nomen
1606 988 1781 1056 ipsum
1837 988 2139 1042 'i'nrcorunt

565 1077 828 1131 liebraiea
857 1076 1032 1146 lingua
1057 1077 1320 1144 signiﬁcet
1346 1079 1582 1141 exsules,
1610 1090 1661 1133 et
1692 1082 2140 1135 contumeliosum

564 1170 704 1239 apml
737 1171 882 1238 ipsos
931 1170 1215 1221 habeatur.
1275 1169 1567 1239 Viderique
1619 1171 1978 1225 llialtuutetent
2034 1189 2139 1225 non

564 1273 660 1317 abs
714 1279 790 1322 re,
850 1276 917 1314 ne
958 1256 1218 1329 populos
1273 1261 1396 1314 illos
1450 1263 1605 1330 longe
1664 1266 2144 1319 numerosissimos

563 1355 903 1417 nl'icndcrct,
988 1354 1079 1422 qui
1148 1365 1260 1407 tum
1333 1357 1592 1424 temporis
1654 1356 1987 1425 incipiebant
2086 1375 2147 1415 se

564 1464 929 1513 commovere,
1016 1448 1303 1503 retinuisse
1368 1450 1890 1514 circutncisionetn,
1935 1452 2149 1506 lustra-

568 1550 765 1603 tiones,
795 1537 997 1601 etalias
1023 1537 1287 1615 quasdam
1318 1537 1455 1606 legis
1486 1536 1737 1591 Mosaicae
1767 1538 2145 1593 caerimonias.

564 1695 650 1748 25.
690 1693 1064 1758 Geniscltclter,
1102 1693 1320 1756 Coinnc,
1370 1690 1577 1763 Carasi.
1619 1692 1792 1758 (ἰωή,
1852 1691 2149 1763 Bergama,

1068 1764 1327 1828 Edremit,
1364 1762 1612 1831 Geltpoli.

642 1900 852 1970 Oppida
915 1908 1045 1955 sunt
1111 1897 1298 1953 lsnicae
1371 1899 1584 1961 vicina,
1659 1897 2033 1954 Genischeher
2100 1906 2155 1953 et

564 1993 800 2057 Goinuc,
837 1993 919 2045 Vel
954 1990 1167 2045 Guinuc
1203 1990 1565 2061 trisyllabum,
1592 2001 1648 2044 ut
1668 1991 1757 2044 hic
1781 1992 1835 2045 in
1864 1991 2154 2062 archetypo

564 2087 845 2141 Set-ibitur.
897 2083 1030 2137 illud
1067 2098 1263 2135 novatn
1314 2081 1589 2134 civitatem
1649 2080 1942 2151 signiﬁcat,
1975 2091 2031 2134 et
2092 2082 2151 2135 in

564 2178 762 2232 Urtclii
791 2175 1026 2239 Natalia,
1055 2175 1197 2230 sicut
1222 2185 1278 2229 et
1308 2172 1638 2242 Busbequio,
1670 2170 1877 2227 ienisar
1904 2185 2153 2239 vocatur,

556 2280 631 2322 'ut
678 2283 839 2337 supra
887 2266 1092 2321 dictum
1150 2280 1378 2320 numero
1443 2266 1529 2319 Π.
1599 2264 1812 2319 Goinuc
1856 2265 1909 2319 in
1963 2266 2155 2320 eadem

552 2362 758 2416 "Ortelii
818 2358 1028 2414 Natalia
1076 2359 1344 2431 reperitur
1375 2395 1391 2412 .
1452 2356 1528 2413 De
1562 2357 1750 2412 Carasi
1802 2358 2155 2427 exposuimus

573 2464 731 2508 antea
768 2469 995 2507 numero
1031 2453 1119 2507 15.
1147 2450 1311 2506 Cosri
1344 2466 1467 2504 cum
1526 2448 1740 2504 Caristo
1776 2447 1999 2504 Natolia:
2026 2458 2156 2520 puto

555 2548 761 2601 "eadem
820 2558 938 2602 est.
987 2546 1250 2617 Bergama
1308 2554 1462 2599 vetus
1508 2553 1592 2599 est
1652 2543 1763 2609 illa,
1817 2543 2157 2613 celebrisque

573 2642 1014 2695 membranarum
1073 2642 1295 2695 nomine
1345 2637 1664 2709 Pergamus,
1710 2635 1899 2690 Caleni
1954 2636 2150 2691 medici

559 2733 767 2801 epatria.
800 2733 936 2797 Quze
985 2718 1193 2787 D'furcis
1242 2730 1329 2785 hic
1384 2730 1650 2794 Edrentit,
1698 2727 1828 2782 olim
1860 2728 2150 2782 dicebatur

563 2826 980 2891 Atratnytttum,
1018 2820 1181 2875 Leoni
1215 2825 1459 2890 Augusto
1490 2820 1839 2889 episcopatus
1871 2817 2155 2888 Ephesium

561 2914 863 2983 *tnettupoli
899 2914 1173 2967 subditus.
1201 2911 1387 2966 Nauta:
1425 2912 1596 2966 nostri
1632 2911 1899 2965 vocabant
1934 2912 2155 2965 nomine

564 3007 751 3075 magis
812 3015 1093 3075 corrupto,
1166 3001 1517 3064 Landemiti;
1587 3001 1736 3073 quod
1816 3001 2036 3071 propius
2086 3000 2153 3053 ad

562 3096 840 3166 originem
898 3113 1053 3153 snam
1109 3095 1408 3160 accederet,
1441 3093 1487 3149 si
1522 3093 1705 3163 lingua
1750 3107 1867 3156 sua,
1920 3092 2022 3147 hoc
2073 3102 2152 3146 cst
2181 3124 2225 3181 ο

576 3194 795 3257 italica,
846 3194 1112 3247 dixissent
1169 3187 1515 3244 L‘Adremiti.
1568 3184 1733 3242 Nobis
1796 3185 2016 3255 quidem
2068 3200 2155 3239 ar-

562 3286 723 3342 ticuli
752 3302 872 3340 cum
904 3285 1021 3355 ipso
1058 3283 1272 3337 nomine
1324 3279 1578 3337 confusio
1620 3278 1991 3349 perdiliiciiem‘
2033 3279 2155 3334 red-

576 3379 739 3434 debat
804 3377 872 3432 de
924 3374 1290 3446 appellatione
1334 3373 1503 3429 veteri
1553 3372 1953 3442 conjecturam.
2014 3370 2157 3426 Sunt

568 3487 754 3533 autem
814 3476 929 3529 haec
984 3472 1214 3528 Troadis
1263 3472 1487 3540 oppida.
1530 3466 1605 3525 De
1639 3466 1841 3524 Ulubat
1902 3468 2153 3537 superius

579 3570 829 3637 quaedam
858 3578 1084 3621 numero
1117 3567 1182 3621 16
1218 3566 1543 3630 notavimus,
1594 3562 1736 3617 infra
1766 3563 1947 3618 daturi
1973 3561 2152 3631 plura.

572 3660 747 3714 i’anlo
800 3668 920 3729 post
962 3656 1268 3726 Callipolim
1321 3656 1455 3721 dixi,
1520 3669 1670 3708 more
1712 3663 2001 3707 nautarum
2053 3668 2157 3708 no-

575 3762 842 3815 strorum;
879 3766 1000 3804 cunt
1057 3747 1251 3802 Turcis
1282 3745 1511 3817 Gelipoli
1542 3744 1877 3799 nominetur.
1906 3740 2158 3799 Ridicuia

578 3854 709 3899 sunt
767 3843 976 3897 sotnnia
1031 3839 1238 3895 Nicolai
1308 3836 1602 3893 Nicolaidis
1670 3836 2031 3907 Deiphinatis,
2089 3837 2159 3893 de

575 3935 800 3990 nomine
830 3944 996 4004 atque
1022 3932 1231 4001 origine
1276 3929 1440 3997 hujus
1482 3929 1666 3988 urbis;
1714 3943 1837 3982 cum
1867 3943 1896 3983 a
1929 3929 1989 3983 C.
2016 3929 2158 3984 Cali-

578 4030 698 4098 gula
732 4025 1033 4091 conditam,
1063 4026 1130 4078 ait
1177 4023 1370 4078 eodem
1423 4037 1615 4075 nomen
1651 4022 1927 4087 accepisse
1969 4021 2156 4085 tradit.

580 4118 700 4171 Mox
746 4116 1004 4187 opinione
1060 4119 1291 4179 mutata,
1346 4111 1490 4182 quod
1543 4109 1708 4166 fuerit
1758 4126 1785 4165 a
1838 4108 2006 4165 Gallis
2066 4127 2157 4166 et-

570 4220 806 4272 strncta,
863 4206 1172 4279 Callipolim
1236 4205 1352 4260 vult
1426 4204 1662 4270 dictam,
1723 4218 1823 4258 ceu
1875 4201 2154 4257 Gallorum

577 4300 890 4361 civitatem;
942 4298 1166 4368 perinde
1224 4311 1289 4351 ac
1342 4294 1735 4366 Philippopolis
1788 4294 1859 4348 sit
1923 4291 2157 4362 Philippi

571 4391 794 4454 civitas,
819 4390 1092 4461 Nicopolis
1123 4390 1277 4459 quasi
1304 4386 1656 4457 Nicolopolis,
1685 4384 1892 4440 Nicolai
1919 4385 2112 4440 civitas
2139 4401 2153 4439 :

577 4480 835 4551 perbelle,
869 4460 1098 4535 nedum
1146 4478 1330 4535 Gallos
1365 4493 1494 4532 suos
1539 4487 1721 4541 ornat,
1774 4478 1976 4531 suimet
2020 4476 2157 4530 obli-
2188 4460 2233 4519 Ῑ)

579 4576 843 4630 viscatur.
906 4572 1023 4627 Non
1067 4571 1210 4626 enim
1266 4569 1427 4622 aliam
1492 4568 1546 4621 in
1596 4566 1803 4623 Graecia
1855 4567 2156 4636 reperimus

574 4669 742 4725 ullam
768 4666 1093 4736 Nicopolim,
1138 4680 1300 4736 quam
1330 4664 1505 4717 hanc:
1544 4663 1700 4732 cujus
1745 4671 1804 4716 ttt
1847 4671 2036 4716 auctor
2075 4673 2160 4718 est

576 4756 834 4812 Nicolaus
862 4756 1192 4820 Nicolaides,
1228 4755 1302 4809 ita
1356 4756 1551 4808 merito
1599 4768 1797 4807 nomen
1841 4753 1944 4808 hoc
1972 4755 2020 4807 ei
2073 4769 2155 4807 re-

582 4850 915 4917 linquamus,
964 4856 1023 4902 nt
1085 4864 1113 4911 a
1168 4845 1369 4917 duplici
1420 4842 1646 4899 Nicoiao
1685 4841 2019 4912 Nicoiopolis
2060 4858 2155 4912 ap-

576 4941 831 5011 pelletur.
867 4940 971 4994 Sed
997 4940 1220 4995 omissis
1265 4937 1425 5007 joeis,
1473 4936 1705 5007 amplius
1742 4936 2159 5006 quadringentis

578 5036 738 5090 aunis
816 5045 941 5087 ante
1016 5033 1078 5085 (Σ.
1163 5031 1461 5100 Caligulam
1524 5030 1667 5099 apud
1734 5027 2152 5098 Xenophontem

575 5139 824 5182 nostrum
868 5124 1103 5179 civitatis
1148 5124 1314 5191 hujus
1364 5123 1423 5176 lit
1459 5121 1686 5175 mentio.
1746 5119 1856 5175 Nec
1922 5136 1951 5174 a
1986 5119 2157 5177 Gallis

574 5220 734 5273 etiam
766 5216 981 5271 condita
1011 5216 1128 5281 fuit,
1170 5216 1263 5269 sed
1300 5216 1367 5267 ab
1421 5213 1843 5267 Atheniensibus
1878 5230 1891 5266 :
1921 5228 2149 5280 quorum

576 5314 684 5365 dux
714 5311 932 5370 Callias,
965 5308 1121 5362 initio
1148 5308 1418 5361 struendae
1448 5305 1597 5367 dato,
1634 5306 1954 5372 promeruit,
1989 5315 2045 5356 ut
2086 5304 2152 5356 ab

577 5405 695 5472 ipso
741 5401 1078 5470 Calliupolis,
1139 5398 1503 5471 (Calliopoiim
1580 5396 1743 5469 [309
1795 5395 1909 5449 fere
1956 5396 2149 5447 Latina

578 5496 975 5549 consuetudine
1004 5490 1283 5564 vocamus)
1332 5508 1430 5547 ceu
1471 5491 1653 5545 Callia:
1690 5490 1900 5551 civitas,
1946 5488 2157 5541 dicere-

579 5599 686 5642 tur.
725 5588 1107 5656 Episcopatutn
1168 5588 1329 5656 hujus
1366 5585 1428 5639 ad
1460 5582 1859 5636 Hrraclienseut
1907 5581 2151 5634 Thracia:

576 5680 918 5747 metropolim
952 5677 1061 5733 Leo
1090 5681 1382 5748 imperator
1412 5677 1463 5728 in
1490 5659 1728 5729 Thronis
1754 5673 1879 5727 reici
1900 5683 1935 5727 ι.

2396 510 2627 563 castellis
2654 552 2667 574 ,
2702 509 2965 573 Zcmeuic,
3017 510 3426 574 (.Itiridocastro,
3473 508 3647 564 illane.

2310 657 2663 726 Prius.quam
2696 656 2764 710 de
2793 667 2975 711 castro
3006 654 3305 709 Zemenico
3335 655 3568 717 dicatur,
3601 657 3779 708 recita-

2241 747 2423 802 bitnus
2452 748 2538 801 hic
2560 748 2723 801 verba
2749 747 2971 806 Laonici
2999 750 3063 801 de
3087 747 3257 815 prima
3291 745 3587 800 Turcorum
3612 747 3661 799 in
3692 747 3783 797 Iin-

2244 853 2477 908 ropaeam
2527 838 2932 906 transjectione,
2993 853 3115 892 cum
3166 837 3361 902 quibus
3404 837 3596 891 deinde
3618 837 3778 890 locutu

2255 933 2401 984 hunc
2417 932 2695 984 annalium
2720 930 3087 985 conferemus.
3108 929 3304 999 Capto,
3322 930 3495 998 inquit
3514 928 3782 988 [.aonicus.

2248 1022 2501 1091 praesidio
2525 1022 2873 1090 Cherronesi,
2896 1033 2949 1077 et
2969 1022 3203 1093 Madyto,
3229 1023 3282 1076 itt
3315 1021 3599 1077 Thraciam
3635 1020 3781 1078 Turci

2249 1117 2519 1185 progressi
2561 1127 2688 1171 sunt
2718 1132 2888 1186 usque
2945 1117 3010 1171 ad
3058 1098 3279 1171 ﬂuvium
3307 1115 3612 1170 Taenarum.
3641 1115 3783 1170 Note-

2251 1217 2338 1261 tttr
2389 1210 2441 1262 in
2474 1209 2556 1263 bis
2585 1210 2765 1263 verbis
2798 1210 3111 1278 interpretis
3161 1209 3473 1266 oscitantia.
3502 1209 3590 1276 qui
3622 1210 3784 1275 prasi-

2250 1300 2400 1374 diuru
2452 1298 2773 1353 Cherronesi
2804 1299 2964 1362 dixit,
2996 1314 3093 1368 pro
3124 1299 3449 1353 Cherronesi
3504 1306 3693 1350 castro.
3737 1298 3782 1350 id

2250 1404 2492 1451 Castrum
2522 1396 2692 1465 accipi
2722 1411 2827 1450 non
2869 1405 3044 1465 potest
3075 1397 3139 1448 de
3172 1393 3526 1448 Dardaueliis.
3559 1393 3681 1446 Nam
3707 1407 3786 1444 eas

2254 1503 2428 1551 arces,
2465 1502 2587 1554 qua:
2608 1486 2727 1540 dua:
2759 1497 2904 1551 sunt,
2940 1501 3047 1541 non
3074 1500 3203 1549 una,
3227 1484 3589 1539 Muchemetes
3614 1499 3787 1537 secun-

2254 1581 2357 1636 dus
2405 1581 2672 1636 exstruxit
2710 1587 2833 1649 post
2882 1589 3095 1648 captam
3144 1574 3687 1646 Constantinopolim,
3719 1574 3789 1627 vel

2258 1672 2378 1741 ipso
2407 1680 2546 1728 teste
2568 1670 3026 1740 Chaicocondyla.
3053 1668 3192 1738 Ergo
3212 1667 3539 1722 Clterrunc-si
3573 1677 3787 1721 castrum

2186 1789 2229 1846 Β
2261 1766 2390 1819 illud
2425 1764 2763 1835 intelligitur,
2789 1763 2934 1833 quod
2963 1778 3149 1816 versus
3169 1761 3415 1830 AEgzeum
3436 1775 3581 1813 mare
3601 1759 3789 1813 duobus

2258 1858 2411 1913 abest
2440 1857 2765 1911 milliaribus
2797 1855 3000 1911 Grzecis
3034 1854 3115 1908 vel
3141 1852 3387 1907 ltalicisa
3418 1850 3598 1912 Maito,
3625 1864 3793 1903 versus

2257 1948 2643 2020 Propontidem
2672 1963 2800 2002 vero
2828 1948 3044 2001 duobus
3077 1955 3131 2000 et
3156 1945 3345 2014 viginti
3375 1960 3405 1999 a
3426 1942 3715 2012 Cailiupoli.
3740 1940 3794 1994 Et

2257 2041 2447 2095 Maitos
2476 2040 2637 2095 hodie
2668 2039 2870 2094 dicitur
2899 2038 3146 2107 ejusdem
3179 2036 3510 2093 Cherronesi
3534 2035 3791 2104 oppiduni,

2260 2149 2325 2188 ne
2371 2132 2719 2201 Xenophonti
2748 2130 2969 2201 quidem
3017 2130 3285 2201 ignotum.
3328 2131 3418 2187 cui
3445 2130 3683 2202 Madytos
3714 2145 3796 2200 ap.

2260 2224 2514 2294 pellatur,
2552 2224 2695 2277 sicut
2724 2233 2778 2277 et
2823 2221 3081 2287 Laonico,
3111 2224 3285 2277 tribus
3331 2223 3589 2277 duntaxat
3621 2238 3648 2277 a
3679 2223 3794 2276 Dar-

2258 2315 2490 2369 danellis
2512 2330 2707 2369 versus
2728 2314 2972 2384 IEgzeum
3001 2315 3213 2371 distans
3237 2314 3585 2370 miliiaribus.
3611 2315 3796 2367 Praetor

2259 2407 2480 2463 Graecia:
2503 2418 2687 2462 noster
2704 2407 2835 2478 Asty
2862 2406 2945 2461 vel
2970 2409 3161 2462 urbem
3190 2396 3537 2480 Madytorum‘
3556 2408 3792 2466 nominat.

2259 2504 2403 2558 sicut
2426 2513 2480 2556 et
2512 2501 2709 2557 Leonis
2739 2502 2967 2567 Augusti
3004 2501 3215 2555 novella
3243 2501 3311 2557 de
3347 2500 3581 2556 Thronis
3612 2499 3792 2570 Madyta

2257 2597 2477 2667 pariter,
2508 2602 2563 2650 et
2594 2594 2862 2665 Madytum
2895 2593 3052 2648 dixit.
3084 2592 3278 2649 Castra
3338 2607 3542 2660 autem,
3595 2605 3695 2662 quo
3741 2592 3796 2643 de

2257 2689 2488 2758 agimus,
2529 2703 2725 2743 nomen
2778 2697 2860 2742 est
2890 2687 3030 2756 apttd
3089 2685 3309 2741 Graecos
3359 2687 3791 2743 Chiridocastron.

2259 2780 2635 2848 Hellespontus
2667 2780 2789 2834 istic
2815 2795 2991 2848 usque
3017 2781 3153 2834 adeo
3188 2780 3240 2834 itt
3274 2792 3560 2850 angustum
3587 2778 3793 2846 cogitur,

2258 2884 2371 2927 uta
2405 2874 2587 2926 littore
2615 2872 3387 2929 AsiaticoClterroncsiacum
3432 2875 3648 2942 Europa
3694 2880 3795 2923 tan-

2259 2976 2370 3018 tum
2405 2979 2513 3019 uno
2563 2964 2784 3018 milliari
2836 2964 3024 3021 Graeco
3080 2966 3449 3036 disjuugatur.
3492 2967 3601 3020 Hoc
3651 2963 3794 3032 igitur

2258 3055 2311 3109 in
2345 3056 2462 3109 loco
2494 3055 2656 3110 Turci
2707 3056 2943 3125 primum
3010 3073 3075 3111 ex
3127 3056 3253 3111 Asia
3306 3056 3714 3112 transmiserunt
3749 3053 3792 3105 in

2260 3147 2550 3217 Europam,
2572 3158 2623 3202 et
2656 3148 2921 3203 industria
2955 3151 3191 3219 quadam
3226 3147 3598 3211 Zemenicum,
3632 3155 3683 3201 ut
3708 3144 3791 3213 ipsi

2260 3246 2504 3306 narrant,
2577 3238 3040 3305 Chridecastron,
3112 3249 3169 3293 ut
3223 3240 3447 3303 Graeci,
3512 3254 3541 3295 a
3608 3241 3791 3306 captivo

2259 3331 2493 3401 quodam
2551 3331 2861 3386 Christiano
2897 3332 3045 3387 ducti
3090 3345 3453 3398 occuparunt.
3489 3332 3607 3387 inde
3650 3331 3792 3385 dissi-

2260 3435 2370 3480 tatn
2411 3424 2476 3479 ad
2500 3425 2731 3480 alterum
2758 3426 2991 3495 lapidem
3022 3428 3197 3481 adorti
3226 3427 3521 3499 Madytum,
3548 3441 3694 3497 quant
3725 3424 3791 3476 inc

2260 3517 2499 3573 colarum
2542 3517 2849 3588 frequentia
2901 3519 3078 3573 territi
3111 3528 3326 3574 tentare
3376 3522 3522 3591 prius
3548 3518 3657 3571 ausi
3702 3532 3790 3569 nun

2260 3609 2496 3674 fuerant,
2527 3627 2652 3664 cum
2694 3610 2963 3681 hodieque
3004 3627 3169 3681 supra
3203 3623 3480 3668 treCeutas
3513 3612 3790 3667 Graecorum

2259 3702 2451 3756 domos
2484 3701 2696 3768 habeat,
2722 3712 2774 3757 et
2798 3704 2966 3772 ipsam
2987 3703 3038 3759 in
3065 3713 3393 3774 potestatem
3424 3706 3668 3770 redegere.
3693 3700 3792 3753 Nos

2260 3786 2385 3842 istic
2430 3788 2482 3842 in
2515 3789 2705 3843 itinere
2738 3798 2928 3845 nostro
2966 3793 3147 3847 vinum
3185 3795 3394 3851 coloris
3426 3794 3566 3849 rubri
3592 3804 3788 3859 compa-

2260 3879 2535 3945 rabatnus,
2563 3883 2705 3950 quod
2742 3883 3026 3939 mensibus
3080 3886 3287 3955 aliquot
3321 3887 3550 3942 durante
3602 3881 3790 3950 naviga-

2264 3973 2428 4036 tione,
2454 3972 2586 4025 varii
2614 3974 2664 4026 in
2705 3976 2883 4038 malis,
2916 3985 2968 4029 et
3002 3992 3202 4030 nausea
3242 3990 3528 4048 perpetua,
3556 3974 3791 4046 praecipue

2262 4077 2359 4115 nos
2394 4064 2693 4119 recreabat.
2731 4064 3054 4131 Nicolaides,
3088 4069 3155 4123 de
3186 4084 3296 4139 quo
3330 4070 3489 4139 paulo
3536 4077 3647 4121 ante
3672 4062 3790 4117 dixi-

2263 4168 2407 4217 mus,
2440 4153 2651 4210 fabnias
2674 4167 2731 4210 ut
2758 4157 2824 4212 de
2856 4156 3166 4227 Galliopoii,
3194 4160 3276 4215 sic
3303 4162 3467 4215 etiam
3497 4164 3558 4215 de
3586 4160 3678 4213 hoc
3712 4167 3789 4208 ca-

2262 4252 2397 4311 stro,
2433 4247 2588 4305 nobis
2612 4249 2876 4304 obtrudit.
2907 4249 3100 4305 Narrat
3126 4252 3296 4317 enim,
3327 4254 3434 4308 dici
3465 4260 3683 4307 castrum
3712 4244 3789 4297 Vt—

2262 4336 2515 4400 dnarutn,
2547 4352 2612 4392 ex
2638 4337 2945 4406 ltujusmodi
2977 4344 3289 4398 occasione.
3349 4345 3480 4398 Cum
3503 4340 3671 4401 Turci,
3700 4337 3783 4396 ait.

2262 4442 2365 4495 ope
2392 4428 2620 4482 duorum
2675 4441 3046 4486 mercatorum
3094 4432 3470 4490 Genuensium
3504 4432 3789 4499 Hellespon-

2264 4530 2373 4574 tum
2405 4524 2969 4593 transmisissent,pro
2993 4525 3219 4596 singulis
3250 4528 3520 4599 capitibus
3548 4535 3785 4585 transpor-

2264 4614 2555 4667 taodorum
2609 4616 2803 4670 solutis
2846 4617 3062 4673 duobus
3112 4622 3376 4675 dncatis:
3427 4620 3646 4690 primum
3684 4626 3778 4665 om-

2266 4704 2413 4758 nium
2447 4707 2498 4760 itt
2530 4706 2739 4778 Europa
2773 4718 3014 4764 castrum
3047 4714 3147 4766 hoc
3173 4721 3457 4782 ceperunt,
3497 4712 3548 4764 in
3576 4723 3675 4779 quo
3696 4716 3786 4755 tua-

2266 4814 2353 4854 res
2405 4815 2596 4854 omnes
2651 4802 2879 4857 immani
2941 4804 3147 4859 saavitie
3177 4807 3635 4863 contrucidarunt,
3695 4797 3785 4849 vita

2261 4892 2479 4947 [culillis
2507 4895 2883 4950 tantummodo
2917 4896 3240 4951 condonata.
3276 4898 3391 4964 Qua
3421 4898 3487 4951 de
3515 4907 3664 4949 causa
3698 4902 3781 4941 ιιο-

2263 5000 2384 5040 men
2416 4986 2463 5038 ei
2496 4986 2749 5056 deinceps
2782 4987 3001 5053 mansit,
3044 4998 3103 5043 ut
3138 4998 3378 5044 castrum
3408 4986 3781 5044 Viduarutnap-

2262 5080 2509 5147 pelletur.
2564 5078 2675 5132 Hoc
2706 5079 2751 5132 si
2808 5096 2993 5135 verum
3043 5094 3210 5147 esset,
3264 5078 3631 5151 appellandum
3680 5073 3779 5122 eral

2259 5166 2441 5221 Graece
2473 5167 2676 5222 Chiron
2721 5181 2963 5236 eastron,
2996 5174 3080 5227 vel
3108 5173 3513 5230 Chirocastron.
3538 5165 3665 5237 quod
3689 5171 3776 5211 ηο-

2259 5274 2380 5312 ttten
2422 5259 2535 5327 ipse
2564 5275 2671 5314 non
2700 5263 2903 5328 posuit.
2940 5261 3046 5319 Sed
3080 5265 3215 5318 satis
3254 5260 3617 5317 animadvertit
3650 5248 3777 5320 peri'

2258 5362 2344 5404 tus
2368 5351 2611 5406 lttstoriie
2643 5353 2832 5417 lector,
2857 5355 2911 5408 itt
2944 5355 3063 5423 ipso
3104 5355 3297 5409 fabulae
3327 5365 3591 5424 peccatum
3625 5342 3776 5398 initio.

2259 5441 2374 5495 Non
2400 5444 2542 5496 enim
2575 5443 2640 5496 ad
2664 5446 2899 5512 primum
2932 5447 2985 5499 itt
3008 5447 3279 5516 Europam
3306 5446 3594 5500 Turcorum
3626 5448 3777 5491 Νέων

2259 5539 2392 5589 itum
2451 5538 2684 5605 pertinet
2716 5539 2803 5591 illa
2834 5539 2901 5592 de
2931 5540 3311 5595 Geuuensibus
3340 5536 3576 5597 historia,
3611 5527 3693 5584 sed
3719 5522 3776 5576 ad

2258 5633 2598 5698 insequentia
2631 5639 2893 5699 tempora,
2918 5636 3062 5686 sicut
3104 5648 3204 5689 suo
3255 5634 3372 5685 loco
3410 5628 3640 5693 deinceps
3685 5631 3775 5669 n'"

2265 5740 2414 5774 ntrro
2444 5722 2510 5776 87
2552 5724 2899 5777 indicabitur.
2938 5724 3140 5779 Deinde
3193 5720 3569 5779 Citiridocastri
3600 5724 3774 5766 nomon

2259 5818 2533 5871 exstitisse
2572 5828 2793 5872 constat
2823 5820 2984 5872 etiam
3034 5824 3185 5890 prius
3210 5835 3367 5891 quant
3402 5814 3571 5877 Turci,
3617 5819 3776 5864 trans-
