4048 6208
329 330 437 389 753

1476 341 1871 405 PANDECTE
1902 348 2107 411 HlST.
2154 350 2457 412 TURClC.

3443 354 3548 419 75i

324 447 494 494 misso
551 439 896 510 Hellesponto
920 489 933 509 ,
980 455 1218 499 castrum
1271 449 1446 518 ipsum
1497 466 1879 523 occupassent.
1907 458 1956 518 Α
1983 464 2210 532 gnacula
2242 483 2256 519 :
2292 482 2396 520 non
2457 466 2803 535 Calliupoies.
2837 477 2932 521 aut
2963 468 3251 535 amphoras
3285 468 3418 527 vini.
3452 467 3546 519 sed

324 533 451 584 brat
488 532 540 583 iu
570 533 690 585 navi
720 545 901 587 nostra
930 551 1091 589 senex
1124 539 1415 593 multarum
1445 558 1625 596 rerum
1656 547 1885 612 peritus,

324 623 593 676 Antonius
626 622 922 689 Meliensis,
950 625 1137 681 Graeco
1179 639 1330 695 patre
1362 643 1525 687 natus
1554 635 1605 688 in
1638 635 1774 690 Melo
1802 638 1887 691 itt-

324 714 442 765 sula
482 713 669 782 (Milon
729 715 901 770 Graeci
941 720 1320 789 pronuntiant)
1389 725 1691 780 conductus
1727 742 1755 780 a
1794 744 1887 783 ua-

324 806 546 865 varcho.
583 815 639 858 ttt
674 806 835 861 iudex
870 808 1082 863 itineris
1139 811 1377 867 interdiu
1415 827 1685 886 noctuque
1734 820 1889 876 nobis

320 906 486 953 esset.
519 913 678 962 quem
711 899 966 954 Podotam
1006 902 1176 957 Graeci
1232 921 1374 960 nunc
1408 908 1593 962 dicunt
1629 913 1888 967 vocabulo

322 991 607 1057 peculiari,
639 994 780 1059 quod
816 995 867 1048 in
900 997 1158 1066 Pulologo
1216 1002 1504 1068 reperitur,
1538 1005 1734 1073 vulgus
1753 1023 1887 1061 nau-

322 1094 499 1136 tarum
522 1085 756 1139 Pelotam
778 1100 952 1143 vocat.
978 1090 1030 1144 Is
1055 1091 1210 1151 mihi,
1228 1109 1349 1147 cum
1373 1094 1657 1163 Calliupoli
1679 1100 1886 1162 relicta,

318 1174 429 1242 jam
464 1176 650 1243 viginti
710 1179 922 1235 duobus
978 1182 1308 1239 milliaribus
1346 1188 1605 1249 emensis,
1637 1187 1886 1243 Chirido-

327 1275 574 1320 casuum
606 1273 1211 1342 prmternavigaremus,
1244 1286 1296 1330 et
1342 1278 1551 1333 ruinosi
1584 1282 1748 1335 castri
1792 1297 1888 1336 no-

321 1370 449 1408 men
496 1358 855 1425 signiﬁcabat.
891 1372 943 1415 et
977 1364 1260 1419 historiam
1295 1383 1403 1421 non
1428 1367 1639 1425 frivolis
1671 1370 1738 1425 de
1761 1388 1890 1426 cau-

316 1446 392 1499 sis
416 1447 806 1504 observandum
843 1460 1323 1512 commemorabat.
1350 1461 1489 1528 Quo,
1520 1462 1722 1531 inquit,
1756 1474 1888 1518 tem-

319 1553 449 1606 pore
477 1539 637 1595 Turci
673 1544 1095 1608 pritnumhasce
1132 1548 1253 1604 freti
1287 1550 1669 1621 Hellespontici
1713 1566 1888 1609 trans.

319 1632 585 1686 miserunt
627 1636 926 1702 angustias,
975 1649 1030 1692 ut
1067 1641 1192 1695 Asia
1244 1643 1421 1709 potiti,
1448 1643 1681 1715 Europae
1710 1651 1887 1714 regio-

327 1738 427 1777 nes
498 1725 864 1781 invaderent:
902 1732 1006 1785 hoc
1041 1731 1158 1799 ipso
1202 1745 1403 1797 castro,
1447 1738 1589 1805 quod
1627 1738 1798 1803 vides,
1831 1739 1887 1793 in

1993 555 2318 618 PannOnias,
2342 558 2433 611 sed
2460 556 2689 628 Cypros,
2707 558 2912 627 integra
2945 575 3107 624 regna
3132 546 3359 617 scilicrt.
3395 561 3549 610 aluit.

1992 647 2177 702 timus.
2217 650 2320 702 Sed
2349 650 2581 718 reprimo
2608 666 2712 705 me.
2743 650 2876 705 Nam
2921 654 3074 721 plura
3111 661 3254 705 vetat
3289 651 3467 716 dolor,
3498 662 3553 705 et

1991 738 2190 794 ominis
2221 740 2443 796 infausti
2476 752 2673 798 metus.
3014 744 3019 749 ’

1990 878 2079 932 2’3.
2105 877 2417 933 Triturandi
2450 898 2561 934 mos
2591 883 2729 951 apud
2758 881 2988 941 Graecos,
3027 892 3076 933 et
3115 882 3394 942 Asiaticos,
3454 878 3554 931 Bo-

2495 952 2619 1021 lat'r,
2657 954 3065 1020 Asprolimiona.

2061 1092 2323 1143 Arearum
2352 1089 2406 1143 in
2433 1106 2570 1160 quas
2594 1091 2794 1146 messis
2832 1100 3077 1158 tempore
3108 1097 3319 1158 segetes
3349 1095 3459 1139 tam
3500 1087 3553 1139 in

1991 1182 2218 1245 Graecia,
2257 1200 2419 1252 quam
2455 1184 2509 1238 in
2550 1184 2698 1247 Asia,
2750 1183 3121 1252 colliguntur;
3158 1192 3211 1233 et
3247 1181 3360 1246 ipsa
3394 1179 3557 1232 tritu-

1991 1278 2148 1331 randi
2207 1277 2365 1339 ratio,
2403 1278 2713 1345 hujusmodi
2742 1285 2846 1333 est.
2879 1276 3069 1332 Solent
3125 1276 3339 1330 illarum
3376 1273 3556 1343 regio-

1990 1384 2120 1424 num
2170 1371 2379 1433 incolaz.
2416 1383 2700 1441 postquam
2735 1371 2996 1426 demessa?
3025 1371 3207 1438 fruges
3262 1378 3410 1432 sttnt,
3446 1383 3552 1422 non

1990 1463 2207 1519 domum
2242 1479 2336 1518 eas
2366 1479 2431 1517 ex
2456 1465 2622 1534 agris,
2655 1479 2808 1518 more
2841 1475 3049 1526 nostro,
3088 1464 3275 1531 granis
3308 1462 3549 1517 necdum

1990 1558 2252 1620 excussis,
2278 1556 2335 1609 in
2360 1557 2553 1611 horrea
2576 1557 2884 1612 convehere
2913 1574 2928 1611 :
2959 1556 3061 1631 sed.
3080 1556 3132 1610 in
3154 1572 3335 1610 aream
3368 1571 3557 1622 quam-

1992 1646 2114 1700 dam
2144 1647 2247 1701 sub
2276 1646 2366 1701 dio
2392 1655 2759 1715 comportare.
2792 1648 2999 1701 Deinde
3016 1649 3222 1715 sparsis
3251 1663 3344 1717 per
3370 1661 3554 1700 aream

1993 1738 2281 1808 manipulis
2300 1739 2513 1810 l‘rugum
2544 1742 2708 1795 boves
2737 1751 2792 1796 et
2831 1741 3057 1795 bubalos
3099 1742 3426 1801 immittunt,
3460 1740 3553 1809 qui

317 1822 635 1878 putestatem
662 1815 903 1883 redacto,
924 1819 1159 1887 primum
1195 1820 1248 1875 in
1275 1824 1484 1893 Europa
1520 1828 1708 1896 pedem
1751 1827 1885 1884 tixeo
1917 1808 1961 1868 Β
1988 1830 2114 1884 dum
2157 1808 2408 1899 pedibus-
2439 1831 2714 1899 subjectas
2768 1840 3073 1901 proterunt,
3136 1831 3324 1886 aristis
3386 1845 3555 1901 grana

316 1914 463 1957 runt.
522 1906 648 1972 Ejus
670 1907 762 1962 'rei
803 1913 1015 1974 nuntio,
1047 1928 1256 1969 summa
1285 1918 1587 1980 celeritate.
1616 1921 1879 1979 Constan-

316 1997 599 2065 tinopolim
626 2000 834 2067 perlato
871 2021 884 2054 :
926 2011 1073 2059 tanta
1116 2005 1450 2077 Graecorum,
1486 2014 1756 2080 majorum
1784 2034 1885 2089 no,-

313 2096 561 2143 strorutn
585 2093 1074 2162 arrogantia,tanta
1104 2102 1373 2156 securitas
1395 2101 1504 2157 fuit
1532 2121 1546 2159 :
1575 2117 1633 2160 ut
1662 2110 1884 2165 minime

312 2180 616 2243 cogitarent
646 2183 713 2237 de
742 2195 922 2239 castro
950 2202 1073 2243 mox
1101 2195 1494 2261 recuperando,
1522 2207 1575 2252 et
1599 2199 1882 2269 ejiciendis

314 2274 466 2339 prius
501 2289 565 2327 ex
597 2273 809 2347 Europa
834 2277 1053 2344 Turcis,
1100 2300 1259 2352 quam
1295 2289 1531 2357 majores
1562 2291 1614 2345 in
1648 2308 1708 2347 ea
1735 2295 1879 2350 vires

312 2362 754 2431 acquisivissent,
778 2369 1048 2440 altiusque
1081 2389 1209 2431 suas
1230 2378 1468 2447 egissent
1493 2382 1706 2437 radices
1736 2401 1751 2438 :
1782 2386 1879 2440 sed

312 2458 523 2524 accepti
558 2459 743 2514 damni
775 2466 1096 2529 gravitatem
1126 2470 1306 2525 verbis
1323 2471 1583 2529 elevando
1610 2476 1874 2545 dicerent,

308 2559 436 2597 esse
474 2548 738 2604 duntaxat
760 2552 1019 2609 amissum
1053 2560 1323 2615 stabulum
1351 2577 1661 2631 porcorum.
1696 2567 1878 2623 Lude-

312 2635 441 2688 bant
468 2640 633 2705 enim,
666 2651 717 2694 ut
744 2643 1069 2703 Nazianzeni
1110 2655 1280 2707 nostri
1310 2657 1492 2713 verbis
1538 2669 1681 2725 utar,
1712 2662 1763 2716 in
1789 2677 1875 2716 re-

310 2726 416 2781 bus
476 2731 701 2785 minime
729 2735 951 2792 ludicris
988 2759 1001 2794 :
1046 2743 1314 2811 ridebant,
1347 2747 1401 2802 in
1436 2751 1596 2805 rebus
1656 2754 1876 2809 minime

309 2822 580 2893 ridiculis,
616 2831 719 2885 sed
776 2832 1122 2902 deplorandis
1180 2840 1381 2907 potius,
1434 2840 1563 2895 dum
1624 2858 1691 2897 ex
1747 2845 1875 2899 Chi~

308 2916 613 2974 ridocastro
677 2937 773 2992 per
825 2926 1011 2996 jocum
1069 2927 1345 2985 st‘abulum
1431 2947 1724 3001 porcorum
1788 2936 1872 2990 fa-

307 3009 548 3063 ciebant.
609 3011 812 3069 Gnecis
870 3017 1015 3072 enim
1074 3018 1315 3076 Cbiridia
1380 3023 1642 3079 dicuntur
1696 3028 1869 3096 porci.

308 3098 418 3153 Sed
456 3102 720 3160 risusiste
745 3108 962 3165 tandem
996 3111 1049 3166 in
1085 3128 1302 3170 amaras
1325 3131 1625 3175 conversus
1658 3120 1759 3176 fuit
1786 3122 1867 3176 la-

304 3206 544 3261 erymas.
574 3193 873 3252 Audiamus
911 3200 1173 3269 majorem
1202 3220 1346 3260 nunc
1378 3222 1445 3261 ex
1489 3210 1733 3275 ejusdem
1761 3212 1870 3267 An-

307 3283 449 3336 tonii
484 3289 800 3345 narratione
839 3289 1152 3348 Gracorum
1202 3296 1491 3353 insaniam.
1529 3302 1689 3357 Venit
1721 3304 1867 3370 inde,

305 3390 425 3428 non.
443 3391 638 3448 magno
663 3385 922 3449 temporis
948 3386 1230 3457 interjecto
1248 3390 1447 3458 spatio,
1472 3392 1775 3451 Turcorum
1810 3397 1868 3454 in

313 3478 633 3536 potestatem
660 3485 712 3527 et
742 3473 1080 3545 Calliupolis,
1115 3489 1174 3535 ut
1205 3481 1256 3535 in
1289 3484 1373 3537 bis
1398 3486 1708 3544 Annalibus
1731 3506 1867 3559 quo-

307 3574 421 3628 que
453 3564 738 3619 recitatur:
771 3563 974 3622 Griecis
997 3570 1213 3626 interim
1239 3574 1408 3629 altum
1440 3578 1866 3646 dormientibus,

308 3665 409 3705 nec
433 3652 498 3705 de
525 3655 828 3711 rationibus
848 3663 1169 3716 occurrendi
1196 3666 1483 3722 conatibus
1508 3669 1746 3726 hostium
1782 3673 1865 3727 vel

305 3745 579 3798 tantillum
642 3749 909 3805 sollicitis.
944 3750 1083 3818 Quid
1145 3754 1253 3809 lit?
1286 3755 1456 3825 llujus
1502 3761 1665 3815 etiam
1700 3762 1870 3818 detri-

304 3835 473 3889 menti
509 3840 712 3907 accepti
734 3844 956 3899 uuntius
978 3844 1503 3919 Constantinopolim
1531 3854 1696 3907 venit.
1725 3855 1864 3909 Tum

300 3932 477 3996 magis
509 3941 567 3984 ut
608 3930 826 3989 Gnecos
855 3935 1135 3992 dementes
1180 3955 1456 4009 cerneres,
1498 3947 1756 4015 amissam
1789 3948 1866 4003 illi

297 4022 645 4091 Calliupolim
671 4024 825 4082 ﬂocci
847 4028 1047 4094 facere,
1079 4033 1347 4100 jacturam
1385 4036 1654 4106 publicam
1678 4054 1867 4108 reapse

298 4125 578 4179 magnam,
632 4116 812 4171 verbis
858 4122 1120 4175 secordia:
1177 4123 1353 4192 plenis
1403 4135 1717 4192 extenuare,
1755 4144 1865 4184 non

297 4204 411 4259 nisi
445 4207 761 4271 amphoram
809 4211 915 4265 vini
975 4228 1005 4267 a
1046 4214 1240 4269 Turcis
1268 4215 1433 4288 510
1477 4229 1716 4289 ereptam
1758 4222 1865 4276 sibi

297 4294 512 4351 dicere.
544 4295 651 4352 Sed
680 4313 777 4353 eos
808 4298 975 4357 Turci
1024 4292 1216 4373 paucis
1245 4307 1404 4361 annis
1442 4310 1495 4363 in
1532 4309 1762 4366 Thracia
1791 4312 1870 4367 fe-

296 4401 430 4441 cere
479 4403 819 4460 progressus,
878 4404 939 4449 ut
972 4395 1135 4466 hujus
1173 4397 1496 4456 Soleimanis
1544 4402 1736 4467 basste,
1769 4405 1864 4475 qui

1986 1921 2137 1975 nullo
2179 1922 2399 1990 negotio
2441 1923 2814 1977 excutiuntur.
2849 1922 2913 1977 Et
2948 1923 3129 1977 solent
3159 1924 3274 1976 haec
3314 1921 3418 1978 sub
3464 1922 3556 1977 dio

1987 2014 2122 2077 lieri,
2166 2023 2319 2068 extra
2364 2029 2529 2085 pagos
2561 2023 2616 2069 et
2644 2016 2863 2087 oppida.
2927 2016 3157 2083 Semper
3209 2025 3393 2069 autem
3435 2030 3557 2071 mos

1985 2107 2075 2161 hic
2097 2107 2238 2177 apud
2269 2107 2574 2164 Orientales
2606 2109 2894 2164 triturandi
2943 2110 3063 2173 fuit,
3092 2108 3216 2163 inde
3264 2126 3438 2179 usque
3486 2112 3556 2163 ab

1985 2198 2382 2265 antiquissimis
2418 2202 2778 2271 temporibus,
2807 2202 2949 2255 sicut
2990 2209 3044 2254 et
3087 2204 3140 2253 in
3193 2203 3362 2255 sacris
3402 2201 3555 2254 libris

1985 2291 2333 2346 interdictum
2377 2302 2532 2348 vetus
2563 2295 2827 2363 reperitur
2871 2313 2885 2351 :
2917 2293 2985 2348 Os
3023 2294 3139 2347 bovi
3185 2295 3462 2347 trituranti
3492 2310 3556 2347 ne

1980 2383 2260 2453 obligatur.
2299 2384 2610 2439 Secundum
2663 2386 2778 2441 hate
2828 2386 3033 2441 mentio
3098 2387 3153 2438 lit
3189 2387 3553 2455 expeditionis

1980 2474 2303 2540 Turcorum,
2362 2476 2598 2546 primttm
2638 2478 2800 2539 mari.
2860 2478 3090 2547 navigiis
3128 2494 3280 2532 oram
3317 2481 3550 2534 Cherro-

1978 2570 2092 2626 nesi
2113 2586 2302 2626 versus
2323 2570 2569 2643 Egaum
2602 2571 2927 2642 legentibus,
2959 2582 3013 2625 et
3043 2574 3319 2641 prmterito
3345 2574 3551 2627 Rumo-

1978 2662 2063 2717 liaa
2112 2664 2195 2717 vel
2226 2662 2456 2734 Europre
2506 2667 2909 2735 promontorio,
2964 2667 3145 2721 sinum
3200 2666 3544 2735 Magarisium

1979 2752 2082 2825 (sic
2116 2770 2145 2808 a
2175 2754 2335 2810 laedis
2384 2759 2798 2826 tempestatibus
2826 2773 2889 2812 ac
2938 2758 3134 2825 pluviis
3165 2759 3391 2818 dictum.
3426 2773 3548 2827 quae

1976 2844 2083 2901 illis
2112 2847 2167 2899 in
2191 2848 2508 2916 regionibus
2536 2850 2802 2907 exsistere
2837 2850 3018 2905 borcis
3051 2851 3311 2905 nantibus
3345 2851 3545 2914 solent,

1974 2953 2095 2993 cum
2130 2939 2269 3008 apud
2308 2956 2409 2995 nos
2461 2942 2643 3011 aquilo
2673 2943 3026 2997 serenitatem
3083 2946 3225 2999 aeris
3278 2943 3435 3013 ferul)
3470 2944 3551 2997 in-

1974 3035 2267 3104 trantibus,
2298 3033 2389 3087 ubi
2414 3033 2744 3090 Cherronesi
2772 3034 2915 3091 latus
2944 3036 3200 3101 alterum,
3246 3038 3409 3107 longo
3434 3048 3547 3090 tra-

1972 3136 2088 3190 ctu,
2113 3126 2168 3180 in
2200 3141 2350 3181 mare
2377 3142 2434 3182 se
2464 3127 2693 3197 porrigit
2718 3147 2733 3182 :
2762 3130 2959 3183 deinde
2993 3139 3161 3190 terra,
3189 3130 3372 3185 missis
3395 3130 3550 3200 (εᾳυί-

1971 3216 2137 3282 tibus,
2158 3219 2251 3287 qui
2277 3235 2400 3273 cum
2426 3218 2711 3290 Edzebego
2733 3221 3014 3290 planitiem
3061 3222 3392 3277 Clterrouesi
3429 3239 3549 3277 ver-

1970 3323 2063 3363 sus
2096 3325 2313 3365 amnem
2343 3311 2629 3366 Maritzam
2676 3322 3117 3382 pervagarentur,
3155 3324 3209 3368 et
3235 3315 3430 3368 Album
3473 3316 3542 3369 ad

1969 3399 2191 3456 Portum
2247 3403 2530 3458 navalibus
2560 3419 2620 3459 se
2666 3419 2790 3458 cum
2819 3404 2993 3474 copiis
3039 3405 3452 3476 conjungerent.
3485 3407 3544 3460 ln

1970 3490 2055 3547 his
2092 3493 2274 3549 verbis
2305 3494 2707 3550 observandum
2767 3496 2912 3552 illam
2964 3497 3196 3553 Bolairis
3261 3498 3543 3569 planitiem

1968 3583 2164 3641 Turcis
2188 3587 2413 3651 dictam,
2440 3588 2661 3643 Praetori
2696 3588 2919 3646 Grmcize
2949 3599 3137 3645 nostro
3167 3592 3353 3646 vocari
3389 3590 3543 3646 Bole-

1969 3690 2113 3737 rum,
2140 3692 2242 3744 qua
2263 3678 2473 3734 scilicet
2496 3695 2594 3748 per
2621 3680 2793 3749 ipsam
2821 3682 3280 3747 Cherrronesum,
3304 3683 3539 3739 lladria-

1969 3768 2150 3837 napoli
2175 3769 2360 3838 procul
2384 3770 2450 3825 ad
2473 3772 2720 3827 dextram
2755 3776 2962 3837 relicta.
2984 3791 3103 3829 cum
3136 3776 3538 3846 Didymoticho,

1967 3876 2158 3916 versus
2184 3860 2386 3917 .Euum
2410 3863 2690 3933 Oppidum,
2714 3876 2765 3919 et
2783 3865 3059 3921 Maritzam
3090 3868 3335 3932 ﬂuvium,
3362 3885 3539 3935 quon-

1966 3952 2089 4007 dam
2121 3951 2356 4008 llebrum
2406 3954 2631 4014 dictum.
2665 3971 2728 4011 ac
2774 3958 2987 4025 longius
3039 3959 3163 4013 inde
3192 3959 3535 4017 Thessaliam

1967 4054 2177 4102 versus
2219 4048 2345 4102 itur.
2412 4047 2545 4103 Nam
2578 4065 2606 4104 a
2639 4050 3049 4107 Chiridocastro
3078 4055 3191 4110 sive
3222 4053 3535 4121 Zemenico,

1969 4154 2065 4208 per
2096 4139 2436 4195 excurrentis
2460 4140 2514 4194 in
2534 4156 2686 4196 mare
2713 4140 3042 4200 Cherronesi
3070 4161 3312 4217 campos,
3334 4148 3400 4204 ad
3428 4147 3540 4201 Ma-

1971 4230 2161 4284 ritzatn
2198 4229 2447 4297 ﬂuvium,
2486 4242 2542 4287 et
2569 4232 2720 4287 illum
2756 4236 2921 4290 maris
2957 4237 3159 4300 sinum,
3199 4239 3252 4292 in
3286 4256 3447 4307 quem
3479 4257 3540 4295 se

1970 4320 2191 4376 Maritza
2225 4322 2339 4377 sive
2370 4321 2654 4389 Taenarus,
2681 4337 2741 4379 ut
2770 4325 3042 4381 Laonirus
3085 4329 3152 4383 de
3190 4345 3354 4384 causa
3385 4330 3540 4384 dein-

1969 4426 2097 4477 ceps
2150 4414 2469 4483 exponenda
2519 4425 2701 4479 vocat,
2761 4428 2983 4487 propter
3027 4420 3228 4473 Ainum
3260 4421 3537 4476 civitatem

293 4478 644 4548 Calliupolim
691 4491 820 4538 tunc
853 4486 934 4540 eis
968 4488 1188 4558 eripuit,
1229 4489 1414 4547 fratris
1472 4493 1614 4548 [ilius
1653 4494 1866 4565 Bajazi-
1897 4512 1941 4570 υ
1970 4478 2523 4567 επιιηιίἰιίόίτροιιιηι
2566 4508 2665 4561 iter
2692 4478 2804 4562 non
2865 4478 3118 4579 magnum
3172 4519 3280 4567 est.
3328 4512 3539 4582 Quippe

294 4574 403 4630 tes,
439 4572 718 4639 occupatis
741 4576 905 4627 etiam
924 4575 1257 4633 suburbanis
1288 4578 1456 4648 agris,
1479 4581 1865 4635 Constantino-

294 4659 466 4727 polim
502 4661 753 4729 pluribus
778 4664 937 4720 annis
964 4666 1242 4722 obsideret
1267 4684 1281 4722 :
1309 4684 1471 4739 quam
1508 4672 1725 4741 quidem
1748 4688 1865 4727 om-

294 4751 435 4806 nino
470 4752 791 4809 redacturus
822 4766 940 4812 erat
970 4758 1022 4811 in
1061 4770 1412 4827 potestatem.
1466 4762 1522 4816 ni
1555 4762 1734 4818 Tatari
1760 4766 1865 4819 To-

291 4844 459 4897 miris
502 4844 886 4903 intervenisset
916 4851 1191 4919 expeditio
1228 4851 1450 4923 Bajaziti
1488 4853 1670 4911 fatalis
1704 4875 1717 4910 :
1756 4872 1863 4925 qua

291 4937 652 5005 prosperrimi
676 4938 981 4994 Turcorum
1013 4957 1298 5001 successus
1336 4946 1647 5015 aliquandiu
1682 4949 1866 5004 divino

292 5028 534 5081 consilio
564 5029 784 5084 fuerunt
818 5032 1058 5100 inbibiti,
1087 5050 1153 5088 ne
1180 5046 1305 5091 ante
1332 5047 1545 5117 tempus
1575 5055 1605 5094 a
1632 5040 1741 5117 Qeo
1769 5044 1865 5095 de-

292 5120 583 5185 stinatum,
616 5122 829 5190 imperii
864 5124 1037 5181 Graeci
1063 5127 1320 5199 reliquias
1348 5114 1693 5188 devorareut.
1734 5135 1863 5190 Haac

293 5214 541 5267 narratio
564 5215 691 5269 licet
713 5216 766 5271 in
793 5217 1035 5275 historiis
1064 5220 1268 5278 Graecis
1291 5238 1397 5278 non
1422 5235 1618 5289 exstet,
1641 5226 1862 5295 dignam

296 5316 487 5359 tamen
510 5309 719 5374 censui,
752 5326 874 5379 quae
903 5315 1179 5370 memoria:
1216 5316 1540 5384 proderetur
1570 5336 1584 5373 :
1620 5331 1679 5373 ut
1704 5337 1769 5374 ex
1799 5336 1861 5376 ea

294 5399 475 5452 nostri
516 5401 763 5457 homines
804 5405 1111 5475 exemplum
1168 5409 1403 5476 capiant,
1443 5410 1601 5464 nobis
1625 5413 1769 5480 quod
1794 5427 1863 5466 ex

299 5504 404 5542 usu
444 5490 535 5543 sit.
572 5490 783 5547 Utinam
804 5510 874 5548 ne
896 5512 998 5550 nos
1024 5498 1187 5551 etiam
1226 5500 1387 5555 modo
1412 5512 1517 5555 tam
1545 5502 1736 5565 altum,
1774 5519 1864 5557 ve-

301 5583 783 5639 terqurmcorum
812 5590 1045 5657 correpti
1078 5600 1453 5654 sterteremus,
1475 5593 1564 5646 vix
1590 5604 1643 5646 ιιι
1668 5610 1860 5663 exper-

301 5672 432 5740 gisci
451 5675 724 5742 possimus
745 5696 759 5730 :
784 5679 911 5733 dum
932 5696 1037 5734 non
1059 5682 1477 5738 (Zhirodocastra
1491 5701 1864 5753 ,porcorumve

305 5766 538 5827 stabula,
566 5770 656 5823 sed
690 5770 950 5829 hactenus
984 5775 1181 5829 invicta
1210 5776 1643 5833 ChriSIianorum
1664 5791 1860 5845 propu~

1968 4593 2233 4649 Thracica
2264 4596 2645 4654 Cherronesus
2670 4599 2841 4654 instar
2888 4600 3088 4668 linguae
3119 4618 3177 4656 se
3204 4605 3435 4672 porrigit
3482 4604 3538 4659 in

1969 4686 2213 4758 IEgreum
2242 4704 2414 4751 mare,
2443 4700 2551 4745 tam
2596 4702 2828 4762 angusto
2852 4701 3012 4748 teme
3043 4695 3379 4748 continentis
3412 4711 3536 4765 spa-

1966 4776 2041 4829 tio
2064 4814 2080 4841 ,
2105 4792 2199 4831 sex
2230 4787 2437 4833 tantum
2471 4790 2531 4833 ut
2558 4781 2881 4838 milliaribus
2912 4781 3116 4837 Graecis
3145 4785 3309 4839 distet
3338 4783 3540 4841 Helles-

1967 4878 2165 4936 pontus
2215 4884 2244 4922 a
2280 4871 2401 4924 sinu
2429 4869 2745 4939 Magarisio,
2795 4874 2889 4943 qui
2944 4883 3025 4929 est
3064 4876 3133 4929 ab
3168 4877 3337 4931 altera
3370 4878 3539 4930 Cher-

1966 4960 2144 5015 ronesi
2172 4970 2326 5031 parte
2352 4979 2367 5016 :
2397 4963 2592 5031 quibus
2623 4981 2652 5019 a
2672 4980 2765 5021 sex
2792 4967 3120 5024 milliaribus
3140 4970 3301 5024 etiam
3328 4972 3533 5026 dictum

1966 5060 2050 5107 est
2082 5052 2442 5109 Hexamilium
2478 5057 2825 5123 Cherronesi,
2867 5075 2961 5115 sex
2994 5063 3371 5116 tantummodo
3413 5064 3533 5116 mil-

1966 5144 2198 5200 liaribus
2233 5146 2435 5202 Grtrcis
2462 5163 2489 5200 a
2537 5149 2821 5219 Calliupoli
2853 5152 3108 5207 dissitum
3140 5170 3155 5207 :
3203 5162 3258 5206 ut
3294 5155 3529 5209 alterum

1964 5239 2233 5294 celebrius
2272 5240 2403 5293 illud
2434 5240 2793 5297 llexamilium
2828 5243 3011 5298 Isthmi
3045 5245 3378 5299 Corinthiaci
3405 5248 3531 5301 toti-

1965 5331 2085 5385 dem
2117 5340 2263 5399 patet
2283 5332 2336 5385 in
2388 5333 2731 5389 latitudinem
2785 5337 3135 5397 milliaribus.
3178 5347 3231 5391 et
3269 5338 3529 5405 utrinque

1963 5422 2181 5491 gemino
2212 5424 2466 5479 similiter
2498 5440 2527 5479 a
2566 5428 2700 5480 mari
2726 5427 2965 5481 alluitur.
3002 5427 3128 5497 Begi
3176 5430 3524 5494 vocabulum,

1962 5510 2105 5575 quod
2146 5508 2232 5562 hic
2264 5511 2390 5564 Edzi
2422 5512 2636 5566 cuidam
2671 5528 2736 5567 ex
2770 5516 3091 5583 proceribus
3143 5517 3391 5571 Turricis
3430 5520 3527 5572 tri-

1962 5597 2169 5663 buitur,
2222 5599 2557 5670 interpretati
2587 5602 2697 5668 jam
2757 5614 3115 5661 antesumus.
3170 5604 3283 5660 Hoc
3315 5616 3526 5662 tantmu

1963 5691 2132 5744 lector
2164 5692 2441 5757 observet,
2499 5696 2780 5764 planitiem
2842 5696 3234 5765 Bolairensem,
3274 5699 3390 5754 sive
3422 5698 3528 5758 Bo~

1970 5781 2257 5846 lerenscm,
2296 5790 2353 5838 ut
2386 5794 2582 5851 prmtor
2612 5794 2787 5853 vocat,
2815 5789 3068 5859 deinceps
3105 5790 3246 5859 apud
3313 5789 3520 5847 Turcos
