4048 6208
553 277 658 333 7ὸὸ

555 491 927 542 consecutam,
963 490 1020 533 ut
1056 481 1217 548 infra,
1254 487 1417 542 certis
1442 502 1507 542 ex
1537 490 1670 544 locis
1702 491 1894 546 horum
1950 511 2119 549 anna-

553 568 707 633 lium.
758 575 980 642 patebit.
1028 574 1221 631 Portus
1254 578 1421 634 Albus
1479 585 1711 654 denique
1766 585 1969 642 Grrecis
2034 598 2117 643 est

553 666 972 734 Asprolimiona.

552 779 644 834 26.
678 782 753 834 De
804 784 1005 856 oppidis
1065 786 1335 856 Clterepoli
1369 801 1419 844 et
1468 779 1640 855 Zorli,
1682 798 1918 850 civitates
1953 799 2114 852 Char-

626 856 816 913 ronesi,
847 857 911 907 ab
948 854 1175 937 Europrc
1197 854 1572 938 promontorio
1604 854 2114 938 Constantinopolim

619 937 805 991 usque,
833 940 953 978 cum
983 927 1274 983 intervallis
1304 933 1458 985 unius
1489 933 1553 986 ab
1593 937 1785 993 altera.

590 1034 591 1037 “
621 1037 751 1102 Quae
775 1041 971 1109 oppida
1000 1040 1245 1100 Thraciae
1275 1047 1615 1119 Chercpolim
1641 1062 1692 1106 et
1712 1053 1930 1108 Zorlum
1952 1056 2120 1113 Tui-ci

552 1142 773 1196 vocant,
812 1132 982 1190 Graeci
1036 1137 1223 1195 dixere
1263 1141 1632 1214 Chariupolim
1682 1157 1736 1202 et
1792 1148 2109 1206 Tam-qum.

552 1227 898 1298 (lbariupolis
932 1232 1045 1288 sive
1080 1232 1443 1305 Cltariupolis,
1474 1240 1701 1309 perinde
1754 1258 1821 1297 ac
1852 1260 2017 1313 supra
2046 1246 2114 1301 de

551 1318 836 1390 llalliopoli
896 1323 1128 1391 dictum,
1165 1327 1233 1381 ab
1254 1330 1569 1384 Atheniensi
1600 1332 1796 1387 Charia
1829 1337 2113 1392 conditore

551 1410 655 1465 fuit
678 1416 964 1483 appellata.
997 1418 1129 1472 Nam
1176 1432 1480 1490 praepotens
1511 1430 1645 1479 mari
1686 1428 1919 1495 pepulus
1948 1428 2117 1483 Athe-

555 1504 758 1560 niensis
788 1517 914 1563 ante
954 1508 1151 1564 bellum
1174 1513 1714 1580 Peloponnesiacum,
1747 1528 2117 1588 propterain—

554 1596 873 1662 plitudinem
901 1600 1117 1665 classis.
1143 1614 1197 1658 et
1225 1621 1379 1659 usum
1409 1623 1589 1660 rerum
1624 1609 1917 1670 navalium,
1948 1609 2119 1663 Cher-

559 1703 810 1765 ronesum
862 1707 985 1746 cum
1025 1695 1219 1761 majori
1251 1706 1403 1765 parte
1438 1698 1723 1753 maritimae
1742 1698 1991 1754 Thracia:
2051 1716 2115 1757 ac

1770 286 2097 348 JOANNIS
2141 293 2607 380 LEUXCLAYII

554 385 741 438 Edzeae
774 387 1034 453 planitiei,
1075 391 1155 443 vel
1190 389 1341 446 Eleae
1366 408 1559 450 nomen
1588 396 1656 451 ab
1686 397 1786 452 hoc
1815 399 1955 455 Edze
1981 403 2116 475 hego
2146 426 2189 481 Α

3655 292 3751 355 756

2288 406 2331 457 A
2363 406 2533 459 Ponte
2556 404 2746 474 grandi
2775 404 2840 457 ad
2870 402 3089 457 Pontem
3118 418 3365 472 parvum,
3398 420 3470 459 m.
3494 404 3569 459 lO.

2256 480 2263 487 ’
2304 498 2344 550 Α
2375 497 2539 550 Ponte
2563 510 2731 566 parvo
2753 495 2816 549 ad
2848 492 2906 549 S.
2941 493 3298 565 Stephanum,
3330 511 3400 549 m.
3422 496 3505 551 10.

2300 591 2344 641 Α
2374 590 2429 645 S.
2460 590 2732 659 Stephano
2763 589 2828 642 ad
2864 588 3309 660 llcptapyrgium,
3332 590 3444 645 sive
3466 588 3761 657 Jadiculam,

2225 680 2308 733 vel
2337 694 2515 733 arcem
2546 689 2751 750 septem
2784 679 3042 744 turrium,
3065 678 3225 734 sitam
3258 679 3309 733 in
3354 687 3594 734 extremo
3632 682 3767 736 urbis

2222 770 2791 840 Constantirmpoleos,
2822 770 2888 825 ad
2923 769 3304 840 Propontidem
3338 771 3558 840 angulo,
3590 787 3659 824 m.
3686 773 3732 826 5.

2292 862 2373 916 Ah
2406 859 2767 932 lleptapyrgio
2791 862 2855 915 ad
2881 861 3380 929 sultani,saraium,
3426 862 3514 917 ubi
3546 864 3675 919 alter
3693 875 3768 919 est

2224 953 2376 1006 urbis
2427 953 2658 1023 angulus
2716 953 2780 1006 ad
2840 949 3203 1023 Bosphorum,
3257 952 3569 1022 Propontidi
3614 964 3767 1009 semet

2224 1044 2628 1106 inl‘undentem,
2659 1060 2733 1099 m.
2770 1046 2820 1098 7.

2294 1136 2563 1191 'l‘zurulus
2599 1138 2887 1207 (Casmldo
2915 1136 3142 1197 Chiorli.
3179 1136 3491 1204 Busbequio
3517 1135 3764 1203 Cbiurli),

2222 1244 2385 1296 quam
2414 1226 2523 1283 Leo
2554 1229 2845 1298 imperator
2888 1228 3212 1283 Tzurolloén
3238 1236 3427 1292 vocat,
3467 1226 3699 1283 nonnihil
3738 1242 3763 1281 a

2226 1319 2560 1390 Propontide
2587 1335 2778 1375 versus
2819 1320 3214 1376 mediterranea
3262 1320 3447 1383 distat,
3484 1335 3513 1372 a
3550 1316 3763 1390 Selybria

2222 1412 2492 1466 maritima
2549 1428 2643 1467 sex
2698 1413 2821 1482 plus
2882 1413 3063 1469 minus
3111 1413 3372 1468 horarum
3418 1413 3627 1468 itinere.
3672 1410 3767 1465 Nos

2212 1503 2348 1574 iStic
2382 1504 2514 1557 satis
2545 1496 2835 1558 commode
2869 1505 3014 1559 diem
3064 1519 3128 1559 ac
3162 1514 3379 1559 noctem
3412 1505 3632 1574 egimus.
3662 1502 3769 1556 Fal-

2223 1592 2352 1647 litur
2388 1595 2439 1648 in
2473 1595 2673 1649 Selime
2701 1597 2874 1666 primo
2912 1594 3118 1665 Jovius,
3178 1606 3233 1652 et
3280 1609 3475 1651 auctor
3514 1597 3764 1651 annalium

2227 1685 2433 1741 Silesite
2459 1685 2690 1750 Cureus,
2720 1690 2811 1757 qui
2848 1703 3045 1759 pagum
3077 1690 3374 1760 ignobilem
3412 1699 3464 1743 et
3492 1689 3760 1744 obscurum

553 1782 902 1846 Macedoniae,
933 1802 1057 1841 cum
1115 1787 1372 1843 Perintho
1426 1788 1594 1858 (nunc
1648 1793 1937 1855 Arach'tea,
1977 1795 2117 1859 quod

2224 1787 2424 1831 vocant
2458 1795 2472 1831 :
2509 1794 2631 1833 cum
2676 1779 2945 1852 hodieque
2989 1783 3061 1837 sit
3094 1780 3378 1852 oppidum.
3419 1790 3472 1835 et
3502 1796 3527 1832 a
3562 1788 3764 1849 prastore

559 1875 699 1927 idem
734 1887 816 1931 cst
876 1894 999 1932 cum
1035 1880 1339 1951 Heraclea),
1375 1899 1497 1937 cum
1534 1883 1802 1955 Selyhria,
1839 1902 1957 1940 cum
1998 1888 2119 1956 ipse

558 1966 833 2035 Byzantio,
872 1970 1185 2039 possidebat
1220 1992 1231 2025 :
1263 1975 1315 2027 in
1358 1991 1530 2043 eaque
1570 1978 1708 2037 loca,
1751 1982 1915 2033 semel
1956 1995 2116 2034 occu-

553 2067 701 2123 pata,
729 2061 972 2115 colonias
1000 2061 1299 2117 deducebat
1326 2082 1342 2118 ι
1378 2064 1713 2136 Thucydide,
1738 2066 2114 2135 Xenophonte,

557 2162 717 2218 atque
748 2152 868 2206 aliis
922 2155 1174 2209 testibus.
1211 2157 1414 2211 Prtetor
1437 2157 1660 2213 (it-ascia:
1684 2171 1868 2215 noster
1891 2162 2116 2216 Chario-

560 2230 729 2309 polim
754 2257 1165 2309 commemorat,
1200 2258 1255 2302 et
1287 2266 1398 2320 quo
1429 2252 1535 2305 sita
1568 2252 1688 2309 loco
1739 2252 1829 2319 sit,
1867 2253 2070 2308 indicat
2100 2272 2114 2307 :

558 2337 685 2389 dum
716 2337 904 2392 ordine
935 2339 1183 2396 civitates
1231 2343 1329 2397 bas
1386 2345 1438 2397 in
1470 2344 1814 2401 Cherroneso
1847 2357 2112 2414 recenset,

556 2426 893 2491 Heracleam.
913 2431 1165 2496 Panium,
1192 2434 1561 2501 liltaedestum,
1587 2438 1977 2507 Cbariopolim.
2005 2438 2115 2494 Me-

559 2520 711 2574 minit
740 2530 796 2575 et
826 2522 1093 2578 Cedrinus
1124 2524 1179 2578 in
1204 2526 1566 2584 Constantino
1585 2527 1943 2585 Monomacho
1973 2531 2113 2601 Aug.

558 2611 647 2664 ubi
700 2612 765 2668 de
798 2610 1102 2670 Patzinacis
1131 2615 1181 2669 in
1234 2616 1607 2673 Macedoniam
1640 2619 1969 2689 proiecturis
2019 2637 2116 2675 ex-

550 2702 740 2771 plicat.
771 2703 878 2761 Leo
895 2705 1125 2777 Sapiens
1143 2709 1282 2780 Aug.
1302 2710 1356 2765 in
1387 2708 1607 2767 Novella
1636 2712 1703 2779 de
1731 2704 1985 2775 Thronis,
2012 2712 2117 2767 He-

553 2793 746 2848 raclea:
795 2797 1100 2865 metropoli,
1147 2813 1309 2867 quam
1360 2797 1607 2854 Thracia:
1680 2798 2117 2869 Macedoniaque

552 2885 716 2939 simul
748 2887 1017 2953 attribuit,
1060 2888 1218 2960 511
1249 2890 1398 2945 velut
1424 2891 1475 2967 in
1500 2888 1737 2946 conﬁnio
1761 2893 1944 2957 sitam,
1976 2890 2116 2946 inter

554 2978 689 3032 alios
721 2980 1089 3049 episcopatus,
1129 2981 1227 3035 bos
1263 2980 1528 3048 subjicit:
1572 2979 1874 3051 Madytum,
1913 2980 1981 3036 de
2011 2995 2116 3050 qua

553 3069 813 3125 dixinuts.
852 3072 1201 3127 Rbredestum
1237 3074 1408 3139 (nunc
1448 3073 1808 3141 Rhodostum)
1863 3072 2112 3136 Paniu'm,

2228 1864 2439 1919 dicatur
2458 1867 2607 1938 A5ty,
2643 1869 2784 1937 quod
2821 1870 3088 1925 civitatem
3126 1870 3430 1940 significat;
3467 1885 3528 1924 ac
3560 1870 3608 1923 in
3632 1869 3766 1923 Grat-

2227 1972 2416 2010 corum
2455 1958 2697 2015 historiis
2752 1962 2914 2016 etiam
2964 1962 3212 2018 Mauricii
3254 1963 3483 2032 Augusti
3533 1962 3768 2031 tempori-

2225 2050 2349 2111 bus,
2388 2059 2512 2105 ante
2544 2040 2690 2107 mille
2720 2055 2929 2110 scilicet
2964 2070 3159 2119 annos,
3194 2057 3405 2111 mentio
3434 2055 3645 2111 Tzuruli
3670 2056 3766 2118 ﬁat,

2227 2144 2314 2198 ubi
2342 2146 2563 2209 dicitur,
2586 2146 2842 2217 Cbagano
2872 2162 2994 2203 cum
3019 2147 3227 2203 inﬁnita
3248 2147 3593 2202 multitudine
3618 2146 3769 2201 Thra-

2224 2238 2362 2291 ciam
2418 2238 2687 2307 ingresso,
2744 2238 3115 2293 Roxuanorum
3174 2239 3373 2294 ducem
3406 2240 3665 2302 territum,
3719 2238 3768 2290 in

2225 2330 2451 2384 castello
2476 2316 2723 2394 Tzuruli,
2758 2340 3015 2400 tanquam
3047 2333 3167 2388 loco
3196 2332 3435 2395 munito,
3460 2346 3517 2387 se
3564 2329 3767 2385 conclu-

2229 2420 2389 2476 sisse.
2411 2419 2543 2474 Nam
2570 2424 2680 2478 haec
2707 2423 2819 2492 ipsa
2848 2423 3099 2494 leguntur
3119 2423 3262 2492 apud
3300 2422 3569 2477 Zonaram
3597 2423 3764 2476 verba.

2221 2535 2311 2590 27.
2356 2535 2611 2599 Eurenos,
2646 2545 2694 2591 et
2727 2539 2901 2591 ceteri
2954 2548 3057 2591 tres
3090 2538 3231 2604 apud
3269 2535 3472 2591 Turcos
3504 2535 3765 2592 illustrium

2564 2618 2793 2677 quatuor
2824 2608 3153 2677 familiarum
3185 2619 3449 2662 auctores.

2292 2716 2537 2773 Tradunt
2582 2720 2779 2784 nostri,
2826 2720 2956 2775 etin
3018 2719 3102 2775 his
3145 2718 3458 2785 Geulrzeus,
3496 2720 3763 2776 Osmanem

2222 2810 2327 2866 sibi
2360 2822 2469 2867 tres
2497 2810 2792 2867 faderatos
2829 2810 3114 2876 ascivisse,
3150 2825 3391 2881 quorum
3422 2810 3630 2881 adjutus
3655 2824 3764 2880 ope.

2224 2900 2593 2970 compluribus
2646 2900 2862 2971 oppidis
2911 2900 3188 2966 subactis,
3246 2901 3625 2958 auctoritatem
3671 2898 3765 2957 sibi

2222 2992 2627 3063 potentiamque
2683 2992 3102 3062 comparaverit.
3159 2989 3373 3049 Horum
3429 2994 3563 3049 duos
3617 2992 3764 3046 luisse

2223 3084 2460 3148 Grrecos,
2504 3083 2783 3154 religionis
2835 3082 3159 3140 Christianae
3198 3084 3535 3150 desertores,
3564 3083 3758 3140 tertium

558 3161 916 3217 Hexamilium
965 3163 1133 3234 (nunc
1174 3163 1435 3233 Xamilii),
1493 3163 1850 3233 CalliOpolim,
1878 3163 2116 3219 Perista-
2141 3166 2184 3223 C
2221 3189 2347 3230 vero
2372 3174 2630 3231 Tumum,
2660 3175 2972 3234 amcorum
3009 3194 3172 3242 unus,
3205 3177 3443 3233 Μίειηει
3478 3176 3764 3233 nominat”.

551 3256 680 3317 sim,
759 3254 1152 3324 Chariopolim,
1217 3253 1540 3310 'l'zurolloén
1606 3254 1776 3326 (nunc
1846 3252 2018 3324 Zorli)
2065 3263 2116 3308 et

554 3348 778 3417 Athyra.
818 3349 908 3415 qui
941 3364 1085 3402 nunc
1109 3347 1252 3403 Pons
1315 3349 1535 3417 grandis
1589 3347 1922 3402 nominatur.
1960 3344 2114 3412 Quod

556 3440 600 3490 si
635 3439 785 3492 lubet.
839 3439 1313 3506 iutelligendarum
1368 3439 1718 3495 historiarum
1749 3453 1912 3494 causa
1950 3453 2114 3492 nosse

556 3531 832 3583 intervalla
881 3532 1074 3584 borum
1129 3532 1474 3600 oppidorum,
1527 3541 1585 3584 ut
1626 3530 1822 3586 ordine
1848 3531 1952 3586 sita
1982 3540 2113 3584 sunt

554 3624 617 3674 al
660 3623 808 3674 littus
840 3619 1172 3690 Hellesponti
1202 3640 1265 3678 ac
1292 3624 1655 3693 Pr0pontidis,
1690 3622 1817 3679 inde
1848 3638 1885 3697 a
1912 3621 2114 3675 Darda-

558 3712 735 3774 nellis,
798 3712 883 3762 ubi
933 3713 1120 3768 fauces
1166 3712 1498 3783 Hellesponti
1555 3724 1701 3776 sunt,
1762 3713 1816 3766 in
1869 3711 2114 3782 Egestum

553 3821 719 3860 cursu
757 3805 951 3873 rapido
1008 3814 1183 3861 semet
1209 3808 1582 3873 exonerantis,
1625 3805 1693 3862 ad
1741 3807 1913 3875 ipsam
1946 3821 2119 3873 usque

558 3900 756 3968 regiam
778 3899 965 3952 urbem
991 3896 1519 3975 Constantinopolim
1548 3917 1560 3952 :
1595 3896 1710 3953 haec
1765 3907 2116 3967 peraccurate

554 3999 871 4059 computata
903 3990 1070 4056 illius,
1108 4007 1272 4062 quem
1309 3992 1422 4047 dixi
1452 3991 1727 4055 Melicnsis
1758 3991 1975 4047 Antonii
2001 4002 2118 4047 stu-

553 4082 663 4144 dio.
700 4081 930 4138 notabis.

624 4175 666 4229 A
696 4168 979 4239 Rutneliae,
1003 4173 1083 4231 vel
1113 4174 1416 4243 Romanun,
1451 4175 1741 4233 Crit-cicere
1794 4185 2117 4247 promonto-

563 4268 667 4329 rio,
701 4267 849 4336 quod
881 4276 1189 4325 extremum
1213 4279 1298 4324 est
1336 4270 1388 4324 in
1424 4268 1639 4341 Europa
1670 4279 1889 4339 propter
1913 4268 2114 4329 Helles-

554 4360 709 4428 ponti
744 4360 1045 4428 angustias,
1076 4362 1145 4418 ad
1169 4378 1326 4418 arces
1355 4361 1619 4425 faucium,
1667 4364 1784 4419 sive
1831 4360 2117 4419 Dardaucl-

554 4454 666 4517 los,
695 4454 944 4511 milliaria
967 4453 1156 4515 Graeca
1190 4467 1319 4510 sunt
1349 4456 1434 4511 {8.

624 4548 667 4598 A
697 4545 1031 4603 Dardanellis
1058 4545 1280 4601 Maitum
1318 4562 1514 4616 usque.
1549 4565 1621 4602 III.
1649 4549 1700 4604 ὅ.

620 4637 784 4690 Multo
811 4638 1294 4706 Chiridocastrum,
1325 4656 1399 4698 m.
1430 4639 1485 4695 ἓ.

621 4728 1036 4786 Cbiridocastro
1065 4732 1430 4798 Calliupolim,
1462 4748 1531 4787 m.
1568 4733 1659 4787 29..

623 4822 909 4891 Callittpcli
938 4821 1320 4888 Hexamilium,
1360 4841 1433 4878 ιιι.
1465 4826 1518 4879 6.

624 4898 923 4968 llesamilio
940 4914 1004 4968 ad
1029 4912 1213 4967 Sancti
1238 4912 1453 4986 Georgii
1476 4922 1930 4985 promontorium.
1960 4936 2032 4973 ru.
2053 4920 2110 4981 ti,

626 5016 667 5063 A
700 5010 758 5062 S.
788 5007 1019 5076 Georgio
1054 5009 1369 5074 l’eristasin,
1398 5027 1474 5064 m.
1505 5012 1573 5073 6.~

626 5103 882 5156 l‘eristasi
908 5100 1273 5166 Arachlizaru,
1303 5119 1376 5156 tn.
1410 5104 1459 5161 7.

624 5194 898 5248 Aracbliza
934 5192 1350 5263 Myriophytum,
1386 5212 1459 5249 nt.
1482 5196 1530 5251 7.

621 5284 959 5354 illyriophyto
992 5284 1209 5345 Coram,
1245 5301 1316 5338 m.
1346 5286 1397 5341 6.

621 5378 757 5431 Cora
789 5377 1044 5440 Gainum,
1076 5393 1150 5430 m.
1188 5376 1240 5431 4.

620 5470 791 5523 (iain
817 5468 1180 5529 Rhodostum,
1214 5484 1288 5524 m.
1320 5468 1411 5523 25.

560 5628 561 5631 η
617 5560 895 5615 Rhodcsto
930 5559 1273 5623 Arachleam,
1317 5577 1388 5613 tn.
1422 5560 1509 5613 50.

619 5652 883 5703 ΔΓηιἸιΙρίι
917 5651 1249 5719 Silyurcam,
1287 5670 1356 5705 tn.
1388 5654 1479 5706 ‘20.

631 5746 873 5821 :‘iilyurca
903 5744 967 5797 ad
1005 5744 1225 5803 Pontetu
1260 5748 1537 5815 grandem,
1583 5764 1652 5802 tu.
1692 5749 1770 5801 15.

2221 3273 2309 3331 tur
2340 3282 2355 3319 :
2386 3265 2548 3331 alter,
2580 3264 2814 3323 Marcos.
2857 3266 3037 3323 Turco
3084 3282 3282 3324 nomen
3351 3268 3565 3324 Aurami
3618 3265 3765 3322 fuisse

2219 3356 2432 3412 scribit.
2460 3358 2542 3413 Ab
2569 3358 2654 3412 his
2695 3371 3020 3430 propagatae
3056 3374 3176 3416 esse
3226 3368 3343 3417 tres
3382 3361 3607 3417 familias
3632 3355 3759 3428 apud

2220 3447 2432 3503 Turcos
2483 3449 2697 3507 caeteris
2751 3450 3029 3518 omnibus,
3082 3453 3385 3508 secundum
3440 3450 3757 3514 Osmanidas,

2218 3538 2558 3597 nobiliores:
2590 3555 2617 3594 a
2647 3539 2929 3607 Michaele,
2975 3542 3065 3611 qui
3106 3541 3441 3616 Michalogli,
3479 3543 3620 3615 quasi
3665 3538 3757 3594 Mi-

2220 3632 2478 3699 cbalides,
2509 3633 2797 3701 dicantur;
2822 3650 2852 3689 a
2875 3634 3075 3700 Marco,
3110 3635 3203 3705 qui
3242 3635 3578 3709 Marcozogli,
3610 3628 3753 3702 quasi

2217 3723 2556 3784 Murcozides
2584 3741 2600 3792 ;
2629 3727 2697 3780 ab
2728 3726 2978 3791 Aurami,
3006 3726 3102 3797 qui
3134 3718 3751 3797 AuramoglietAurami-

2218 3816 2333 3872 des.
2354 3815 2464 3871 Nos
2486 3817 2749 3874 hactenus
2771 3819 2965 3874 horum
2991 3820 3045 3873 in
3077 3820 3369 3877 annalibus
3393 3823 3535 3876 hisce
3548 3813 3755 3872 mentio-

2220 3923 2345 3965 nem
2363 3909 2566 3967 nullam
2586 3909 2902 3966 habuimus.
2920 3910 3216 3967 Eurenosis
3234 3928 3431 3968 nomen
3449 3913 3533 3966 hic
3546 3908 3752 3980 primum

2218 4017 2362 4057 anno
2384 4002 2699 4059 Christiano
2750 4003 2889 4059 1357
2913 4004 3163 4074 legimus,
3195 4018 3361 4073 quem
3405 4021 3471 4061 ex
3497 4010 3754 4075 procerum

2221 4109 2449 4155 numero
2480 4094 2649 4151 fuisse
2674 4111 2783 4151 non
2806 4095 3031 4152 dubium
3052 4106 3163 4161 est,
3186 4114 3313 4156 cum
3354 4098 3518 4167 begus
3545 4090 3759 4176 appelleo

2220 4195 2324 4243 tur.
2358 4184 2423 4241 Et
2443 4185 2649 4242 Turcos
2669 4186 2756 4243 hic
2789 4188 3010 4257 quidem
3038 4188 3192 4259 sequi
3218 4189 3381 4255 malo,
3405 4187 3596 4258 quibus
3611 4182 3760 4237 Eure-

2219 4293 2358 4344 uos;
2391 4294 2554 4349 quam
2581 4278 2913 4346 Geulraeum,
2957 4282 3044 4337 cui
3076 4281 3304 4337 Aurami
3351 4288 3591 4336 vocatur.
3622 4271 3757 4329 Unde

2221 4370 2427 4438 posteri
2441 4386 2655 4440 quoque
2669 4387 2777 4425 non
2791 4371 3108 4441 Auramogli
3120 4387 3245 4427 cum
3266 4370 3531 4429 Geulraro.
3548 4367 3634 4423 sed
3646 4376 3753 4419 cum

2148 4498 2200 4570 δ
2224 4462 2419 4518 Turcis
2455 4462 2829 4533 Eurenosogli,
2863 4464 3012 4520 velut
3043 4464 3428 4523 EurenOsides.
3450 4453 3757 4560 suntappelo

2227 4552 2393 4607 laudi.
2413 4551 2715 4625 Michalogli
2733 4555 2908 4609 serius
2927 4554 3011 4610 his
3024 4561 3522 4608 commemorantur
3537 4550 3588 4604 in
3606 4558 3757 4601 anna~

2218 4644 2382 4710 libus,
2432 4653 2486 4698 et
2516 4645 2834 4703 nominatim
2862 4644 3163 4700 Mechemet
3185 4646 3289 4714 beg
3322 4641 3638 4711 MichaIOgli,
3664 4636 3754 4691 dux

2219 4738 2605 4802 Acanziorum,
2644 4737 2747 4792 sub
2790 4737 3007 4795 initium
3044 4737 3399 4793 Muchemetis
3430 4732 3602 4805 primi,
3630 4740 3755 4784 anno

2221 4827 2530 4882 Christiano
2562 4828 2699 4883 1414
2723 4846 2739 4893 ;
2766 4827 3084 4899 Malcozoglj
3114 4829 3270 4898 longe
3320 4838 3442 4897 post
3465 4826 3582 4891 bos,
3624 4833 3755 4875 anno

2218 4917 2532 4974 Christiano
2571 4919 2725 4984 1480,
2765 4937 2872 4989 quo
2913 4929 3155 4990 tempore
3190 4920 3304 4975 Βαιί
3337 4922 3440 4991 beg
3464 4910 3750 4977 Malcomli

2219 5017 2550 5076 naminatur.
2574 5020 2677 5072 sub
2696 5017 3033 5073 Muchetnete
3049 5020 3305 5074 secundo.
3331 5017 3545 5084 Quartae
3560 5008 3749 5068 familia

2219 5123 2325 5162 non
2351 5107 2405 5160 lit
2428 5111 2567 5175 apud
2587 5109 2891 5165 Genl‘raum
2916 5113 3139 5172 mentio,
3157 5125 3319 5180 quam
3338 5108 3583 5163 Turcban
3604 5104 3744 5170 best"

2218 5201 2556 5268 PWPasavit.
2607 5200 2722 5256 Hoc
2775 5218 2972 5257 nomen
3005 5204 3059 5255 iu
3092 5203 3177 5257 his
3205 5201 3489 5257 annalibus
3514 5194 3744 5259 reperitur

2219 5291 2321 5347 sub
2341 5291 2549 5345 Murate
2583 5295 2845 5351 secundo.
2867 5309 3009 5348 anno
3024 5296 3336 5349 Christiano
3358 5293 3508 5348 H53.
3538 5290 3743 5341 hareno-

2216 5398 2304 5439 ses
2317 5388 2457 5452 apud
2476 5385 2770 5441 Laonicum
2788 5387 3048 5442 Brenezes
3062 5388 3338 5450 scribitur,
3361 5402 3454 5456 pro
3473 5384 3744 5437 Eurenezes

2146 5519 2152 5524 .
2219 5475 2627 5536 autUrenezes.
2668 5478 2814 5533 Idem
2852 5479 3222 5549 Michaloglios
3257 5481 3419 5531 etiam
3460 5472 3746 5530 Mli-balines

2215 5568 2411 5622 alicubi
2471 5580 2644 5625 vocat.
2711 5570 3069 5627 Malcozzides
3124 5582 3178 5626 et
3225 5569 3531 5637 Malcozogli
3578 5576 3667 5614 cur
3720 5570 3744 5606 η

2216 5658 2409 5716 Turcis
2450 5678 2547 5730 pro
2599 5663 2910 5717 Marcozziis
2965 5675 3015 5717 ct
3070 5663 3447 5731 Marcozogtiis
3499 5659 3740 5712 dicantur.

2216 5756 2364 5807 scio:
2401 5772 2497 5816 cur
2528 5771 2556 5812 a
2596 5753 2883 5812 licini-ccio
2924 5757 3226 5823 Malaconii,
3292 5754 3489 5809 llCSt‘lO.
3528 5747 3741 5803 Eurcuo-
