4048 6208
377 218 478 275 757

1522 234 1921 296 PANDECTE
1962 241 2159 302 lllST.
2193 243 2495 304 TURClC.

3501 253 3605 312 7ῗὸ

374 332 639 384 sisetiam
702 337 902 401 posmi
975 338 1175 393 rectius
1230 339 1512 396 Eurenosii
1550 345 1628 397 vel
1663 345 2232 419 FurcnesiiAnosIer
2299 352 2449 415 facit,
2506 339 2614 421 quo
2676 356 2794 408 loco
2855 370 3037 412 narrat
3097 358 3335 412 \‘enctiis
3377 365 3602 414 missum

375 427 733 487 vocabuntur,
772 444 934 495 quam
978 431 1241 488 Ebreues.
1302 434 1557 488 Turchan
1584 438 1751 507 begus
1780 438 1941 493 Cbal~

374 519 681 589 cocondylm
732 517 1085 578 Turacbanes
1144 526 1475 581 nominatur.
1531 528 1723 582 Nostra
1786 542 1941 585 aetate

374 612 579 663 nullam
611 612 803 665 horum
855 623 1007 668 extra
1058 615 1380 670 Halcozzios
1438 628 1491 672 et
1546 617 1938 688 Micbaloglios,

379 707 706 759 mentionem
747 705 1090 761 invenimus:
1116 720 1167 763 et
1194 712 1660 780 Mirhalogtiorum
1695 730 1822 767 sane
1858 731 1943 768 re-

377 797 697 858 centiorem,
731 814 792 851 es
816 800 1015 868 quibus
1045 802 1330 857 Aehmetes
1364 806 1612 858 Acanziis
1641 806 1852 874 prasfuit
1887 807 1940 860 in

378 892 620 946 exercitu
651 894 993 957 Soleimanis,
1024 898 1088 950 ad
1121 899 1472 954 obsidendam
1502 902 1944 972 Vicnnamproﬁ-

378 983 903 1038 ciscentis.Cnsanen
927 1004 1053 1040 vero
1074 988 1469 1060 Miebaloglium
1493 994 1728 1047 triennio
1749 1003 1869 1063 post
1886 994 1939 1045 in

378 1073 466 1125 his
486 1075 775 1129 annalibus
799 1078 1143 1143 expeditione
1188 1079 1513 1136 Solcimanis
1550 1086 1719 1137 altera
1756 1092 1943 1137 contra

380 1163 704 1228 Germanos,
727 1184 751 1219 a
768 1170 969 1224 nostris
985 1188 1205 1238 catastnn,
1224 1176 1429 1247 magnis
1447 1191 1570 1229 cum
1589 1174 1782 1244 copiis,
1818 1175 1943 1243 legi-

379 1273 523 1312 mus.

522 1352 613 1408 23.
656 1354 915 1414 Dimomc,
951 1357 1261 1431 Ilnrgosine.
1295 1362 1514 1432 Bergas,
1541 1364 1802 1435 Plagiari.

449 1447 505 1499 in
544 1448 739 1502 vicinia
776 1442 998 1504 Tzurnli
1031 1454 1095 1505 de
1125 1470 1228 1520 qua
1260 1456 1487 1517 dictum,
1515 1456 1941 1529 Didymoticbuut

376 1552 575 1607 μηνιοΓ
608 1559 726 1595 cum
763 1544 885 1595 aliis
928 1546 1183 1613 oppidum
1226 1551 1399 1611 ponit,
1642 1567 1670 1605 a
1707 1552 1942 1620 geminis

375 1635 546 1686 muris
577 1636 655 1689 sic
709 1637 1062 1702 appellatum,
1103 1637 1297 1691 Turcis
1355 1642 1597 1694 mntilate
1641 1641 1892 1695 Dimotuc
1926 1659 1939 1694 ε

2045 439 2213 494 fuisse
2257 441 2783 513 Constantinopolim
2843 462 3046 500 novum
3100 446 3421 503 Exusiastt-n
3464 454 3606 519 (quo

2046 534 2265 587 nomine
2317 534 2652 603 signiﬁcatur
2702 539 2746 593 is
2796 539 2997 609 quiest
3023 556 3147 596 cum
3198 554 3484 612 potestate,
3543 564 3607 599 ac

2043 625 2486 694 iurisdictionem
2534 632 2787 697 exercet)
2839 648 2999 702 quem
3052 634 3176 703 ipsi,
3221 637 3314 698 ait,
3369 637 3609 691 Potesta-

2046 726 2157 770 lum
2216 722 2513 777 nominant.
2556 722 2687 777 tiadi
2741 739 2870 779 vero
2912 725 3167 791 Lesclier,
3227 729 3339 782 sive
3387 730 3604 793 [.esker,

2046 810 2317 878 significat
2342 812 2575 877 indicem
2618 830 2960 883 supremum,
2984 818 3075 887 qui
3117 818 3356 875 Arabum
3391 821 3607 875 Μδηνυ.

2046 917 2279 969 rumque
2304 904 2484 972 lingua
2506 907 2705 962 dicitur
2737 907 2868 963 Cadi
2900 909 3071 965 Asker
3102 930 3115 965 :
3148 928 3253 980 qua
3273 928 3405 966 voce
3429 914 3609 967 solent

2048 994 2149 1048 uti.
2176 996 2267 1062 qui
2297 995 2604 1064 elegantius
2628 999 2948 1067 loquuntur,
2989 1004 3183 1073 vulgus
3205 1005 3393 1058 altera.
3440 1004 3609 1060 Erant

2046 1096 2226 1139 autem
2257 1088 2410 1155 prius
2463 1090 2514 1142 in
2564 1091 2822 1145 universo
2874 1094 3180 1148 Turcorum
3244 1096 3610 1165 impcrioduo

2047 1191 2253 1234 tantum
2286 1181 2676 1238 Cadilescberi.
2701 1184 2920 1240 Primus
2941 1185 3227 1251 A‘natoiia‘,
3251 1190 3388 1242 alter
3410 1188 3609 1243 liutne-

2047 1271 2152 1331 lize.
2193 1275 2293 1327 hoc.
2334 1284 2419 1327 est
2469 1273 2747 1330 Romaniae
2791 1276 2872 1330 vel
2914 1276 3162 1346 Europaa.
3195 1278 3299 1332 Sed
3341 1294 3369 1332 a
3414 1278 3611 1333 Selime

2047 1367 2221 1432 primo
2280 1367 2474 1421 tertius
2518 1368 2604 1421 his
2660 1368 2950 1436 adjunctus
2996 1371 3116 1434 fuit,
3184 1386 3303 1441 post
3357 1376 3611 1427 subactos

2047 1459 2273 1526 populos
2318 1460 2579 1527 principis
2628 1461 2938 1520 Aladeulis.
2983 1473 3036 1517 et
3071 1464 3273 1518 sultani
3313 1466 3609 1531 (inirensis,

2050 1550 2295 1605 videlicet
2323 1550 2628 1621 Egyptios.
2660 1552 2848 1623 Syros,
2882 1554 3087 1608 Arabes
3123 1566 3177 1610 et
3228 1559 3610 1612 Armeniorum

2050 1654 2254 1706 partem
2292 1660 2304 1694 :
2340 1660 2457 1708 qua
2480 1646 2729 1711 regiones
2748 1661 2872 1699 cum
2900 1647 3166 1701 latissime
3191 1659 3428 1712 pateant,
3453 1652 3612 1703 etiam

373 1726 516 1791 quod
546 1727 759 1780 Nicelas
788 1729 979 1781 Latine
1008 1746 1221 1796 versus,
1250 1732 1449 1784 Eurum
1485 1732 1707 1786 [luvium
1737 1734 1941 1788 ambire
1971 1715 2017 1775 Β
2048 1732 2193 1785 tcrtii
2228 1732 2386 1802 hujus
2433 1735 2799 1789 Cadilescbcri
2839 1736 3077 1791 cilicium
3125 1741 3349 1806 majoris
3382 1750 3464 1796 est
3497 1759 3615 1794 mo-

374 1822 562 1876 tradit.
598 1837 699 1890 pro
739 1839 847 1887 quo
898 1825 1137 1876 scribere
1171 1824 1352 1877 debuit
1391 1825 1656 1891 interpres
1703 1826 1937 1880 llebrum

375 1911 624 1977 fluvium,
687 1915 844 1979 cujus
904 1932 1102 1969 nomen
1170 1918 1221 1970 in
1282 1919 1530 1985 pluribus
1589 1921 1937 1976 historiarum

378 2002 688 2056 Cra-carum
741 2005 874 2059 locis
919 2006 987 2059 ita
1022 2019 1336 2076 corruptum
1397 2011 1685 2077 reperitur.
1748 2012 1940 2080 Oppidi

381 2094 646 2150 Dimotuci
686 2097 972 2166 appellatio
1015 2115 1081 2153 ne
1121 2101 1280 2153 hodie
1307 2102 1522 2168 quidem
1563 2111 1646 2155 est
1685 2102 1941 2166 obseura,

354 2188 677 2253 'przrsertim
711 2199 929 2257 propter
948 2191 1386 2259 elegantissimos
1420 2194 1693 2255 urceolos,
1749 2195 1840 2264 qui
1874 2195 1942 2249 ab

374 2281 566 2333 incolis
591 2280 879 2345 elaborati,
913 2298 1037 2336 cum
1067 2284 1170 2337 alia
1208 2284 1258 2336 in
1287 2286 1425 2344 loca.
1460 2295 1570 2338 tum
1602 2288 1763 2341 etiam
1806 2287 1945 2341 Con-

374 2375 781 2443 smntinopolim
814 2376 1196 2444 deportantur.
1234 2378 1424 2431 Solent
1460 2380 1603 2431 enim
1627 2395 1692 2434 ex
1723 2379 1803 2434 eis
1832 2389 1942 2434 tam

375 2466 493 2533 ipse
537 2465 842 2520 Turcorum
902 2469 1176 2529 snitanus.
1249 2482 1412 2538 quam
1479 2471 1569 2525 alii
1646 2482 1942 2541 magnates.

377 2574 577 2626 aquam
611 2560 848 2614 haurire.
896 2562 1334 2632 Didymotichum
1371 2566 1577 2618 nowlia
1613 2564 1813 2620 Leonis
1845 2565 1947 2617 im-

379 2652 1159 2722 peratorisTrajanOpolitanze
1182 2656 1382 2709 mantis
1434 2655 1729 2726 Rhodopes
1751 2668 1947 2713 metro-

380 2743 486 2809 poli
518 2743 761 2811 subjicit.
789 2746 1134 2800 Andronicus
1168 2757 1350 2801 autem
1379 2746 1714 2819 Palmologus
1752 2763 1948 2806 secun-

377 2837 486 2888 dus
516 2835 682 2895 huius
734 2837 975 2889 naminis
1034 2837 1350 2904 imperator,
1410 2841 1478 2892 ab
1526 2840 1839 2909 episcopatu
1879 2841 1946 2894 ad

382 2929 700 2998 metropolis
732 2928 1048 2991 dignitatem
1114 2931 1166 2984 in
1215 2932 1421 3001 synodo
1462 2933 1728 2999 provexit.
1756 2932 1949 2988 Vicina

378 3021 843 3090 Didymoticboest
862 3022 1188 3091 Buegosine,
1214 3024 1335 3091 quae
1351 3024 1607 3079 Castaldo
1633 3023 1828 3094 Bcrgas
1842 3032 1947 3090 est,

377 3116 499 3169 aliis
521 3116 682 3183 vulgo
701 3116 922 3185 Bregas.
947 3117 1116 3184 magis
1134 3116 1296 3170 etiam
1319 3118 1537 3174 vitiOSe.
1572 3117 1753 3174 Nostri
1788 3120 1957 3173 comi-

378 3214 459 3260 tes
492 3203 734 3268 Turcici,
760 3222 880 3259 cum
903 3207 1027 3261 istic
1054 3218 1325 3273 essemus,
1351 3207 1558 3277 Burgos
1578 3209 1949 3277 appellabant.

362 3298 651 3351 .Gerartlus
664 3296 928 3351 Mercator
946 3313 1068 3353 cum
1089 3299 1210 3353 aliis
1226 3314 1286 3353 ex
1310 3300 1503 3364 Bergas
1524 3299 1949 3369 facitBergularn

364 3399 431 3441 et
454 3389 706 3459 Bergelcn
722 3389 1022 3453 Ptolenuei,
1050 3388 1340 3459 Bcrgulion
1367 3389 1612 3453 Cedrini,
1632 3391 1960 3447 ctArcad‘to-

385 3482 569 3552 polim.
596 3484 914 3539 Proximum
950 3483 1017 3537 b
1038 3484 1475 3554 hoc.oppidulum
1506 3498 1697 3539 versus
1720 3483 1953 3539 Hadria-

372 3581 622 3648 'nopoiim
658 3582 817 3634 medii
849 3581 953 3632 diei
986 3581 1151 3635 distat
1172 3580 1551 3650 itinere,quod
1579 3579 1719 3633 idem
1747 3578 1954 3633 Castal-

373 3676 483 3727 d'us
500 3674 794 3728 Sitibabam
817 3675 1079 3729 nominat.
1102 3689 1224 3726 cum
1245 3690 1272 3726 a
1320 3671 1515 3727 Turcis
1566 3672 1765 3726 nostris
1809 3671 1962 3727 Eski-

370 3768 516 3824 bella
540 3768 812 3822 diceretur
835 3785 848 3818 :
880 3766 932 3819 id
957 3778 1059 3822 cst.
1083 3765 1224 3819 Baba
1249 3775 1423 3819 vetns.
1446 3764 1783 3818 Soleimanes
1802 3764 1960 3817 bassa

374 3874 716 3917 mortunseo
739 3874 889 3924 casn,
918 3860 1008 3929 qui
1036 3859 1295 3913 recitatur
1317 3859 1368 3912 in
1401 3857 1712 3914 annalibus.
1742 3857 1793 3910 in
1825 3870 1962 3925 pago
2040 3885 2044 3889 ›

384 3969 493 4007 non
541 3956 725 4019 procul
788 3968 814 4003 a
876 3951 1161 4021 Calliupoli
1184 3950 1435 4020 sepultus
1463 3951 1721 4015 traditur,
1742 3949 1827 4001 cui
1861 3963 1962 4000 no-

376 4062 505 4098 men
538 4044 792 4114 Plagiari.
827 4044 901 4097 ne
930 4052 1282 4097 monumento
1329 4052 1507 4095 tamen
1538 4040 1656 4107 eius
1686 4041 1815 4094 nihil
1836 4041 1959 4094 istic

376 4139 772 4199 intelleximus,
794 4137 920 4191 licet
948 4139 1013 4189 ad
1040 4135 1384 4202 Calliupolim
1412 4147 1647 4204 quatuor
1668 4135 1777 4187 i'ere
1795 4133 1961 4202 septi-

382 4234 564 4287 manis
582 4232 933 4285 ltzereremus.
949 4227 1366 4285 Observandum
1386 4226 1435 4279 in
1454 4226 1742 4280 annalibus
1758 4226 1964 4280 mortu-

378 4340 477 4378 um
501 4324 645 4376 hunc
674 4320 1037 4374 Soleimanem
1053 4317 1267 4371 duobus
1286 4324 1411 4369 ante
1428 4332 1489 4386 pa
1499 4325 1631 4370 trem
1654 4314 1960 4370 Urchanem

2048 1825 2215 1877 menti
2240 1841 2399 1893 quam
2444 1827 2803 1895 reliquorum.
2845 1828 3057 1884 Habent
3087 1843 3268 1886 autem
3325 1836 3613 1901 imperium

2047 1913 2414 1970 Cadilescheri
2466 1927 2693 1973 cancros
2758 1920 2811 1973 in
2864 1923 3054 1975 cadios
3108 1924 3222 1978 sive
3274 1926 3509 1992 iudices.
3561 1936 3615 1978 et

2049 2001 2303 2068 Πορκίας.
2343 2017 2397 2059 et
2453 2005 2796 2064 Talismanos
2835 2026 2847 2061 :
2888 2012 3036 2064 velut
3078 2013 3215 2079 apud
3256 2028 3355 2067 nos
3393 2016 3492 2067 sub
3530 2015 3613 2082 ju-

2049 2093 2362 2150 risdirtione
2391 2097 2950 2169 archiepiscoporum,
2983 2104 3242 2171 episcopi,
3290 2107 3612 2175 presbyteri,

2050 2185 2288 2253 diaconi,
2338 2189 2710 2245 continentur.
2772 2191 2935 2246 [idem
2994 2203 3047 2248 et
3110 2195 3443 2250 Cadilicatus
3502 2197 3616 2249 sive

2047 2276 2291 2346 judicum
2353 2277 2525 2335 oilicia
2563 2281 2932 2350 (Potestarias
2962 2284 3077 2339 Itali
3106 2287 3338 2353 vocant)
3388 2287 3617 2340 arbitra-

2052 2377 2108 2420 tu
2134 2385 2235 2423 suo
2260 2370 2512 2425 conierre
2539 2374 2737 2437 solent,
2770 2375 2863 2430 sed
2891 2391 2953 2428 ea
2987 2376 3101 2443 lege
3157 2385 3359 2441 tamen,
3393 2385 3452 2431 ut
3489 2393 3619 2432 con-

2052 2459 2228 2513 stituti
2281 2461 2351 2514 ab
2400 2462 2532 2530 ipsis
2574 2464 2793 2533 judices
2839 2481 2867 2519 a
2935 2467 3151 2522 sultano
3205 2467 3617 2523 conﬁrmentur.

2052 2551 2373 2608 Addendum
2410 2566 2464 2609 et
2493 2557 2614 2620 hoc,
2644 2557 2783 2612 duos
2806 2557 2929 2611 illos
2964 2561 3167 2629 primos
3192 2560 3403 2626 judices
3444 2561 3620 2630 maio-

2054 2659 2142 2696 res
2166 2644 2439 2713 accepisse
2462 2645 2675 2703 Turcos
2698 2665 2725 2701 a
2752 2648 2977 2714 Grmcis,
3009 2666 3245 2719 quorum
3282 2651 3381 2720 (uti
3412 2651 3617 2706 dictmu

2054 2735 2276 2804 s=rpius)
2329 2737 2570 2794 aemulati
2617 2751 2742 2795 sunt
2798 2740 3006 2811 imperii
3069 2751 3306 2796 veterem
3368 2742 3620 2799 formam.
3698 2740 3701 2741 ⁷

2056 2827 2269 2896 Quippe
2303 2828 2478 2884 Grieci
2507 2830 2670 2885 etiam
2714 2832 2960 2888 Dicastas
2990 2834 3104 2887 sive
3121 2834 3334 2904 judices
3366 2835 3627 2889 Anatoles

2056 2928 2109 2973 et
2159 2919 2397 2977 lielladis
2438 2924 2729 2978 habebant.
2755 2926 3015 2995 Adeoque
3048 2942 3240 2996 magna
3279 2926 3448 2983 fuisse
3471 2927 3622 2983 istae

2058 3011 2233 3064 oiIit-ia
2266 3013 2346 3064 vel
2369 3028 2430 3067 ex
2453 3030 2520 3067 eo
2550 3024 2724 3084 paret,
2751 3016 2895 3083 quod
2921 3017 3235 3085 imperatrix
3259 3018 3365 3072 Zoe
3385 3017 3618 3086 iudicem

2063 3102 2375 3157 Graecorum
2432 3103 2623 3160 fecerit
2697 3105 3118 3179 Coxistantinum
3186 3108 3622 3167 Monomacbmn,

2062 3196 2146 3247 cui
2180 3206 2361 3251 tamen
2390 3212 2499 3252 non
2529 3199 2698 3252 multo
2726 3207 2848 3267 post
2878 3197 2991 3269 ipsa
3040 3200 3240 3269 nupsit,
3297 3208 3351 3254 et
3378 3214 3479 3268 per
3529 3214 3630 3252 nu-

2063 3290 2203 3356 ptias
2228 3289 2516 3358 imperium
2542 3291 2784 3356 tradidit,
2815 3292 2956 3345 sicut
2986 3292 3037 3344 in
3070 3291 3187 3361 ejus
3220 3294 3329 3346 vita
3361 3291 3632 3347 Cedrinus

2062 3381 2299 3447 scripsit.
2338 3380 2483 3434 idem
2555 3383 2609 3435 in
2677 3381 3145 3452 Paralipomenis.
3206 3399 3327 3453 qua:
3395 3384 3625 3437 necdum

2066 3454 2328 3526 habemus
2353 3473 2518 3535 edita,
2561 3473 2760 3542 judicis
2808 3474 3063 3529 Hellados
3110 3476 3252 3543 (quze
3288 3474 3492 3529 Graecia
3523 3474 3630 3541 est)

2064 3578 2127 3617 ac
2157 3563 2533 3634 Peloponnesi,
2553 3576 2827 3635 .tanquam
2853 3581 3049 3636 magno
3077 3566 3284 3636 praediti
3308 3565 3483 3621 cilicio
3508 3568 3623 3622 sive

2064 3654 2342 3721 dignitate,
2386 3656 2650 3710 meminit.

2206 3746 2294 3801 30.
2325 3747 2573 3812 Scaeln’n,
2603 3748 2687 3803 Sis
2717 3750 2986 3818 oppidum,
3026 3750 3247 3804 Meritza
3278 3753 3497 3819 ﬂumen.

2135 3840 2236 3905 Qui
2277 3839 2473 3895 Turcis
2519 3843 2606 3895 hic
2648 3842 2774 3896 Lala
2831 3843 3086 3905 Scaeliin,
3132 3843 3386 3898 Laonico
3438 3844 3632 3898 Salues

2064 3941 2317 3986 vocatur.
2352 3934 2416 3986 Et
2460 3936 2719 4002 praedicat
2754 3951 2878 3988 eum
2929 3937 3082 3988 valde
3136 3935 3429 3999 Laonicus,
3488 3937 3631 4003 opti-

2068 4042 2327 4094 mumque
2358 4028 2536 4081 virum
2561 4028 2817 4095 appellat.
2848 4025 3108 4091 Quantam
3141 4043 3269 4079 vero
3296 4028 3365 4079 sit
3395 4027 3481 4081 illa
3516 4026 3631 4091 Sis.

2070 4120 2230 4187 t‘lljlls
2259 4130 2433 4184 captae
2464 4117 2522 4171 iit
2547 4124 2751 4175 mentio
2781 4120 3092 4173 videndum.
3118 4119 3279 4172 Ponit
3313 4118 3512 4172 Marius
3537 4119 3634 4172 Ni-
3725 4164 3729 4167 .

2066 4225 2159 4279 ger
2202 4211 2255 4265 in
2284 4208 2514 4265 Thracia
2558 4210 2902 4278 Sissopolim,
2954 4225 3075 4280 quae
3115 4211 3247 4264 etim
3289 4211 3431 4267 tlieta
3476 4208 3639 4263 fuerit

2068 4302 2386 4370 Apollonia;
2447 4300 2602 4371 ponit
2631 4311 2685 4355 et
2711 4300 2934 4355 Pmetus
2985 4304 3037 4354 in
3081 4302 3389 4355 Macedonia
3454 4304 3638 4355 Sisso-

389 4416 671 4471 mensibus
702 4433 713 4466 :
740 4415 825 4466 cui
853 4412 995 4466 iilius
1022 4409 1260 4463 Murates
1276 4417 1401 4462 natu
1428 4408 1626 4473 minor,
1652 4424 1758 4461 non
1792 4408 1954 4465 Solei-

2074 4395 2260 4466 polita,
2285 4410 2409 4463 qua;
2442 4394 2719 4449 veteribus
2746 4392 2910 4447 fuerit
2977 4394 3261 4462 Apdlionia
3320 4392 3637 4447 Taulantio—

394 4522 579 4562 manes
599 4506 884 4559 successit.
903 4501 1035 4557 Nam
1054 4502 1300 4572 plerique
1315 4500 1674 4554 Soleimanem
1690 4504 1833 4554 inter
1850 4501 1962 4555 sul-

395 4609 554 4653 tanos
576 4598 840 4661 referunt,
869 4606 921 4650 et
945 4596 1177 4665 primum
1214 4593 1376 4659 huius
1410 4594 1648 4648 nominis
1678 4592 1907 4649 faciunt.

460 4688 552 4745 29.
573 4689 817 4756 Belezug,
844 4687 1051 4751 Chelili,
1072 4686 1428 4749 Cadilesclzer,
1461 4696 1508 4739 et
1546 4683 1677 4740 Catii
1695 4685 1872 4740 Asker.

469 4782 726 4852 Beleznga
764 4781 917 4835 locus
941 4787 1024 4833 est
1053 4779 1340 4839 Anatoliae,
1381 4777 1470 4832 cui
1498 4792 1692 4833 nomen
1740 4794 1769 4831 a
1802 4794 1964 4848 quer-

396 4885 535 4928 et-to.
562 4873 846 4943 Signiﬁcat
871 4872 1015 4925 enim
1052 4885 1153 4924 vox
1184 4870 1297 4938 ipsa
1333 4870 1578 4924 novellas
1616 4886 1875 4940 quercus,
1906 4881 1961 4923 ut

400 4967 713 5019 adnotatum
743 4978 931 5033 supra,
957 4976 1186 5016 numero
1234 4962 1319 5016 i9.
1354 4960 1622 5015 Zenderlu
1678 4960 1850 5015 Chelil
1886 4970 1968 5013 ρει

402 5060 449 5112 is
510 5057 602 5125 qui
665 5056 813 5110 edito
867 5053 1316 5121 Cbalcccondylm
1375 5062 1627 5123 corrupta
1695 5055 1966 5122 scriptura

400 5149 643 5201 Cliatites
668 5145 991 5215 appellatur,
1034 5161 1131 5214 pro
1178 5144 1434 5209 Cbaliles,
1476 5145 1619 5213 quod
1669 5145 1715 5197 ei
1773 5158 1966 5196 mnneu

402 5250 487 5293 est
522 5239 660 5307 apud
692 5240 1007 5309 Gregoram.
1056 5238 1127 5292 Ex
1179 5254 1244 5291 eo
1293 5238 1383 5307 qui
1424 5235 1599 5291 iialim
1637 5237 1766 5290 facit
1798 5222 1967 5289 inter-

402 5348 529 5401 pres
578 5331 820 5393 Laonici,
891 5342 1077 5385 errat:
1113 5346 1239 5383 cum
1285 5329 1495 5382 diversa
1551 5330 1707 5396 plane
1749 5329 1968 5381 nomina

406 5425 515 5479 sint
536 5422 708 5478 Cho'lil
729 5432 783 5475 et
807 5423 909 5477 Ali.
941 5422 1052 5477 Vox
1094 5421 1226 5477 Catii
1258 5420 1455 5476 Turcis
1481 5421 1720 5489 judicent
1763 5421 1971 5490 signiti-

402 5527 516 5582 cat,
546 5518 636 5585 qui
663 5517 727 5569 de
753 5516 935 5571 causis
963 5514 1289 5580 litigantium
1316 5513 1499 5582 aliquo
1529 5512 1583 5565 in
1618 5511 1837 5580 oppido,
1887 5512 1972 5565 vel

409 5611 565 5671 urbe,
609 5609 687 5663 vel
723 5608 997 5678 provincia
1024 5607 1322 5675 cognoscit.
1359 5604 1414 5658 In
1464 5603 1614 5659 Italia
1645 5612 1972 5671 potestatum

410 5712 649 5768 vocant,
706 5702 859 5770 cujus
913 5702 1070 5756 cilicii
1132 5700 1459 5754 mentionem
1512 5704 1709 5769 pra'tor
1754 5696 1975 5752 Graecia:

2060 4503 2217 4542 rum.
2250 4485 2439 4541 Utrius
2460 4484 2737 4555 sitopiuio
2764 4483 2984 4548 melior,
3035 4485 3137 4553 ipsi
3178 4483 3429 4537 viderint.
3471 4483 3633 4550 F.un

2067 4579 2191 4633 dem
2216 4589 2471 4635 neutram
2549 4580 2739 4633 barum
2776 4577 2949 4647 accipi
3008 4577 3075 4631 de
3102 4574 3192 4630 Sis
3225 4575 3424 4645 Oppido
3480 4590 3640 4643 posse

2050 4682 2222 4741 puto,
2271 4687 2396 4727 cum
2445 4672 2747 4741 SissOpolis
2796 4670 3048 4730 Thracias
3097 4684 3292 4724 versus
3342 4667 3637 4732 Euxinum,

2048 4765 2213 4823 .band
2255 4765 2444 4832 procul
2468 4764 2536 4818 ab
2558 4763 2842 4825 Anchialo.
2882 4778 3045 4832 quam
3079 4776 3227 4816 nunc
3255 4762 3460 4815 Achelo
3487 4759 3637 4813 Gm-

2068 4853 2118 4908 ci
2178 4863 2373 4908 vocant
2421 4855 2755 4909 collocetur:
2821 4852 3135 4907 Macedonia
3197 4867 3324 4906 vero
3383 4851 3641 4906 remotior

2054 4949 2231 5003 etiam
2263 4948 2333 5001 sit
2355 4948 2422 5001 ab
2446 4947 2550 5001 illis
2576 4947 2734 5011 locis,
2751 4962 2872 5015 qua:
2893 4946 3021 5001 huic
3042 4947 3286 5016 proxima
3309 4953 3641 5002 statuuntur,

2055 5042 2329 5102 ,nimirum
2377 5055 2407 5094 a
2454 5037 2693 5095 Tzurulo
2758 5049 2813 5095 et
2866 5039 3190 5109 Burgosiue.
3249 5039 3430 5094 Restat
3481 5039 3647 5105 igitur

2050 5142 2131 5185 snt
2154 5131 2301 5185 aliud
2328 5131 2409 5185 bis
2430 5130 2663 5185 vicinius
2687 5130 2944 5199 oppidum
2996 5146 3329 5199 qureramus,
3357 5130 3499 5197 quod
3557 5128 3645 5180 Sis

2073 5223 2351 5281 annalium
2411 5223 2499 5276 sit.
2557 5222 2669 5277 lloc
2724 5238 2853 5275 vero
2885 5222 3039 5275 nobis
3100 5232 3368 5273 monstrat
3424 5218 3646 5273 Cra-cite

2073 5325 2275 5386 printer
2303 5330 2422 5369 esse
2445 5314 2685 5377 Cissum,
2718 5329 2825 5367 non
2859 5316 3047 5382 procul
3086 5328 3114 5365 a
3163 5310 3402 5365 Tzurulo
3458 5311 3644 5371 situm,

2074 5410 2301 5463 sicutcx
2337 5408 2421 5460 his
2450 5406 2628 5460 verbis
2654 5406 2774 5472 ejus
2801 5414 3057 5473 apparet:
3131 5403 3286 5471 Cepit
3356 5405 3649 5471 imperator

2074 5499 2237 5571 5.13
2267 5498 2505 5554 Joannes
2529 5496 2708 5550 Ducas
2732 5495 2981 5549 Vatatzcs
3013 5504 3066 5549 et
3090 5494 3311 5549 Cissum
3342 5495 3649 5558 caStellum,

2077 5602 2326 5661 etusquc
2380 5589 2445 5642 ad
2494 5604 2616 5643 eum
2644 5586 2893 5648 ﬂuvium,
2937 5601 3100 5655 quem
3128 5586 3319 5655 vulgus
3368 5585 3648 5639 Maritznm

2078 5696 2254 5751 vocat,
2327 5683 2524 5737 limites
2552 5680 2846 5736 (OllSlilllll.
2876 5679 3084 5736 Potitus
3113 5693 3185 5735 cst
3233 5690 3285 5735 ct
3317 5689 3496 5733 monte
3550 5677 3647 5735 Tu-

2068 5775 2094 5791 Γ
