4048 6208
546 209 649 273 759

1745 239 2068 301 JOANNIS
2098 248 2560 307 LEUNCLAVH

3657 264 3755 327 760

538 342 703 393 gano,
731 338 783 383 et
807 333 1120 401 oppidulum
1156 338 1208 392 iu
1250 355 1314 393 eo
1336 344 1575 400 condidit
1616 368 1627 399 :
1661 366 1770 415 quo
1821 352 2101 409 Nicolaum
2138 367 2174 417 Α
2211 359 2386 424 panis,
2424 360 2514 427 qui
2562 362 2600 415 ἡ
2660 362 2924 425 scribunt,
2963 364 3233 421 l'arniliari.
3265 350 3407 422 inter
3456 375 3749 441 mrtropolcs

538 418 780 441 DA.._A,.LA
892 427 943 441 II
1086 430 1121 441 .A
1411 436 1460 441 --

537 418 825 478 Cotertzcn
857 427 1146 494 ablegavit,
1178 443 1232 484 ut
1266 436 1528 492 excubias
1568 440 1761 494 ihidem
1795 459 1996 514 ageret,
2051 460 2104 503 et

544 511 750 569 Latinis
776 517 915 571 intra
946 518 1239 575 Tzurulum
1265 528 1583 595 degentibus
1608 536 1820 602 negotia
1870 538 2103 595 facesse-

541 613 652 659 tet:
687 611 828 671 quod
856 613 1073 678 quidem
1096 617 1350 682 Oppidum
1372 621 1593 678 Tzuruli
1624 643 1728 681 non
1756 647 1947 701 magno
1972 645 2103 687 lem-

540 711 667 761 pore
697 699 975 768 interjecto
999 703 1258 763 Romanis
1283 727 1310 764 a
1333 717 1503 783 copiis
1525 718 1575 770 in
1596 699 1912 787 potestatem
1942 727 2102 779 reda-

536 796 680 840 ctum
709 788 827 844 iuit.
863 790 1072 856 Quibus
1101 798 1154 851 in
1184 801 1362 854 verbis
1391 804 1565 860 obiter
1581 820 1632 862 et
1658 809 1892 867 Maritzae
1919 814 2099 869 ﬂumi-

534 878 618 932 nis
642 882 845 937 mentio
883 885 960 947 iit,
1000 889 1142 956 quod
1170 894 1349 945 statim
1383 896 1469 948 hic.
1523 900 1573 951 in
1604 901 1903 959 Annalibus
1936 910 2095 964 etiam

532 972 818 1038 reperitur,
881 990 933 1031 et
984 995 1014 1034 a
1072 981 1264 1038 Turcis
1330 986 1545 1044 Meritza
1588 996 1918 1053 nominatur.
1990 1002 2094 1056 Sed

531 1074 728 1126 pra'tor
751 1069 913 1134 paulo
940 1081 1080 1139 post.
1108 1075 1221 1130 hrec
1261 1079 1327 1131 de
1382 1070 1607 1138 Maritza
1660 1089 1913 1158 subjicit:
1963 1095 2094 1150 «Alii

529 1155 685 1210 sedes
732 1164 1139 1223 constituebant
1191 1187 1381 1227 versus
1438 1176 1721 1236 inferiores
1792 1195 1989 1251 partes,
2042 1198 2094 1243 et

527 1262 651 1301 cum
679 1249 924 1318 ﬂuvium,
949 1274 1110 1327 quem
1132 1262 1312 1332 lingua
1340 1268 1599 1338 vulgaris,
1630 1284 1685 1326 ut
1710 1286 1865 1330 antea
1887 1279 2089 1333 dictum

527 1354 631 1406 est,
670 1342 965 1403 Maritzam
1010 1365 1186 1410 vocat.
1228 1376 1245 1408 ι
1281 1358 1487 1428 Reapse
1515 1364 1729 1432 quidem
1781 1368 1826 1422 is
1884 1368 2092 1427 Hebrus

526 1439 721 1501 estqui
753 1453 940 1495 versus
963 1440 1161 1499 ,λΕιιιιιιι
1215 1451 1474 1517 oppidum
1535 1469 1853 1523 excurrens,
1890 1462 2086 1518 ibidem

525 1525 579 1576 in
616 1524 861 1595 Αὲεάῖιιιιι
896 1547 955 1585 se
991 1536 1212 1604 pelagus
1242 1539 1488 1596 eil‘undit.
1536 1544 1638 1599 Sed
1668 1549 1791 1616 quia
1824 1566 1946 1603 cum
1987 1553 2089 1608 hoc

525 1624 578 1665 et
609 1615 696 1668 alii
722 1633 780 1673 se
803 1621 1138 1692 coniungunt
1167 1642 1376 1692 amnes,
1429 1647 1493 1686 ac
1526 1615 1784 1706 majorem
1825 1638 2086 1703 efﬁciunt,

2208 451 2288 504 vel
2321 451 2828 521 archiepiscopatus
2871 454 3113 512 Thracia:
3162 458 3393 513 rclertur
3445 462 3511 514 ab
3541 464 3749 532 impera-

2207 551 2323 597 tore
2348 543 2526 599 Leone
2556 547 2607 599 in
2627 545 2842 601 Novella
2887 547 2952 603 de
2985 550 3239 606 Thronis.
3278 548 3523 621 Virgilius
3572 566 3619 608 et
3666 560 3747 612 alti

2205 634 2491 691 JEnumab
2520 638 2693 694 Aﬁnea
2755 651 2875 709 post
2898 642 3168 697 excidium
3218 644 3394 714 Troia:
3420 646 3677 702 conditam
3700 649 3748 703 in

2205 725 2457 793 Thracia,
2482 730 2667 799 sicque
2708 734 3035 787 nominatam
3057 734 3123 788 ab
3142 734 3327 788 eodem
3376 748 3615 793 narrant.
3633 736 3752 793 Pro-

2202 821 2531 888 pterJEnum
2551 824 2747 880 ﬂuvius
2771 825 2987 879 Mcritza
3014 827 3091 880 vel
3122 825 3327 883 llebrus
3352 829 3404 882 in
3430 845 3575 885 mare
3597 844 3751 888 semet

2201 925 2480 980 exonerat,
2516 917 2592 970 uti
2627 917 2783 986 paulo
2805 929 2930 972 ante
2959 921 3163 974 dictum
3206 936 3267 975 ex
3297 932 3527 990 praetore
3560 935 3747 980 nostro.

2204 1003 2479 1074 Principes
2511 1008 2806 1073 aliquando
2869 1010 3176 1067 Catelusios
3226 1012 3500 1070 Genuates
3556 1015 3747 1081 habuit.

2198 1099 2341 1153 sicut
2366 1113 2416 1154 et
2444 1100 2650 1156 Lesbus
2676 1104 2851 1158 insula
2877 1105 2965 1174 (de
2986 1107 3185 1175 quibus
3212 1106 3353 1162 infra
3378 1108 3615 1164 dicemus
3638 1125 3743 1180 cap.

2199 1191 2348 1259 158),
2377 1209 2497 1247 cum
2525 1194 2597 1247 illi
2635 1210 2663 1248 τι
2697 1194 2907 1252 civibus
2953 1199 3201 1254 arcessiti
3241 1199 3573 1269 temporibus
3598 1200 3747 1270 impe-

2198 1295 2440 1339 ratorum
2472 1287 2783 1343 Grmcorum
2812 1289 2953 1344 inter
2982 1306 3041 1343 se
3088 1290 3445 1355 discordium,
3501 1293 3641 1347 urbis
3665 1293 3745 1344 de-

2198 1375 2500 1431 fensionem
2532 1381 2922 1449 suscepissent,
2955 1382 3099 1436 sicut
3120 1384 3262 1452 apud
3320 1383 3744 1453 Laonicumlegi-

2195 1476 2304 1523 tur.
2336 1470 2621 1527 Castaldus
2651 1473 2784 1529 Euio
2817 1476 3059 1542 scripsit,
3116 1477 3259 1546 quod
3300 1477 3511 1532 duabus
3538 1479 3615 1545 (ut
3644 1476 3745 1546 opi-

2195 1560 2339 1629 nor),
2366 1562 2589 1632 syllabis
2624 1567 3041 1623 enuntiandum.
3082 1570 3352 1624 Antonius
3381 1568 3651 1625 Boniiuius
3697 1570 3743 1624 in

2194 1652 2436 1707 historiis
2471 1658 2748 1723 ungaricis
2774 1660 3087 1727 corruptius
3123 1661 3319 1715 Eniam
3379 1662 3607 1726 vocavit,
3635 1677 3742 1715 eum

526 1706 736 1764 idcirco
767 1728 964 1770 nomen
1009 1719 1167 1773 etiam
1200 1722 1342 1790 apud
1379 1727 1594 1782 accolas
1641 1741 1832 1785 mutat.
1889 1732 2091 1788 Flumi-
2122 1724 2161 1779 Β
2194 1756 2337 1798 anno
2377 1744 2512 1800 M69
2542 1706 2823 1802 Ricolaum
2884 1706 3137 1805 Carnalem
3190 1751 3506 1821 praelectum
3546 1752 3743 1807 Veneta:

528 1816 595 1853 na
630 1817 777 1865 vero,
812 1822 931 1875 quae
963 1819 1161 1877 praetor
1182 1815 1250 1867 ab
1278 1815 1455 1872 llebro
1492 1819 1605 1873 sive
1641 1821 1861 1878 Maritza
1916 1826 2085 1897 recipi

525 1909 942 1968 commemorat,
969 1903 1071 1958 alia
1104 1920 1208 1960 non
1236 1919 1320 1964 est
1374 1925 1596 1967 necesse
1626 1918 1919 1980 recenseri,
1943 1921 2085 1987 quod

523 1986 769 2047 Turcicis
799 1997 997 2050 nostris
1022 1997 1359 2058 illustrandis
1386 2019 1492 2057 non
1529 2009 1805 2075 serviant;
1849 2013 1939 2065 sed
1978 2014 2086 2068 duo

524 2091 733 2137 tantum
766 2091 1036 2154 prretcrire
1068 2093 1282 2147 silentio
1310 2112 1414 2148 non
1458 2114 1695 2165 possum,
1722 2117 1840 2169 qua:
1860 2100 2080 2158 Hadria-

523 2177 702 2243 nopoli
732 2192 789 2231 se
812 2179 864 2232 in
901 2182 1139 2237 llehrum
1176 2199 1496 2243 exonerant.
1524 2188 1699 2247 Unius
1746 2193 1950 2249 ﬂuvioli
1983 2212 2083 2251 no-

524 2281 644 2319 men
665 2276 747 2321 est
777 2268 974 2336 llarda,
1013 2288 1111 2327 nec
1145 2276 1293 2341 olim,
1329 2294 1430 2333 nec
1461 2281 1622 2338 hodie
1651 2285 1915 2342 celebris:
1951 2289 2081 2344 alte-

521 2358 634 2412 rius
700 2360 900 2426 Tunsu,
956 2365 1113 2434 cujus
1182 2367 1431 2425 faciunda
1490 2371 1592 2427 l'uit
1655 2378 1879 2442 mentio,
1937 2381 2077 2448 quod

519 2449 984 2524 Chalcocondyles
1026 2472 1169 2527 saepe
1194 2459 1480 2516 Taenarum
1524 2466 1786 2528 nominet,
1820 2470 1962 2524 sicut
2011 2488 2076 2526 ex

515 2542 623 2597 vita
665 2543 1020 2604 Muchemetis
1078 2549 1142 2616 ll,
1205 2568 1362 2623 quem
1424 2554 1809 2629 lladi'ianopoli
1876 2562 2076 2633 regiam

514 2637 699 2691 sedem
736 2640 873 2694 ultra
906 2642 1213 2710 Taenarum,
1246 2664 1353 2718 qua
1386 2648 1626 2707 Hebrum
1668 2654 1927 2722 illabitur,
1962 2674 2078 2711 mu-

517 2728 720 2783 nivisse
746 2732 972 2799 scribit;
994 2745 1128 2790 etex
1162 2738 1403 2807 allegatis
1458 2758 1649 2813 supra,
1675 2762 1827 2800 num.
1852 2746 1943 2812 24,
2000 2749 2079 2802 vi-

514 2819 641 2873 dere
669 2831 769 2875 est.
807 2823 1015 2895 Quippe
1061 2828 1323 2887 Taenarus
1378 2832 1573 2891 ﬂuvius
1623 2837 1762 2891 idem
1820 2852 1903 2893 est
1949 2856 2072 2895 cum

515 2909 717 2974 Tunsa,
774 2915 1090 2987 videturque
1148 2937 1538 2995 nonnunquam
1610 2928 1820 2984 Taenari
1878 2948 2073 2987 nomen

517 3018 735 3061 manere
751 3007 983 3073 ﬂumini,
1000 3013 1202 3068 abolita
1221 3016 1384 3071 Hebri
1409 3021 1792 3088 appellatione,
1812 3026 1876 3081 ad
1903 3026 2070 3095 ipsam

2194 1839 2384 1893 classis
2408 1839 2597 1895 Euiam
2624 1842 2870 1900 Thracia}
2908 1847 3095 1901 urbem
3135 1847 3409 1917 direptam
3458 1848 3743 1904 incendisse

2189 1930 2374 1985 tradit.

2529 2049 2619 2101 55.
2652 2047 2880 2120 Zagora,
2921 2053 3182 2117 Debellus,
3218 2055 3441 2111 Pltilibe.

2258 2160 2459 2228 Zagora
2533 2161 2778 2221 Thracia:
2837 2169 2985 2232 prius
3012 2172 3668 2240 appellabaturliehcltus,
3690 2182 3742 2229 ut

2182 2263 2265 2307 est
2295 2254 2433 2322 apud
2456 2254 2750 2311 Cedriuum
2786 2267 2837 2313 et
2868 2260 3155 2318 Zonaram.
3211 2264 3418 2321 Dehelti
3475 2269 3738 2337 episcopa-

2154 2341 2157 2343 “
2185 2355 2297 2398 tum
2324 2345 2434 2399 Leo
2467 2347 2695 2417 Sapiens
2729 2351 3023 2420 imperator
3066 2355 3117 2408 in
3162 2354 3387 2412 Novella
3434 2361 3497 2414 de
3525 2360 3738 2416 Thronis

2182 2440 3021 2512 metropoliHadrianopolitanze
3059 2450 3256 2503 montis
3306 2451 3471 2505 Haemi
3507 2453 3730 2518 subiicit.

2180 2529 2238 2583 In
2282 2531 2563 2586 historiam
2614 2533 2886 2592 Sitneonis
2918 2540 3159 2606 magistri
3225 2542 3525 2597 olliciorum
3567 2560 3737 2599 inanti-

2177 2622 2375 2691 scripta
2454 2624 2679 2694 legitur,
2743 2625 3107 2683 Iustinianum
3166 2630 3533 2689 Rinotutctum
3587 2635 3738 2703 impe-

2179 2721 2414 2767 ratorem
2498 2717 2806 2776 restitutum
2874 2735 3037 2787 opera
3111 2721 3361 2778 Terhclis
3408 2725 3733 2793 Bulgarorum

2175 2804 2454 2872 principis,
2488 2806 2534 2858 ei
2566 2822 2687 2861 cum
2710 2810 2811 2863 alia
2841 2811 2978 2867 dona
3019 2813 3254 2874 dedisse.
3289 2824 3408 2870 tum
3440 2816 3731 2870 defalcatam

2175 2896 2243 2948 ab
2281 2896 2508 2964 imperio
2539 2896 2786 2954 Romano
2825 2903 3267 2975 regionem,quae
3340 2917 3518 2975 postea
3575 2907 3730 2974 Zago-

2177 2992 2257 3044 ria
2297 2993 2439 3047 dicta
2494 2994 2678 3055 fuerit,
2710 2998 3088 3065 possidendam
3132 3004 3504 3058 concessisse.
3566 3004 3729 3057 Dcvel-

513 3096 713 3153 xEnum
740 3115 917 3170 usque
943 3103 1240 3175 civitatem,
1273 3109 1362 3165 tibi
1392 3087 1529 3166 mari
1555 3110 1741 3184 )Egzeo
1789 3087 2070 3174 miscetur.
2104 3101 2149 3163 (ἶ
2182 3094 2290 3143 ms“
2317 3100 2482 3149 quam
2534 3087 2714 3167 adh—uc
2748 3090 2840 3184 ,i'a
2898 3090 3067 3145 Gmci
3110 3105 3338 3161 mean"
3367 3098 3477 3152 sive
3522 3096 3725 3163 zagm’

515 3188 752 3246 llehrum
768 3194 1002 3264 denique
1028 3198 1265 3254 Valizam
1288 3202 1445 3257 nemo
1459 3214 1638 3271 vocat,
1659 3223 1758 3262 nec
1777 3206 2069 3276 Mazeram,

510 3291 570 3335 ut
594 3283 978 3340 existimarunt
1004 3288 1259 3346 Nicolaus
1283 3291 1611 3361 Nicolaidcs,
1639 3310 1689 3352 et
1732 3298 2023 3356 Otivarius.

846 3417 935 3474 51.
975 3418 1169 3487 Ypsala
1210 3424 1451 3483 Thracia:
1480 3432 1747 3501 oppidum.

579 3531 709 3589 Post
764 3546 976 3604 captam
1040 3537 1479 3611 Didymotichum
1543 3548 1763 3605 tradunt
1806 3552 2066 3618 Annales,

512 3623 736 3679 Chazim
784 3625 924 3681 Elim
985 3629 1178 3700 bcgum
1214 3649 1407 3691 versus
1439 3636 1692 3704 Ypsalam
1739 3657 1862 3697 cum
1897 3647 2069 3715 cepiis

509 3717 833 3782 pet-rexisse.
871 3719 1009 3777 lluic
1061 3724 1266 3778 nomini
1318 3728 1656 3786 simillimum
1705 3744 1788 3789 est
1819 3736 2068 3807 Cypsala,

505 3810 648 3877 quod
678 3813 932 3882 oppidum
963 3816 1033 3870 ab
1064 3819 1336 3873 Antonino
1360 3820 1411 3874 in
1426 3820 1657 3881 Thracia
1678 3841 2068 3887 commemora-

504 3911 613 3959 tur.
651 3904 752 3959 Alii
779 3908 1011 3978 cypsella
1036 3909 1302 3972 scribunt,
1344 3914 1420 3967 uti
1456 3914 1653 3985 legitur
1680 3920 1923 3976 etiamin
1960 3923 2066 3977 No.

503 3996 638 4051 wlla
660 3997 856 4055 Leonis
876 4003 1104 4073 Augusti
1123 4003 1189 4057 de
1209 4003 1464 4061 Thronis.
1484 4005 1602 4063 Non
1629 4015 1813 4080 procul
1838 4016 1908 4070 ab
1926 4016 2067 4073 ιΕιιο

502 4088 725 4145 civitate
746 4093 1065 4159 collocatur,
1092 4094 1158 4149 de
1185 4111 1291 4166 qua
1323 4113 1445 4153 mox
1467 4099 1661 4156 dicturi
1688 4118 1897 4161 sumus.
1923 4108 2068 4180 Ωιι]-

501 4182 650 4248 psala
702 4182 981 4253 Saphiano
1026 4188 1246 4254 dicitur,
1300 4189 1585 4262 Cbap‘silar
1648 4194 1908 4266 Bellonio,
1971 4203 2065 4272 qui

508 4276 653 4330 haud
722 4277 839 4333 scio
876 4293 946 4333 an
1008 4295 1117 4333 non
1186 4292 1353 4348 erret,
1408 4285 1770 4345 similitudine
1828 4295 2063 4351 nominis

496 4367 708 4437 Cliapse
728 4372 811 4426 vel
847 4371 1105 4443 Chapbse
1152 4376 1436 4446 deceptus,
1497 4382 1588 4450 qui
1630 4382 1779 4440 vicus
1835 4386 2063 4457 exiguus

2175 3178 2320 3246 quod
2358 3179 2406 3233 ei
2446 3195 2636 3235 nomen
2662 3183 2876 3251 Bulgari
2937 3186 3264 3248 tribuerunt.
3318 3190 3565 3243 milliario
3589 3204 3725 3244 sexa-

2173 3271 2381 3338 gesimo
2417 3272 2485 3326 ab
2519 3272 2901 3343 lladrianopoli
2950 3278 3135 3333 distat.
3162 3278 3381 3336 Philibe
3410 3296 3530 3337 vero
3552 3279 3725 3336 Turcis

2172 3373 2253 3415 est
2289 3360 2682 3434 PhilippOpolis
2711 3367 2976 3431 Tliracitc,
3031 3368 3252 3425 Debelto
3315 3372 3399 3426 vel
3423 3371 3629 3441 Zagorae
3657 3370 3725 3423 ri-

2176 3452 2300 3506 cina
2332 3469 2346 3505 :
2377 3468 2539 3523 quam
2568 3456 2754 3511 urbem
2782 3458 2931 3527 quia
2984 3458 3232 3531 Philippo
3283 3463 3589 3526 Macedone,
3622 3458 3719 3515 Ma-

2175 3544 2266 3614 gui
2302 3547 2592 3601 Alexandri
2622 3557 2795 3618 patre,
2844 3553 3120 3608 conditam
3168 3570 3290 3610 cum
3364 3557 3521 3627 vulgo
3554 3550 3719 3609 existi-

2170 3646 2341 3701 mant,
2373 3636 2656 3693 falluntur.
2701 3637 2834 3693 Nam
2859 3640 3092 3713 Philippi
3144 3644 3292 3701 ϐάθεα
3307 3648 3382 3704 ris
3403 3664 3528 3717 Opus
3553 3651 3715 3707 est,ul

2169 3727 2290 3781 alia:
2316 3728 2623 3797 complures
2643 3732 2694 3783 in
2719 3729 2949 3788 Thracia
2972 3735 3216 3791 civitates
3236 3739 3313 3792 ab
3331 3736 3714 3810 imperatoribus

2170 3818 2323 3874 fuere
2344 3820 2754 3889 conditaquod
2780 3823 2891 3893 ipsa
2933 3842 3148 3896 quoque
3175 3832 3398 3885 nomina
3452 3836 3713 3890 testantur,

2169 3919 2230 3965 ιιι
2265 3910 2642 3982 TrajanOpolis
2681 3917 2881 3971 montis
2902 3916 3213 3988 Rhodopes,
3244 3930 3308 3976 ιιι
3327 3918 3712 3989 Hadrianopolis

2167 4001 2337 4057 literni
2386 4006 2607 4070 montis,
2638 4015 2696 4061 ut
2742 4009 3137 4079 Arcadiopolis,
3180 4021 3239 4065 ut
3276 4011 3706 4081 Anastasiopoiis.

2166 4093 2331 4167 414
2349 4093 2422 4152 De
2441 4094 2798 4169 Philippopoli
2816 4116 2944 4156 vero
2964 4118 3220 4172 expresse
3236 4108 3491 4177 scriptum
3511 4108 3589 4162 his
3606 4122 3709 4160 ver-

2166 4186 2251 4241 bis
2274 4189 2451 4257 reperi
2469 4189 2699 4258 quodam
2734 4191 2787 4245 in
2824 4191 3066 4249 historiae
3089 4193 3292 4251 Graecae
3316 4200 3471 4265 libro,
3488 4198 3633 4267 cujus
3658 4205 3706 4250 et

2176 4278 2533 4349 principium,
2573 4292 2627 4337 et
2655 4298 2852 4340 nomen
2887 4288 3127 4343 auctoris
3178 4291 3431 4357 perierat,
3462 4306 3576 4344 cum
3615 4304 3705 4345 cae-

2167 4370 2384 4437 teroqui
2411 4370 2576 4425 multa
2602 4372 2742 4426 scitu
2780 4374 2944 4443 digna
3006 4379 3313 4434 contineret
3374 4398 3388 4434 :
3450 4381 3704 4448 Philippus

497 4464 662 4516 estin
698 4464 1034 4534 itinere,quo
1088 4468 1554 4541 Constantinopoli
1614 4473 2049 4544 Didymotichum
2091 4458 2135 4515 θ
2167 4462 2460 4528 ίωβθτθίθτ
2488 4463 2676 4517 “mem
2713 4465 2765 4519 i"
2825 4466 3039 4537 Eump“
3094 4471 3359 4537 θοθδίδίί»
3413 4488 3567 4542 (1³³⁸⁸³
3591 4470 3701 4525 Phi'

499 4556 627 4618 itur,
667 4566 723 4609 ut
750 4556 886 4610 infra
921 4560 1133 4625 parebit
1167 4560 1218 4614 in
1260 4570 1507 4619 extremo
1532 4564 1767 4633 Bajazite
1797 4572 2061 4626 secundo.

497 4647 665 4702 Distat
683 4650 842 4704 etiam
860 4652 929 4706 ab
947 4651 1348 4720 Hadrianopoli,
1365 4670 1470 4725 qua
1490 4657 1784 4729 Selybriam
1803 4662 2060 4731 tenditur,

494 4756 603 4795 non
641 4758 836 4812 magno
862 4744 1054 4798 itinere
1086 4745 1283 4800 diurno
1311 4749 1580 4817 quoddam
1606 4751 1945 4821 oppidulum,
1969 4757 2060 4811 cui

492 4847 690 4887 nomen
713 4833 964 4903 Hapsala,
1016 4836 1362 4891 nobilitatum
1396 4841 1617 4896 messita
1654 4855 1709 4898 et
1738 4859 2060 4901 caravansa-

454 4914 457 4917 ’
493 4926 607 4977 t-uio
638 4925 989 4982 Mechemetis
1018 4928 1208 4995 basste,
1249 4931 1512 4987 ambobus
1565 4949 1696 4989 sane
1726 4936 2057 5005 pulcherrri-

492 5017 594 5072 mis
620 5028 673 5071 et
707 5020 1063 5088 sumptuosis.
1086 5020 1161 5075 Eo
1192 5039 1290 5076 nos
1317 5024 1368 5077 itt
1415 5025 1532 5080 loco
1577 5033 2052 5094 pernoctahamus.

491 5108 595 5161 Sed
633 5112 705 5162 uti
746 5110 993 5166 diversus
1051 5122 1135 5165 est
1170 5115 1239 5166 ab
1295 5114 1507 5183 Ypsala,
1542 5120 1622 5172 sic
1650 5135 1771 5173 cum
1803 5121 2056 5179 Castaldo

486 5203 736 5256 eutudem
768 5217 890 5257 esse
908 5217 1031 5257 cum
1059 5203 1254 5273 Capsa,
1275 5217 1511 5262 statuere
1542 5227 1646 5264 non
1664 5227 1909 5281 possum.

664 5340 753 5395 59..
792 5339 979 5411 i’gnos,
1010 5343 1080 5395 ad
1107 5342 1343 5398 Meritza:
1367 5347 1604 5418 [luminis
1624 5352 1841 5406 ostium.

554 5455 676 5510 Haec
701 5458 892 5511 civitas
910 5458 1109 5513 Grzrcis
1126 5459 1325 5515 dicitur
1342 5460 1515 5517 Aiuos
1536 5472 1587 5517 et
1602 5464 1802 5529 (linus,
1819 5483 2049 5536 quorum

484 5551 760 5614 posterius
781 5551 879 5617 ipsi
902 5553 1260 5620 pronuntiant
1281 5552 1427 5616 luos,
1459 5556 1600 5609 unde
1628 5572 1823 5611 nomen
1846 5557 2048 5628 anos,

482 5641 626 5703 quod
650 5643 735 5693 hic
766 5641 816 5693 in
848 5642 1146 5695 Annalibus
1182 5643 1397 5709 legitur,
1429 5646 1574 5698 mulli
1608 5650 2050 5715 pronuntiatione

477 5735 539 5796 ιιι
606 5749 670 5783 r.v
704 5730 741 5782 Ν
772 5748 859 5801 per
890 5732 991 5797 Gn,
1024 5733 1242 5800 Graecis,
1273 5746 1327 5788 et
1350 5734 1559 5804 Turcis,
1581 5747 1633 5791 et
1670 5737 1830 5807 ltalis,
1857 5751 1907 5795 ct
1929 5740 2046 5799 Ilis-

2167 4550 2483 4621 lippopolim
2517 4555 2825 4624 appellavit.
2852 4557 2911 4611 In
2938 4559 3041 4613 bac
3102 4563 3237 4616 urbe
3264 4573 3433 4617 totutn
3500 4578 3596 4618 nos
3618 4559 3703 4616 tri-

2165 4644 2331 4698 duum
2364 4648 2854 4713 commorabamur,
2906 4651 3034 4705 dum
3084 4651 3243 4707 Turci
3302 4656 3525 4709 comites
3546 4650 3701 4708 nostri

2166 4751 2326 4791 suum
2349 4736 2561 4797 Bairam
2592 4741 2790 4810 majus,
2810 4754 3001 4798 exacto
3021 4746 3228 4813 jejunio
3250 4748 3464 4818 triginta
3488 4747 3697 4806 dierum.

2163 4828 2354 4885 diebus
2385 4831 2585 4886 mensis
2648 4832 2903 4889 Octobris
2937 4838 3148 4904 quinto,
3205 4847 3380 4904 sexto,
3442 4838 3694 4908 septimo,

2161 4918 2515 4977 celebrarent.
2551 4921 2647 4978 Est
2669 4924 2846 4979 adhuc
2896 4927 3413 4998 archiepisc0patus,
3447 4929 3527 4984 cui
3581 4936 3696 4980 tunc

2160 5023 2390 5079 praeerat
2424 5012 2469 5066 is
2492 5014 2586 5082 qui
2619 5026 2802 5083 postea
2852 5016 3028 5072 factus
3072 5028 3156 5073 est
3223 5022 3523 5089 patriarcha
3554 5017 3692 5072 nobis

2158 5099 2630 5171 Constantinopoli
2649 5104 2994 5174 degentibus,
3017 5108 3331 5177 Theoliptus
3355 5128 3369 5165 :
3406 5110 3473 5165 de
3492 5119 3687 5165 senten-

2159 5192 2232 5244 tia
2291 5193 2482 5262 synodi
2544 5192 2859 5251 Grtrcorum
2917 5198 3169 5254 abdicato
3216 5200 3527 5262 Pocbomio,
3588 5198 3686 5247 viro

2158 5281 2407 5351 profano,
2438 5295 2492 5339 et
2524 5287 2829 5343 litterarum
2863 5291 3021 5358 plane
3048 5293 3188 5356 rudi,
3208 5296 3300 5363 qui
3336 5289 3683 5361 largitionibus

2155 5382 2210 5426 et
2245 5373 2364 5428 aliis
2385 5376 2540 5433 malis
2564 5378 2774 5435 artibus
2799 5379 3116 5449 dignitatem
3151 5382 3377 5453 adeptus
3405 5382 3591 5435 fuerat.

2154 5486 2247 5542 δι.
2276 5484 2629 5557 σνααιιεζιεθὶε
2657 5488 3042 5546 ΜαΙιυηιειαηω
3085 5500 3363 5559 peritorum
3401 5494 3535 5560 apud
3562 5488 3680 5545 Tur-

2487 5576 2595 5620 cus,
2623 5572 2671 5613 et
2704 5563 2793 5629 qui
2822 5562 3086 5616 tulismaui
3136 5565 3396 5618 dicantur.

2228 5649 2291 5713 Ut
2328 5650 2622 5713 Talismuni
2654 5660 2745 5726 qui
2797 5657 2905 5717 sint
2957 5661 3291 5720 commodius
3324 5656 3628 5725 intelligatur
3659 5666 3670 5698 :

2154 5744 2451 5813 sciendum,
2473 5757 2645 5803 certos
2666 5765 2784 5804 esse
2843 5750 3043 5825 gradus
3097 5748 3482 5808 Mabumctania
3506 5753 3669 5799 eorum
