4048 6208
309 251 409 313 7H

1460 268 1855 329 PANDEC’I‘E
1888 270 2088 328 lllS’l‘.
2132 268 2439 329 TURCIC.

3413 260 3524 325 762

304 365 395 431 Qui
422 365 593 436 legunt
618 370 759 437 apud
791 370 934 438 ipsos
999 379 1152 439 periti
1204 390 1347 444 sunt,
1381 390 1431 433 ct
1459 382 1649 449 partim
1679 385 1766 449 jus
1790 384 1871 436 di-
1904 399 1942 453 Α
1976 383 2159 445 citavi;
2189 382 2255 436 de
2272 380 2388 435 Seri
2413 394 2569 450 pago,
2602 396 2761 447 quem
2797 379 2957 433 Delus
3002 380 3089 433 ille
3111 378 3332 445 ceperit,
3359 394 3388 432 a
3412 393 3523 445 quo

304 470 455 521 cunt,
495 462 685 527 partim
728 463 897 533 legent
934 470 1376 539 interpretantur.
1399 475 1702 532 Ludovicus
1735 478 1861 533 Bas-

309 565 478 604 sanas
529 551 803 611 ladrensis
824 559 873 610 iu
905 560 1048 616 hunc
1074 565 1288 619 modum
1322 580 1595 636 comparat
1624 586 1717 623 eos
1736 587 1858 624 cum

312 645 521 699 nostris
544 648 951 705 ecclesiasticis.
980 652 1218 711 Primum
1249 661 1512 729 tnttphtim
1550 663 1682 716 dicit
1740 679 1863 717 esse

314 734 455 788 inter
497 738 643 806 ipsos
675 739 845 796 instar
870 746 950 797 vel
997 762 1149 815 papae
1196 761 1389 812 nostri.
1417 754 1498 807 vel
1540 756 1863 819 patriarchae

314 827 651 886 Gracornm.
684 832 1048 903 Quippejuris
1100 845 1280 898 omnis
1334 854 1388 899 et
1444 862 1720 900 sacrorum
1774 865 1868 904 rex

314 932 420 983 est.
455 923 530 974 ttti
588 935 798 982 veteres
838 930 999 984 ctiam
1047 933 1277 990 Romani
1322 939 1700 1008 loquebantur.
1736 941 1870 997 Huic

314 1011 545 1075 proximi
581 1025 706 1067 sunt
733 1017 1080 1077 cadilesrlteri
1127 1027 1195 1079 de
1250 1011 1443 1098 quibus
1507 1034 1707 1088 dictant
1766 1053 1870 1089 nu-

316 1117 465 1155 inero
500 1103 899 1162 29.13assanus
962 1114 1056 1168 bos
1111 1132 1232 1170 cum
1289 1122 1710 1194 archiepiscopis
1776 1142 1876 1181 no-

315 1193 449 1244 stris
500 1202 1110 1271 contparat.chunntur
1148 1210 1307 1271 cadii,
1364 1213 1525 1267 veluti
1569 1219 1871 1281 proximum

316 1293 439 1347 post
471 1285 910 1359 at'cbiepiscopos
952 1296 1128 1350 locum
1176 1301 1418 1357 obtinent
1461 1306 1717 1375 episcopi.
1783 1309 1876 1363 Se-

317 1377 552 1429 Cundum
589 1379 685 1434 bos
713 1386 941 1441 sunteis
976 1388 1203 1459 hOggiae,
1241 1395 1331 1463 qui
1392 1398 1635 1455 seniores
1689 1402 1881 1457 dicun-

320 1476 517 1565 tur.ut
544 1467 743 1565 graecis
760 1484 812 1528 et
830 1481 1031 1535 nostris
1063 1485 1378 1556 presiqteri.
1432 1490 1715 1561 Excipiunt
1753 1496 1879 1565 bog-

314 1558 431 1623 gias
480 1560 798 1631 Talismaui,
856 1583 949 1623 seu
1027 1577 1369 1647 presbyteros
1421 1558 1655 1638 diaconi.
1698 1558 1879 1640 Ultimi

318 1653 833 1729 suntdervisii,qui
878 1662 1141 1732 calogeris
1202 1668 1534 1737 Graecorum,
1601 1680 1882 1733 monachis

1963 474 2289 528 fueritortus
2311 471 2533 528 Osman.
2559 470 2630 523 Ea
2649 471 2824 525 locum
2851 471 3048 525 habere
3071 470 3275 539 ueqttit.
3302 471 3524 523 “ciuem

1963 569 2079 620 cius
2103 566 2386 634 aliquoties
2413 564 2621 633 repetit.
2640 563 3010 617 Janizarorum
3040 578 3232 614 nomen
3260 564 3323 615 ad
3348 564 3527 615 notio-

1966 675 2087 712 nem
2119 667 2449 720 revocatum,
2473 673 2501 709 a
2525 655 2697 710 Janua
2731 654 2919 709 deduci
2948 696 2966 721 ,
3015 671 3137 709 cum
3192 655 3384 709 Turcis
3432 654 3526 721 ja-

1968 769 2123 805 nuam
2155 752 2332 806 aulam
2381 751 2485 806 dici
2534 761 2763 806 constet.
2784 749 2894 817 Ego
2915 766 3042 803 vero
3068 750 3260 813 lateor,
3286 751 3526 815 adeoque.
3594 734 3595 737 ¹

1973 847 2129 912 vulgo
2147 854 2452 909 notumest,
2475 846 2652 900 aulam
2685 846 2883 898 sultani
2908 843 3158 912 (Romani
3197 856 3401 896 veteres
3434 855 3530 893 co-

1974 940 2217 994 mitatum
2249 938 2510 1009 principis
2538 939 2900 1007 appellabant)
2927 953 2956 991 a
2976 936 3167 992 Turcis
3184 936 3365 991 vocari
3396 933 3527 988 Por-

1973 1045 2078 1088 tam
2109 1032 2480 1096 Osmanicam,
2509 1032 2651 1100 quod
2697 1031 2870 1085 Porta:
2903 1046 3098 1084 nomen
3136 1028 3279 1083 idem
3306 1039 3389 1083 est
3417 1027 3529 1081 fere

1972 1140 2094 1179 cum
2109 1125 2280 1180 Janna
2298 1142 2312 1179 :
2328 1126 2419 1179 sed
2436 1127 2602 1194 (quod
2621 1125 2790 1194 ipsius
2812 1123 3099 1194 pace,citra
3121 1122 3528 1177 insectationem

1975 1222 2136 1275 ttllam
2162 1220 2362 1274 dictum
2388 1218 2530 1288 esto)
2551 1218 2786 1289 cogitare
2816 1216 3064 1272 debebat.
3090 1215 3285 1271 Turcis
3308 1213 3528 1268 Portam

1977 1314 2078 1368 dici
2108 1328 2204 1367 sua
2223 1314 2429 1385 lingua.
2454 1313 2571 1380 capi
2592 1328 2612 1366 :
2644 1311 2710 1366 de
2729 1326 2837 1381 quo
2856 1309 3116 1364 vocabulo
3161 1307 3390 1363 derivari
3423 1322 3530 1360 non

1972 1407 2339 1477 janizarorutn
2399 1403 2485 1459 vel
2544 1404 2918 1473 geuizarorum
2978 1417 3168 1455 nomen
3220 1410 3411 1469 potest.
3438 1398 3531 1452 sed

1980 1498 2417 1567 capisilarorum,
2452 1494 2519 1549 de
2541 1495 2739 1565 quibus
2810 1492 2957 1547 alibi.
3015 1492 3208 1546 Paucis
3240 1501 3295 1543 ut
3346 1504 3531 1544 verum

1978 1600 2192 1660 etymon
2226 1588 2480 1651 indicem,
2512 1601 2703 1640 nomen
2726 1586 2958 1655 genizeri
3000 1583 3192 1639 Turcis
3249 1598 3415 1636 novos
3443 1584 3537 1636 lio-

1984 1682 2176 1744 mines.
2208 1695 2302 1735 seu
2336 1679 2532 1735 milites
2562 1693 2727 1733 novos
2749 1666 3043 1743 signiﬁcat.
3096 1691 3189 1729 seu
3220 1674 3407 1730 Latina
3444 1691 3537 1726 vo-

316 1742 545 1840 "°9"'i5_
578 1750 924 1816 τεεβοηδοηῑ-
1000 1753 1292 1813 Τθιίειηθηῖ
1357 1761 1762 1821 Mallumelattos
1812 1771 1877 1824 ad
1911 1777 1953 1830 Β
1983 1791 2042 1829 ce
2076 1774 2241 1828 veteri
2272 1772 2500 1827 Tirones
2531 1787 2545 1824 :
2578 1771 2733 1840 cuius
2765 1770 2927 1840 etymi
2964 1771 3099 1824 ratio
3162 1778 3303 1837 patet
3355 1784 3416 1821 ex
3471 1768 3537 1820 iis

314 1847 503 1897 preces
532 1836 765 1894 interdiu
789 1851 842 1896 et
893 1855 1055 1901 noctu
1103 1852 1393 1920 quinquies
1438 1854 1695 1915 dicendas
1724 1860 1874 1916 exci-

314 1931 452 1985 tant,
494 1926 560 1978 de
604 1933 803 1996 quibus
854 1935 988 1992 alias
1047 1953 1287 2006 agemus.
1344 1946 1653 2017 Clepsydris
1711 1954 1874 2008 veteri

315 2030 466 2071 more
490 2017 798 2078 Grazcorum
820 2039 1045 2085 utuntur
1082 2036 1145 2087 ad
1175 2037 1555 2105 distinguenda
1596 2051 1702 2098 tam
1728 2048 1875 2100 diur-

313 2123 405 2171 na,
438 2128 599 2208 quam
629 2130 891 2174 nocturna
923 2133 1223 2195 temporum
1280 2133 1474 2198 spatia.
1501 2134 1630 2189 Nam
1680 2154 1801 2208 quae
1844 2156 1875 2196 a

313 2204 519 2255 nostris
548 2206 839 2265 artiticiose
858 2214 1100 2270 confecta
1126 2222 1449 2284 perveniunt
1476 2223 1540 2277 ad
1561 2204 1877 2282 'l‘nrc-oslto-

314 2296 585 2358 ronotnia.
622 2299 777 2370 longe
841 2306 971 2373 ipsis
1003 2311 1350 2381 gravissima,
1408 2318 1675 2387 planeque
1702 2322 1879 2377 admi-

319 2389 508 2451 randa,
563 2406 848 2458 procerum
895 2399 1158 2457 duntaxat
1197 2406 1383 2461 usibus
1428 2410 1689 2466 serviunt.
1741 2412 1874 2468 Cum

318 2495 541 2545 precum
578 2495 788 2556 tempus
820 2494 1064 2561 appetiit,
1097 2504 1275 2553 turres
1307 2500 1588 2569 adiunctas
1636 2506 1877 2564 messitis

320 2574 573 2639 pra-altas
625 2585 1021 2640 conscendunt.
1058 2588 1147 2643 Ea:
1168 2590 1247 2645 sic
1302 2591 1456 2647 facta:
1502 2605 1650 2660 sunt,
1706 2607 1765 2652 ut
1822 2599 1876 2655 in

313 2672 583 2737 superiori
643 2687 814 2743 parte,
845 2683 1232 2747 propemodum
1261 2685 1351 2739 ubi
1402 2687 1673 2756 occipiunt
1710 2690 1879 2745 demi-

317 2761 436 2824 nui,
470 2772 530 2816 ut
557 2765 772 2821 tandem
809 2769 862 2822 in
896 2772 1263 2827 acutninatum
1300 2775 1572 2847 fastigium
1605 2780 1874 2846 desinant,

323 2854 379 2908 itt
412 2858 652 2925 projecto
683 2874 902 2928 quaqua
933 2877 1149 2917 versum
1182 2865 1520 2921 obambulari
1555 2870 1745 2938 possit.
1777 2871 1877 2928 Hic

316 2964 450 3018 ergo
476 2952 900 3016 circumeuntes.
925 2958 1242 3012 acutissima
1274 2975 1409 3015 voce
1444 2962 1735 3017 clamorem
1776 2966 1881 3019 tol-

317 3043 452 3108 lunt,
491 3044 671 3110 digitis
706 3047 929 3104 alteram
963 3052 1177 3105 aurium
1236 3053 1603 3120 obstruentes,
1632 3063 1682 3109 et
1707 3056 1875 3111 homi-

316 3150 415 3189 nes
439 3134 504 3187 ad
538 3137 900 3192 invocandum
935 3154 1133 3194 numen
1176 3143 1556 3198 exhortantur.
1613 3142 1722 3198 Vox
1758 3144 1873 3214 ipsa

1986 3175 2085 3214 nuo
2114 3158 2405 3227 czeteroqui
2435 3158 2571 3218 viro.
2606 3157 2952 3211 Barliarossa:

317 3228 530 3296 longius
588 3245 749 3297 quam
774 3230 1064 3301 quisquam
1125 3245 1367 3288 nostrum
1422 3236 1642 3297 credat,
1692 3236 1784 3306 qui
1816 3250 1880 3291 ea

314 3320 437 3375 loca
467 3337 573 3375 non
610 3323 824 3387 adierit,
862 3325 1455 3385 pertinet.Communis
1483 3339 1659 3383 autem
1694 3342 1885 3397 preca-

320 3416 400 3468 tio
421 3418 887 3474 musulmanorum
909 3420 1221 3491 ltujusmodi
1245 3429 1349 3486 est,
1373 3433 1598 3475 auctore
1626 3422 1882 3479 Postelio:

331 3507 423 3560 «In
455 3510 666 3565 nomine
693 3510 787 3564 Dei
822 3514 1211 3574 misericordis.
1246 3514 1489 3584 propitii.
1549 3512 1692 3569 Laus
1755 3513 1885 3581 Deo,

334 3600 444 3664 regi
476 3602 817 3667 saeculorum,
844 3604 1179 3659 misericordi
1204 3615 1256 3659 et
1281 3605 1370 3681 pio
1400 3604 1510 3673 regi
1539 3605 1644 3660 diei
1676 3605 1884 3674 iudicii.

330 3693 474 3748 Heus
499 3696 804 3751 serviamus
835 3696 936 3759 illi.
991 3705 1045 3751 et
1072 3697 1205 3753 beus
1259 3697 1659 3767 adjuvabimur.
1711 3697 1890 3768 Dirige

332 3805 431 3843 nos
458 3790 511 3844 in
534 3800 793 3860 punctum
816 3800 1050 3856 rectum,
1082 3802 1346 3861 punctum
1366 3806 1576 3853 eorum.
1608 3793 1660 3847 in
1688 3793 1887 3861 quibus

330 3880 429 3936 tibi
463 3882 858 3949 bcneplacitum
892 3893 995 3947 est,
1025 3892 1079 3937 et
1134 3884 1331 3952 quibus
1349 3900 1458 3939 non
1520 3886 1794 3947 irasceris.
1836 3892 1891 3939 et

324 3990 437 4030 non
472 3974 800 4031 errabimus.
825 3993 845 4027 ι
882 3973 1006 4031 Haec
1027 3986 1134 4029 tam
1167 3976 1274 4031 illis
1298 3985 1380 4031 est
1408 3976 1605 4031 usitata
1627 3977 1886 4047 precatio,

324 4084 491 4139 quam
530 4070 687 4125 nobis
707 4069 987 4125 Dominica
1022 4088 1037 4126 :
1072 4081 1124 4127 et
1151 4087 1180 4126 a
1217 4071 1540 4142 quibusdam
1572 4072 1637 4124 ad
1664 4071 1892 4125 battolo—

324 4160 470 4230 giam
504 4176 674 4231 usque
700 4163 833 4217 adeo
869 4161 1150 4227 recitatur,
1191 4173 1250 4217 ut
1269 4165 1474 4218 centies
1489 4180 1605 4218 eam
1627 4175 1888 4234 repetant.

324 4244 475 4310 Men:
503 4253 625 4309 facit
664 4256 716 4308 in
770 4256 1017 4312 oratione
1060 4256 1270 4328 publica
1324 4258 1640 4313 talismanus
1664 4276 1757 4326 pro
1811 4259 1893 4314 Itis

330 4348 425 4417 qui
470 4346 805 4417 negligenter
830 4358 990 4403 orant
1041 4366 1057 4404 ε
1109 4360 1368 4419 aluntque
1401 4350 1500 4404 ltac
1571 4352 1893 4419 repetitione

328 4441 816 4510 supplerialiorum
867 4456 1081 4495 errores
1120 4458 1183 4497 ac
1227 4443 1444 4497 delicta.
1474 4444 1701 4508 Quidam
1766 4460 1892 4499 vero

329 4544 481 4589 tanta
517 4543 768 4604 repetunt
805 4534 1146 4600 assiduitate,
1209 4535 1425 4589 tandem
1458 4546 1516 4590 ut
1569 4537 1895 4605 concidant;

330 4627 425 4684 alii
451 4644 653 4697 corpus
685 4629 759 4683 ita
787 4629 1277 4700 circutnagitando,
1312 4639 1371 4685 ut
1408 4631 1634 4684 omnino
1673 4641 1825 4687 extra
1841 4645 1899 4685 se

330 4724 636 4792 rapiantur.

405 4817 496 4871 35.
529 4818 602 4871 De
653 4817 911 4887 genizerr's
932 4833 953 4882 ;
975 4814 1051 4869 rel
1095 4816 1354 4884 genisart’s
1376 4833 1396 4882 ;
1421 4820 1555 4872 unde
1572 4818 1646 4872 sic
1665 4818 1815 4874 dicti.

408 4909 683 4976 Nusquam
740 4910 914 4978 reperi
976 4909 1352 4976 genizarorum
1415 4911 1675 4979 Originetn
1722 4911 1898 4965 verius

328 5002 682 5069 «lesciiptatn,
715 5016 876 5068 quam
907 5000 1025 5064 hic;
1068 4999 1295 5067 ideoque
1321 5001 1469 5054 locus
1526 5012 1609 5055 est
1636 5015 1903 5055 memora-

332 5096 482 5159 bilis,
520 5111 627 5164 quo
658 5093 888 5160 plurium
917 5091 1375 5147 halluciuationes
1411 5093 1735 5148 refutantur.
1765 5093 1898 5148 Nam

330 5186 423 5239 alii
468 5184 653 5238 volunt
688 5184 963 5237 institutos
991 5182 1058 5235 ab
1105 5179 1373 5236 Otlnnane
1423 5182 1505 5235 vel
1538 5181 1770 5236 Ostnane
1797 5182 1900 5237 Ga-

328 5277 401 5337 si.
442 5274 685 5327 nonnulli
721 5277 878 5342 (quos
936 5274 1075 5327 inter
1128 5281 1211 5326 est
1265 5271 1451 5327 Jovius
1503 5288 1556 5327 et
1598 5274 1899 5346 Geulrzeus)

332 5366 503 5425 fuisse
536 5364 774 5418 referunt
798 5366 1101 5418 ordinatam
1123 5365 1359 5433 ipsorum
1386 5364 1635 5419 militiam
1665 5368 1900 5436 primum

332 5458 581 5513 omnium
616 5456 870 5511 aMurate
903 5456 970 5521 ll,
1004 5471 1163 5524 quem
1212 5471 1312 5526 ego
1369 5472 1655 5511 numerum
1723 5458 1900 5528 potius

332 5549 557 5605 auxisse
580 5546 829 5607 dixerim.
862 5562 1023 5616 quam
1060 5546 1228 5603 fuisse
1249 5548 1455 5602 militiae
1519 5548 1690 5618 ipsius
1720 5559 1902 5604 aucto-

337 5660 471 5697 rem.
515 5641 673 5696 Vocis
694 5644 855 5694 etiam
901 5650 1119 5708 ctymon
1150 5640 1559 5695 controvcrsum
1602 5651 1702 5696 est.
1746 5641 1902 5696 lnitio

338 5735 722 5793 declarationis
759 5734 1044 5789 Annalium
1096 5734 1430 5807 Spaudugini
1470 5736 1781 5806 opinionem
1817 5752 1899 5791 rc-

1980 1880 2098 1933 quze
2156 1863 2243 1917 hic
2277 1863 2328 1915 in
2357 1860 2643 1915 annalibus
2669 1861 2912 1929 exposita
2973 1861 3242 1929 leguntur.
3302 1857 3533 1913 Gcnl'ra-i

1978 1958 2248 2015 somnium
2276 1957 2338 2011 de
2358 1955 2527 2010 Cham
2563 1953 2807 2018 etJeser,
2842 1970 2940 2009 ceu
2977 1954 3264 2013 ridiculum
3294 1953 3535 2021 explodi-

1978 2065 2081 2108 ιο...
2285 2119 2374 2177 56.
2405 2122 2716 2185 Chairadin,
2754 2119 2921 2189 Ruga,
2970 2118 3242 2173 Ischeboli.

2051 2238 2127 2292 De
2192 2239 2476 2293 bassarnm
2509 2245 2561 2291 et
2593 2236 2834 2289 vczirntn
2867 2236 3044 2289 ollicio
3073 2249 3235 2300 supra
3276 2230 3535 2294 diximus,

1978 2346 2213 2386 nuntero
2262 2330 2348 2385 Η.
2377 2328 2527 2395 Quod
2563 2328 2754 2383 Cltclili
2787 2329 2967 2380 datum
3004 2324 3167 2378 fuisse
3200 2325 3429 2377 traditur
3446 2339 3540 2375 co-

1978 2438 2207 2493 gnomen
2244 2421 2563 2477 Cltairadin.
2598 2422 2775 2488 lingua
2831 2417 2991 2489 415
3024 2416 3245 2469 Τιιι-οῖτιει
3279 2413 3540 2480 significat

1977 2530 2122 2583 eum,
2147 2519 2235 2585 qui
2263 2518 2397 2572 bene
2425 2528 2749 2583 strenueque
2767 2531 2821 2567 ce
2843 2514 3024 2585 gessit,
3050 2510 3131 2563 vel
3157 2509 3289 2562 bene
3318 2506 3542 2560 ini-ritus

1978 2618 2085 2665 est:
2124 2620 2180 2664 ut
2211 2606 2413 2663 Graecis
2442 2606 2728 2677 Evergetes
2752 2607 2962 2665 dicitur.
2985 2603 3123 2671 quod
3196 2601 3296 2654 sibi
3334 2614 3531 2666 cogno-

1978 2710 2221 2756 mentum
2258 2700 2421 2767 prisri
2474 2715 2648 2769 reges,
2721 2697 2928 2766 aliquot
2992 2692 3210 2762 [Egypti
3270 2689 3544 2761 Syriaeque

1978 2800 2349 2862 sumpserunt.
2379 2792 2453 2845 Ex
2480 2789 2773 2845 Cliairadiu
2834 2787 3100 2842 Laonicus
3154 2784 3275 2837 fecit
3301 2778 3547 2834 Cltarati-

1980 2899 2101 2938 nem
2140 2892 2233 2938 :et
2257 2885 2309 2937 itt
2351 2882 2457 2937 ﬁne
2481 2882 2604 2936 libri
2634 2880 2837 2946 octavi,
2886 2876 3257 2934 Cltaraitinem
3290 2871 3544 2928 :Jovius.

1980 2973 2547 3030 Hariadenum.ldem
2577 2972 2724 3027 enim
2786 2987 2981 3025 nomen
3044 2980 3223 3021 nostra
3284 2963 3546 3019 memoria

1980 3069 2164 3123 datum
2195 3067 2295 3122 fuit
2316 3083 2347 3122 a
2371 3066 2679 3121 Soleituane
2707 3064 2749 3120 ll
2778 3064 2962 3135 pirata:
3011 3062 3203 3123 nobili,
3272 3058 3363 3113 sed
3404 3066 3547 3110 stre-

3015 3172 3028 3209 :
3073 3154 3139 3206 de
3186 3164 3295 3220 quo
3346 3148 3542 3202 dicturi

1984 3265 2082 3304 suo
2114 3250 2233 3304 loco
2266 3259 2393 3303 sunt
2418 3248 2677 3303 Annales.
2744 3248 2885 3316 Bnga
2930 3242 3212 3312 Calliupoli
3258 3240 3549 3309 transjccto

1985 3341 2333 3410 Hellesponto
2362 3339 2586 3395 Prusam
2622 3340 2778 3393 ituris
2828 3333 3086 3391 occurrit.
3142 3336 3182 3387 A
3226 3330 3551 3401 geograpltis

1987 3434 2379 3490 recentioribus
2406 3432 2568 3497 Juba,
2612 3429 2959 3498 tranSpositis
3020 3427 3217 3481 litteris
3268 3422 3549 3484 Scribitur,

1988 3526 2065 3581 uti
2109 3524 2367 3593 deinceps
2399 3534 2711 3592 repetemus
2746 3522 2899 3575 initio
2923 3518 3148 3574 Muralis
3183 3517 3247 3571 ll.
3283 3515 3549 3585 Oppidum

1991 3618 2251 3673 lsclieboli
2295 3616 2499 3672 Graecis
2530 3624 2610 3672 est
2669 3616 2949 3685 Scopulos,
3016 3610 3238 3682 Zagorze
3289 3610 3551 3663 vicinum.

1991 3710 2099 3764 Leo
2118 3710 2348 3779 Sapiens
2378 3712 2656 3777 Augustus
2690 3709 2830 3762 inter
2845 3708 3186 3776 episcopatus
3236 3699 3553 3768 metropoli-

1990 3801 2097 3854 taui
2134 3798 2594 3867 Hadrianopoleos
2616 3798 2785 3853 liuenti
2847 3798 3069 3861 montis,
3126 3795 3411 3863 Sc0pcltnu
3473 3807 3557 3844 rc-

1992 3892 2096 3946 l'ert
2134 3909 2149 3946 :
2188 3894 2331 3945 unde
2361 3893 2500 3947 situs
2534 3892 2758 3960 intelligi
2790 3901 2986 3960 potest.

1991 4007 2082 4062 '57.
2127 4005 2317 4072 Servii,
2373 4004 2542 4075 Serbi,
2606 4004 2816 4089 Sarapi,
2862 4003 3013 4072 Zirﬁ,
3067 4000 3226 4070 Zer/i,
3289 3999 3558 4053 Servor-to-

2693 4092 2857 4129 mum.

2065 4168 2279 4223 Servios
2307 4166 2534 4221 collocat
2560 4166 2832 4220 Laonirus
2854 4165 2906 4219 in
2931 4164 3153 4232 antiqua
3186 4164 3401 4230 regione
3436 4159 3562 4213 Tri-

1993 4258 2259 4313 ballorunt
2316 4257 2590 4328 Mysiaque
2662 4256 2966 4326 superiori:
3025 4270 3133 4322 quo
3180 4252 3433 4305 nimirum
3494 4265 3557 4300 cx

1994 4350 2362 4419 septentrione
2442 4348 2701 4419 paulatim
2761 4346 3214 4414 commigrarunt,
3271 4338 3563 4394 debilitatis

2000 4448 2205 4517 itrperii
2268 4445 2496 4499 Romani
2526 4444 2805 4513 Graecique
2863 4441 3090 4493 viribus.
3122 4454 3125 4457 '
3157 4436 3288 4490 Nam
3361 4434 3563 4487 Serbos

2001 4544 2145 4595 circa
2174 4539 2473 4595 Maeotidem
2508 4537 2718 4593 Plinius
2748 4535 3001 4596 collocat,
3033 4531 3172 4585 unde
3220 4528 3412 4599 partim
3444 4542 3566 4597 pro-

2002 4631 2124 4688 fecti
2154 4631 2308 4687 fuere
2343 4647 2531 4686 versus
2556 4628 2884 4693 Danubium,
2916 4637 2969 4681 et
2997 4625 3216 4696 Mysiam
3244 4624 3381 4676 hanc
3404 4634 3568 4688 supe-

2000 4724 2197 4777 riorem
2223 4740 2235 4754 ·
2266 4724 2459 4793 partim
2499 4723 2691 4776 itinere
2723 4719 2959 4783 diverso,
2987 4731 3080 4787 per
3109 4714 3394 4769 Sarmatis:
3452 4711 3568 4767 sive

2002 4817 2238 4873 Poloniaa
2285 4815 2551 4870 latissime
2605 4822 2849 4883 patentes
2899 4826 3121 4881 campos
3151 4810 3203 4863 in
3234 4824 3386 4863 oram
3438 4805 3570 4861 Ger-

2001 4909 2218 4975 maniae,
2280 4908 2497 4961 Polonis
2559 4906 2793 4959 vicinam
2847 4903 3088 4972 (Lusatia
3141 4918 3287 4957 nunc
3345 4898 3568 4966 dicitur)

2002 5001 2191 5066 infusi,
2226 5000 2382 5054 sedes
2438 4998 2656 5063 ibidem,
2690 5008 2740 5050 et
2793 4997 2845 5051 in
2896 4996 3087 5051 vicinia
3144 4994 3566 5052 constituerunt,

2003 5095 2138 5148 inter
2174 5091 2355 5147 Salatu
2393 5101 2448 5145 et
2479 5091 2651 5146 Albim
2686 5088 2904 5143 ﬂuvios.
2942 5087 3080 5140 llinc
3110 5086 3297 5139 Sirbos
3336 5083 3406 5137 ibi
3462 5083 3568 5133 Dn-

2002 5186 2222 5239 bravius
2253 5195 2400 5240 recte
2448 5183 2701 5246 collocat,
2738 5183 2865 5237 hinc
2893 5180 3082 5235 Misttia
3129 5193 3345 5247 quoque
3402 5180 3569 5243 impe-

2005 5276 2201 5331 ratoris
2232 5275 2446 5337 llenrici
2474 5275 2715 5345 Aucupis
2753 5285 2994 5342 tempore
3033 5270 3174 5323 dicta
3234 5269 3334 5321 fuit
3370 5284 3397 5318 a
3434 5265 3568 5320 rici—

2002 5370 2088 5425 nis
2111 5369 2312 5432 Sirbia.
2341 5368 2463 5422 hinc
2513 5367 2567 5421 itt
2603 5368 2669 5420 iis
2722 5364 2856 5419 locis
2905 5373 2959 5417 et
3016 5359 3171 5414 Set-bi
3204 5356 3452 5418 Wcuedi,
3517 5365 3571 5409 et

2008 5461 2328 5525 Serbecum,
2355 5468 2408 5515 et
2439 5459 2749 5514 Serbestum
2777 5455 2992 5525 oppida.
3030 5451 3105 5505 Ne
3138 5452 3318 5517 lingua
3349 5448 3569 5518 quidem

2006 5549 2227 5615 defecit,
2261 5552 2311 5604 in
2338 5561 2561 5619 utraque
2597 5547 2815 5602 Lusatia
2849 5543 3107 5599 Weuedis
3146 5541 3341 5596 incolis
3400 5541 3572 5592 usita-

2005 5651 2079 5696 ta.
2112 5640 2221 5697 Nec
2268 5639 2285 5693 Ι
2334 5642 2509 5695 littera
2542 5658 2663 5695 cum
2707 5638 2746 5692 Ε
2805 5645 3109 5707 permutata
3172 5649 3271 5687 nos
3337 5641 3569 5690 novent.

2005 5731 2147 5803 quod
2181 5733 2235 5788 in
2267 5733 2365 5788 hac
2392 5750 2520 5788 voce
2582 5732 2887 5802 ft't'tju'::.lt:t
2923 5730 3035 5786 licri
3078 5727 3403 5784 notavimus.
3433 5721 3572 5777 Nam
