4048 6208
1047 168 1073 196 \

589 238 694 300 763

584 445 747 495 verba
775 447 1004 512 reperies
1029 461 1252 497 numero
1297 446 1363 499 iiii
1398 445 1647 499 llistoriae
1683 446 1957 500 Saxonum
1987 446 2150 501 Sora-

593 537 688 589 hos
726 544 941 598 vocant,
991 552 1127 605 quos
1152 535 1420 591 Suraliros
1446 537 1585 606 apud
1638 537 1928 591 Laonicum
1962 540 2150 593 vitiose

590 628 836 697 lvgimtts.
882 628 1152 682 Vocantur
1180 639 1232 682 ct
1262 628 1436 685 Rascii
1468 632 1547 683 vel
1579 631 1748 696 llazii,
1775 632 1915 701 quod
1956 648 1982 684 a
2016 631 2145 695 Bos,

590 721 702 773 sive
730 719 912 774 Rnssis
937 720 1222 775 deductum
1253 732 1400 792 puto,
1428 738 1548 776 cum
1572 724 1768 792 quibus
1793 724 2060 794 originem
2094 732 2150 777 et

588 806 821 876 linguam
846 824 1187 864 commuuetn
1218 810 1434 865 habent.
1464 812 1745 867 Bonlinins
1771 812 2027 868 liatianos
2065 813 2151 866 di-

588 900 751 961 xit,et
776 902 967 954 melius
996 901 1291 957 Bovianos.
1315 904 1457 972 quod
1492 913 1573 958 est
1616 918 1645 957 a
1681 903 1991 957 Graacorum
2056 904 2151 957 illo

592 991 702 1044 Ros
728 992 866 1045 haud
890 993 1068 1046 dub’e.
1097 993 1150 1046 ln
1182 994 1314 1049 actis
1341 996 1549 1049 concilii
1576 994 2003 1049 Constantiensis
2028 994 2153 1048 Sirli

592 1081 864 1142 dicuntur,
891 1078 1033 1149 quod
1069 1100 1262 1138 nomen
1287 1085 1364 1140 eis
1390 1084 1658 1151 hodieque
1690 1086 1851 1140 datur
1907 1103 1933 1139 a
1963 1087 2155 1141 vicinis

586 1170 946 1238 Carniolanis,
980 1173 1291 1238 Carin’tltiis,
1326 1177 1702 1243 Stiriensibus,
1753 1178 1984 1243 Croatis,
2027 1179 2152 1231 Dal-

586 1263 768 1326 matis,
802 1262 1054 1331 Ungaris.
1078 1254 1204 1319 ideo
1232 1266 1503 1331 locnsille,
1530 1281 1688 1337 quem
1721 1269 1890 1322 nostri
1923 1270 2155 1322 Annales

594 1369 622 1405 a
657 1340 964 1407 Sunion-um
994 1357 1145 1409 clade
1180 1372 1375 1409 nomen
1411 1359 1683 1426 accepisse
1714 1369 1952 1424 narrant,
1988 1358 2040 1412 in
2071 1374 2157 1413 ar-

599 1447 826 1514 chetypo
866 1448 1149 1500 Annalium
1204 1445 1335 1502 Serl'
1378 1450 1459 1502 vel
1518 1446 1648 1503 Zur!
1676 1446 1923 1520 Zungnui
1980 1451 2156 1505 dielus

590 1540 761 1593 fuisse
797 1540 1068 1594 scribitur.
1106 1539 1217 1593 lloc
1247 1541 1386 1593 enim
1415 1538 1963 1596 GauderiusCmsaris
1991 1544 2159 1597 inter-

590 1649 716 1701 pres
769 1633 820 1684 in
883 1633 1130 1687 versione
1189 1648 1282 1687 sua
1341 1649 1446 1686 non
1506 1633 1750 1695 inseruit,
1816 1636 1920 1686 vim
1983 1634 2155 1702 ipsius

594 1726 978 1794 appellationis
1031 1726 1334 1794 explicasse
1382 1734 1687 1779 contentus.
1738 1724 1886 1779 Facit
1945 1726 2161 1782 alterius
2195 1716 2236 1772 Β

594 1820 691 1873 laci
723 1823 1042 1873 mentionem
1078 1820 1343 1873 Cedrinns
1379 1829 1429 1874 et
1458 1820 1569 1881 alii,
1603 1820 1693 1887 qui
1733 1834 1760 1873 a
1792 1819 2158 1887 'Bnlgarorum

595 1914 738 1966 caule
762 1924 985 1970 vocatus
1018 1914 1179 1967 fuerit
1205 1913 1702 1984 Bulgaroctonium.
1733 1912 1812 1965 Ad
1849 1912 1966 1980 eius
2018 1912 2163 1965 vocis

586 2005 949 2059 imitationem
1013 2004 1192 2059 licebit
1252 2005 1351 2060 hoc
1414 2004 1538 2058 Seri
1589 2002 1835 2073 Zunguni
1871 2003 2160 2058 Turcicutn

594 2095 816 2149 reddere
845 2096 1136 2162 composita
1173 2112 1300 2150 voce
1332 2095 1542 2155 Graeca,
1576 2096 2019 2150 Servoctonium.

804 2208 890 2261 58.
922 2208 1191 2263 Cildernm
1241 2209 1469 2277 anazit,
1508 2208 1679 2278 Jucup
1726 2208 1917 2263 Zelebi.

663 2298 814 2364 Quod
869 2300 1093 2369 Bajaziti
1129 2301 1315 2354 datum
1377 2300 1475 2354 fuit
1525 2316 1825 2371 cognomen
1890 2299 2164 2354 Gilderum

596 2394 707 2447 sive
774 2391 1054 2456 Gildcrun,
1118 2393 1569 2462 significationem
1660 2392 1899 2446 fulminis
1975 2392 2165 2465 habet:

597 2484 816 2553 perinde
844 2501 909 2537 ac
935 2485 998 2537 de
1027 2485 1219 2553 priscis
1248 2485 1351 2540 illis
1402 2484 1640 2559 regibus.
1695 2484 1985 2538 Alexandri
2037 2500 2165 2538 suc«

590 2576 923 2641 rcssoribus,
958 2577 1175 2645 quidam
1204 2577 1439 2632 Cerauni
1503 2578 1618 2631 sive
1678 2575 1918 2633 fulminis
1971 2592 2170 2647 cogno-

595 2685 718 2721 men
767 2670 978 2734 habuit,
1008 2669 1193 2722 eadem
1242 2686 1308 2723 cx
1344 2684 1506 2723 causa
1564 2669 1877 2734 celeritatis,
1916 2679 1968 2723 et
2000 2671 2172 2739 impe-

592 2744 683 2815 tus
723 2762 773 2815 in
818 2761 968 2814 hellis
1020 2761 1270 2830 gerendis
1324 2760 1513 2815 subiti.
1574 2761 1801 2830 Laclapis
1858 2761 2169 2830 appellatio,

538 2904 539 2907 η
596 2870 757 2922 quam
789 2853 833 2907 ci
889 2853 1107 2922 quidam
1151 2837 1219 2905 ex
1271 2850 1511 2906 Laonieo
1565 2853 1831 2915 tribuunt,
1886 2852 2170 2918 signiticati

596 2944 822 2999 alterius
851 2951 951 2999 est.
1010 2944 1099 2997 Sic
1132 2944 1274 2996 enim
1306 2943 1578 2996 turbinem
1612 2942 1780 2997 Graeci
1837 2951 2054 2997 vocant.
2113 2940 2174 2996 Et

1796 242 2120 305 JOANNIS
2158 247 2619 319 LEUNCLAViI

585 359 641 406 et
684 352 913 406 Annales
948 354 1206 407 Attstrinci
1271 354 1511 421 Svrviatn
1563 353 1833 413 dixerunt.
1896 359 2374 424 quorum—Anc".
2432 367 2747 423 (ζειωεηυηι
2805 370 2915 424 sive
2994 369 3303 423 cep-ianum
3378 390 3563 439 puum

3668 262 3767 327 7M

3598 392 3611 427 2
3658 392 3765 427 (lilii!

2257 469 2463 522 narrat,
2528 460 2867 517 Theodorum
2930 465 3225 525 Lascarim.
3287 478 3500 534 areepto
3550 467 3764 533 imperio,

2255 552 2571 608 Celvianum
2632 559 2942 620 universum
2975 602 2990 623 ,
3047 578 3169 615 cum
3222 560 3497 615 Maeandria
3558 561 3767 629 regione,

2256 660 2377 698 cum
2413 645 2805 717 Philadelphia,
2840 661 2893 703 et
2949 650 3279 711 Neoca‘stris.
3334 665 3632 718 occupasse.
3682 650 3773 704 ile-

2258 735 2469 807 l'erenda
2519 753 2646 792 vero
2680 748 2805 793 sunt
2839 740 2949 794 haec
2977 742 3040 795 ad
3075 754 3275 794 annum
3295 741 3643 795 Christianum
3668 743 3771 809 plus

2259 828 2436 880 minus
2472 827 2630 897 1206;
2648 846 2756 900 quo
2791 844 3033 901 tempore
3064 835 3289 887 necdum
3343 846 3435 887 seu
3491 831 3772 898 Germiano,

2259 936 2354 975 seu
2380 920 2633 976 Celviano
2693 924 3030 994 imperabant
3056 925 3222 996 416
3257 924 3554 980 iconienscs
3580 924 3772 993 sultatti,

2260 1013 2352 1065 sed
2381 1023 2498 1067 erat
2548 1016 2724 1068 adhuc
2774 1031 2833 1070 ea
2897 1018 3044 1082 regio
3094 1016 3263 1070 Graeci
3307 1016 3468 1084 juris,
3502 1024 3554 1069 et
3601 1031 3627 1069 a
3655 1015 3774 1070 duce

2260 1103 2445 1157 Grzeco
2492 1105 2985 1161 administrabatur.
3076 1106 3327 1162 Flandris
3408 1116 3582 1159 autem
3653 1106 3773 1158 Con-

2261 1197 2603 1266 stantinopoli
2676 1198 2887 1266 petitis,
3004 1197 3319 1252 Theodorus
3430 1196 3661 1251 Lascaris
3729 1196 3772 1249 in

2262 1290 2441 1342 Asiam
2517 1290 2774 1343 minorem
2852 1290 3146 1360 profectus,
3204 1292 3364 1343 urbes
3410 1293 3474 1343 ad
3522 1290 3773 1358 imperium

2261 1389 2565 1449 spectantes
2604 1398 2633 1434 a
2673 1382 2899 1436 ducibus
2930 1382 3156 1445 Graecis,
3188 1383 3279 1452 qui
3308 1397 3370 1438 se
3401 1382 3452 1434 in
3501 1381 3595 1435 ista
3624 1395 3775 1434 rerum

2264 1473 2673 1544 perturbatione
2716 1474 2965 1529 dominos
3002 1489 3191 1528 earum
3228 1474 3486 1538 fecerant,
3529 1472 3674 1527 sicuti
3702 1488 3781 1524 stt-

2264 1582 2356 1633 pra
2388 1566 2590 1618 dictum
2623 1582 2772 1620 num.
2808 1566 2893 1629 l5,
2947 1566 3240 1630 repetebat.
3297 1567 3473 1633 Atque
3508 1566 3606 1617 hoc
3650 1563 3784 1616 modo

2263 1658 2576 1712 Cclvianum
2637 1673 2854 1727 quoque
2904 1646 3117 1725 redegit
3200 1659 3253 1713 in
3290 1664 3624 1726 potestatem,
3674 1656 3787 1707 duce

2263 1748 2565 1815 Theodoro,
2630 1764 2788 1819 quem
2873 1765 2905 1803 a
2970 1749 3263 1805 stoliditate
3356 1748 3786 1803 Morotheodorum

2264 1841 2627 1909 appellabant,
2657 1841 2852 1912 ejecto.
2894 1839 3087 1895 Postea
3142 1850 3320 1895 tamen
3388 1839 3789 1894 decrescentibus

2264 1932 2522 2002 paulatim
2579 1932 2886 1987 Grtecorum
2928 1932 3158 1995 viribus,
3221 1931 3533 1988 Cclvianum
3562 1946 3588 1984 a
3622 1928 3789 1982 Turcis

2266 2035 2585 2094 occupatum
2609 2025 2799 2088 fuisse,
2826 2036 3252 2085 consentaneum
3289 2032 3404 2080 est:
3450 2024 3636 2092 quippe
3657 2025 3789 2088 cuius

2267 2118 2379 2186 agri
2469 2118 2768 2185 principem
2837 2118 3077 2172 Turcum
3146 2116 3418 2171 Laonicus
3477 2114 3787 2169 Germiannm

2266 2220 2439 2263 vocet.
2538 2209 2857 2265 licincccius
2930 2208 3115 2263 Meleci
3173 2218 3224 2263 et
3290 2207 3512 2263 Azadini
3602 2206 3789 2259 fratrem

2268 2304 2545 2357 Aladinem
2605 2304 2766 2357 tradit
2821 2303 3068 2356 eumdem
3129 2317 3246 2357 esse
3298 2300 3470 2355 videri
3525 2315 3635 2353 cum
3675 2296 3790 2348 Lao-

2271 2396 2373 2449 llil'i
2432 2395 2743 2461 Germiano,
2798 2395 2888 2464 qui
2949 2393 3188 2461 regnarit
3242 2392 3458 2457 lconii,
3515 2399 3662 2459 atque
3708 2387 3791 2439 hac

2271 2488 2531 2558 dignitate
2580 2499 2777 2542 exutus
2806 2525 2822 2551 ,
2882 2488 2935 2541 in
2986 2486 3191 2543 Ioniam
3258 2483 3591 2555 profugerit,
3640 2480 3792 2547 ibique

2272 2584 2435 2635 vitam
2462 2580 2745 2647 privatam,
2791 2578 3029 2647 quietem
3073 2580 3359 2647 amplexus
3388 2576 3572 2643 egerit.
3596 2576 3662 2628 Ita
3690 2573 3793 2641 qui-

2272 2674 2443 2725 deme
2469 2669 2645 2724 verbis
2676 2668 2897 2723 Laoniri
2920 2667 3095 2737 colligi
3151 2682 3311 2738 poSSe
3345 2668 3532 2729 fateor,
3587 2667 3795 2733 adeoque

2275 2780 2382 2818 non
2449 2763 2547 2816 alis
2598 2778 2653 2817 re
2712 2762 2904 2826 videri,
2959 2760 3188 2817 Germen
3237 2776 3370 2814 eum
3433 2760 3793 2827 commigrasse.

2275 2858 2445 2925 deque
2471 2857 2590 2909 loco
2618 2855 2881 2909 domicilii
2919 2855 3111 2923 privati
3175 2868 3478 2922 cognomen
3539 2851 3795 2919 accapissc.

2278 2946 2474 2999 Verum
2504 2961 2612 2999 non
2638 2946 2817 3008 video,
2849 2960 2951 2999 cur
2985 2944 3221 2998 hominis
3250 2944 3468 3012 privati,
3509 2943 3797 3013 privatisque

602 3038 893 3104 Baiaziles,
927 3052 1049 3091 cum
1087 3034 1504 3090 vehementioris
1559 3048 1698 3089 esset
1761 3034 1982 3103 ingenii,
2020 3030 2241 3120 facilec
2276 3038 2591 3107 parentibus
2653 3038 2758 3091 orti
2823 3037 2947 3092 (ilia:
3005 3036 3221 3105 nuptias
3275 3045 3549 3104 tantopere
3595 3032 3799 3087 Mittam

596 3118 801 3184 turbini
836 3128 1257 3187 assitnilabzttur,
1298 3137 1350 3180 ut
1394 3126 1529 3179 idem
1563 3125 1833 3182 Laonicus
1864 3127 2056 3194 inquit.
2089 3126 2164 3181 De

598 3222 921 3293 cognomine
948 3219 1152 3281 Zelebi,
1224 3218 1366 3287 quod
1402 3219 1488 3271 hic
1534 3216 1719 3286 Jacnpi
1775 3217 2051 3279 tribuitur,
2084 3216 2168 3271 di-

601 3324 748 3369 ctum
807 3314 1075 3384 superius,
1134 3326 1256 3364 esse
1289 3310 1582 3380 profectum
1652 3326 1717 3363 ex
1774 3306 2167 3363 consuetudine

591 3402 867 3472 Romana,
904 3405 993 3474 qui
1049 3402 1413 3458 nobilissimos
1471 3400 1737 3454 vocabant
1793 3403 2164 3470 Augustorum

598 3500 743 3553 "tilios
771 3510 899 3551 natu
934 3497 1185 3550 minores.
1224 3493 1476 3562 .lacupem
1507 3493 1617 3563 (qui
1646 3491 1879 3561 .lagupes
1904 3491 2166 3551 Laonico.

606 3589 805 3645 nostris
830 3589 1060 3642 Iacobus
1094 3595 1197 3650 est,
1228 3603 1332 3638 non
1377 3582 1669 3653 .luscpltus,
1705 3585 1779 3636 uti
1810 3586 2013 3653 putavit
2039 3576 2172 3636 Lao-

594 3680 782 3735 nicus.
831 3679 961 3733 Nam
1027 3676 1250 3748 lussnpli
1309 3678 1503 3732 Turcis
1551 3678 1914 3746 diciturnqui
1973 3676 2170 3747 Joseplt

605 3772 829 3844 nostris)
884 3772 1125 3827 nonnulli
1174 3779 1374 3825 temere
1436 3782 1700 3825 vocarunt
1773 3770 2169 3824 Soleimnnem:

604 3884 726 3921 cum
749 3868 922 3934 patior
949 3865 1188 3919 habenda
1221 3862 1290 3919 sit
1320 3864 1471 3924 ﬁdes.
1532 3866 1632 3919 hac
1666 3864 1879 3931 quidem
1912 3865 1963 3917 in
1998 3875 2170 3935 parte,

604 3960 799 4015 Turcis
828 3971 879 4014 et
919 3959 1140 4017 (lueris,
1170 3973 1331 4023 quam
1369 3956 1521 4024 ipsis.

592 4060 595 4061 ⁷
897 4049 983 4103 59.
1021 4046 1289 4103 Cerniimtt'
1319 4047 1468 4110 ditio,
1493 4045 1736 4101 C‘ermian
1769 4048 1883 4116 bay.

676 4144 1024 4199 Germianutn
1051 4143 1191 4197 Asitc
1221 4140 1445 4196 Minoris
1504 4156 1629 4210 pars
1662 4150 1767 4199 est.
1835 4156 1953 4209 qua:
2008 4140 2180 4196 Caria:

605 4235 797 4299 veteri,
843 4251 965 4287 cum
1029 4242 1177 4303 parte
1243 4230 1425 4304 Lydia:
1478 4232 1821 4303 blzronimquc
1871 4236 2178 4302 respondet.

602 4336 874 4394 quatenus
905 4326 969 4380 ad
1032 4326 1419 4379 mediterranea
1472 4322 1869 4397 Phrygiamque
1919 4325 2177 4395 majorem

2272 3141 2421 3200 pater
2457 3129 2681 3198 Bajaziti
2715 3129 2827 3184 lilio
2856 3127 3174 3191 conciliare,
3233 3140 3539 3196 pompaun
3582 3120 3798 3188 magnifi-

2266 3222 2575 3278 centissima
2606 3221 2888 3276 celebrare
2912 3218 3205 3280 studuerit,
3234 3217 3334 3287 qui
3363 3215 3621 3287 praecipue
3642 3224 3798 3283 putati»

2269 3314 2397 3369 tiam
2456 3313 2693 3368 aliinium
2751 3312 2804 3366 in
2857 3309 3155 3381 deligendis
3215 3310 3486 3364 uxoribus
3539 3304 3798 3375 spectabat,

2261 3408 2346 3460 .uti
2369 3407 2620 3475 deinceps
2645 3403 2922 3475 apparebit
2950 3419 3015 3457 ex
3048 3402 3179 3456 inito
3200 3416 3333 3456 cum
3379 3399 3564 3457 illustri
3609 3394 3800 3464 despiua

2273 3498 2493 3557 Serviat,
2523 3496 2672 3551 Bulci
2696 3497 2826 3557 lilia,
2860 3494 3130 3563 coniugio.
3155 3491 3260 3546 Nec
3278 3492 3415 3548 item
3440 3492 3571 3547 scire
3595 3500 3798 3557 possunt.

2260 3589 2657 3665 lquifuerinthi
2709 3587 2986 3644 Germiani
3013 3585 3289 3656 principes
3349 3585 3416 3639 ab
3470 3578 3798 3638 lconieusibus

2273 3680 2412 3735 orti:
2446 3695 2565 3733 cum
2601 3678 2758 3743 eiecti
2782 3694 2808 3731 a
2839 3676 3055 3731 Tataris
3082 3675 3418 3735 Iconienses,
3449 3672 3616 3727 nonin
3644 3665 3795 3722 lonia.

2276 3775 2366 3827 sed
2391 3773 2455 3826 ad
2489 3771 2689 3826 {Eoum
2724 3770 2912 3824 urbem
2947 3770 2997 3822 in
3031 3767 3261 3821 Thracia
3288 3766 3604 3822 exsularint.
3649 3755 3793 3809 Velim

2276 3865 2378 3919 hoc
2400 3864 2560 3917 etiam
2590 3860 2872 3930 explicari,
2905 3871 3144 3927 quonam
3196 3857 3361 3910 modo
3412 3850 3709 3909 Germianus
3743 3857 3797 3894 ex

2281 3957 2470 4009 horum
2532 3952 2763 4023 posteris
2819 3968 2848 4005 a
2906 3948 3143 4016 Bajazite
3201 3944 3425 4016 spoliari
3484 3941 3697 4013 potuerit
3745 3945 3796 3983 ea

2258 4048 2519 4119 regione,
2548 4060 2712 4114 quam
2745 4043 2986 4112 privatus
3023 4039 3160 4110 ipse,
3211 4038 3440 4107 privatis
3487 4035 3562 4106 (ut
3607 4026 3797 4119 dictum)

2280 4114 2597 4210 parentibus
2627 4145 2809 4200 natus,
2835 4148 2940 4186 non
2974 4129 3317 4200 possidebat?
3369 4144 3473 4197 quo
3502 4127 3618 4178 item
3666 4114 3800 4171 modo

2262 4222 2457 4301 possit
2480 4244 2508 4282 a
2538 4227 2884 4282 Temirlanco
2908 4224 3188 4277 restitutus
3222 4222 3278 4275 in
3330 4221 3403 4283 id,
3426 4215 3562 4289 quod
3602 4215 3648 4267 in
3678 4217 3801 4301 ρριεο

2285 4299 2422 4377 state
2440 4337 2544 4375 non
2580 4316 2881 4391 habuerat?
2924 4314 3044 4370 Ilico
3065 4314 3208 4367 enim
3250 4312 3305 4366 in
3354 4307 3639 4364 Annalibus
3680 4299 3802 4391 hisce

607 4390 690 4479 lia:
722 4421 971 4476 tendunt.
1029 4416 1178 4471 Licet
1206 4417 1308 4470 hoc
1339 4416 1419 4471 vel
1473 4432 1539 4471 ex
1584 4390 1657 4471 eo
1709 4390 2177 4487 colligereiquod
2205 4396 2479 4466 Ddiserte
2499 4390 2691 4465 tradita
2742 4408 3013 4478 leguntur.
3059 4404 3201 4459 Sunt
3253 4403 3358 4456 alia
3410 4410 3617 4470 Quoque
3654 4390 3800 4487 Ριιξτειο

609 4531 753 4568 nunc
780 4513 938 4566 etiam
965 4510 1089 4563 Nisa
1125 4509 1423 4563 collocetur
1472 4508 1526 4562 in
1566 4506 1879 4569 Germiano,
1911 4523 2030 4575 qua:
2083 4523 2177 4561 ve-

606 4605 815 4658 teribus
843 4614 925 4657 est
955 4603 1093 4672 Nysa
1139 4602 1310 4655 Cariae
1363 4600 1767 4655 mediterranea:
1802 4598 2022 4675 civitas,
2060 4615 2179 4653 ver-

607 4714 702 4751 sus
732 4697 1056 4750 Maeandrum
1085 4692 1328 4749 fluvium.
1378 4692 1490 4748 Leo
1513 4690 1744 4760 Sapiens
1770 4690 2061 4765 imperator
2124 4691 2179 4763 in

592 4770 829 4842 Novella
870 4785 937 4840 de
964 4784 1199 4841 Thronls
1228 4783 1461 4854 appellat
1488 4782 1735 4854 Nyssam,
1786 4781 1888 4837 sub
1912 4780 2181 4851 Epltesiua

590 4869 595 4875 ’
617 4877 925 4947 tnetropoli.

596 4964 763 5026 nunc
790 4970 1053 5031 interluit,
1093 4978 1150 5022 ut
1171 4968 1297 5021 olim
1327 4967 1595 5042 Maeander
1621 4965 1885 5019 iudicatas
1911 4964 2182 5036 regiones.

596 5066 705 5130 nui
741 5078 964 5132 prorsus
990 5061 1130 5115 idem
1177 5076 1299 5113 cum
1331 5058 1532 5113 Madre.
1582 5057 1787 5111 Nomen
1824 5060 1996 5128 ipsum
2047 5055 2182 5111 Ger-

616 5157 780 5212 tuiani
816 5157 957 5209 unde
989 5154 1187 5208 iactum
1218 5152 1309 5212 sit,
1360 5157 1511 5204 certo
1568 5148 1748 5205 dicere
1780 5165 1883 5203 non
1931 5163 2182 5214 possunt:

618 5249 721 5303 nisi
752 5249 979 5302 velimus
1002 5261 1030 5300 a
1062 5244 1257 5301 Gcrnte
1287 5244 1551 5307 derivare,
1578 5243 1723 5311 quod
1758 5242 1935 5312 oppidi
1963 5250 2017 5296 et
2070 5240 2186 5311 epi-

617 5350 876 5409 seOpatus
917 5351 1113 5392 nomen
1145 5344 1226 5389 est
1265 5334 1321 5387 in
1357 5332 1555 5387 Leonis
1578 5331 1802 5402 Augusti
1859 5330 2075 5385 Novella
2123 5332 2187 5384 de

600 5408 879 5497 'Thronis,
917 5430 1184 5497 Cyziceno
1247 5424 1573 5495 Hellesponti
1639 5423 2060 5493 metropolitano
2131 5423 2183 5477 in

619 5525 747 5579 Asia
777 5521 998 5577 subditi.
1063 5522 1262 5575 Praetor
1297 5531 1494 5581 noster.
1526 5519 1615 5587 qui
1666 5518 1772 5573 200
1825 5516 1947 5586 plus
2012 5516 2188 5571 minus

622 5620 780 5673 annis
810 5630 933 5673 ante
949 5617 1434 5687 Chalcocondylcm
1461 5630 1610 5667 suam
1645 5610 1861 5680 scripsit
1883 5608 2185 5669 historiam,

628 5713 835 5766 γωνίαι·
868 5713 918 5764 in
980 5710 1110 5764 luris
1165 5707 1451 5763 Gcrmiano
1506 5703 1976 5776 respondentilms,
2016 5702 2187 5771 regio-

1003 4876 1266 4930 l‘raeterea
1335 4873 1684 4928 Germianum
1747 4871 1940 4928 fluvius
2002 4872 2215 4927 Madre‘

2282 4521 2402 4576 qute
2426 4504 2491 4556 de
2522 4502 2606 4556 bis
2631 4503 2683 4554 in
2725 4499 2961 4552 medium
2991 4496 3182 4550 allerre
3237 4507 3474 4559 possem,
3506 4503 3565 4542 ac
3594 4479 3803 4576 nomina-

2261 4574 2378 4650 ‘tim
2408 4596 2620 4659 docere,
2647 4594 2781 4648 duos
2835 4588 3380 4646 lratreslatbatinem
3434 4596 3484 4637 et
3537 4574 3799 4632 Aladincmo

2283 4703 2424 4759 quos
2456 4684 2778 4742 Reineccius
2810 4684 2864 4738 in
2905 4681 3267 4738 Iconiensium
3296 4688 3576 4733 stemmate
3607 4664 3801 4725 Caicbo—

2283 4782 2424 4838 srois
2457 4780 2599 4834 lilios
2623 4778 2776 4844 facit,
2808 4776 2885 4831 uti
2937 4771 3370 4833 commentitios,
3420 4776 3474 4823 et
3505 4765 3593 4836 qui
3646 4765 3801 4813 rerum

2285 4876 2338 4928 in
2363 4883 2557 4928 natura
2585 4886 2860 4942 nunquam
2899 4865 3231 4930 exstiterint,
3269 4858 3643 4934 expungendos
3683 4858 3804 4905 esse-

2284 4967 2482 5021 Verum
2517 4965 2631 5019 lucc
2664 4964 2772 5019 alio
2798 4961 3093 5033 pertinent,
3126 4958 3307 5014 futura
3341 4942 3802 5041 cuivismanilteslf.

2288 5076 2408 5113 cum
2462 5065 2657 5126 praator
2715 5053 3005 5124 aliquando
3070 5060 3253 5107 noster
3311 5051 3365 5103 in
3403 5051 3568 5103 lucem
3621 5036 3800 5092 exierit.

2286 5150 2439 5216 Quod
2475 5150 2707 5217 denique
2757 5146 3080 5201 Reineccius
3139 5146 3235 5208 ait,
3287 5142 3457 5196 videri
3512 5132 3802 5192 Chalcocon'

2286 5244 2460 5313 dylem
2487 5243 2537 5295 in
2578 5240 2807 5297 Thracia
2834 5240 3101 5296 collocare
3133 5237 3404 5307 regionem
3461 5224 3799 5286 Germianum:

2288 5336 2352 5388 de
2376 5335 2477 5391 hoc
2507 5334 2723 5404 quidem
2757 5331 3050 5386 Germiano
3094 5344 3200 5383 non
3260 5334 3435 5392 potest
3466 5316 3646 5386 accipi,
3693 5318 3797 5404 cui"

2289 5427 2449 5479 situm
2479 5426 2533 5479 in
2564 5424 2808 5479 Anatolia
2837 5423 2929 5484 sit,
2983 5432 3039 5476 et
3095 5420 3193 5475 sub
3226 5416 3583 5473 Iconiensium
3611 5407 3801 5472 ἰηιρθτιο

2289 5516 2497 5571 Turcos
2538 5516 2765 5571 necdum
2801 5514 2854 5567 in
2906 5513 3125 5581 Europa
3162 5509 3345 5563 ﬁxisse
3379 5507 3557 5574 pedem
3606 5492 3801 5589 constet.

2292 5607 2347 5661 Si
2383 5609 2501 5673 quis
2535 5617 2713 5662 tamen
2765 5604 3038 5659 desiderat
3087 5616 3248 5658 uossc
3296 5596 3424 5667 quid
3481 5594 3574 5646 hoc
3618 5590 3801 5642 ηοιιιιηα

2295 5701 2563 5757 Lannicus
2600 5700 2876 5770 intelligat,
2908 5700 2953 5753 is
3008 5696 3165 5760 sciat,
3199 5690 3338 5764 apud
3376 5686 3595 5745 Leonem
3653 5680 3807 5739 Augu-
