4048 6208
325 288 422 347 τ’ΐὸ

1476 299 1876 358 PANDECTE
1919 299 2115 361 HIST.
2153 302 2254 362 TU
2271 305 2464 365 liClC.

3447 307 3560 368 766-

324 414 467 457 stnm
504 402 827 456 mentionem
857 404 967 458 ﬁeri
994 407 1492 477 archiepismpatus
1523 412 1888 477 Germiorum,
1923 417 1963 472 Α
1995 418 2358 480 monasteriis,
2413 418 2629 471 nomine
2659 434 2763 472 non
2825 421 2958 473 adeo
3001 420 3225 473 recenti.
3254 417 3386 472 Nam
3443 419 3552 474 Leo

325 494 440 547 sive
469 493 768 562 Gerwiani,
788 512 948 564 quem
979 497 1120 552 inter
1144 497 1448 555 Maroneam
1474 514 1523 556 et
1559 505 1891 574 Arcadiopo—

326 587 417 640 lim
450 585 697 640 Thraciae
730 589 905 642 medio
936 590 1090 659 ponit
1131 587 1278 647 loco.
1295 592 1404 650 Nec
1429 595 1480 651 in
1514 595 1729 652 Novella
1759 597 1894 653 Leo-

328 681 412 733 nis
444 678 679 744 Cermia,
711 683 801 735 sed
833 680 1049 736 Germia
1087 683 1214 750 legi.

327 796 412 849 £0.
477 796 702 861 "amid,
769 797 1090 874 Aschelicr_._
1134 798 1420 874 Critaltige,
1488 804 1887 870 Scidischelter.

997 869 1226 925 Gelvazi.

397 958 753 1025 ilciiiid,qn:e
788 959 908 1013 aliis
953 961 1132 1022 Emid.
1188 964 1396 1020 Umidie
1447 965 1612 1038 Nigro
1665 970 1888 1034 dicitur.

327 1049 591 1114 appellata
625 1051 722 1104 fuit
777 1053 974 1120 priscis
1013 1050 1142 1109 urbs
1207 1041 1460 1111 Cerasus.
1525 1060 1604 1114 Ad
1655 1049 1886 1116 Pontum

326 1142 758 1209 Cappadocicum
813 1147 983 1200 nostri
1035 1146 1311 1212 referunt;
1378 1149 1489 1205 Leo
1521 1149 1772 1219 Sapiens.
1834 1154 1886 1208 in

325 1231 563 1286 Throuis
620 1235 684 1288 ad
741 1236 971 1291 Pontum
1005 1237 1446 1295 Polemoniacum
1491 1261 1503 1295 :
1558 1242 1889 1315 sulijicitque

324 1326 642 1379 Corasuntis
687 1329 996 1398 episcopum
1057 1331 1476 1395 meerpolilano
1510 1334 1889 1392 Neoca-sarire.

328 1419 633 1474 Acschchcr
687 1423 739 1477 in
800 1421 987 1480 Ortelii
1065 1425 1248 1481 tabula
1328 1427 1554 1485 Natoliie
1623 1431 1898 1500 scriptum

324 1511 519 1574 lA-gitur
541 1513 764 1577 Acs'ira,
796 1517 1042 1571 nonnihil
1077 1517 1360 1573 immutato
1388 1523 1606 1576 nomine
1632 1521 1885 1578 Turcico.

326 1598 608 1655 Veteribus
632 1603 832 1660 Graecis
863 1605 1003 1662 dicta
1036 1605 1231 1665 fuisset
1285 1609 1634 1681 Lcucepolis,
1699 1629 1886 1668 recen-

324 1693 554 1748 tioribus
599 1695 940 1766 Asprapolis:
999 1715 1228 1770 quorum
1304 1711 1592 1774 utrumque
1643 1703 1888 1758 Turcicaa

1993 507 2522 576 quoqucimperator
2561 510 2662 563 sub
2724 510 3214 572 Thcssalonicensi.
3271 520 3552 579 metmpo-

1993 597 2160 650 litano
2193 597 2510 661 Thessaliae,
2584 600 2816 655 collocat
2871 601 3250 670 episcopatum
3299 600 3551 661 ilict-issi.

1991 703 2150 756 quem
2177 689 2276 743 alia
2329 691 2530 746 dictum
2565 693 2920 761 appellatione
2971 693 3136 748 tradit
3181 695 3552 763 episcopatum

1993 780 2186 835 Montis
2217 784 2408 840 sancti.

2157 875 2250 930 42.
2288 873 2522 944 Usen/ia,
2556 877 2691 931 Tilia
2723 877 2874 944 felix.
2923 879 3112 947 Tungri
3141 877 3372 948 Gictugi.

2062 965 2304 1021 Cassidis
2372 968 2601 1022 formam
2685 969 2952 1038 hodieque
3021 971 3252 1024 retinent
3322 967 3556 1025 USCuﬁtn

1991 1056 2292 1114 Turcorum
2324 1059 2493 1114 instar
2521 1060 2698 1130 pilcoli
2731 1061 2970 1124 rotundi.
3001 1061 3174 1116 ovalis
3203 1062 3387 1128 ﬁgam
3413 1104 3427 1122 .
3470 1061 3554 1114 vel

1990 1150 2205 1206 rotundi
2250 1150 2436 1205 calicis
2502 1150 2712 1222 ahSque
2771 1152 3082 1222 pedimequ
3123 1151 3277 1210 facta'
3304 1168 3323 1206 :
3359 1153 3550 1219 cuius-

1989 1243 2136 1298 modi
2183 1257 2416 1298 coronas
2451 1245 2632 1298 ovalcs
2673 1261 2738 1300 ex
2781 1261 2918 1299 auro
2947 1247 3124 1301 solilo
3152 1255 3364 1315 gestare
3409 1247 3552 1300 sole-

1991 1333 2120 1388 bant
2172 1334 2526 1404 imperatores
2561 1335 2756 1391 Graeci.
2791 1335 3064 1407 Plancque
3096 1336 3224 1390 talis
3257 1333 3421 1391 etiam
3455 1336 3554 1389 im-

1991 1424 2289 1492 ponebatur
2350 1427 2473 1480 huic
2527 1424 2814 1496 Theolipto
2865 1429 3213 1498 patriarchae,
3274 1446 3397 1485 cum
3451 1446 3552 1486 nos

1989 1512 2459 1586 Constantinopoli
2482 1533 2752 1582 essemus,
2779 1533 2806 1570 a
2831 1518 3045 1576 duobus
3063 1520 3182 1573 aliis
3203 1530 3333 1574 tunc
3354 1519 3551 1574 ibidem

1991 1608 2346 1676 praestantibus
2395 1610 2717 1678 patriarchis
2769 1601 3034 1666 Silvestro
3088 1611 3472 1675 Alexandrinae,
3500 1621 3555 1664 et
3639 1618 3641 1620 ’

1990 1695 2250 1751 Michaele
2303 1698 2667 1765 .‘tntiocheno,
2709 1700 2796 1754 die
2833 1718 2865 1766 ις
2897 1687 3074 1754 Martii
3135 1701 3354 1764 mensis,
3409 1717 3554 1755 anno

324 1787 662 1853 appellationi
681 1763 997 1859 respondet.
1015 1763 1134 1846 'Sed
1170 1793 1317 1848 trulla
1358 1793 1451 1850 tali
1503 1763 1723 1850 nomine
1751 1797 1885 1851 civi-
1922 1763 1960 1816 Β
1993 1788 2307 1841 Christiano
2340 1789 2508 1856 1585,
2543 1763 2660 1860 quo
2687 1763 2933 1862 tempore
2976 1795 3044 1848 ab
3078 1793 3162 1849 eis
3191 1795 3556 1862 inauguratio-

323 1891 405 1932 tas
442 1881 494 1932 in
524 1878 588 1935 iis
633 1880 767 1935 locis
832 1885 972 1951 apud
1031 1885 1239 1951 priscos
1295 1891 1584 1955 reperitur.
1626 1888 1888 1955 Cutahige

325 1971 546 2034 majoris
577 1982 656 2025 est
683 1974 874 2028 civitas
907 1972 1169 2044 Phrygim,
1225 1979 1496 2046 quondam
1531 1981 1671 2033 dicta
1726 1980 1889 2052 Coty—

321 2066 491 2118 aium.
521 2065 629 2119 Leo
669 2067 896 2134 Sapiens
950 2069 1242 2136 imperator
1275 2071 1613 2139 metropolim
1645 2071 1890 2143 Phrygiae

323 2155 473 2220 facit,
499 2156 637 2210 sicut
662 2166 714 2210 et
745 2157 904 2212 hodie
925 2158 1174 2222 celebris
1202 2171 1286 2216 est
1339 2161 1390 2216 in
1420 2163 1688 2227 Anatolio,
1731 2167 1888 2236 cujus

321 2247 378 2299 in
405 2249 581 2302 medio
611 2252 708 2302 sita
738 2258 842 2313 est,
898 2260 1117 2320 pmpter
1175 2238 1357 2307 sedem
1395 2253 1506 2308 sive
1557 2255 1888 2312 domicilium

319 2338 632 2409 Beglerhcgi
685 2341 970 2405 Anatolise,
1024 2345 1117 2412 qui
1192 2345 1383 2414 priscis
1442 2344 1702 2402 Romanis
1771 2359 1889 2402 erat

322 2435 618 2501 pvtefcctns
689 2437 1065 2504 praetoriorum
1120 2436 1379 2502 Orientis,
1443 2439 1647 2496 Graecis
1707 2451 1885 2496 autem

324 2541 557 2595 magnus
608 2527 848 2583 Orientis
893 2527 1243 2594 domesticus,
1293 2534 1434 2600 quod
1485 2549 1616 2589 sane
1674 2543 1890 2602 propter

323 2616 540 2684 impun-ii
601 2623 797 2673 veteris
850 2611 1178 2674 imitationes
1250 2618 1510 2676 Turi-icas
1567 2625 1884 2677 notandum.

323 2708 442 2763 Non
472 2719 613 2764 recte
652 2719 961 2766 nostrorum
1008 2712 1130 2767 aliis
1178 2714 1232 2767 in
1283 2712 1491 2768 Galatia
1541 2716 1781 2783 ponitur,
1834 2725 1887 2770 et

320 2801 461 2854 Cute
490 2802 818 2864 nominatur,
848 2809 907 2856 nt
955 2801 1192 2859 Bellonio
1218 2821 1232 2857 :
1282 2803 1439 2859 Jovio
1489 2803 1667 2870 Cutia,
1696 2816 1747 2861 et
1775 2806 1888 2862 Cu-

323 2893 434 2946 tcia
466 2911 478 2942 :
511 2892 632 2946 aliis
660 2893 892 2949 Chiutai.
941 2894 1024 2950 vel
1077 2893 1340 2950 Kiuthai:
1399 2895 1520 2951 aliis
1558 2896 1755 2960 Chuta,
1804 2889 1886 2952 vel

322 2987 558 3050 Chnton,
590 2986 681 3058 qui
705 2994 886 3042 tamen
916 2982 1019 3042 huc.
1056 2989 1276 3044 nomine
1307 2987 1571 3059 Corycum
1607 3005 1701 3057 per
1743 3005 1890 3044 erro-

1997 1889 2083 1932 tur
2107 1922 2119 1941 ,
2162 1881 2306 1947 quod
2340 1880 2513 1935 Gneci
2551 1894 2747 1937 vocant
2777 1885 2828 1938 in
2863 1885 3114 1939 thronum
3151 1885 3428 1942 collocari.
3457 1887 3558 1936 Sn-

1994 1968 2106 2022 lent
2144 1957 2407 2038 hodieque
2444 1969 2693 2038 Genizari
2743 1984 2795 2026 et
2829 1974 2919 2028 alii
2969 1973 3194 2028 ditiores
3215 1991 3426 2029 cxauro
3469 1992 3559 2030 so-

1994 2062 2103 2116 lido
2131 2063 2300 2117 factas
2319 2067 2569 2119 uscusias
2587 2075 2818 2126 gestare.
2839 2065 3008 2121 Pecos
3035 2069 3149 2137 ipse
3169 2068 3275 2122 vidi
3298 2070 3376 2122 sic
3400 2084 3558 2122 orna-

1997 2163 2076 2208 tos
2088 2156 2177 2222 qui
2193 2154 2389 2210 sultani
2406 2154 2704 2212 Turcorum
2725 2173 2976 2213 cursores
2991 2144 3356 2225 sunt,circuni
3377 2161 3556 2228 ipsum

1995 2256 2208 2312 Semper
2229 2248 2664 2316 obambulantes,
2689 2265 2812 2305 cum
2845 2264 2877 2304 e
2905 2241 3320 2318 sarai’t'preilit.
3346 2249 3553 2304 Nomen

1996 2335 2147 2393 Tilia:
2177 2337 2344 2393 felicis
2363 2337 2656 2395 Turcicum
2691 2341 2743 2394 in
2780 2341 3076 2414 archetypo
3097 2341 3312 2412 legitur.
3338 2341 3560 2396 Devetlu

1993 2428 2138 2484 Caha
2176 2432 2319 2499 Agaz
2355 2446 2370 2484 ε
2404 2445 2635 2499 quarum
2673 2447 2867 2486 vocum
2903 2433 3076 2502 prima
3111 2431 3318 2488 felicem
3351 2433 3559 2502 signiﬁ-

1995 2533 2100 2585 cat,
2135 2521 2300 2576 altera
2344 2525 2544 2588 tiliam,
2571 2525 2819 2579 arborem
2869 2526 3048 2579 tertia.
3090 2527 3220 2591 ρυω
3259 2543 3389 2579 vero
3418 2525 3560 2579 Boii-

1996 2630 2078 2667 nze
2113 2615 2181 2668 ab
2207 2616 2488 2670 eversione
2520 2617 2700 2670 divina
2727 2615 2992 2672 mansisse
3018 2618 3216 2672 dicitur
3248 2617 3560 2686 appellatio,

1994 2706 2175 2770 lingua
2230 2706 2458 2762 Turcica
2515 2706 2714 2779 Tangri
2775 2707 2987 2781 Gictugi
3037 2710 3466 2780 pronuntiatur,
3503 2707 3559 2762 id

1993 2809 2094 2865 est,
2137 2800 2275 2857 Deus
2306 2802 2520 2856 evertit.

2311 2891 2402 2949 45.
2435 2895 2770 2960 Cumulzina,
2803 2893 3055 2962 Maroh’a,
3091 2891 3263 2949 Seres.

2063 2987 2190 3044 llaec
2245 2988 2440 3059 Oppida
2488 2988 2622 3043 locis
2660 2989 2820 3058 paulo
2872 2997 2998 3043 ante
3057 2989 3353 3043 nominatis
3382 2989 3560 3042 vicina

325 3096 439 3134 rem
475 3081 767 3149 accipiunt,
824 3081 890 3136 de
944 3096 1052 3148 quo
1099 3081 1151 3134 in
1201 3081 1535 3136 Muchemcte
1597 3082 1641 3136 ll
1703 3083 1885 3138 latius.
1917 3114 1960 3174 ε
1995 3092 2143 3142 sunt.
2191 3082 2417 3136 ulterius
2468 3082 2522 3136 in
2575 3081 2837 3136 Graeciam
2872 3081 2940 3136 de
2975 3083 3062 3136 die
3088 3083 3299 3164 scilicet
3332 3085 3382 3137 in
3413 3083 3557 3138 diem

322 3171 704 3226 Seiilischeher
750 3167 965 3236 Turcis,
990 3171 1195 3228 Graecis
1239 3172 1564 3244 Hierapolis,
1613 3173 1885 3229 civitatem

324 3273 568 3319 sanctam
595 3263 705 3318 sive
731 3279 938 3318 sacram
967 3264 1253 3333 signiﬁcat.
1281 3265 1420 3319 Sunt
1471 3275 1648 3319 autem
1701 3265 1892 3320 Hiera-

325 3355 559 3427 polesin
601 3357 844 3410 Anatolio
909 3359 992 3411 vel
1033 3359 1159 3412 Asia
1213 3359 1410 3412 'minori
1461 3358 1644 3426 plures
1695 3368 1892 3427 pra‘tet'

331 3450 605 3520 Syriacam
637 3461 687 3506 et
726 3451 878 3512 alias,
909 3465 1029 3518 quae
1064 3451 1169 3504 huc
1220 3467 1325 3506 non
1360 3451 1646 3521 pertinent.
1715 3449 1888 3505 Unam

333 3541 444 3597 Leo
466 3542 684 3609 Sapiens
720 3543 997 3610 Augustus
1031 3541 1263 3620 collocat
1311 3544 1364 3595 in
1411 3541 1642 3612 Phrygia
1680 3542 1892 3597 Saluta-

332 3628 397 3701 ri,
457 3635 557 3688 sub
606 3635 1020 3704 metrOpolitano
1086 3633 1406 3704 Synadensi.
1473 3633 1708 3688 Alteram
1766 3635 1892 3689 facit

328 3727 668 3796 metropolim
701 3726 937 3797 Phrygiae.
981 3725 1347 3795 Cappatianre.
1385 3715 1474 3779 Sic
1498 3726 1640 3779 enim
1687 3727 1738 3777 in
1771 3725 1888 3794 ipsa

327 3815 526 3871 Leonis
557 3816 772 3870 novella
805 3815 1025 3886 legitur,
1052 3830 1171 3867 cum
1205 3816 1408 3868 rectius
1440 3815 1553 3868 hatc
1583 3813 1686 3868 dici
1719 3813 1890 3886 Phry-

325 3911 410 3978 g’ia
449 3907 733 3963 Pacatiana
766 3909 1015 3961 videatur
1050 3910 1104 3960 in
1139 3907 1279 3962 libro
1301 3909 1363 3962 de
1388 3910 1670 3978 utriusque
1726 3909 1890 3977 impe-

325 4004 390 4057 rii
419 4005 630 4058 notitia.
679 4004 871 4058 Lector
912 4013 1088 4058 utram
1160 4003 1323 4065 volet,
1375 4002 1624 4072 accipiat.
1673 3999 1889 4057 Gelvazi

323 4098 564 4167 denique
590 4097 858 4166 reperitur
887 4098 940 4150 in
966 4095 1234 4150 Anatolim
1288 4095 1489 4156 tabula,
1538 4102 1641 4148 nOu
1705 4093 1891 4161 procul

323 4191 684 4247 aCcrasunte
749 4189 830 4243 vel
891 4189 1101 4244 Omidie
1156 4189 1296 4252 sita;
1367 4187 1461 4242 sed
1517 4184 1894 4241 immutatione

327 4283 632 4338 litterarum
665 4282 882 4348 exigua,
915 4281 1174 4335 Giulvaza
1204 4278 1481 4334 scribitur.

745 4372 835 4428 41.
868 4375 1200 4442 Magaigara.
1254 4368 1468 4423 Bolina.

1996 3173 2463 3242 progredientibus
2494 3172 2784 3228 e'l'hracia
2846 3171 3066 3230 Turcis.
3117 3159 3262 3228 Sunt
3313 3175 3455 3229 enim
3506 3175 3560 3246 in

1992 3265 2190 3324 ﬁnibus
2218 3267 2459 3320 Thraciae
2491 3265 2812 3321 Gumulzina
2848 3275 2901 3320 ct
2933 3265 3152 3320 Marolia
3175 3307 3188 3326 .
3221 3282 3327 3321 non
3363 3283 3558 3334 magno

1993 3357 2278 3426 disiuncta:
2302 3357 2600 3412 intervallo.
2632 3357 2957 3411 Giimnlzina
2995 3357 3255 3410 Castaldo
3291 3359 3341 3411 in
3372 3359 3554 3412 tabula

1995 3443 2214 3504 Crzeciw
2247 3450 2536 3504 recentiori
2585 3449 2847 3528 Culmaza
2887 3458 3142 3519 corrupte
3188 3451 3386 3518 scripta
3433 3450 3560 3520 legi-

1994 3549 2085 3595 tur
2109 3577 2125 3603 ,
2184 3556 2280 3609 pro
2331 3541 2598 3596 Cumulza
2632 3541 2713 3595 vel
2743 3539 3026 3604 Gumnlza,
3059 3558 3222 3612 quam
3254 3540 3416 3597 Turci
3449 3542 3560 3597 Gu-

1994 3635 2284 3688 mulzinam
2315 3643 2524 3688 vocant.
2555 3633 2775 3688 Marolia
2806 3633 3009 3690 Graecis
3031 3647 3114 3690 est
3141 3634 3377 3689 Maronia
3403 3636 3562 3705 ,‘qua‘.

1996 3727 2134 3779 i‘ntcr
2169 3727 2668 3796 archiepiscopatus
2717 3725 2950 3780 refertur
2994 3743 3025 3781 a
3072 3725 3253 3782 Leone
3283 3729 3558 3794 Augusto,

1997 3815 2318 3889 gaog'rapliis
2377 3820 2578 3873 nostris
2625 3819 2738 3889 jam
2789 3819 3045 3890 Marogua
3077 3820 3294 3873 dicitur.
3335 3821 3448 3873 Sita
3478 3828 3562 3872 est

1995 3911 2133 3964 ultra
2165 3912 2434 3965 civitatem
2463 3910 2686 3972 ᾹΞιιιιηι.
2710 3912 2776 3966 de
2806 3928 2910 3981 qua
2939 3928 3166 3966 numero
3193 3911 3262 3965 52
3294 3912 3557 3978 diximus,

1996 4018 2100 4069 qua
2160 4002 2270 4057 ἰιιιι·
2324 4004 2376 4056 in
2431 4002 2770 4058 Thessaliam
2809 4003 3117 4058 e'l‘hracia.
3163 4005 3322 4058 Seres
3355 4002 3564 4059 Graecis

1995 4108 2221 4146 numero
2275 4093 2638 4149 multituiﬁnis
2669 4094 2842 4148 Serra:
2870 4094 3142 4160 dicuntur,
3173 4103 3300 4148 urbs
3324 4095 3455 4148 satis
3475 4111 3559 4148 (ξι)-

1995 4183 2184 4247 lebris,
2235 4199 2398 4253 quam
2448 4182 2644 4240 Leonis
2697 4185 2926 4252 Augusti
2988 4181 3196 4238 novella
3230 4183 3394 4240 refert
3423 4185 3499 4238 int
3535 4200 3568 4241 ι·-

1995 4279 2353 4346 metropoles.
2402 4275 2610 4331 Praator
2639 4275 2863 4332 Grmciae
2912 4288 3094 4332 noster
3146 4277 3286 4330 hami
3313 4277 3502 4344 procul
3531 4293 3560 4326 ει

1993 4365 2172 4430 Cisso,
2192 4369 2256 4421 de
2275 4383 2378 4434 qua
2397 4369 2601 4422 dictum
2632 4371 2861 4421 nurnero
2887 4367 2957 4423 30
2979 4407 2998 4432 .
3051 4382 3240 4422 versus
3266 4367 3571 4432 Maritzam,

397 4467 550 4533 Quod
609 4463 862 4536 oppidum
917 4459 1082 4517 Turci
1127 4461 1446 4529 Magalgarm
1484 4460 1703 4517 nomine
1757 4461 1896 4514 acci-
1921 4447 1974 4508 Ι)
2000 4459 2079 4512 vel
2119 4458 2362 4517 Hebrum.
2390 4459 2607 4524 llmnen,
2634 4461 2887 4514 collocat.

327 4560 499 4626 piant,
534 4556 674 4610 scire
719 4564 865 4610 certe
893 4569 1002 4606 non
1051 4557 1311 4623 possum:
1346 4550 1393 4605 id
1426 4550 1646 4621 quidem
1708 4549 1890 4605 dicere

330 4650 477 4706 licet.
516 4646 881 4716 quodcunque
925 4645 1140 4698 tandem
1170 4643 1259 4704 sit,
1306 4643 1357 4696 in
1395 4641 1596 4696 ﬁnibus
1619 4639 1890 4705 Thracia,

330 4740 645 4801 Thessalizc,
694 4733 1020 4790 Macedonia:
1075 4736 1243 4804 quaeri
1308 4735 1524 4789 debere.
1587 4729 1892 4788 Gauderius

328 4836 597 4898 interpres
628 4827 860 4884 Caesaris
890 4829 1172 4882 adnotarat
1197 4827 1392 4891 videri,
1433 4826 1579 4895 quod
1610 4829 1679 4882 sit
1709 4825 1891 4897 Mega-

329 4926 539 4994 li-pnlis.
575 4923 679 4978 Sed
716 4922 806 4976 illa
830 4937 940 4974 non
973 4922 1025 4974 in
1055 4921 1140 4974 his
1164 4909 1477 4988 regionibus
1511 4919 1688 4974 loeum
1708 4917 1890 4984 habet,

328 5019 506 5072 seitin
559 5017 735 5070 Morea
801 5031 896 5069 seu
959 5013 1359 5080 Peloponneso:
1427 5027 1524 5065 nec
1587 5009 1890 5080 Magalgara

330 5127 474 5162 nunc
541 5109 760 5166 dicitur.
838 5105 930 5159 scil
995 5105 1246 5157 Leontari
1310 5104 1491 5171 vulgo.
1546 5101 1890 5155 Leontarium

329 5203 571 5258 Laonico
598 5211 651 5255 et
681 5199 802 5254 aliis
832 5189 1244 5252 recentioribus.
1286 5193 1445 5265 ἤι’]
1480 5189 1536 5248 Si
1559 5196 1679 5261 quis
1703 5196 1886 5264 appel-

330 5291 862 5348 lationemGrrecam
918 5287 1231 5359 Magalgarﬁe
1289 5288 1586 5356 proximam
1643 5288 1892 5357 requirit.

331 5387 724 5458 )iegalagoram
750 5383 1015 5453 accipiat:
1048 5397 1153 5449 qna
1202 5379 1386 5434 'forum
1421 5395 1672 5449 inagnnm
1727 5379 1894 5448 signi-

332 5481 549 5532 ﬁcatur.
585 5475 663 5530 Ex
703 5478 892 5530 eodem
929 5474 1166 5527 locorum
1229 5472 1336 5524 situ
1385 5470 1606 5538 colligo,
1643 5469 1890 5524 Bolinam

331 5571 529 5626 Turcis
559 5567 782 5630 dictum,
834 5580 953 5632 qua!
975 5564 1177 5619 Graecis
1204 5571 1288 5617 est
1323 5561 1644 5631 Appollonia
1695 5563 1894 5615 montis

335 5664 480 5726 Albi,
509 5661 599 5726 qui
632 5675 772 5711 nunc
829 5655 1032 5724 llagiou
1079 5653 1239 5717 Oros,
1295 5653 1408 5707 sive
1466 5669 1622 5706 mons
1673 5665 1896 5708 sanctus

339 5772 414 5819 ap;
439 5753 656 5811 t'lldllll‘,
693 5739 1114 5816 alicquyntiluis
1144 5746 1219 5814 (ut
1259 5743 1470 5813 opinor)
1505 5742 1887 5812 Calogerorum

2136 4549 2224 4604 μ.
2257 4549 2492 4615 Cavala,
2527 4550 2670 4616 Dire,
2701 4552 2873 4619 Sirus,
2909 4549 3193 4616 Mau'ash'r.
3225 4552 3458 4611 Selcruc.

2069 4641 2404 4697 Recitantur
2437 4645 2630 4698 ordine
2674 4644 2858 4714 plures
2919 4660 2946 4697 a
3001 4643 3198 4700 Turcis
3229 4658 3400 4715 capite
3434 4646 3572 4701 civi'

1997 4743 2134 4788 tates
2181 4733 2234 4787 in
2279 4732 2582 4788 conﬁnibus
2609 4732 2855 4790 Thraciae
2877 4779 2890 4800 ,
2925 4734 3254 4791 Macedoniae
3285 4778 3301 4802 ,
3334 4737 3572 4794 Τιιεειιιι-

2003 4823 2110 4879 lite.
2169 4823 2370 4879 Cavala
2422 4840 2613 4880 versus
2656 4823 2939 4896 Philippos
2988 4827 3320 4884 Macedonia:
3380 4833 3571 4887 tendit.

2003 4915 2369 4986 Bucephalum
2405 4918 2610 4986 putarit
2641 4915 2917 4976 Bellonins
2963 4923 3207 4991 antiquis
3239 4923 3409 4979 fuisse
3489 4926 3567 4978 di-

2003 5019 2176 5073 ctam,
2219 5010 2287 5062 ab
2337 5025 2478 5079 equo
2520 5012 2663 5082 regis
2683 5011 2996 5070 Alexandri.
3060 5015 3178 5068 Dire
3208 5017 3418 5070 videtur
3451 5033 3576 5071 csso

2004 5101 2164 5155 Doari
2197 5103 2275 5154 vel
2303 5103 2478 5162 Deari.
2509 5119 2672 5172 quam
2703 5106 2891 5159 eadem
2914 5109 2962 5158 in
2994 5107 3188 5161 vicinia
3219 5109 3550 5162 recentior-os

2001 5192 2289 5260 geographi
2315 5191 2607 5248 collocant.
2637 5191 2818 5254 Siros.
2853 5211 2970 5248 mea
3033 5196 3250 5264 quidem
3283 5197 3574 5266 opinione,

2001 5282 2165 5338 fuerit
2215 5278 2723 5355 Hierissus;cujus
2781 5287 3150 5355 episcopatum
3215 5286 3570 5342 Thessaloni-

2001 5376 2148 5432 Censi
2199 5378 2405 5431 novella
2445 5377 2641 5432 Leonis
2677 5379 3025 5448 imperatoris
3057 5378 3299 5447 subiicit,
3336 5390 3389 5432 et
3423 5377 3572 5433 Mon.

2005 5466 2072 5520 tis
2102 5477 2317 5534 quoque
2345 5469 2518 5521 sancti
2556 5476 2710 5522 vocat
2743 5465 3137 5534 episcopatum,
3173 5474 3230 5519 ut
3255 5467 3414 5534 paulo
3446 5477 3574 5518 ante

2001 5560 2236 5621 dictum,
2290 5576 2517 5617 numero
2549 5561 2637 5615 Η.
2664 5563 2772 5612 Aut
2808 5557 2978 5630 Syrus
3010 5576 3037 5612 a
3071 5559 3266 5613 Turcis
3297 5561 3440 5611 dicta
3471 5575 3575 5630 pro

2005 5651 2218 5713 Sidi-us.
2253 5667 2372 5719 quae
2410 5653 2731 5721 Sidrocapsa
2762 5666 2927 5715 nunc,
2949 5651 3012 5704 ad
3041 5649 3269 5703 Montem
3295 5660 3566 5703 sanctum.

2004 5743 2149 5800 \clut
2179 5757 2206 5796 It
2251 5743 2402 5797 nobis
2437 5743 2748 5796 minutatum
2781 5744 3050 5814 superius,
3085 5759 3307 5796 numero
3344 5741 3425 5796 l8.
3452 5736 3572 5794 hicn.
