4048 6208
508 312 615 375 767

1713 314 2043 375 JOANNIS
2083 316 2553 376 LEUNCLAVII

3647 316 3753 377 τίῖὸ

509 426 683 479 nastir
740 424 1000 493 oppidum
1060 424 1254 479 Turcis
1324 427 1544 488 dictum,
1583 444 1778 481 nomen
1839 428 2085 483 Grmcum
2119 437 2162 487 Α
2194 430 2523 488 Astracanii.
2569 445 2620 483 ut
2656 432 2986 496 Prtecopitir,
3036 442 3093 485 ut
3146 431 3346 485 Keraii.
3404 430 3749 486 Reiueccium

507 519 669 573 habet
688 517 1065 578 Monastirion.
1097 534 1125 571 a
1163 520 1569 588 propinquitate
1604 522 1778 591 (puto)
1807 533 2083 576 monaste-

510 609 711 663 riorum
773 608 972 663 Montis
1009 610 1211 668 sancti.
1242 627 1472 677 quorum
1513 612 1688 667 obiter
1721 614 1858 667 facta
1895 630 2083 667 nume—

509 715 572 754 ro
617 702 680 755 Π
716 700 814 754 fuit
848 702 1070 756 mentio.
1113 701 1330 760 Nicetas
1363 706 1433 772 (si
1467 717 1611 761 recte
1658 707 1903 774 memini)
1950 706 2085 762 Leo-

511 806 630 844 nem
666 794 951 859 quemdam
991 793 1414 850 Monastiriotem
1470 799 1732 857 nominat.
1792 800 2080 853 oriundum

510 896 572 931 ex
606 882 705 933 hoc
744 883 965 950 Oppido.
996 882 1305 954 Geographi
1348 890 1522 941 nostri
1558 886 1819 941 Monestir
1854 889 1996 942 aliud
2027 890 2079 943 in

511 971 820 1026 Macedonia
874 986 1143 1044 ponunt,
1181 980 1323 1031 ultra
1381 977 1876 1040 Thessalonicam;
1934 982 2080 1051 quod

510 1064 618 1118 huc
670 1064 944 1131 pertinere
992 1084 1100 1120 non
1147 1068 1417 1131 arbitror.
1454 1072 1524 1126 ob
1559 1074 1892 1127 mentionem
1952 1073 2084 1128 vici-

510 1170 700 1211 norum
739 1158 1009 1220 locorum,
1047 1176 1169 1231 qum
1206 1163 1348 1218 ultra
1384 1165 1835 1220 Thessalonicam
1874 1182 1931 1221 se
1971 1183 2078 1222 non

508 1253 815 1335 porrigit-nt.
847 1254 911 1307 Et
942 1253 1332 1310 Thessalonica
1358 1257 1520 1312 Turci
1564 1275 1671 1313 non
1702 1262 1804 1313 sub
1834 1261 1937 1315 hoc
1966 1261 2081 1316 Mu-

509 1356 629 1398 rate
666 1347 708 1408 l,
740 1348 834 1401 sed
873 1348 990 1415 ejus
1026 1359 1323 1418 pronepote
1378 1349 1455 1414 ll,
1499 1353 1654 1419 poriti
1681 1362 1829 1407 sunt.
1856 1354 2082 1410 Seleruc

509 1437 563 1490 in
595 1439 997 1494 recentioribus
1023 1441 1220 1494 tabulis
1249 1443 1627 1512 geographieis
1658 1460 1763 1497 non
1793 1448 2078 1514 reperitur,

510 1529 612 1584 nisi
648 1531 785 1586 forte
815 1531 885 1585 sit
915 1533 1049 1587 illud
1078 1532 1293 1597 Silelar,
1329 1536 1473 1604 quod
1502 1552 1608 1590 non
1634 1540 1822 1607 procul
1851 1554 1875 1591 a
1904 1540 2081 1594 Monte

510 1632 701 1677 sancto
735 1626 1057 1682 collocatur.

506 1734 597 1793 45.
635 1737 949 1801 Temirlauc,
980 1740 1154 1795 Temir
1218 1744 1384 1806 Chan,
1427 1746 1597 1798 Temir
1644 1746 1803 1802 Cutlt.’
1837 1767 1855 1804 :
1884 1747 2073 1804 Summ

880 1810 1101 1877 Borcuc,
1134 1812 1400 1869 Desteuses
1448 1815 1655 1872 Tatari.

578 1896 752 1963 Quem
807 1903 983 1956 nostri
1032 1920 1141 1957 non
1195 1916 1344 1961 recte
1390 1906 1885 1979 Tamerlanem,et
1917 1913 2077 1967 Tam-

510 1989 818 2055 burlauem.
871 1994 1043 2049 Graeci
1097 1997 1375 2053 Temirem
1449 2013 1647 2055 vocant
1687 2020 1701 2058 :
1750 2005 1849 2058 isa
1882 2005 2076 2062 Turcis

510 2083 829 2154 plerumque
882 2086 1090 2152 Temir,
1144 2092 1226 2145 V’Pl
1287 2092 1489 2148 Temur
1538 2094 1712 2161 Cbau,
1745 2099 1888 2167 quod
1918 2102 2077 2167 regia:

510 2174 784 2242 dignitatis
814 2189 899 2234 est
932 2197 1153 2245 nomen.
1187 2186 1511 2253 explicatum
1550 2204 1711 2260 supra
1757 2208 1981 2246 numero
2005 2196 2038 2249 5
2059 2235 2075 2257 ,

510 2265 821 2323 dicisolet:
868 2288 931 2353 ac
970 2275 1015 2328 si
1057 2277 1434 2334 nominaretur
1478 2278 1850 2350 Hispanorum
1901 2303 2074 2354 inore,

513 2356 624 2411 Don
662 2358 861 2419 Temir.
899 2362 1183 2431 Significat
1212 2379 1392 2425 autem
1427 2389 1525 2427 vox
1561 2373 1747 2430 Ternir
1784 2419 1799 2441 ,
1830 2378 1945 2431 sive
1974 2378 2076 2434 Te-

510 2468 648 2519 mur,
681 2451 906 2518 ferrum.
944 2457 993 2512 id
1026 2471 1129 2524 est,
1167 2463 1427 2530 gladium.
1466 2468 1671 2529 Tatari.
1704 2480 1923 2539 proriter
1951 2490 2075 2528 suc-

507 2558 695 2600 cessus
736 2563 919 2601 rerum
978 2554 1375 2621 prosperi-imos
1406 2596 1421 2623 ,
1469 2558 1653 2612 Temir
1683 2560 1844 2615 Cutlu
1876 2579 2077 2633 cogno-

510 2635 783 2691 minarunt
827 2658 841 2694 :
900 2640 1000 2696 hoc
1032 2654 1134 2706 est,
1182 2643 1385 2701 ferrum
1439 2664 1538 2703 seu
1575 2649 1810 2719 gladium
1840 2652 2073 2708 felicem.

512 2726 910 2800 Nonnunquam
952 2724 1246 2800 lauten,'ut
1277 2737 1384 2793 hoc
1412 2741 1573 2794 etiam
1600 2742 1890 2796 Annalium
1931 2744 2073 2810 loco,

509 2818 694 2875 Temir
726 2823 872 2878 Lanc
901 2830 1228 2897 appellatur,
1248 2834 1390 2899 quod
1419 2832 1685 2889 Temirem
1715 2836 1967 2890 claudum
1997 2837 2073 2892 si-

514 2912 754 2979 gniﬁcat.
783 2913 993 2986 Quippe
1031 2918 1402 2983 claudicabat,
1432 2932 1491 2974 ut
1520 2921 1749 2991 ipsemet
1783 2925 2075 2980 conﬁtetur

514 3007 566 3059 in
600 3007 774 3074 primo
808 3023 930 3061 cum
973 3007 1211 3078 Bajazite
1264 3022 1423 3082 capto
1472 3028 1763 3084 congressu
1818 3026 1870 3071 et
1908 3018 2075 3072 collo-

2188 538 2317 575 sane
2344 527 2510 577 miror
2543 542 2604 578 ex
2644 525 2910 578 Sabellico
2941 535 3179 591 repetere
3203 565 3218 590 ,
3267 523 3590 578 Tatarorum
3650 516 3757 579 im.

2185 627 2489 683 peratorem
2531 627 2690 670 :etate
2725 618 2981 673 Sabellici
3006 629 3256 673 vocatum
3291 619 3459 672 fuisse
3502 619 3751 683 Nogaim.

2184 707 2396 777 Quippe
2448 709 2612 776 Νομίιί
2665 709 2849 765 Tatari
2898 712 3136 767 nationis
3186 721 3273 765 est
3327 728 3550 769 nomen.
3590 712 3753 777 cujus

2186 803 2437 870 princeps
2483 802 2750 872 hodieque
2802 802 2967 873 Nogai
3010 804 3161 858 Chan
3200 805 3416 858 dicitur.
3461 803 3552 858 Sic
3604 805 3748 873 apud

2185 892 2609 963 Par-hymet'iutn
2660 893 2840 965 Negas
2895 895 3095 967 Scytha
3158 897 3377 961 legitur.
3419 906 3471 951 ct
3506 897 3750 951 Cazanes

2187 987 2417 1057 Scytha,
2470 1004 2568 1059 pro
2604 986 2935 1058 Nogaiorum
2958 1027 2974 1053 ,
3010 990 3094 1042 vel
3129 988 3453 1059 Nega-orum
3487 1001 3540 1043 et
3582 990 3749 1043 Casa-

2184 1083 2399 1137 niorum
2433 1084 2622 1138 Chane
2674 1085 2786 1140 sive
2818 1084 3090 1152 principe.
3128 1083 3228 1150 Qui
3263 1099 3393 1136 vero
3418 1086 3525 1139 sint
3554 1086 3606 1139 hi
3648 1086 3742 1137 Du-

2184 1186 2418 1241 stenses,
2454 1177 2753 1247 intelligere
2780 1177 2908 1231 licet
2930 1193 2991 1232 ex
3022 1177 3091 1231 iis
3115 1193 3236 1246 qune
3260 1176 3521 1245 deinceps
3555 1178 3606 1230 in
3638 1178 3743 1234 vita

2184 1269 2541 1324 llluchemetis
2592 1268 2822 1324 secundi
2862 1268 3152 1339 leguntur,
3184 1267 3251 1322 de
3281 1269 3525 1322 subactis
3556 1269 3744 1323 incolis

2184 1362 2429 1416 Tauricae
2474 1362 2807 1418 Cherronesi
2842 1371 2963 1432 post
2996 1372 3209 1431 captam
3252 1362 3440 1416 urbem
3478 1361 3741 1428 Capham.

2183 1454 2393 1523 Quippe
2421 1454 2713 1509 Destenses
2749 1470 2873 1508 cum
2907 1454 3165 1509 Kerimiis
3191 1455 3304 1509 sive
3326 1454 3547 1508 Crimiis
3580 1453 3742 1507 Tata-

2184 1550 2261 1602 ris
2317 1548 2575 1613 (Crimski
2610 1562 2753 1601 nunc
2818 1563 2846 1599 a
2911 1547 3107 1602 vicinis
3167 1546 3471 1615 dicuntur),
3522 1562 3588 1600 eo
3623 1546 3744 1599 loco

2184 1650 2497 1694 nostrorum
2559 1640 2837 1695 annalium
2907 1638 3354 1709 conjuuguntur:
3419 1638 3486 1692 de
3544 1639 3742 1707 quibus

2180 1732 2396 1786 Crimiis
2422 1748 2519 1786 uos
2544 1733 2597 1786 in
2627 1731 3014 1800 Supplemento
3057 1728 3333 1784 annalium
3370 1768 3384 1793 ,
3420 1730 3508 1783 ubi
3541 1729 3739 1783 bellum

2183 1829 2283 1880 hoc
2315 1824 2605 1878 decennale
2627 1822 2911 1878 Persicum
2941 1822 3287 1892 exponimus,
3322 1822 3620 1878 luculente.

2177 1944 2266 1998 46.
2304 1943 2493 1995 Lazari
2542 1940 2738 2001 Semita
2771 1941 3029 2008 principes
3059 1954 3077 1992 :
3115 1940 3373 2005 Bulcogli.
3405 1939 3738 2002 Bulcovitzii,

2249 2013 2542 2067 Bucovitzii
2560 2029 2578 2065 :
2609 2011 2928 2075 Cratcvilzii,
2952 2012 3270 2065 Ccrnovitzii
3294 2029 3307 2064 :
3331 2011 3671 2064 Karlovitzii.

2250 2104 2325 2159 Ex
2354 2106 2420 2158 iis
2449 2122 2571 2175 quze
2613 2105 2873 2172 deinceps
2901 2103 2953 2155 in
2989 2102 3072 2158 his
3098 2102 3405 2157 Annalibus
3435 2113 3741 2171 scqmrntur

2178 2199 2612 2253 animadvertere
2640 2196 2765 2251 licet
2796 2214 2811 2251 :
2842 2196 3053 2250 Turcos
3078 2211 3107 2249 a
3142 2194 3351 2249 Lazaro
3379 2195 3458 2249 vel
3486 2196 3740 2249 Eleazaro

2180 2288 2370 2347 Bulco.
2418 2289 2559 2340 sicut
2600 2285 2902 2357 appellatur
2931 2300 2960 2339 a
3000 2284 3430 2356 Chalcoeondyle
3456 2327 3472 2349 ,
3507 2286 3598 2354 qui
3631 2290 3742 2355 pri-

2178 2398 2297 2434 mus
2351 2381 2627 2449 regionem
2684 2380 2822 2434 Istro
2871 2380 3210 2446 adiacentem
3272 2380 3385 2434 sive
3436 2377 3679 2433 Serviani
3711 2397 3741 2435 a

2180 2474 2457 2543 Stephano
2508 2490 2633 2544 rege
2677 2475 2910 2544 Bulgaro
2980 2483 3172 2528 nactus
3219 2473 3341 2535 fuit,
3389 2488 3740 2530 successores

2176 2583 2387 2630 omnes.
2427 2556 2630 2622 Serviae
2659 2569 2913 2635 despotas
2945 2568 3061 2622 sive
3096 2566 3393 2636 principes.
3438 2567 3742 2634 appellasse

2178 2660 2414 2713 Lazarus
2435 2699 2448 2721 .
2484 2668 2543 2712 ut
2570 2674 2762 2714 omnes
2797 2656 3354 2725 Constantinopoleos
3384 2658 3740 2725 imperatores

2178 2752 2362 2806 itidem
2388 2752 2579 2821 dixere
2604 2747 3018 2805 Conslanlinos.
3054 2746 3327 2803 Laouicus
3359 2747 3474 2816 ipse
3494 2735 3736 2814 quodam

2177 2846 2228 2899 in
2255 2845 2378 2899 loco
2408 2844 2701 2916 Georgium
2737 2840 2945 2896 Sarviae
2975 2841 3260 2909 despotam
3314 2856 3465 2893 more
3505 2839 3737 2894 Turcico

2177 2937 2497 2989 Eleazarum
2540 2935 2655 2989 sive
2687 2931 2951 2997 Lazarum
2987 2947 3182 2987 vocare
3213 2932 3448 2995 videtur,
3483 2932 3573 2986 ubi
3608 2933 3740 2987 dicit

2177 3027 2491 3082 Eleazarum
2518 3041 2618 3096 pro
2644 3024 2906 3094 Belgrade
2941 3026 3139 3079 multas
3183 3025 3347 3078 urbes
3374 3025 3427 3078 iu
3456 3024 3735 3080 Pannonia

510 3100 660 3167 quio,
716 3102 860 3171 quod
916 3102 970 3158 in
1034 3104 1339 3163 Annalibus
1395 3107 1554 3176 longe
1614 3109 2068 3177 pulcherrimum,
2099 3125 2141 3184 ο
2174 3126 2526 3173 consecutum
2565 3131 2595 3169 a
2619 3115 3005 3185 Sigismundo.
3040 3114 3256 3186 Quippe
3282 3115 3522 3171 Thomas
3560 3116 3738 3169 Ehen-

511 3203 775 3262 tantoque
807 3195 1103 3251 monarcha
1141 3196 1361 3268 dignum
1403 3201 1619 3270 legitur.
1651 3202 1715 3254 Et
1744 3202 1834 3257 alii
1864 3203 2075 3258 claudi-

511 3286 740 3339 cationis
787 3284 926 3341 hanc
978 3286 1227 3343 referunt
1255 3306 1498 3355 causam,
1528 3300 1583 3345 ut
1605 3284 1899 3357 Laonicus.
1925 3294 2070 3366 quod

510 3377 751 3442 privatus
783 3378 959 3434 adhuc
1004 3390 1058 3435 et
1100 3381 1259 3451 inops
1301 3400 1541 3448 murum,
1576 3401 1686 3456 quo
1714 3388 1876 3443 cinCti
1909 3404 2072 3461 pecov

507 3484 624 3522 rntn
667 3486 857 3539 greges
886 3482 1042 3529 erant
1083 3514 1098 3540 ,
1141 3473 1271 3528 furti
1320 3479 1696 3533 committendi
1732 3495 1899 3534 causa
1939 3496 2069 3536 con-

507 3563 782 3617 sccnderit
820 3581 833 3617 :
865 3580 1099 3635 cumque
1121 3582 1179 3621 se
1201 3568 1378 3623 visum
1415 3585 1444 3624 a
1480 3569 1868 3639 patrefamilias
1896 3575 2071 3628 anim-

504 3654 851 3721 advertisset,
874 3656 927 3711 in
962 3665 1160 3712 terram
1189 3658 1467 3727 desiliens,
1497 3677 1621 3716 crus
1650 3662 1870 3734 fregerit
1901 3682 1917 3730 ;
1954 3666 2068 3734 alii,

505 3744 653 3814 quod
700 3744 842 3799 inter
885 3748 1236 3817 pugnandum
1271 3749 1324 3804 in
1360 3751 1497 3820 pede
1532 3753 1867 3818 vulneratus.
1906 3756 2071 3829 418

503 3855 568 3892 ex
627 3854 692 3893 eo
738 3848 985 3910 tempore
1044 3840 1274 3900 claudus
1333 3843 1519 3902 fuerit.
1566 3846 1616 3902 ls
1672 3858 1879 3912 autem,
1911 3849 2068 3920 cujus

506 3931 703 3986 deinde
736 3932 796 3986 ﬁt
825 3934 1053 3999 mentio,
1081 3934 1287 3991 Borcuc
1325 3938 1406 3993 vel
1440 3936 1667 4002 Bercuc,
1708 3939 1924 4012 Egypti
1957 3942 2070 3995 sul-

505 4034 666 4079 tanus
708 4023 828 4079 fuit.
863 4023 926 4078 Et
956 4041 1149 4079 nomen
1175 4025 1338 4096 hujus
1361 4045 1424 4083 ex
1450 4026 1904 4101 Sclriltepergerip
1936 4032 2069 4088 Ger-

509 4117 729 4171 manico
762 4117 969 4187 scripto
992 4159 1007 4183 ,
1061 4118 1151 4188 qui
1192 4128 1324 4175 tunc
1350 4123 1612 4192 temporis
1640 4123 1879 4179 Asiatica
1911 4140 2068 4191 pere-

507 4211 811 4277 grinatione
860 4220 1117 4281 suscepta
1141 4253 1156 4278 ,
1197 4215 1393 4284 pugnis
1421 4215 1693 4271 Tatarieis
1725 4233 1789 4274 ae
1820 4218 2068 4275 'l‘urcicis

505 4305 774 4370 interfuit,
813 4304 1139 4362 Reineccius
1170 4308 1365 4378 allegat
1401 4328 1415 4364 :
1448 4309 1518 4364 ita
1567 4321 1743 4364 tamen
1774 4327 1803 4366 a
1831 4311 2069 4367 librariis

505 4412 797 4465 mutatum,
823 4413 880 4456 ut
916 4401 1208 4457 Baracloch
1238 4418 1334 4472 pro
1361 4400 1666 4470 Barakoch,
1693 4405 1773 4459 v'cl
1794 4403 2066 4462 Baraknck

2174 3209 2366 3265 dorlus
2400 3207 2798 3264 llaselbachius
2825 3248 2840 3273 ,
2891 3208 2985 3278 qui
3019 3217 3143 3262 tunc
3171 3207 3324 3271 vixit,
3352 3207 3404 3261 in
3433 3207 3738 3263 Austriaeis

2178 3321 2344 3360 manu
2378 3303 2596 3372 scriptis
2625 3300 2812 3365 tradit,
2853 3300 2997 3357 hanc
3031 3302 3486 3371 permutationem
3522 3317 3626 3355 non
3655 3302 3738 3355 in-

2176 3408 2256 3450 ter
2272 3393 2679 3465 Sigismundum
2699 3403 2753 3448 et
2774 3392 3111 3457 Eleazarum,
3136 3395 3228 3450 sed
3244 3395 3384 3449 inter
3400 3394 3674 3449 Alhertum
3695 3396 3734 3450 ll

2171 3486 2519 3541 Austriacum
2547 3495 2599 3537 ct
2620 3482 2907 3553 Georgium
2924 3482 3126 3539 Servize
3161 3486 3462 3555 principem
3510 3487 3733 3540 lat-tam:

2171 3594 2327 3649 quem
2347 3576 2561 3646 quidem
2584 3577 2697 3644 ipse
2720 3584 2897 3641 norat,
2918 3591 3039 3631 cum
3059 3575 3109 3630 in
3125 3576 3246 3629 aula
3265 3574 3522 3630 Friderici
3540 3575 3603 3628 IV
3622 3576 3731 3629 Cae-

2171 3669 2312 3725 saris
2346 3668 2498 3723 exsnl
2554 3667 2858 3722 honoriﬁce
2899 3668 3156 3723 aleretur.
3198 3666 3365 3721 Iidem
3412 3667 3681 3735 principes
3704 3684 3731 3717 a

2170 3761 2366 3817 Turcis
2391 3759 2587 3815 alicubi
2624 3760 2784 3813 etiam
2840 3758 3079 3828 Bulcoin
3136 3760 3492 3813 nominantur
3536 3761 3603 3811 ab
3632 3759 3735 3813 hoc

2169 3856 2345 3926 primo
2369 3851 2573 3907 Lazaro
2594 3850 2761 3906 Bulco
2791 3859 3049 3921 tanquam
3082 3850 3229 3905 Bulci
3266 3851 3357 3905 lilii
3395 3851 3473 3905 vel
3515 3850 3733 3919 posteri,

2169 3950 2309 4004 sicut
2320 3958 2373 4003 et
2389 3947 2691 4018 Michalogli
2712 3958 2764 4003 et
2779 3945 3087 4014 Malcozogli
3106 3942 3526 4010 suntjlichaelis
3537 3942 3735 3998 etMar—

2170 4039 2217 4095 ci
2242 4039 2460 4109 posteri.
2477 4038 2519 4092 A
2545 4036 2750 4093 Serviis
2771 4045 2949 4091 autem
2972 4034 3182 4090 ratione
3202 4050 3426 4105 prorsus
3444 4036 3733 4091 consimili.

2171 4128 2483 4186 Bulcovitzii
2522 4128 2670 4184 fuere
2695 4127 2891 4193 vocati,
2912 4128 3058 4181 velut
3084 4126 3232 4182 Bulci
3260 4127 3353 4182 ﬁlii
3373 4128 3489 4182 sive
3510 4128 3732 4197 posteri.

2167 4221 2300 4278 Nam
2328 4222 2381 4277 id
2408 4224 2604 4292 lingua:
2625 4221 2910 4275 Slavorum
2934 4230 3025 4274 aut
3051 4217 3413 4284 Venedorum,
3436 4236 3539 4291 qna
3562 4219 3731 4273 Servii

2169 4325 2414 4377 utuntur,
2440 4313 2703 4369 familiare
2726 4320 2830 4367 est.
2862 4312 2955 4369 Sic
2979 4312 3140 4366 etiam
3179 4312 3448 4376 hodieque
3481 4310 3731 4367 Moscovii

2170 4403 2568 4467 Basilovitzios,
2628 4401 3138 4467 Theodorovitzios,
3193 4400 3584 4461 .lnanovitzios.
3635 4416 3735 4471 pro

509 4494 692 4559 potius
728 4495 1003 4549 scribatur
1031 4535 1044 4549 .
1079 4494 1170 4550 Sic
1201 4497 1345 4549 enim
1371 4490 1437 4550 ex
1463 4496 1769 4553 Annalibus
1797 4498 1946 4553 hisce
1978 4516 2062 4555 re-
2096 4476 2141 4531 θ
2168 4499 2293 4553 ﬁliis
2319 4497 2523 4560 Basilii,
2549 4493 2846 4557 Theodori,
2872 4490 3123 4557 Joannis,
3148 4491 3358 4547 dicunt.
3385 4492 3573 4545 Itidem
3600 4492 3733 4544 Cra-

499 4587 651 4642 stitui
681 4587 857 4641 debet.
880 4586 1081 4642 Nomen
1105 4588 1284 4657 ipsum
1316 4586 1597 4643 Borekuck
1627 4589 1709 4643 vel
1735 4589 2065 4656 Barackock,

504 4676 699 4732 divisis
729 4680 972 4742 vocibus,
1010 4680 1116 4734 erit
1144 4679 1317 4735 Barac
1355 4680 1498 4741 Kak.
1530 4684 1609 4735 ve!
1636 4680 1814 4739 Barac
1850 4681 1987 4751 (ξος,
2014 4682 2065 4736 id

504 4778 610 4831 est,
646 4768 761 4838 Gog
794 4770 1133 4833 benedictus,
1191 4771 1304 4825 sive
1346 4772 1601 4835 laudatus
1627 4782 1681 4826 et
1713 4774 1968 4844 inclytus.
2005 4772 2071 4828 Et

505 4860 686 4914 statim
738 4861 808 4915 ab
868 4861 1025 4915 initio
1080 4861 1471 4918 declarationis
1500 4865 1792 4927 Annalium
1828 4865 1893 4919 tle
1924 4864 2065 4929 Kuk,

503 4951 643 5015 Guk,
673 4963 722 5007 et
752 4952 887 5023 σος,
918 4953 1166 5024 (ιιιεειιιιιιι
1198 4954 1250 5008 in
1289 4953 1518 5025 Giultelp
1545 4964 1638 5008 aut
1668 4956 1901 5025 Kukelp.
1928 4957 2068 5011 dixi-

507 5063 649 5101 mus.
697 5047 988 5103 Destenses
1040 5056 1220 5101 autem
1257 5047 1492 5103 Tataros
1516 5087 1530 5110 .
1564 5049 1629 5103 de
1653 5060 1798 5103 certa
1830 5051 2063 5113 quadam

506 5143 725 5194 natione
759 5140 1083 5195 Tatarorum
1125 5142 1428 5206 accipimus
1459 5160 1473 5196 :
1505 5153 1695 5197 contra
1723 5142 1880 5201 Marii
1914 5142 2065 5212 Nigri

504 5237 828 5287 sententiam
849 5275 865 5294 ,
917 5251 1009 5304 qm
1057 5234 1222 5290 tradit
1254 5234 1307 5288 in
1342 5250 1539 5303 genere
1571 5234 1800 5289 Tataros
1832 5234 1977 5302 ipsos
2007 5249 2067 5288 se

508 5326 623 5380 Dist
648 5328 832 5395 lingua
880 5343 977 5382 sua
1028 5344 1244 5383 vocare.
1279 5326 1417 5381 Sunt
1446 5328 1588 5381 cnim
1616 5328 1816 5382 diversi
1853 5325 2063 5390 Tatari,

500 5402 695 5489 priscis
720 5421 908 5482 etiam,
944 5437 1051 5476 non
1088 5424 1188 5476 hac
1218 5425 1475 5479 duntaxat
1504 5432 1682 5486 aetate,
1706 5420 1909 5486 cogniti
1963 5436 1977 5473 :
2010 5428 2068 5473 ut

500 5518 754 5584 Aythono
784 5524 837 5568 et
862 5512 981 5567 aliis
1016 5512 1204 5584 Mogli.
1241 5514 1358 5569 sive
1395 5512 1637 5579 Mongli:
1672 5521 1730 5565 ut
1759 5510 2063 5580 Snnrongli,

501 5622 532 5661 a
591 5609 788 5663 'l'ataro
840 5607 1006 5675 fluvio
1048 5606 1201 5668 di.ti,
1254 5607 1405 5660 Velut
1448 5604 1635 5659 Tatari
1664 5603 1950 5671 aquatici;
2007 5612 2065 5656 ut

502 5701 760 5769 'l'angoti,
818 5702 905 5767 qui
954 5710 1007 5759 et
1058 5698 1331 5753 Tauchari
1360 5739 1376 5764 ,
1405 5708 1459 5752 et
1492 5696 1764 5751 Tonchari
1799 5713 1813 5749 :
1844 5706 1901 5748 ut
1934 5694 2065 5748 Chi-

515 5793 649 5850 taini
706 5792 796 5858 qui
856 5804 903 5869 et
959 5792 1251 5848 Chataiui:
1292 5802 1351 5848 ut
1382 5789 1607 5859 Nugaii,
1640 5799 1698 5844 ut
1727 5785 1965 5855 Casanii,
2008 5797 2064 5842 ut

2171 4592 2374 4647 tevitzii
2410 4589 2766 4659 Bulgarornm
2794 4585 3071 4656 principes
3101 4591 3278 4646 erant,
3306 4601 3335 4638 a
3368 4583 3550 4648 Crate,
3574 4600 3732 4652 quem

2170 4685 2427 4757 Unglesis
2463 4682 2686 4738 fratrem
2717 4680 2990 4737 Laonicus
3041 4680 3309 4745 celebrat,
3357 4680 3595 4735 oriundi.
3642 4678 3736 4733 Sic

2169 4781 2237 4833 ab
2291 4788 2524 4833 auctore
2571 4776 2785 4845 generis
2845 4773 3099 4844 appellati
3150 4772 3506 4829 Ccruovitzii.
3545 4774 3731 4827 (ἴριδι-ι

2168 4870 2451 4925 Dalmatia:
2498 4869 2847 4938 regionisque
2893 4866 3085 4921 vicime
3115 4866 3390 4933 quondam
3421 4866 3610 4933 reguli.
3640 4866 3735 4920 Sic

2168 4961 2481 5017 Karlovitzii
2533 4962 2850 5015 dicebantur
2922 4958 2974 5011 in
3022 4957 3249 5011 Albania
3284 4958 3367 5011 vel
3402 4957 3564 5026 Epiro
3597 4956 3732 5027 Dyr-

2167 5054 2415 5110 rhachini
2454 5054 2538 5107 vel
2588 5051 2835 5105 Durazzii
2897 5050 3214 5120 principes,
3270 5050 3413 5119 quod
3465 5066 3493 5101 a
3529 5048 3728 5102 Kartalo

2166 5146 2448 5217 propagati
2497 5144 2749 5209 fuissent,
2777 5158 2843 5197 ex
2878 5158 3061 5212 regum
3097 5140 3284 5196 Gallia:
3314 5141 3517 5195 familia
3545 5182 3558 5195 .
3593 5141 3722 5195 Nam

2167 5234 2479 5289 Ludovicus
2544 5232 2733 5287 Galliae
2791 5247 2907 5294 rex,
2961 5245 3125 5299 quem
3184 5232 3595 5286 canonissatum
3645 5234 3724 5301 (ut

2170 5328 2341 5392 aiunt)
2393 5341 2420 5377 a
2470 5324 2817 5395 pontiﬁcibus
2844 5322 3130 5388 Romanis,
3165 5336 3414 5379 sanctum
3449 5328 3724 5394 cognomi-

2167 5426 2317 5481 nant,
2346 5413 2569 5469 fratrem
2592 5416 2853 5471 Karulum
2881 5416 3378 5487 habuit,Andegavi
3406 5416 3727 5471 Prmincim-

2168 5525 2272 5578 que
2296 5510 2574 5570 comitem,
2608 5509 2697 5576 qui
2731 5507 3045 5565 Cunradiuo
3089 5507 3355 5563 Friderici
3396 5510 3441 5563 11
3495 5510 3723 5564 Cwsaris

2169 5600 2347 5669 nepoti
2375 5615 2599 5667 regnum
2626 5598 3038 5666 Neapolitanqu
3064 5614 3189 5652 cum
3229 5601 3333 5653 vita
3365 5617 3456 5669 per
3490 5600 3570 5653 fas
3632 5619 3720 5653 ue-

2168 5689 2250 5743 l'as
2288 5689 2507 5755 eripuit.
2543 5688 2672 5759 Ejus
2715 5689 2854 5743 lilitts
2904 5691 3003 5743 fuit
3061 5689 3297 5744 Karulus
3325 5692 3387 5753 ll,
3424 5708 3589 5758 ucpm
3620 5692 3719 5744 Pe-

2167 5791 2281 5836 trus
2326 5780 2570 5836 Gravius:
2620 5782 2748 5847 dux,
2802 5798 3070 5853 pronepos
3122 5780 3351 5840 liarulus
3400 5784 3709 5854 lilyrrhachii
