4048 6208
518 218 641 299 "771

1721 228 1962 293 JOANN
1976 232 2045 291 IS
2096 230 2526 293 LEUNCLAVl
2542 230 2566 290 Ι

3677 233 3783 264 9⁸6)

3685 256 3780 294 £12

610 349 747 404 Cum
779 355 959 399 autem
992 345 1116 397 anni
1155 338 1370 396 'l‘nrciei
1421 337 1549 404 296,
1599 340 1945 396 Christianos
1984 340 2102 396 eﬂi-
2134 350 2175 402 Α
2206 340 2553 397 Andronicus
2576 338 2911 409 Palazoiogus
2953 339 2992 393 ll
3029 341 3329 409 imperator
3391 338 3581 396 edidit.
3645 345 3772 414 Ejus

511 438 686 500 .ciant
717 436 862 490 287:
907 434 1154 502 sequitur
1206 434 1433 487 omnino
1492 441 1570 487 tot
1625 433 1785 487 annis
1845 435 2107 488 hactenus

544 530 834 600 imperium
896 524 1317 579 Osmanidarum
1374 525 1624 586 durasse,
1694 540 1913 595 sumpto
1991 525 2108 594 ejus

542 622 720 683 initio,
782 620 925 673 sicut
953 618 1248 671 indicatum
1278 627 1382 682 est,
1441 618 1510 670 ab
1547 616 1711 688 420
1738 635 1881 671 anno
1943 617 2105 673 l500.

545 714 640 767 Sin
679 713 905 765 aliorum
937 712 1091 781 sequi
1148 712 1392 766 rationes
1454 711 1728 775 velimus,
1800 716 2108 767 necessario

544 803 891 858 referendum
926 804 1023 855 erit
1067 803 1393 871 principium
1421 803 1570 870 regni
1595 802 2014 859 Osmanidarum
2040 804 2107 859 ad

540 895 1141 950 annummiristhiunm
1173 895 1337 961 {295,
1390 896 1529 964 quod
1585 898 1829 950 omnium
1875 898 2110 951 chrono-

542 977 875 1061 grapbornm
907 998 962 1042 et
1017 984 1413 1043 HistoricOrum
1467 989 1759 1043 iliusuium
1798 991 2107 1045 sententiis

541 1082 965 1137 adversabitur:
1005 1088 1098 1133 aut
1121 1082 1345 1134 omnino
1385 1079 1690 1145 latendum,
1747 1082 1801 1135 in
1852 1081 1942 1136 illa
1978 1096 2110 1152 sup~

540 1174 829 1244 putatione
894 1182 1209 1227 nostrorum
1273 1173 1514 1243 quinque
1561 1181 1711 1227 totos
1760 1187 1934 1228 annos
1989 1189 2112 1229 esse

540 1266 862 1336 superﬂuos.
1377 1317 1390 1333 ο

612 1360 701 1415 48.
736 1358 1137 1413 Monumentum
1184 1354 1417 1411 Muralis
1473 1359 1528 1412 in
1582 1374 1767 1426 campo
1814 1359 2039 1414 Cosova.

609 1448 687 1505 De
718 1451 998 1520 sepultura
1057 1449 1281 1505 Muratis
1340 1450 1520 1506 obiter
1588 1451 1812 1517 habeto,
1881 1454 2022 1507 tradi
2078 1468 2109 1507 a

540 1543 897 1613 quibusdam,
933 1543 1167 1597 cadaver
1194 1544 1312 1608 ejus
1360 1542 1618 1612 Sapiniam
1676 1548 1845 1599 fuisse
1912 1547 2110 1615 (lepor-

543 1645 736 1689 tatum.
770 1634 873 1688 Alii
911 1651 1037 1689 cum
1069 1636 1263 1689 Turcis
1332 1638 1697 1703 consentiunt,
1747 1639 1837 1705 qui
1879 1638 2107 1693 Prusam

2206 436 2353 489 enim
2404 436 2517 489 haec
2578 435 2737 489 verba
2793 443 2970 489 sunt:
3027 432 3238 497 Vidina,
3280 450 3405 503 qua:
3457 437 3608 503 prius
3661 448 3774 489 εικιί

2206 532 2551 599 episcopatus
2581 530 2910 584 sanctissimi
2945 529 3458 598 archiepisc0patus
3494 528 3773 600 Bulgaria;

2211 626 2263 677 in
2295 623 2634 690 metr0polim
2693 630 2877 675 evecta
2937 631 3037 674 est.
3080 640 3098 672 ι
3157 620 3444 675 Boniinius
3508 622 3774 677 Bndinuui

2210 715 2477 769 nominat.
2500 712 2727 767 Michael
2763 712 2938 767 [titius
2974 712 3248 776 Bidinum,
3288 715 3435 783 apud
3469 730 3635 784 quem
3688 726 3777 769 ta-

2211 821 2331 859 men
2369 808 2507 859 male
2545 805 2807 874 scriptum
2840 806 3038 875 legitur
3065 805 3384 870 Bioiinium,
3420 824 3523 878 pro
3566 808 3774 865 Bidino.

2212 897 2524 955 Vidinensis
2548 904 2920 971 sangiacatus,
2960 918 3105 956 nunc
3160 904 3303 957 inter
3355 905 3501 959 alios
3564 903 3777 975 Begler-

2202 990 2348 1061 rbego
2368 991 2782 1049 Temesvarensi
2823 995 3099 1063 subjectos
3150 1006 3495 1058 recensetur,
3546 997 3615 1051 de
3678 1014 3778 1065 quo

2212 1082 2366 1150 plura
2404 1098 2504 1137 suo
2533 1084 2675 1146 loco,
2712 1084 2767 1139 in
2797 1082 2996 1138 Notitia
3032 1085 3285 1138 videlicet
3323 1085 3548 1152 imperii
3598 1082 3777 1140 Osina-

2214 1176 2341 1230 nici.
2371 1176 2552 1232 Citros
2586 1179 2638 1233 in
2687 1178 2900 1232 novella
2931 1176 3128 1233 Leonis
3166 1180 3519 1249 imperatoris
3579 1179 3775 1247 episco-

2211 1275 2372 1336 patus
2392 1277 2478 1322 est
2510 1268 2829 1333 Thessaliae,
2860 1269 2963 1323 sub
3009 1270 3434 1339 metropolitano
3495 1266 3779 1323 Thessalu-

2204 1357 2421 1411 nicensi
2455 1375 2471 1412 :
2509 1356 2725 1413 Bozime
2758 1360 2999 1429 regionis
3026 1361 3186 1430 vulgo
3217 1376 3446 1430 quoque
3469 1370 3655 1415 notum
3705 1371 3779 1413 est

2214 1453 2661 1506 nomen.lncolas
2692 1454 2936 1507 historici
2973 1452 3145 1507 Gneci
3195 1455 3389 1509 disere
3445 1451 3778 1508 Patzinacas.

2202 1542 2434 1611 Origine
2474 1554 2603 1597 sunt
2656 1545 2880 1609 Veneili,
2925 1547 3070 1614 quod
3139 1561 3204 1600 ex
3252 1547 3372 1616 ipsa
3427 1546 3634 1615 lingua,
3688 1564 3781 1612 qua

2216 1643 2447 1687 utuntur
2478 1634 2750 1705 hodieque
2786 1635 3002 1691 Veneda
3036 1638 3227 1705 liquet.
3290 1638 3670 1706 Antiquitates
3701 1639 3783 1689 Im-

545 1739 848 1780 memorant
910 1738 1181 1789 avectam,
1240 1734 1292 1780 et
1342 1729 1492 1795 juxta
1544 1728 1807 1783 Thermas
1859 1729 2107 1785 Ρνιιεξιηιε
2145 1710 2183 1764 Β
2217 1740 2334 1778 rum
2365 1723 2633 1781 Cedriuus
2697 1727 2750 1781 in
2810 1727 3170 1784 Mononiacho
3220 1731 3474 1799 Augusto
3523 1731 3780 1783 lui-uitale

544 1820 812 1887 majorum
849 1821 1215 1875 monumentis
1246 1828 1631 1890 aggregatum:
1682 1821 1753 1875 ita
1811 1832 2010 1888 tamen,
2044 1835 2110 1878 ut

543 1912 697 1978 prius
722 1913 1139 1975 eriseeraretnr,
1171 1924 1226 1967 et
1260 1914 1515 1967 intestina
1548 1915 1600 1967 in
1658 1915 1881 1983 planitie
1936 1916 2109 1970 Cuse-

543 2017 680 2056 rana
713 2005 1125 2073 (tlassovianam
1154 2006 1494 2059 Sansovinns
1542 2006 1741 2075 ubique
1800 2023 1904 2061 non
1967 2017 2112 2062 recte

546 2095 905 2165 vocat)terrae
943 2098 1358 2153 mandarentur.
1401 2100 1457 2153 id
1527 2116 1716 2153 verum
1778 2116 1900 2155 esse
1958 2101 2116 2156 colli-

544 2188 694 2255 gitur
715 2204 779 2241 ex
816 2189 897 2243 his
935 2189 1166 2242 Boniinii
1209 2192 1410 2255 verbis,
1460 2192 1658 2262 quibus
1693 2193 1856 2245 etiam
1917 2208 2115 2247 monu-

548 2279 739 2342 menti,
776 2295 843 2334 eo
880 2280 1000 2334 loco
1030 2282 1237 2347 relicti,
1308 2284 1578 2352 hodieque
1652 2286 1990 2353 superstitis.
2060 2295 2116 2339 et

548 2372 707 2426 nobis
735 2388 764 2426 a
790 2373 1084 2429 comitibus
1116 2373 1312 2429 Turcis
1374 2376 1687 2438 monstrati,
1742 2377 1946 2430 mentio
2008 2376 2113 2441 ﬁt;

547 2461 607 2516 In
631 2463 809 2525 media
839 2464 1198 2535 (iuqnit)l‘ere
1237 2468 1467 2536 planitie
1515 2466 1739 2524 Cosam
1795 2468 1948 2522 collis
2003 2484 2119 2523 mo-

543 2558 699 2609 «licus
727 2557 989 2625 assurgit,
1050 2557 1206 2629 cujus
1273 2560 1487 2614 radices
1553 2560 1831 2614 Seliitniza
1905 2561 2113 2615 lambit.

544 2646 663 2699 Non
697 2648 866 2701 multo
892 2647 1154 2712 ulterius,
1205 2650 1270 2703 ad
1309 2659 1475 2721 caput
1539 2651 1802 2721 mqueris.
1866 2652 2111 2721 quaedam

538 2743 716 2795 .turris
747 2749 888 2805 erat,
921 2744 1201 2810 cujusdam
1232 2742 1362 2795 olim
1422 2742 1705 2799 Amnratis
1760 2742 2005 2797 tumulus
2063 2754 2117 2798 et

544 2832 790 2903 pyramis
818 2848 832 2886 :
864 2832 954 2902 qui
982 2832 1268 2903 proﬂigato
1299 2835 1564 2900 exercitu,
1606 2836 1680 2889 ibi
1712 2850 1884 2890 casus
1926 2843 1979 2888 et
2031 2851 2117 2890 se-

551 2924 740 2992 pultus
773 2933 875 2976 est.
914 2921 1188 2977 ilartenus
1214 2924 1520 2989 Bontinius,
1547 2927 1705 2995 cujus
1765 2926 1946 2982 verbis
1980 2942 2117 2981 non-
2208 2956 2211 2959 -

556 3013 692 3066 nihil
725 3013 1104 3067 inluni-eamus.
1136 3010 1467 3069 Scbitnizatn
1517 3015 1606 3069 alii
1644 3016 1975 3070 Scbinitzam
2041 3026 2117 3070 te-

530 3120 705 3158 .inere
745 3106 1028 3160 nominare
1064 3106 1296 3159 malunt.
1328 3109 1409 3158 An
1446 3105 1613 3160 idem
1642 3108 1843 3163 ﬂuvius
1897 3108 1969 3162 sit
1996 3123 2121 3162 ωιι

549 3196 794 3261 Morare,
832 3197 1135 3253 videbimus
1156 3198 1439 3269 deinceps,
1466 3215 1692 3253 nurnero
1720 3209 1975 3261 notarum
1995 3200 2119 3255 £34.

554 3292 840 3346 Amuratis
861 3293 1132 3347 tumulum
1184 3300 1242 3346 et
1294 3292 1629 3361 sepulturam
1689 3292 1962 3360 intelligit,
2014 3308 2122 3363 quo

554 3385 674 3438 loco
732 3385 951 3438 iuermit
1009 3385 1184 3453 ipsius
1246 3385 1458 3439 condita
1522 3384 1754 3440 viscera.
1820 3384 2123 3451 Quemdam

542 3478 691 3529 dicit
716 3479 1031 3530 Aniuratcui
1073 3477 1370 3543 indeﬁnite,
1437 3492 1532 3546 pro
1559 3477 1774 3531 sultauo
1838 3476 2047 3531 Murate
2081 3477 2122 3529 I.

558 3569 906 3638 l'rotiigatum
943 3568 1097 3638 prius
1138 3570 1213 3623 ait
1260 3572 1585 3634 exercitum,
1643 3584 1749 3624 non
1786 3571 2121 3639 exprimens,

556 3659 895 3715 Turcieusne
922 3661 1240 3731 proﬂigatus
1269 3661 1450 3724 fuerit,
1478 3676 1546 3717 an
1582 3661 1799 3741 liostiiis
1826 3665 2121 3726 exercitus,

552 3771 622 3808 ac
650 3755 845 3809 deinde
885 3754 1149 3808 Muratem
1216 3770 1461 3809 caesum:
1511 3769 1636 3807 cum
1689 3770 1829 3808 cie-so
1898 3754 2124 3819 Mur-ate,

557 3847 747 3900 Lazari
782 3846 985 3900 Serviat:
1030 3847 1290 3916 principis
1319 3849 1621 3901 exercitum
1655 3862 1685 3900 a
1719 3847 1957 3915 Bajazite
2017 3850 2126 3901 lilio

554 3940 786 3996 Muralis
814 3940 901 3995 hic
930 3940 1216 3994 audiamus
1250 3940 1414 3993 fuisse
1448 3940 1633 4000 irradia
1668 3940 1893 3994 victum.

550 4053 644 4108 «69.
681 4051 997 4105 It'iratovum
1046 4066 1196 4104 mons
1236 4050 1462 4119 argenti.
1498 4050 1827 4104 Vidiua'sire
1862 4049 2125 4116 Vidimtm,

947 4122 1139 4187 (λέπος,
1168 4121 1396 4187 Bozma,
1421 4119 1749 4177 Patzt'nucw.

628 4214 942 4269 Kiratovum
988 4211 1181 4285 Turpis
1255 4213 1560 4283 appellatur
1610 4215 1867 4284 oppidum
1926 4214 2129 4270 Set-viz

559 4308 723 4362 situm
765 4307 829 4360 ad
861 4316 1122 4367 inmitem,
1157 4322 1319 4375 quem
1376 4308 1757 4377 Argentarium
1818 4319 2036 4373 vocant,
2097 4323 2125 4361 a

2202 1819 2523 1887 descripsit.
2557 1820 2659 1874 Sed
2684 1838 2751 1873 eo
2781 1822 2897 1876 loco
2933 1822 3084 1877 deest
3114 1825 3166 1876 in
3198 1824 3345 1878 edito
3387 1826 3625 1878 Cedrinn
3687 1830 3784 1876 tra-

2215 1920 2495 1978 gmentum
2529 1910 2759 1980 insigne,
2790 1915 2932 1981 quod
2965 1928 3087 1968 cum
3118 1915 3364 1969 historia:
3389 1915 3648 1969 studiosis
3690 1917 3780 1967 ah—

2213 2002 2434 2069 qnando
2473 2004 3024 2060 communicabimus.
3085 2005 3181 2059 Vir
3209 2007 3354 2059 aeris
3405 2004 3604 2073 judicii
3652 2004 3781 2057 Pru-

2215 2108 2400 2155 cerus,
2434 2108 2594 2163 quem
2628 2096 2953 2151 adolescens
2990 2099 3042 2151 in
3092 2098 3447 2168 geometricis
3511 2108 3566 2152 et
3614 2111 3778 2151 astro-

2178 2180 2457 2237 'nonticis
2483 2184 2673 2237 audire
2698 2184 2946 2250 memini,
2986 2184 3407 2241 Patainacarum
3452 2203 3547 2242 seu
3616 2186 3781 2240 Palli-

2221 2289 2482 2329 nacornm
2524 2293 2721 2331 nomen
2754 2294 2784 2332 a
2833 2278 3033 2334 Poziua
3080 2282 3196 2334 sive
3247 2279 3572 2343 Pozinania,
3625 2279 3776 2334 nubili

2218 2365 2460 2422 Poionize
2489 2370 2811 2439 municipio.
2843 2373 3091 2426 derivare
3140 2375 3352 2428 solebat
3383 2391 3398 2427 τ
3445 2375 3591 2444 quod
3637 2373 3686 2426 in
3722 2374 3778 2423 iis

2203 2457 2645 2514 .scilicetﬁuibus
2668 2461 2967 2532 aliquando
3000 2463 3161 2518 sedes
3189 2463 3456 2519 habuisse
3486 2464 3774 2521 videantur.

2219 2560 2513 2620 antequam
2548 2568 2744 2609 versus
2774 2554 3059 2611 Triballos.
3079 2558 3535 2629 commigrarent.
3569 2555 3632 2611 Et
3660 2553 3775 2610 dicti

2221 2641 2475 2698 videntur
2530 2659 2561 2698 a
2594 2645 2800 2701 Gracia)
2863 2646 3182 2715 Palzinaca',
3251 2642 3571 2704 nostrorum
3618 2645 3783 2709 tnore,‘

2206 2734 2424 2802 quibus
2457 2734 2748 2792 Bozinachi
2787 2755 2895 2794 non
2935 2741 3090 2794 aliter
3119 2742 3493 2811 appellantur.
3518 2758 3584 2795 an
3615 2739 3770 2801 Eduxi,

2206 2829 2476 2885 YSIavaclii
2508 2847 2523 2886 :
2557 2830 2769 2897 Poloni,
2801 2832 3023 2886 Polacbi
3053 2850 3066 2887 :
3110 2834 3304 2898 Brenni,
3341 2834 3645 2891 Bmmacbi.

2540 2921 2628 2983 50.
2663 2923 2981 2978 Alasclieitcr
3026 2928 3079 2977 in
3113 2924 3461 2980 Caramam‘a.

2296 3014 2633 3070 Alasclieber
2688 3015 2871 3085 lingua
2966 3016 3199 3071 Tureica
3266 3018 3561 3088 signiﬁcat
3613 3016 3770 3070 Altam

2228 3107 2529 3163 civitatem.
2546 3105 2753 3163 Gracia
2781 3124 2889 3167 uno
2907 3110 3178 3165 vocabulo
3232 3110 3517 3167 diceretur
3558 3107 3772 3180 Hypsili-

2229 3201 2387 3271 polis.
2418 3197 2811 3271 Sedejnsmodi
2839 3204 3057 3259 nomine
3094 3203 3241 3256 nulla
3296 3205 3571 3271 reperitur
3621 3204 3670 3254 in
3698 3201 3773 3252 hi-

2230 3295 2413 3350 storiis
2440 3294 2593 3358 urbs,
2620 3310 2717 3350 nec
2756 3296 2897 3364 apud
2932 3295 3303 3366 Geograpbos,
3354 3297 3508 3365 quod
3545 3293 3769 3364 Cquidt‘tu

2227 3389 2417 3444 sciam.
2450 3387 2558 3444 Leo
2591 3388 2822 3458 Sapiens
2853 3391 3129 3457 Augustus
3156 3390 3207 3442 in
3236 3389 3453 3443 novella
3510 3389 3572 3441 de
3618 3385 3770 3439 Thro-

2231 3480 2314 3535 nis
2339 3479 2750 3549 submetmpoli
2798 3479 3151 3535 Neocaesarite
3211 3480 3367 3536 Ponti
3432 3475 3769 3534 PoleinouiaCi

2233 3582 2479 3626 recenset
2516 3573 2887 3642 episcopatum
2922 3573 3203 3642 ilypsilon,
3254 3573 3305 3625 id
3373 3584 3462 3628 est
3515 3573 3664 3625 altum
3693 3567 3767 3617 vel

2228 3662 2538 3716 sublimem.
2585 3662 2732 3716 idem
2766 3663 2872 3716 sub
2902 3662 3200 3733 Synadensi
3252 3661 3505 3734 Phrygia:
3534 3656 3769 3715 Salutaris

2231 3757 2516 3825 metropoli
2546 3757 2777 3812 collocat
2800 3762 3177 3827 episcopatum
3229 3756 3447 3828 Hypso,
3511 3757 3641 3827 quod
3692 3750 3767 3805 iti-

2229 3850 2350 3909 dem
2375 3849 2564 3904 Graeoe
2596 3848 2787 3903 alludit
2811 3851 2873 3903 ad
2898 3844 3271 3904 altitudinem.
3312 3850 3423 3907 Sed
3474 3866 3537 3904 an
3566 3848 3625 3901 ad
3664 3846 3767 3898 Ala-

2222 3939 2539 3995 scbelierim
2605 3955 2670 3995 ea
2704 3941 2927 3995 nomina
2956 3949 3287 4011 congruant,
3355 3952 3420 3996 ut
3482 3939 3768 3996 existimen-

2232 4043 2322 4086 tur
2350 4032 2772 4101 appellationem
2802 4030 3045 4086 Grmcam
3094 4032 3258 4088 Turci
3295 4033 3479 4104 lingua
3518 4046 3609 4087 sua
3658 4025 3765 4082 red-

2231 4124 2473 4178 didisse:
2506 4124 2717 4192 judicio
2776 4124 2997 4179 lectoris
3056 4126 3259 4179 eruditi
3323 4127 3591 4195 relinquo.
3645 4118 3762 4185 Quia

2228 4225 2412 4269 tamen
2443 4217 2630 4271 statim
2659 4215 2751 4270 hic
2780 4216 3033 4285 sequitur
3063 4216 3381 4272 Aidinensis
3424 4217 3534 4286 agri
3562 4211 3763 4271 mentio,

2232 4310 2325 4378 qui
2370 4324 2559 4362 versus
2590 4308 2805 4362 Cariam
2850 4307 3099 4380 Phrygiae
3153 4309 3345 4379 majori
3405 4309 3673 4365 ﬁnitimam
3714 4315 3764 4354 se

561 4401 759 4453 fodinis
778 4398 1010 4470 argenti.
1036 4397 1278 4453 Gallicus
1311 4399 1580 4468 interpres
1634 4396 1860 4455 Laonici
1905 4401 2127 4457 llhodo-
2159 4402 2205 4463 D
2234 4399 2559 4470 porrigit,et
2591 4399 2944 4455 Alascbeberi
2970 4409 3128 4472 capta
3163 4404 3380 4457 venisse
3430 4399 3665 4472 Bajazitis
3715 4394 3761 4446 in

560 4511 662 4564 pen
702 4495 847 4549 hunc
880 4508 1003 4549 esse
1033 4494 1169 4557 vult,
1234 4509 1357 4548 eum
1424 4497 1498 4548 sit
1561 4494 1804 4548 Hmnus.
1858 4497 2129 4549 Antonius

561 4586 847 4642 Bonﬂnius
880 4586 1086 4655 argenti
1121 4583 1431 4640 fodinarum
1476 4585 1528 4638 in
1561 4583 1749 4639 Servia
1797 4586 2127 4640 mentionem

562 4681 714 4741 facit,
751 4689 808 4732 ut
839 4678 1129 4732 admodum
1156 4678 1444 4733 nobilium.
1500 4678 1822 4733 Kiratovum
1875 4678 2129 4733 Castaldo

562 4770 824 4824 scribitur
854 4769 1112 4826 CratOro.
1152 4771 1292 4836 quod
1342 4768 1484 4823 idem
1519 4778 1605 4823 est
1667 4786 1789 4822 eum
1851 4768 2128 4823 Kiratovo.

569 4860 819 4914 Vidinum
852 4858 1014 4913 bodie
1043 4859 1259 4921 dicunt,
1292 4873 1458 4927 quam
1513 4857 1723 4912 Marius
1780 4857 1942 4927 Niger
2000 4859 2130 4911 olim

562 4955 679 5007 Vult
707 4953 1030 5022 appellatam
1072 4949 1247 5005 fuisse
1308 4948 1695 5004 Viminacium.
1735 4950 1866 5021 Ejus
1927 4950 1980 5004 in
2038 4948 2132 5004 Ju-

561 5049 790 5102 stiniani
824 5047 1053 5115 Augusti
1082 5045 1300 5098 amissae
1352 5045 1577 5098 novella:
1631 5045 1785 5098 titulo
1814 5045 1872 5097 iit
1907 5045 2131 5106 mentio,

564 5140 724 5210 cuius
750 5140 1023 5209 epitomen
1060 5140 1113 5191 in
1145 5151 1163 5191 t
1191 5137 1422 5189 aratitlis
1491 5136 1626 5188 meis
1681 5135 1885 5189 Grteeis
1936 5132 2131 5201 reperi.

564 5235 873 5288 Sambucus
909 5230 1172 5287 nosterin
1209 5227 1461 5299 Ungaria:
1506 5228 1905 5296 chorographia
1960 5225 2134 5295 quod-

566 5332 688 5380 dam
749 5322 1042 5390 Vituinatz,
1108 5323 1386 5379 diversum
1448 5340 1475 5376 a
1542 5320 1757 5384 Vidina,
1811 5336 1937 5375 mox
1996 5318 2134 5373 inl‘ra

567 5419 887 5480 lielgradnin
911 5420 1087 5487 ponit.
1119 5415 1575 5485 Cbalcorornlylis
1606 5415 1875 5484 interpres
1906 5412 2134 5467 Latinus

565 5510 839 5582 Bydenam
904 5509 1158 5572 reddidit,
1190 5523 1353 5577 quam
1428 5506 1693 5577 Vidynam
1758 5504 1994 5559 scribere
2046 5503 2140 5558 de-

568 5604 757 5655 buerat
783 5617 795 5653 :
840 5600 1298 5671 quemadmodum
1338 5601 1535 5667 legitur
1556 5599 1720 5653 etiam
1750 5600 1801 5650 in
1833 5597 2136 5665 posteriore

570 5694 778 5749 novella
819 5694 885 5749 de
924 5694 1114 5747 ordine
1166 5691 1533 5758 Thronorum,
1595 5706 1759 5761 quam
1807 5691 1863 5744 iu
1930 5691 2137 5758 synodo

2234 4501 2554 4562 potestatem
2624 4490 2897 4547 traditur:
2931 4493 3089 4548 facile
3152 4495 3466 4564 persuaderi
3540 4488 3758 4559 equidem

2233 4581 2368 4635 mihi
2404 4587 2645 4649 paterer,
2675 4581 2933 4650 oppidum
2996 4582 3269 4650 posterius
3331 4583 3534 4654 Hypso,
3582 4576 3760 4631 abolito

2231 4673 2496 4729 vocabulo
2528 4673 2736 4736 Graeco,
2809 4674 3103 4729 Turcicum
3170 4677 3501 4732 Alascbeber
3546 4669 3758 4741 ejusdem

2234 4765 2524 4834 signii‘ieati
2555 4766 2769 4821 diversa
2795 4766 2849 4819 in
2884 4767 3067 4836 lingua
3094 4784 3292 4823 nomen
3318 4756 3599 4837 accepisse.
3619 4755 3755 4831 421

2236 4854 2309 4909 De
2340 4858 2680 4926 regionibus,
2712 4857 2997 4913 Aidinensi
3058 4867 3113 4914 et
3172 4858 3492 4923 Sarciiania,
3540 4852 3757 4922 sepelit“

2235 4964 2264 5002 a
2299 4951 2453 5002 nobis
2475 4964 2706 5004 numero
2736 4951 2800 5004 l5
2837 4958 3151 5005 tractatam.

2235 5067 2321 5121 5i.
2345 5066 2677 5121 Constantini
2703 5085 2733 5120 α
2760 5066 2943 5122 Turcis
2967 5069 3218 5137 appellati
3246 5068 3539 5124 Grircorum
3562 5065 3749 5128 impl‘m'

2306 5149 2440 5191 tores
2472 5155 2672 5201 «mines,
2692 5138 2952 5208 Nigeboli,
2982 5142 3227 5209 prwtium
3275 5139 3690 5207 A'icopolitanum.

2306 5228 2365 5283 Ei
2396 5228 2706 5282 Graecorum
2746 5229 3083 5297 imperatori,
3116 5231 3201 5284 cui
3242 5232 3500 5301 liajazites
3542 5219 3749 5278 ἱιιλυιὶβεθ

2238 5323 2687 5383 hellumdieitur,
2754 5336 2952 5376 nomen
2988 5333 3107 5376 erat
3168 5321 3405 5378 Joannes
3461 5310 3751 5376 Palxoluﬁus

2236 5409 2644 5481 (Calojoannem
2673 5410 2833 5481 vulgo
2894 5410 3274 5477 nominabant,
3323 5428 3428 5468 non
3476 5426 3503 5463 a
3548 5394 3754 5474 pulchri-

2238 5505 2446 5566 tudine,
2483 5502 2575 5556 sed
2608 5503 2876 5573 bonitate)
2912 5505 3006 5572 qui
3044 5504 3348 5559 Manuelem
3414 5504 3585 5558 lilium,
3617 5488 3750 5554 cuius

2238 5610 2337 5649 nos
2393 5605 2656 5665 praecepta
2714 5597 3053 5652 educationis
3109 5598 3269 5667 regite
3301 5598 3483 5652 Latina
3538 5585 3747 5641 ierimus.

2238 5698 2543 5743 Censorium
2592 5690 2803 5760 imperii
2863 5694 3018 5745 vivus
3064 5688 3389 5760 designavit.
3434 5670 3749 5739 lN'iliilonillUs
