4048 6208
338 291 440 374 iri

1479 304 1876 386 PANDECTE
1914 311 2112 389 ms’r.
2143 327 2455 388 TURCIC.
3488 329 3552 388 ’π

334 421 408 482 iis
449 425 668 498 agnitos
718 429 1056 500 imaginibus
1111 418 1370 502 expetant
1423 437 1783 494 avidissime:
1818 455 1916 496 nec
1947 450 1991 506 Α
2024 441 2293 499 Laonicns
2329 444 2426 508 ait,
2476 441 2680 497 Tckien
2722 457 2845 498 esse
2890 444 3171 514 regionem
3220 454 3276 498 ut
3311 443 3595 516 Bithynia.

330 520 604 586 dubitent,
642 522 808 577 modo
830 539 890 578 se
922 538 1021 592 pro
1044 527 1324 582 mercibus
1349 528 1464 584 suis
1493 546 1590 585 eos
1625 532 1912 590 habituros

332 611 670 682 intelligant,
701 612 771 668 de
817 616 1098 669 communi
1154 619 1332 685 pretio
1387 619 1636 674 trientem
1663 624 1746 676 vel
1781 640 1914 693 qna-

328 703 580 760 drantem
635 706 934 763 remittere.
999 709 1081 765 Ne
1160 714 1376 780 pondus
1429 715 1650 784 quidem
1716 718 1912 773 horum

329 798 640 867 explorant,
695 800 843 870 quod
873 810 1052 858 tamen
1105 803 1159 858 in
1202 805 1410 861 Sullani
1446 807 1532 863 sui
1587 812 1913 882 caatetistjue

331 891 566 948 monetis
587 893 830 959 usitatis,
864 896 1186 966 scrupulose
1224 897 1404 954 facere
1431 901 1628 955 solent.

329 1028 418 1084 56.
455 1028 565 1084 Cur
596 1031 942 1098 imperatores
977 1030 1284 1109 Grqzcor'um
1322 1051 1354 1088 a
1399 1034 1587 1089 Turcis
1618 1037 1749 1092 dicti
1783 1023 1940 1109 Teg-‘

1014 1105 1214 1173 giures.

397 1211 698 1282 Teggiures
725 1229 917 1283 supra,
956 1233 1186 1272 numero
1230 1218 1315 1283 l5,
1365 1219 1608 1274 diximus
1642 1236 1671 1274 a
1711 1205 1910 1276 Turcis

336 1305 640 1372 appellatos
671 1304 989 1361 GI'EBCOKUID
1037 1322 1147 1362 tam
1197 1309 1250 1363 in
1287 1310 1537 1374 urbibus,
1571 1328 1734 1382 quam
1787 1327 1909 1380 pro-

321 1398 546 1460 Vinciis,
576 1399 862 1467 priesides.
900 1400 1108 1454 Nomen
1149 1401 1328 1470 ipsum
1362 1420 1390 1456 a
1423 1404 1650 1459 solertia
1685 1405 1909 1460 militari

320 1489 620 1544 deducunt.
652 1487 717 1545 Et
739 1495 948 1547 scimus
973 1493 1073 1549 hos
1106 1510 1133 1546 a
1155 1483 1360 1550 Graecis
1394 1512 1503 1550 non
1527 1496 1696 1552 duces
1722 1498 1907 1562 modo,

318 1581 414 1650 qui
441 1591 568 1635 sunt
599 1582 679 1637 eis
717 1581 1044 1653 iiigetnones
1075 1625 1088 1647 .
1128 1603 1314 1642 verum
1356 1589 1522 1643 etiam
1559 1588 1828 1660 Stratigos
1856 1601 1910 1647 et

321 1675 637 1732 Stratilatas
667 1677 868 1741 dictos,
912 1681 1197 1735 vocabulis
1236 1682 1404 1736 duces
1442 1683 1712 1740 militares
1740 1685 1904 1752 signi-

321 1767 633 1822 ﬁcantibus.
685 1770 841 1836 Quod
889 1783 1070 1826 autem
1099 1773 1263 1828 Turcl
1324 1776 1656 1845 Teggiurum
1705 1788 1981 1846 nomen];

315 1862 485 1914 etiam
520 1861 838 1918 Graecorum
874 1865 1302 1936 imperatoribus
1337 1870 1674 1937 tribuerunt,
1697 1886 1763 1925 ex
1798 1872 1904 1926 alia

316 1955 468 2009 nulla
497 1954 702 2012 factum
739 1969 822 2013 est
865 1975 1063 2026 causa,
1131 1976 1297 2030 quam
1357 1961 1628 2018 irrisionis
1685 1974 1737 2018 et
1773 1979 1906 2019 con-

316 2042 584 2116 temptus,
636 2051 794 2118 quasi
823 2052 1034 2106 scilicet
1084 2052 1472 2126 imperatorum
1507 2056 1726 2111 nomine
1755 2056 1905 2126 digni

249 2179 260 2188 .
315 2147 426 2192 non
455 2151 662 2204 essent,
687 2143 780 2211 qui
820 2146 1173 2216 perangustis
1220 2145 1418 2202 inclusi
1450 2147 1673 2212 ﬁnibus,
1707 2149 1904 2218 ipsius-

313 2240 425 2299 qno
487 2235 890 2305 prepemodutn
969 2239 1534 2310 ConstantinOpoleos
1622 2243 1903 2297 moenibus

313 2322 748 2396 circumscripti,
775 2328 1038 2396 praesides
1070 2333 1225 2385 urbis
1252 2331 1458 2400 petius,
1485 2347 1648 2402 quam
1678 2333 1898 2400 augusti

310 2419 694 2479 Romanorum
729 2424 943 2496 imperii
976 2441 1132 2497 reges
1157 2427 1263 2483 diei
1291 2438 1655 2484 mererentur.
1676 2427 1899 2483 Laonici

311 2521 473 2576 locus
503 2530 585 2576 est
608 2520 662 2574 in
695 2518 948 2574 Historia:
978 2521 1273 2591 principio,
1304 2537 1412 2593 quo
1442 2522 1630 2592 paucis
1653 2523 1896 2592 exponit,

312 2630 476 2684 quam
531 2613 583 2666 iu
641 2624 855 2668 arctum
914 2615 1119 2666 redacti
1176 2614 1394 2670 tandem
1452 2615 1897 2685 l'uerintimpcrii

314 2706 491 2761 Graeci
529 2706 748 2762 limites.
804 2706 1180 2761 Animadverti
1231 2705 1497 2772 Graecos,
1570 2708 1772 2777 inquit,
1841 2719 1898 2762 et

314 2816 546 2871 regnum
573 2816 764 2855 eorum
819 2803 995 2871 primo
1058 2803 1164 2856 sub
1222 2801 1531 2856 Thracibus
1591 2802 1893 2856 exstitisse.

311 2881 515 2946 Postea
577 2894 790 2963 reliquo
831 2910 1055 2965 regnoa
1104 2895 1362 2950 Barbaris
1396 2907 1612 2958 exutos,
1665 2913 1893 2966 parvum

310 2985 592 3051 'qnoddam
640 2999 864 3053 regnum
889 2984 1249 3055 gubernasse,
1279 2987 1528 3042 videlicet
1551 2987 1891 3056 Byzantium,

312 3075 678 3148 Byzantiique
710 3077 1041 3132 maritimam
1082 3078 1360 3146 regionem
1403 3078 1747 3144 inferiorem,
1784 3079 1891 3134 lie-

312 3170 558 3223 racleam
588 3183 766 3238 usque
802 3186 816 3223 :
851 3168 1094 3238 acjuxta
1149 3167 1384 3224 Pontum
1422 3168 1692 3224 Euxinum
1729 3169 1890 3223 mari-

310 3261 506 3316 timam
542 3262 819 3332 regionem
851 3263 1218 3330 superiorem,
1252 3262 1634 3317 Mesemb'riam
1669 3275 1839 3332 usque
1875 3279 1888 3315 :

309 3364 575 3427 pra-terea
625 3352 1069 3424 Peloponnesum
1099 3365 1292 3420 totam,
1325 3365 1478 3410 extra
1503 3364 1611 3408 tres
1643 3361 1736 3408 aut
1761 3371 1894 3425 qua-

309 3460 438 3504 tuor
474 3450 638 3507 urbes
665 3446 1020 3504 Venetorum.
1054 3449 1134 3502 Ad
1194 3449 1332 3510 haec,
1369 3447 1638 3502 Lemnum
1682 3459 1736 3502 et
1787 3448 1892 3501 lm-

313 3546 570 3609 brum,et
613 3541 829 3597 insulas
867 3541 1070 3598 ibidem
1109 3540 1166 3596 in
1195 3540 1382 3611 AZng
1426 3541 1578 3596 sitas.
1619 3540 1890 3598 Hactenus

309 3632 608 3691 Laonicus.
655 3634 917 3705 Bajazitis
957 3649 1085 3689 vero
1147 3643 1392 3704 tempore
1441 3634 1656 3690 caeteris
1714 3637 1887 3695 exuti,

307 3747 434 3784 cum
461 3731 594 3799 ipsis
625 3731 790 3784 etiam
827 3728 1162 3782 suburbanis
1206 3729 1375 3794 agris,
1405 3729 1492 3781 vix
1527 3729 1667 3782 intra
1700 3744 1888 3784 muros

311 3823 464 3875 urbis
536 3835 594 3875 se
649 3824 970 3875 tuebantur.
1031 3820 1322 3890 Propterea
1376 3837 1472 3890 per
1532 3821 1884 3891 ignominiam

307 3914 611 3983 Tegginres
635 3927 664 3967 a
698 3911 894 3967 Turcis
926 3913 1248 3967 audiebant.

378 4027 468 4083 57.
491 4025 824 4082 Communia:
856 4025 1012 4096 begus
1039 4027 1329 4093 Aliaurius,
1357 4028 1617 4084 Tekieusis
1650 4033 1810 4101 regio.

377 4143 451 4197 De
475 4141 805 4197 Carantania
863 4159 1050 4212 qurere
1110 4155 1295 4200 notata
1329 4149 1584 4216 superius
1655 4165 1885 4205 numero

305 4235 393 4289 l3.
427 4235 620 4290 Saltim
663 4236 765 4290 hoc
810 4236 1056 4290 indicare
1088 4252 1236 4292 nunc
1277 4237 1445 4301 lubet,
1471 4255 1594 4294 eum
1625 4239 1875 4296 Carama-

302 4326 408 4381 niz
465 4325 792 4394 principem,
844 4327 1008 4396 cujus
1050 4328 1138 4383 hic
1193 4329 1398 4385 mentio
1445 4330 1526 4394 lit,
1574 4347 1604 4385 a
1643 4330 1883 4388 Laonico

297 4421 577 4474 nominari
612 4420 942 4475 Alisurium.
974 4419 1170 4475 Narrat
1201 4432 1384 4477 autem
1416 4424 1579 4491 hunc,
1627 4439 1752 4480 cum
1775 4441 1882 4482 cae—

2020 536 2103 592 sic
2129 537 2296 591 etiam
2330 535 2537 591 Ciliciae
2567 537 2803 592 vicinam
2843 553 2857 590 :
2895 537 2945 591 id
2978 546 3082 599 est,
3122 552 3151 591 a
3176 535 3441 609 Bithyniae
3477 539 3598 593 ﬁtti-

2022 627 2123 684 lius
2174 628 2239 682 ad
2287 626 2495 684 Cilicia:
2541 628 2676 683 lines
2705 644 2878 697 usque
2926 629 3218 698 pertinere.
3257 628 3597 701 Conjunctas

2017 733 2167 786 vero,
2209 718 2517 790 Bithyniam
2545 718 2972 790 Tekiensemque
3019 723 3320 792 regionem,
3371 722 3594 788 Otiima-

2018 812 2165 866 niam
2221 811 2394 866 fuisse
2443 824 2665 866 vocatas
2692 829 2802 868 uno
2851 814 3094 878 nomine,
3133 831 3322 884 Supra,
3370 831 3595 869 numero

2017 903 2105 964 15,
2129 904 2434 956 docuimus.
2464 903 2690 957 (Ioniam
2729 917 2848 960 esse
2875 905 3116 974 priscum
3161 905 3290 958 illttd
3323 905 3593 961 lconinm,

2015 996 2170 1065 prius
2208 997 2414 1050 dictum
2469 995 2568 1050 fuit
2615 1009 2844 1051 numero
2880 998 2968 1050 Η.
3021 995 3336 1052 Triturandi
3375 1012 3594 1067 quoque
3673 1026 3678 1031 -

2016 1090 2212 1142 modus
2233 1090 2538 1157 explicatus
2561 1102 2793 1144 numero
2829 1090 2920 1144 ‘25.

2264 1182 2354 1236 58.
2399 1184 2638 1246 Arserai,
2666 1181 2865 1252 Nigde,
2895 1183 3164 1248 Cuisaria,
3203 1184 3378 1238 Borli.

2086 1272 2340 1328 Castrum
2402 1274 2585 1327 album
2651 1273 2846 1329 Turcis
2915 1276 3166 1341 Arserai,
3225 1277 3338 1330 sive
3399 1279 3593 1332 domus

2011 1361 2177 1434 424
2236 1363 2358 1415 alba
2422 1363 2649 1419 dicitur.
2720 1363 2890 1420 Vetus
2946 1366 3168 1436 aliquod
3223 1367 3328 1423 hoc
3374 1370 3592 1423 nomine

2013 1464 2254 1510 castrum
2282 1455 2368 1512 vel
2404 1458 2661 1529 oppidum
2695 1459 2748 1513 in
2792 1460 2857 1515 iis
2887 1459 3018 1516 locis
3051 1461 3260 1517 nullum
3299 1463 3588 1533 reperitur.

2015 1547 2071 1602 ltt
2102 1550 2291 1603 Ortelii
2336 1552 2522 1605 tabula
2575 1551 2802 1607 Natolia:
2856 1554 3053 1624 legitur
3112 1556 3338 1612 Acsara.
3389 1558 3589 1611 ibidem

2011 1650 2133 1710 Quae
2164 1642 2357 1696 Turcis
2415 1643 2502 1697 hic
2541 1642 2736 1714 Nigde,
2797 1643 2984 1714 Nigdia
3028 1646 3311 1700 scribitur.
3351 1645 3593 1716 Utraqu».

2015 1748 2123 1785 non
2186 1747 2383 1803 magno
2423 1748 2452 1786 a
2489 1733 2661 1787 Conia
2697 1735 2779 1788 vel
2825 1736 3006 1788 Iconio
3058 1736 3227 1789 distat
3281 1736 3587 1794 intervallo.

2014 1820 2343 1877 Vincentius
2399 1821 2748 1878 Belvacensis
2794 1825 3016 1880 Aeserai
3045 1828 3370 1880 vocabulum
3415 1839 3592 1882 mutat

2012 1913 2065 1968 in
2094 1911 2321 1978 "aesar,
2366 1931 2487 1970 cum
2520 1918 2596 1971 ait
2638 1936 2650 1971 :
2699 1918 2854 1986 Apud
2900 1916 3108 1973 Hacsar
3149 1920 3425 1974 invenitur
3493 1937 3588 1975 co-

2009 2013 2132 2062 ctus
2163 2016 2217 2061 et
2275 2008 2534 2063 aluminis
2585 2009 3090 2065 mincra.’l3aisaria
3143 2009 3370 2079 Ciliciae,
3423 2030 3585 2082 quam

2010 2100 2091 2155 sic
2121 2101 2286 2154 etiam
2322 2100 2539 2156 Marcus
2568 2084 2776 2157 Paulus
2814 2099 3057 2160 Venetus
3112 2107 3383 2170 nominat,
3441 2107 3585 2161 dicta

2007 2195 2205 2264 priscis
2260 2194 2507 2250 Csesarca
2545 2196 2668 2250 fuit.
2705 2197 2862 2267 Apud
2925 2197 3309 2254 Belvacensem
3355 2200 3584 2256 Gazaria

2012 2304 2271 2364 cori-apte
2300 2295 2584 2349 scribitur.
2643 2294 2789 2348 Βοτιὶ
2815 2295 3014 2365 duplex
3037 2297 3087 2350 in
3122 2291 3350 2352 Natolize
3379 2299 3584 2352 descri-

2004 2388 2191 2456 ptione
2221 2386 2586 2456 conspicitur,
2623 2404 2729 2441 una
2761 2386 2904 2442 Borli
2929 2388 3251 2459 simpliciter
3291 2391 3580 2462 appellata,

2005 2489 2114 2530 non
2171 2477 2357 2544 procul
2425 2477 2495 2531 ab
2555 2475 2755 2553 Enguri
2811 2479 2894 2536 vel
2949 2479 3163 2551 Ancyra
3212 2482 3319 2538 sita
3355 2501 3370 2538 :
3411 2483 3581 2538 altera

2004 2582 2129 2621 cum
2188 2581 2573 2638 cognomento,
2630 2563 2862 2625 Taraclti
2918 2571 3086 2644 Burli,
3147 2591 3254 2629 non
3319 2577 3580 2645 procula

2001 2659 2328 2716 Castamona
2347 2673 2400 2718 'et
2422 2663 2644 2732 Sinope.
2683 2666 2760 2718 Ad
2791 2666 2946 2719 l‘onti
2979 2668 3313 2736 provinciam
3348 2679 3580 2740 utraque

2003 2755 2260 2823 pertinet,
2307 2771 2429 2825 qua:
2469 2758 2618 2825 regio
2667 2759 2974 2828 principum
3013 2772 3129 2814 erat
3181 2763 3578 2828 lSvendiarum,

1999 2849 2200 2917 quibus
2238 2849 2494 2905 intulisse
2536 2849 2802 2920 Bajazites
2835 2853 3036 2907 Iit-llum
3078 2856 3304 2910 dicitur.
3365 2857 3576 2928 ΕΗίυί-

1997 2956 2124 2995 nam
2153 2943 2434 3012 principes
2487 2944 2540 2997 hi
2593 2945 2820 3008 fuerint,
2847 2947 3178 3016 explicatum
3227 2951 3446 3006 abunde
3486 2967 3577 3007 sn-

1998 3035 2206 3104 perius.
2251 3033 2490 3103 Sinopen
2527 3036 2738 3091 novella
2771 3037 2836 3092 de
2859 3030 3100 3096 Thronis
3125 3041 3192 3096 ad
3225 3042 3575 3099 Amasianam

1916 3145 1963 3211 ο
2001 3126 2346 3196 metropolim
2374 3127 2859 3199 llelenOpouticam
2891 3130 3078 3188 relert.

1996 3242 2084 3298 59.
2124 3243 2251 3319 gari
2280 3243 2565 3319 Bura/mn,
2615 3247 2955 3319 Orthobula,
3002 3262 3051 3304 et
3109 3252 3491 3319 Musulmanes,
3524 3268 3572 3309 et

2117 3313 2480 3382 Cyr-iscelebis,
2506 3325 2573 3368 ait
2605 3318 2763 3370 iidem
2796 3336 2912 3371 cum
2942 3324 3104 3375 entire
3126 3322 3445 3378 Soleimune.

2069 3404 2204 3472 Quis
2249 3407 2420 3476 begus
2469 3409 2559 3463 ille
2582 3408 2850 3467 Turcicus
2901 3412 3088 3477 fuerit,
3153 3416 3239 3469 cui
3302 3417 3571 3487 Bajazitex

1994 3497 2300 3555 Sebastiam
2366 3501 2588 3567 ademit,
2624 3513 2848 3571 propter
2886 3507 3168 3562 annalium
3219 3512 3570 3566 narrationes

1995 3590 2162 3646 nimis
2194 3594 2508 3648 succinctas
2543 3596 2672 3649 sciri
2719 3611 2825 3650 non
2859 3609 3058 3666 p0test.
3098 3598 3210 3654 iloc
3248 3612 3427 3659 tamen
3467 3607 3570 3660 titi—

1995 3683 2144 3737 nime
2220 3684 2701 3748 dissimulandum,
2756 3689 3061 3746 SeLastiam
3112 3693 3282 3750 fuisse
3338 3699 3566 3766 primum

1993 3773 2304 3831 Turcorum
2340 3779 2394 3832 in
2429 3781 2556 3835 Asia
2583 3784 2686 3838 Sub
2714 3781 2941 3840 Aladine
2964 3789 3193 3856 regiam.
3225 3793 3287 3843 sit
3307 3803 3367 3846 ut
3397 3809 3570 3848 anna-

1994 3869 2072 3923 lcs
2109 3869 2356 3925 abinitio
2386 3882 2678 3936 testantur,
2716 3884 2770 3928 et
2809 3877 3101 3944 Laouicus,
3127 3882 3219 3946 qui
3248 3899 3566 3954 progressus

1991 3978 2053 4016 ex
2093 3964 2194 4018 hac
2224 3963 2437 4019 Tui-ros
2466 3969 2536 4020 ait
2575 3967 2758 4021 Asiam
2799 3971 3084 4040 subegisse
3146 3986 3337 4038 totam,
3393 3995 3568 4049 usque

1990 4057 2057 4110 ad
2093 4057 2528 4128 Hellespontum.
2565 4060 2910 4133 Quapropter
2941 4068 2986 4122 si
3027 4068 3128 4123 hoc
3190 4081 3434 4143 tempore
3475 4094 3567 4131 su—

1989 4151 2238 4218 perstites
2265 4165 2419 4206 erant
2444 4155 2690 4210 Aladinis
2715 4161 2944 4227 posteri,
2994 4165 3308 4222 verosimile
3337 4179 3443 4232 est,
3472 4185 3567 4224 eos

1989 4238 2251 4295 Sebastiae
2282 4243 2596 4312 praelectum
2658 4248 2915 4308 habuisse
2971 4258 3308 4323 quemdam:
3356 4264 3446 4318 cui
3499 4265 3570 4317 ab

1987 4335 2243 4401 aequitate
2274 4351 2488 4392 summa
2547 4340 2778 4396 inditum
2839 4361 3045 4399 nomen
3111 4349 3234 4403 Casi
3289 4352 3564 4418 Bttl‘tzhan,

1987 4427 2170 4497 lingua
2197 4429 2427 4485 Turcica
2456 4433 2699 4500 judice-it
2731 4437 2820 4491 Dei
2863 4439 3230 4509 signiﬁcabat.
3285 4447 3360 4500 Ad
3398 4448 3564 4502 Seba-

291 4523 450 4569 teros
483 4515 624 4569 Asia
686 4515 909 4582 regulos
965 4512 1236 4584 Bajazites
1301 4516 1601 4574 ditionibus
1632 4531 1876 4583 exueret.
1914 4520 2150 4584 D.Stiatn
2175 4523 2596 4580 attttalt-5tttislt'i
2627 4543 2655 4581 a
2689 4539 2841 4597 patre
2863 4531 3112 4587 relictum
3141 4536 3305 4590 fuisse
3342 4541 3564 4594 tradunt

294 4622 488 4675 pacem
529 4623 652 4662 cum
683 4622 750 4663 eo
782 4607 1002 4675 iecisse,
1033 4617 1199 4680 atque
1225 4610 1296 4665 ita
1331 4612 1448 4667 suis
1501 4613 1708 4683 ipsum,
1744 4613 1872 4669 licet

289 4700 477 4771 aliqua
501 4711 626 4754 enm
651 4700 888 4770 jactura,
942 4702 1298 4757 consuluisse
1350 4704 1536 4769 rebus,
1593 4721 1663 4759 ne
1709 4722 1875 4774 regno

295 4808 526 4863 prorsus
587 4793 994 4857 exturbaretur,
1048 4796 1274 4852 annales
1343 4797 1569 4853 addunt.
1659 4799 1871 4854 Nomen

291 4889 515 4942 diverse
544 4886 810 4954 scriptum
845 4887 1064 4955 legitur,
1107 4888 1402 4953 Alisurius,
1430 4889 1732 4955 Alidurius,
1757 4893 1871 4945 Ali~

289 4980 510 5044 «terius,
539 4979 746 5042 Aluris,
771 4995 837 5034 ex
863 4979 1087 5036 Laonici
1107 4981 1424 5052 depravatis
1443 4986 1870 5054 exemplaribus.

293 5074 609 5129 Notandum
647 5073 751 5127 hoc
781 5089 1021 5143 quoque,
1051 5090 1214 5142 quem
1275 5078 1575 5132 Aliderium
1609 5080 1870 5134 Carama-

289 5184 427 5222 nnm
461 5181 490 5219 a
519 5165 728 5221 Murate
760 5168 1004 5222 secundo
1039 5170 1182 5223 bello
1214 5173 1441 5238 petitum
1498 5175 1703 5230 scribat
1733 5175 1870 5230 Lao-

291 5262 475 5324 nicus,
506 5259 557 5310 in
611 5259 694 5314 his
745 5260 1036 5316 annalibus
1096 5263 1421 5319 lbrahimem
1462 5270 1645 5322 vocari
1679 5287 1692 5322 :
1728 5272 1872 5324 sicut

289 5354 480 5407 videre
509 5362 591 5405 est
629 5353 680 5406 in
722 5353 813 5418 iis,
860 5369 985 5422 qua
1030 5369 1176 5410 anno
1200 5355 1519 5414 Christiano
1552 5361 1690 5416 1457
1716 5374 1868 5433 gesta

291 5445 634 5500 referuntur.
664 5443 946 5520 Hemidam
979 5463 1100 5503 esse
1126 5448 1506 5516 Cerasunteni,
1526 5455 1869 5512 ostendimus

288 5550 525 5591 rmmero
543 5536 634 5591 40.
671 5534 956 5592 Tekiensis
981 5541 1130 5608 regio
1181 5542 1416 5615 Phrygia
1467 5546 1660 5615 majori
1695 5549 1870 5602 conti-

289 5637 470 5694 uetur,
513 5637 784 5695 quatenus
820 5629 872 5684 in
911 5632 1328 5690 mediterraneis
1386 5653 1447 5691 ea
1491 5653 1684 5693 versus
1723 5640 1864 5710 Cap-

290 5722 602 5789 padociam.
643 5724 956 5778 Armeniam
1002 5735 1057 5779 et
1092 5727 1344 5784 Ciliciam
1403 5747 1460 5786 se
1493 5733 1743 5802 porrigit.
1779 5733 1865 5788 ln-

289 5821 500 5885 lerpres
537 5813 760 5870 Laoriici
799 5815 999 5872 Tecien
1036 5836 1134 5888 pro
1166 5822 1348 5892 Ti-kie,
1366 5826 1605 5898 scripsit.
1640 5826 1703 5882 Et
1731 5829 1858 5882 alibi

607 5910 880 5977 Ρλτειοι.
917 5917 1038 5981 Gn.
1083 5913 1285 5976 CLIX.

1987 4614 2216 4667 entirem
2255 4608 2622 4672 Soleitnanent
2679 4622 2872 4687 lilium,
2911 4626 3006 4693 qui
3059 4637 3238 4681 tamen
3278 4647 3305 4685 a
3345 4631 3564 4688 Temiro

1983 4706 2158 4760 chune
2191 4725 2455 4780 nusquam
2485 4717 2702 4769 occisus
2725 4717 2946 4787 legitur,
2974 4721 3065 4773 sed
3095 4726 3394 4792 imperasse
3441 4742 3562 4798 post

1985 4803 2121 4859 lsam
2157 4807 2380 4858 fratrem
2408 4823 2435 4859 a
2471 4807 2624 4862 Musa
2669 4821 2946 4878 necatum,
2978 4816 3106 4869 totis
3137 4831 3342 4885 septem
3378 4829 3558 4878 anuis.

1986 4896 2257 4952 Laonicns
2298 4910 2481 4954 autem
2523 4899 2793 4958 Sebastia:
2835 4905 3155 4974 praefectum
3187 4927 3216 4965 a
3259 4925 3411 4981 patre
3444 4931 3559 4970 rne-

1983 5000 2160 5045 morat
2185 4989 2568 5056 Orthobulem,
2617 4997 2709 5064 qui
2734 5007 2928 5067 captus
2978 5001 3180 5056 ibidem
3227 5018 3257 5056 a
3317 5005 3558 5067 'I‘emire.

1983 5101 2046 5140 ac
2075 5097 2196 5153 post
2224 5087 2434 5157 aliquot
2462 5087 2579 5146 dies
2630 5089 2958 5146 interiectus
2987 5092 3173 5148 fuerit.
3212 5094 3366 5150 Unde
3401 5095 3557 5166 Baja-

1983 5178 2116 5233 zites
2142 5191 2369 5248 accepto
2398 5180 2466 5235 de
2512 5189 2691 5237 morte
2720 5182 2812 5238 lilii
2849 5186 3064 5248 nuntio,
3101 5187 3316 5240 cuidam
3352 5193 3557 5257 pastOt-i

1984 5273 2112 5328 tibia
2169 5275 2384 5329 canenti
2429 5273 2677 5332 dixerit:
2725 5279 2872 5331 Cane
2902 5292 3148 5339 carmen.
3193 5281 3354 5350 cujus
3395 5298 3558 5352 argu-

1982 5375 2229 5420 mentum
2272 5367 2346 5420 sit
2381 5366 2531 5423 :Nec
2563 5368 2895 5435 Sehastiam,
2929 5386 3029 5423 nec
3073 5371 3242 5428 ﬁlium
3288 5373 3560 5431 Orthobu-

1983 5459 2087 5513 lem
2113 5460 2354 5514 amittas.
2389 5460 2652 5530 Equidem
2705 5477 2848 5532 saepe
2909 5465 3258 5536 multumque
3309 5470 3558 5538 cogitans

1978 5551 2045 5606 de
2073 5553 2438 5608 conciliandis
2465 5556 2757 5610 annalibus
2781 5556 3174 5614 Turciciscutn
3205 5559 3546 5620 Cbalcocon-

1977 5647 2120 5717 dylis
2175 5658 2229 5699 et
2285 5658 2600 5703 nostrarum
2666 5651 3126 5720 expositionibus,
3181 5673 3416 5726 quorum
3475 5662 3557 5718 illi

1976 5741 2274 5794 maximum
2341 5752 2468 5796 natu
2533 5745 2704 5799 lilium
2769 5745 3024 5817 Bajazilis
3107 5767 3277 5806 unum
3343 5753 3552 5812 faciunt

1974 5832 2199 5886 entirem
2237 5833 2635 5906 Sulcinzaucm,
2693 5840 2780 5895 hic
2845 5841 2986 5898 duos
3037 5843 3289 5897 diversos
3341 5863 3560 5902 cateias

3135 5939 3207 5998 25
