4048 6208
526 318 637 387 ’7ῖῦ

1727 314 2056 385 JOANNIS
2091 315 2567 382 LEUNCLAVII

3656 315 3771 384 ’⁵180

533 435 771 504 majores
799 435 973 504 ponit,
1022 432 1387 489 Ortbubulem
1425 441 1477 487 et
1520 431 1947 497 Mulsumanem,
2011 450 2107 487 no-
2140 442 2184 498 Α
2217 430 2593 493 Mechmetem,
2630 436 2683 481 et
2724 425 2966 495 reliquos
3004 410 3433 496 lilios-‘Bajazitis
3473 427 3524 482 in
3553 437 3775 497 potesta-

530 530 664 584 stris
700 528 1086 597 Cyriscelebim
1137 526 1389 582 ﬁctitium
1446 527 1822 597 ingerentibus
1858 544 1871 580 :
1903 528 1955 580 in
1989 542 2109 581 eam

529 624 767 694 denique
787 620 1114 683 sententiam
1148 618 1293 687 veni,
1321 627 1382 673 ut
1410 617 1739 691 Cyriseelebi
1792 619 1936 673 circa
1980 633 2112 674 con-

531 715 851 770 troversiam
883 713 1133 779 excluso,
1192 711 1363 766 veluti
1429 728 1590 783 quem
1643 727 1745 767 nec
1784 712 1950 767 Turci
2006 726 2110 767 nec

527 808 698 863 Graeci
765 818 1130 879 agnoscant;
1214 806 1459 875 reliquos
1529 807 1691 872 duos,
1749 805 2109 861 Orthobulem

525 901 1069 971 Mulsumanemque,
1108 916 1208 971 pro
1240 916 1350 955 uno
1382 910 1437 954 et
1483 902 1674 955 eodem
1714 900 1975 970 Bajazitis
2002 899 2111 954 [ilio

528 995 844 1050 Soieimane
874 1003 1113 1051 statuam
1155 996 1497 1059 habendum,
1529 1010 1689 1063 quem
1725 1002 1910 1049 tamen
1942 994 2111 1047 inter-

524 1088 729 1142 fectum
764 1102 794 1140 a
845 1087 1086 1153 Temire,
1154 1096 1311 1155 capta
1366 1086 1641 1150 Sebastia,
1706 1100 1802 1154 per
1862 1099 2106 1138 errorem

523 1183 696 1238 (ἔτωεί
752 1182 1111 1237 crediderim.
1165 1181 1299 1251 Ejus
1350 1181 1630 1251 Opinionis
1696 1194 1832 1235 mea:
1883 1193 2104 1232 causam

525 1279 663 1332 hanc
701 1276 878 1331 habeo
934 1276 1079 1345 quod
1140 1290 1338 1329 nomen
1400 1272 1723 1328 Orthobulis
1780 1270 2109 1326 nonTurci-

522 1385 645 1422 eum
679 1385 821 1433 esse,
863 1370 956 1423 sed
1009 1366 1267 1422 Graecum
1330 1366 1594 1431 arbitrer,
1639 1374 1693 1419 et
1729 1364 1870 1418 idem
1942 1364 2112 1433 signi-

525 1467 688 1519 ticare
746 1462 973 1526 Graecis,
1030 1461 1173 1529 quod
1239 1460 1438 1514 Turcis
1497 1457 1837 1513 Musulman.
1896 1457 2110 1527 Quippe

522 1572 646 1611 eum
686 1557 739 1610 in
764 1553 963 1608 Turcia
1008 1568 1283 1616 versarer,
1314 1552 1713 1619 interrogatum
1742 1566 1773 1605 a
1811 1566 1899 1606 me
1929 1550 2108 1604 virum

523 1647 874 1718 magnificum
918 1656 971 1701 et
1026 1645 1470 1715 amplissimum,
1530 1638 1597 1698 'D.
1644 1642 2107 1698 Bartbolomzeum

522 1743 851 1806 Pezzenum,
881 1737 1020 1797 Cres.
1056 1739 1413 1809 Majestatisa
1451 1737 1721 1803 consiliis,
1757 1744 1812 1792 et
1834 1751 2007 1807 nuper
2039 1735 2106 1789 ad

2217 528 2325 573 tem
2364 517 2599 572 Tcmiris
2632 516 2867 573 venisse.
2900 516 3041 581 Quid
3072 519 3308 586 optatius
3333 518 3579 574 accidere
3602 518 3770 577 Teuti-

2214 612 2259 665 ri
2291 620 2725 682 poterat,-quam
2785 619 2981 681 prmter
3028 611 3205 679 ipsum
3249 621 3454 679 patrem
3505 613 3641 669 lilios
3688 616 3773 669 ba-

2214 702 2339 759 bere
2367 704 2419 757 in
2461 709 2751 773 potestate,
2793 703 2992 771 quibus
3027 704 3247 767 occisis,
3284 702 3692 760 Osmanidarum
3724 709 3771 763 in

2212 798 2340 851 Asia
2374 812 2558 865 regno,
2584 797 2803 851 nemine
2836 807 3194 867 repugnante,
3218 809 3479 867 perpetuo
3502 797 3776 854 frueretur?

2213 890 2284 944 At
2314 900 2522 944 tantum
2548 890 2744 956 abfuit,
2769 899 2829 944 ut
2854 891 2903 943 id
2928 891 3152 954 faceret,
3178 892 3417 945 utetiam
3447 893 3641 946 diserte
3658 893 3776 947 Lao-

2215 984 2372 1039 nicus
2402 983 2556 1037 initio
2582 984 2709 1037 libri
2744 984 2921 1053 quarti
2952 986 3204 1046 fateatur.
3227 982 3433 1037 Most
3470 1000 3501 1039 a
3534 1001 3656 1055 rege
3685 987 3776 1040 Te-

2215 1076 2350 1129 mirc
2374 1090 2621 1129 annonas
2645 1075 2914 1129 incastris
2942 1074 3222 1141 habuisse,
3256 1077 3583 1146 tandemque
3609 1079 3776 1132 diutis-

2216 1185 2336 1224 sum
2364 1184 2427 1222 ex
2458 1167 2795 1237 captivitate,
2825 1169 2960 1221 mari
2990 1167 3058 1221 ad
3092 1168 3367 1237 regionem
3428 1170 3654 1237 patriam
3704 1186 3773 1223 re-

2215 1262 2407 1318 diisse.
2434 1261 2535 1328 Qui
2565 1262 2825 1332 plurium,
2853 1258 2935 1313 vel
2966 1254 3209 1314 Omnium
3242 1262 3424 1329 potius
3458 1263 3578 1315 νίιε
3605 1278 3776 1331 peper-

2214 1354 2321 1421 cit,
2358 1370 2458 1408 cur
2488 1354 2542 1408 in
2576 1369 2745 1408 unum
2777 1352 3022 1408 s.eviisse
3053 1350 3335 1406 credatur?
3367 1354 3515 1406 Adde
3542 1355 3763 1407 testiino-

2216 1448 2368 1501 nium
2400 1448 2594 1502 bostis.
2627 1445 2910 1516 Nusquam
2937 1444 3097 1500 Turci
3136 1446 3477 1515 scripserunt
3507 1446 3558 1499 in
3583 1447 3773 1500 annali-

2215 1541 2337 1605 bus,
2362 1542 2746 1611 interemptum
2774 1556 2803 1594 a
2829 1534 3046 1593 Temire
3068 1538 3323 1607 Bajazitis
3354 1538 3589 1609 aliquem
3624 1538 3774 1593 fuisse

2215 1633 2385 1689 lilium
2414 1674 2430 1701 ,
2483 1635 2576 1690 sed
2617 1648 2872 1703 sperasse
2906 1631 3179 1687 Temirem
3230 1631 3438 1702 petitis,
3486 1633 3774 1703 quempiam

2217 1726 2452 1782 ﬁliorum
2480 1723 2799 1782 Gilderunis
2831 1740 2889 1779 se
2922 1732 3322 1779 conventurum
3345 1764 3360 1790 ,
3396 1724 3539 1793 quod
3577 1723 3649 1776 illi
3678 1723 3774 1777 for-

523 1838 739 1891 Portam
763 1834 1113 1890 Osmauicam
1174 1844 1297 1887 cum
1345 1846 1573 1885 munere
1615 1830 1777 1901 legati
1836 1830 2089 1891 missum,
2136 1798 2180 1857 Β
2211 1820 2416 1875 midine
2445 1834 2554 1874 non
2589 1818 2897 1874 necessaria
2929 1815 3151 1887 trepidi,
3178 1817 3486 1873 omiserint.
3518 1815 3629 1871 imo
3654 1818 3774 1872 [ετο-

521 1925 783 1995 quidnam
849 1940 950 1979 vox
982 1923 1291 1977 Musulman
1353 1921 1549 1976 Turcis
1610 1920 1968 1991 signiﬁcaret,
2011 1936 2096 1973 re—

520 2018 789 2087 spondere
832 2014 1078 2077 memini,
1130 2013 1238 2065 vim
1274 2011 1424 2065 illius
1482 2010 1729 2064 eamdem
1796 2025 1919 2064 esse
1972 2024 2096 2062 cum

519 2105 819 2162 Urthodoxi
856 2104 1080 2159 nomine
1124 2099 1572 2162 (irzecoNixerat
1625 2111 1807 2154 autem
1841 2100 2099 2169 illetotos

518 2210 644 2253 octo
669 2197 983 2267 reipublicae
1014 2210 1183 2250 causa
1219 2202 1351 2249 tunc
1406 2208 1579 2248 annos
1612 2194 1753 2247 inter
1801 2176 2096 2257 Barbaros,

516 2304 822 2359 eorumque
872 2288 1116 2357 linguam
1167 2297 1349 2340 norat.
1385 2284 1521 2340 Cum
1566 2285 1731 2355 igitur
1766 2282 1975 2338 Grmcis
2006 2298 2097 2337 οι-⁹

516 2385 792 2439 tbodoxus
819 2384 913 2444 sit,
961 2381 1053 2451 qui
1088 2389 1292 2435 rectam
1348 2380 1677 2433 sententiam
1727 2384 1893 2439 tenet,
1923 2376 2098 2431 idern-

514 2494 623 2548 que
678 2475 952 2546 signiiicet
1005 2471 1329 2527 vocabulum
1394 2469 1689 2524 Turcicum
1740 2468 2093 2522 Musulman:

516 2572 791 2641 sequitur,
840 2566 1168 2623 Orthobulis
1235 2578 1455 2635 quoque
1525 2578 1722 2617 nomen
1779 2561 1921 2615 idem
1974 2574 2098 2615 esse

515 2679 641 2718 cum
673 2660 1048 2724 Musulmauo,
1077 2657 1296 2725 quando
1329 2657 1409 2710 sic
1437 2654 1643 2710 Graecis
1683 2652 1991 2723 appellatur
2024 2652 2094 2718 is,

514 2755 680 2825 cujus
720 2763 934 2808 rectum
970 2750 1290 2817 consilium,
1334 2758 1482 2802 recta
1538 2746 1792 2802 voluntas
1838 2755 1943 2801 est.
1982 2744 2097 2803 Hoc

518 2847 679 2901 modo
707 2844 1001 2898 manifesto
1037 2849 1212 2911 paret,
1261 2840 1404 2893 unde
1437 2837 1897 2906 Chalcocondylis
1929 2850 2086 2892 error

516 2936 773 3000 manarit,
809 2934 950 2989 duos
977 2948 1041 2987 ex
1075 2947 1184 2985 uno
1216 2930 1473 2999 Bajazitis
1507 2930 1648 2983 lilios
1677 2928 1940 2984 facientis
1969 2948 1982 2983 :
2028 2942 2096 2985 ex

514 3045 580 3086 eo
608 3028 891 3092 nimirum,
935 3026 1076 3094 quod
1108 3039 1276 3077 unum
1323 3023 1378 3075 iu
1406 3022 1546 3075 duos
1581 3021 1967 3088 distingueret,
2006 3021 2095 3076 cui

513 3119 748 3177 diversis
818 3118 873 3171 in
921 3114 1125 3184 linguis
1186 3112 1489 3172 diversum,
1527 3110 1621 3165 scd
1688 3109 1854 3164 unius
1913 3119 2092 3164 tamen

514 3211 830 3284 signiﬁcati,
870 3222 1070 3263 numen
1119 3214 1261 3259 erat.
1294 3201 1406 3259 Nec
1441 3204 1577 3257 mihi
1613 3203 1904 3273 quisquam
1948 3202 2094 3274 obje-
2124 3171 2169 3234 δ

514 3306 670 3369 cerit,
704 3302 850 3357 aliud
888 3314 1010 3355 esse
1069 3298 1402 3363 Musulman,
1452 3304 1511 3351 et
1554 3296 1701 3351 aliud
1756 3295 2088 3350 Mulsumau.

512 3400 724 3471 Quippe
751 3414 940 3453 vocem
976 3395 1285 3450 Musulmau
1331 3410 1359 3447 a
1389 3393 1595 3448 Graecis
1651 3392 1923 3448 enuntiari
1962 3390 2098 3445 Mui-

512 3508 731 3556 suman,
777 3500 832 3544 et
890 3491 943 3542 in
1011 3488 1283 3552 historiis,
1344 3497 1396 3540 et
1450 3486 1575 3540 aliis
1623 3488 1869 3555 ipsorum
1933 3482 2092 3536 libris

515 3584 820 3654 saepissime
857 3580 1219 3649 deprehendi.
1250 3578 1397 3643 Quin
1430 3578 1595 3633 etiam
1634 3578 1857 3630 verbum
1889 3572 2096 3629 Musul-

514 3678 841 3738 mauissare,
884 3675 952 3729 de
1004 3688 1114 3743 quo
1157 3672 1415 3740 superius
1459 3670 1668 3724 dictum
1722 3683 1950 3722 numero
1998 3667 2091 3733 22,

516 3770 703 3825 multis
728 3770 784 3825 in
826 3767 963 3821 locis
1012 3767 1154 3834 apud
1214 3763 1435 3820 Graecos
1484 3762 1553 3816 ita
1584 3770 1850 3815 mutatum
1913 3760 2093 3828 reperi

514 3862 871 3932 transpositis
901 3859 1122 3922 litteris,
1162 3865 1221 3909 ut
1258 3853 1752 3909 Mulsumauissare
1794 3853 2090 3922 legeretur.

512 3960 595 4013 Ne
636 3957 738 4010 hoc
768 3953 989 4023 quidem
1045 3949 1361 4013 tacendum,
1415 3962 1764 4017 qumcunque
1804 3944 1971 3999 Turci
2023 3945 2092 4000 de

515 4051 828 4109 Soleimanc
872 4052 1204 4108 memorant,
1242 4058 1272 4097 a
1318 4041 1561 4097 Laonieo
1592 4044 1658 4095 ad
1692 4040 2089 4096 Musulmanem

512 4144 728 4201 referri.
753 4143 887 4209 Quis
916 4154 1045 4210 ergo
1100 4138 1214 4191 lieri
1272 4151 1433 4207 posse
1495 4149 1601 4188 non
1659 4133 1963 4198 existimet,
2034 4139 2095 4184 ut

513 4254 714 4293 nomen
748 4236 850 4290 Μὶν
897 4232 1124 4287 Sulman
1166 4231 1234 4284 ab
1282 4230 1486 4284 exteris
1543 4235 1982 4281 euminutaretur
2039 4227 2090 4276 in

514 4327 870 4386 Musuiman?
920 4326 1012 4380 Sic
1066 4332 1214 4378 certe
1244 4319 1487 4375 Mirchan
1551 4319 1755 4373 alicubi
1815 4319 2085 4385 scriptum

510 4426 689 4493 legere
712 4420 957 4483 memini,
986 4417 1079 4487 qui
1119 4416 1341 4471 nomine
1378 4414 1594 4482 integro
1628 4412 1912 4465 diceretur
1940 4406 2092 4460 Emir

508 4518 687 4573 Chan.
743 4513 899 4581 Quod
934 4528 1063 4568 vero
1094 4525 1281 4565 necem
1338 4505 1657 4563 Orthobulis
1710 4505 1924 4567 attinet,
1969 4516 2094 4571 quae
2129 4546 2170 4599 Β

510 4620 834 4665 recensetur
857 4623 886 4660 a
915 4606 1148 4668 (ἱππεὶς,
1178 4620 1208 4656 a
1236 4601 1430 4656 Turcis
1461 4598 1682 4653 silentio
1738 4595 2088 4666 praeteritur:

512 4704 646 4757 nihil
674 4717 737 4757 ea
763 4700 970 4755 nostris
1024 4694 1335 4751 rationibus
1374 4692 1570 4757 officit,
1606 4705 1729 4745 cum
1783 4688 1903 4743 vice
1930 4701 2089 4742 versa

508 4794 675 4849 'l‘urci
756 4790 1073 4846 'l‘emiriano
1154 4786 1341 4856 praelio
1408 4782 1749 4851 Mustapham
1833 4777 2090 4847 Bajazitis

508 4888 681 4942 lilium
743 4881 1072 4939 occubuisse
1129 4886 1457 4939 memorent,
1528 4889 1690 4944 quem
1749 4870 1922 4926 Graeci
1978 4879 2086 4923 tam

508 4992 663 5038 certo
694 4996 801 5035 non
839 4977 1070 5048 periisse
1103 4973 1421 5038 credebant,
1479 4980 1538 5025 ut
1569 4970 1734 5024 alium
1791 4965 2083 5038 quemdam

509 5073 865 5131 mentientem
896 5071 999 5126 hoc
1033 5083 1254 5129 nomen,
1283 5064 1447 5118 veluti
1502 5062 1919 5134 supposititium
1978 5058 2087 5111 fra-

506 5178 641 5220 trem
686 5161 934 5235 poscenti
968 5158 1297 5213 Muchemeti
1323 5156 1522 5211 dedere
1555 5155 1782 5219 nollent,
1843 5162 2087 5207 mortuo-

503 5275 610 5329 quc
655 5255 1001 5311 Muebemete
1029 5261 1223 5307 contra
1273 5248 1541 5302 Muratem
1594 5246 1919 5307 secundum,
1968 5243 2083 5296 Mu-

502 5349 768 5406 chemetis
801 5346 994 5409 lilium,
1048 5356 1149 5396 sua
1179 5355 1305 5395 cum
1327 5338 1569 5408 pernicie
1623 5338 1895 5393 foverent.
1937 5334 2081 5388 Prae-

501 5455 651 5499 terea
674 5456 783 5496 non
814 5441 915 5494 abs
948 5452 1006 5491 re
1029 5435 1231 5491 mirum
1266 5432 1434 5488 alicui
1470 5430 1746 5494 videatur,
1773 5428 2078 5483 Laouicum

496 5538 701 5599 dicere,
727 5541 978 5587 necatum
1006 5544 1037 5584 a
1065 5528 1284 5583 Temire
1311 5525 1570 5595 Bajazitis
1602 5524 1770 5577 tilium
1803 5521 2081 5577 Orthobu-

497 5632 601 5683 icm
630 5646 643 5681 :
677 5623 842 5698 425
868 5639 991 5677 cum
1024 5622 1070 5676 is
1100 5620 1313 5675 auctori
1336 5619 1459 5671 belli
1494 5627 1545 5670 et
1564 5614 1917 5684 injuriarum,
1939 5613 2077 5683 patri

495 5722 816 5792 pepercerit;
845 5728 898 5773 et
930 5732 1189 5786 expresse
1221 5713 1499 5769 Laonieus
1536 5714 1677 5768 idem
1711 5724 1895 5783 postea
1943 5709 2079 5766 scri-

493 5819 584 5874 bat
612 5815 737 5879 tlidc
765 5811 890 5869 licet
913 5810 1124 5880 dubia),
1148 5808 1568 5874 Mulsutuancui,
1611 5806 1835 5873 Moscm,
1863 5804 2073 5873 Jesuni,

2211 1914 2349 1969 ciam
2376 1914 2554 1984 potius
2577 1921 2629 1967 et
2653 1912 2992 1967 iracundiam
3020 1914 3104 1969 sui
3152 1912 3418 1983 Bajazitis
3468 1911 3772 1981 vituperant;

2209 2003 2444 2059 Tcmiris
2474 2004 2865 2057 humanitatem
2884 2017 2947 2057 ac
2973 2000 3294 2058 modestiam
3320 2002 3562 2056 laudant.
3589 1999 3774 2067 Super-

2206 2106 2289 2151 est
2317 2112 2511 2158 uuum,
2554 2109 2697 2165 quoe
2734 2094 2895 2164 obiici
2926 2094 3115 2164 possit,
3174 2097 3242 2148 de
3270 2093 3439 2149 Ziclie
3475 2091 3774 2147 Orthobulis

2209 2188 2344 2254 lilio,
2397 2204 2556 2255 quem
2606 2186 2883 2241 Laonieus
2930 2187 3005 2242 ait
3040 2185 3243 2241 bellum
3294 2185 3549 2241 intulisse
3596 2182 3771 2239 Joanui

2207 2280 2511 2343 Comncno,
2578 2278 2985 2349 Trapezuntino
3019 2279 3361 2346 imperatori.
3402 2277 3505 2333 Sed
3540 2279 3621 2333 hic
3652 2278 3769 2330 mihi

2206 2373 2535 2442 respondeat
2581 2372 2800 2441 aliquis,
2856 2371 2999 2425 unde
3045 2370 3262 2438 tandem
3316 2370 3509 2425 Ziches
3542 2368 3625 2424 ille
3664 2375 3772 2438 post

2206 2473 2437 2519 mortem
2465 2464 2637 2533 patris
2661 2462 2987 2518 Orthobulis
3014 2478 3160 2516 anno
3184 2462 3426 2533 denique
3458 2462 3771 2530 sexagesimo

2205 2558 2443 2626 primunt
2500 2559 2555 2612 in
2601 2571 2821 2613 scenam
2882 2556 3109 2627 prodiit?
3155 2571 3338 2626 quove
3404 2556 3562 2610 modo
3608 2556 3772 2609 salvus

2204 2652 2377 2708 evasit
2407 2667 2437 2707 e
2467 2661 2546 2706 tot
2576 2651 2887 2721 parricidiis
2922 2661 2974 2705 et
2998 2650 3235 2706 lanicnis
3260 2650 3333 2705 ho
3348 2666 3468 2705 rum
3495 2660 3773 2719 temporqu

2204 2745 2258 2800 in
2300 2744 2723 2801 Osmanidarum
2774 2743 3005 2810 familia,
3075 2747 3178 2800 sub
3229 2744 3416 2809 Musa,
3468 2741 3775 2797 Muchetnetc

2205 2839 2401 2910 primo,
2442 2832 2654 2893 Murate
2682 2839 2926 2893 secundo
2956 2880 2972 2903 ,
3023 2836 3380 2892 Blucliemcte
3413 2837 3665 2899 secundo,
3693 2832 3774 2903 qui

2204 2948 2393 2989 omnes
2433 2931 2714 3001 parricidae
2734 2930 3000 2985 fuerunt?
3030 2930 3141 2984 Cur
3168 2930 3297 2985 huic
3346 2940 3454 2985 tam
3500 2930 3587 2985 diu
3617 2943 3775 2985 savus

2214 3025 2303 3079 ille
2325 3024 2694 3079 Mueliemetes
2740 3020 3016 3078 secundus
3046 3023 3311 3092 pepercit,
3349 3023 3441 3093 qui
3467 3022 3550 3076 vix
3585 3027 3774 3075 mortuo

2204 3126 2379 3184 patre,
2409 3118 2731 3185 sanguinem
2768 3119 2950 3172 statim
3000 3116 3307 3170 fraternum
3356 3116 3516 3173 sitiit?
3562 3115 3638 3170 An
3665 3114 3773 3169 huic

2204 3212 2436 3267 credidit
2467 3213 2767 3267 exercitum
2792 3212 3301 3282 suspiciosissimus
3323 3213 3577 3268 omnium
3605 3224 3773 3281 tyran-

2208 3304 2354 3359 nus?
2423 3302 2667 3372 Denique
2718 3311 2933 3357 constat
2981 3318 3045 3355 ex
3085 3300 3346 3356 Turcicis.
3395 3301 3685 3366 annalibus,
3727 3298 3772 3354 id

2207 3396 2469 3465 temporis
2499 3394 2714 3450 vicinia:
2745 3390 3113 3464 Trapezuntis
3152 3394 3481 3461 praefectum
3516 3410 3544 3449 a
3574 3393 3770 3448 Muehe-

2209 3497 2350 3542 mete
2382 3486 2555 3542 fuisse
2590 3488 2889 3541 maximum
2925 3497 3056 3541 natu
3087 3486 3261 3541 lilium
3290 3486 3660 3560 Mustapham,
3690 3487 3770 3558 qui

2207 3589 2421 3634 tantum
2444 3580 2713 3635 decennio
2744 3590 2866 3649 post
2896 3578 2983 3633 illa
3014 3596 3135 3634 cum
3164 3579 3605 3649 Trapezuutibus
3627 3581 3769 3644 bella,

2206 3672 2422 3727 Parthis
2438 3676 2488 3727 in
2511 3675 2821 3729 Armeniam
2838 3674 3287 3730 etCaramaniam
3310 3675 3514 3732 infusis
3536 3675 3767 3739 occurrit,

2205 3766 2394 3836 eisque
2417 3765 2596 3830 caesis,
2621 3761 2899 3821 Jusufzem
2950 3768 3145 3839 begum
3172 3767 3375 3825 ducem
3429 3772 3601 3825 vivum
3640 3771 3763 3838 cepit

2204 3868 2257 3913 et
2289 3859 2425 3925 patri
2462 3860 2629 3914 misit:
2660 3861 2804 3930 quod
2837 3872 3218 3929 argumentum
3247 3864 3589 3929 estevidens,
3615 3863 3763 3917 fuisse

2208 3961 2320 4004 tttm
2375 3950 2716 4021 Mustapham
2770 3954 2943 4007 virilis
2984 3956 3198 4019 aetatis,
3248 3970 3357 4011 nec
3414 3950 3622 4011 Zichem
3676 3954 3762 4007 Os-

2208 4045 2485 4099 manidani
2519 4048 2568 4099 iu
2632 4048 2699 4101 iis
2736 4047 2867 4101 locis
2919 4048 3000 4103 vel
3061 4048 3356 4119 imperium
3409 4049 3657 4119 aiiquod,‘
3694 4046 3762 4099 vel

2205 4140 2506 4192 exercitum
2541 4140 2818 4195 habuissm
2849 4142 2979 4206 Quae
3000 4156 3123 4196 cum
3143 4141 3215 4196 ita
3238 4145 3373 4207 sitit,
3401 4152 3564 4198 restat
3597 4148 3762 4196 utsta-

2207 4242 2427 4286 luamus
2477 4248 2713 4302 quatuor
2760 4234 2988 4288 omnino
3052 4235 3300 4300 nomina,
3362 4234 3670 4291 Orthobulis
3717 4241 3763 4284 et

2208 4321 2596 4386 Mulsumanis,
2629 4340 2748 4393 quae
2775 4325 2945 4379 (ira-ci
2974 4326 3321 4381 tradiderunt
3348 4344 3362 4392 ;
3399 4324 3755 4399 CyrsicelebiS.

2205 4415 2351 4483 quod
2407 4419 2576 4470 nostri
2616 4415 3008 4481 ;Sulcimanis,
3042 4419 3186 4487 quod
3240 4415 3436 4485 .Turci;
3473 4418 3675 4473 tandem
3715 4414 3759 4465 iu

2203 4524 2370 4562 unutn
2405 4509 2731 4563 conferenda
2766 4509 3132 4565 Soleimaucm
3180 4510 3437 4578 Bajazitis
3464 4521 3757 4581 germanum

2200 4600 2370 4655 ﬁlium
2397 4639 2411 4663 ,
2458 4616 2585 4655 natu
2633 4618 2963 4656 inavinmm:
3000 4605 3159 4673 Cujus
3186 4606 3229 4657 si
3267 4604 3467 4658 Ziches
3517 4604 3599 4656 ille
3632 4604 3755 4653 hlius

2196 4708 2305 4745 non
2367 4692 2510 4753 fuit.
2584 4708 2856 4761 nusquam
2912 4710 2976 4748 tte
3040 4694 3262 4748 neruine
3337 4695 3554 4765 quidem
3616 4700 3758 4744 truus

2197 4784 2393 4839 Turcis
2446 4795 2628 4850 notus;
2662 4787 3115 4843 cutnOrtbobule
3172 4789 3366 4843 iictitiu
3425 4800 3594 4858 patre,
3647 4801 3761 4849 snp-

2198 4879 2358 4948 positi
2394 4879 2479 4933 ius
2531 4880 2676 4934 titius
2746 4880 2951 4935 Grmcis
3013 4882 3387 4935 defendendus
3436 4877 3755 4947 relinquitur.

2192 4973 2407 5028 Habent
2480 4975 2709 5029 lectores
2792 4975 2993 5028 eruditi
3071 4976 3309 5028 rationes
3392 4992 3580 5033 meas,
3635 4981 3756 5037 quas

2194 5067 2279 5120 vel
2326 5066 2686 5136 approbandi,
2739 5068 2821 5120 vel
2870 5066 3211 5132 confutandi,
3266 5068 3491 5121 liberam
3553 5066 3628 5118 eis
3676 5078 3757 5128 po-

2196 5168 2448 5214 testatem
2501 5160 2661 5215 l'acio.
2734 5158 2996 5213 Neutrum
3050 5170 3231 5214 tamen
3276 5176 3339 5215 es
3403 5159 3612 5213 duobus
3658 5152 3751 5206 illis

2197 5267 2225 5304 a
2252 5252 2493 5306 Laonicu
2526 5255 2846 5307 memoratis
2883 5254 2936 5307 iri
2984 5254 3405 5306 Usmanidarum
3436 5252 3589 5304 omisi
3614 5246 3751 5299 fann-

2188 5345 2284 5409 lia,
2337 5360 2405 5400 ne
2451 5348 2576 5415 quis
2619 5345 2798 5399 nimia:
2854 5360 2942 5400 me
2992 5346 3313 5399 temeritatis
3364 5349 3633 5396 arcessat:
3666 5333 3745 5399 qui

2193 5448 2391 5509 praeter
2422 5438 2543 5504 bos,
2578 5440 2806 5493 necdum
2834 5439 3036 5493 auditis
3066 5433 3560 5503 aliorumjudieiis,
3592 5428 3745 5499 pluri-

2190 5532 2290 5587 bus
2318 5531 2481 5585 etiam
2510 5529 2767 5600 Bajazitis
2800 5530 2925 5585 [iliis
2945 5567 2961 5592 .
2990 5527 3120 5586 Jesu
3161 5528 3352 5583 minori
3372 5564 3388 5589 ,
3424 5525 3502 5577 Ali
3527 5562 3542 5588 ,
3576 5518 3741 5572 Dustui

2190 5623 2530 5694 Mustaplue,
2595 5624 2855 5679 natalium
2906 5625 3336 5682 controversiam
3389 5633 3595 5677 movere
3632 5625 3733 5667 υοιι

2188 5713 2574 5769 dubitaverim.
