4048 6208
286 322 393 390 781

365 442 454 494 ϐυ.
494 438 713 494 Tedirin
746 440 924 509 beyus,
956 438 1203 509 Erzinga:
1228 439 1490 509 princeps,
1544 438 1823 510 Diorrygc.

365 556 470 623 Qui
499 552 698 609 Turcis
729 566 810 610 est
836 554 1071 609 Techrin
1103 554 1272 626 begus
1298 593 1315 619 ,
1366 551 1611 621 Erzinga:
1657 553 1739 606 vel
1794 550 1889 605 Er-

294 649 540 703 zinzauis
574 647 845 717 princeps.
885 664 915 701 a
948 647 1190 702 Laonieo
1222 657 1451 702 vocatur
1479 644 1720 700 Sceudcr
1742 688 1757 712 ,
1792 661 1888 699 rex

234 726 237 729 ἦ
292 740 713 795 Armeniorum:
748 738 835 791 cui
868 736 1164 806 Bajazitem
1201 737 1353 791 illato
1403 737 1565 801 bello,
1595 735 1887 805 Erziugam

290 833 585 895 ademisse,
626 847 748 883 cum
775 830 1067 884 annalibus
1098 830 1247 883 hisce
1275 830 1651 893 consentiens,
1682 837 1888 882 narrat.

295 924 490 979 l’ostea
530 924 691 977 tradit
727 921 1062 985 Tezetinem,
1101 924 1278 976 virum
1308 923 1458 991 regio
1492 923 1760 991 sanguine
1791 934 1887 974 ord-

293 1026 406 1069 tunt
442 1018 511 1069 ab
547 1015 828 1085 Erziganis
884 1030 1031 1086 rege,
1085 1030 1254 1085 puero
1306 1014 1628 1083 Mustapha,
1662 1014 1890 1068 Muratis

294 1110 520 1165 secundi
568 1109 749 1173 fratri,
800 1110 1007 1163 auxilio
1058 1110 1291 1165 venisse.
1343 1107 1457 1164 Hoc
1510 1125 1607 1180 ego
1662 1123 1883 1172 nomen,

293 1203 411 1257 sive
446 1200 743 1264 Teletinis,
779 1203 893 1256 sive
917 1200 1226 1267 Tczerinis,
1264 1202 1407 1256 idem
1440 1216 1561 1255 esse
1592 1212 1724 1273 puto
1758 1215 1884 1255 cum

295 1296 569 1350 Terhritte
590 1306 898 1350 nostrorum
931 1296 1239 1350 annalium.
1263 1294 1555 1365 Diorryges
1581 1295 1763 1364 oppidi
1793 1310 1887 1348 no-

292 1407 418 1444 men
448 1391 695 1445 Graecum
728 1406 756 1442 a
787 1389 948 1445 fossis
971 1389 1040 1444 ab
1060 1384 1335 1459 Euphrate
1369 1388 1647 1459 perductis
1678 1387 1883 1444 factum

292 1485 553 1539 arbitror.

351 1599 436 1652 61.
478 1598 583 1664 Qui
617 1596 935 1654 Turcomani
957 1642 972 1665 ,
1001 1599 1246 1654 stillantis
1279 1598 1644 1666 Alcairemis,
1676 1596 1826 1661 Cair,

826 1671 1034 1735 Miszir,
1072 1670 1373 1724 Miszraim.

1474 322 1875 384 PANDECTE
1916 320 2117 379 IllS’l‘.
2164 318 2471 377 TUllClC.

1914 437 1962 496 Α
1991 434 2243 489 Camesa.
2297 432 2508 500 Mueige
2552 430 2748 486 Turcis
2784 439 2900 496 est,
2950 432 3041 499 qui
3091 430 3295 486 Graecis
3346 428 3588 484 historiis

3480 307 3586 373 782

1995 528 2311 580 nominatur
2341 524 2552 579 Moavla
2586 535 2641 579 et
2672 522 2870 578 Mevia.
2906 524 3198 579 Cursorem
3230 522 3380 586 dixi,
3422 536 3585 591 quem

1991 616 2157 673 Turci
2188 620 2292 674 Pec
2318 627 2413 673 aut
2444 617 2608 686 Peic),
2642 617 2817 672 nostri
2849 616 3158 685 lacqueium
3191 614 3403 669 dicunt.
3436 614 3587 668 Βραι-

1994 714 2095 767 bec
2157 712 2329 784 Syria:
2378 727 2525 767 cava:
2575 713 2795 779 civitas,
2848 710 3085 765 Postello
3134 708 3359 772 Balbrc,
3392 708 3587 777 priscis

1999 805 2303 876 HeliOpolis
2334 804 2457 859 fttit.

2448 921 2538 975 63.
2578 918 2825 989 Carabag
2842 961 2855 982 ,
2904 916 3104 987 Ungra.

2060 1036 2140 1090 Ad
2172 1035 2510 1102 Carabagnm
2545 1036 2865 1089 hibernasse
2914 1032 3189 1087 Temirem
3237 1033 3461 1086 tradunt
3491 1048 3586 1085 att-

1990 1131 2167 1195 nales,
2217 1132 2408 1184 urbem
2460 1131 2575 1183 sive
2626 1128 2896 1193 Parthae,
2950 1131 3063 1184 sive
3105 1128 3349 1183 Persia:
3390 1127 3586 1195 quibus

1990 1226 2304 1279 nominibus
2360 1222 2742 1279 indill'et'enter
2788 1224 3033 1285 utimur,
3082 1236 3176 1289 pro
3240 1236 3300 1274 ea
3344 1220 3587 1290 regione,

1988 1333 2111 1387 quae
2164 1311 2360 1371 Turcis
2395 1326 2480 1371 est
2529 1315 2705 1378 Aietn,
2758 1315 2842 1369 vel
2894 1313 3049 1367 Aiem
3098 1312 3315 1379 vilaget,
3364 1312 3429 1365 de
3481 1327 3586 1379 qua

1989 1409 2246 1476 Superius
2296 1408 2505 1462 dictum
2565 1420 2797 1461 numero
2848 1406 3420 1477 nOIarumLsecundo.
3472 1403 3585 1458 Vox

1987 1503 2237 1572 Cztrobag
2280 1501 2558 1571 significat
2606 1500 2787 1570 lingua
2827 1499 3063 1553 Turcica
3095 1499 3309 1553 vineam
3351 1500 3586 1568 nigram.

1986 1593 2463 1665 Chalcocondyles
2496 1594 2755 1661 scripsit,
2790 1591 3062 1646 Temirem
3099 1593 3323 1648 solitum
3358 1609 3415 1645 se
3448 1593 3585 1647 reci-

1989 1704 2119 1757 pere
2149 1689 2430 1742 Cberiam:
2469 1686 2615 1756 quod
2650 1688 2881 1756 prituum
2915 1685 3187 1751 Sebastia,
3225 1688 3369 1755 quod
3400 1687 3585 1740 itidem

367 1778 747 1839 Turcomanos
822 1793 982 1839 vocat
1053 1796 1246 1840 auctor
1317 1783 1594 1838 annalium
1673 1783 1884 1836 Turcos
1919 1815 1960 1869 Β
1991 1780 2252 1850 Chalepia
2283 1780 2389 1849 (sic
2412 1780 2683 1847 interpres
2714 1779 2958 1849 scripsit)
2987 1780 3361 1851 Damascoque
3388 1781 3585 1849 captis,

291 1891 489 1929 omnes
546 1874 599 1927 itt
646 1875 800 1939 Asia,
863 1872 1076 1929 caeteris
1127 1875 1405 1944 subjectos
1472 1875 1663 1943 begis,
1726 1884 1881 1929 extra

292 1969 643 2023 Ostnanidas.
694 1966 784 2024 Sic
834 1967 1075 2039 Turqnia
1128 1962 1445 2024 Belvacensi
1494 1984 1720 2039 regnum
1770 1962 1886 2021 lco-

293 2066 489 2117 niense
512 2064 733 2127 dicitur,
760 2064 1015 2134 Aythono
1040 2063 1217 2116 minor
1243 2062 1393 2116 Asia.
1425 2061 1631 2117 Praetor
1657 2061 1881 2117 Gracia:

294 2163 489 2210 noster
538 2154 787 2209 subditos
821 2146 1090 2208 lconiensi
1143 2154 1362 2207 sultano
1433 2155 1680 2223 duplices
1738 2155 1887 2220 fat-it,

293 2249 499 2316 partim
529 2244 901 2299 Musnlmanos
932 2246 1234 2315 appellans.
1263 2246 1459 2315 partim
1488 2246 1890 2301 Tureomanos.

297 2338 379 2391 De
408 2336 907 2392 ‘Musulmauorutn
962 2339 1187 2393 nomine
1246 2339 1453 2393 dictum
1492 2349 1676 2401 antea,
1744 2340 1890 2410 quod

297 2431 447 2484 haud
480 2432 645 2485 dubie
671 2442 801 2486 tunc
831 2433 994 2486 etiam
1025 2441 1178 2500 paret
1240 2433 1484 2485 habitum
1528 2432 1674 2486 velut
1725 2432 1893 2486 hone-

301 2523 469 2576 stius.
509 2521 885 2577 Turcomanos
910 2525 987 2578 ait
1020 2539 1144 2579 esse
1179 2535 1416 2593 gentem,
1448 2539 1569 2592 quae
1602 2524 1890 2578 Persarum

297 2616 405 2686 (sic
466 2611 679 2671 Turcos
737 2616 1047 2672 lc0nienscs
1114 2628 1308 2681 vocat,
1369 2617 1517 2672 velut
1571 2634 1601 2670 e
1669 2616 1894 2671 Perside

297 2709 588 2779 oriundus)
641 2719 919 2764 extremos
965 2712 1099 2764 lines
1134 2706 1431 2775 insidebat,
1466 2719 1520 2763 et
1561 2708 1891 2780 implacabili

298 2804 431 2857 odio
458 2802 731 2859 Romanos
758 2804 831 2874 (id
861 2815 964 2868 est,
998 2803 1242 2876 Graecos)
1279 2820 1640 2873 persequens,
1667 2805 1893 2875 agendis

302 2896 505 2965 praedis
535 2912 600 2950 ex
637 2898 832 2951 borum
866 2898 1013 2967 agris
1042 2898 1437 2959 delectabatur,
1466 2898 1769 2967 praesertim
1803 2896 1895 2950 illo

304 3001 554 3057 tempore
575 3030 588 3053 ,
622 3003 732 3058 quo
764 3004 851 3043 res
882 2987 1191 3043 lc0nienses
1234 2987 1607 3053 ﬂuctuabant,
1638 2986 1897 3043 mirifice-

302 3099 415 3152 que
434 3079 842 3137 Taneharorum
868 3082 1323 3152 itnpressionibus
1345 3082 1729 3137 turbabantur.
1755 3082 1898 3151 Ergo

305 3170 642 3231 Turcomani
687 3188 816 3230 tunc
847 3186 1006 3230 erant
1040 3172 1228 3229 infami
1264 3173 1530 3230 vocabulo
1570 3176 1746 3230 instar
1776 3175 1895 3230 illo-
1923 3174 1967 3231 ο

306 3286 431 3324 rum
470 3270 811 3338 praedonum,
841 3285 980 3339 quos
1008 3284 1154 3324 nunc
1188 3268 1507 3324 llartelosos
1526 3277 1581 3322 et
1612 3264 1897 3323 Uscocltos

308 3364 478 3433 (unde
505 3363 872 3418 Scacchorum
895 3363 1009 3417 sive
1027 3359 1462 3417 latrunculoruut
1490 3360 1710 3428 nomen)
1736 3375 1897 3413 voca-

306 3473 459 3510 mus.
494 3450 699 3511 Praetor
747 3452 968 3526 quidem
1002 3467 1133 3510 tunc
1162 3454 1478 3509 Michaelem
1507 3452 1898 3524 Palaeologum,

306 3550 382 3602 ad
413 3544 737 3601 Juthatinem
774 3550 1051 3601 sultauunt
1089 3545 1561 3604 Musultuauorum
1607 3563 1666 3601 se
1707 3545 1899 3601 conle-

308 3652 519 3698 rentent
545 3683 560 3707 ,
593 3643 660 3697 ab
695 3643 779 3696 bis
810 3640 1171 3697 Turcomanis
1198 3685 1213 3708 ,
1263 3644 1412 3697 omni
1445 3644 1705 3697 comitatu
1734 3651 1787 3697 et
1812 3658 1898 3695 sm

309 3737 579 3807 pellectile
630 3737 921 3805 spoliatum
954 3735 1127 3790 fuisse
1186 3746 1391 3802 narrat,
1449 3751 1548 3790 nec
1598 3735 1897 3805 quidquam

309 3841 538 3879 suorum
575 3831 642 3877 ab
690 3825 770 3879 eis
805 3826 1052 3894 potuisse
1086 3826 1365 3894 recipere,
1423 3824 1547 3877 licet
1592 3825 1721 3879 hinc
1772 3824 1901 3879 inde

308 3915 562 3971 dimissis
590 3917 883 3980 mandatis,
914 3916 1168 3970 sultanus
1203 3916 1546 3985 itnperaSSet,
1580 3926 1635 3969 ut
1667 3918 1899 3986 spoliato

312 4018 426 4061 tam
464 4022 715 4077 corpora,
736 4022 900 4077 quam
930 4023 1017 4062 res
1040 4008 1307 4081 ademptze
1330 4011 1772 4063 restituerentur.
1806 4009 1897 4060 AI-

309 4102 616 4156 cairensem
650 4103 940 4163 ,sultanum
977 4102 1204 4157 annales
1247 4117 1399 4156 more
1444 4100 1680 4155 Turcico
1728 4102 1903 4156 nomi-

308 4201 448 4247 nant
468 4190 686 4262 Egypti
710 4192 987 4263 Syriaeque
1015 4194 1315 4256 sultanum,
1344 4193 1412 4247 ab
1433 4193 1571 4247 aulae
1592 4193 1707 4246 sive
1741 4208 1903 4263 regat:

308 4288 457 4340 loco.
501 4285 725 4340 Cairum
765 4286 1037 4340 Laouicus
1080 4287 1361 4355 antiquam
1408 4284 1699 4355 Memphim
1751 4286 1901 4340 facit.

307 4377 481 4450 5,26
518 4379 603 4443 Al,
642 4388 700 4431 ut
733 4379 1018 4445 articulus,
1047 4379 1286 4435 additur.
1320 4377 1432 4432 V'ox
1466 4380 1581 4447 ipsa
1631 4379 1902 4447 signiﬁcat

312 4474 528 4537 urbem,
562 4473 894 4526 excellentia:
912 4487 1100 4535 causa,
1124 4473 1267 4542 quod
1298 4472 1513 4526 urbium
1548 4474 1779 4527 maxima
1809 4473 1898 4527 sit.

313 4566 494 4621 llodie
520 4565 715 4622 Turcis
737 4578 791 4622 et
812 4568 1081 4621 Arabibus
1108 4568 1302 4620 incolis
1329 4567 1516 4620 Miszir
1578 4566 1904 4636 appellatur,

312 4676 345 4714 a
382 4660 755 4715 vetustissimo
787 4671 896 4715 tam
928 4657 1169 4732 Egypti,
1205 4675 1367 4729 quam
1398 4658 1773 4731 :Egyptiorunt
1810 4663 1924 4714 no-‘

313 4754 488 4820 mine,
525 4754 794 4808 Mizraitu.

604 4869 693 4924 62.
750 4868 967 4922 Cbemes
994 4909 1009 4931 ,
1046 4867 1275 4938 Muetge,
1312 4866 1555 4921 Bealbec.

394 4984 601 5037 Civitas
646 4983 818 5052 Syria:
869 4981 1102 5036 Cbemes
1164 4981 1293 5034 olim
1344 4980 1486 5034 dicta
1540 4979 1642 5034 fuit
1695 4981 1907 5043 Emisa,

314 5078 590 5147 Gregorio
617 5077 869 5129 limiseno
897 5076 1119 5126 alumno
1147 5073 1319 5134 clara,
1351 5072 1508 5142 Cujus
1536 5084 1757 5125 essunt
1786 5086 1913 5127 octo

318 5173 451 5227 libri
512 5172 579 5223 de
627 5170 885 5233 homine,
938 5168 1029 5236 qui
1076 5165 1353 5219 nonnullis
1402 5166 1455 5218 in
1505 5166 1913 5234 exemplaribus

320 5288 431 5322 non
494 5277 642 5321 recte
692 5263 943 5334 Gregorii
998 5260 1227 5331 Nysseni
1290 5258 1466 5313 nostri
1515 5274 1716 5313 nomen
1751 5276 1913 5333 «pra:-

322 5366 534 5417 ferunt.
566 5360 805 5413 Ortelius
834 5356 1073 5416 notavit,
1119 5355 1263 5423 quod
1299 5351 1497 5406 Turcis
1536 5361 1591 5407 et
1637 5353 1915 5407 Arabibus

322 5460 394 5511 sit
426 5456 651 5510 llamsa.
680 5454 785 5507 Sed
819 5453 909 5506 hic
943 5449 1176 5506 Cbemes
1206 5448 1405 5517 legitur
1427 5487 1443 5513 ,
1493 5448 1638 5517 quod
1676 5448 1911 5501 aliorum

323 5554 615 5619 scriptura:
644 5548 897 5607 vicinius,
927 5545 1130 5613 quibus
1156 5541 1351 5595 llames
1393 5550 1637 5594 vocatur.
1680 5538 1770 5594 Fit
1794 5540 1915 5608 ejus

326 5646 465 5712 apud
510 5642 821 5712 Aytbonum
850 5641 936 5692 his
991 5637 1175 5689 verbis
1208 5633 1414 5686 mentio
1441 5649 1455 5686 :
1482 5631 1692 5686 Civitas
1745 5629 1916 5703 Syria:

329 5738 548 5800 Hamas,
611 5747 735 5803 quae
766 5732 985 5785 Catnela
1024 5729 1186 5783 hodie
1220 5726 1522 5796 appellatur
1551 5740 1581 5775 a
1615 5724 1865 5791 pluribus
1903 5741 1915 5777 :

330 5842 420 5887 ubi
452 5827 773 5887 videndum,
818 5842 883 5877 au
925 5841 1029 5875 non
1088 5839 1187 5890 pro
1226 5820 1448 5874 Cautela
1500 5816 1663 5872 scribi
1712 5816 1883 5870 debca

1990 1873 2201 1929 fecerit.
2256 1874 2398 1943 Ergo
2444 1873 2556 1927 veri
2618 1873 2677 1927 lit
2724 1872 2945 1941 simile,
2992 1872 3243 1929 Cberiam
3282 1888 3309 1926 a
3354 1872 3588 1927 Laonico

1989 1964 2097 2019 dici
2131 1980 2252 2031 qua:
2279 1964 2367 2019 hic
2416 1962 2667 2033 Carabag
2702 1966 3037 2031 nominatur,
3072 1965 3323 2020 nonnihil
3378 1975 3588 2019 mutato

1990 2061 2075 2115 vel
2111 2076 2141 2114 a
2172 2060 2377 2115 iliacis
2413 2060 2496 2115 vel
2531 2060 2728 2115 Turcis
2760 2061 3054 2115 vocabulo.
3093 2060 3354 2131 Engurim
3394 2077 3585 2126 supra,

1994 2168 2223 2207 numero
2272 2164 2526 2207 notarum
2558 2153 2624 2208 lO
2648 2193 2662 2217 ,
2696 2154 2937 2210 diximus
2970 2156 3237 2225 Ancyram
3267 2169 3409 2208 esse.
3441 2149 3587 2206 Tan-

1995 2259 2109 2302 tum
2148 2249 2235 2303 hic
2267 2250 2576 2302 addendum
2616 2249 2931 2318 putavimus
2975 2250 3153 2304 obiter
3178 2288 3193 2311 ,
3234 2249 3373 2303 hanc
3421 2250 3585 2302 etiam

1996 2342 2047 2395 in
2067 2341 2214 2395 edito
2251 2338 2688 2411 Cbalcocontlyle
2707 2338 2946 2396 Uncram
2976 2341 3267 2397 nmninari:
3292 2342 3434 2412 quod
3462 2357 3585 2397 cum

1993 2437 2168 2491 Graaci
2204 2436 2424 2489 mollius
2454 2435 2741 2489 enuntient
2778 2434 2959 2506 Ungra
2980 2475 2995 2501 ,
3027 2436 3248 2505 prOpius
3283 2437 3489 2491 accedit
3521 2435 3586 2493 ad

1995 2527 2286 2585 Turcieatn
2320 2527 2752 2599 appellationem
2790 2530 3019 2599 linguri.

1996 2667 2087 2724 64.
2124 2667 2279 2722 Bulci
2319 2668 2491 2737 ﬁlius,
2547 2667 2839 2724 Dervislar.
2881 2666 3181 2736 Menapilae
3232 2684 3396 2722 mors.
3436 2666 3593 2723 στω.

2294 2754 2477 2791 corum
2514 2739 2576 2793 de
2599 2738 2868 2807 Bajezitis
2898 2737 3028 2805 ﬁliis
3074 2755 3300 2792 errores.

2072 2856 2144 2910 De
2168 2855 2351 2910 Bulcis
2378 2865 2432 2910 et
2467 2854 2821 2909 Bulcovitziis
2855 2854 3064 2921 prolixe
3112 2855 3471 2909 tractavimus
3521 2857 3588 2910 ad

2000 2962 2253 3007 notarum
2284 2966 2542 3005 numeros
2567 2949 2637 3003 46
2668 2963 2720 3005 ct
2740 2951 2830 3006 54.
2853 2949 2951 3003 Hic
3000 2960 3212 3005 tantum
3244 2966 3591 3011 moneamus,

2000 3046 2165 3101 istum
2186 3045 2339 3099 Bulci
2368 3044 2537 3098 lilium
2556 3043 2673 3114 (qui
2698 3044 2894 3098 Turcis
2921 3054 3009 3099 est
3041 3042 3310 3115 Bulcogli)
3331 3044 3592 3113 expresse

2000 3134 2275 3189 nominari
2312 3150 2340 3187 a
2370 3133 2729 3205 Spaudugino
2756 3133 3074 3205 Georgium,
3106 3136 3311 3189 Servitc
3350 3136 3592 3205 despota!

2004 3231 2175 3283 lilium
2208 3243 2222 3281 :
2258 3228 2419 3297 cujus
2452 3230 2688 3296 majores
2711 3237 2763 3282 et
2798 3237 3048 3297 posteros
3066 3230 3391 3283 continuato
3428 3246 3593 3297 supe-

2004 3320 2120 3373 rius
2151 3325 2445 3373 stemmate
2478 3318 2747 3385 complexi
2779 3334 2991 3372 sumus.
3029 3320 3106 3371 Ac
3142 3330 3449 3387 temporum
3504 3334 3593 3371 sa-

2002 3428 2070 3466 ne
2103 3412 2242 3465 ratio
2270 3408 2611 3480 Spandugiui
2631 3410 2920 3465 sententias
2953 3425 3298 3480 nequaquam
3326 3411 3588 3465 adversao

2002 3513 2113 3559 tur.
2140 3504 2370 3558 Dervisii
2412 3519 2508 3558 seu
2543 3502 2844 3559 Dervislari
2872 3514 3004 3558 sunt
3032 3503 3109 3557 illi
3161 3503 3385 3571 quidem
3444 3507 3589 3569 apud

2003 3598 2210 3654 Turcos
2237 3598 2423 3666 aliqua
2456 3613 2518 3652 ex
2547 3606 2697 3667 parte
2723 3597 3003 3667 Calogeris
3023 3596 3253 3661 Graecis,
3307 3599 3593 3652 monachis

2003 3693 2208 3746 nostris
2236 3690 2445 3756 amnes,
2480 3691 2556 3744 uti
2589 3690 2843 3760 superius
2872 3690 3200 3757 indicatum;
3235 3691 3329 3745 sed
3353 3692 3477 3745 aliis
3509 3706 3592 3745 ta-

2005 3802 2128 3842 men
2145 3787 2211 3841 de
2242 3787 2427 3841 causis
2456 3786 2643 3856 (modo
2676 3784 2901 3838 Paulum
2933 3786 3321 3842 Tomorreum,
3365 3784 3589 3837 fratrem

2006 3881 2298 3946 Georgium
2331 3880 2584 3944 Ungarize
2614 3878 2937 3946 perniciem,
2977 3890 3028 3931 et
3074 3879 3211 3931 alios
3269 3878 3335 3931 de
3390 3878 3594 3930 nostris

2004 3974 2269 4042 excipias)
2292 3989 2355 4027 ea
2378 3972 2743 4040 comparatio,
2776 3970 3097 4038 quodvulgo
3129 3970 3267 4024 solet
3287 3969 3417 4031 dici,
3442 3971 3594 4024 cfau-

2003 4067 2170 4121 dicat.
2205 4066 2416 4135 Quippe
2454 4079 2577 4119 cum
2614 4064 2872 4116 universa
2909 4063 2993 4116 lex
3028 4072 3082 4117 et
3128 4063 3406 4132 religionis
3466 4079 3595 4128 pro—

2006 4160 2173 4215 fessio
2209 4158 2595 4212 Mahuunetana
2626 4157 2981 4225 sanguinaria
3012 4156 3102 4217 sit,
3131 4157 3368 4225 speciem
3427 4155 3595 4209 Turci

2007 4253 2229 4323 quidem
2263 4250 2533 4319 religiosa:
2568 4248 2788 4318 pietatis
2820 4251 2873 4303 itt
2907 4249 3042 4315 lt'gis
3090 4250 3281 4317 peritis
3338 4265 3401 4302 ac
3465 4249 3599 4304 Der-

2006 4348 2162 4402 visiis
2222 4345 2340 4401 suis
2400 4345 2691 4413 requirunt
2727 4363 2740 4399 :
2777 4354 2830 4398 at
2870 4344 3089 4398 interim
3116 4346 3183 4397 ab
3229 4345 3455 4414 agendis
3501 4358 3596 4399 eos

2008 4438 2197 4499 rebus,
2222 4445 2334 4489 tam
2388 4451 2541 4505 pace,
2587 4452 2751 4503 quam
2812 4436 2979 4498 bello,
3019 4439 3334 4503 praesertim
3399 4447 3593 4490 contra

1936 4521 1987 4581 D
2014 4528 2358 4583 Christianos
2406 4540 2459 4581 et
2495 4528 2680 4582 hostes
2716 4528 3029 4597 reipublicae
3068 4544 3203 4591 suae,
3250 4544 3595 4598 nequaquam

2008 4631 2219 4684 arcent,
2247 4622 2341 4676 sed
2374 4620 2549 4690 magis
2611 4621 2799 4686 etiam,
2830 4636 2994 4691 quam
3048 4632 3297 4683 cteteros,
3332 4622 3599 4677 devovere

2010 4714 2177 4766 vitam
2213 4728 2369 4767 suam
2404 4728 2502 4782 pro
2542 4711 2828 4782 religione,
2850 4728 3058 4782 proque
3090 4713 3207 4781 lege
3242 4715 3439 4781 patria,
3465 4731 3599 4770 suos

2011 4806 2135 4860 illos
2160 4805 2449 4876 religiosos
2485 4806 2696 4859 volunt.
2731 4804 2866 4860 llinc
2921 4807 3134 4877 aliquot
3196 4808 3250 4861 in
3311 4808 3600 4881 Ungaricis

2013 4900 2214 4954 ﬁnibus
2248 4912 2438 4969 captos
2468 4914 2497 4952 a
2525 4901 2729 4954 nostris
2762 4902 3047 4965 recordor,
3083 4901 3232 4955 viros
3263 4905 3597 4972 caateroquin

2012 4992 2251 5062 alicujus
2275 4992 2627 5048 auctoritatis
2678 5004 2733 5047 et
2795 4994 3246 5059 existimationis,
3280 4996 3375 5063 qui
3412 4995 3597 5049 Dervi-

2012 5086 2193 5141 slaros
2225 5103 2284 5141 se
2318 5088 2720 5156 profitebantur
2750 5129 2763 5142 .
2812 5085 2953 5144 Hinc
2986 5088 3039 5142 in
3089 5089 3197 5141 vita
3240 5087 3598 5143 Muehcmelis

2016 5180 2175 5249 primi
2220 5180 2547 5234 seditionem
2580 5179 2832 5236 anlacis
2883 5182 3139 5235 monachi
3176 5179 3419 5247 Turciri,
3462 5183 3596 5236 etin

2014 5272 2125 5325 vita
2160 5272 2419 5340 Bajazitis
2474 5275 2723 5337 secundi,
2774 5272 3134 5328 Scachoculis
3166 5273 3410 5328 eremita:
3471 5290 3602 5329 san-

2014 5364 2249 5433 gnittarii
2288 5380 2519 5435 pugnas,
2557 5378 2608 5419 ct
2643 5366 2845 5431 czedes,
2877 5375 2931 5419 et
2959 5367 3334 5437 grassationes
3395 5367 3591 5421 imma-

2017 5472 2135 5521 nes,
2171 5458 2372 5526 quibus
2404 5459 2577 5512 multa
2625 5458 2796 5511 millia
2838 5458 3120 5511 hominum
3156 5458 3445 5527 absumpta
3474 5458 3596 5513 fue-

2017 5557 2181 5614 runt;
2234 5560 2289 5603 et
2326 5550 2379 5603 in
2411 5550 2517 5603 vita
2572 5550 2817 5619 denique
2884 5549 3243 5615 Soleimanis,
3280 5550 3349 5604 ad
3385 5567 3594 5606 annum

2013 5639 2393 5695 Christianum
2432 5642 2591 5707 l5‘.’.6,
2632 5642 2959 5697 Caleuderis
3001 5644 3215 5697 chebis
3245 5653 3299 5698 et
3330 5642 3601 5699 Dervisla-

2018 5735 2227 5787 riorutu
2268 5744 2471 5815 motus
2508 5751 2572 5789 ac
2627 5735 2810 5804 pra-lia
2886 5736 3136 5807 legimus.
3180 5735 3291 5791 Hac
3352 5753 3485 5805 ergo
3537 5738 3605 5790 de

2020 5842 2189 5881 causa
2242 5823 2537 5883 Servianos
2629 5827 2754 5884 illos
2816 5826 3117 5887 fortissime
3196 5845 3295 5901 pro
3366 5827 3606 5902 Bajazitc
