4048 6208
525 334 631 403 783

1721 315 2052 386 JOANNIS
2097 311 2561 382 LEUNCLAVII

3665 311 3762 378 78$

526 458 851 513 dimicantes
907 451 1054 505 Bnlci
1106 448 1330 509 milites,
1377 442 1723 498 truculentos
1775 457 1836 495 ac
1897 441 2181 500 feroccsA
2219 437 2600 494 nominantur.
2665 440 2827 500 caput
2885 438 2970 484 est
3029 430 3162 483 urbs
3223 427 3556 489 Semercant,
3616 431 3763 485 hodie

533 549 818 606 Dervisios
859 543 1168 616 appellabat
1199 529 1410 606 Tetn‘ir,
1433 537 1526 607 qtti
1554 552 1613 590 se
1642 535 1924 603 vitamque
1949 548 2106 585 suam

529 659 631 714 pro
660 642 835 696 salute
863 651 1092 692 suorum
1157 632 1402 687 animose
1459 626 1835 683 devovissent.
1877 623 2109 677 Germa-

527 751 659 792 num
690 750 818 788 vero
851 729 1116 800 Bajazitis
1153 727 1324 781 ﬁlium
1378 721 1722 790 Mustaphaut
1781 719 1884 771 hoc
1921 715 2112 786 praelio

529 830 762 901 periisse
787 826 1027 880 diximus
1058 836 1121 875 ex
1171 819 1273 873 ﬁde
1305 818 1500 872 horum
1553 812 1834 866 annalium
1879 807 2112 862 antehac

530 921 842 992 aliquoties,
884 917 1047 984 idque
1083 914 1209 968 licet
1263 912 1514 965 sultanns
1578 904 1948 958 Mucltetnetes
2001 902 2111 969 pri-

531 1034 676 1082 mus,
734 1017 975 1081 itemque
1003 1009 1246 1063 Murates
1289 1001 1566 1058 secundus
1602 1010 1725 1068 post
1751 1005 1982 1050 mortem
2019 1007 2114 1061 pa-

533 1110 631 1166 tris
667 1109 870 1176 srepius
897 1119 1082 1158 verunt
1113 1115 1236 1156 esse.
1267 1100 1706 1168 protestarentur
1736 1106 1751 1143 :
1783 1097 1965 1142 tamen
2021 1101 2114 1139 us-

530 1217 637 1273 que
691 1202 826 1254 adeo
873 1195 1077 1252 Graecis
1147 1194 1414 1260 impressa
1480 1187 1546 1240 de
1582 1184 1686 1236 hoc
1733 1181 1952 1236 diversa
1997 1186 2115 1231 erat

531 1295 740 1366 opinio,
770 1290 1114 1358 Mustapham
1160 1295 1216 1338 ut
1253 1284 1444 1344 alium,
1485 1294 1582 1349 pro
1630 1275 1872 1346 legitimo
1903 1286 1960 1328 se
1981 1287 2112 1325 ven-

533 1388 820 1448 ditantem,
865 1383 1040 1437 obviis
1073 1379 1215 1433 ulnis
1255 1375 1593 1442 exciperent,
1625 1379 1680 1424 et
1711 1366 1881 1420 armis
1918 1372 2110 1419 contra

535 1480 803 1535 Muratem
834 1487 1032 1544 magna
1086 1487 1209 1523 cum
1273 1463 1643 1534 imprudentia
1713 1459 1968 1526 maloque
2011 1468 2113 1510 suo

535 1580 867 1629 tuerentur:
912 1566 1174 1620 olTercnte
1214 1557 1555 1628 amplissima
1614 1565 1846 1621 quicque
1878 1548 2110 1610 Mnrate,

537 1666 698 1722 modo
737 1661 988 1717 neutrius
1028 1673 1056 1711 a
1093 1653 1342 1726 partibus
1373 1657 1601 1710 starent,
1659 1659 1724 1698 ac
1785 1644 1934 1714 ipsos
1966 1639 2113 1694 inter

490 1769 494 1772 ’
537 1776 599 1814 se
648 1773 762 1812 rem
818 1754 987 1807 armis
1033 1750 1333 1804 decernere
1388 1748 1728 1812 paterentur.
1792 1731 2113 1789 Consimilis

2213 530 2478 584 mercium
2529 524 2839 581 Indicarum
2886 523 3136 594 emporio
3169 522 3524 576 celeberrimo
3551 529 3769 590 septeni-

2214 621 2544 677 trionalibus
2602 617 2768 672 etiam
2835 625 2988 670 nota.
3050 613 3426 670 Sarmacanda
3462 613 3766 685 plerumque

2213 725 2460 779 vet-atur,
2480 712 2628 766 edito
2673 710 2915 766 Laonico
2961 707 3767 776 Samracliaitta,]litteristrans-

2215 807 2433 877 positis,
2477 819 2576 875 pro
2605 802 3023 858 Samarchanta.
3055 799 3197 854 Sunt
3229 801 3322 868 qui
3359 799 3557 854 dictam
3593 811 3770 872 putant

2213 916 2243 954 a
2295 897 2444 962 Sem,
2511 895 2675 950 Nolae
2738 894 2869 960 ﬁlio,
2931 907 3165 964 quorum
3201 892 3446 961 opinioni
3483 891 3766 950 ancorum

2214 991 2596 1066 pronuntiatio
2647 988 2974 1044 Semercant
3021 987 3377 1058 astipulatur.
3413 986 3768 1042 Maracandam

2217 1087 2508 1157 Sogdiaua;
2543 1083 2822 1139 veteribus
2864 1081 3189 1150 appellatam
3247 1079 3571 1134 existimant
3601 1079 3768 1146 aliqui.

2217 1181 2490 1236 Caeterum
2532 1176 2831 1246 Bajazitem
2858 1188 2922 1226 ex
2947 1171 3115 1226 animi
3141 1169 3467 1239 aegritudine
3497 1168 3772 1237 doloreque

2215 1277 2496 1321 mortuum
2564 1263 2790 1334 scripsit
2852 1260 3352 1332 Chalcocondylcs,
3408 1260 3495 1314 cui
3551 1258 3773 1313 Turcicz

2217 1355 2567 1408 narrationes
2618 1368 2727 1407 non
2788 1351 3208 1406 adversantur:
3269 1350 3366 1404 sed
3421 1349 3642 1411 addunt,
3687 1350 3774 1403 hoc

2217 1461 2455 1502 mmrore
2484 1445 2637 1502 velut
2675 1444 2741 1499 ad
2775 1443 3220 1513 desperationem
3249 1441 3528 1505 adactum,
3567 1452 3772 1496 mortem

2216 1541 2440 1594 sibimet
2466 1538 2572 1609 ipsi
2604 1537 2968 1594 conscivisse.
2999 1535 3154 1601 Quod
3185 1535 3489 1591 dilucidius
3521 1549 3776 1604 exponens

2218 1630 2542 1688 Theodorus
2562 1630 2966 1702 Spauduginns,
2996 1630 3072 1684 ait
3100 1627 3421 1700 Bajazitem,
3461 1644 3554 1698 spe
3584 1629 3776 1682 liberta-

2221 1723 2290 1778 tis
2337 1723 2566 1786 amissa.
2619 1722 2979 1778 constituisse
3028 1737 3152 1776 cum
3211 1722 3399 1775 animo
3431 1737 3528 1774 suo
3560 1720 3775 1790 scipsum

537 1853 668 1908 huic
701 1849 1016 1905 Griecoruin
1049 1853 1133 1897 est
1167 1852 1322 1893 error
1358 1835 1426 1890 de
1464 1830 1726 1904 Bajazitis
1761 1828 1898 1891 ﬁlio,
1957 1841 2117 1897 quem
2151 1825 2194 1881 Β
2223 1814 2500 1870 occidere.
2551 1813 2660 1869 Sed
2726 1829 2852 1869 cum
2921 1813 3131 1867 nullum
3195 1813 3319 1882 ejus
3361 1813 3671 1883 peragenda:
3712 1812 3777 1865 ni

541 1949 726 2002 ﬁdium
757 1945 858 2016 (sic
889 1941 1037 1995 enim
1075 1921 1314 1991 chordas
1349 1932 1618 1999 interpres
1647 1923 1904 1991 reddidit)
1929 1920 2114 1990 opifex

540 2040 796 2096 Prusmus
854 2033 1186 2087 incolumem
1223 2022 1545 2097 Byzantium
1591 2017 1910 2089 perduxerit
1945 2034 1958 2069 :
1995 2027 2116 2067 cum

540 2147 723 2188 tamen
762 2128 906 2182 nulla
931 2125 1021 2179 fini
1058 2121 1111 2175 in
1141 2116 1433 2174 annalibus
1451 2112 1566 2167 Alis
1595 2109 1922 2179 cujnspiam,
1959 2103 2120 2174 Baja-

546 2225 669 2278 zitis
701 2222 819 2284 ﬁlii,
859 2215 1105 2278 mentio;
1159 2225 1262 2265 nec
1310 2208 1378 2261 ab
1411 2207 1530 2275 ipso
1587 2201 1810 2272 quidem
1854 2196 2116 2261 Laonico,

543 2332 667 2372 cum
693 2314 820 2368 alibi
841 2305 1096 2378 Bajazitis
1123 2303 1260 2357 ﬁlios
1285 2307 1553 2354 recenset.
1578 2289 1890 2346 Notandum
1925 2286 2116 2357 magis,

543 2412 690 2478 qttod
726 2405 889 2459 etiam
945 2397 1288 2454 Musulmane
1342 2394 1606 2460 regnante
1662 2391 1917 2438 narrata
1968 2379 2120 2434 Mose

541 2473 786 2569 desuque
843 2491 1110 2548 fratribus
1145 2485 1481 2542 occultatum
1531 2477 1702 2533 fuisse
1748 2473 1936 2529 Prusae
1991 2487 2121 2542 pue-

546 2565 1128 2647 rum'Muchemetent
1186 2575 1328 2647 apud
1386 2574 1542 2627 illum
1599 2570 1781 2640 ipsum
1868 2565 2120 2635 opilicent

545 2682 878 2738 chordarum
918 2718 932 2740 ,
983 2689 1012 2729 a
1070 2687 1179 2741 quo
1222 2668 1592 2723 Mucliemetes
1677 2665 1781 2715 hoc
1837 2658 2118 2728 opiﬁcium

545 2773 821 2831 didicerit.
899 2771 964 2821 Et
1025 2767 1229 2820 factum
1281 2760 1334 2815 id
1397 2757 1611 2813 scilicet
1659 2771 1688 2808 a
1741 2753 1887 2806 Mose
1921 2790 1936 2814 ,
2008 2765 2123 2804 om-

547 2869 699 2922 nium
769 2859 1198 2922 crudelissimo,
1291 2852 1375 2907 vel
1427 2850 1547 2919 ipso
1609 2847 1847 2902 Laonico
1918 2853 2061 2900 teste
2104 2885 2119 2910 ,

549 2976 618 3015 ne
661 2960 730 3012 ab
765 2955 890 3011 aliis
923 2952 1128 3007 charus
1165 2947 1266 3003 sibi
1319 2959 1454 3015 puer
1483 2940 1846 2996 occideretur.
1907 2936 2124 2990 Muelle-

550 3063 748 3111 metem
812 3062 946 3102 vero
1014 3045 1124 3113 jam
1210 3035 1661 3110 grandiusculum
1753 3030 1877 3085 inde
1935 3027 2124 3099 profu-

2223 1908 2448 1962 modum
2482 1907 2796 1972 inveniret,
2830 1915 2939 1960 tam
2975 1907 3214 1973 denique
3243 1905 3338 1959 diu
3378 1917 3538 1974 caput
3565 1905 3777 1959 allis‘sse

2222 2000 2300 2055 illi
2339 2016 2519 2056 caveae
2548 2001 2616 2056 de
2647 1999 2791 2055 ferro
2821 1999 3003 2063 factae,
3037 2014 3145 2068 qua
3177 2000 3471 2053 tenebatur
3533 1998 3776 2060 ἱιιεὶυδιιε,

2223 2095 2398 2150 donec
2428 2109 2538 2163 prae
2568 2093 2756 2148 furore
2781 2091 3019 2148 fremens
3046 2104 3109 2146 ac
3135 2089 3398 2147 frendens
3419 2131 3436 2158 ,
3469 2092 3656 2147 misere
3689 2092 3776 2145 sibi

2223 2195 2455 2241 mortem
2479 2185 2718 2243 afferret.
2735 2183 3060 2256 tyrannique
3085 2185 3213 2249 vita,
3233 2186 3535 2241 secundum
3565 2193 3777 2256 poetam,

2225 2278 2507 2348 indignata
2559 2279 2660 2334 sub
2713 2277 2938 2333 umbras
2996 2277 3233 2348 fugeret.
3279 2278 3556 2349 Interpres
3579 2274 3776 2332 Laonici

2225 2379 2525 2445 pugnatum
2557 2378 2712 2426 notat
2741 2371 2882 2423 inter
2914 2368 3218 2440 Bajazitem
3268 2381 3324 2425 et
3349 2369 3618 2426 Temirem
3649 2384 3778 2423 anno

2226 2467 2539 2522 Christiano
2577 2464 2734 2520 1597;
2763 2464 3036 2518 Mortuum
3065 2463 3370 2533 Bajazitem
3408 2465 3592 2520 scribit
3628 2463 3775 2517 Fran-

2226 2559 2412 2616 ciscus
2441 2559 2784 2614 Sansovinus
2811 2570 2955 2612 anno
2980 2555 3117 2610 1598
3139 2598 3150 2618 ,
3175 2555 3464 2613 Geufrazus
3487 2572 3624 2611 anno
3642 2552 3779 2611 “00.

2227 2668 2368 2723 quos
2404 2652 2656 2723 equidem
2705 2649 2820 2706 talli
2851 2650 3080 2720 Opinor.
3121 2648 3336 2720 Quippe
3392 2649 3676 2704 secundum
3705 2660 3782 2698 ra-

2231 2749 2409 2802 tiones
2467 2755 2756 2802 accnratas
2808 2746 3087 2800 annalium
3137 2741 3626 2812 deprehendimus,
3657 2753 3785 2789 rom-

2228 2841 2459 2896 missum
2517 2839 2690 2894 fuisse
2748 2836 2996 2908 przelium
3043 2849 3188 2890 anno
3215 2835 3298 2888 vel
3327 2834 3496 2898 l'599,
3528 2831 3606 2886 vel
3637 2827 3778 2891 1400.

2229 2933 2585 2989 Gilderunem
2619 2947 2749 2986 vero
2779 2941 3055 2985 mortuum
3093 2943 3236 2982 anno
3270 2927 3442 2982 1405.
3478 2925 3719 2980 Similiter
3738 2923 3784 2976 in

2230 3027 2390 3081 annis
2445 3025 2595 3095 regni
2633 3024 2797 3092 hujus
2839 3032 3083 3078 erratum
3117 3035 3146 3075 a
3180 3017 3466 3086 Laonico,
3500 3019 3593 3091 qtti
3619 3016 3784 3087 viginti

548 3147 692 3215 gisse
744 3141 811 3195 ad
887 3137 1101 3190 Alurim
1156 3130 1522 3186 Caramanum
1553 3163 1570 3189 ,
1629 3137 1660 3176 a
1719 3135 1832 3191 quo
1876 3120 2120 3189 adjutus,
2150 3123 2193 3180 C
2229 3119 2469 3190 quinque
2501 3126 2772 3181 numerat,
2804 3133 2905 3186 pro
2937 3117 3067 3172 solis
3097 3113 3522 3185 quatuordecim
3558 3133 3568 3166 :
3601 3114 3662 3166 de
3689 3125 3786 3180 quo

550 3213 818 3294 servatori
873 3245 974 3286 suo
1021 3226 1155 3281 Mosi
1215 3223 1415 3278 bellum
1486 3218 1732 3273 intulerit
1804 3232 1818 3271 :
1899 3213 1994 3268 sed
2047 3213 2135 3267 vi-

549 3341 697 3384 ctunt
734 3322 895 3396 527
926 3319 1241 3388 confugisse
1264 3316 1328 3369 ad
1348 3314 1492 3367 Alim
1526 3311 1775 3374 fratrem,
1797 3309 2041 3363 exsulem
2073 3322 2136 3363 ac

551 3425 796 3490 inopem,
819 3427 872 3470 et
895 3413 1110 3483 quidem
1134 3403 1668 3474 Constantinopolim
1701 3420 1713 3455 :
1742 3402 1830 3456 tibi
1879 3400 2135 3456 nonnihil

548 3508 924 3583 respiraverit,
973 3501 1327 3569 collectisque
1375 3495 1910 3565 suorum,reliquiis,
1957 3493 2137 3547 denuo

551 3619 759 3662 tentare
786 3601 912 3657 belli
950 3597 1224 3653 fortunam
1267 3593 1590 3648 decreverit.
1625 3589 1748 3643 llaec
1784 3587 2050 3643 Laenicus
2071 3586 2138 3642 de

551 3713 722 3770 puero
743 3693 1108 3750 Muchemete,
1168 3685 1500 3741 chordarum
1559 3682 1773 3752 opiﬁcis
1832 3680 2130 3750 discipulo,

550 3807 688 3861 pene
714 3785 1017 3859 pueriliter,
1049 3794 1148 3834 nec
1172 3792 1302 3830 vero
1320 3774 1522 3829 multas
1547 3775 1618 3828 ob
1655 3786 1852 3826 causas
1903 3787 2137 3825 consen-

551 3897 731 3939 tanea.
766 3877 936 3947 Magis
960 3872 1140 3929 idonei
1182 3885 1364 3924 rerum
1393 3866 1752 3920 Turcicaruni
1813 3863 2135 3932 scriptores,

554 3975 655 4046 ipsi
685 3970 873 4032 Turci,
910 3966 1155 4027 tradunt,
1216 3961 1377 4015 rebus
1427 3957 1746 4013 Temiriano
1805 3957 1990 4025 prndio
2042 3955 2136 4009 de-

554 4065 812 4138 speratis,
855 4061 1047 4116 bassas
1102 4053 1399 4110 abduxisse
1453 4066 1665 4114 secum,
1725 4059 1943 4117 arrepta
1987 4048 2134 4116 fuga,

559 4157 852 4213 niaximum
876 4160 1008 4206 natu
1044 4146 1307 4218 Bajazitis
1337 4145 1505 4197 tilium
1530 4141 1919 4204 Soleiniattem,
1974 4138 2136 4192 veluti

559 4252 859 4320 legitimum
878 4244 1050 4316 patris
1073 4258 1126 4295 tn
1152 4237 1384 4310 imperio
1401 4249 1778 4294 successorem
1800 4241 1885 4288 :et
1917 4233 2135 4287 illorum

557 4343 808 4411 exemplo
831 4339 1252 4399 Muchemetetn,
1287 4347 1395 4385 non
1433 4344 1660 4400 puerum
1718 4330 1803 4395 (ut
1862 4325 2136 4380 Laonicus

557 4436 809 4509 putavit),
847 4435 940 4487 sed
968 4430 1248 4498 copiarum
1278 4439 1343 4480 ex
1370 4422 1597 4492 imperio
1618 4431 1846 4490 paterno
1864 4433 2130 4488 quarum-

556 4533 680 4585 dant
713 4529 929 4589 ducem,
965 4525 1081 4578 suis
1102 4521 1288 4575 itidem
1325 4519 1487 4572 rebus
1513 4515 1592 4569 uti
1614 4512 2134 4576 consuleret,Aiua.

555 4627 691 4678 siam
725 4635 848 4676 cum
882 4617 999 4672 suis
1056 4629 1115 4668 se
1163 4609 1509 4667 contulisse:
1546 4619 1658 4674 quo
1706 4604 1830 4658 loco
1879 4603 2139 4672 deinceps

555 4728 680 4766 cum
695 4711 919 4771 vixisse,
951 4721 1058 4761 non
1074 4700 1484 4760 semelannales
1517 4703 1778 4753 tradunt:
1815 4706 1869 4750 et
1897 4695 2136 4750 indidem

558 4819 682 4861 cum
707 4800 950 4858 exercitu
997 4805 1188 4853 contra
1208 4795 1417 4848 Musam
1450 4795 1676 4846 fratrem
1710 4791 1968 4855 movisse,
1998 4795 2140 4857 post-

557 4911 723 4970 quam
750 4895 1039 4952 interfecto
1071 4889 1406 4955 Solciniane,
1436 4887 1704 4943 vindicem
1756 4886 1907 4942 necis
1963 4886 2138 4955 ipsius

559 5007 620 5048 se
649 4988 936 5063 professus
959 4994 1127 5043 esset.
1164 4983 1294 5051 Quae
1316 4997 1425 5048 res,
1459 4994 1580 5034 meo
1622 4992 1756 5035 sane
1795 4977 2027 5046 judicio,
2053 4977 2138 5032 di-

559 5099 679 5156 gna:
702 5092 832 5139 sunt
892 5079 1177 5136 hominum
1234 5074 1478 5131 historiae
1523 5072 1898 5129 studiosorum
1952 5071 2140 5126 obser-

561 5175 781 5231 vatione
817 5189 834 5227 :
871 5187 993 5228 cum
1014 5170 1068 5225 in
1104 5165 1396 5239 publicatis
1423 5166 1690 5220 hactenus
1721 5162 1943 5233 scriptis
1969 5163 2138 5218 histo-

560 5269 688 5326 ricis
717 5265 854 5323 nihil
884 5263 1197 5320 intricatius
1225 5261 1294 5316 de
1312 5257 1560 5314 Turcicis
1593 5257 1758 5316 rebus
1775 5255 2136 5325 reperiamus,

558 5375 724 5432 quam
757 5359 876 5429 quae
909 5357 977 5412 de
1007 5355 1248 5424 hocipso
1277 5361 1522 5422 tempore
1551 5364 1780 5404 summa:
1829 5347 2136 5404 'l‘urcorum

559 5449 898 5506 infelicitatis
929 5448 1209 5502 memoria:
1227 5444 1441 5515 prodita
1491 5441 1748 5512 legimus.

632 5579 725 5636 65.
765 5577 1091 5641 Settlement,
1118 5572 1380 5643 Bajazt'tis
1415 5587 1577 5636 mors,
1611 5587 1868 5624 armorum
1909 5572 2070 5625 ratio.

633 5713 890 5784 Regionis
923 5707 1258 5776 Zacatainaa,
1305 5710 1462 5780 cujus
1519 5709 1714 5764 incolae
1765 5707 1818 5764 id
1875 5711 2138 5779 temporis

551 5809 790 5887 jmperio
830 5806 1064 5862 'l'emiris
1115 5811 1404 5875 parentes,
1455 5803 1692 5859 Laouico
1745 5801 2138 5860 Tzachataides

2238 3210 2361 3266 vide
2387 3226 2552 3281 supra
2583 3227 2814 3265 numero
2847 3211 2912 3263 47
2946 3220 3153 3266 notata.

2503 3303 2592 3360 66.
2616 3303 2944 3368 Castamom’,
2981 3303 3228 3374 ϐοηθεῖ-ἱ,
3260 3301 3460 3375 Coztgt'.

2302 3399 2678 3470 Claudiopolis
2700 3399 2892 3453 civitas
2915 3406 2999 3454 est
3020 3397 3382 3465 Honoriadis,
3409 3399 3458 3452 ir.
3490 3397 3650 3452 Ponto
3680 3405 3787 3462 pro«

2237 3493 2438 3560 vincia,
2465 3510 2626 3564 quam
2656 3509 2780 3548 nov.
2808 3491 3005 3548 Leonis
3034 3491 3261 3564 Augusti
3297 3491 3638 3561 metropolim
3657 3486 3786 3548 facit,

2237 3587 2398 3657 eique
2433 3596 2628 3657 praeter
2656 3587 2791 3642 alios
2831 3587 3202 3656 episcopatus,
3233 3583 3556 3643 Heracleam
3597 3594 3786 3651 quoque

2237 3674 2525 3735 Ponticam
2561 3680 2804 3750 subjicit.
2828 3677 2979 3734 lianc
3001 3679 3205 3734 Marius
3227 3678 3401 3748 Niger
3419 3677 3609 3734 recenti
3632 3674 3786 3728 nomi-

2240 3787 2308 3826 ne
2367 3772 2471 3825 dici
2535 3779 2694 3842 putat
2761 3769 3174 3834 Castamenam,
3234 3772 3358 3826 sive
3385 3771 3778 3827 Castamonam;

2239 3863 2333 3918 sed
2396 3861 2622 3928 fallitur,
2661 3879 2783 3916 cuiu
2837 3863 3038 3918 rectius
3100 3861 3455 3918 Castromena
3517 3862 3583 3917 sit
3645 3858 3783 3914 Clau-

2239 3955 2491 4025 diopolis.
2537 3957 2869 4012 Castamona
2903 3972 3031 4011 vero
3060 3955 3166 4010 sita
3203 3956 3423 4029 longius
3452 3965 3566 4020 est,
3617 3962 3783 4006 versus

2242 4049 2480 4118 Sinopen
2547 4049 2805 4119 oppidum
2855 4047 3210 4115 Helenoponti
3254 4060 3309 4104 et
3367 4047 3778 4121 Paphlagoniam.

2240 4139 2374 4194 Tam
2435 4141 2920 4221 Sin0pes,_quam
2979 4143 3329 4198 Castamonie
3391 4145 3626 4206 nomina,
3675 4153 3779 4194 cum

2242 4234 2375 4303 ipsis
2409 4235 2626 4304 oppidis
2655 4275 2668 4300 ,
2705 4245 2998 4305 supersunt
3036 4274 3052 4300 ,
3089 4237 3166 4290 uti
3225 4238 3412 4291 videre
3445 4248 3523 4292 est
3554 4237 3604 4289 iu
3636 4244 3783 4286 anna-

2168 4364 2210 4420 θ
2243 4327 2372 4379 lium
2415 4327 2802 4395 supplemento
2847 4336 3054 4394 nostro,
3083 4328 3150 4381 ad
3188 4344 3394 4382 annum
3442 4325 3780 4383 Christianum

2245 4417 2402 4473 1584.
2460 4415 2590 4473 Istic
2643 4420 2792 4474 enim
2843 4431 2972 4474 tunc
3007 4417 3212 4475 Osuian
3244 4423 3406 4488 bassa
3443 4419 3780 4473 vczirazctues

2241 4521 2429 4568 contra
2481 4509 2678 4568 Persas
2733 4513 2933 4579 iturus,
2967 4513 3192 4567 militem
3231 4514 3282 4566 in
3318 4513 3553 4567 hibernis
3595 4507 3778 4564 habuit.

2240 4605 2560 4661 Menavinus
2584 4605 2782 4660 alicubi
2811 4606 3157 4660 Castentolen
3187 4603 3510 4658 nominavit.
3544 4600 3780 4656 Cedritius

2242 4698 2294 4751 in
2326 4698 2588 4752 Michaele
2622 4697 2943 4752 Stratiotico
2983 4698 3098 4752 sive
3131 4695 3382 4760 militari,
3425 4693 3778 4751 Castainoneiu

2241 4791 2497 4859 appellat,
2533 4802 2582 4844 et
2648 4789 2702 4844 in
2760 4788 3130 4857 Paphlagonia
3171 4787 3405 4843 collocat
3458 4787 3540 4840 his
3591 4783 3780 4837 verbis:

2239 4880 2625 4936 Castamouem
2685 4882 2737 4934 iu
2792 4878 3167 4951 Paphlagonia
3201 4879 3358 4934 sitam
3395 4879 3651 4936 Veniunt,
3681 4881 3784 4940 qua!

2241 4987 2374 5028 sane
2391 4973 2686 5028 Castamon
2708 4973 3042 5028 domicilium
3067 4980 3187 5026 erat
3203 4969 3444 5041 magistri
3464 4953 3782 5040 [ocioruttt]

2241 5063 2434 5120 Isaacii
2451 5063 2737 5120 Comncui.
2759 5061 2964 5118 Praztor
2984 5062 3208 5118 Graeciae
3224 5071 3408 5115 noster
3427 5058 3780 5115 Castamonam

2244 5169 2401 5213 vocat
2433 5158 2486 5213 in
2524 5157 2764 5212 llistoria
2802 5172 2921 5218 sua,
2955 5156 3023 5212 de
3051 5155 3310 5210 Mtcltaele
3337 5153 3647 5220 Palaologo,
3676 5151 3779 5214 P051

2244 5251 2415 5306 victos
2446 5265 2476 5304 a
2520 5249 2738 5304 Tataris
2770 5249 3122 5316 leonieuses,
3169 5253 3281 5303 hinc
3329 5252 3733 5302 commemorans
3763 5249 3776 5284 :

2242 5343 2472 5400 Michael
2490 5342 2830 5404 Comuenus.
2856 5343 2960 5397 hoc
2984 5342 3155 5412 praelii
3173 5350 3388 5404 eventu,
3419 5353 3538 5394 cum
3567 5330 3780 5400 maxime

2241 5435 2587 5492 Persicorum
2627 5436 2966 5491 exercituum
3003 5433 3142 5490 duce
3168 5473 3186 5499 ,
3236 5447 3396 5503 quem
3428 5427 3780 5492 Peclarpacetu

2243 5527 2425 5582 Persa:
2477 5528 2606 5598 (hoc
2651 5534 2758 5591 est,
2810 5523 3126 5580 lconiettses
3159 5521 3347 5591 Turci)
3381 5532 3572 5573 vocare
3601 5510 3781 5568 solent,

2241 5619 2295 5672 in
2326 5617 2466 5672 viam
2503 5631 2624 5672 sese
2656 5615 2822 5670 dabat
2853 5633 2865 5669 :
2921 5616 3167 5679 adeoque
3202 5612 3447 5685 pluribus
3479 5621 3577 5661 una
3603 5599 3779 5654 diebus

2241 5712 2345 5766 iter
2387 5709 2684 5774 faciebant,
2717 5724 2844 5764 cum
2880 5709 3094 5766 hostem
3130 5707 3237 5764 sibi
3284 5722 3314 5762 a
3358 5711 3510 5772 tergo
3536 5697 3780 5754 inhaeren-

2243 5814 2348 5860 tem
2369 5803 2654 5870 haberent,
2682 5803 2944 5874 horisque
2972 5801 3203 5872 singulis
3229 5812 3347 5856 cum
3372 5810 3436 5853 eo
3461 5787 3778 5849 dimicarent.
