4048 6208
272 303 376 365 ’185

1424 306 1824 368 PANDEC’I‘E
1861 308 2059 370 HlST.
2103 307 2405 369 TUBCIC.

3412 298 3516 361 786

270 421 510 476 Tandem
565 420 935 478 festinabundi
1011 423 1397 479 Castamonam
1482 427 1832 495 perveniunt,
1872 426 1917 483 Α
1948 442 2107 492 mus.
2172 425 2446 482 Urcbanis
2504 423 2649 480 lilius
2689 422 2945 479 Osmauis
2974 420 3037 475 N.
3071 420 3519 489 Hadrianopolim

270 517 425 583 juxta
460 530 624 584 quam
662 515 860 570 domus
901 515 1123 570 indicati
1155 512 1501 585 Peelarpaeis
1532 529 1669 572 erat.
1706 515 1851 573 Hae-

280 620 437 661 tenus
479 618 700 676 praetor.
760 608 893 675 Qua:
947 624 1081 663 vero
1115 609 1202 663 hic
1241 608 1476 678 Congeri
1507 611 1848 677 nominatur,

273 717 393 754 eam
415 703 586 769 ipsam
604 715 726 756 esse
748 714 902 770 puto,
923 718 1085 770 quam
1113 701 1166 755 in
1183 701 1445 756 Anatolie
1463 702 1643 756 tabula
1674 702 1858 773 Cougi

272 794 527 857 scriptam
547 794 800 862 legimus.
819 795 957 847 baud
978 796 1217 863 procula
1235 793 1564 849 Castamona
1582 794 1846 850 dissitatn.

326 887 411 939 67.
468 884 694 939 ϐρηνὶηί
730 885 1001 955 Bajazitis
1033 888 1133 956 ﬁlii
1155 888 1346 941 secreti
1371 906 1401 940 a
1423 889 1821 941 commentitiis.

344 976 475 1041 Quae
528 981 594 1029 de
640 978 898 1044 Bajazitis
959 979 1146 1033 liberis
1200 982 1298 1034 hoc
1362 979 1483 1034 loco
1519 997 1625 1034 non
1662 980 1852 1036 multis

274 1071 458 1123 verbis
518 1080 906 1137 exponuntur.
957 1070 1686 1140 diligenticonsideratione
1736 1088 1854 1125 me...

274 1160 561 1227 mariaque
607 1160 767 1228 digna
818 1168 979 1215 sunt.
1016 1160 1225 1230 Quippe
1273 1177 1397 1215 cum
1433 1161 1506 1215 iili
1540 1162 1605 1216 de
1638 1164 1848 1219 Turco-

271 1268 398 1303 rum
450 1253 742 1312 sententia.
808 1270 913 1306 non
976 1253 1160 1320 plures
1230 1269 1493 1322 numero,
1533 1270 1697 1323 Quam
1747 1272 1843 1310 sex

270 1346 503 1397 otiiniuo
544 1345 746 1399 fuerint
771 1362 783 1399 :
813 1346 941 1413 quid
972 1345 1121 1399 ειιὶωά
1146 1356 1452 1402 statuamus
1477 1389 1490 1410 .
1522 1363 1685 1415 quam
1721 1349 1849 1404 reii-

270 1450 411 1500 quos
446 1437 711 1490 hactenus
737 1438 896 1491 nobis
925 1436 1203 1499 obtrusos,
1235 1440 1382 1493 velut
1413 1440 1464 1493 in
1497 1440 1706 1509 judicio
1731 1450 1845 1495 sta-

270 1536 357 1581 tus
417 1529 486 1581 ab
537 1530 667 1596 ipsis
714 1530 911 1583 Turcis
972 1535 1391 1591 condemnatos.
1447 1548 1543 1600 pro
1592 1534 1844 1600 genuinis

268 1618 527 1687 deinceps
584 1622 805 1687 agnosci
874 1638 980 1677 non
1017 1624 1261 1678 debere?
1308 1623 1492 1692 Neque
1518 1623 1689 1696 428
1716 1642 1853 1682 vero

269 1710 354 1762 vel
388 1726 580 1775 unum,
608 1711 691 1764 vel
717 1712 951 1766 alterunt
981 1713 1248 1770 duntaxat
1292 1717 1393 1769 hoc
1425 1717 1691 1785 judicium
1724 1728 1840 1771 tan-

268 1799 368 1867 git,
423 1800 517 1854 sed
568 1802 852 1872 rejiciendi
888 1786 1115 1859 omnino
1171 1808 1395 1861 totidem
1436 1810 1681 1872 vt-niuut,
1708 1822 1840 1879 quot

263 1902 421 1945 extra
453 1896 881 1951 controversiam
911 1898 1147 1967 legitimi
1181 1911 1475 1954 censentur
1504 1919 1518 1953 :
1576 1903 1837 1957 nimirum

266 1986 319 2038 bi
358 2001 474 2050 sex,
496 1985 850 2052 Orthobules,
875 1988 1667 2063 Mulsumanes,Cyriscelebis,
1702 1997 1841 2061 Alis,

261 2075 426 2131 Jesus
482 2078 703 2142 minor,
774 2079 1085 2150 Mnstaphas
1138 2097 1505 2152 eopnouiento
1557 2085 1835 2143 Dusmes:

261 2185 390 2225 cum
450 2172 609 2239 primi
667 2188 731 2225 ex
790 2174 872 2228 his
926 2174 1247 2232 Orthobulis
1300 2178 1412 2232 tilio
1458 2178 1641 2243 Ziche,
1676 2198 1835 2250 quem

260 2264 445 2333 ipsum
469 2281 683 2334 quoque
704 2266 869 2323 Turci
898 2286 997 2325 ceu
1027 2283 1235 2326 cretqu
1264 2272 1685 2329 Osmanidarum
1716 2292 1839 2331 san-

258 2363 430 2425 guine
489 2374 597 2412 non
653 2374 978 2429 agnoscunt.
1017 2365 1238 2418 Interim
1292 2382 1422 2420 vero
1471 2384 1569 2437 pro
1627 2370 1841 2426 duobus

257 2451 525 2519 explosis,
549 2453 655 2507 duo
672 2455 972 2509 succedunt
994 2458 1261 2512 hactenus
1288 2461 1507 2526 quidem
1528 2462 1718 2527 ignoti,
1743 2463 1837 2518 sed

260 2560 290 2596 ι
319 2541 512 2597 Turcis
538 2560 633 2613 pro
656 2548 913 2615 legitimis
938 2551 1101 2619 agniti
1128 2550 1441 2606 Gilderunis
1473 2553 1563 2606 filii
1593 2570 1686 2623 pro
1705 2556 1841 2609 Dus-

260 2652 350 2689 me
367 2636 672 2707 Mustapha,
699 2640 1016 2710 Mustaphas
1046 2641 1279 2708 Zetebis,
1308 2645 1545 2699 amissus
1571 2647 1621 2699 in
1658 2664 1837 2715 pugna

268 2739 457 2782 contra
480 2730 772 2797 Temirem,
795 2749 889 2800 pro
905 2732 1029 2788 .lesu
1053 2735 1263 2790 minore
1292 2774 1307 2798 ,
1330 2736 1565 2790 Casanes
1604 2738 1835 2795 Zelebis.

258 2816 353 2873 68.
382 2820 421 2872 Α
454 2837 553 2891 quo
578 2839 793 2897 necatus
814 2824 978 2897 fuerit
998 2825 1108 2887 Isa,
1147 2827 1553 2894 Constantinus,
1581 2847 1674 2897 pro
1715 2830 1836 2884 Μα-

612 2911 642 2946 n
655 2893 767 2947 uele
796 2894 1098 2951 (ἔνατον-μηδ
1132 2898 1463 2965 imperatore.

334 2982 569 3051 Scripsit
622 2983 917 3048 Laonicus,
966 2988 1111 3041 inter
1172 2988 1568 3043 Mulsumanetu
1619 2990 1835 3048 Iesum-

1957 519 2194 587 cepisset
2247 538 2262 573 :
2297 517 2487 575 eodem
2545 527 2599 573 et
2658 515 2810 585 regni
2842 514 3003 571 sedes
3028 529 3094 568 ex
3132 512 3256 568 Asia
3294 514 3527 566 commi-

1954 624 2143 677 grasse
2176 608 2387 663 videtur
2408 650 2422 672 ,
2453 609 2598 678 quod
2640 618 2787 661 recte
2814 621 2872 660 se
2904 606 3143 660 facturos
3183 603 3385 659 sultani
3418 601 3523 653 dn-

1952 709 2159 764 cereut,
2216 701 2261 756 si
2297 703 2459 755 rebus
2514 700 2815 755 Anatolicis
2865 699 2978 767 jam
3024 696 3520 765 tranquillioribus,

1951 794 2283 861 praecipuum
2337 794 2542 847 militiae
2616 794 2784 848 robur
2853 790 3242 859 lladriauopoli
3289 791 3432 843 velut
3464 790 3517 843 in

1952 884 2202 939 excubiis
2236 885 2543 939 haberent:
2582 886 2745 951 unde,
2782 885 3074 938 momentis
3114 898 3291 937 rerum
3328 896 3391 934 ex
3419 897 3519 934 usu

1952 990 2055 1029 suo
2084 978 2453 1046 gerendarum
2489 978 2888 1032 animadversis
2916 1016 2930 1035 .
2965 976 3218 1046 progredi
3259 975 3520 1044 paulatim

1952 1066 2115 1122 latius
2154 1079 2207 1123 et
2259 1070 2312 1123 itt
2349 1069 2581 1141 Europae
2603 1072 2811 1124 viscera
2848 1070 3082 1139 grassari
3111 1077 3353 1134 possent.
3387 1067 3520 1121 San-

1950 1161 2175 1216 sovinus
2207 1162 2509 1226 existimat,
2542 1165 2780 1232 primum
2823 1164 3067 1216 omnium
3100 1161 3519 1222 Muchemetcm,

1948 1250 2261 1308 Gilderunis
2304 1253 2472 1309 filium
2503 1295 2518 1320 ,
2569 1256 2676 1310 huc
2714 1254 2926 1323 imperii
2957 1254 3039 1308 sui
3063 1254 3247 1310 sedem
3282 1262 3519 1306 transtu-

1948 1341 2100 1406 lisse,
2137 1345 2282 1413 quod
2320 1346 2540 1400 urbium
2577 1346 2825 1400 Thraciae
2852 1345 3014 1401 facile
3043 1356 3206 1415 caput
3230 1355 3377 1399 esset
3411 1345 3519 1395 Ha-

1945 1434 2299 1505 drianopolis.
2336 1436 2441 1493 Sed
2489 1447 2614 1492 ante
2663 1438 3023 1492 Muchemetis
3058 1439 3217 1491 etiam
3273 1446 3517 1504 tempora

1946 1535 2155 1581 certum
2205 1529 2319 1583 sive
2369 1529 2549 1599 regim,
2603 1532 2720 1585 sive
2769 1530 2943 1584 Portae
2975 1529 3278 1585 Osmanica:
3312 1528 3513 1591 locum,

1946 1616 2192 1670 sultanos
2229 1619 2433 1685 priores
2468 1617 2859 1688 lladrianopoli
2895 1620 3283 1680 constituisse,
3333 1615 3515 1686 plurio

1945 1705 2048 1759 bus
2084 1724 2146 1761 ex
2184 1708 2318 1764 locis
2368 1710 2588 1765 Laoniei
2639 1713 3001 1766 manifestum
3052 1723 3157 1766 est.
3214 1711 3423 1778 Quippe
3455 1715 3520 1763 de

1943 1797 2288 1855 Mulsumane
2359 1804 2643 1873 eloquens,
2704 1805 3024 1867 Profectus,
3064 1806 3261 1874 inquit.
3293 1802 3521 1856 lladria~

1942 1894 2209 1961 nopolim,
2249 1896 2399 1961 regni
2454 1898 2635 1952 sedem
2689 1901 2815 1970 (hoc
2869 1912 2974 1967 est,
3009 1917 3126 1970 qut:
3166 1915 3317 1967 regni
3360 1898 3516 1952 sedes

1941 1985 2080 2054 erat)
2108 2028 2122 2050 ,
2162 2005 2383 2057 regnum
2423 1992 2735 2048 ordinavit.
2774 1992 2837 2047 Et
2893 1995 3056 2063 paulo
3088 2005 3211 2047 aute
3240 1994 3307 2046 de
3347 1991 3515 2054 Mosc,

1942 2073 2410 2149 Hadrianopolim.
2441 2081 2539 2149 ait,
2567 2099 2687 2152 qum
2726 2084 2873 2153 regni
2900 2086 3057 2139 sedes
3079 2095 3184 2147 est,
3210 2082 3512 2152 profectus.

1941 2167 2140 2222 ibidem
2177 2188 2265 2224 rex
2300 2172 2626 2229 declaratur.
2652 2175 2822 2241 Quam
2861 2190 2985 2230 vero
3017 2176 3080 2229 ad
3114 2176 3301 2228 urbem
3338 2182 3515 2229 trans-

1941 2258 2049 2314 lata
2102 2264 2318 2316 tertium
2364 2264 2524 2319 fuerit
2560 2266 2743 2332 Porta,
2776 2283 2939 2322 nemo
2969 2283 3075 2321 non
3114 2268 3285 2320 novit.

2201 2355 2289 2410 70.
2315 2358 2484 2424 Cerle,
2516 2359 2707 2428 Dolap,
2736 2360 3054 2415 Solet'mam's
3082 2378 3271 2415 mores.

2017 2446 2090 2502 De
2123 2448 2499 2505 lsveudiarum
2527 2453 2733 2508 dilioue
2766 2456 3023 2524 superius
3052 2458 3376 2524 explicatum
3412 2472 3512 2509 nu-

1942 2554 2095 2594 mero
2124 2550 2376 2596 notarum
2410 2545 2497 2603 l3.
2523 2561 2627 2613 qua
2659 2554 2711 2599 ct
2743 2544 2901 2600 Getle
2938 2548 3513 2615 comprehendebatur

1940 2632 2219 2698 oppidum.
2255 2634 2309 2687 Id
2344 2645 2470 2689 uota
2506 2636 2570 2690 19
2606 2636 2846 2692 diximus
2875 2639 2927 2691 in
2957 2638 3158 2693 tabulis
3184 2640 3513 2709 geographi~

1942 2722 2019 2774 eis
2049 2736 2308 2794 corrupte
2343 2728 2609 2795 scriptum
2648 2729 2883 2783 inveniri
2916 2728 3126 2784 Gerode
3163 2746 3261 2800 pro
3297 2731 3510 2787 Gerele.

1941 2812 2178 2870 Narrant
2206 2834 2333 2873 vero
2359 2822 2587 2877 annales
2613 2864 2628 2887 ,
2660 2822 3030 2878 Soleimanem
3067 2834 3248 2878 castr—a
3290 2836 3513 2894 propter

1938 2906 2158 2972 Gerlen,
2188 2910 2253 2963 ad
2292 2911 2461 2978 ripam
2489 2912 2731 2971 ﬂuminis
2761 2915 2993 2971 locasse.
3028 2915 3142 2970 Non
3180 2918 3514 2985 exprimitur

1938 2997 2059 3065 ejus
2094 2998 2333 3055 ﬂuminis
2369 3000 2459 3057 hic
2491 3020 2713 3065 nomen.
2758 3005 2850 3058 sed
2893 3004 2946 3059 in
2985 3005 3249 3059 Aristolize
3300 3007 3511 3061 deseri-

256 3090 365 3144 que
395 3075 653 3144 majorem
681 3088 828 3145 gesta
864 3077 1033 3134 fuisse
1054 3081 1119 3133 de
1153 3081 1380 3150 imperio
1415 3083 1574 3146 bella,
1601 3101 1831 3152 quorum
1862 3096 1904 3156 α
1940 3090 2123 3158 ptione
2162 3093 2327 3160 Dolap
2374 3107 2618 3149 vocatur.
2644 3096 2971 3152 Soleimanis
3012 3098 3250 3154 indolem
3277 3098 3514 3155 Chalco—

258 3176 439 3220 tamen
466 3169 691 3222 annales
720 3170 771 3223 hi
805 3186 910 3224 non
941 3172 1261 3237 meminere,
1296 3175 1623 3245 tandemth
1645 3176 1829 3233 Iesum

256 3272 286 3310 a
320 3257 664 3315 Mulsumane
711 3272 1074 3331 peremptum.
1132 3261 1261 3332 Ejus
1328 3267 1601 3334 parricidii
1672 3270 1830 3337 culpa

256 3349 698 3418 Mulsutnauem',
733 3354 836 3407 hoc
875 3364 955 3407 est
984 3398 997 3419 ,
1036 3354 1400 3409 Soleimanem
1454 3357 1694 3426 profecto
1732 3364 1831 3414 int-

256 3451 558 3494 merentem
620 3454 833 3506 onerat,
887 3446 1043 3515 cujus
1104 3458 1384 3500 auctorem
1426 3446 1587 3502 Turei
1624 3450 1828 3506 Musam

256 3528 541 3599 produnt,
582 3533 913 3601 quibuscum
959 3534 1073 3603 ipsa
1113 3552 1293 3587 rerum
1356 3547 1631 3605 gestarum
1660 3543 1829 3594 series

254 3622 552 3677 consentit.
600 3626 671 3679 De
722 3627 941 3679 nomine
996 3627 1339 3681 Constantini
1370 3670 1384 3693 ,
1447 3646 1555 3698 quo
1616 3632 1831 3688 Turcos

250 3715 571 3771 GLI'COI‘UID
612 3718 974 3787 imperatores
1010 3735 1203 3775 omnes
1234 3724 1561 3791 appellasse,
1594 3742 1825 3779 numero

252 3818 505 3862 notarum
565 3810 626 3864 5l
684 3810 945 3875 diximus,
983 3813 1291 3881 exemplum
1337 3814 1425 3868 hie
1459 3817 1606 3870 aliud
1638 3820 1824 3873 habes.

250 3898 305 3955 Is
337 3903 479 3956 enim
507 3902 732 3956 Graecus
782 3903 1100 3973 imp-irator,
1126 3905 1194 3958 ad
1226 3922 1386 3975 quem
1409 3916 1663 3961 narratur
1690 3910 1829 3963 emir

249 3988 595 4045 Soleimaues
648 3991 903 4045 obsidum
952 3993 1073 4048 loco
1108 3994 1325 4048 misisse
1358 4012 1602 4050 sororem
1645 4014 1821 4065 suam,

247 4086 593 4154 fratremque
614 4096 742 4139 natu
767 4088 1077 4151 minimum,
1111 4105 1216 4143 non
1246 4090 1592 4145 Constantini
1628 4109 1824 4149 nomen

246 4177 508 4243 habebat,
568 4179 659 4233 sed
721 4178 1008 4243 Manuelis,
1064 4195 1129 4234 ex
1177 4180 1543 4253 Palaeologina
1594 4183 1822 4253 familia,

244 4267 410 4338 cujus
434 4279 489 4323 et
520 4270 771 4338 superius
804 4268 941 4323 facta
976 4271 1202 4324 mentio.

496 4382 586 4437 63.
621 4381 781 4437 Sedes
831 4385 1036 4449 imperii
1067 4383 1277 4439 Turrici
1303 4387 1541 4441 diversa.

1937 3184 2194 3255 condyles
2222 3202 2440 3256 quoque
2495 3205 2593 3243 cett
2649 3190 2847 3244 bonam
2884 3191 3165 3259 praedicat,
3211 3194 3371 3261 eique
3398 3209 3510 3247 ma-

1936 3289 2070 3342 gnas
2095 3278 2322 3333 virtutes
2386 3281 2610 3345 tribuit,
2678 3283 2770 3336 sed
2826 3283 3013 3337 eadem
3066 3300 3186 3337 cum
3223 3281 3418 3338 Turcis
3444 3288 3511 3338 de

1937 3370 2215 3435 perpetuis
2263 3372 2380 3439 ejus
2430 3374 2805 3445 potationibus
2831 3387 2882 3429 et
2908 3376 3037 3429 luxu
3072 3387 3465 3431 commemorat
3494 3395 3508 3433 :

1934 3473 2055 3525 quae
2092 3461 2298 3514 homini
2336 3464 2514 3516 minus
2555 3480 2734 3517 rerum
2785 3482 3008 3520 suarum
3060 3468 3283 3537 provido
3308 3469 3512 3523 sollici-

1935 3559 2095 3619 toque
2121 3554 2332 3606 tandem
2365 3556 2589 3609 exiliunt
2628 3558 2949 3613 attulerunt.

1935 3644 2024 3697 7l.
2080 3642 2327 3724 Vafa'rltirt
2370 3645 2835 3724 _Carr_t_bo_gdqnt'a,_
2865 3649 3243 3724 Nemetsasst't'.
3302 3653 3498 3724 lﬂaclt,

2186 3714 2439 3781 Gallicia,
2489 3714 2741 3786 Vaiuoda,
2779 3720 2989 3787 Murze,
3023 3722 3263 3793 Bogttnn.

2004 3829 2165 3884 Dacia
2208 3834 2480 3900 quondam
2526 3836 2909 3905 appellabatur
2956 3840 3291 3907 amplissima
3331 3842 3501 3910 regio,

1930 3934 2051 3989 qum
2076 3920 2558 3994 Transsylvaniam
2600 3944 2723 3981 cum
2788 3938 3018 3998 utraque
3047 3929 3299 3985 Valachia
3329 3933 3506 3985 conti-

1931 4011 2111 4065 nebat.
2138 4012 2204 4066 Et
2229 4014 2451 4083 cingunt
2484 4017 2655 4070 ambae
2686 4015 2953 4074 Valarhite
2995 4019 3500 4088 Transsylvaniatn,

1928 4119 2159 4175 quarum
2198 4122 2304 4160 una
2339 4108 2562 4177 majoris
2596 4126 2790 4163 nomen
2819 4111 3003 4176 habet,
3043 4113 3212 4167 altera
3250 4114 3499 4171 minoris.

1927 4196 2103 4264 Major
2139 4197 2206 4250 ad
2250 4198 2521 4253 Euxinum
2577 4216 2725 4255 mare
2779 4216 2838 4255 se
2895 4203 3147 4273 porrigit,
3199 4215 3251 4258 et
3298 4208 3500 4262 nostris

1927 4288 2215 4353 Moldavia,
2242 4291 2437 4345 Turcis
2464 4293 2897 4361 (larabogdauia,
2925 4298 3077 4364 quasi
3104 4297 3253 4367 nigra
3291 4298 3501 4366 Bogda-

1928 4380 2038 4443 uia,
2073 4381 2188 4435 sive
2222 4381 2461 4452 Bogdaui
2496 4385 2643 4453 regio
2670 4386 2872 4439 dicitur
2906 4403 2919 4440 :
2952 4402 2978 4439 a
3016 4385 3290 4443 frumento
3318 4390 3496 4459 nigro,

314 4479 565 4545 Quanam
603 4482 928 4535 cteretnonia
959 4483 1157 4535 sultani
1192 4481 1409 4537 Turcici
1447 4500 1674 4551 regnum
1729 4502 1823 4540 au-

1935 4473 2085 4540 Cujus
2114 4485 2195 4528 est
2228 4492 2351 4544 ager
2394 4476 2485 4530 ille
2536 4477 2933 4532 feracissintus.
2966 4480 3234 4545 Gallicus,
3269 4494 3322 4538 et
3354 4486 3493 4539 alter

242 4573 446 4643 spicari
467 4574 846 4628 consueverint
871 4615 887 4639 ,
910 4575 1215 4643 expositum
1253 4591 1282 4628 a
1320 4578 1475 4631 nobis
1504 4588 1586 4631 est
1618 4579 1823 4645 prolixe

241 4664 298 4715 iu
338 4662 619 4715 annalium
656 4663 1061 4731 supplemento,
1095 4665 1257 4719 initio
1292 4667 1441 4737 regni
1477 4668 1697 4722 Selimis
1735 4684 1823 4724 se-

242 4754 438 4818 cundi,
486 4755 629 4823 quod
679 4754 868 4809 incidit
916 4757 969 4809 in
1006 4766 1218 4812 annum
1245 4757 1621 4813 Christianum
1659 4760 1817 4817 l566.

244 4848 474 4904 Solebat
525 4858 705 4902 autem
754 4849 859 4903 hoc
892 4850 944 4902 in
981 4866 1043 4906 ea
1076 4851 1189 4905 fieri
1224 4852 1463 4915 civitate,
1505 4869 1625 4922 qua:
1665 4858 1821 4909 sedes

240 4951 391 4996 esset
426 4942 664 5009 imperii.
725 4942 1002 5009 Principio
1063 4944 1256 4998 Turcis
1287 4960 1349 4999 ea
1383 4945 1483 4999 fttit
1516 4944 1682 4999 Prusa
1737 4945 1821 4999 Bi-

241 5034 470 5102 thyniae,
525 5036 687 5101 paulo
738 5045 863 5090 ante
910 5046 1141 5091 mortem
1177 5036 1432 5092 Osmanis
1463 5040 1530 5092 ab
1564 5037 1820 5092 Urchaue

239 5126 355 5180 tilio
393 5134 553 5195 capta
587 5142 602 5180 :
659 5142 781 5196 quae
835 5128 962 5182 licet
995 5129 1261 5182 honorem
1296 5130 1438 5183 hunc
1467 5146 1573 5184 non
1607 5130 1699 5185 diu
1734 5148 1817 5185 re-

239 5220 425 5288 tinuit.I
473 5235 536 5273 ex
581 5222 810 5289 pristina
869 5231 1045 5276 tamen
1090 5224 1445 5291 pra‘rogativa
1498 5224 1717 5289 meruit,
1757 5233 1816 5277 ut

236 5311 545 5379 longissimi
571 5314 829 5381 temporis
848 5313 1021 5381 spatio
1056 5313 1254 5367 sultani
1281 5312 1587 5367 Turrorum
1613 5314 1812 5368 mortui

236 5402 484 5469 paternis
515 5411 567 5455 et
591 5405 751 5455 avitis
782 5404 909 5458 istic
940 5404 1335 5466 monumentis,
1368 5404 1533 5456 etiam
1564 5405 1654 5457 diu
1682 5413 1806 5472 post

235 5504 451 5561 captant
481 5493 1036 5561 Constantinopolim,
1068 5496 1210 5549 sicut
1241 5496 1293 5548 in
1332 5497 1439 5549 vita
1472 5495 1671 5549 sultani
1708 5496 1809 5547 Sc-

234 5586 377 5639 limis
434 5587 659 5639 secundi
705 5585 773 5639 de
835 5588 1097 5641 Achmete
1154 5586 1497 5656 Coreutu-que
1556 5586 1814 5642 fratribus

237 5679 435 5733 ibidem
473 5680 703 5747 sepultis
733 5681 913 5734 videre
942 5682 1091 5745 licet,
1121 5681 1478 5737 inferrentur.
1517 5678 1807 5748 Postquam

241 5785 361 5825 vero
396 5771 728 5828 transvectis
768 5770 825 5826 in
862 5770 1137 5839 Ευιόριιιη
1186 5770 1380 5839 copiis,
1423 5767 1664 5825 Muratcs
1696 5770 1810 5839 pri-

1927 4566 2379 4637 Chalcoeoudylis
2423 4569 2713 4638 interpres,
2770 4570 3052 4626 Podoliam
3083 4574 3380 4642 perinscite
3413 4576 3495 4632 fa-

1924 4658 2111 4721 ciunt.
2138 4662 2414 4729 regionem
2444 4661 2585 4730 juris
2617 4662 2885 4719 Polouici.
2919 4664 3091 4718 Minor
3125 4677 3349 4735 propter
3392 4668 3497 4722 Da-

1922 4750 2073 4805 nubii
2104 4752 2251 4819 ripas
2285 4755 2599 4807 extenditur
2621 4794 2636 4819 ,
2666 4765 2717 4809 ct
2746 4756 3065 4825 plerumque
3092 4756 3451 4830 Transalpina
3480 4803 3495 4827 ,

1924 4841 2174 4897 Bonﬁnio
2228 4846 2481 4899 Montana
2514 4864 2730 4916 quoque
2760 4850 2901 4903 sicut
2923 4859 2975 4904 et
3002 4852 3126 4903 aliis
3156 4856 3492 4909 nominatur.

1924 4934 2207 4991 Vlachiatu
2240 4954 2502 4993 vocavere
2535 4939 2731 5005 Graeci,
2767 4952 2820 4997 et
2844 4943 3053 4998 incolas
3088 4943 3319 5001 Vlachos
3352 4965 3366 5002 :
3398 4964 3495 5015 pto

1921 5030 2123 5092 quibus
2180 5030 2507 5098 interpretes
2568 5030 2814 5093 Zonarte,
2884 5033 3105 5087 (Zedrini
3162 5044 3214 5089 et
3259 5035 3489 5089 aliorum

1920 5121 2308 5175 historicorum
2363 5123 2651 5177 reddidere
2686 5124 2959 5179 Blachiam
2988 5136 3039 5179 ct
3069 5126 3315 5187 Blaehos.
3357 5142 3495 5181 cou-

1921 5220 1999 5266 tra
2044 5214 2344 5266 molliorem
2382 5216 2773 5281 pronuntiandi
2810 5221 3078 5271 rationem
3120 5215 3435 5271 Graecorum
3475 5237 3487 5270 :

1919 5321 2055 5375 quos
2096 5306 2371 5359 imitantes
2418 5305 2609 5371 Turci,
2658 5325 2764 5361 non
2826 5309 3028 5369 lblacb,
3084 5310 3176 5360 sed
3215 5307 3373 5361 lﬂach
3414 5311 3487 5362 di-

1919 5410 2070 5451 cunt.
2108 5396 2311 5451 Nomen
2343 5397 2705 5452 Valachorunt
2747 5418 2851 5453 non
2885 5415 2913 5453 a
2952 5400 3166 5455 Flaccis
3200 5402 3486 5463 Romanis.

1919 5491 2129 5559 origine
2160 5490 2426 5553 fabulosa,
2462 5491 2625 5563 429
2664 5508 2780 5560 (ιιιτο
2833 5492 3109 5559 pluribus
3139 5502 3320 5547 tamen
3377 5495 3488 5564 pla-

1918 5583 2048 5635 cuit.
2084 5582 2177 5636 st'd
2230 5598 2258 5635 a
2300 5583 2585 5636 Germanis
2641 5585 2841 5639 nostris
2894 5587 3194 5655 profectum
3228 5588 3483 5640 arbitror.

1918 5676 2240 5729 Habuerunt
2272 5677 2415 5729 enim
2451 5678 2655 5732 vicinos
2679 5679 2806 5733 Daci
2834 5678 3157 5743 Germanos,
3188 5688 3314 5749 puta
3344 5678 3488 5745 Qua-

1916 5767 2014 5821 dus
2043 5807 2057 5837 ,
2087 5764 2325 5834 Gothos,
2366 5767 2599 5837 Gepidas
2622 5808 2635 5835 ,
2674 5770 2725 5825 in
2763 5787 2993 5839 quorum
3025 5786 3188 5837 agro,
3218 5770 3310 5839 qui
3344 5784 3489 5825 nunc
