4048 6208
535 293 638 354 797

1744 298 2070 362 JOANNIS
2103 303 2576 367 LEUNCLAVII

3677 304 3772 365 788

533 412 868 481 tzepisiensis
922 414 1141 478 dicitur,
1191 416 1381 469 incol-.e
1428 417 1731 484 praesertim
1778 410 2110 471 Casemarca
2141 416 2186 472 Λ
2249 420 2339 475 7‘2.
2378 420 2776 490 Samobunugli,
2805 420 2975 486 Azupr‘
3003 419 3076 471 re!
3118 417 3309 479 Azepi;
3384 414 3744 471 Laom‘cilocus

534 510 702 564 vicini
742 526 800 565 se
831 510 1231 565 Nemetsassios
1272 511 1544 582 hodieque
1603 512 1939 575 nominant,
1980 526 2113 566 voce

538 606 603 657 de
656 602 897 658 N‘emetis
949 602 1053 671 (sic
1109 604 1311 674 Ungari
1368 604 1672 661 Germanos
1722 606 2020 676 appellant,
2056 612 2116 659 ut

540 693 771 749 νρηριιςε
820 696 1071 750 nationes
1128 695 1431 767 Nemitzos)
1466 711 1519 754 et
1550 698 1753 754 Sassiis
1784 697 2112 765 composita.

536 804 658 857 qua!
704 788 923 843 Sassios
982 790 1097 843 sive
1152 791 1401 846 Saxones
1451 791 1754 847 Germanos
1814 789 2113 859 signiﬁcat.

536 882 793 938 Germani
860 899 994 939 vero
1047 888 1296 955 plerique
1355 895 1463 940 tam
1521 885 1689 941 Italos
1716 900 1881 953 quam
1923 882 2114 937 Gallos

537 977 654 1045 (qui
706 977 996 1035 Germanis
1044 991 1175 1035 sunt
1224 981 1409 1045 Walli,
1472 980 1617 1033 sicut
1660 976 1891 1033 Gilimer
1914 990 2114 1029 nomen

537 1060 833 1126 Gothicum
863 1085 948 1128 est
980 1075 1234 1129 Wilmcr.
1294 1075 1360 1129 Et
1393 1074 1445 1127 in
1477 1072 1672 1143 Anglia
1705 1084 1926 1138 quoque
1960 1065 2116 1121 Wal-

539 1168 718 1220 lorum
778 1183 974 1222 nomen
1038 1169 1236 1238 priscis
1298 1168 1494 1222 incolis
1545 1162 1994 1235 provincialibus,
2051 1158 2119 1210 ab

540 1259 1063 1328 Anglii-Saxonibus
1115 1262 1321 1315 nostris
1368 1258 1623 1318 inditum,
1672 1255 1881 1323 manet)
1920 1265 2120 1305 vocare

540 1354 718 1408 solent
744 1353 1004 1410 Walchos
1033 1367 1087 1409 et
1111 1353 1426 1408 Walisehos
1460 1372 1474 1406 :
1506 1366 1739 1419 quorum
1768 1349 1966 1416 lingua»
1995 1359 2121 1412 pro-

544 1448 765 1503 \inciali
789 1464 913 1504 cum
946 1449 1130 1517 lingua
1166 1448 1364 1509 Daciae,
1390 1462 1513 1515 qum
1538 1448 1652 1514 ipsa
1681 1459 1900 1512 quoque
1919 1439 2119 1492 Roma-

542 1556 738 1595 norum
780 1541 1060 1609 provincia
1092 1542 1365 1609 quondam
1395 1539 1514 1605 fuit,
1545 1537 1722 1591 afﬁnis
1751 1543 1897 1590 esset
1928 1552 1940 1586 :
1976 1531 2117 1584 idem

544 1650 572 1683 a
605 1632 810 1685 nostris
849 1629 1199 1686 Walchorum
1252 1646 1454 1685 nomen
1507 1642 1789 1695 accepere,
1833 1624 1979 1694 quml
2024 1622 2122 1674 de-

544 1727 885 1782 nuntiatione
914 1725 1149 1781 molliori
1170 1735 1433 1779 mutatum
1469 1724 1521 1775 in
1557 1720 1869 1773 Walachos.
1903 1715 2120 1771 Suﬂ’ra-

2631 488 2974 552 emendatus;
3004 493 3138 544 emir
3171 488 3389 544 lIalem.

2287 603 2460 671 Quem
2492 603 2582 658 hic
2612 603 2855 659 Annales
2884 603 3282 673 Samobunogli
3313 603 3429 657 sive
3480 601 3640 655 tilium
3688 600 3774 654 Sa-

2220 699 2474 752 mobunaa
2503 708 2724 759 vocant.
2745 697 2897 752 infra
2929 696 3126 753 Scheic
3147 697 3416 752 Bedredin
3472 696 3774 766 appellatur,

2219 791 2308 845 ubi
2343 791 2411 846 de
2430 791 2700 848 seditione
2720 808 2815 861 per
2838 793 3015 859 ipsum
3055 802 3194 845 mota
3227 791 3449 859 prolixae
3466 798 3590 841 sunt
3609 804 3776 841 narra-

2222 884 2418 939 tiones.
2457 885 2951 952 Stipendiariorum
2982 886 3207 939 nemine
3252 883 3559 952 intelligunt
3590 881 3780 948 Azapus

2219 978 2303 1031 vel
2322 977 2551 1047 Azepos.
2591 978 2865 1033 Laouicus
2889 976 3088 1033 alicubi
3114 976 3433 1046 peregrinos
3466 973 3616 1036 dixit,
3648 987 3781 1024 more

2220 1069 2430 1134 Grazeo,
2457 1068 2661 1139 quibus
2688 1067 2823 1124 Xeui
2883 1078 3175 1128 vocantur.
3235 1068 3287 1121 id
3347 1075 3451 1128 est,
3510 1062 3780 1134 peregrini,

2221 1161 2313 1231 qui
2345 1161 2633 1231 stipendiis
2657 1160 2916 1216 conducti
2951 1160 3211 1224 militant,
3245 1159 3349 1214 hoc
3379 1152 3485 1222 est,
3542 1156 3627 1224 qui
3676 1162 3782 1206 sunt

2222 1254 2613 1324 misthophori,
2675 1255 2817 1309 sicut
2853 1253 3017 1309 iidem
3053 1253 3349 1323 appellant.
3413 1248 3559 1304 ldem
3605 1246 3721 1301 alibi
3768 1264 3781 1299 :

2223 1347 2530 1402 Turcorum
2567 1347 2798 1415 pedites.
2828 1348 2929 1408 ait,
2989 1361 3131 1416 quos
3164 1344 3440 1413 Azapidas
3471 1348 3680 1393 vorant.
3730 1338 3783 1391 Et

2223 1441 2451 1495 omnino
2479 1440 2731 1494 militiam
2764 1440 2817 1494 hi
2850 1440 3154 1509 pedestrem
3184 1441 3417 1500 obeunt,
3445 1437 3567 1489 licet
3593 1433 3693 1486 alio
3730 1430 3785 1483 li-

2224 1531 2307 1585 iiri
2345 1531 2522 1586 octavi
2556 1530 2682 1584 loco
2731 1530 2985 1598 legantur
3037 1531 3152 1585 haec
3206 1527 3372 1583 verba
3425 1525 3479 1580 in
3541 1523 3644 1576 vita
3690 1520 3788 1574 blu-

2224 1622 2487 1679 chemetis
2518 1622 2561 1677 ll
2595 1634 2723 1678 tunc
2757 1621 3079 1694 Belgradum
3112 1617 3481 1690 oppugnantis
3512 1614 3790 1683 :Azapides

2227 1715 2391 1784 (quos
2426 1713 2771 1769 llussarones
2797 1713 2966 1767 nostri
2999 1712 3217 1781 vocant)
3241 1705 3787 1781 diripueruntl‘orum.

544 1828 703 1881 eatur
738 1819 867 1875 huic
900 1817 1147 1887 opinioni
1185 1830 1316 1870 meae
1339 1823 1499 1867 vetus
1548 1812 1711 1866 etiam
1748 1809 1987 1864 Galliciae
2018 1826 2119 1864 no-
2154 1776 2197 1831 Β
2231 1806 2345 1861 Rex
2377 1806 2669 1872 clamabat,
2697 1815 2757 1860 ut
2792 1807 3100 1861 eximerent
3154 1818 3356 1858 eorum
3425 1800 3648 1871 puellas.
3697 1796 3784 1851 llic

549 1926 696 1971 men,
743 1911 1003 1979 frequens
1044 1909 1096 1961 iri
1130 1908 1377 1977 antiquis
1414 1905 1669 1976 Ungarim
1703 1918 1891 1970 regum
1923 1902 2121 1966 titulis,

548 2018 658 2067 quo
687 2000 945 2057 Valaehia
994 2001 1430 2070 significabatur,
1483 1999 1674 2054 eadem
1708 2014 1830 2051 cum
1869 1996 2039 2051 Gallis
2074 2005 2128 2049 et

553 2094 702 2150 Italis
754 2105 915 2151 utens
973 2096 1184 2163 lingua,
1248 2094 1391 2149 sicut
1422 2104 1471 2147 et
1502 2107 1650 2146 nunc
1677 2091 1994 2145 affinitatem
2024 2090 2128 2143 ali—

548 2208 713 2261 quam
752 2205 877 2244 cum
917 2205 1106 2245 eorum
1150 2190 1333 2259 lingua
1381 2186 1705 2258 provinciali
1733 2186 1952 2241 retinet.
1996 2182 2128 2236 Vai-

556 2286 703 2339 vodae
736 2298 862 2338 vero
892 2298 1089 2338 nomen
1136 2281 1464 2351 generaliter
1500 2278 1777 2349 signiﬁcat
1805 2278 2126 2349 praafectum

555 2376 812 2438 militum,
841 2375 1004 2444 qhem
1038 2374 1385 2442 capitaueum
1408 2372 1570 2441 vulgo
1603 2380 1820 2425 vocant.
1849 2369 1952 2423 Sed
1985 2365 2130 2437 apud

558 2469 803 2537 llngaros
828 2478 883 2519 ut
909 2467 1061 2533 olim,
1098 2468 1179 2522 sic
1215 2467 1379 2521 etiam
1415 2464 1600 2530 hodie,
1631 2463 1753 2519 duae
1785 2472 1913 2517 sunt
1946 2461 2133 2529 appel-

552 2563 785 2618 lationes
820 2559 1364 2616 administrationum
1388 2557 1756 2612 maximarum
1790 2571 1803 2609 :
1833 2569 1940 2609 una
1972 2554 2127 2619 Bani,

553 2656 622 2711 de
651 2670 754 2724 qua
780 2671 881 2709 suo
912 2657 1053 2716 loco,
1091 2652 1354 2707 nimirum
1398 2651 1575 2719 capite
1607 2648 1731 2714 174,
1771 2646 1986 2715 plenius
2037 2643 2128 2698 di-

549 2750 694 2803 cturi
728 2762 946 2809 sumus,
972 2751 1143 2800 altera
1187 2744 1462 2800 Vaivodzr.
1493 2743 1679 2797 Banus
1708 2749 1791 2795 est
1817 2753 2017 2809 prmses
2046 2753 2135 2792 rc-

556 2844 682 2908 eius
710 2842 765 2895 in
800 2841 987 2910 aliquo
1032 2854 1098 2893 ex
1136 2840 1322 2908 regnis
1367 2835 1624 2908 Ungaria:
1680 2833 1974 2901 adjunctis.
2014 2830 2138 2886 Vai~

553 2935 692 2989 voda
746 2949 875 2988 vero
930 2948 1131 3002 praeses
1191 2932 1396 2985 dicitur
1434 2969 1451 2991 ,
1510 2929 1633 2981 loco
1694 2926 1838 2995 regis
1898 2924 2137 2979 admini-

557 3027 879 3081 strationem
906 3025 1113 3079 habens
1141 3023 1195 3077 in
1227 3023 1411 3091 aliqua
1445 3018 1892 3090 provincia,puta
1928 3015 2137 3069 Trans-

557 3122 830 3192 sylvauia,
850 3116 1109 3171 Valachia
1146 3115 1363 3183 majori,
1387 3112 1648 3167 Valarhia
1674 3110 1871 3163 minori
1905 3126 1918 3162 :
1952 3107 2046 3160 sed
2074 3120 2135 3159 ea

557 3217 673 3284 lege
704 3224 910 3275 tamen,
967 3222 1024 3264 ut
1092 3209 1458 3277 gubernatore
1489 3201 1846 3279 sitiui‘erior.
1874 3198 2137 3254 Vaivodm

557 3307 804 3369 Valachi,
837 3315 1120 3375 postquam
1148 3301 1215 3355 ab
1242 3297 1494 3369 Ungaria’
1524 3311 1709 3365 regum
1735 3292 2044 3349 obedientia
2075 3305 2136 3345 se

557 3400 979 3457 subtraxissent,
1008 3409 1160 3449 more
1188 3394 1501 3449 Graecorum
1534 3389 1796 3456 despota),
1819 3386 1886 3441 de
1914 3401 2021 3454 qua
2054 3384 2139 3437 di-

558 3499 764 3565 gnitate
797 3470 1070 3563 .snperius
1119 3503 1349 3543 numero
1385 3492 1642 3540 notarum
1706 3481 1776 3535 54
1806 3480 2017 3550 prolixe
2052 3479 2142 3531 di-

558 3603 731 3655 ctum,
754 3603 851 3657 pro
882 3584 1139 3640 Vaivodis
1167 3581 1356 3636 audire
1381 3580 1714 3640 maluerunt,
1735 3573 1890 3644 quasi
1919 3573 1963 3626 si
1988 3588 2038 3641 pi
2056 3571 2141 3624 iu-

560 3685 714 3751 eipes
765 3689 952 3735 essent
1010 3674 1299 3732 absoluti:
1350 3687 1450 3726 nec
1500 3669 1721 3740 regibus
1754 3666 2008 3733 subjecti,
2046 3662 2139 3717 sed

562 3777 747 3845 potius
810 3773 1081 3843 dignitate
1136 3766 1357 3837 regibus
1420 3760 1679 3833 proximi.
1745 3757 1951 3811 Verum
2012 3772 2143 3810 usu-

563 3871 708 3924 vcnit
739 3868 842 3931 eis,
881 3863 1025 3935 quod
1056 3860 1263 3917 Grmcis
1295 3856 1567 3912 accidisse
1599 3861 1836 3916 constat,
1887 3854 1978 3920 qui
2027 3865 2143 3903 ma-

562 3964 740 4018 ximas
772 3959 839 4013 ad
869 3956 1150 4029 angustias
1173 3952 1394 4008 redacto
1416 3948 1666 4014 imperio,
1697 3946 1885 3999 titulos
1915 3944 2145 4011 amplio-

567 4073 653 4111 res
694 4052 1079 4121 excogitarunt
1120 4065 1136 4104 :
1198 4046 1276 4099 uti
1333 4057 1479 4097 nunc
1521 4041 1684 4094 ctiam
1716 4038 1858 4108 apud
1891 4038 2145 4090 Ausones

569 4117 864 4202 nonnullos
902 4142 955 4195 in
987 4142 1106 4210 ipso
1140 4131 1540 4207 propemodum
1576 4117 1891 4183 amittendae
1921 4127 2145 4181 Iiberta-

568 4241 638 4295 tis
698 4235 932 4291 ﬂrllCIIio
981 4228 1289 4285 consimilia
1345 4224 1594 4296 quaedam
1632 4220 1913 4285 allectare,
1948 4228 2147 4288 pra‘tcr

567 4348 771 4387 morem
812 4326 1103 4394 majorum,
1135 4322 1407 4377 videmus.
1440 4318 1799 4387 Despomrum
1826 4309 2146 4367 certénunc

566 4427 780 4480 illorqu
798 4437 859 4476 ea
888 4420 993 4474 sub
1022 4416 1251 4472 Turcica
1284 4411 1545 4468 servitute
1567 4408 1811 4464 conditio
1846 4413 1949 4467 est,
1985 4419 2138 4456 man-
2179 4443 2221 4497 ο

563 4516 834 4589 eipiorum
875 4524 932 4567 ιιι
963 4508 1189 4563 nomine
1214 4504 1420 4574 potius,
1450 4516 1616 4569 quam
1654 4496 1988 4568 principum,
2017 4508 2143 4547 cen-

563 4586 720 4663 sendi
755 4605 998 4658 veniant.
1051 4600 1156 4653 Sed
1207 4594 1543 4665 pergendum
1599 4592 1661 4642 ad
1708 4589 1836 4642 alia.
1879 4586 2147 4641 Valacho-

567 4716 686 4751 rum
729 4698 817 4751 ille
882 4691 1143 4753 Vaivoda,
1202 4702 1364 4757 quem
1412 4682 1652 4738 Annales
1705 4680 1757 4734 hi
1800 4680 2020 4734 Murzcn
2049 4693 2148 4731 vo-

564 4798 717 4852 rant,
760 4786 1001 4840 Laonico
1052 4782 1254 4836 Mirxes
1305 4777 1546 4837 dicitur,
1582 4773 1832 4827 Boufinio
1872 4769 2145 4834 Merches,

567 4890 671 4940 hoc
692 4895 797 4947 est,
819 4879 1054 4934 Marcus.
1082 4872 1370 4943 Reperitur
1388 4870 1529 4938 apud
1562 4867 1814 4922 eumdem
1845 4864 2146 4922 Laonicum

565 4988 621 5034 et
674 4975 884 5047 Mirdan
925 4968 1197 5024 Valachize
1236 4964 1497 5036 principis
1531 4977 1751 5026 nomen,
1782 4959 2146 5028 compositum

563 5090 628 5127 ex
689 5068 816 5125 hoc'
852 5067 969 5135 ipso
1023 5063 1158 5118 Mirx
1194 5071 1247 5114 et
1282 5059 1394 5112 Dan
1427 5058 1544 5112 sive
1574 5055 1757 5113 Gdan.
1785 5053 1917 5108 Nam
1953 5063 2008 5107 et
2032 5053 2149 5123 ipsa

563 5167 714 5237 regio
772 5160 1064 5232 Bogdanim
1114 5172 1315 5211 nomen
1349 5159 1563 5220 accepit
1630 5165 1659 5204 a
1724 5146 2000 5218 Bogdanis
2028 5148 2145 5201 sive

563 5257 909 5326 principibus
957 5255 1093 5317 suis,
1154 5250 1247 5320 qui
1284 5244 1552 5302 vocabulo
1595 5257 1728 5298 sane
1760 5241 1847 5311 pio
1881 5239 2144 5295 dicuntur

569 5348 829 5417 Iingdani,
881 5357 1143 5414 tanquam
1194 5342 1286 5395 Dei
1330 5353 1552 5394 munus.
1591 5336 1675 5389 vel
1706 5332 2031 5393 Theodosii.
2062 5335 2147 5385 vel

565 5438 862 5500 'l'hcodori,
894 5438 976 5489 vel
1010 5432 1290 5489 Dormhei.
1315 5431 1559 5486 Meminit
1584 5430 1747 5498 hujus
1782 5427 1932 5481 vocis
1965 5434 2018 5479 et
2047 5426 2149 5479 Ce-

570 5534 767 5587 drinus
802 5530 855 5585 in
878 5528 1078 5583 Basilio
1110 5527 1537 5597 Bulgaroctouo,
1582 5537 1706 5575 cum
1740 5521 1811 5575 ait
1841 5536 1854 5573 :
1892 5518 2149 5576 Occurrit

566 5626 731 5678 etiam
793 5620 1107 5692 imperatori
1161 5618 1471 5690 Bogdauus,
1508 5625 1817 5670 castrorum
1860 5611 2142 5669 interioris

568 5716 808 5789 t-‘giunis
839 5714 1100 5788 toparcha
1138 5712 1250 5768 sive
1285 5710 1526 5784 regulus.

2230 1904 2467 1971 primum
2496 1901 2669 1955 lector
2697 1901 2971 1965 observet,
2996 1897 3302 1966 Azapidum
3338 1895 3556 1951 nomine
3601 1892 3791 1962 pedites

2232 1993 2579 2064 Ungarorum
2605 1995 2673 2047 ah
2708 2000 2934 2047 auctore
2956 1990 3210 2061 intelligi,
3243 1990 3340 2060 qui
3370 1988 3512 2058 regis
3545 1987 3653 2041 sive
3691 1983 3790 2038 sul-

2232 2088 2342 2143 tani
2379 2087 2742 2142 Muchemctis
2775 2084 2980 2150 forum,
3015 2083 3228 2139 scilicet
3287 2094 3565 2137 castrense
3626 2091 3787 2132 rerum

2234 2183 2288 2235 in
2312 2179 2555 2235 exercitu
2596 2178 2892 2243 venalium,
2927 2176 3282 2247 diripuerint.
3332 2175 3474 2245 Ergo
3503 2188 3620 2243 quae
3647 2172 3793 2225 inter-

2229 2275 2373 2345 jeeta
2404 2274 2569 2328 verba
2606 2281 2754 2336 sunt,
2777 2286 2915 2339 quos
2967 2271 3319 2325 Hussarones
3377 2267 3545 2323 noStri
3598 2274 3790 2326 vocant,

2235 2367 2504 2435 glossema
2547 2377 2673 2420 sunt
2722 2363 3037 2433 interpretis
3085 2363 3349 2432 imperiti,
3391 2360 3651 2430 Azapidas
3706 2372 3793 2425 pro

2237 2455 2648 2512 llnssaronibus
2691 2455 3035 2524 accipientis.
3078 2469 3202 2508 cum
3276 2452 3533 2522 Azapidae
3609 2449 3793 2519 pedites

2237 2551 2368 2609 sint.
2404 2548 2749 2604 llussarones
2775 2547 3011 2617 equites.
3071 2545 3277 2601 Deinde
3318 2546 3528 2615 puellas
3579 2542 3795 2598 eximere

2237 2645 2401 2708 dixit,
2429 2659 2551 2698 cum
2586 2641 2759 2697 Οτωυί
2799 2637 3023 2695 Laonici
3056 2638 3216 2693 verba
3243 2637 3578 2706 significent,
3628 2630 3794 2688 oculo-

2238 2755 2356 2793 rum
2391 2752 2551 2793 coras
2599 2736 2716 2789 sive
2758 2732 2994 2803 pupulas
3056 2740 3151 2785 aut
3202 2730 3443 2799 pupillas
3494 2742 3676 2782 eruere
3724 2724 3795 2777 vel

2238 2834 2499 2896 ellodere,
2532 2831 2678 2903 quod
2708 2830 2872 2900 paulo
2892 2828 3087 2884 melius
3119 2827 3349 2898 adjectis
3380 2824 3605 2894 margini
3635 2820 3797 2876 verbis

2241 2928 2538 2990 redditum,
2576 2924 2894 2981 uthostium
2931 2923 3124 2978 oculos
3151 2921 3566 2991 exseulperent.
3620 2914 3800 2972 Praefe—

2240 3028 2364 3074 ctus
2388 3026 2574 3072 autem
2639 3014 3031 3087 signiferorum
3074 3012 3272 3067 Turcis
3311 3021 3404 3067 est
3433 3010 3569 3065 emir
3608 3004 3799 3068 ilalem,

2165 3094 2209 3150 θ
2242 3114 2404 3184 cujus
2427 3127 2613 3180 supra,
2646 3124 2878 3163 numero
2907 3116 3161 3162 notarum
3187 3107 3275 3170 14,
3307 3104 3458 3160 facta
3481 3104 3579 3159 fuit
3603 3102 3799 3156 mentio.

2242 3206 2386 3259 Sane
2409 3218 2663 3273 magnum
2702 3201 2866 3270 hujus
2886 3199 3118 3255 oilicium
3140 3208 3242 3265 est,
3268 3210 3324 3253 et
3348 3199 3697 3255 fructuosum,
3728 3192 3800 3247 dic

2241 3299 2555 3367 gnitateque
2602 3295 2910 3364 proximum
2945 3294 3011 3347 ab
3036 3308 3134 3363 aga
3160 3292 3565 3362 genizarorum.
3586 3288 3679 3343 Sed
3704 3284 3801 3339 olli-

2241 3391 2452 3445 ciorum
2483 3388 2679 3450 Portaz,
2710 3397 2816 3441 tam
2852 3401 3042 3439 eorum
3066 3401 3186 3453 qum
3211 3385 3357 3438 intra
3378 3384 3630 3447 saraium,
3656 3391 3799 3448 quam

2206 3516 2210 3521 -
2241 3499 2364 3551 qua:
2400 3480 2537 3535 foris
2577 3480 2827 3535 ordinata
2866 3477 3312 3547 sunt,expositio
3338 3478 3515 3549 plena,
3540 3477 3705 3529 locum
3724 3486 3783 3541 po

2243 3575 2562 3629 scitalium.

2242 3671 2329 3723 75.
2363 3671 2530 3722 Musa:
2563 3667 2672 3720 sive
2700 3666 2863 3720 Mosis
2887 3665 3177 3719 crudelitas
3215 3681 3228 3724 :
3288 3665 3555 3726 Lazarus,
3585 3676 3671 3731 pro
3706 3656 3802 3712 Sta.

2507 3744 2680 3807 pltatto
2712 3735 2908 3790 Servio:
2931 3737 3171 3806 despota,
3202 3733 3404 3789 Lazari
3431 3735 3560 3804 ﬁlio.

2319 3833 2392 3886 De
2440 3830 2631 3885 Vidiua
2682 3830 2887 3885 dicmm
2949 3844 3180 3883 numero
3265 3841 3524 3883 notarum
3597 3825 3678 3887 £9,
3750 3823 3803 3871 (τε

2249 3927 2529 3981 Butuvada
2559 3934 2613 3979 et
2648 3924 2846 3977 Matera
2879 3923 3161 3993 deinceps,
3211 3922 3338 3977 loco
3400 3921 3569 3990 magis
3608 3918 3802 3972 idoneo,

2246 4021 2312 4074 ad
2356 4035 2558 4072 annum
2608 4017 2981 4071 Christianum
3019 4015 3157 4070 MM
3198 4013 3437 4069 dicetur.
3501 4010 3658 4065 Musaa
3706 4003 3802 4058 sive

2250 4108 2414 4164 Musis
2437 4108 2835 4172 crudelitatem,
2874 4106 3330 4171 etiracundiam,
3380 4120 3444 4160 ac
3490 4097 3799 4174 tyrannidem

2246 4206 2297 4257 iu
2333 4220 2486 4261 suos.
2513 4203 2787 4257 Laonicus
2820 4201 2988 4255 etiam
3024 4207 3455 4259 commemorat,
3489 4193 3676 4265 partim
3732 4185 3803 4239 his

2250 4298 2453 4363 verbis,
2484 4295 2648 4368 430
2677 4293 2853 4348 Moses
2887 4293 2981 4347 irze
3014 4292 3289 4361 imperare
3324 4306 3430 4344 non
3470 4292 3689 4357 poterat,
3722 4275 3803 4332 sed

2252 4406 2496 4462 praeceps
2539 4391 2592 4443 in
2628 4404 2747 4442 eam
2782 4386 3080 4451 ferebatur,
3119 4382 3388 4453 quidquid
3425 4382 3511 4435 illa
3554 4377 3806 4435 dictasset,

2251 4486 2502 4550 faciens;
2542 4482 2737 4554 partim
2786 4481 2893 4535 alio
2950 4480 3091 4543 loco,
3154 4476 3334 4532 verbis
3411 4469 3805 4529 consimilibus:

2255 4579 2504 4648 Optimus
2546 4576 2783 4646 quisque
2814 4571 3201 4642 indignabatur
3231 4570 3303 4623 ob
3335 4569 3504 4622 Mosis
3521 4558 3806 4618 violentiam

2254 4680 2310 4725 et
2333 4669 2699 4741 tyrannidem.
2731 4668 2967 4721 Causam
3002 4679 3153 4723 vero,
3187 4677 3285 4715 cur
3318 4661 3462 4715 bello
3491 4656 3684 4711 Servize
3728 4648 3807 4702 de-

2255 4774 2466 4834 spotam
2502 4769 2949 4831 persequeretur,
2989 4756 3263 4810 Laonicus
3291 4753 3567 4823 exposuit,
3603 4762 3716 4803 cum
3739 4757 3806 4796 re-

2255 4860 2411 4921 citat,
2449 4871 2575 4911 eum
2606 4872 2633 4908 a
2663 4854 2889 4923 despota
2932 4852 3216 4906 desertum
3278 4847 3475 4908 fuisse,
3521 4844 3808 4899 Grrecormn

2255 4949 2709 5021 persuasionibus
2744 4947 3002 5009 adducto,
3064 4942 3425 4998 Mulsumanis
3477 4949 3534 4994 ut
3587 4932 3809 5006 partibus

2258 5056 2433 5100 semet
2464 5052 2805 5113 aggregarel,
2828 5041 2971 5111 quod
3006 5037 3184 5093 Moses
3217 5034 3505 5105 aegerrime
3528 5028 3715 5085 tulerit.
3755 5018 3808 5073 Et

2258 5141 2541 5209 despotam
2575 5138 2720 5190 hunc
2757 5134 2995 5188 Annales
3024 5141 3219 5185 vocant
3253 5128 3545 5189 Lazarum,
3574 5135 3686 5177 cum
3738 5126 3805 5166 tri-

2257 5250 2378 5289 men
2408 5250 2471 5287 ex
2500 5231 2736 5286 llistoria
2758 5237 2990 5289 constet,
3021 5226 3134 5279 haec
3157 5240 3185 5277 a
3220 5222 3501 5291 Stephano
3526 5227 3680 5288 gesta.
3711 5209 3805 5260 La-

2258 5326 2369 5381 zari
2407 5325 2538 5388 filio,
2569 5322 2782 5393 Georgii
2815 5332 2966 5391 patre
3000 5334 3015 5372 :
3046 5332 3158 5387 quo
3186 5316 3252 5370 de
3301 5312 3555 5384 snperius
3600 5312 3807 5360 uumvm

2258 5420 2327 5475 54
2359 5418 2736 5473 tractavimus.

2262 5513 2351 5567 74.
2394 5510 2611 5573 Ceivisc,
2633 5509 2846 5568 Galliae:
2866 5506 3110 5578 Libyssa,
3142 5505 3344 5560 Lebusa
3365 5519 3384 5568 ;
3406 5487 3803 5555 Astacm.$itms

2805 5580 3118 5641 Astacenus,
3160 5578 3335 5632 lntzn.

2332 5675 2550 5729 Geivisc
2590 5672 2907 5742 oppidulum
2957 5682 3041 5727 est
3084 5669 3368 5742 Bithyniae,
3398 5650 3802 5721 situtnadNiro.

2266 5767 2598 5823 medicnscm
2638 5741 2723 5820 vel
2776 5764 3110 5823 Astaccuum
3143 5741 3319 5835 potius
3380 5752 3663 5825 antiquitus
3725 5741 3800 5795 die
