  <div class='ocr_page' id='page_1' title='image "/cluster/home/n/w/nwhite01/storage/ocr_20150623/159/hvd.32044073502684/442.png"; bbox 0 0 4048 6208; ppageno 0'>
   <div class='ocr_carea' id='block_1_1' title="bbox 305 316 425 379">
    <p class='ocr_par' dir='ltr' id='par_1_1' title="bbox 305 316 425 379">
     <span class='ocr_line' id='line_1_1' title="bbox 305 316 425 379; baseline -0.033 0"><span class='ocrx_word' id='word_1_1' title='bbox 305 316 425 379; x_wconf 67' lang='lat'>739&#39;</span> 
     </span>
    </p>
   </div>
   <div class='ocr_carea' id='block_1_2' title="bbox 1468 321 2441 386">
    <p class='ocr_par' dir='ltr' id='par_1_2' title="bbox 1468 321 2441 386">
     <span class='ocr_line' id='line_1_2' title="bbox 1468 321 2441 386; baseline 0.006 -6"><span class='ocrx_word' id='word_1_2' title='bbox 1468 321 1863 383; x_wconf 78' lang='lat' dir='ltr'><strong>PANDECTE</strong></span> <span class='ocrx_word' id='word_1_3' title='bbox 1893 324 2087 384; x_wconf 79' lang='lat' dir='ltr'><strong>HIST.</strong></span> <span class='ocrx_word' id='word_1_4' title='bbox 2133 326 2441 386; x_wconf 78' lang='lat' dir='ltr'><strong>TURCIC.</strong></span> 
     </span>
    </p>
   </div>
   <div class='ocr_carea' id='block_1_3' title="bbox 3461 314 3567 376">
    <p class='ocr_par' dir='ltr' id='par_1_3' title="bbox 3461 314 3567 376">
     <span class='ocr_line' id='line_1_3' title="bbox 3461 314 3567 376; baseline -0.009 0"><span class='ocrx_word' id='word_1_5' title='bbox 3461 314 3567 376; x_wconf 79' lang='lat'><strong>790</strong></span> 
     </span>
    </p>
   </div>
   <div class='ocr_carea' id='block_1_4' title="bbox 306 422 3571 505">
    <p class='ocr_par' dir='ltr' id='par_1_4' title="bbox 306 422 3571 505">
     <span class='ocr_line' id='line_1_4' title="bbox 306 422 3571 505; baseline -0.002 -21"><span class='ocrx_word' id='word_1_6' title='bbox 306 435 454 484; x_wconf 82' lang='lat' dir='ltr'><strong>etum</strong></span> <span class='ocrx_word' id='word_1_7' title='bbox 489 428 695 495; x_wconf 91' lang='lat' dir='ltr'><strong>sinum,</strong></span> <span class='ocrx_word' id='word_1_8' title='bbox 732 426 785 481; x_wconf 92' lang='lat' dir='ltr'><strong>in</strong></span> <span class='ocrx_word' id='word_1_9' title='bbox 816 428 934 498; x_wconf 89' lang='lat' dir='ltr'><strong>ipsa</strong></span> <span class='ocrx_word' id='word_1_10' title='bbox 968 430 1049 485; x_wconf 99' lang='lat' dir='ltr'><strong>via</strong></span> <span class='ocrx_word' id='word_1_11' title='bbox 1082 445 1186 501; x_wconf 85' lang='lat' dir='ltr'><strong>qua</strong></span> <span class='ocrx_word' id='word_1_12' title='bbox 1233 432 1730 504; x_wconf 83' lang='lat' dir='ltr'><strong>Constantinopoli,</strong></span> <span class='ocrx_word' id='word_1_13' title='bbox 1770 449 1892 502; x_wconf 60' lang='lat' dir='ltr'><strong>«tua:</strong></span> <span class='ocrx_word' id='word_1_14' title='bbox 1921 437 1967 493; x_wconf 79' lang='grc' dir='ltr'>Α</span> <span class='ocrx_word' id='word_1_15' title='bbox 1996 432 2199 491; x_wconf 71' lang='lat' dir='ltr'><strong>Versae</strong></span> <span class='ocrx_word' id='word_1_16' title='bbox 2229 446 2289 491; x_wconf 75' lang='lat' dir='ltr'><strong>et</strong></span> <span class='ocrx_word' id='word_1_17' title='bbox 2313 437 2516 492; x_wconf 87' lang='lat' dir='ltr'><strong>Versae</strong></span> <span class='ocrx_word' id='word_1_18' title='bbox 2577 432 2876 505; x_wconf 84' lang='lat' dir='ltr'><strong>appellant,</strong></span> <span class='ocrx_word' id='word_1_19' title='bbox 2943 431 2997 486; x_wconf 92' lang='lat' dir='ltr'><strong>in</strong></span> <span class='ocrx_word' id='word_1_20' title='bbox 3052 427 3315 482; x_wconf 67' lang='lat' dir='ltr'><strong>Anatolio!</strong></span> <span class='ocrx_word' id='word_1_21' title='bbox 3382 422 3571 479; x_wconf 73' lang='lat' dir='ltr'><strong>tabula</strong></span> 
     </span>
    </p>
   </div>
   <div class='ocr_carea' id='block_1_5' title="bbox 306 519 1882 589">
    <p class='ocr_par' dir='ltr' id='par_1_5' title="bbox 306 519 1882 589">
     <span class='ocr_line' id='line_1_5' title="bbox 306 519 1882 589; baseline 0.001 -12"><span class='ocrx_word' id='word_1_22' title='bbox 306 522 435 577; x_wconf 88' lang='lat' dir='ltr'><strong>hinc</strong></span> <span class='ocrx_word' id='word_1_23' title='bbox 467 520 662 573; x_wconf 83' lang='lat' dir='ltr'><strong>itinere</strong></span> <span class='ocrx_word' id='word_1_24' title='bbox 691 519 846 574; x_wconf 75' lang='lat' dir='ltr'><strong>bidui</strong></span> <span class='ocrx_word' id='word_1_25' title='bbox 885 523 1057 587; x_wconf 88' lang='lat' dir='ltr'><strong>abest,</strong></span> <span class='ocrx_word' id='word_1_26' title='bbox 1078 521 1448 579; x_wconf 81' lang='lat' dir='ltr'><strong>Nicomediam</strong></span> <span class='ocrx_word' id='word_1_27' title='bbox 1482 527 1610 589; x_wconf 89' lang='lat' dir='ltr'><strong>itur,</strong></span> <span class='ocrx_word' id='word_1_28' title='bbox 1645 526 1715 578; x_wconf 82' lang='lat' dir='ltr'><strong>Ea</strong></span> <span class='ocrx_word' id='word_1_29' title='bbox 1757 540 1882 578; x_wconf 74' lang='lat' dir='ltr'><strong>vero</strong></span> 
     </span>
    </p>
   </div>
   <div class='ocr_carea' id='block_1_6' title="bbox 308 611 1883 686">
    <p class='ocr_par' dir='ltr' id='par_1_6' title="bbox 308 611 1883 686">
     <span class='ocr_line' id='line_1_6' title="bbox 308 611 1883 686; baseline 0.003 -19"><span class='ocrx_word' id='word_1_30' title='bbox 308 613 539 668; x_wconf 84' lang='lat' dir='ltr'><strong>ulterius</strong></span> <span class='ocrx_word' id='word_1_31' title='bbox 561 630 589 666; x_wconf 84' lang='lat' dir='ltr'><strong>a</strong></span> <span class='ocrx_word' id='word_1_32' title='bbox 619 611 839 669; x_wconf 86' lang='lat' dir='ltr'><strong>Geivise</strong></span> <span class='ocrx_word' id='word_1_33' title='bbox 857 616 1022 670; x_wconf 88' lang='lat' dir='ltr'><strong>distat</strong></span> <span class='ocrx_word' id='word_1_34' title='bbox 1056 617 1217 672; x_wconf 90' lang='lat' dir='ltr'><strong>unius</strong></span> <span class='ocrx_word' id='word_1_35' title='bbox 1253 617 1449 672; x_wconf 85' lang='lat' dir='ltr'><strong>itinere</strong></span> <span class='ocrx_word' id='word_1_36' title='bbox 1477 620 1603 673; x_wconf 89' lang='lat' dir='ltr'><strong>diei.</strong></span> <span class='ocrx_word' id='word_1_37' title='bbox 1640 618 1883 686; x_wconf 80' lang='lat' dir='ltr'><strong>Geogra-</strong></span> 
     </span>
    </p>
   </div>
   <div class='ocr_carea' id='block_1_7' title="bbox 309 708 1882 778">
    <p class='ocr_par' dir='ltr' id='par_1_7' title="bbox 309 708 1882 778">
     <span class='ocr_line' id='line_1_7' title="bbox 309 708 1882 778; baseline 0.001 -16"><span class='ocrx_word' id='word_1_38' title='bbox 309 710 467 778; x_wconf 86' lang='lat' dir='ltr'><strong>phica</strong></span> <span class='ocrx_word' id='word_1_39' title='bbox 499 708 727 763; x_wconf 77' lang='lat' dir='ltr'><strong>Natolize</strong></span> <span class='ocrx_word' id='word_1_40' title='bbox 748 710 1043 778; x_wconf 80' lang='lat' dir='ltr'><strong>descriptio</strong></span> <span class='ocrx_word' id='word_1_41' title='bbox 1072 712 1367 766; x_wconf 86' lang='lat' dir='ltr'><strong>Ahrahami</strong></span> <span class='ocrx_word' id='word_1_42' title='bbox 1430 711 1619 766; x_wconf 88' lang='lat' dir='ltr'><strong>Ortelii</strong></span> <span class='ocrx_word' id='word_1_43' title='bbox 1651 711 1882 777; x_wconf 84' lang='lat' dir='ltr'><strong>Gejeccn</strong></span> 
     </span>
    </p>
   </div>
   <div class='ocr_carea' id='block_1_8' title="bbox 310 800 1885 871">
    <p class='ocr_par' dir='ltr' id='par_1_8' title="bbox 310 800 1885 871">
     <span class='ocr_line' id='line_1_8' title="bbox 310 800 1885 871; baseline 0.001 -19"><span class='ocrx_word' id='word_1_44' title='bbox 310 800 491 862; x_wconf 86' lang='lat' dir='ltr'><strong>habet,</strong></span> <span class='ocrx_word' id='word_1_45' title='bbox 521 814 655 853; x_wconf 79' lang='lat' dir='ltr'><strong>voce</strong></span> <span class='ocrx_word' id='word_1_46' title='bbox 687 801 934 854; x_wconf 85' lang='lat' dir='ltr'><strong>nonnihil</strong></span> <span class='ocrx_word' id='word_1_47' title='bbox 971 811 1175 855; x_wconf 89' lang='lat' dir='ltr'><strong>mutata</strong></span> <span class='ocrx_word' id='word_1_48' title='bbox 1214 820 1226 855; x_wconf 91' lang='lat'>:</span> <span class='ocrx_word' id='word_1_49' title='bbox 1259 801 1599 871; x_wconf 83' lang='lat' dir='ltr'><strong>Busbequius</strong></span> <span class='ocrx_word' id='word_1_50' title='bbox 1632 803 1683 855; x_wconf 91' lang='lat' dir='ltr'><strong>in</strong></span> <span class='ocrx_word' id='word_1_51' title='bbox 1722 802 1885 855; x_wconf 85' lang='lat' dir='ltr'><strong>Itine-</strong></span> 
     </span>
    </p>
   </div>
   <div class='ocr_carea' id='block_1_9' title="bbox 310 890 1885 960">
    <p class='ocr_par' dir='ltr' id='par_1_9' title="bbox 310 890 1885 960">
     <span class='ocr_line' id='line_1_9' title="bbox 310 890 1885 960; baseline 0.001 -16"><span class='ocrx_word' id='word_1_52' title='bbox 310 891 458 945; x_wconf 77' lang='lat' dir='ltr'><strong>rario</strong></span> <span class='ocrx_word' id='word_1_53' title='bbox 496 890 729 945; x_wconf 85' lang='lat' dir='ltr'><strong>Gebisen</strong></span> <span class='ocrx_word' id='word_1_54' title='bbox 763 893 976 954; x_wconf 85' lang='lat' dir='ltr'><strong>scribit,</strong></span> <span class='ocrx_word' id='word_1_55' title='bbox 1009 893 1269 959; x_wconf 74' lang='lat' dir='ltr'><strong>additque</strong></span> <span class='ocrx_word' id='word_1_56' title='bbox 1326 896 1526 960; x_wconf 85' lang='lat' dir='ltr'><strong>putari,</strong></span> <span class='ocrx_word' id='word_1_57' title='bbox 1591 896 1730 948; x_wconf 88' lang='lat' dir='ltr'><strong>hanc</strong></span> <span class='ocrx_word' id='word_1_58' title='bbox 1755 894 1885 947; x_wconf 81' lang='lat' dir='ltr'><strong>olim</strong></span> 
     </span>
    </p>
   </div>
   <div class='ocr_carea' id='block_1_10' title="bbox 311 984 1886 1055">
    <p class='ocr_par' dir='ltr' id='par_1_10' title="bbox 311 984 1886 1055">
     <span class='ocr_line' id='line_1_10' title="bbox 311 984 1886 1055; baseline 0.003 -18"><span class='ocrx_word' id='word_1_59' title='bbox 311 984 483 1039; x_wconf 89' lang='lat' dir='ltr'><strong>fuisse</strong></span> <span class='ocrx_word' id='word_1_60' title='bbox 503 985 811 1053; x_wconf 85' lang='lat' dir='ltr'><strong>Lihyssam,</strong></span> <span class='ocrx_word' id='word_1_61' title='bbox 842 984 1155 1041; x_wconf 79' lang='lat' dir='ltr'><strong>Hannibalis</strong></span> <span class='ocrx_word' id='word_1_62' title='bbox 1187 988 1439 1055; x_wconf 81' lang='lat' dir='ltr'><strong>sepulcro</strong></span> <span class='ocrx_word' id='word_1_63' title='bbox 1456 988 1748 1042; x_wconf 86' lang='lat' dir='ltr'><strong>celebrem.</strong></span> <span class='ocrx_word' id='word_1_64' title='bbox 1778 986 1886 1055; x_wconf 76' lang='lat' dir='ltr'><strong>Ego</strong></span> 
     </span>
    </p>
   </div>
   <div class='ocr_carea' id='block_1_11' title="bbox 310 1074 1891 1144">
    <p class='ocr_par' dir='ltr' id='par_1_11' title="bbox 310 1074 1891 1144">
     <span class='ocr_line' id='line_1_11' title="bbox 310 1074 1891 1144; baseline 0.003 -16"><span class='ocrx_word' id='word_1_65' title='bbox 310 1090 443 1144; x_wconf 82' lang='lat' dir='ltr'><strong>pace</strong></span> <span class='ocrx_word' id='word_1_66' title='bbox 461 1076 594 1128; x_wconf 84' lang='lat' dir='ltr'><strong>tanti</strong></span> <span class='ocrx_word' id='word_1_67' title='bbox 614 1076 712 1128; x_wconf 88' lang='lat' dir='ltr'><strong>viri</strong></span> <span class='ocrx_word' id='word_1_68' title='bbox 749 1074 1000 1130; x_wconf 82' lang='lat' dir='ltr'><strong>Geivisen</strong></span> <span class='ocrx_word' id='word_1_69' title='bbox 1046 1077 1206 1139; x_wconf 85' lang='lat' dir='ltr'><strong>hanc,</strong></span> <span class='ocrx_word' id='word_1_70' title='bbox 1236 1077 1352 1133; x_wconf 86' lang='lat' dir='ltr'><strong>sive</strong></span> <span class='ocrx_word' id='word_1_71' title='bbox 1385 1077 1645 1143; x_wconf 82' lang='lat' dir='ltr'><strong>Gebisen,</strong></span> <span class='ocrx_word' id='word_1_72' title='bbox 1668 1095 1771 1132; x_wconf 91' lang='lat' dir='ltr'><strong>non</strong></span> <span class='ocrx_word' id='word_1_73' title='bbox 1794 1080 1891 1133; x_wconf 85' lang='lat' dir='ltr'><strong>Li-</strong></span> 
     </span>
    </p>
   </div>
   <div class='ocr_carea' id='block_1_12' title="bbox 311 1167 1893 1239">
    <p class='ocr_par' dir='ltr' id='par_1_12' title="bbox 311 1167 1893 1239">
     <span class='ocr_line' id='line_1_12' title="bbox 311 1167 1893 1239; baseline 0.001 -18"><span class='ocrx_word' id='word_1_74' title='bbox 311 1169 493 1237; x_wconf 70' lang='lat' dir='ltr'><strong>byssa!</strong></span> <span class='ocrx_word' id='word_1_75' title='bbox 511 1167 765 1236; x_wconf 86' lang='lat' dir='ltr'><strong>reliquias</strong></span> <span class='ocrx_word' id='word_1_76' title='bbox 777 1168 1035 1233; x_wconf 85' lang='lat' dir='ltr'><strong>arbitror,</strong></span> <span class='ocrx_word' id='word_1_77' title='bbox 1051 1168 1144 1223; x_wconf 81' lang='lat' dir='ltr'><strong>sed</strong></span> <span class='ocrx_word' id='word_1_78' title='bbox 1158 1168 1364 1222; x_wconf 85' lang='lat' dir='ltr'><strong>Astaci.</strong></span> <span class='ocrx_word' id='word_1_79' title='bbox 1386 1169 1517 1223; x_wconf 74' lang='lat' dir='ltr'><strong>Nam</strong></span> <span class='ocrx_word' id='word_1_80' title='bbox 1534 1168 1757 1239; x_wconf 81' lang='lat' dir='ltr'><strong>Libyssa</strong></span> <span class='ocrx_word' id='word_1_81' title='bbox 1775 1172 1893 1222; x_wconf 89' lang='lat' dir='ltr'><strong>lon-</strong></span> 
     </span>
    </p>
   </div>
   <div class='ocr_carea' id='block_1_13' title="bbox 312 1259 1888 1331">
    <p class='ocr_par' dir='ltr' id='par_1_13' title="bbox 312 1259 1888 1331">
     <span class='ocr_line' id='line_1_13' title="bbox 312 1259 1888 1331; baseline 0.004 -20"><span class='ocrx_word' id='word_1_82' title='bbox 312 1262 481 1329; x_wconf 76' lang='lat' dir='ltr'><strong>giusa</strong></span> <span class='ocrx_word' id='word_1_83' title='bbox 501 1261 622 1313; x_wconf 71' lang='lat' dir='ltr'><strong>sinu</strong></span> <span class='ocrx_word' id='word_1_84' title='bbox 644 1270 846 1312; x_wconf 84' lang='lat' dir='ltr'><strong>remota</strong></span> <span class='ocrx_word' id='word_1_85' title='bbox 864 1271 968 1320; x_wconf 88' lang='lat' dir='ltr'><strong>est,</strong></span> <span class='ocrx_word' id='word_1_86' title='bbox 985 1275 1175 1314; x_wconf 85' lang='lat' dir='ltr'><strong>versus</strong></span> <span class='ocrx_word' id='word_1_87' title='bbox 1191 1259 1456 1331; x_wconf 74' lang='lat' dir='ltr'><strong>Bithyniae</strong></span> <span class='ocrx_word' id='word_1_88' title='bbox 1473 1263 1888 1328; x_wconf 84' lang='lat' dir='ltr'><strong>mediterranea,</strong></span> 
     </span>
    </p>
   </div>
   <div class='ocr_carea' id='block_1_14' title="bbox 312 1347 1892 1419">
    <p class='ocr_par' dir='ltr' id='par_1_14' title="bbox 312 1347 1892 1419">
     <span class='ocr_line' id='line_1_14' title="bbox 312 1347 1892 1419; baseline 0.003 -17"><span class='ocrx_word' id='word_1_89' title='bbox 312 1359 368 1403; x_wconf 82' lang='lat' dir='ltr'><strong>ct</strong></span> <span class='ocrx_word' id='word_1_90' title='bbox 393 1349 583 1401; x_wconf 84' lang='lat' dir='ltr'><strong>urbem</strong></span> <span class='ocrx_word' id='word_1_91' title='bbox 629 1347 901 1402; x_wconf 67' lang='lat' dir='ltr'><strong>Nicaeam:</strong></span> <span class='ocrx_word' id='word_1_92' title='bbox 948 1347 1221 1418; x_wconf 89' lang='lat' dir='ltr'><strong>hodieque</strong></span> <span class='ocrx_word' id='word_1_93' title='bbox 1256 1350 1533 1403; x_wconf 74' lang='lat' dir='ltr'><strong>vocabulo</strong></span> <span class='ocrx_word' id='word_1_94' title='bbox 1565 1351 1787 1419; x_wconf 86' lang='lat' dir='ltr'><strong>propius</strong></span> <span class='ocrx_word' id='word_1_95' title='bbox 1824 1352 1892 1406; x_wconf 91' lang='lat' dir='ltr'><strong>ad</strong></span> 
     </span>
    </p>
   </div>
   <div class='ocr_carea' id='block_1_15' title="bbox 313 1438 1896 1509">
    <p class='ocr_par' dir='ltr' id='par_1_15' title="bbox 313 1438 1896 1509">
     <span class='ocr_line' id='line_1_15' title="bbox 313 1438 1896 1509; baseline 0.001 -14"><span class='ocrx_word' id='word_1_96' title='bbox 313 1438 603 1509; x_wconf 83' lang='lat' dir='ltr'><strong>Libyssam</strong></span> <span class='ocrx_word' id='word_1_97' title='bbox 638 1441 951 1505; x_wconf 87' lang='lat' dir='ltr'><strong>accedente,</strong></span> <span class='ocrx_word' id='word_1_98' title='bbox 986 1440 1199 1496; x_wconf 68' lang='lat' dir='ltr'><strong>chusa</strong></span> <span class='ocrx_word' id='word_1_99' title='bbox 1223 1442 1441 1496; x_wconf 89' lang='lat' dir='ltr'><strong>dicitur.</strong></span> <span class='ocrx_word' id='word_1_100' title='bbox 1475 1444 1738 1498; x_wconf 81' lang='lat' dir='ltr'><strong>Astacum</strong></span> <span class='ocrx_word' id='word_1_101' title='bbox 1765 1457 1896 1497; x_wconf 87' lang='lat' dir='ltr'><strong>vero</strong></span> 
     </span>
    </p>
   </div>
   <div class='ocr_carea' id='block_1_16' title="bbox 316 1532 1891 1604">
    <p class='ocr_par' dir='ltr' id='par_1_16' title="bbox 316 1532 1891 1604">
     <span class='ocr_line' id='line_1_16' title="bbox 316 1532 1891 1604; baseline 0.004 -21"><span class='ocrx_word' id='word_1_102' title='bbox 316 1540 607 1600; x_wconf 83' lang='lat' dir='ltr'><strong>prepterea</strong></span> <span class='ocrx_word' id='word_1_103' title='bbox 638 1540 771 1602; x_wconf 90' lang='lat' dir='ltr'><strong>puto</strong></span> <span class='ocrx_word' id='word_1_104' title='bbox 801 1548 946 1587; x_wconf 89' lang='lat' dir='ltr'><strong>nunc</strong></span> <span class='ocrx_word' id='word_1_105' title='bbox 1001 1548 1125 1587; x_wconf 87' lang='lat' dir='ltr'><strong>esse</strong></span> <span class='ocrx_word' id='word_1_106' title='bbox 1160 1532 1441 1597; x_wconf 81' lang='lat' dir='ltr'><strong>Geivisen,</strong></span> <span class='ocrx_word' id='word_1_107' title='bbox 1481 1536 1627 1604; x_wconf 89' lang='lat' dir='ltr'><strong>quod</strong></span> <span class='ocrx_word' id='word_1_108' title='bbox 1694 1535 1782 1589; x_wconf 90' lang='lat' dir='ltr'><strong>hic</strong></span> <span class='ocrx_word' id='word_1_109' title='bbox 1835 1535 1891 1590; x_wconf 91' lang='lat' dir='ltr'><strong>in</strong></span> 
     </span>
    </p>
   </div>
   <div class='ocr_carea' id='block_1_17' title="bbox 315 1624 1895 1698">
    <p class='ocr_par' dir='ltr' id='par_1_17' title="bbox 315 1624 1895 1698">
     <span class='ocr_line' id='line_1_17' title="bbox 315 1624 1895 1698; baseline 0.004 -21"><span class='ocrx_word' id='word_1_110' title='bbox 315 1624 751 1679; x_wconf 76' lang='lat' dir='ltr'><strong>ammnissimum</strong></span> <span class='ocrx_word' id='word_1_111' title='bbox 774 1626 922 1681; x_wconf 88' lang='lat' dir='ltr'><strong>illum</strong></span> <span class='ocrx_word' id='word_1_112' title='bbox 944 1626 1112 1680; x_wconf 88' lang='lat' dir='ltr'><strong>maris</strong></span> <span class='ocrx_word' id='word_1_113' title='bbox 1138 1625 1316 1681; x_wconf 79' lang='lat' dir='ltr'><strong>sinum</strong></span> <span class='ocrx_word' id='word_1_114' title='bbox 1338 1637 1665 1698; x_wconf 88' lang='lat' dir='ltr'><strong>prospectus</strong></span> <span class='ocrx_word' id='word_1_115' title='bbox 1690 1636 1895 1698; x_wconf 84' lang='lat' dir='ltr'><strong>pateat,</strong></span> 
     </span>
    </p>
   </div>
   <div class='ocr_carea' id='block_1_18' title="bbox 314 1718 1951 1789">
    <p class='ocr_par' dir='ltr' id='par_1_18' title="bbox 314 1718 1951 1789">
     <span class='ocr_line' id='line_1_18' title="bbox 314 1718 1951 1789; baseline 0.005 -20"><span class='ocrx_word' id='word_1_116' title='bbox 314 1732 479 1785; x_wconf 85' lang='lat' dir='ltr'><strong>quem</strong></span> <span class='ocrx_word' id='word_1_117' title='bbox 518 1718 587 1772; x_wconf 89' lang='lat' dir='ltr'><strong>ab</strong></span> <span class='ocrx_word' id='word_1_118' title='bbox 608 1719 824 1781; x_wconf 71' lang='lat' dir='ltr'><strong>Astaco,</strong></span> <span class='ocrx_word' id='word_1_119' title='bbox 856 1721 1134 1789; x_wconf 83' lang='lat' dir='ltr'><strong>quondam</strong></span> <span class='ocrx_word' id='word_1_120' title='bbox 1169 1721 1273 1775; x_wconf 83' lang='lat' dir='ltr'><strong>hoc</strong></span> <span class='ocrx_word' id='word_1_121' title='bbox 1299 1722 1420 1777; x_wconf 88' lang='lat' dir='ltr'><strong>loco</strong></span> <span class='ocrx_word' id='word_1_122' title='bbox 1494 1722 1620 1786; x_wconf 84' lang='lat' dir='ltr'><strong>sita,</strong></span> <span class='ocrx_word' id='word_1_123' title='bbox 1682 1730 1893 1777; x_wconf 84' lang='lat' dir='ltr'><strong>veteres</strong></span> <span class='ocrx_word' id='word_1_124' title='bbox 1930 1750 1951 1789; x_wconf 32' lang='lat'><strong>,*</strong></span> 
     </span>
    </p>
   </div>
   <div class='ocr_carea' id='block_1_19' title="bbox 314 1812 1895 1885">
    <p class='ocr_par' dir='ltr' id='par_1_19' title="bbox 314 1812 1895 1885">
     <span class='ocr_line' id='line_1_19' title="bbox 314 1812 1895 1885; baseline 0.003 -20"><span class='ocrx_word' id='word_1_125' title='bbox 314 1812 1077 1880; x_wconf 79' lang='lat' dir='ltr'><strong>appellaveruntAstacenum</strong></span> <span class='ocrx_word' id='word_1_126' title='bbox 1112 1835 1126 1871; x_wconf 90' lang='lat'>:</span> <span class='ocrx_word' id='word_1_127' title='bbox 1157 1825 1216 1871; x_wconf 87' lang='lat' dir='ltr'><strong>ut</strong></span> <span class='ocrx_word' id='word_1_128' title='bbox 1248 1817 1408 1885; x_wconf 89' lang='lat' dir='ltr'><strong>paulo</strong></span> <span class='ocrx_word' id='word_1_129' title='bbox 1463 1816 1697 1871; x_wconf 73' lang='lat' dir='ltr'><strong>ulterius</strong></span> <span class='ocrx_word' id='word_1_130' title='bbox 1728 1816 1895 1883; x_wconf 88' lang='lat' dir='ltr'><strong>idem,</strong></span> 
     </span>
    </p>
   </div>
   <div class='ocr_carea' id='block_1_20' title="bbox 320 1906 1892 1975">
    <p class='ocr_par' dir='ltr' id='par_1_20' title="bbox 320 1906 1892 1975">
     <span class='ocr_line' id='line_1_20' title="bbox 320 1906 1892 1975; baseline 0.006 -20"><span class='ocrx_word' id='word_1_131' title='bbox 320 1913 530 1958; x_wconf 86' lang='lat' dir='ltr'><strong>mutato</strong></span> <span class='ocrx_word' id='word_1_132' title='bbox 574 1906 814 1975; x_wconf 88' lang='lat' dir='ltr'><strong>nomine,</strong></span> <span class='ocrx_word' id='word_1_133' title='bbox 872 1906 1307 1964; x_wconf 80' lang='lat' dir='ltr'><strong>Nicomediensis</strong></span> <span class='ocrx_word' id='word_1_134' title='bbox 1377 1909 1602 1965; x_wconf 89' lang='lat' dir='ltr'><strong>dicitur.</strong></span> <span class='ocrx_word' id='word_1_135' title='bbox 1653 1912 1892 1965; x_wconf 84' lang='lat' dir='ltr'><strong>Astacus</strong></span> 
     </span>
    </p>
   </div>
   <div class='ocr_carea' id='block_1_21' title="bbox 318 1995 1902 2070">
    <p class='ocr_par' dir='ltr' id='par_1_21' title="bbox 318 1995 1902 2070">
     <span class='ocr_line' id='line_1_21' title="bbox 318 1995 1902 2070; baseline 0.003 -20"><span class='ocrx_word' id='word_1_136' title='bbox 318 1995 907 2064; x_wconf 85' lang='lat' dir='ltr'><strong>ipsa,cumAstaceno</strong></span> <span class='ocrx_word' id='word_1_137' title='bbox 931 2000 1076 2064; x_wconf 89' lang='lat' dir='ltr'><strong>sinu,</strong></span> <span class='ocrx_word' id='word_1_138' title='bbox 1115 2001 1196 2055; x_wconf 91' lang='lat' dir='ltr'><strong>sie</strong></span> <span class='ocrx_word' id='word_1_139' title='bbox 1243 2001 1312 2055; x_wconf 91' lang='lat' dir='ltr'><strong>ab</strong></span> <span class='ocrx_word' id='word_1_140' title='bbox 1373 2012 1681 2056; x_wconf 88' lang='lat' dir='ltr'><strong>astacorum</strong></span> <span class='ocrx_word' id='word_1_141' title='bbox 1720 2001 1902 2070; x_wconf 86' lang='lat' dir='ltr'><strong>copia,</strong></span> 
     </span>
    </p>
   </div>
   <div class='ocr_carea' id='block_1_22' title="bbox 317 2094 1907 2164">
    <p class='ocr_par' dir='ltr' id='par_1_22' title="bbox 317 2094 1907 2164">
     <span class='ocr_line' id='line_1_22' title="bbox 317 2094 1907 2164; baseline 0.004 -21"><span class='ocrx_word' id='word_1_142' title='bbox 317 2105 446 2157; x_wconf 59' lang='lat' dir='ltr'><strong>qua</strong></span> <span class='ocrx_word' id='word_1_143' title='bbox 475 2106 799 2146; x_wconf 79' lang='lat' dir='ltr'><strong>cancrorum</strong></span> <span class='ocrx_word' id='word_1_144' title='bbox 853 2095 1190 2148; x_wconf 90' lang='lat' dir='ltr'><strong>marinorum</strong></span> <span class='ocrx_word' id='word_1_145' title='bbox 1261 2095 1475 2164; x_wconf 87' lang='lat' dir='ltr'><strong>species</strong></span> <span class='ocrx_word' id='word_1_146' title='bbox 1529 2105 1637 2159; x_wconf 91' lang='lat' dir='ltr'><strong>est,</strong></span> <span class='ocrx_word' id='word_1_147' title='bbox 1684 2094 1907 2149; x_wconf 83' lang='lat' dir='ltr'><strong>nomine</strong></span> 
     </span>
    </p>
   </div>
   <div class='ocr_carea' id='block_1_23' title="bbox 320 2182 1905 2256">
    <p class='ocr_par' dir='ltr' id='par_1_23' title="bbox 320 2182 1905 2256">
     <span class='ocr_line' id='line_1_23' title="bbox 320 2182 1905 2256; baseline 0.004 -21"><span class='ocrx_word' id='word_1_148' title='bbox 320 2183 486 2251; x_wconf 78' lang='lat' dir='ltr'><strong>vulgo</strong></span> <span class='ocrx_word' id='word_1_149' title='bbox 509 2182 713 2239; x_wconf 75' lang='lat' dir='ltr'><strong>Graecis</strong></span> <span class='ocrx_word' id='word_1_150' title='bbox 750 2184 1018 2256; x_wconf 88' lang='lat' dir='ltr'><strong>hodieque</strong></span> <span class='ocrx_word' id='word_1_151' title='bbox 1052 2186 1527 2256; x_wconf 89' lang='lat' dir='ltr'><strong>Constantinopoli</strong></span> <span class='ocrx_word' id='word_1_152' title='bbox 1588 2196 1738 2253; x_wconf 89' lang='lat' dir='ltr'><strong>noto,</strong></span> <span class='ocrx_word' id='word_1_153' title='bbox 1770 2187 1905 2243; x_wconf 89' lang='lat' dir='ltr'><strong>mihi</strong></span> 
     </span>
    </p>
   </div>
   <div class='ocr_carea' id='block_1_24' title="bbox 320 2275 1907 2349">
    <p class='ocr_par' dir='ltr' id='par_1_24' title="bbox 320 2275 1907 2349">
     <span class='ocr_line' id='line_1_24' title="bbox 320 2275 1907 2349; baseline 0.004 -21"><span class='ocrx_word' id='word_1_154' title='bbox 320 2275 548 2343; x_wconf 79' lang='lat' dir='ltr'><strong>quidem</strong></span> <span class='ocrx_word' id='word_1_155' title='bbox 584 2277 796 2330; x_wconf 87' lang='lat' dir='ltr'><strong>videtur</strong></span> <span class='ocrx_word' id='word_1_156' title='bbox 830 2278 1121 2347; x_wconf 88' lang='lat' dir='ltr'><strong>appellata.</strong></span> <span class='ocrx_word' id='word_1_157' title='bbox 1157 2278 1289 2345; x_wconf 67' lang='lat' dir='ltr'><strong>Quae</strong></span> <span class='ocrx_word' id='word_1_158' title='bbox 1320 2278 1482 2348; x_wconf 90' lang='lat' dir='ltr'><strong>paulo</strong></span> <span class='ocrx_word' id='word_1_159' title='bbox 1512 2288 1631 2349; x_wconf 90' lang='lat' dir='ltr'><strong>post</strong></span> <span class='ocrx_word' id='word_1_160' title='bbox 1653 2282 1907 2334; x_wconf 90' lang='lat' dir='ltr'><strong>nomina-</strong></span> 
     </span>
    </p>
   </div>
   <div class='ocr_carea' id='block_1_25' title="bbox 324 2366 1909 2441">
    <p class='ocr_par' dir='ltr' id='par_1_25' title="bbox 324 2366 1909 2441">
     <span class='ocr_line' id='line_1_25' title="bbox 324 2366 1909 2441; baseline 0.005 -24"><span class='ocrx_word' id='word_1_161' title='bbox 324 2376 417 2420; x_wconf 85' lang='lat' dir='ltr'><strong>tur</strong></span> <span class='ocrx_word' id='word_1_162' title='bbox 454 2366 668 2429; x_wconf 85' lang='lat' dir='ltr'><strong>lntzua,</strong></span> <span class='ocrx_word' id='word_1_163' title='bbox 697 2384 867 2437; x_wconf 90' lang='lat' dir='ltr'><strong>pagus</strong></span> <span class='ocrx_word' id='word_1_164' title='bbox 895 2380 990 2423; x_wconf 87' lang='lat' dir='ltr'><strong>aut</strong></span> <span class='ocrx_word' id='word_1_165' title='bbox 1015 2370 1169 2424; x_wconf 89' lang='lat' dir='ltr'><strong>vicus</strong></span> <span class='ocrx_word' id='word_1_166' title='bbox 1197 2381 1282 2424; x_wconf 90' lang='lat' dir='ltr'><strong>est</strong></span> <span class='ocrx_word' id='word_1_167' title='bbox 1312 2369 1589 2441; x_wconf 76' lang='lat' dir='ltr'><strong>ignobilis,</strong></span> <span class='ocrx_word' id='word_1_168' title='bbox 1609 2371 1754 2425; x_wconf 90' lang='lat' dir='ltr'><strong>haud</strong></span> <span class='ocrx_word' id='word_1_169' title='bbox 1784 2386 1909 2440; x_wconf 88' lang='lat' dir='ltr'><strong>pro-</strong></span> 
     </span>
    </p>
   </div>
   <div class='ocr_carea' id='block_1_26' title="bbox 322 2458 1907 2534">
    <p class='ocr_par' dir='ltr' id='par_1_26' title="bbox 322 2458 1907 2534">
     <span class='ocr_line' id='line_1_26' title="bbox 322 2458 1907 2534; baseline 0.004 -22"><span class='ocrx_word' id='word_1_170' title='bbox 322 2458 411 2512; x_wconf 91' lang='lat' dir='ltr'><strong>cul</strong></span> <span class='ocrx_word' id='word_1_171' title='bbox 452 2474 483 2512; x_wconf 88' lang='lat' dir='ltr'><strong>a</strong></span> <span class='ocrx_word' id='word_1_172' title='bbox 514 2458 753 2514; x_wconf 88' lang='lat' dir='ltr'><strong>Tzurulo</strong></span> <span class='ocrx_word' id='word_1_173' title='bbox 780 2461 923 2516; x_wconf 85' lang='lat' dir='ltr'><strong>situs</strong></span> <span class='ocrx_word' id='word_1_174' title='bbox 954 2462 1007 2515; x_wconf 90' lang='lat' dir='ltr'><strong>in</strong></span> <span class='ocrx_word' id='word_1_175' title='bbox 1050 2463 1269 2528; x_wconf 88' lang='lat' dir='ltr'><strong>itinere,</strong></span> <span class='ocrx_word' id='word_1_176' title='bbox 1304 2478 1413 2532; x_wconf 91' lang='lat' dir='ltr'><strong>quo</strong></span> <span class='ocrx_word' id='word_1_177' title='bbox 1434 2462 1907 2534; x_wconf 82' lang='lat' dir='ltr'><strong>Constantinopoli</strong></span> 
     </span>
    </p>
   </div>
   <div class='ocr_carea' id='block_1_27' title="bbox 324 2549 1915 2627">
    <p class='ocr_par' dir='ltr' id='par_1_27' title="bbox 324 2549 1915 2627">
     <span class='ocr_line' id='line_1_27' title="bbox 324 2549 1915 2627; baseline 0.004 -22"><span class='ocrx_word' id='word_1_178' title='bbox 324 2549 633 2621; x_wconf 79' lang='lat' dir='ltr'><strong>Selybriam</strong></span> <span class='ocrx_word' id='word_1_179' title='bbox 689 2562 743 2607; x_wconf 89' lang='lat' dir='ltr'><strong>et</strong></span> <span class='ocrx_word' id='word_1_180' title='bbox 806 2554 1034 2609; x_wconf 87' lang='lat' dir='ltr'><strong>ulterius</strong></span> <span class='ocrx_word' id='word_1_181' title='bbox 1090 2553 1535 2624; x_wconf 85' lang='lat' dir='ltr'><strong>Hadrianopolim</strong></span> <span class='ocrx_word' id='word_1_182' title='bbox 1583 2557 1716 2611; x_wconf 90' lang='lat' dir='ltr'><strong>itur.</strong></span> <span class='ocrx_word' id='word_1_183' title='bbox 1778 2556 1915 2627; x_wconf 82' lang='lat' dir='ltr'><strong>Ejus</strong></span> 
     </span>
    </p>
   </div>
   <div class='ocr_carea' id='block_1_28' title="bbox 324 2642 1910 2715">
    <p class='ocr_par' dir='ltr' id='par_1_28' title="bbox 324 2642 1910 2715">
     <span class='ocr_line' id='line_1_28' title="bbox 324 2642 1910 2715; baseline 0.003 -19"><span class='ocrx_word' id='word_1_184' title='bbox 324 2642 589 2713; x_wconf 84' lang='lat' dir='ltr'><strong>deinceps</strong></span> <span class='ocrx_word' id='word_1_185' title='bbox 609 2657 828 2713; x_wconf 87' lang='lat' dir='ltr'><strong>quoque</strong></span> <span class='ocrx_word' id='word_1_186' title='bbox 851 2645 910 2699; x_wconf 86' lang='lat' dir='ltr'><strong>lit</strong></span> <span class='ocrx_word' id='word_1_187' title='bbox 938 2645 1141 2701; x_wconf 84' lang='lat' dir='ltr'><strong>mentio</strong></span> <span class='ocrx_word' id='word_1_188' title='bbox 1159 2645 1213 2700; x_wconf 91' lang='lat' dir='ltr'><strong>in</strong></span> <span class='ocrx_word' id='word_1_189' title='bbox 1236 2656 1483 2700; x_wconf 80' lang='lat' dir='ltr'><strong>extremo</strong></span> <span class='ocrx_word' id='word_1_190' title='bbox 1512 2645 1714 2701; x_wconf 86' lang='lat' dir='ltr'><strong>Sclime</strong></span> <span class='ocrx_word' id='word_1_191' title='bbox 1741 2645 1782 2707; x_wconf 89' lang='lat' dir='ltr'><strong>l,</strong></span> <span class='ocrx_word' id='word_1_192' title='bbox 1815 2645 1910 2715; x_wconf 87' lang='lat' dir='ltr'><strong>qui</strong></span> 
     </span>
    </p>
   </div>
   <div class='ocr_carea' id='block_1_29' title="bbox 326 2736 1909 2810">
    <p class='ocr_par' dir='ltr' id='par_1_29' title="bbox 326 2736 1909 2810">
     <span class='ocr_line' id='line_1_29' title="bbox 326 2736 1909 2810; baseline 0.003 -19"><span class='ocrx_word' id='word_1_193' title='bbox 326 2736 748 2806; x_wconf 83' lang='lat' dir='ltr'><strong>correptusistic</strong></span> <span class='ocrx_word' id='word_1_194' title='bbox 760 2737 1028 2808; x_wconf 80' lang='lat' dir='ltr'><strong>pestilenti</strong></span> <span class='ocrx_word' id='word_1_195' title='bbox 1051 2738 1244 2793; x_wconf 87' lang='lat' dir='ltr'><strong>morbo</strong></span> <span class='ocrx_word' id='word_1_196' title='bbox 1266 2738 1385 2802; x_wconf 88' lang='lat' dir='ltr'><strong>fuit,</strong></span> <span class='ocrx_word' id='word_1_197' title='bbox 1404 2754 1513 2808; x_wconf 90' lang='lat' dir='ltr'><strong>quo</strong></span> <span class='ocrx_word' id='word_1_198' title='bbox 1529 2739 1644 2794; x_wconf 91' lang='lat' dir='ltr'><strong>subi</strong></span> <span class='ocrx_word' id='word_1_199' title='bbox 1656 2748 1709 2793; x_wconf 91' lang='lat' dir='ltr'><strong>to</strong></span> <span class='ocrx_word' id='word_1_200' title='bbox 1728 2738 1909 2810; x_wconf 83' lang='lat' dir='ltr'><strong>periit.</strong></span> 
     </span>
    </p>
   </div>
   <div class='ocr_carea' id='block_1_30' title="bbox 792 2826 1483 2882">
    <p class='ocr_par' dir='ltr' id='par_1_30' title="bbox 792 2826 1483 2882">
     <span class='ocr_line' id='line_1_30' title="bbox 792 2826 1483 2882; baseline 0.004 -3"><span class='ocrx_word' id='word_1_201' title='bbox 792 2827 882 2882; x_wconf 86' lang='lat'><strong>75.</strong></span> <span class='ocrx_word' id='word_1_202' title='bbox 909 2826 1105 2881; x_wconf 73' lang='lat' dir='ltr'><strong>Akenzi</strong></span> <span class='ocrx_word' id='word_1_203' title='bbox 1135 2829 1212 2881; x_wconf 78' lang='lat' dir='ltr'><strong>vel</strong></span> <span class='ocrx_word' id='word_1_204' title='bbox 1247 2828 1483 2882; x_wconf 72' lang='lat' dir='ltr'><strong>Acanzii.</strong></span> 
     </span>
    </p>
   </div>
   <div class='ocr_carea' id='block_1_31' title="bbox 407 2918 1913 2990">
    <p class='ocr_par' dir='ltr' id='par_1_31' title="bbox 407 2918 1913 2990">
     <span class='ocr_line' id='line_1_31' title="bbox 407 2918 1913 2990; baseline 0.001 -17"><span class='ocrx_word' id='word_1_205' title='bbox 407 2919 540 2974; x_wconf 89' lang='lat' dir='ltr'><strong>Sine</strong></span> <span class='ocrx_word' id='word_1_206' title='bbox 572 2918 840 2989; x_wconf 90' lang='lat' dir='ltr'><strong>stipendio</strong></span> <span class='ocrx_word' id='word_1_207' title='bbox 878 2920 1117 2975; x_wconf 83' lang='lat' dir='ltr'><strong>militant</strong></span> <span class='ocrx_word' id='word_1_208' title='bbox 1150 2921 1294 2990; x_wconf 85' lang='lat' dir='ltr'><strong>apud</strong></span> <span class='ocrx_word' id='word_1_209' title='bbox 1318 2919 1527 2974; x_wconf 86' lang='lat' dir='ltr'><strong>Turcos</strong></span> <span class='ocrx_word' id='word_1_210' title='bbox 1563 2919 1794 2984; x_wconf 79' lang='lat' dir='ltr'><strong>Akenzi,</strong></span> <span class='ocrx_word' id='word_1_211' title='bbox 1821 2937 1913 2975; x_wconf 93' lang='lat' dir='ltr'><strong>ru-</strong></span> 
     </span>
    </p>
   </div>
   <div class='ocr_carea' id='block_1_32' title="bbox 330 3011 1917 3083">
    <p class='ocr_par' dir='ltr' id='par_1_32' title="bbox 330 3011 1917 3083">
     <span class='ocr_line' id='line_1_32' title="bbox 330 3011 1917 3083; baseline -0.004 -10"><span class='ocrx_word' id='word_1_212' title='bbox 330 3015 528 3073; x_wconf 76' lang='lat' dir='ltr'><strong>sticum</strong></span> <span class='ocrx_word' id='word_1_213' title='bbox 558 3028 730 3083; x_wconf 88' lang='lat' dir='ltr'><strong>genus</strong></span> <span class='ocrx_word' id='word_1_214' title='bbox 754 3012 1062 3077; x_wconf 87' lang='lat' dir='ltr'><strong>hominum,</strong></span> <span class='ocrx_word' id='word_1_215' title='bbox 1119 3014 1260 3068; x_wconf 87' lang='lat' dir='ltr'><strong>sicut</strong></span> <span class='ocrx_word' id='word_1_216' title='bbox 1305 3014 1447 3082; x_wconf 87' lang='lat' dir='ltr'><strong>apud</strong></span> <span class='ocrx_word' id='word_1_217' title='bbox 1492 3011 1740 3083; x_wconf 86' lang='lat' dir='ltr'><strong>Ungaros</strong></span> <span class='ocrx_word' id='word_1_218' title='bbox 1783 3013 1917 3067; x_wconf 72' lang='lat' dir='ltr'><strong>[lai-</strong></span> 
     </span>
    </p>
   </div>
   <div class='ocr_carea' id='block_1_33' title="bbox 1988 519 3568 598">
    <p class='ocr_par' dir='ltr' id='par_1_33' title="bbox 1988 519 3568 598">
     <span class='ocr_line' id='line_1_33' title="bbox 1988 519 3568 598; baseline -0.006 -16"><span class='ocrx_word' id='word_1_219' title='bbox 1988 530 2349 598; x_wconf 78' lang='lat' dir='ltr'><strong>geographica</strong></span> <span class='ocrx_word' id='word_1_220' title='bbox 2374 528 2657 598; x_wconf 71' lang='lat' dir='ltr'><strong>Yersageli</strong></span> <span class='ocrx_word' id='word_1_221' title='bbox 2694 526 2979 583; x_wconf 87' lang='lat' dir='ltr'><strong>scribitur.</strong></span> <span class='ocrx_word' id='word_1_222' title='bbox 3051 521 3233 577; x_wconf 74' lang='lat' dir='ltr'><strong>(Ioniae</strong></span> <span class='ocrx_word' id='word_1_223' title='bbox 3288 519 3568 588; x_wconf 78' lang='lat' dir='ltr'><strong>princeps,</strong></span> 
     </span>
    </p>
   </div>
   <div class='ocr_carea' id='block_1_34' title="bbox 1987 609 3573 689">
    <p class='ocr_par' dir='ltr' id='par_1_34' title="bbox 1987 609 3573 689">
     <span class='ocr_line' id='line_1_34' title="bbox 1987 609 3573 689; baseline -0.009 -13"><span class='ocrx_word' id='word_1_224' title='bbox 1987 621 2101 676; x_wconf 84' lang='lat' dir='ltr'><strong>sive</strong></span> <span class='ocrx_word' id='word_1_225' title='bbox 2128 622 2299 689; x_wconf 86' lang='lat' dir='ltr'><strong>begus</strong></span> <span class='ocrx_word' id='word_1_226' title='bbox 2329 620 2519 686; x_wconf 89' lang='lat' dir='ltr'><strong>lconii,</strong></span> <span class='ocrx_word' id='word_1_227' title='bbox 2553 618 2892 674; x_wconf 71' lang='lat' dir='ltr'><strong>Caramania:</strong></span> <span class='ocrx_word' id='word_1_228' title='bbox 2919 616 3170 685; x_wconf 86' lang='lat' dir='ltr'><strong>princeps</strong></span> <span class='ocrx_word' id='word_1_229' title='bbox 3237 612 3459 672; x_wconf 89' lang='lat' dir='ltr'><strong>dicitur,</strong></span> <span class='ocrx_word' id='word_1_230' title='bbox 3506 609 3573 662; x_wconf 89' lang='lat' dir='ltr'><strong>ah</strong></span> 
     </span>
    </p>
   </div>
   <div class='ocr_carea' id='block_1_35' title="bbox 1989 700 3577 785">
    <p class='ocr_par' dir='ltr' id='par_1_35' title="bbox 1989 700 3577 785">
     <span class='ocr_line' id='line_1_35' title="bbox 1989 700 3577 785; baseline -0.011 -14"><span class='ocrx_word' id='word_1_231' title='bbox 1989 717 2109 771; x_wconf 86' lang='lat' dir='ltr'><strong>aula</strong></span> <span class='ocrx_word' id='word_1_232' title='bbox 2140 717 2257 769; x_wconf 86' lang='lat' dir='ltr'><strong>sive</strong></span> <span class='ocrx_word' id='word_1_233' title='bbox 2286 715 2433 785; x_wconf 88' lang='lat' dir='ltr'><strong>regia</strong></span> <span class='ocrx_word' id='word_1_234' title='bbox 2464 712 2763 768; x_wconf 75' lang='lat' dir='ltr'><strong>lconiensi.</strong></span> <span class='ocrx_word' id='word_1_235' title='bbox 2798 711 2861 765; x_wconf 81' lang='lat' dir='ltr'><strong>Et</strong></span> <span class='ocrx_word' id='word_1_236' title='bbox 2894 710 3037 767; x_wconf 91' lang='lat' dir='ltr'><strong>bello</strong></span> <span class='ocrx_word' id='word_1_237' title='bbox 3101 704 3252 777; x_wconf 85' lang='lat' dir='ltr'><strong>petiit</strong></span> <span class='ocrx_word' id='word_1_238' title='bbox 3284 704 3430 758; x_wconf 92' lang='lat' dir='ltr'><strong>hunc</strong></span> <span class='ocrx_word' id='word_1_239' title='bbox 3461 700 3577 756; x_wconf 79' lang='lat' dir='ltr'><strong>Mn-</strong></span> 
     </span>
    </p>
   </div>
   <div class='ocr_carea' id='block_1_36' title="bbox 1989 794 3577 879">
    <p class='ocr_par' dir='ltr' id='par_1_36' title="bbox 1989 794 3577 879">
     <span class='ocr_line' id='line_1_36' title="bbox 1989 794 3577 879; baseline -0.012 -14"><span class='ocrx_word' id='word_1_240' title='bbox 1989 810 2264 865; x_wconf 85' lang='lat' dir='ltr'><strong>chemctes</strong></span> <span class='ocrx_word' id='word_1_241' title='bbox 2322 817 2548 879; x_wconf 85' lang='lat' dir='ltr'><strong>prepter</strong></span> <span class='ocrx_word' id='word_1_242' title='bbox 2603 808 2924 861; x_wconf 85' lang='lat' dir='ltr'><strong>societatem</strong></span> <span class='ocrx_word' id='word_1_243' title='bbox 2976 816 3100 857; x_wconf 91' lang='lat' dir='ltr'><strong>cum</strong></span> <span class='ocrx_word' id='word_1_244' title='bbox 3162 799 3363 852; x_wconf 81' lang='lat' dir='ltr'><strong>Musa:</strong></span> <span class='ocrx_word' id='word_1_245' title='bbox 3418 794 3577 861; x_wconf 87' lang='lat' dir='ltr'><strong>cujus</strong></span> 
     </span>
    </p>
   </div>
   <div class='ocr_carea' id='block_1_37' title="bbox 1990 884 3577 971">
    <p class='ocr_par' dir='ltr' id='par_1_37' title="bbox 1990 884 3577 971">
     <span class='ocr_line' id='line_1_37' title="bbox 1990 884 3577 971; baseline -0.013 -17"><span class='ocrx_word' id='word_1_246' title='bbox 1990 900 2282 971; x_wconf 71' lang='lat' dir='ltr'><strong>adiuvandi</strong></span> <span class='ocrx_word' id='word_1_247' title='bbox 2305 914 2470 953; x_wconf 85' lang='lat' dir='ltr'><strong>causa</strong></span> <span class='ocrx_word' id='word_1_248' title='bbox 2507 896 2735 952; x_wconf 88' lang='lat' dir='ltr'><strong>Prnsam</strong></span> <span class='ocrx_word' id='word_1_249' title='bbox 2753 887 3414 952; x_wconf 89' lang='lat' dir='ltr'><strong>Caramanusobsederat,</strong></span> <span class='ocrx_word' id='word_1_250' title='bbox 3447 884 3577 937; x_wconf 87' lang='lat' dir='ltr'><strong>dum</strong></span> 
     </span>
    </p>
   </div>
   <div class='ocr_carea' id='block_1_38' title="bbox 1992 976 3576 1057">
    <p class='ocr_par' dir='ltr' id='par_1_38' title="bbox 1992 976 3576 1057">
     <span class='ocr_line' id='line_1_38' title="bbox 1992 976 3576 1057; baseline -0.011 -12"><span class='ocrx_word' id='word_1_251' title='bbox 1992 990 2363 1045; x_wconf 78' lang='lat' dir='ltr'><strong>Mucbemetes</strong></span> <span class='ocrx_word' id='word_1_252' title='bbox 2393 991 2617 1054; x_wconf 87' lang='lat' dir='ltr'><strong>absens,</strong></span> <span class='ocrx_word' id='word_1_253' title='bbox 2652 988 2705 1044; x_wconf 92' lang='lat' dir='ltr'><strong>in</strong></span> <span class='ocrx_word' id='word_1_254' title='bbox 2737 988 2958 1057; x_wconf 82' lang='lat' dir='ltr'><strong>Europa</strong></span> <span class='ocrx_word' id='word_1_255' title='bbox 3012 999 3127 1039; x_wconf 90' lang='lat' dir='ltr'><strong>rem</strong></span> <span class='ocrx_word' id='word_1_256' title='bbox 3144 990 3336 1037; x_wconf 87' lang='lat' dir='ltr'><strong>contra</strong></span> <span class='ocrx_word' id='word_1_257' title='bbox 3397 976 3576 1044; x_wconf 87' lang='lat' dir='ltr'><strong>ipsum</strong></span> 
     </span>
    </p>
   </div>
   <div class='ocr_carea' id='block_1_39' title="bbox 1994 1081 2733 1147">
    <p class='ocr_par' dir='ltr' id='par_1_39' title="bbox 1994 1081 2733 1147">
     <span class='ocr_line' id='line_1_39' title="bbox 1994 1081 2733 1147; baseline -0.004 -10"><span class='ocrx_word' id='word_1_258' title='bbox 1994 1083 2212 1137; x_wconf 79' lang='lat' dir='ltr'><strong>Musam</strong></span> <span class='ocrx_word' id='word_1_259' title='bbox 2245 1081 2467 1136; x_wconf 79' lang='lat' dir='ltr'><strong>fratrem</strong></span> <span class='ocrx_word' id='word_1_260' title='bbox 2499 1089 2733 1147; x_wconf 79' lang='lat' dir='ltr'><strong>gereret.</strong></span> 
     </span>
    </p>
   </div>
   <div class='ocr_carea' id='block_1_40' title="bbox 2404 1165 3114 1236">
    <p class='ocr_par' dir='ltr' id='par_1_40' title="bbox 2404 1165 3114 1236">
     <span class='ocr_line' id='line_1_40' title="bbox 2404 1165 3114 1236; baseline -0.008 -13"><span class='ocrx_word' id='word_1_261' title='bbox 2404 1169 2498 1225; x_wconf 82' lang='lat'><strong>78.</strong></span> <span class='ocrx_word' id='word_1_262' title='bbox 2527 1168 2798 1223; x_wconf 55' lang='lat' dir='ltr'><strong>Samson“</strong></span> <span class='ocrx_word' id='word_1_263' title='bbox 2840 1165 3114 1236; x_wconf 73' lang='lat' dir='ltr'><strong>oppidum.</strong></span> 
     </span>
    </p>
   </div>
   <div class='ocr_carea' id='block_1_41' title="bbox 2066 1254 3581 1331">
    <p class='ocr_par' dir='ltr' id='par_1_41' title="bbox 2066 1254 3581 1331">
     <span class='ocr_line' id='line_1_41' title="bbox 2066 1254 3581 1331; baseline -0.009 -15"><span class='ocrx_word' id='word_1_264' title='bbox 2066 1260 2487 1331; x_wconf 85' lang='lat' dir='ltr'><strong>Hujuscivitatis</strong></span> <span class='ocrx_word' id='word_1_265' title='bbox 2505 1259 2775 1315; x_wconf 89' lang='lat' dir='ltr'><strong>Cedrinus</strong></span> <span class='ocrx_word' id='word_1_266' title='bbox 2792 1266 2845 1312; x_wconf 91' lang='lat' dir='ltr'><strong>et</strong></span> <span class='ocrx_word' id='word_1_267' title='bbox 2862 1259 2951 1311; x_wconf 82' lang='lat' dir='ltr'><strong>alii</strong></span> <span class='ocrx_word' id='word_1_268' title='bbox 2975 1254 3294 1317; x_wconf 87' lang='lat' dir='ltr'><strong>meminere,</strong></span> <span class='ocrx_word' id='word_1_269' title='bbox 3319 1262 3581 1320; x_wconf 82' lang='lat' dir='ltr'><strong>tanquam</strong></span> 
     </span>
    </p>
   </div>
   <div class='ocr_carea' id='block_1_42' title="bbox 1994 1331 3577 1423">
    <p class='ocr_par' dir='ltr' id='par_1_42' title="bbox 1994 1331 3577 1423">
     <span class='ocr_line' id='line_1_42' title="bbox 1994 1331 3577 1423; baseline -0.009 -15"><span class='ocrx_word' id='word_1_270' title='bbox 1994 1354 2059 1409; x_wconf 88' lang='lat' dir='ltr'><strong>in</strong></span> <span class='ocrx_word' id='word_1_271' title='bbox 2079 1352 2256 1408; x_wconf 91' lang='lat' dir='ltr'><strong>Ponto</strong></span> <span class='ocrx_word' id='word_1_272' title='bbox 2287 1331 2742 1423; x_wconf 51' lang='lat' dir='ltr'><strong>provinciasita‘.</strong></span> <span class='ocrx_word' id='word_1_273' title='bbox 2776 1349 2987 1404; x_wconf 65' lang='lat' dir='ltr'><strong>Praetor</strong></span> <span class='ocrx_word' id='word_1_274' title='bbox 3010 1347 3240 1404; x_wconf 67' lang='lat' dir='ltr'><strong>Graeciae</strong></span> <span class='ocrx_word' id='word_1_275' title='bbox 3266 1353 3454 1399; x_wconf 87' lang='lat' dir='ltr'><strong>noster</strong></span> <span class='ocrx_word' id='word_1_276' title='bbox 3480 1342 3577 1402; x_wconf 82' lang='lat' dir='ltr'><strong>ait,</strong></span> 
     </span>
    </p>
   </div>
   <div class='ocr_carea' id='block_1_43' title="bbox 1997 1439 3583 1515">
    <p class='ocr_par' dir='ltr' id='par_1_43' title="bbox 1997 1439 3583 1515">
     <span class='ocr_line' id='line_1_43' title="bbox 1997 1439 3583 1515; baseline -0.008 -16"><span class='ocrx_word' id='word_1_277' title='bbox 1997 1446 2052 1499; x_wconf 91' lang='lat' dir='ltr'><strong>in</strong></span> <span class='ocrx_word' id='word_1_278' title='bbox 2075 1446 2166 1500; x_wconf 86' lang='lat' dir='ltr'><strong>illa</strong></span> <span class='ocrx_word' id='word_1_279' title='bbox 2190 1445 2342 1515; x_wconf 87' lang='lat' dir='ltr'><strong>regni</strong></span> <span class='ocrx_word' id='word_1_280' title='bbox 2374 1445 2456 1499; x_wconf 84' lang='lat' dir='ltr'><strong>vel</strong></span> <span class='ocrx_word' id='word_1_281' title='bbox 2492 1443 2706 1513; x_wconf 88' lang='lat' dir='ltr'><strong>imperii</strong></span> <span class='ocrx_word' id='word_1_282' title='bbox 2759 1441 2934 1498; x_wconf 64' lang='lat' dir='ltr'><strong>Graeci</strong></span> <span class='ocrx_word' id='word_1_283' title='bbox 3001 1439 3348 1503; x_wconf 79' lang='lat' dir='ltr'><strong>confusione,</strong></span> <span class='ocrx_word' id='word_1_284' title='bbox 3374 1451 3496 1505; x_wconf 71' lang='lat' dir='ltr'><strong>quae</strong></span> <span class='ocrx_word' id='word_1_285' title='bbox 3555 1449 3583 1485; x_wconf 89' lang='lat' dir='ltr'><strong>a</strong></span> 
     </span>
    </p>
   </div>
   <div class='ocr_carea' id='block_1_44' title="bbox 1999 1529 3588 1607">
    <p class='ocr_par' dir='ltr' id='par_1_44' title="bbox 1999 1529 3588 1607">
     <span class='ocr_line' id='line_1_44' title="bbox 1999 1529 3588 1607; baseline -0.008 -16"><span class='ocrx_word' id='word_1_286' title='bbox 1999 1536 2415 1607; x_wconf 84' lang='lat' dir='ltr'><strong>Flandriscapta</strong></span> <span class='ocrx_word' id='word_1_287' title='bbox 2436 1534 2910 1602; x_wconf 84' lang='lat' dir='ltr'><strong>Constantinopoli</strong></span> <span class='ocrx_word' id='word_1_288' title='bbox 2928 1533 3161 1597; x_wconf 80' lang='lat' dir='ltr'><strong>exstitit,</strong></span> <span class='ocrx_word' id='word_1_289' title='bbox 3180 1529 3382 1585; x_wconf 89' lang='lat' dir='ltr'><strong>Sabam</strong></span> <span class='ocrx_word' id='word_1_290' title='bbox 3403 1543 3588 1597; x_wconf 82' lang='lat' dir='ltr'><strong>quem-</strong></span> 
     </span>
    </p>
   </div>
   <div class='ocr_carea' id='block_1_45' title="bbox 2000 1623 3583 1698">
    <p class='ocr_par' dir='ltr' id='par_1_45' title="bbox 2000 1623 3583 1698">
     <span class='ocr_line' id='line_1_45' title="bbox 2000 1623 3583 1698; baseline -0.009 -15"><span class='ocrx_word' id='word_1_291' title='bbox 2000 1627 2124 1683; x_wconf 87' lang='lat' dir='ltr'><strong>dam</strong></span> <span class='ocrx_word' id='word_1_292' title='bbox 2152 1643 2251 1698; x_wconf 91' lang='lat' dir='ltr'><strong>pro</strong></span> <span class='ocrx_word' id='word_1_293' title='bbox 2283 1641 2343 1683; x_wconf 80' lang='lat' dir='ltr'><strong>se</strong></span> <span class='ocrx_word' id='word_1_294' title='bbox 2367 1629 2508 1682; x_wconf 88' lang='lat' dir='ltr'><strong>hanc</strong></span> <span class='ocrx_word' id='word_1_295' title='bbox 2536 1626 2726 1681; x_wconf 90' lang='lat' dir='ltr'><strong>urbem</strong></span> <span class='ocrx_word' id='word_1_296' title='bbox 2802 1623 3110 1680; x_wconf 89' lang='lat' dir='ltr'><strong>Samsonis.</strong></span> <span class='ocrx_word' id='word_1_297' title='bbox 3138 1635 3438 1690; x_wconf 80' lang='lat' dir='ltr'><strong>occupasse</strong></span> <span class='ocrx_word' id='word_1_298' title='bbox 3459 1633 3583 1671; x_wconf 84' lang='lat' dir='ltr'><strong>cum</strong></span> 
     </span>
    </p>
   </div>
   <div class='ocr_carea' id='block_1_46' title="bbox 2000 1711 3589 1788">
    <p class='ocr_par' dir='ltr' id='par_1_46' title="bbox 2000 1711 3589 1788">
     <span class='ocr_line' id='line_1_46' title="bbox 2000 1711 3589 1788; baseline -0.008 -14"><span class='ocrx_word' id='word_1_299' title='bbox 2000 1728 2114 1775; x_wconf 85' lang='lat' dir='ltr'><strong>tota</strong></span> <span class='ocrx_word' id='word_1_300' title='bbox 2141 1719 2361 1784; x_wconf 88' lang='lat' dir='ltr'><strong>vicinia,</strong></span> <span class='ocrx_word' id='word_1_301' title='bbox 2398 1720 2485 1774; x_wconf 92' lang='lat' dir='ltr'><strong>cui</strong></span> <span class='ocrx_word' id='word_1_302' title='bbox 2532 1718 2683 1788; x_wconf 85' lang='lat' dir='ltr'><strong>prius</strong></span> <span class='ocrx_word' id='word_1_303' title='bbox 2733 1715 3079 1784; x_wconf 86' lang='lat' dir='ltr'><strong>imperatoris</strong></span> <span class='ocrx_word' id='word_1_304' title='bbox 3124 1713 3298 1769; x_wconf 70' lang='lat' dir='ltr'><strong>Grreoi</strong></span> <span class='ocrx_word' id='word_1_305' title='bbox 3366 1711 3589 1765; x_wconf 87' lang='lat' dir='ltr'><strong>nomine</strong></span> 
     </span>
    </p>
   </div>
   <div class='ocr_carea' id='block_1_47' title="bbox 2004 1804 3589 1883">
    <p class='ocr_par' dir='ltr' id='par_1_47' title="bbox 2004 1804 3589 1883">
     <span class='ocr_line' id='line_1_47' title="bbox 2004 1804 3589 1883; baseline -0.004 -18"><span class='ocrx_word' id='word_1_306' title='bbox 2004 1820 2239 1883; x_wconf 64' lang='lat' dir='ltr'><strong>praeerat</strong></span> <span class='ocrx_word' id='word_1_307' title='bbox 2257 1853 2271 1876; x_wconf 93' lang='lat'><strong>,</strong></span> <span class='ocrx_word' id='word_1_308' title='bbox 2293 1812 2590 1880; x_wconf 84' lang='lat' dir='ltr'><strong>statimque</strong></span> <span class='ocrx_word' id='word_1_309' title='bbox 2620 1809 2842 1879; x_wconf 71' lang='lat' dir='ltr'><strong>SUiljiCil</strong></span> <span class='ocrx_word' id='word_1_310' title='bbox 2878 1809 3211 1863; x_wconf 84' lang='lat' dir='ltr'><strong>mentionem</strong></span> <span class='ocrx_word' id='word_1_311' title='bbox 3234 1804 3589 1875; x_wconf 65' lang='lat' dir='ltr'><strong>Cappadocia:</strong></span> 
     </span>
    </p>
   </div>
   <div class='ocr_carea' id='block_1_48' title="bbox 2005 1896 3591 1974">
    <p class='ocr_par' dir='ltr' id='par_1_48' title="bbox 2005 1896 3591 1974">
     <span class='ocr_line' id='line_1_48' title="bbox 2005 1896 3591 1974; baseline -0.006 -15"><span class='ocrx_word' id='word_1_312' title='bbox 2005 1905 2121 1959; x_wconf 88' lang='lat' dir='ltr'><strong>sive</strong></span> <span class='ocrx_word' id='word_1_313' title='bbox 2149 1901 2709 1974; x_wconf 83' lang='lat' dir='ltr'><strong>rcgniTrapezuntii,</strong></span> <span class='ocrx_word' id='word_1_314' title='bbox 2738 1901 3040 1956; x_wconf 89' lang='lat' dir='ltr'><strong>veluthuic</strong></span> <span class='ocrx_word' id='word_1_315' title='bbox 3087 1899 3279 1965; x_wconf 89' lang='lat' dir='ltr'><strong>vicini,</strong></span> <span class='ocrx_word' id='word_1_316' title='bbox 3336 1896 3481 1968; x_wconf 83' lang='lat' dir='ltr'><strong>quod</strong></span> <span class='ocrx_word' id='word_1_317' title='bbox 3535 1897 3591 1951; x_wconf 91' lang='lat' dir='ltr'><strong>in</strong></span> 
     </span>
    </p>
   </div>
   <div class='ocr_carea' id='block_1_49' title="bbox 2003 1993 3198 2066">
    <p class='ocr_par' dir='ltr' id='par_1_49' title="bbox 2003 1993 3198 2066">
     <span class='ocr_line' id='line_1_49' title="bbox 2003 1993 3198 2066; baseline -0.003 -14"><span class='ocrx_word' id='word_1_318' title='bbox 2003 2005 2273 2066; x_wconf 82' lang='lat' dir='ltr'><strong>potestate</strong></span> <span class='ocrx_word' id='word_1_319' title='bbox 2305 1994 2524 2051; x_wconf 89' lang='lat' dir='ltr'><strong>Davidis</strong></span> <span class='ocrx_word' id='word_1_320' title='bbox 2562 1994 2827 2051; x_wconf 78' lang='lat' dir='ltr'><strong>Cotmieni</strong></span> <span class='ocrx_word' id='word_1_321' title='bbox 2854 2003 2982 2050; x_wconf 89' lang='lat' dir='ltr'><strong>tunc</strong></span> <span class='ocrx_word' id='word_1_322' title='bbox 3013 1993 3198 2048; x_wconf 81' lang='lat' dir='ltr'><strong>fuerit.</strong></span> 
     </span>
    </p>
   </div>
   <div class='ocr_carea' id='block_1_50' title="bbox 2078 2109 3522 2181">
    <p class='ocr_par' dir='ltr' id='par_1_50' title="bbox 2078 2109 3522 2181">
     <span class='ocr_line' id='line_1_50' title="bbox 2078 2109 3522 2181; baseline -0.003 -14"><span class='ocrx_word' id='word_1_323' title='bbox 2078 2116 2169 2171; x_wconf 91' lang='lat'><strong>79.</strong></span> <span class='ocrx_word' id='word_1_324' title='bbox 2206 2114 2491 2181; x_wconf 81' lang='lat' dir='ltr'><strong>Romania,</strong></span> <span class='ocrx_word' id='word_1_325' title='bbox 2549 2112 2796 2175; x_wconf 72' lang='lat' dir='ltr'><strong>Cmmsa,</strong></span> <span class='ocrx_word' id='word_1_326' title='bbox 2831 2113 3072 2167; x_wconf 74' lang='lat' dir='ltr'><strong>Conozus</strong></span> <span class='ocrx_word' id='word_1_327' title='bbox 3095 2150 3111 2177; x_wconf 92' lang='lat'><strong>,</strong></span> <span class='ocrx_word' id='word_1_328' title='bbox 3168 2109 3522 2175; x_wconf 80' lang='lat' dir='ltr'><strong>Tatarbasar,</strong></span> 
     </span>
    </p>
   </div>
   <div class='ocr_carea' id='block_1_51' title="bbox 2664 2184 2935 2253">
    <p class='ocr_par' dir='ltr' id='par_1_51' title="bbox 2664 2184 2935 2253">
     <span class='ocr_line' id='line_1_51' title="bbox 2664 2184 2935 2253; baseline -0.007 -14"><span class='ocrx_word' id='word_1_329' title='bbox 2664 2184 2935 2253; x_wconf 80' lang='lat' dir='ltr'><strong>Tatargoi.</strong></span> 
     </span>
    </p>
   </div>
   <div class='ocr_carea' id='block_1_52' title="bbox 2075 2271 3591 2345">
    <p class='ocr_par' dir='ltr' id='par_1_52' title="bbox 2075 2271 3591 2345">
     <span class='ocr_line' id='line_1_52' title="bbox 2075 2271 3591 2345; baseline -0.007 -8"><span class='ocrx_word' id='word_1_330' title='bbox 2075 2278 2402 2337; x_wconf 82' lang='lat' dir='ltr'><strong>Cum&#39;l‘atari</strong></span> <span class='ocrx_word' id='word_1_331' title='bbox 2434 2279 2696 2334; x_wconf 90' lang='lat' dir='ltr'><strong>dicuntur</strong></span> <span class='ocrx_word' id='word_1_332' title='bbox 2735 2277 2787 2330; x_wconf 95' lang='lat' dir='ltr'><strong>in</strong></span> <span class='ocrx_word' id='word_1_333' title='bbox 2818 2274 3145 2330; x_wconf 79' lang='lat' dir='ltr'><strong>Romaniam</strong></span> <span class='ocrx_word' id='word_1_334' title='bbox 3181 2288 3247 2329; x_wconf 64' lang='lat' dir='ltr'><strong>es</strong></span> <span class='ocrx_word' id='word_1_335' title='bbox 3270 2271 3430 2345; x_wconf 65' lang='grc'><strong>431</strong></span> <span class='ocrx_word' id='word_1_336' title='bbox 3466 2273 3591 2327; x_wconf 85' lang='lat' dir='ltr'><strong>Asia</strong></span> 
     </span>
    </p>
   </div>
   <div class='ocr_carea' id='block_1_53' title="bbox 2009 2365 3594 2443">
    <p class='ocr_par' dir='ltr' id='par_1_53' title="bbox 2009 2365 3594 2443">
     <span class='ocr_line' id='line_1_53' title="bbox 2009 2365 3594 2443; baseline -0.006 -17"><span class='ocrx_word' id='word_1_337' title='bbox 2009 2372 2245 2443; x_wconf 89' lang='lat' dir='ltr'><strong>migrare</strong></span> <span class='ocrx_word' id='word_1_338' title='bbox 2269 2370 2432 2441; x_wconf 83' lang='lat' dir='ltr'><strong>iussi,</strong></span> <span class='ocrx_word' id='word_1_339' title='bbox 2460 2369 2744 2425; x_wconf 65' lang='lat' dir='ltr'><strong>Romaniaa</strong></span> <span class='ocrx_word' id='word_1_340' title='bbox 2766 2367 2990 2424; x_wconf 88' lang='lat' dir='ltr'><strong>nomine</strong></span> <span class='ocrx_word' id='word_1_341' title='bbox 3018 2367 3310 2423; x_wconf 82' lang='lat' dir='ltr'><strong>Thraciam</strong></span> <span class='ocrx_word' id='word_1_342' title='bbox 3334 2365 3594 2435; x_wconf 89' lang='lat' dir='ltr'><strong>accipito,</strong></span> 
     </span>
    </p>
   </div>
   <div class='ocr_carea' id='block_1_54' title="bbox 2011 2457 3598 2534">
    <p class='ocr_par' dir='ltr' id='par_1_54' title="bbox 2011 2457 3598 2534">
     <span class='ocr_line' id='line_1_54' title="bbox 2011 2457 3598 2534; baseline -0.008 -14"><span class='ocrx_word' id='word_1_343' title='bbox 2011 2463 2177 2534; x_wconf 83' lang='lat' dir='ltr'><strong>cujus</strong></span> <span class='ocrx_word' id='word_1_344' title='bbox 2206 2464 2313 2520; x_wconf 89' lang='lat' dir='ltr'><strong>hoc</strong></span> <span class='ocrx_word' id='word_1_345' title='bbox 2348 2461 2644 2518; x_wconf 77' lang='lat' dir='ltr'><strong>Annalium</strong></span> <span class='ocrx_word' id='word_1_346' title='bbox 2675 2462 2798 2517; x_wconf 92' lang='lat' dir='ltr'><strong>loco</strong></span> <span class='ocrx_word' id='word_1_347' title='bbox 2848 2475 3165 2530; x_wconf 81' lang='lat' dir='ltr'><strong>expressum</strong></span> <span class='ocrx_word' id='word_1_348' title='bbox 3224 2469 3466 2515; x_wconf 83' lang='lat' dir='ltr'><strong>castrum</strong></span> <span class='ocrx_word' id='word_1_349' title='bbox 3489 2457 3598 2512; x_wconf 86' lang='lat' dir='ltr'><strong>Ctt-</strong></span> 
     </span>
    </p>
   </div>
   <div class='ocr_carea' id='block_1_55' title="bbox 2010 2547 3596 2625">
    <p class='ocr_par' dir='ltr' id='par_1_55' title="bbox 2010 2547 3596 2625">
     <span class='ocr_line' id='line_1_55' title="bbox 2010 2547 3596 2625; baseline -0.008 -14"><span class='ocrx_word' id='word_1_350' title='bbox 2010 2572 2173 2621; x_wconf 88' lang='lat' dir='ltr'><strong>nnza,</strong></span> <span class='ocrx_word' id='word_1_351' title='bbox 2207 2571 2315 2611; x_wconf 90' lang='lat' dir='ltr'><strong>non</strong></span> <span class='ocrx_word' id='word_1_352' title='bbox 2344 2554 2532 2625; x_wconf 90' lang='lat' dir='ltr'><strong>procul</strong></span> <span class='ocrx_word' id='word_1_353' title='bbox 2557 2554 2710 2610; x_wconf 90' lang='lat' dir='ltr'><strong>abest</strong></span> <span class='ocrx_word' id='word_1_354' title='bbox 2736 2553 2807 2608; x_wconf 89' lang='lat' dir='ltr'><strong>ab</strong></span> <span class='ocrx_word' id='word_1_355' title='bbox 2834 2552 2970 2608; x_wconf 87' lang='lat' dir='ltr'><strong>urbe</strong></span> <span class='ocrx_word' id='word_1_356' title='bbox 2994 2550 3379 2621; x_wconf 87' lang='lat' dir='ltr'><strong>Philippopoli,</strong></span> <span class='ocrx_word' id='word_1_357' title='bbox 3409 2560 3461 2602; x_wconf 88' lang='lat' dir='ltr'><strong>et</strong></span> <span class='ocrx_word' id='word_1_358' title='bbox 3486 2547 3596 2604; x_wconf 81' lang='lat' dir='ltr'><strong>Co-</strong></span> 
     </span>
    </p>
   </div>
   <div class='ocr_carea' id='block_1_56' title="bbox 2013 2639 3597 2703">
    <p class='ocr_par' dir='ltr' id='par_1_56' title="bbox 2013 2639 3597 2703">
     <span class='ocr_line' id='line_1_56' title="bbox 2013 2639 3597 2703; baseline -0.006 -2"><span class='ocrx_word' id='word_1_359' title='bbox 2013 2663 2180 2703; x_wconf 85' lang='lat' dir='ltr'><strong>nozos</strong></span> <span class='ocrx_word' id='word_1_360' title='bbox 2213 2646 2439 2702; x_wconf 66' lang='lat' dir='ltr'><strong>Graecis.</strong></span> <span class='ocrx_word' id='word_1_361' title='bbox 2470 2644 2811 2700; x_wconf 90' lang='lat' dir='ltr'><strong>nominatur.</strong></span> <span class='ocrx_word' id='word_1_362' title='bbox 2858 2642 3149 2699; x_wconf 88' lang='lat' dir='ltr'><strong>Castaldus</strong></span> <span class='ocrx_word' id='word_1_363' title='bbox 3201 2642 3255 2696; x_wconf 90' lang='lat' dir='ltr'><strong>in</strong></span> <span class='ocrx_word' id='word_1_364' title='bbox 3316 2639 3597 2695; x_wconf 75' lang='lat' dir='ltr'><strong>hodierna:</strong></span> 
     </span>
    </p>
   </div>
   <div class='ocr_carea' id='block_1_57' title="bbox 2012 2732 3596 2807">
    <p class='ocr_par' dir='ltr' id='par_1_57' title="bbox 2012 2732 3596 2807">
     <span class='ocr_line' id='line_1_57' title="bbox 2012 2732 3596 2807; baseline -0.004 -14"><span class='ocrx_word' id='word_1_365' title='bbox 2012 2738 2237 2794; x_wconf 64' lang='lat' dir='ltr'><strong>Graeciae</strong></span> <span class='ocrx_word' id='word_1_366' title='bbox 2266 2737 2450 2793; x_wconf 90' lang='lat' dir='ltr'><strong>tabula</strong></span> <span class='ocrx_word' id='word_1_367' title='bbox 2484 2736 2846 2807; x_wconf 77' lang='lat' dir='ltr'><strong>geographica</strong></span> <span class='ocrx_word' id='word_1_368' title='bbox 2864 2745 3023 2790; x_wconf 88' lang='lat' dir='ltr'><strong>vocat</strong></span> <span class='ocrx_word' id='word_1_369' title='bbox 3044 2735 3385 2805; x_wconf 79' lang='lat' dir='ltr'><strong>Cognuzam.</strong></span> <span class='ocrx_word' id='word_1_370' title='bbox 3409 2732 3596 2787; x_wconf 85' lang='lat' dir='ltr'><strong>ltalica</strong></span> 
     </span>
    </p>
   </div>
   <div class='ocr_carea' id='block_1_58' title="bbox 2013 2826 3598 2898">
    <p class='ocr_par' dir='ltr' id='par_1_58' title="bbox 2013 2826 3598 2898">
     <span class='ocr_line' id='line_1_58' title="bbox 2013 2826 3598 2898; baseline -0.005 -12"><span class='ocrx_word' id='word_1_371' title='bbox 2013 2831 2312 2898; x_wconf 71' lang='lat' dir='ltr'><strong>Grmcaque</strong></span> <span class='ocrx_word' id='word_1_372' title='bbox 2352 2829 2823 2898; x_wconf 89' lang='lat' dir='ltr'><strong>pronuntiatione.</strong></span> <span class='ocrx_word' id='word_1_373' title='bbox 2848 2826 2960 2884; x_wconf 85' lang='lat' dir='ltr'><strong>Nos</strong></span> <span class='ocrx_word' id='word_1_374' title='bbox 2986 2827 3038 2881; x_wconf 92' lang='lat' dir='ltr'><strong>in</strong></span> <span class='ocrx_word' id='word_1_375' title='bbox 3064 2828 3265 2882; x_wconf 84' lang='lat' dir='ltr'><strong>itinere.</strong></span> <span class='ocrx_word' id='word_1_376' title='bbox 3282 2835 3475 2880; x_wconf 90' lang='lat' dir='ltr'><strong>nostro</strong></span> <span class='ocrx_word' id='word_1_377' title='bbox 3502 2840 3598 2894; x_wconf 87' lang='lat' dir='ltr'><strong>per</strong></span> 
     </span>
    </p>
   </div>
   <div class='ocr_carea' id='block_1_59' title="bbox 2014 2918 3598 2991">
    <p class='ocr_par' dir='ltr' id='par_1_59' title="bbox 2014 2918 3598 2991">
     <span class='ocr_line' id='line_1_59' title="bbox 2014 2918 3598 2991; baseline -0.004 -15"><span class='ocrx_word' id='word_1_378' title='bbox 2014 2923 2132 2977; x_wconf 82' lang='lat' dir='ltr'><strong>haec</strong></span> <span class='ocrx_word' id='word_1_379' title='bbox 2160 2923 2276 2991; x_wconf 86' lang='lat' dir='ltr'><strong>ipsa</strong></span> <span class='ocrx_word' id='word_1_380' title='bbox 2310 2921 2427 2975; x_wconf 89' lang='lat' dir='ltr'><strong>loca</strong></span> <span class='ocrx_word' id='word_1_381' title='bbox 2451 2920 2961 2991; x_wconf 77' lang='lat' dir='ltr'><strong>proﬁciscebamur,</strong></span> <span class='ocrx_word' id='word_1_382' title='bbox 2992 2927 3055 2973; x_wconf 86' lang='lat' dir='ltr'><strong>et</strong></span> <span class='ocrx_word' id='word_1_383' title='bbox 3077 2919 3128 2972; x_wconf 92' lang='lat' dir='ltr'><strong>in</strong></span> <span class='ocrx_word' id='word_1_384' title='bbox 3169 2918 3431 2989; x_wconf 89' lang='lat' dir='ltr'><strong>oppidulo</strong></span> <span class='ocrx_word' id='word_1_385' title='bbox 3459 2932 3598 2985; x_wconf 85' lang='lat' dir='ltr'><strong>quo-</strong></span> 
     </span>
    </p>
   </div>
   <div class='ocr_carea' id='block_1_60' title="bbox 2016 3011 3599 3084">
    <p class='ocr_par' dir='ltr' id='par_1_60' title="bbox 2016 3011 3599 3084">
     <span class='ocr_line' id='line_1_60' title="bbox 2016 3011 3599 3084; baseline -0.006 -14"><span class='ocrx_word' id='word_1_386' title='bbox 2016 3014 2138 3070; x_wconf 86' lang='lat' dir='ltr'><strong>dam</strong></span> <span class='ocrx_word' id='word_1_387' title='bbox 2167 3022 2577 3084; x_wconf 82' lang='lat' dir='ltr'><strong>pernoctantes,</strong></span> <span class='ocrx_word' id='word_1_388' title='bbox 2613 3012 2825 3067; x_wconf 76' lang='lat' dir='ltr'><strong>ibidem</strong></span> <span class='ocrx_word' id='word_1_389' title='bbox 2842 3011 3387 3081; x_wconf 87' lang='lat' dir='ltr'><strong>deprehendebamus</strong></span> <span class='ocrx_word' id='word_1_390' title='bbox 3418 3025 3483 3065; x_wconf 78' lang='lat' dir='ltr'><strong>ex</strong></span> <span class='ocrx_word' id='word_1_391' title='bbox 3518 3011 3599 3078; x_wconf 86' lang='lat' dir='ltr'><strong>ip-</strong></span> 
     </span>
    </p>
   </div>
   <div class='ocr_carea' id='block_1_61' title="bbox 330 3100 3588 3176">
    <p class='ocr_par' dir='ltr' id='par_1_61' title="bbox 330 3100 3588 3176">
     <span class='ocr_line' id='line_1_61' title="bbox 330 3100 3588 3176; baseline -0.002 -17"><span class='ocrx_word' id='word_1_392' title='bbox 330 3106 519 3161; x_wconf 90' lang='lat' dir='ltr'><strong>duehi.</strong></span> <span class='ocrx_word' id='word_1_393' title='bbox 544 3104 819 3176; x_wconf 86' lang='lat' dir='ltr'><strong>Quidquid</strong></span> <span class='ocrx_word' id='word_1_394' title='bbox 844 3106 1103 3175; x_wconf 88' lang='lat' dir='ltr'><strong>consequi</strong></span> <span class='ocrx_word' id='word_1_395' title='bbox 1137 3106 1332 3176; x_wconf 63' lang='lat' dir='ltr'><strong>praedm</strong></span> <span class='ocrx_word' id='word_1_396' title='bbox 1360 3118 1617 3176; x_wconf 87' lang='lat' dir='ltr'><strong>possunt,</strong></span> <span class='ocrx_word' id='word_1_397' title='bbox 1648 3108 1750 3160; x_wconf 88' lang='lat' dir='ltr'><strong>sibi</strong></span> <span class='ocrx_word' id='word_1_398' title='bbox 1781 3106 1906 3160; x_wconf 86' lang='lat' dir='ltr'><strong>reti-</strong></span> <span class='ocrx_word' id='word_1_399' title='bbox 1939 3110 1983 3167; x_wconf 67' lang='grc' dir='ltr'><strong>(Ξ</strong></span> <span class='ocrx_word' id='word_1_400' title='bbox 2016 3122 2078 3161; x_wconf 90' lang='lat' dir='ltr'><strong>so</strong></span> <span class='ocrx_word' id='word_1_401' title='bbox 2100 3106 2319 3160; x_wconf 85' lang='lat' dir='ltr'><strong>nomine</strong></span> <span class='ocrx_word' id='word_1_402' title='bbox 2345 3105 2471 3170; x_wconf 91' lang='lat' dir='ltr'><strong>loci,</strong></span> <span class='ocrx_word' id='word_1_403' title='bbox 2497 3104 2667 3159; x_wconf 86' lang='lat' dir='ltr'><strong>fuisse</strong></span> <span class='ocrx_word' id='word_1_404' title='bbox 2702 3103 3148 3173; x_wconf 30' lang='lat' dir='ltr'><strong>regionemrhanc</strong></span> <span class='ocrx_word' id='word_1_405' title='bbox 3184 3101 3315 3157; x_wconf 83' lang='lat' dir='ltr'><strong>olim</strong></span> <span class='ocrx_word' id='word_1_406' title='bbox 3351 3100 3588 3164; x_wconf 73' lang='lat' dir='ltr'><strong>Tataris,</strong></span> 
     </span>
    </p>
   </div>
   <div class='ocr_carea' id='block_1_62' title="bbox 328 3197 1910 3266">
    <p class='ocr_par' dir='ltr' id='par_1_62' title="bbox 328 3197 1910 3266">
     <span class='ocr_line' id='line_1_62' title="bbox 328 3197 1910 3266; baseline -0.001 -12"><span class='ocrx_word' id='word_1_407' title='bbox 328 3210 465 3254; x_wconf 88' lang='lat' dir='ltr'><strong>nent</strong></span> <span class='ocrx_word' id='word_1_408' title='bbox 498 3216 511 3254; x_wconf 84' lang='lat'>:</span> <span class='ocrx_word' id='word_1_409' title='bbox 542 3212 654 3252; x_wconf 91' lang='lat' dir='ltr'><strong>non</strong></span> <span class='ocrx_word' id='word_1_410' title='bbox 684 3207 855 3257; x_wconf 78' lang='lat' dir='ltr'><strong>totum</strong></span> <span class='ocrx_word' id='word_1_411' title='bbox 890 3207 1098 3252; x_wconf 88' lang='lat' dir='ltr'><strong>tamen.</strong></span> <span class='ocrx_word' id='word_1_412' title='bbox 1125 3197 1340 3266; x_wconf 85' lang='lat' dir='ltr'><strong>Quippe</strong></span> <span class='ocrx_word' id='word_1_413' title='bbox 1369 3214 1475 3252; x_wconf 92' lang='lat' dir='ltr'><strong>non</strong></span> <span class='ocrx_word' id='word_1_414' title='bbox 1510 3198 1744 3253; x_wconf 89' lang='lat' dir='ltr'><strong>aliarum</strong></span> <span class='ocrx_word' id='word_1_415' title='bbox 1770 3198 1910 3253; x_wconf 88' lang='lat' dir='ltr'><strong>dun-</strong></span> 
     </span>
    </p>
   </div>
   <div class='ocr_carea' id='block_1_63' title="bbox 330 3289 1908 3359">
    <p class='ocr_par' dir='ltr' id='par_1_63' title="bbox 330 3289 1908 3359">
     <span class='ocr_line' id='line_1_63' title="bbox 330 3289 1908 3359; baseline -0.004 -10"><span class='ocrx_word' id='word_1_416' title='bbox 330 3300 488 3349; x_wconf 77' lang='lat' dir='ltr'><strong>taxat</strong></span> <span class='ocrx_word' id='word_1_417' title='bbox 525 3305 707 3344; x_wconf 91' lang='lat' dir='ltr'><strong>rerum</strong></span> <span class='ocrx_word' id='word_1_418' title='bbox 741 3305 1149 3359; x_wconf 86' lang='lat' dir='ltr'><strong>suarum,quas</strong></span> <span class='ocrx_word' id='word_1_419' title='bbox 1174 3289 1477 3359; x_wconf 71' lang='lat' dir='ltr'><strong>possident,</strong></span> <span class='ocrx_word' id='word_1_420' title='bbox 1519 3306 1707 3344; x_wconf 88' lang='lat' dir='ltr'><strong>verum</strong></span> <span class='ocrx_word' id='word_1_421' title='bbox 1746 3291 1908 3344; x_wconf 87' lang='lat' dir='ltr'><strong>etiam</strong></span> 
     </span>
    </p>
   </div>
   <div class='ocr_carea' id='block_1_64' title="bbox 332 3382 1913 3453">
    <p class='ocr_par' dir='ltr' id='par_1_64' title="bbox 332 3382 1913 3453">
     <span class='ocr_line' id='line_1_64' title="bbox 332 3382 1913 3453; baseline -0.001 -17"><span class='ocrx_word' id='word_1_422' title='bbox 332 3384 517 3439; x_wconf 90' lang='lat' dir='ltr'><strong>omnis</strong></span> <span class='ocrx_word' id='word_1_423' title='bbox 548 3393 662 3437; x_wconf 91' lang='lat' dir='ltr'><strong>tum</strong></span> <span class='ocrx_word' id='word_1_424' title='bbox 702 3383 921 3453; x_wconf 71' lang='lat' dir='ltr'><strong>przrdae,</strong></span> <span class='ocrx_word' id='word_1_425' title='bbox 958 3392 1071 3437; x_wconf 92' lang='lat' dir='ltr'><strong>tum</strong></span> <span class='ocrx_word' id='word_1_426' title='bbox 1117 3382 1278 3447; x_wconf 91' lang='lat' dir='ltr'><strong>lucri,</strong></span> <span class='ocrx_word' id='word_1_427' title='bbox 1311 3383 1459 3452; x_wconf 87' lang='lat' dir='ltr'><strong>quod</strong></span> <span class='ocrx_word' id='word_1_428' title='bbox 1500 3384 1551 3436; x_wconf 92' lang='lat' dir='ltr'><strong>in</strong></span> <span class='ocrx_word' id='word_1_429' title='bbox 1582 3382 1740 3437; x_wconf 70' lang='lat' dir='ltr'><strong>bellis</strong></span> <span class='ocrx_word' id='word_1_430' title='bbox 1785 3398 1913 3451; x_wconf 79' lang='lat' dir='ltr'><strong>per-</strong></span> 
     </span>
    </p>
   </div>
   <div class='ocr_carea' id='block_1_65' title="bbox 333 3470 1915 3543">
    <p class='ocr_par' dir='ltr' id='par_1_65' title="bbox 333 3470 1915 3543">
     <span class='ocr_line' id='line_1_65' title="bbox 333 3470 1915 3543; baseline -0.003 -14"><span class='ocrx_word' id='word_1_431' title='bbox 333 3474 569 3543; x_wconf 88' lang='lat' dir='ltr'><strong>cipiunt,</strong></span> <span class='ocrx_word' id='word_1_432' title='bbox 584 3474 845 3528; x_wconf 85' lang='lat' dir='ltr'><strong>decumas</strong></span> <span class='ocrx_word' id='word_1_433' title='bbox 869 3475 1083 3529; x_wconf 86' lang='lat' dir='ltr'><strong>sultano</strong></span> <span class='ocrx_word' id='word_1_434' title='bbox 1111 3487 1211 3526; x_wconf 85' lang='lat' dir='ltr'><strong>suo</strong></span> <span class='ocrx_word' id='word_1_435' title='bbox 1232 3472 1441 3525; x_wconf 87' lang='lat' dir='ltr'><strong>solvere</strong></span> <span class='ocrx_word' id='word_1_436' title='bbox 1472 3480 1759 3541; x_wconf 85' lang='lat' dir='ltr'><strong>coguntur.</strong></span> <span class='ocrx_word' id='word_1_437' title='bbox 1795 3470 1915 3527; x_wconf 86' lang='lat' dir='ltr'><strong>Itali</strong></span> 
     </span>
    </p>
   </div>
   <div class='ocr_carea' id='block_1_66' title="bbox 334 3563 1911 3637">
    <p class='ocr_par' dir='ltr' id='par_1_66' title="bbox 334 3563 1911 3637">
     <span class='ocr_line' id='line_1_66' title="bbox 334 3563 1911 3637; baseline 0 -19"><span class='ocrx_word' id='word_1_438' title='bbox 334 3580 513 3637; x_wconf 85' lang='lat' dir='ltr'><strong>genus</strong></span> <span class='ocrx_word' id='word_1_439' title='bbox 538 3567 639 3620; x_wconf 92' lang='lat' dir='ltr'><strong>hoc</strong></span> <span class='ocrx_word' id='word_1_440' title='bbox 671 3565 904 3619; x_wconf 87' lang='lat' dir='ltr'><strong>militum</strong></span> <span class='ocrx_word' id='word_1_441' title='bbox 930 3581 1027 3620; x_wconf 90' lang='lat' dir='ltr'><strong>sua</strong></span> <span class='ocrx_word' id='word_1_442' title='bbox 1051 3565 1234 3634; x_wconf 86' lang='lat' dir='ltr'><strong>lingua</strong></span> <span class='ocrx_word' id='word_1_443' title='bbox 1263 3563 1592 3620; x_wconf 82' lang='lat' dir='ltr'><strong>Ventureros</strong></span> <span class='ocrx_word' id='word_1_444' title='bbox 1616 3567 1911 3634; x_wconf 82' lang='lat' dir='ltr'><strong>appellant,</strong></span> 
     </span>
    </p>
   </div>
   <div class='ocr_carea' id='block_1_67' title="bbox 338 3657 1917 3729">
    <p class='ocr_par' dir='ltr' id='par_1_67' title="bbox 338 3657 1917 3729">
     <span class='ocr_line' id='line_1_67' title="bbox 338 3657 1917 3729; baseline -0.001 -16"><span class='ocrx_word' id='word_1_445' title='bbox 338 3658 538 3729; x_wconf 85' lang='lat' dir='ltr'><strong>priscis</strong></span> <span class='ocrx_word' id='word_1_446' title='bbox 568 3657 803 3713; x_wconf 79' lang='lat' dir='ltr'><strong>Volones</strong></span> <span class='ocrx_word' id='word_1_447' title='bbox 826 3658 955 3713; x_wconf 88' lang='lat' dir='ltr'><strong>dicti</strong></span> <span class='ocrx_word' id='word_1_448' title='bbox 986 3657 1157 3714; x_wconf 86' lang='lat' dir='ltr'><strong>fuisse</strong></span> <span class='ocrx_word' id='word_1_449' title='bbox 1186 3658 1440 3713; x_wconf 89' lang='lat' dir='ltr'><strong>videntur</strong></span> <span class='ocrx_word' id='word_1_450' title='bbox 1481 3676 1494 3711; x_wconf 87' lang='lat'><strong>:</strong></span> <span class='ocrx_word' id='word_1_451' title='bbox 1548 3659 1692 3712; x_wconf 90' lang='lat' dir='ltr'><strong>unde</strong></span> <span class='ocrx_word' id='word_1_452' title='bbox 1750 3657 1917 3713; x_wconf 89' lang='lat' dir='ltr'><strong>Calli-</strong></span> 
     </span>
    </p>
   </div>
   <div class='ocr_carea' id='block_1_68' title="bbox 339 3750 1920 3821">
    <p class='ocr_par' dir='ltr' id='par_1_68' title="bbox 339 3750 1920 3821">
     <span class='ocr_line' id='line_1_68' title="bbox 339 3750 1920 3821; baseline 0.003 -18"><span class='ocrx_word' id='word_1_453' title='bbox 339 3752 574 3805; x_wconf 84' lang='lat' dir='ltr'><strong>machus</strong></span> <span class='ocrx_word' id='word_1_454' title='bbox 603 3750 908 3820; x_wconf 78' lang='lat' dir='ltr'><strong>Experiens</strong></span> <span class='ocrx_word' id='word_1_455' title='bbox 941 3765 1046 3804; x_wconf 93' lang='lat' dir='ltr'><strong>non</strong></span> <span class='ocrx_word' id='word_1_456' title='bbox 1082 3751 1419 3821; x_wconf 83' lang='lat' dir='ltr'><strong>ineleganter</strong></span> <span class='ocrx_word' id='word_1_457' title='bbox 1476 3758 1699 3808; x_wconf 85' lang='lat' dir='ltr'><strong>nostros</strong></span> <span class='ocrx_word' id='word_1_458' title='bbox 1752 3767 1920 3809; x_wconf 91' lang='lat' dir='ltr'><strong>cruce</strong></span> 
     </span>
    </p>
   </div>
   <div class='ocr_carea' id='block_1_69' title="bbox 338 3842 1260 3916">
    <p class='ocr_par' dir='ltr' id='par_1_69' title="bbox 338 3842 1260 3916">
     <span class='ocr_line' id='line_1_69' title="bbox 338 3842 1260 3916; baseline 0 -17"><span class='ocrx_word' id='word_1_459' title='bbox 338 3845 607 3916; x_wconf 86' lang='lat' dir='ltr'><strong>signatos,</strong></span> <span class='ocrx_word' id='word_1_460' title='bbox 644 3842 885 3901; x_wconf 77' lang='lat' dir='ltr'><strong>Volones</strong></span> <span class='ocrx_word' id='word_1_461' title='bbox 936 3842 1260 3899; x_wconf 87' lang='lat' dir='ltr'><strong>nominavit.</strong></span> 
     </span>
    </p>
   </div>
   <div class='ocr_carea' id='block_1_70' title="bbox 801 3932 1474 4004">
    <p class='ocr_par' dir='ltr' id='par_1_70' title="bbox 801 3932 1474 4004">
     <span class='ocr_line' id='line_1_70' title="bbox 801 3932 1474 4004; baseline 0.006 -20"><span class='ocrx_word' id='word_1_462' title='bbox 801 3934 888 3988; x_wconf 84' lang='grc'><strong>76.</strong></span> <span class='ocrx_word' id='word_1_463' title='bbox 929 3932 1262 4004; x_wconf 80' lang='lat' dir='ltr'><strong>Michalogli,</strong></span> <span class='ocrx_word' id='word_1_464' title='bbox 1292 3932 1474 3989; x_wconf 81' lang='lat' dir='ltr'><strong>Tocal.</strong></span> 
     </span>
    </p>
   </div>
   <div class='ocr_carea' id='block_1_71' title="bbox 414 4025 1924 4096">
    <p class='ocr_par' dir='ltr' id='par_1_71' title="bbox 414 4025 1924 4096">
     <span class='ocr_line' id='line_1_71' title="bbox 414 4025 1924 4096; baseline 0 -12"><span class='ocrx_word' id='word_1_465' title='bbox 414 4030 600 4084; x_wconf 83' lang='lat' dir='ltr'><strong>Prima</strong></span> <span class='ocrx_word' id='word_1_466' title='bbox 627 4025 1342 4093; x_wconf 68' lang='lat' dir='ltr'><strong>nominisMichalinorum,</strong></span> <span class='ocrx_word' id='word_1_467' title='bbox 1394 4027 1510 4083; x_wconf 87' lang='lat' dir='ltr'><strong>sive</strong></span> <span class='ocrx_word' id='word_1_468' title='bbox 1552 4026 1924 4096; x_wconf 79' lang='lat' dir='ltr'><strong>Michaloglio—</strong></span> 
     </span>
    </p>
   </div>
   <div class='ocr_carea' id='block_1_72' title="bbox 338 4119 1924 4191">
    <p class='ocr_par' dir='ltr' id='par_1_72' title="bbox 338 4119 1924 4191">
     <span class='ocr_line' id='line_1_72' title="bbox 338 4119 1924 4191; baseline -0.001 -15"><span class='ocrx_word' id='word_1_469' title='bbox 338 4139 488 4182; x_wconf 78' lang='lat' dir='ltr'><strong>tum.</strong></span> <span class='ocrx_word' id='word_1_470' title='bbox 525 4121 639 4175; x_wconf 82' lang='lat' dir='ltr'><strong>sive</strong></span> <span class='ocrx_word' id='word_1_471' title='bbox 676 4119 1028 4174; x_wconf 77' lang='lat' dir='ltr'><strong>Michalidum</strong></span> <span class='ocrx_word' id='word_1_472' title='bbox 1062 4119 1287 4181; x_wconf 89' lang='lat' dir='ltr'><strong>mentio,</strong></span> <span class='ocrx_word' id='word_1_473' title='bbox 1312 4119 1365 4173; x_wconf 91' lang='lat' dir='ltr'><strong>in</strong></span> <span class='ocrx_word' id='word_1_474' title='bbox 1413 4119 1502 4175; x_wconf 87' lang='lat' dir='ltr'><strong>his</strong></span> <span class='ocrx_word' id='word_1_475' title='bbox 1557 4121 1776 4191; x_wconf 90' lang='lat' dir='ltr'><strong>quidem</strong></span> <span class='ocrx_word' id='word_1_476' title='bbox 1809 4123 1924 4176; x_wconf 85' lang='lat' dir='ltr'><strong>An-</strong></span> 
     </span>
    </p>
   </div>
   <div class='ocr_carea' id='block_1_73' title="bbox 338 4208 1928 4277">
    <p class='ocr_par' dir='ltr' id='par_1_73' title="bbox 338 4208 1928 4277">
     <span class='ocr_line' id='line_1_73' title="bbox 338 4208 1928 4277; baseline 0.002 -12"><span class='ocrx_word' id='word_1_477' title='bbox 338 4211 560 4265; x_wconf 86' lang='lat' dir='ltr'><strong>nalibus</strong></span> <span class='ocrx_word' id='word_1_478' title='bbox 594 4212 696 4265; x_wconf 92' lang='lat' dir='ltr'><strong>hoc</strong></span> <span class='ocrx_word' id='word_1_479' title='bbox 714 4210 835 4263; x_wconf 92' lang='lat' dir='ltr'><strong>loco</strong></span> <span class='ocrx_word' id='word_1_480' title='bbox 866 4210 1159 4277; x_wconf 83' lang='lat' dir='ltr'><strong>reperitur.</strong></span> <span class='ocrx_word' id='word_1_481' title='bbox 1189 4208 1265 4263; x_wconf 90' lang='lat' dir='ltr'><strong>De</strong></span> <span class='ocrx_word' id='word_1_482' title='bbox 1322 4210 1408 4265; x_wconf 79' lang='lat' dir='ltr'><strong>his</strong></span> <span class='ocrx_word' id='word_1_483' title='bbox 1455 4210 1667 4266; x_wconf 87' lang='lat' dir='ltr'><strong>dictum</strong></span> <span class='ocrx_word' id='word_1_484' title='bbox 1695 4226 1725 4266; x_wconf 90' lang='lat' dir='ltr'><strong>a</strong></span> <span class='ocrx_word' id='word_1_485' title='bbox 1765 4212 1928 4268; x_wconf 90' lang='lat' dir='ltr'><strong>nobis</strong></span> 
     </span>
    </p>
   </div>
   <div class='ocr_carea' id='block_1_74' title="bbox 336 4299 1927 4373">
    <p class='ocr_par' dir='ltr' id='par_1_74' title="bbox 336 4299 1927 4373">
     <span class='ocr_line' id='line_1_74' title="bbox 336 4299 1927 4373; baseline 0.001 -16"><span class='ocrx_word' id='word_1_486' title='bbox 336 4314 503 4357; x_wconf 85' lang='lat' dir='ltr'><strong>antea</strong></span> <span class='ocrx_word' id='word_1_487' title='bbox 563 4316 793 4357; x_wconf 89' lang='lat' dir='ltr'><strong>numero</strong></span> <span class='ocrx_word' id='word_1_488' title='bbox 830 4309 1083 4354; x_wconf 87' lang='lat' dir='ltr'><strong>notarum</strong></span> <span class='ocrx_word' id='word_1_489' title='bbox 1124 4299 1215 4357; x_wconf 72' lang='lat'><strong>27.</strong></span> <span class='ocrx_word' id='word_1_490' title='bbox 1255 4299 1395 4355; x_wconf 89' lang='lat' dir='ltr'><strong>Urbs</strong></span> <span class='ocrx_word' id='word_1_491' title='bbox 1449 4300 1641 4367; x_wconf 89' lang='lat' dir='ltr'><strong>Tocat,</strong></span> <span class='ocrx_word' id='word_1_492' title='bbox 1700 4319 1809 4373; x_wconf 91' lang='lat' dir='ltr'><strong>quo</strong></span> <span class='ocrx_word' id='word_1_493' title='bbox 1844 4320 1927 4359; x_wconf 87' lang='lat' dir='ltr'><strong>re-</strong></span> 
     </span>
    </p>
   </div>
   <div class='ocr_carea' id='block_1_75' title="bbox 337 4393 1923 4468">
    <p class='ocr_par' dir='ltr' id='par_1_75' title="bbox 337 4393 1923 4468">
     <span class='ocr_line' id='line_1_75' title="bbox 337 4393 1923 4468; baseline 0.001 -16"><span class='ocrx_word' id='word_1_494' title='bbox 337 4399 553 4468; x_wconf 77' lang='lat' dir='ltr'><strong>legatus</strong></span> <span class='ocrx_word' id='word_1_495' title='bbox 612 4395 780 4450; x_wconf 84' lang='lat' dir='ltr'><strong>fuisse</strong></span> <span class='ocrx_word' id='word_1_496' title='bbox 837 4395 1036 4449; x_wconf 87' lang='lat' dir='ltr'><strong>dicitur</strong></span> <span class='ocrx_word' id='word_1_497' title='bbox 1089 4393 1451 4451; x_wconf 79' lang='lat' dir='ltr'><strong>Mechentetes</strong></span> <span class='ocrx_word' id='word_1_498' title='bbox 1516 4394 1923 4465; x_wconf 75' lang='lat' dir='ltr'><strong>Michaloglins.</strong></span> 
     </span>
    </p>
   </div>
   <div class='ocr_carea' id='block_1_76' title="bbox 2014 3193 3597 3259">
    <p class='ocr_par' dir='ltr' id='par_1_76' title="bbox 2014 3193 3597 3259">
     <span class='ocr_line' id='line_1_76' title="bbox 2014 3193 3597 3259; baseline -0.004 -6"><span class='ocrx_word' id='word_1_499' title='bbox 2014 3198 2121 3253; x_wconf 86' lang='lat' dir='ltr'><strong>huc</strong></span> <span class='ocrx_word' id='word_1_500' title='bbox 2157 3198 2303 3251; x_wconf 85' lang='lat' dir='ltr'><strong>velut</strong></span> <span class='ocrx_word' id='word_1_501' title='bbox 2330 3198 2382 3250; x_wconf 92' lang='lat' dir='ltr'><strong>iu</strong></span> <span class='ocrx_word' id='word_1_502' title='bbox 2422 3197 2694 3251; x_wconf 87' lang='lat' dir='ltr'><strong>coloniam</strong></span> <span class='ocrx_word' id='word_1_503' title='bbox 2729 3195 3004 3259; x_wconf 90' lang='lat' dir='ltr'><strong>deductis,</strong></span> <span class='ocrx_word' id='word_1_504' title='bbox 3053 3195 3117 3250; x_wconf 90' lang='lat' dir='ltr'><strong>ad</strong></span> <span class='ocrx_word' id='word_1_505' title='bbox 3170 3193 3597 3248; x_wconf 72' lang='lat' dir='ltr'><strong>inhabitandam</strong></span> 
     </span>
    </p>
   </div>
   <div class='ocr_carea' id='block_1_77' title="bbox 2013 3284 3603 3357">
    <p class='ocr_par' dir='ltr' id='par_1_77' title="bbox 2013 3284 3603 3357">
     <span class='ocr_line' id='line_1_77' title="bbox 2013 3284 3603 3357; baseline -0.007 -13"><span class='ocrx_word' id='word_1_506' title='bbox 2013 3304 2358 3344; x_wconf 88' lang='lat' dir='ltr'><strong>concessam.</strong></span> <span class='ocrx_word' id='word_1_507' title='bbox 2395 3286 2527 3340; x_wconf 84' lang='lat' dir='ltr'><strong>Nam</strong></span> <span class='ocrx_word' id='word_1_508' title='bbox 2569 3286 2813 3357; x_wconf 90' lang='lat' dir='ltr'><strong>oppiduli</strong></span> <span class='ocrx_word' id='word_1_509' title='bbox 2872 3300 3070 3340; x_wconf 89' lang='lat' dir='ltr'><strong>nomen</strong></span> <span class='ocrx_word' id='word_1_510' title='bbox 3130 3284 3321 3338; x_wconf 76' lang='lat' dir='ltr'><strong>incolae</strong></span> <span class='ocrx_word' id='word_1_511' title='bbox 3343 3284 3603 3337; x_wconf 86' lang='lat' dir='ltr'><strong>dicebant</strong></span> 
     </span>
    </p>
   </div>
   <div class='ocr_carea' id='block_1_78' title="bbox 2014 3374 3595 3447">
    <p class='ocr_par' dir='ltr' id='par_1_78' title="bbox 2014 3374 3595 3447">
     <span class='ocr_line' id='line_1_78' title="bbox 2014 3374 3595 3447; baseline -0.006 -10"><span class='ocrx_word' id='word_1_512' title='bbox 2014 3398 2136 3438; x_wconf 84' lang='lat' dir='ltr'><strong>esse</strong></span> <span class='ocrx_word' id='word_1_513' title='bbox 2163 3382 2518 3445; x_wconf 87' lang='lat' dir='ltr'><strong>&#39;l‘atarbasar,</strong></span> <span class='ocrx_word' id='word_1_514' title='bbox 2570 3393 2815 3447; x_wconf 67' lang='lat' dir='ltr'><strong>quaero:</strong></span> <span class='ocrx_word' id='word_1_515' title='bbox 2880 3377 3186 3447; x_wconf 75' lang='lat' dir='ltr'><strong>etiiporium</strong></span> <span class='ocrx_word' id='word_1_516' title='bbox 3237 3376 3352 3431; x_wconf 87' lang='lat' dir='ltr'><strong>sive</strong></span> <span class='ocrx_word' id='word_1_517' title='bbox 3415 3374 3595 3429; x_wconf 90' lang='lat' dir='ltr'><strong>forum</strong></span> 
     </span>
    </p>
   </div>
   <div class='ocr_carea' id='block_1_79' title="bbox 2017 3466 3604 3543">
    <p class='ocr_par' dir='ltr' id='par_1_79' title="bbox 2017 3466 3604 3543">
     <span class='ocr_line' id='line_1_79' title="bbox 2017 3466 3604 3543; baseline -0.006 -13"><span class='ocrx_word' id='word_1_518' title='bbox 2017 3475 2340 3531; x_wconf 90' lang='lat' dir='ltr'><strong>Tatarorum</strong></span> <span class='ocrx_word' id='word_1_519' title='bbox 2385 3473 2672 3543; x_wconf 82' lang='lat' dir='ltr'><strong>significat.</strong></span> <span class='ocrx_word' id='word_1_520' title='bbox 2702 3471 2809 3527; x_wconf 86' lang='lat' dir='ltr'><strong>Nec</strong></span> <span class='ocrx_word' id='word_1_521' title='bbox 2846 3471 3087 3541; x_wconf 84' lang='lat' dir='ltr'><strong>longius,</strong></span> <span class='ocrx_word' id='word_1_522' title='bbox 3146 3466 3457 3540; x_wconf 78' lang='lat' dir='ltr'><strong>quam&#39;sex</strong></span> <span class='ocrx_word' id='word_1_523' title='bbox 3509 3475 3604 3521; x_wconf 90' lang='lat' dir='ltr'><strong>aut</strong></span> 
     </span>
    </p>
   </div>
   <div class='ocr_carea' id='block_1_80' title="bbox 2018 3560 3603 3636">
    <p class='ocr_par' dir='ltr' id='par_1_80' title="bbox 2018 3560 3603 3636">
     <span class='ocr_line' id='line_1_80' title="bbox 2018 3560 3603 3636; baseline -0.006 -14"><span class='ocrx_word' id='word_1_524' title='bbox 2018 3574 2222 3636; x_wconf 88' lang='lat' dir='ltr'><strong>septem</strong></span> <span class='ocrx_word' id='word_1_525' title='bbox 2258 3566 2513 3621; x_wconf 86' lang='lat' dir='ltr'><strong>horarum</strong></span> <span class='ocrx_word' id='word_1_526' title='bbox 2539 3566 2754 3629; x_wconf 89' lang='lat' dir='ltr'><strong>itinere,</strong></span> <span class='ocrx_word' id='word_1_527' title='bbox 2782 3564 2951 3620; x_wconf 82' lang='lat' dir='ltr'><strong>distat</strong></span> <span class='ocrx_word' id='word_1_528' title='bbox 2972 3561 3402 3633; x_wconf 87' lang='lat' dir='ltr'><strong>aPhilippopoli.</strong></span> <span class='ocrx_word' id='word_1_529' title='bbox 3435 3560 3603 3616; x_wconf 61' lang='lat' dir='ltr'><strong>Poni.</strong></span> 
     </span>
    </p>
   </div>
   <div class='ocr_carea' id='block_1_81' title="bbox 2022 3654 3605 3728">
    <p class='ocr_par' dir='ltr' id='par_1_81' title="bbox 2022 3654 3605 3728">
     <span class='ocr_line' id='line_1_81' title="bbox 2022 3654 3605 3728; baseline -0.004 -13"><span class='ocrx_word' id='word_1_530' title='bbox 2022 3671 2109 3715; x_wconf 91' lang='lat' dir='ltr'><strong>tur</strong></span> <span class='ocrx_word' id='word_1_531' title='bbox 2131 3659 2331 3715; x_wconf 90' lang='lat' dir='ltr'><strong>ibidem</strong></span> <span class='ocrx_word' id='word_1_532' title='bbox 2364 3674 2394 3713; x_wconf 90' lang='lat' dir='ltr'><strong>a</strong></span> <span class='ocrx_word' id='word_1_533' title='bbox 2419 3656 2677 3714; x_wconf 87' lang='lat' dir='ltr'><strong>Castaldo</strong></span> <span class='ocrx_word' id='word_1_534' title='bbox 2701 3657 2945 3728; x_wconf 86' lang='lat' dir='ltr'><strong>Tartagi,</strong></span> <span class='ocrx_word' id='word_1_535' title='bbox 2974 3671 3201 3728; x_wconf 88' lang='lat' dir='ltr'><strong>prorsus</strong></span> <span class='ocrx_word' id='word_1_536' title='bbox 3229 3657 3319 3711; x_wconf 93' lang='lat' dir='ltr'><strong>ubi</strong></span> <span class='ocrx_word' id='word_1_537' title='bbox 3340 3654 3605 3711; x_wconf 87' lang='lat' dir='ltr'><strong>Tatarha-</strong></span> 
     </span>
    </p>
   </div>
   <div class='ocr_carea' id='block_1_82' title="bbox 2020 3748 3602 3820">
    <p class='ocr_par' dir='ltr' id='par_1_82' title="bbox 2020 3748 3602 3820">
     <span class='ocr_line' id='line_1_82' title="bbox 2020 3748 3602 3820; baseline -0.003 -13"><span class='ocrx_word' id='word_1_538' title='bbox 2020 3767 2112 3807; x_wconf 90' lang='lat' dir='ltr'><strong>sar</strong></span> <span class='ocrx_word' id='word_1_539' title='bbox 2138 3750 2440 3805; x_wconf 85' lang='lat' dir='ltr'><strong>viatoribus</strong></span> <span class='ocrx_word' id='word_1_540' title='bbox 2471 3749 2539 3804; x_wconf 91' lang='lat' dir='ltr'><strong>ab</strong></span> <span class='ocrx_word' id='word_1_541' title='bbox 2594 3749 2931 3820; x_wconf 73' lang='lat' dir='ltr'><strong>Hzetnijugis</strong></span> <span class='ocrx_word' id='word_1_542' title='bbox 2982 3749 3269 3805; x_wconf 86' lang='lat' dir='ltr'><strong>altissimis</strong></span> <span class='ocrx_word' id='word_1_543' title='bbox 3329 3748 3384 3801; x_wconf 91' lang='lat' dir='ltr'><strong>in</strong></span> <span class='ocrx_word' id='word_1_544' title='bbox 3443 3748 3602 3817; x_wconf 85' lang='lat' dir='ltr'><strong>plana</strong></span> 
     </span>
    </p>
   </div>
   <div class='ocr_carea' id='block_1_83' title="bbox 2021 3841 3603 3912">
    <p class='ocr_par' dir='ltr' id='par_1_83' title="bbox 2021 3841 3603 3912">
     <span class='ocr_line' id='line_1_83' title="bbox 2021 3841 3603 3912; baseline -0.004 -13"><span class='ocrx_word' id='word_1_545' title='bbox 2021 3841 2269 3899; x_wconf 70' lang='lat' dir='ltr'><strong>Thracia:</strong></span> <span class='ocrx_word' id='word_1_546' title='bbox 2286 3842 2743 3899; x_wconf 83' lang='lat' dir='ltr'><strong>descendentibus</strong></span> <span class='ocrx_word' id='word_1_547' title='bbox 2765 3843 3030 3904; x_wconf 88' lang='lat' dir='ltr'><strong>occurrit,</strong></span> <span class='ocrx_word' id='word_1_548' title='bbox 3058 3842 3109 3895; x_wconf 91' lang='lat' dir='ltr'><strong>in</strong></span> <span class='ocrx_word' id='word_1_549' title='bbox 3136 3855 3359 3912; x_wconf 75' lang='lat' dir='ltr'><strong>:rquore</strong></span> <span class='ocrx_word' id='word_1_550' title='bbox 3390 3842 3603 3903; x_wconf 83' lang='lat' dir='ltr'><strong>spatio-</strong></span> 
     </span>
    </p>
   </div>
   <div class='ocr_carea' id='block_1_84' title="bbox 2022 3934 3603 4004">
    <p class='ocr_par' dir='ltr' id='par_1_84' title="bbox 2022 3934 3603 4004">
     <span class='ocr_line' id='line_1_84' title="bbox 2022 3934 3603 4004; baseline -0.003 -13"><span class='ocrx_word' id='word_1_551' title='bbox 2022 3935 2242 3991; x_wconf 85' lang='lat' dir='ltr'><strong>sissimo</strong></span> <span class='ocrx_word' id='word_1_552' title='bbox 2296 3936 2565 4004; x_wconf 80' lang='lat' dir='ltr'><strong>longeque</strong></span> <span class='ocrx_word' id='word_1_553' title='bbox 2626 3935 2995 4004; x_wconf 86' lang='lat' dir='ltr'><strong>pulcherrimo</strong></span> <span class='ocrx_word' id='word_1_554' title='bbox 3042 3934 3146 3989; x_wconf 90' lang='lat' dir='ltr'><strong>sita</strong></span> <span class='ocrx_word' id='word_1_555' title='bbox 3183 3951 3197 3987; x_wconf 91' lang='lat'><strong>:</strong></span> <span class='ocrx_word' id='word_1_556' title='bbox 3232 3934 3376 4004; x_wconf 89' lang='lat' dir='ltr'><strong>quod</strong></span> <span class='ocrx_word' id='word_1_557' title='bbox 3404 3948 3603 3987; x_wconf 84' lang='lat' dir='ltr'><strong>nomen</strong></span> 
     </span>
    </p>
   </div>
   <div class='ocr_carea' id='block_1_85' title="bbox 2025 4025 3595 4087">
    <p class='ocr_par' dir='ltr' id='par_1_85' title="bbox 2025 4025 3595 4087">
     <span class='ocr_line' id='line_1_85' title="bbox 2025 4025 3595 4087; baseline -0.002 -7"><span class='ocrx_word' id='word_1_558' title='bbox 2025 4042 2054 4080; x_wconf 86' lang='lat' dir='ltr'><strong>a</strong></span> <span class='ocrx_word' id='word_1_559' title='bbox 2081 4027 2295 4083; x_wconf 89' lang='lat' dir='ltr'><strong>Tataris</strong></span> <span class='ocrx_word' id='word_1_560' title='bbox 2314 4027 2497 4083; x_wconf 85' lang='lat' dir='ltr'><strong>itidem</strong></span> <span class='ocrx_word' id='word_1_561' title='bbox 2534 4026 2749 4081; x_wconf 88' lang='lat' dir='ltr'><strong>videtur</strong></span> <span class='ocrx_word' id='word_1_562' title='bbox 2773 4026 3102 4087; x_wconf 81' lang='lat' dir='ltr'><strong>derivatum.</strong></span> <span class='ocrx_word' id='word_1_563' title='bbox 3141 4026 3374 4082; x_wconf 80' lang='lat' dir='ltr'><strong>fortasse</strong></span> <span class='ocrx_word' id='word_1_564' title='bbox 3400 4025 3595 4081; x_wconf 88' lang='lat' dir='ltr'><strong>Tatar-</strong></span> 
     </span>
    </p>
   </div>
   <div class='ocr_carea' id='block_1_86' title="bbox 2026 4119 3606 4189">
    <p class='ocr_par' dir='ltr' id='par_1_86' title="bbox 2026 4119 3606 4189">
     <span class='ocr_line' id='line_1_86' title="bbox 2026 4119 3606 4189; baseline 0 -15"><span class='ocrx_word' id='word_1_565' title='bbox 2026 4120 2504 4189; x_wconf 86' lang='lat' dir='ltr'><strong>goiscribendum,</strong></span> <span class='ocrx_word' id='word_1_566' title='bbox 2562 4120 2707 4188; x_wconf 86' lang='lat' dir='ltr'><strong>quod</strong></span> <span class='ocrx_word' id='word_1_567' title='bbox 2768 4119 3094 4173; x_wconf 87' lang='lat' dir='ltr'><strong>Tatarorum</strong></span> <span class='ocrx_word' id='word_1_568' title='bbox 3159 4127 3243 4173; x_wconf 89' lang='lat' dir='ltr'><strong>est</strong></span> <span class='ocrx_word' id='word_1_569' title='bbox 3303 4133 3497 4188; x_wconf 81' lang='lat' dir='ltr'><strong>pagus,</strong></span> <span class='ocrx_word' id='word_1_570' title='bbox 3554 4129 3606 4174; x_wconf 90' lang='lat' dir='ltr'><strong>et</strong></span> 
     </span>
    </p>
   </div>
   <div class='ocr_carea' id='block_1_87' title="bbox 2028 4209 2936 4269">
    <p class='ocr_par' dir='ltr' id='par_1_87' title="bbox 2028 4209 2936 4269">
     <span class='ocr_line' id='line_1_87' title="bbox 2028 4209 2936 4269; baseline -0.004 -4"><span class='ocrx_word' id='word_1_571' title='bbox 2028 4210 2173 4269; x_wconf 86' lang='lat' dir='ltr'><strong>idem</strong></span> <span class='ocrx_word' id='word_1_572' title='bbox 2192 4209 2398 4265; x_wconf 88' lang='lat' dir='ltr'><strong>scilicet</strong></span> <span class='ocrx_word' id='word_1_573' title='bbox 2430 4226 2554 4265; x_wconf 90' lang='lat' dir='ltr'><strong>cum</strong></span> <span class='ocrx_word' id='word_1_574' title='bbox 2583 4209 2936 4265; x_wconf 74' lang='lat' dir='ltr'><strong>Tatarbasar.</strong></span> 
     </span>
    </p>
   </div>
   <div class='ocr_carea' id='block_1_88' title="bbox 2496 4302 3143 4369">
    <p class='ocr_par' dir='ltr' id='par_1_88' title="bbox 2496 4302 3143 4369">
     <span class='ocr_line' id='line_1_88' title="bbox 2496 4302 3143 4369; baseline -0.005 -9"><span class='ocrx_word' id='word_1_575' title='bbox 2496 4304 2590 4360; x_wconf 78' lang='lat'><strong>8.0.</strong></span> <span class='ocrx_word' id='word_1_576' title='bbox 2626 4303 2896 4369; x_wconf 77' lang='lat' dir='ltr'><strong>Manissa,</strong></span> <span class='ocrx_word' id='word_1_577' title='bbox 2932 4302 3143 4357; x_wconf 81' lang='lat' dir='ltr'><strong>Torlac.</strong></span> 
     </span>
    </p>
   </div>
   <div class='ocr_carea' id='block_1_89' title="bbox 2106 4397 3607 4464">
    <p class='ocr_par' dir='ltr' id='par_1_89' title="bbox 2106 4397 3607 4464">
     <span class='ocr_line' id='line_1_89' title="bbox 2106 4397 3607 4464; baseline 0 -12"><span class='ocrx_word' id='word_1_578' title='bbox 2106 4397 2270 4453; x_wconf 76' lang='lat' dir='ltr'><strong>Tur-ci</strong></span> <span class='ocrx_word' id='word_1_579' title='bbox 2333 4397 2628 4452; x_wconf 78' lang='lat' dir='ltr'><strong>Manissam</strong></span> <span class='ocrx_word' id='word_1_580' title='bbox 2688 4406 2881 4449; x_wconf 76' lang='lat' dir='ltr'><strong>vocant</strong></span> <span class='ocrx_word' id='word_1_581' title='bbox 2916 4397 3103 4450; x_wconf 77' lang='lat' dir='ltr'><strong>urbem</strong></span> <span class='ocrx_word' id='word_1_582' title='bbox 3143 4399 3607 4464; x_wconf 81' lang='lat' dir='ltr'><strong>Asiaticam,qu:e</strong></span> 
     </span>
    </p>
   </div>
   <div class='ocr_carea' id='block_1_90' title="bbox 334 4475 3610 4561">
    <p class='ocr_par' dir='ltr' id='par_1_90' title="bbox 334 4475 3610 4561">
     <span class='ocr_line' id='line_1_90' title="bbox 334 4475 3610 4561; baseline -0 -16"><span class='ocrx_word' id='word_1_583' title='bbox 334 4489 689 4546; x_wconf 81' lang='lat' dir='ltr'><strong>existimatur</strong></span> <span class='ocrx_word' id='word_1_584' title='bbox 719 4503 751 4543; x_wconf 87' lang='lat' dir='ltr'><strong>a</strong></span> <span class='ocrx_word' id='word_1_585' title='bbox 774 4487 1070 4557; x_wconf 88' lang='lat' dir='ltr'><strong>plerisque,</strong></span> <span class='ocrx_word' id='word_1_586' title='bbox 1095 4503 1231 4557; x_wconf 89' lang='lat' dir='ltr'><strong>quos</strong></span> <span class='ocrx_word' id='word_1_587' title='bbox 1266 4490 1410 4543; x_wconf 88' lang='lat' dir='ltr'><strong>inter</strong></span> <span class='ocrx_word' id='word_1_588' title='bbox 1432 4501 1485 4543; x_wconf 88' lang='lat' dir='ltr'><strong>et</strong></span> <span class='ocrx_word' id='word_1_589' title='bbox 1524 4490 1729 4553; x_wconf 78' lang='lat' dir='ltr'><strong>Marius</strong></span> <span class='ocrx_word' id='word_1_590' title='bbox 1756 4491 1923 4561; x_wconf 82' lang='lat' dir='ltr'><strong>Niger</strong></span> <span class='ocrx_word' id='word_1_591' title='bbox 1956 4475 1998 4531; x_wconf 76' lang='grc' dir='ltr'>υ</span> <span class='ocrx_word' id='word_1_592' title='bbox 2026 4488 2232 4545; x_wconf 71' lang='lat' dir='ltr'><strong>Gracis</strong></span> <span class='ocrx_word' id='word_1_593' title='bbox 2254 4499 2335 4543; x_wconf 87' lang='lat' dir='ltr'><strong>cst</strong></span> <span class='ocrx_word' id='word_1_594' title='bbox 2371 4488 2655 4558; x_wconf 83' lang='lat' dir='ltr'><strong>Magnisia,</strong></span> <span class='ocrx_word' id='word_1_595' title='bbox 2720 4486 2929 4542; x_wconf 83' lang='lat' dir='ltr'><strong>Latinis</strong></span> <span class='ocrx_word' id='word_1_596' title='bbox 2988 4487 3295 4559; x_wconf 56' lang='lat' dir='ltr'><strong>Magnesia.</strong></span> <span class='ocrx_word' id='word_1_597' title='bbox 3348 4488 3610 4545; x_wconf 89' lang='lat' dir='ltr'><strong>Sansovi-</strong></span> 
     </span>
    </p>
   </div>
   <div class='ocr_carea' id='block_1_91' title="bbox 335 4579 1922 4654">
    <p class='ocr_par' dir='ltr' id='par_1_91' title="bbox 335 4579 1922 4654">
     <span class='ocr_line' id='line_1_91' title="bbox 335 4579 1922 4654; baseline -0.001 -14"><span class='ocrx_word' id='word_1_598' title='bbox 335 4595 453 4648; x_wconf 70' lang='grc' dir='ltr'><strong>ρει,</strong></span> <span class='ocrx_word' id='word_1_599' title='bbox 488 4581 821 4652; x_wconf 87' lang='lat' dir='ltr'><strong>respondere</strong></span> <span class='ocrx_word' id='word_1_600' title='bbox 850 4582 1020 4636; x_wconf 88' lang='lat' dir='ltr'><strong>veteri</strong></span> <span class='ocrx_word' id='word_1_601' title='bbox 1051 4579 1432 4648; x_wconf 64' lang='lat' dir='ltr'><strong>Neocaesariaa,</strong></span> <span class='ocrx_word' id='word_1_602' title='bbox 1500 4599 1664 4653; x_wconf 85' lang='lat' dir='ltr'><strong>quam</strong></span> <span class='ocrx_word' id='word_1_603' title='bbox 1701 4587 1753 4637; x_wconf 91' lang='lat' dir='ltr'><strong>iu</strong></span> <span class='ocrx_word' id='word_1_604' title='bbox 1782 4584 1922 4654; x_wconf 87' lang='lat' dir='ltr'><strong>Cap-</strong></span> 
     </span>
    </p>
   </div>
   <div class='ocr_carea' id='block_1_92' title="bbox 338 4671 1924 4745">
    <p class='ocr_par' dir='ltr' id='par_1_92' title="bbox 338 4671 1924 4745">
     <span class='ocr_line' id='line_1_92' title="bbox 338 4671 1924 4745; baseline 0.002 -19"><span class='ocrx_word' id='word_1_605' title='bbox 338 4675 571 4745; x_wconf 83' lang='lat' dir='ltr'><strong>padocia</strong></span> <span class='ocrx_word' id='word_1_606' title='bbox 606 4673 897 4737; x_wconf 86' lang='lat' dir='ltr'><strong>collocant,</strong></span> <span class='ocrx_word' id='word_1_607' title='bbox 926 4671 1099 4742; x_wconf 90' lang='lat' dir='ltr'><strong>ipsam</strong></span> <span class='ocrx_word' id='word_1_608' title='bbox 1136 4688 1359 4742; x_wconf 86' lang='lat' dir='ltr'><strong>quoque</strong></span> <span class='ocrx_word' id='word_1_609' title='bbox 1421 4675 1758 4742; x_wconf 68' lang='lat' dir='ltr'><strong>provinciam</strong></span> <span class='ocrx_word' id='word_1_610' title='bbox 1780 4675 1924 4744; x_wconf 85' lang='lat' dir='ltr'><strong>Cap-</strong></span> 
     </span>
    </p>
   </div>
   <div class='ocr_carea' id='block_1_93' title="bbox 340 4762 1925 4834">
    <p class='ocr_par' dir='ltr' id='par_1_93' title="bbox 340 4762 1925 4834">
     <span class='ocr_line' id='line_1_93' title="bbox 340 4762 1925 4834; baseline 0.003 -17"><span class='ocrx_word' id='word_1_611' title='bbox 340 4765 588 4834; x_wconf 71' lang='lat' dir='ltr'><strong>padociae</strong></span> <span class='ocrx_word' id='word_1_612' title='bbox 610 4762 907 4818; x_wconf 87' lang='lat' dir='ltr'><strong>Toccatum</strong></span> <span class='ocrx_word' id='word_1_613' title='bbox 935 4763 1245 4832; x_wconf 85' lang='lat' dir='ltr'><strong>appellante</strong></span> <span class='ocrx_word' id='word_1_614' title='bbox 1277 4764 1472 4818; x_wconf 82' lang='lat' dir='ltr'><strong>Pineto</strong></span> <span class='ocrx_word' id='word_1_615' title='bbox 1512 4783 1524 4817; x_wconf 92' lang='lat'><strong>:</strong></span> <span class='ocrx_word' id='word_1_616' title='bbox 1555 4780 1678 4819; x_wconf 90' lang='lat' dir='ltr'><strong>cum</strong></span> <span class='ocrx_word' id='word_1_617' title='bbox 1724 4764 1925 4821; x_wconf 85' lang='lat' dir='ltr'><strong>Leonis</strong></span> 
     </span>
    </p>
   </div>
   <div class='ocr_carea' id='block_1_94' title="bbox 338 4852 1927 4925">
    <p class='ocr_par' dir='ltr' id='par_1_94' title="bbox 338 4852 1927 4925">
     <span class='ocr_line' id='line_1_94' title="bbox 338 4852 1927 4925; baseline -0.001 -14"><span class='ocrx_word' id='word_1_618' title='bbox 338 4855 576 4925; x_wconf 81' lang='lat' dir='ltr'><strong>Augusti</strong></span> <span class='ocrx_word' id='word_1_619' title='bbox 627 4853 854 4909; x_wconf 86' lang='lat' dir='ltr'><strong>Novella</strong></span> <span class='ocrx_word' id='word_1_620' title='bbox 905 4854 973 4908; x_wconf 91' lang='lat' dir='ltr'><strong>de</strong></span> <span class='ocrx_word' id='word_1_621' title='bbox 1030 4853 1267 4917; x_wconf 89' lang='lat' dir='ltr'><strong>thronis,</strong></span> <span class='ocrx_word' id='word_1_622' title='bbox 1337 4852 1736 4912; x_wconf 66' lang='lat' dir='ltr'><strong>Neocaesariam</strong></span> <span class='ocrx_word' id='word_1_623' title='bbox 1796 4855 1927 4909; x_wconf 86' lang='lat' dir='ltr'><strong>facit</strong></span> 
     </span>
    </p>
   </div>
   <div class='ocr_carea' id='block_1_95' title="bbox 340 4945 1926 5018">
    <p class='ocr_par' dir='ltr' id='par_1_95' title="bbox 340 4945 1926 5018">
     <span class='ocr_line' id='line_1_95' title="bbox 340 4945 1926 5018; baseline -0.002 -14"><span class='ocrx_word' id='word_1_624' title='bbox 340 4948 689 5018; x_wconf 88' lang='lat' dir='ltr'><strong>metropolim</strong></span> <span class='ocrx_word' id='word_1_625' title='bbox 732 4946 890 5003; x_wconf 88' lang='lat' dir='ltr'><strong>Ponti</strong></span> <span class='ocrx_word' id='word_1_626' title='bbox 923 4945 1319 5003; x_wconf 88' lang='lat' dir='ltr'><strong>Polemoniaci.</strong></span> <span class='ocrx_word' id='word_1_627' title='bbox 1357 4945 1621 5001; x_wconf 87' lang='lat' dir='ltr'><strong>Tocatam</strong></span> <span class='ocrx_word' id='word_1_628' title='bbox 1650 4947 1790 5002; x_wconf 86' lang='lat' dir='ltr'><strong>hanc</strong></span> <span class='ocrx_word' id='word_1_629' title='bbox 1824 4963 1926 5001; x_wconf 88' lang='lat' dir='ltr'><strong>no-</strong></span> 
     </span>
    </p>
   </div>
   <div class='ocr_carea' id='block_1_96' title="bbox 341 5036 1929 5108">
    <p class='ocr_par' dir='ltr' id='par_1_96' title="bbox 341 5036 1929 5108">
     <span class='ocr_line' id='line_1_96' title="bbox 341 5036 1929 5108; baseline 0 -15"><span class='ocrx_word' id='word_1_630' title='bbox 341 5051 517 5097; x_wconf 89' lang='lat' dir='ltr'><strong>stram</strong></span> <span class='ocrx_word' id='word_1_631' title='bbox 544 5038 821 5094; x_wconf 87' lang='lat' dir='ltr'><strong>Laonicus</strong></span> <span class='ocrx_word' id='word_1_632' title='bbox 874 5036 1171 5093; x_wconf 79' lang='lat' dir='ltr'><strong>Tochatam</strong></span> <span class='ocrx_word' id='word_1_633' title='bbox 1250 5039 1491 5108; x_wconf 83' lang='lat' dir='ltr'><strong>scripsit,</strong></span> <span class='ocrx_word' id='word_1_634' title='bbox 1548 5055 1649 5093; x_wconf 90' lang='lat' dir='ltr'><strong>nec</strong></span> <span class='ocrx_word' id='word_1_635' title='bbox 1704 5040 1929 5103; x_wconf 89' lang='lat' dir='ltr'><strong>desunt,</strong></span> 
     </span>
    </p>
   </div>
   <div class='ocr_carea' id='block_1_97' title="bbox 339 5128 1931 5203">
    <p class='ocr_par' dir='ltr' id='par_1_97' title="bbox 339 5128 1931 5203">
     <span class='ocr_line' id='line_1_97' title="bbox 339 5128 1931 5203; baseline 0.001 -18"><span class='ocrx_word' id='word_1_636' title='bbox 339 5132 439 5203; x_wconf 80' lang='lat' dir='ltr'><strong>qui</strong></span> <span class='ocrx_word' id='word_1_637' title='bbox 466 5132 657 5186; x_wconf 89' lang='lat' dir='ltr'><strong>malint</strong></span> <span class='ocrx_word' id='word_1_638' title='bbox 681 5145 807 5187; x_wconf 87' lang='lat' dir='ltr'><strong>eam</strong></span> <span class='ocrx_word' id='word_1_639' title='bbox 832 5129 1036 5189; x_wconf 87' lang='lat' dir='ltr'><strong>referre</strong></span> <span class='ocrx_word' id='word_1_640' title='bbox 1056 5131 1120 5185; x_wconf 89' lang='lat' dir='ltr'><strong>ad</strong></span> <span class='ocrx_word' id='word_1_641' title='bbox 1141 5128 1477 5185; x_wconf 83' lang='lat' dir='ltr'><strong>Armeniam.</strong></span> <span class='ocrx_word' id='word_1_642' title='bbox 1510 5131 1752 5187; x_wconf 80' lang='lat' dir='ltr'><strong>Bellonio</strong></span> <span class='ocrx_word' id='word_1_643' title='bbox 1782 5141 1931 5186; x_wconf 87' lang='lat' dir='ltr'><strong>certe</strong></span> 
     </span>
    </p>
   </div>
   <div class='ocr_carea' id='block_1_98' title="bbox 341 5218 1932 5295">
    <p class='ocr_par' dir='ltr' id='par_1_98' title="bbox 341 5218 1932 5295">
     <span class='ocr_line' id='line_1_98' title="bbox 341 5218 1932 5295; baseline 0.001 -17"><span class='ocrx_word' id='word_1_644' title='bbox 341 5224 509 5279; x_wconf 72' lang='lat' dir='ltr'><strong>Nisar</strong></span> <span class='ocrx_word' id='word_1_645' title='bbox 543 5232 626 5278; x_wconf 86' lang='lat' dir='ltr'><strong>est</strong></span> <span class='ocrx_word' id='word_1_646' title='bbox 648 5222 1248 5287; x_wconf 54' lang='lat' dir='ltr'><strong>Neocaesariamomine</strong></span> <span class='ocrx_word' id='word_1_647' title='bbox 1263 5218 1580 5288; x_wconf 82' lang='lat' dir='ltr'><strong>recentiori,</strong></span> <span class='ocrx_word' id='word_1_648' title='bbox 1598 5223 1742 5295; x_wconf 84' lang='lat' dir='ltr'><strong>quod</strong></span> <span class='ocrx_word' id='word_1_649' title='bbox 1768 5227 1932 5294; x_wconf 85' lang='lat' dir='ltr'><strong>paulo</strong></span> 
     </span>
    </p>
   </div>
   <div class='ocr_carea' id='block_1_99' title="bbox 344 5316 1932 5389">
    <p class='ocr_par' dir='ltr' id='par_1_99' title="bbox 344 5316 1932 5389">
     <span class='ocr_line' id='line_1_99' title="bbox 344 5316 1932 5389; baseline 0.002 -18"><span class='ocrx_word' id='word_1_650' title='bbox 344 5320 576 5389; x_wconf 87' lang='lat' dir='ltr'><strong>propius</strong></span> <span class='ocrx_word' id='word_1_651' title='bbox 615 5317 683 5371; x_wconf 88' lang='lat' dir='ltr'><strong>ad</strong></span> <span class='ocrx_word' id='word_1_652' title='bbox 720 5316 960 5386; x_wconf 83' lang='lat' dir='ltr'><strong>priscum</strong></span> <span class='ocrx_word' id='word_1_653' title='bbox 1004 5316 1137 5370; x_wconf 91' lang='lat' dir='ltr'><strong>illud</strong></span> <span class='ocrx_word' id='word_1_654' title='bbox 1166 5316 1380 5370; x_wconf 87' lang='lat' dir='ltr'><strong>videtur</strong></span> <span class='ocrx_word' id='word_1_655' title='bbox 1401 5319 1685 5372; x_wconf 85' lang='lat' dir='ltr'><strong>accedere.</strong></span> <span class='ocrx_word' id='word_1_656' title='bbox 1714 5317 1932 5374; x_wconf 85' lang='lat' dir='ltr'><strong>Pedites</strong></span> 
     </span>
    </p>
   </div>
   <div class='ocr_carea' id='block_1_100' title="bbox 344 5409 1934 5480">
    <p class='ocr_par' dir='ltr' id='par_1_100' title="bbox 344 5409 1934 5480">
     <span class='ocr_line' id='line_1_100' title="bbox 344 5409 1934 5480; baseline 0.002 -16"><span class='ocrx_word' id='word_1_657' title='bbox 344 5411 715 5480; x_wconf 79' lang='lat' dir='ltr'><strong>quorumdux</strong></span> <span class='ocrx_word' id='word_1_658' title='bbox 750 5410 804 5464; x_wconf 90' lang='lat' dir='ltr'><strong>in</strong></span> <span class='ocrx_word' id='word_1_659' title='bbox 838 5409 1154 5465; x_wconf 87' lang='lat' dir='ltr'><strong>Valachiam</strong></span> <span class='ocrx_word' id='word_1_660' title='bbox 1187 5410 1496 5478; x_wconf 79' lang='lat' dir='ltr'><strong>profugisse</strong></span> <span class='ocrx_word' id='word_1_661' title='bbox 1518 5410 1737 5477; x_wconf 89' lang='lat' dir='ltr'><strong>dicitur,</strong></span> <span class='ocrx_word' id='word_1_662' title='bbox 1771 5412 1934 5480; x_wconf 88' lang='lat' dir='ltr'><strong>paulo</strong></span> 
     </span>
    </p>
   </div>
   <div class='ocr_carea' id='block_1_101' title="bbox 349 5499 1935 5574">
    <p class='ocr_par' dir='ltr' id='par_1_101' title="bbox 349 5499 1935 5574">
     <span class='ocr_line' id='line_1_101' title="bbox 349 5499 1935 5574; baseline 0.001 -19"><span class='ocrx_word' id='word_1_663' title='bbox 349 5514 479 5557; x_wconf 85' lang='lat' dir='ltr'><strong>ante</strong></span> <span class='ocrx_word' id='word_1_664' title='bbox 514 5501 649 5555; x_wconf 86' lang='lat' dir='ltr'><strong>dicti</strong></span> <span class='ocrx_word' id='word_1_665' title='bbox 686 5500 840 5556; x_wconf 87' lang='lat' dir='ltr'><strong>fuere</strong></span> <span class='ocrx_word' id='word_1_666' title='bbox 870 5499 1240 5572; x_wconf 87' lang='lat' dir='ltr'><strong>stipendiarii,</strong></span> <span class='ocrx_word' id='word_1_667' title='bbox 1275 5500 1469 5557; x_wconf 89' lang='lat' dir='ltr'><strong>Turcis</strong></span> <span class='ocrx_word' id='word_1_668' title='bbox 1502 5502 1690 5573; x_wconf 86' lang='lat' dir='ltr'><strong>Azepi,</strong></span> <span class='ocrx_word' id='word_1_669' title='bbox 1719 5504 1784 5559; x_wconf 88' lang='lat' dir='ltr'><strong>de</strong></span> <span class='ocrx_word' id='word_1_670' title='bbox 1815 5504 1935 5574; x_wconf 90' lang='lat' dir='ltr'><strong>qui-</strong></span> 
     </span>
    </p>
   </div>
   <div class='ocr_carea' id='block_1_102' title="bbox 352 5595 837 5655">
    <p class='ocr_par' dir='ltr' id='par_1_102' title="bbox 352 5595 837 5655">
     <span class='ocr_line' id='line_1_102' title="bbox 352 5595 837 5655; baseline -0.012 -1"><span class='ocrx_word' id='word_1_671' title='bbox 352 5599 452 5655; x_wconf 87' lang='lat' dir='ltr'><strong>bus</strong></span> <span class='ocrx_word' id='word_1_672' title='bbox 484 5610 717 5651; x_wconf 88' lang='lat' dir='ltr'><strong>numero</strong></span> <span class='ocrx_word' id='word_1_673' title='bbox 746 5595 837 5649; x_wconf 76' lang='lat'><strong>72.</strong></span> 
     </span>
    </p>
   </div>
   <div class='ocr_carea' id='block_1_103' title="bbox 563 5686 1720 5763">
    <p class='ocr_par' dir='ltr' id='par_1_103' title="bbox 563 5686 1720 5763">
     <span class='ocr_line' id='line_1_103' title="bbox 563 5686 1720 5763; baseline 0.004 -22"><span class='ocrx_word' id='word_1_674' title='bbox 563 5687 651 5741; x_wconf 84' lang='lat'><strong>77.</strong></span> <span class='ocrx_word' id='word_1_675' title='bbox 696 5686 895 5741; x_wconf 75' lang='lat' dir='ltr'><strong>Varsac</strong></span> <span class='ocrx_word' id='word_1_676' title='bbox 925 5689 1035 5744; x_wconf 75' lang='lat' dir='ltr'><strong>sive</strong></span> <span class='ocrx_word' id='word_1_677' title='bbox 1070 5689 1262 5746; x_wconf 68' lang='lat' dir='ltr'><strong>Versae</strong></span> <span class='ocrx_word' id='word_1_678' title='bbox 1289 5708 1307 5757; x_wconf 90' lang='grc'><em>;</em></span> <span class='ocrx_word' id='word_1_679' title='bbox 1338 5691 1518 5747; x_wconf 73' lang='lat' dir='ltr'><strong>Canite</strong></span> <span class='ocrx_word' id='word_1_680' title='bbox 1547 5692 1720 5763; x_wconf 81' lang='lat' dir='ltr'><strong>begus.</strong></span> 
     </span>
    </p>
   </div>
   <div class='ocr_carea' id='block_1_104' title="bbox 423 5778 1942 5857">
    <p class='ocr_par' dir='ltr' id='par_1_104' title="bbox 423 5778 1942 5857">
     <span class='ocr_line' id='line_1_104' title="bbox 423 5778 1942 5857; baseline 0.001 -17"><span class='ocrx_word' id='word_1_681' title='bbox 423 5778 699 5856; x_wconf 78' lang='lat' dir='ltr'><strong>Oppidum</strong></span> <span class='ocrx_word' id='word_1_682' title='bbox 725 5780 1063 5839; x_wconf 80' lang='lat' dir='ltr'><strong>Caramaniae</strong></span> <span class='ocrx_word' id='word_1_683' title='bbox 1101 5784 1216 5843; x_wconf 87' lang='lat' dir='ltr'><strong>sive</strong></span> <span class='ocrx_word' id='word_1_684' title='bbox 1254 5785 1475 5855; x_wconf 68' lang='lat' dir='ltr'><strong>Ciliciae,</strong></span> <span class='ocrx_word' id='word_1_685' title='bbox 1501 5786 1641 5857; x_wconf 82' lang='lat' dir='ltr'><strong>quad</strong></span> <span class='ocrx_word' id='word_1_686' title='bbox 1701 5788 1942 5846; x_wconf 74' lang='lat' dir='ltr'><strong>Annales</strong></span> 
     </span>
    </p>
   </div>
   <div class='ocr_carea' id='block_1_105' title="bbox 2032 4582 3607 4651">
    <p class='ocr_par' dir='ltr' id='par_1_105' title="bbox 2032 4582 3607 4651">
     <span class='ocr_line' id='line_1_105' title="bbox 2032 4582 3607 4651; baseline -0.002 -13"><span class='ocrx_word' id='word_1_687' title='bbox 2032 4599 2137 4639; x_wconf 88' lang='lat' dir='ltr'><strong>nus</strong></span> <span class='ocrx_word' id='word_1_688' title='bbox 2165 4592 2217 4637; x_wconf 89' lang='lat' dir='ltr'><strong>ct</strong></span> <span class='ocrx_word' id='word_1_689' title='bbox 2239 4583 2330 4636; x_wconf 86' lang='lat' dir='ltr'><strong>alii</strong></span> <span class='ocrx_word' id='word_1_690' title='bbox 2361 4598 2477 4638; x_wconf 84' lang='lat' dir='ltr'><strong>non</strong></span> <span class='ocrx_word' id='word_1_691' title='bbox 2494 4591 2641 4637; x_wconf 88' lang='lat' dir='ltr'><strong>recte</strong></span> <span class='ocrx_word' id='word_1_692' title='bbox 2675 4582 3034 4651; x_wconf 75' lang='lat' dir='ltr'><strong>Mangresiam</strong></span> <span class='ocrx_word' id='word_1_693' title='bbox 3090 4592 3282 4651; x_wconf 87' lang='lat' dir='ltr'><strong>putant</strong></span> <span class='ocrx_word' id='word_1_694' title='bbox 3310 4582 3474 4638; x_wconf 85' lang='lat' dir='ltr'><strong>hodie</strong></span> <span class='ocrx_word' id='word_1_695' title='bbox 3505 4599 3607 4636; x_wconf 84' lang='lat' dir='ltr'><strong>no-</strong></span> 
     </span>
    </p>
   </div>
   <div class='ocr_carea' id='block_1_106' title="bbox 2034 4673 3610 4747">
    <p class='ocr_par' dir='ltr' id='par_1_106' title="bbox 2034 4673 3610 4747">
     <span class='ocr_line' id='line_1_106' title="bbox 2034 4673 3610 4747; baseline 0.001 -17"><span class='ocrx_word' id='word_1_696' title='bbox 2034 4675 2256 4730; x_wconf 88' lang='lat' dir='ltr'><strong>minari.</strong></span> <span class='ocrx_word' id='word_1_697' title='bbox 2289 4673 2424 4730; x_wconf 87' lang='lat' dir='ltr'><strong>Sunt</strong></span> <span class='ocrx_word' id='word_1_698' title='bbox 2452 4687 2634 4729; x_wconf 88' lang='lat' dir='ltr'><strong>autem</strong></span> <span class='ocrx_word' id='word_1_699' title='bbox 2663 4675 2716 4728; x_wconf 91' lang='lat' dir='ltr'><strong>in</strong></span> <span class='ocrx_word' id='word_1_700' title='bbox 2752 4675 2876 4730; x_wconf 83' lang='lat' dir='ltr'><strong>Asia</strong></span> <span class='ocrx_word' id='word_1_701' title='bbox 2929 4676 3123 4729; x_wconf 86' lang='lat' dir='ltr'><strong>minori</strong></span> <span class='ocrx_word' id='word_1_702' title='bbox 3176 4676 3425 4731; x_wconf 81' lang='lat' dir='ltr'><strong>civitates</strong></span> <span class='ocrx_word' id='word_1_703' title='bbox 3451 4676 3610 4747; x_wconf 85' lang='lat' dir='ltr'><strong>hujus</strong></span> 
     </span>
    </p>
   </div>
   <div class='ocr_carea' id='block_1_107' title="bbox 2036 4766 3609 4837">
    <p class='ocr_par' dir='ltr' id='par_1_107' title="bbox 2036 4766 3609 4837">
     <span class='ocr_line' id='line_1_107' title="bbox 2036 4766 3609 4837; baseline 0 -14"><span class='ocrx_word' id='word_1_704' title='bbox 2036 4769 2279 4824; x_wconf 88' lang='lat' dir='ltr'><strong>nominis</strong></span> <span class='ocrx_word' id='word_1_705' title='bbox 2331 4769 2492 4833; x_wconf 83' lang='lat' dir='ltr'><strong>duae,</strong></span> <span class='ocrx_word' id='word_1_706' title='bbox 2558 4783 2792 4837; x_wconf 85' lang='lat' dir='ltr'><strong>quarum</strong></span> <span class='ocrx_word' id='word_1_707' title='bbox 2855 4784 2964 4823; x_wconf 88' lang='lat' dir='ltr'><strong>una</strong></span> <span class='ocrx_word' id='word_1_708' title='bbox 3016 4766 3217 4823; x_wconf 86' lang='lat' dir='ltr'><strong>dicitur</strong></span> <span class='ocrx_word' id='word_1_709' title='bbox 3284 4768 3350 4823; x_wconf 89' lang='lat' dir='ltr'><strong>ad</strong></span> <span class='ocrx_word' id='word_1_710' title='bbox 3393 4784 3609 4824; x_wconf 87' lang='lat' dir='ltr'><strong>amnem</strong></span> 
     </span>
    </p>
   </div>
   <div class='ocr_carea' id='block_1_108' title="bbox 2034 4858 3609 4932">
    <p class='ocr_par' dir='ltr' id='par_1_108' title="bbox 2034 4858 3609 4932">
     <span class='ocr_line' id='line_1_108' title="bbox 2034 4858 3609 4932; baseline 0.001 -21"><span class='ocrx_word' id='word_1_711' title='bbox 2034 4858 2363 4914; x_wconf 75' lang='lat' dir='ltr'><strong>Maeandrum</strong></span> <span class='ocrx_word' id='word_1_712' title='bbox 2388 4860 2488 4914; x_wconf 90' lang='lat' dir='ltr'><strong>sita</strong></span> <span class='ocrx_word' id='word_1_713' title='bbox 2518 4858 2818 4929; x_wconf 80' lang='lat' dir='ltr'><strong>Magnesia;</strong></span> <span class='ocrx_word' id='word_1_714' title='bbox 2854 4862 2991 4914; x_wconf 87' lang='lat' dir='ltr'><strong>hanc</strong></span> <span class='ocrx_word' id='word_1_715' title='bbox 3016 4861 3302 4930; x_wconf 66' lang='lat' dir='ltr'><strong>Ephesium</strong></span> <span class='ocrx_word' id='word_1_716' title='bbox 3328 4863 3609 4932; x_wconf 87' lang='lat' dir='ltr'><strong>metropoli</strong></span> 
     </span>
    </p>
   </div>
   <div class='ocr_carea' id='block_1_109' title="bbox 2032 4950 3612 5022">
    <p class='ocr_par' dir='ltr' id='par_1_109' title="bbox 2032 4950 3612 5022">
     <span class='ocr_line' id='line_1_109' title="bbox 2032 4950 3612 5022; baseline 0 -17"><span class='ocrx_word' id='word_1_717' title='bbox 2032 4950 2255 5007; x_wconf 85' lang='lat' dir='ltr'><strong>Novella</strong></span> <span class='ocrx_word' id='word_1_718' title='bbox 2317 4950 2514 5009; x_wconf 79' lang='lat' dir='ltr'><strong>Leonis</strong></span> <span class='ocrx_word' id='word_1_719' title='bbox 2589 4951 2819 5021; x_wconf 76' lang='lat' dir='ltr'><strong>Augusti</strong></span> <span class='ocrx_word' id='word_1_720' title='bbox 2889 4953 3156 5022; x_wconf 85' lang='lat' dir='ltr'><strong>subjicit;</strong></span> <span class='ocrx_word' id='word_1_721' title='bbox 3248 4954 3474 5008; x_wconf 81' lang='lat' dir='ltr'><strong>alteram</strong></span> <span class='ocrx_word' id='word_1_722' title='bbox 3547 4956 3612 5008; x_wconf 88' lang='lat' dir='ltr'><strong>ad</strong></span> 
     </span>
    </p>
   </div>
   <div class='ocr_carea' id='block_1_110' title="bbox 2035 5047 3609 5117">
    <p class='ocr_par' dir='ltr' id='par_1_110' title="bbox 2035 5047 3609 5117">
     <span class='ocr_line' id='line_1_110' title="bbox 2035 5047 3609 5117; baseline 0 -17"><span class='ocrx_word' id='word_1_723' title='bbox 2035 5047 2419 5116; x_wconf 76' lang='lat' dir='ltr'><strong>smyrncnsem</strong></span> <span class='ocrx_word' id='word_1_724' title='bbox 2457 5049 2797 5117; x_wconf 87' lang='lat' dir='ltr'><strong>tnetropolim</strong></span> <span class='ocrx_word' id='word_1_725' title='bbox 2835 5048 3021 5113; x_wconf 90' lang='lat' dir='ltr'><strong>refert,</strong></span> <span class='ocrx_word' id='word_1_726' title='bbox 3046 5048 3423 5104; x_wconf 61' lang='grc' dir='ltr'><strong>ρειπωιιίδείωο</strong></span> <span class='ocrx_word' id='word_1_727' title='bbox 3452 5048 3609 5102; x_wconf 89' lang='lat' dir='ltr'><strong>sitam</strong></span> 
     </span>
    </p>
   </div>
   <div class='ocr_carea' id='block_1_111' title="bbox 2034 5138 3613 5210">
    <p class='ocr_par' dir='ltr' id='par_1_111' title="bbox 2034 5138 3613 5210">
     <span class='ocr_line' id='line_1_111' title="bbox 2034 5138 3613 5210; baseline 0.001 -18"><span class='ocrx_word' id='word_1_728' title='bbox 2034 5153 2228 5194; x_wconf 86' lang='lat' dir='ltr'><strong>versus</strong></span> <span class='ocrx_word' id='word_1_729' title='bbox 2256 5138 2501 5210; x_wconf 60' lang='lat' dir='ltr'><strong>{Eg-arum</strong></span> <span class='ocrx_word' id='word_1_730' title='bbox 2538 5155 2688 5196; x_wconf 86' lang='lat' dir='ltr'><strong>mare</strong></span> <span class='ocrx_word' id='word_1_731' title='bbox 2721 5142 2861 5196; x_wconf 84' lang='lat' dir='ltr'><strong>loco.</strong></span> <span class='ocrx_word' id='word_1_732' title='bbox 2925 5144 3187 5210; x_wconf 57' lang='lat' dir='ltr'><strong>superest</strong></span> <span class='ocrx_word' id='word_1_733' title='bbox 3248 5141 3411 5193; x_wconf 82' lang='lat' dir='ltr'><strong>ctiam</strong></span> <span class='ocrx_word' id='word_1_734' title='bbox 3472 5155 3613 5194; x_wconf 82' lang='lat' dir='ltr'><strong>nunc</strong></span> 
     </span>
    </p>
   </div>
   <div class='ocr_carea' id='block_1_112' title="bbox 2037 5234 3613 5303">
    <p class='ocr_par' dir='ltr' id='par_1_112' title="bbox 2037 5234 3613 5303">
     <span class='ocr_line' id='line_1_112' title="bbox 2037 5234 3613 5303; baseline -0.001 -17"><span class='ocrx_word' id='word_1_735' title='bbox 2037 5240 2286 5302; x_wconf 90' lang='lat' dir='ltr'><strong>utraque,</strong></span> <span class='ocrx_word' id='word_1_736' title='bbox 2328 5234 2419 5287; x_wconf 89' lang='lat' dir='ltr'><strong>sed</strong></span> <span class='ocrx_word' id='word_1_737' title='bbox 2451 5235 2805 5302; x_wconf 85' lang='lat' dir='ltr'><strong>posteriorem</strong></span> <span class='ocrx_word' id='word_1_738' title='bbox 2836 5235 2982 5288; x_wconf 90' lang='lat' dir='ltr'><strong>illam</strong></span> <span class='ocrx_word' id='word_1_739' title='bbox 3020 5242 3170 5303; x_wconf 87' lang='lat' dir='ltr'><strong>puta,</strong></span> <span class='ocrx_word' id='word_1_740' title='bbox 3204 5247 3367 5300; x_wconf 84' lang='lat' dir='ltr'><strong>quam</strong></span> <span class='ocrx_word' id='word_1_741' title='bbox 3415 5234 3613 5286; x_wconf 90' lang='lat' dir='ltr'><strong>sultani</strong></span> 
     </span>
    </p>
   </div>
   <div class='ocr_carea' id='block_1_113' title="bbox 2040 5321 3619 5388">
    <p class='ocr_par' dir='ltr' id='par_1_113' title="bbox 2040 5321 3619 5388">
     <span class='ocr_line' id='line_1_113' title="bbox 2040 5321 3619 5388; baseline 0 -12"><span class='ocrx_word' id='word_1_742' title='bbox 2040 5321 2255 5378; x_wconf 83' lang='lat' dir='ltr'><strong>Turcici</strong></span> <span class='ocrx_word' id='word_1_743' title='bbox 2294 5324 2417 5381; x_wconf 83' lang='lat' dir='ltr'><strong>filiis</strong></span> <span class='ocrx_word' id='word_1_744' title='bbox 2451 5326 2565 5379; x_wconf 85' lang='lat' dir='ltr'><strong>suis</strong></span> <span class='ocrx_word' id='word_1_745' title='bbox 2596 5325 3002 5379; x_wconf 81' lang='lat' dir='ltr'><strong>inhabitandam</strong></span> <span class='ocrx_word' id='word_1_746' title='bbox 3030 5324 3311 5388; x_wconf 78' lang='lat' dir='ltr'><strong>assignare</strong></span> <span class='ocrx_word' id='word_1_747' title='bbox 3332 5323 3510 5375; x_wconf 84' lang='lat' dir='ltr'><strong>solent</strong></span> <span class='ocrx_word' id='word_1_748' title='bbox 3534 5324 3619 5376; x_wconf 83' lang='lat' dir='ltr'><strong>in-</strong></span> 
     </span>
    </p>
   </div>
   <div class='ocr_carea' id='block_1_114' title="bbox 2038 5416 3619 5484">
    <p class='ocr_par' dir='ltr' id='par_1_114' title="bbox 2038 5416 3619 5484">
     <span class='ocr_line' id='line_1_114' title="bbox 2038 5416 3619 5484; baseline 0.001 -17"><span class='ocrx_word' id='word_1_749' title='bbox 2038 5416 2281 5471; x_wconf 49' lang='lat' dir='ltr'><strong>‘ietcrata</strong></span> <span class='ocrx_word' id='word_1_750' title='bbox 2314 5418 2708 5472; x_wconf 84' lang='lat' dir='ltr'><strong>consuetudine</strong></span> <span class='ocrx_word' id='word_1_751' title='bbox 2734 5434 2745 5469; x_wconf 93' lang='lat'>:</span> <span class='ocrx_word' id='word_1_752' title='bbox 2770 5417 2912 5471; x_wconf 90' lang='lat' dir='ltr'><strong>sicut</strong></span> <span class='ocrx_word' id='word_1_753' title='bbox 2936 5416 3137 5470; x_wconf 87' lang='lat' dir='ltr'><strong>ibidem</strong></span> <span class='ocrx_word' id='word_1_754' title='bbox 3162 5416 3404 5470; x_wconf 86' lang='lat' dir='ltr'><strong>diximus</strong></span> <span class='ocrx_word' id='word_1_755' title='bbox 3428 5431 3619 5484; x_wconf 84' lang='lat' dir='ltr'><strong>supra,</strong></span> 
     </span>
    </p>
   </div>
   <div class='ocr_carea' id='block_1_115' title="bbox 2042 5506 3617 5579">
    <p class='ocr_par' dir='ltr' id='par_1_115' title="bbox 2042 5506 3617 5579">
     <span class='ocr_line' id='line_1_115' title="bbox 2042 5506 3617 5579; baseline 0 -19"><span class='ocrx_word' id='word_1_756' title='bbox 2042 5506 2194 5575; x_wconf 80' lang='lat' dir='ltr'><strong>jussu</strong></span> <span class='ocrx_word' id='word_1_757' title='bbox 2223 5519 2449 5577; x_wconf 86' lang='lat' dir='ltr'><strong>paterno</strong></span> <span class='ocrx_word' id='word_1_758' title='bbox 2507 5508 2621 5579; x_wconf 88' lang='lat' dir='ltr'><strong>jam</strong></span> <span class='ocrx_word' id='word_1_759' title='bbox 2667 5507 3087 5571; x_wconf 85' lang='lat' dir='ltr'><strong>Muchemctem,</strong></span> <span class='ocrx_word' id='word_1_760' title='bbox 3138 5507 3358 5562; x_wconf 90' lang='lat' dir='ltr'><strong>unicum</strong></span> <span class='ocrx_word' id='word_1_761' title='bbox 3413 5506 3617 5562; x_wconf 86' lang='lat' dir='ltr'><strong>sultani</strong></span> 
     </span>
    </p>
   </div>
   <div class='ocr_carea' id='block_1_116' title="bbox 2044 5600 3621 5672">
    <p class='ocr_par' dir='ltr' id='par_1_116' title="bbox 2044 5600 3621 5672">
     <span class='ocr_line' id='line_1_116' title="bbox 2044 5600 3621 5672; baseline -0.001 -17"><span class='ocrx_word' id='word_1_762' title='bbox 2044 5601 2271 5657; x_wconf 73' lang='lat' dir='ltr'><strong>Muralis</strong></span> <span class='ocrx_word' id='word_1_763' title='bbox 2295 5602 2363 5656; x_wconf 87' lang='grc' dir='ltr'><strong>ιιι</strong></span> <span class='ocrx_word' id='word_1_764' title='bbox 2417 5603 2611 5665; x_wconf 86' lang='lat' dir='ltr'><strong>lilium,</strong></span> <span class='ocrx_word' id='word_1_765' title='bbox 2645 5602 2863 5672; x_wconf 77' lang='lat' dir='ltr'><strong>degere.</strong></span> <span class='ocrx_word' id='word_1_766' title='bbox 2889 5600 3086 5656; x_wconf 89' lang='lat' dir='ltr'><strong>Torlac</strong></span> <span class='ocrx_word' id='word_1_767' title='bbox 3112 5616 3306 5655; x_wconf 91' lang='lat' dir='ltr'><strong>nomen</strong></span> <span class='ocrx_word' id='word_1_768' title='bbox 3339 5610 3423 5655; x_wconf 88' lang='lat' dir='ltr'><strong>est</strong></span> <span class='ocrx_word' id='word_1_769' title='bbox 3476 5602 3621 5670; x_wconf 87' lang='lat' dir='ltr'><strong>apud</strong></span> 
     </span>
    </p>
   </div>
   <div class='ocr_carea' id='block_1_117' title="bbox 2048 5692 3621 5764">
    <p class='ocr_par' dir='ltr' id='par_1_117' title="bbox 2048 5692 3621 5764">
     <span class='ocr_line' id='line_1_117' title="bbox 2048 5692 3621 5764; baseline 0 -16"><span class='ocrx_word' id='word_1_770' title='bbox 2048 5693 2253 5749; x_wconf 82' lang='lat' dir='ltr'><strong>Turcos</strong></span> <span class='ocrx_word' id='word_1_771' title='bbox 2286 5694 2421 5751; x_wconf 88' lang='lat' dir='ltr'><strong>certi</strong></span> <span class='ocrx_word' id='word_1_772' title='bbox 2444 5694 2659 5764; x_wconf 80' lang='lat' dir='ltr'><strong>generis</strong></span> <span class='ocrx_word' id='word_1_773' title='bbox 2690 5693 3090 5764; x_wconf 86' lang='lat' dir='ltr'><strong>religiosorum,</strong></span> <span class='ocrx_word' id='word_1_774' title='bbox 3115 5692 3329 5747; x_wconf 83' lang='lat' dir='ltr'><strong>diversa</strong></span> <span class='ocrx_word' id='word_1_775' title='bbox 3374 5692 3621 5762; x_wconf 65' lang='lat' dir='ltr'><strong>quaedam</strong></span> 
     </span>
    </p>
   </div>
   <div class='ocr_carea' id='block_1_118' title="bbox 2043 5785 3622 5858">
    <p class='ocr_par' dir='ltr' id='par_1_118' title="bbox 2043 5785 3622 5858">
     <span class='ocr_line' id='line_1_118' title="bbox 2043 5785 3622 5858; baseline 0.001 -16"><span class='ocrx_word' id='word_1_776' title='bbox 2043 5803 2071 5842; x_wconf 89' lang='lat' dir='ltr'><strong>a</strong></span> <span class='ocrx_word' id='word_1_777' title='bbox 2102 5786 2462 5844; x_wconf 80' lang='lat' dir='ltr'><strong>Calcndorum</strong></span> <span class='ocrx_word' id='word_1_778' title='bbox 2491 5798 2542 5845; x_wconf 89' lang='lat' dir='ltr'><strong>et</strong></span> <span class='ocrx_word' id='word_1_779' title='bbox 2573 5787 2941 5846; x_wconf 86' lang='lat' dir='ltr'><strong>Dcrvisiorum</strong></span> <span class='ocrx_word' id='word_1_780' title='bbox 2996 5785 3344 5858; x_wconf 78' lang='lat' dir='ltr'><strong>professione</strong></span> <span class='ocrx_word' id='word_1_781' title='bbox 3382 5800 3622 5856; x_wconf 81' lang='lat' dir='ltr'><strong>sequen-</strong></span> 
     </span>
    </p>
   </div>
  </div>
