4048 6208
500 290 598 353 791

1726 297 2057 358 JUANNlS
2095 302 2561 378 LEUNt.LAVlI

3666 307 3775 373 79$

502 410 574 462 Iis
608 409 853 464 instituta
892 427 906 465 :
939 409 1005 464 de
1027 409 1229 480 quibus
1269 409 1526 464 omnibus
1567 425 1665 465 suo
1696 412 1986 466 dicendum
2010 413 2088 467 lo-
2115 418 2161 478 Α
2195 417 2394 472 ualinm
2435 419 2634 484 verbis,
2673 436 2700 474 e
2731 420 2915 488 lingua
2982 422 3310 478 Germanica
3360 418 3554 476 Latine
3598 421 3780 475 reddi-

507 516 592 552 σευ.
627 498 799 555 Etbic
847 500 936 555 ille
987 500 1243 555 Torlacrs
1284 503 1589 558 monachus
1635 505 1750 559 sive
1796 505 2085 574 religiosus

503 604 606 655 est.
646 594 802 662 cujus
828 593 1004 648 obiter
1038 596 1370 649 mentionem
1427 613 1592 668 supra
1642 597 1875 656 fecimus
1895 613 2085 651 unme-

507 705 567 737 ου
602 700 852 740 notatum
895 686 982 742 64.
1017 686 1091 742 De
1132 687 1312 743 Serris
1367 699 1524 744 antea
1576 690 1782 744 dictum
1853 706 2085 747 numero

509 780 593 832 15.
621 777 927 833 Salonicam
969 781 1128 851 vulgo
1178 788 1362 840 notum
1416 782 1613 851 priscis
1663 782 1864 843 dictam
1916 781 2085 853 fuisse

506 870 977 926 Thessalonicam.

504 985 591 1042 8i.
633 984 904 1050 Sclieiclte,
941 987 1129 1053 Soplii,
1158 990 1331 1056 prima
1359 988 1816 1058 iSapliiIart'arum
1867 991 2082 1046 sedilia.

588 1076 724 1130 Snut
759 1079 874 1132 hate
908 1095 1126 1148 quoque
1165 1081 1385 1138 nomina
1421 1082 1537 1136 sive
1569 1083 1945 1147 sacerdotum,
1971 1083 2086 1138 sive

508 1169 804 1234 peritmum
841 1170 1235 1228 Mahumetanaa
1267 1173 1421 1241 legis,
1458 1184 1512 1228 et
1537 1175 1782 1244 ejusdem
1810 1175 2085 1244 interpre-

507 1263 968 1320 tum.Scheiches
997 1266 1141 1334 apud
1174 1264 1387 1321 'l‘urcos
1448 1279 1586 1337 pene
1629 1282 1728 1337 pro
1786 1267 1918 1322 viris
1963 1283 2090 1321 san-

504 1357 609 1411 ctis
642 1357 936 1422 habentur,
963 1359 1128 1412 veluti
1167 1361 1260 1428 qui
1291 1361 1597 1413 animarum
1625 1373 1812 1436 curam
1870 1370 2084 1430 gerant.

509 1450 584 1503 lix
627 1449 820 1503 borum
855 1466 1086 1507 numero
1108 1452 1396 1521 quemdam
1427 1451 1529 1506 sibi
1563 1451 1748 1519 deligit
1771 1453 1938 1506 etiam
1973 1451 2088 1520 ipse

508 1541 814 1596 'l‘urcorum
858 1543 1128 1608 sultanus,
1200 1559 1362 1612 quem
1423 1543 1474 1598 in
1534 1544 1817 1607 omnibus,
1867 1559 1990 1613 qua
2017 1543 2084 1597 ad

507 1635 736 1688 salutem
769 1635 965 1690 animae
989 1651 1100 1700 sua:
1146 1640 1418 1706 pertinere
1437 1647 1610 1705 putat,
1652 1637 1907 1692 consulit.
1962 1637 2086 1692 (Ite-

509 1737 682 1780 terunt
705 1729 805 1782 hoc
829 1731 946 1782 loco
970 1731 1139 1798 prima
1167 1731 1402 1786 notanda
1430 1730 1865 1796 Sopliilariorum
1902 1731 1952 1784 in
1974 1732 2086 1784 An-

508 1820 723 1876 nalibus
751 1821 897 1874 hisce
931 1822 1158 1883 mentio,
1187 1822 1254 1875 de
1275 1822 1480 1889 quibus
1543 1822 1682 1874 infra
1732 1835 1831 1879 suo
1887 1821 2087 1876 dicturi

505 1912 628 1966 loco
657 1913 1090 1969 sumus.Eorum
1120 1928 1320 1968 nomen
1353 1931 1458 1968 non
1522 1921 1550 1970 a
1607 1914 1797 1968 Graeco
1852 1914 2086 1980 Sephos.

505 2004 649 2070 quod
678 2004 980 2077 sapientem
1009 2003 1306 2075 significat,
1341 2004 1435 2058 sed
1497 2020 1525 2057 a
1553 2005 1741 2072 Sophi,
1793 2019 1924 2058 voce
1953 2007 2091 2060 Ara-

509 2094 1093 2164 bicatlerivatum,qua
1155 2086 1448 2155 denotatur
1497 2093 1642 2163 lana.
1673 2093 1807 2150 Nam
1845 2094 2089 2161 biSOphi

509 2187 829 2254 profitentur
894 2189 1217 2259 religionem
1246 2188 1460 2253 caeteris
1514 2187 1918 2248 Mabumetanis
1992 2205 2091 2241 uo-

507 2297 655 2351 vatn,
690 2297 812 2350 qua:
844 2283 1095 2352 praecipit
1124 2283 1266 2336 inter
1295 2282 1421 2348 alia,
1462 2297 1529 2335 ne
1571 2291 1736 2350 caput
1767 2281 1909 2336 fastu
1955 2296 2089 2351 quo-

507 2376 630 2428 itam
660 2375 817 2429 lineis
852 2375 1014 2444 spiris
1058 2375 1386 2440 involvatur,
1442 2376 1588 2445 quod
1637 2374 1807 2430 Turci
1839 2376 2091 2429 factitare

415 2492 428 2503 υ
506 2467 704 2534 solent,
725 2467 817 2522 sed
841 2468 916 2521 uti
941 2469 1178 2537 capitum
1198 2476 1507 2541 tegumenta
1526 2467 1791 2522 duntaxat
1809 2467 2089 2522 humilita-

509 2560 577 2621 tis
607 2561 995 2630 modestiaeque
1053 2561 1395 2617 declaranda:
1432 2575 1598 2625 causa
1626 2559 1694 2614 de
1721 2560 1842 2614 lana
1861 2559 2086 2614 contici-

506 2663 686 2721 antur.
726 2651 886 2716 Plura
933 2653 1000 2708 de
1057 2652 1166 2719 his,
1220 2652 1312 2706 ubi
1339 2651 1598 2722 deinCeps
1620 2654 1686 2706 ad
1717 2651 2086 2721 Sophinornm

508 2743 837 2801 mentionem
897 2753 1212 2814 perventum
1292 2744 1477 2806 tuerit.
1541 2745 1843 2813 exposituri
1911 2743 2088 2822 capite

509 2836 610 2893 188
643 2851 862 2892 sumus.

647 2931 737 2984 8‘2.
766 2931 906 2985 Auni
933 2933 1288 2999 Mnchemetis,
1329 2932 1502 3003 lsmyr
1543 2935 1596 2986 in
1632 2933 1905 2986 Auatolia.

579 3021 907 3093 Bedegiuius
943 3041 1129 3094 supra,
1164 3039 1392 3080 numero
1426 3036 1683 3079 notarum
1717 3024 1808 3087 47,
1835 3026 2077 3078 sultano-

2193 509 2280 571 tis,
2305 524 2662 578 exponemus.
2717 513 2899 579 Anno,
2927 512 3210 582 inquiunt,
3249 512 3386 567 1548
3453 510 3778 580 lludolplius

2193 600 2445 655 Saxonis:
2477 604 2583 656 dux
2622 619 2808 658 secum
2839 605 3332 676 ipse’dispiciebat,
3352 621 3460 674 qua
3485 605 3568 658 via
3596 606 3780 665 Ludo-

2193 690 2371 746 vicum
2413 689 2701 760 Bavarum,
2739 694 3002 750 Ludovici
3053 697 3283 766 Augusti
3337 697 3532 752 Bavari
3580 697 3777 765 lilium,

2193 783 2502 851 principatu
2551 785 3023 860 Braudeburgensi
3082 789 3246 863 432
3299 791 3501 860 pellere
3547 799 3775 860 posset.

2189 876 2334 943 quod
2370 877 2588 945 quidem
2625 895 2814 948 parum
2858 882 3057 949 abfuit,
3087 887 3220 952 quin
3250 883 3553 953 perliceret.
3589 885 3777 939 Divul-

2189 969 2353 1038 gabat
2375 970 2542 1035 enim,
2577 975 2962 1029 marchiouem
3003 976 3396 1032 Voldemarum
3431 978 3781 1033 Braudebur-

2191 1077 2434 1134 genseni,
2465 1066 2559 1136 qui
2593 1076 2720 1121 ante
2746 1069 2966 1138 triginta
3028 1081 3080 1125 et
3108 1087 3278 1130 unum
3306 1087 3485 1127 annos
3514 1073 3775 1136 amissus,

2191 1157 2658 1225 peregrinationes
2690 1163 2869 1233 varias
2906 1163 3100 1232 privati
3159 1166 3402 1220 hominis
3440 1166 3626 1221 habitu
3660 1181 3780 1222 sus-

2191 1250 2688 1318 ceptasobivisset,
2735 1270 2882 1309 nunc
2919 1258 3136 1316 tandem
3187 1258 3470 1314 inventum
3494 1252 3634 1315 esse.
3668 1259 3779 1315 lloc

2193 1350 2353 1398 modo
2419 1349 2738 1414 productum
2766 1348 2818 1401 in
2849 1363 3069 1404 scenam
3129 1352 3436 1408 molitorem
3463 1353 3778 1422 quemdam,

2192 1454 2379 1494 verum
2403 1442 2682 1495 asserebat
2735 1457 2855 1496 esse
2921 1439 3333 1510 Voldeinarum,
3402 1447 3772 1505 marcbionem

2193 1532 2718 1604 Braudeburgicnm.
2747 1537 2840 1590 llle
2875 1553 3002 1592 vero
3034 1539 3260 1592 molitor
3313 1539 3368 1593 in
3420 1539 3660 1594 Saronia
3690 1556 3780 1594 se.—

2191 1633 2340 1681 creto
2370 1627 2616 1696 pluribus
2646 1630 2806 1684 annis
2835 1630 3075 1696 habitus,
3111 1645 3176 1686 ea
3213 1632 3366 1701 signa
3419 1635 3781 1703 corporisque

2192 1727 2370 1782 notas,
2405 1719 2831 1791 quibuscunque
2868 1723 2982 1777 fieri
3033 1732 3285 1792 potuerat
3315 1725 3526 1780 artibus
3559 1735 3610 1780 et
3631 1736 3779 1792 astu,

2195 1821 2518 1883 acceperat,
2560 1823 2622 1870 ut
2685 1815 3027 1872 confidenter
3088 1817 3460 1886 proﬁteretur,
3507 1820 3674 1874 certis
3725 1835 3782 1874 se

2195 1906 2548 1976 probaturum
2577 1907 2947 1973 documentis,
2979 1923 3105 1964 Vere
3151 1925 3211 1965 se
3243 1911 3617 1965 marchionem
3661 1911 3780 1966 Vol-

2194 1997 2475 2051 deniarum
2503 2012 2644 2056 esse.
2671 1997 2794 2066 Mox
2818 2013 2950 2068 ergo
2983 2002 3183 2069 reperti
3243 2002 3423 2056 denuo
3492 2000 3780 2056 Voldema-

2194 2089 2237 2150 ri
2267 2089 2619 2154 mart-hionis,
2649 2099 2730 2145 tot
2768 2091 2838 2146 ab
2859 2093 3019 2148 annis
3067 2092 3282 2154 amissi.
3311 2094 3454 2150 fama
3481 2109 3575 2164 per
3590 2110 3782 2149 omnes

2197 2183 2445 2253 regiones
2471 2184 2640 2238 didita
2671 2184 2796 2250 fult;
2817 2201 2993 2257 eoque
3015 2202 3234 2244 rumore
3275 2188 3540 2258 permotis
3575 2188 3780 2242 inulto-

2193 2291 2316 2330 rum
2352 2278 2574 2344 animis,
2612 2279 2893 2349 complura
2922 2279 3168 2345 castella,
3206 2295 3330 2334 cum
3379 2281 3697 2336 civitatibus
3727 2291 3782 2335 et

2193 2370 2431 2440 oppidis,
2469 2371 2708 2426 molitori
2742 2371 3074 2437 deditionem
3097 2372 3398 2428 iaciebant.
3433 2372 3491 2426 Si
3522 2372 3616 2442 qui
3644 2387 3776 2426 vero

2192 2461 2391 2518 dedere
2410 2473 2469 2518 se
2497 2464 2724 2528 nollent,
2759 2473 2869 2520 tam
2905 2465 3266 2521 auxiliaribus
3283 2465 3475 2520 Karnli
3507 2463 3779 2519 Buheniize

2194 2554 2359 2626 regis,
2395 2564 2450 2611 et
2469 2557 2815 2626 imperatoris
2844 2559 3236 2628 septemvirum
3269 2558 3638 2630 quorumdam
3660 2558 3779 2612 suf-

2193 2647 2382 2718 fragiis
2410 2649 2591 2715 electi,
2611 2651 2705 2720 qui
2735 2639 2950 2707 Bav'aro‘
2975 2652 3210 2709 infestus
3240 2661 3380 2718 erat,
3404 2665 3568 2721 quam
3595 2649 3778 2706 Saxo-

2193 2740 2279 2795 nis
2313 2739 2589 2812 lludolphi
2620 2744 2817 2819 copiis,
2853 2746 2919 2797 ad
2938 2744 3324 2814 accipiendum
3364 2742 3639 2800 molitoris
3672 2741 3775 2802 im:

2194 2835 2427 2901 perium,
2498 2837 2912 2906 adigebantur:
2979 2839 3116 2893 adeo
3174 2839 3420 2909 quidem,
3481 2838 3661 2893 minor
3716 2849 3780 2892 ut

2192 2925 2616 2998 Brandeburgiei
2654 2931 2994 3002 principatus
3053 2947 3181 3002 pars
3234 2933 3290 2986 in
3350 2940 3622 3004 potestate
3667 2929 3774 2991 Bas

2193 3022 2304 3078 vari
2332 3034 2599 3094 maneret.
2637 3024 2678 3077 Τ
2683 3025 2878 3079 andem
2912 3026 3271 3090 intellectum,
3306 3023 3611 3080 molitorem
3647 3037 3775 3079 esse

506 3131 625 3176 rum
660 3130 853 3182 annos,
887 3116 1085 3185 quibus
1115 3124 1434 3189 regnarunt,
1459 3117 1522 3170 ad
1557 3126 1740 3175 certos
1800 3130 2078 3181 numeros.
2111 3119 2157 3183 ε
2187 3115 2280 3184 qui
2339 3129 2398 3168 se
2459 3129 2559 3183 pro
2614 3117 2934 3174 marcbione
2995 3117 3321 3173 Voldemaro
3378 3125 3615 3186 gereret.
3653 3116 3772 3183 Qua

505 3209 578 3276 lbi
603 3209 865 3271 traditum
894 3195 1036 3272 inter
1075 3210 1202 3277 alia,
1276 3210 1668 3277 bluchemetem
1694 3210 1926 3279 primum
1959 3219 2082 3263 octo

502 3303 767 3368 duntaxat
830 3304 990 3358 annis
1039 3304 1359 3373 imperasse.
1412 3303 1565 3358 Licet
1625 3305 1726 3359 hoc
1822 3303 2086 3371 colligere

503 3398 571 3458 de
610 3395 862 3460 Turcicis
889 3398 1218 3464 Annalibus,
1251 3397 1344 3468 qui
1379 3397 1708 3467 principium
1769 3396 1920 3467 regni
1971 3395 2083 3449 Mu-

504 3491 771 3554 cbenietis
812 3492 876 3546 ad
903 3507 1106 3560 annum
1150 3492 1604 3547 Mahumetauum
1668 3489 1772 3548 816
1813 3490 2084 3555 referunt,

505 3601 650 3640 anno,
715 3584 1030 3640 Christiano
1077 3584 1218 3638 1411
1269 3585 1744 3655 respondentem:
1806 3591 2084 3637 mortuum

503 3690 635 3731 vero
665 3683 858 3731 notant
885 3675 1138 3729 eumdem
1194 3675 1590 3730 Muchemetem
1645 3689 1790 3729 anno
1831 3689 1930 3729 suo
1956 3674 2082 3739 821,

501 3771 594 3840 qui
630 3780 816 3828 noster
845 3780 934 3825 est
968 3769 1128 3824 1422.
1168 3769 1310 3843 Ergo
1339 3770 1606 3824 duntaxat
1639 3770 1798 3824 annis
1853 3779 1976 3827 octo
2006 3785 2090 3824 re-

507 3867 608 3924 bus
639 3865 874 3936 przefuit.
913 3865 1024 3924 Hoc
1048 3863 1609 3936 ideosigniticandum
1671 3862 1878 3934 putavi,
1939 3863 2084 3934 quod

507 3963 624 4015 loco
653 3958 808 4029 prius
841 3957 1083 4020 indicato
1115 3956 1429 4025 scripserim
1473 3971 1538 4012 ex
1599 3954 1932 4020 Sansovino,
2004 3970 2088 4010 re-

503 4065 699 4120 gnasse
730 4051 1126 4106 Mucbemetem
1158 4051 1318 4105 anuis
1353 4050 1437 4114 l7,
1495 4063 1593 4119 pro
1646 4049 1844 4118 quibus
1898 4049 1962 4103 12
1986 4063 2084 4102 an-

506 4160 605 4213 nos
632 4143 1106 4215 Cbalencondyles
1132 4143 1318 4213 posuit
1348 4159 1360 4195 :
1388 4156 1513 4197 cum
1539 4142 1852 4195 accuratior
1881 4141 1953 4196 sit
1973 4145 2085 4194 An-

504 4237 706 4290 nalium
749 4235 1111 4300 Turcicorum
1159 4236 1514 4306 computatio.
1571 4232 1776 4289 Civitas
1818 4233 1994 4306 lsmyr
2051 4251 2082 4290 a

503 4331 695 4384 'l'urcis
721 4330 939 4393 dicitur,
977 4344 1098 4399 qua:
1144 4329 1350 4385 (ζει-διεὶς
1410 4337 1494 4385 est
1560 4327 1613 4381 in
1651 4327 1795 4390 Asia:
1857 4327 2085 4388 n'iiuoris

503 4424 651 4487 lonia
701 4423 896 4478 nobilis
925 4422 1013 4476 illa
1038 4423 1294 4492 Smyrna.

571 4606 1162 4678 ingeritﬂExemplum
1226 4609 1347 4664 huic
1415 4609 1585 4676 simile
1642 4609 1704 4661 de
1771 4606 2084 4664 Valdemaro

571 4679 1027 4750 Brandebttrgico.

576 4791 652 4845 Ne
709 4792 907 4847 mirum
943 4781 1219 4861 aliquibus
1262 4792 1529 4858 videatur,
1571 4791 1818 4862 potuisse
1847 4791 2084 4849 Dusmeu

505 4883 877 4954 Mustapham,
930 4899 1027 4954 pro
1057 4883 1340 4955 Mnstapha
1379 4883 1584 4949 Zelebi,
1630 4884 1838 4939 dudum
1883 4885 2088 4938 amisso

504 4974 762 5045 Bajazitis
815 4974 958 5039 lilio,
1029 4990 1088 5029 se
1135 4983 1290 5029 tanto
1337 4975 1622 5029 venditare
1700 4973 1961 5036 artilicio,
2027 4980 2087 5026 ut

500 5068 622 5138 ejus
700 5061 1069 5137 palrocinium
1136 5083 1246 5122 non
1303 5066 1529 5122 Graecus
1602 5067 1872 5120 duntaxat
1915 5067 2087 5134 impe-

500 5171 672 5225 rator,
704 5162 802 5216 sed
831 5162 994 5216 etiam
1025 5163 1203 5232 magni
1234 5162 1540 5216 'l‘urcorum
1572 5162 1870 5230 principes,
1896 5159 2084 5229 Smyr-

497 5273 652 5311 meus
712 5257 802 5310 ille
841 5257 1148 5329 Chuseines
1206 5257 1400 5326 begus,
1445 5255 1781 5321 Aiilinensis,
1848 5255 2083 5309 δικαιω-

502 5349 735 5414 mensis,
787 5348 1177 5412 Mentesianus,
1233 5349 1640 5414 Cliemitlensis,
1693 5349 2080 5418 susciperent:

503 5441 631 5496 libet
700 5441 788 5494 hic
835 5457 900 5496 ex
949 5443 1254 5502 Annalibus
1309 5441 1699 5512 manuscriptis
1762 5443 2071 5510 exemplum

499 5529 771 5599 subjicere
827 5529 1166 5595 simillimum
1241 5535 1307 5588 de
1362 5533 1635 5602 quodam,
1689 5532 1780 5603 qui
1837 5533 1905 5587 60
1957 5536 2081 5604 plus

503 5619 684 5676 minus
741 5632 868 5677 ante
932 5623 1032 5678 bos
1095 5625 1313 5680 Dusmis
1367 5625 1670 5695 Mustaphzc
1749 5639 1929 5682 motus
1981 5643 2082 5682 an-

503 5712 610 5777 nis,
663 5727 722 5768 se
773 5715 1074 5785 principem
1128 5717 1656 5788 Bratuleburgicum,
1714 5719 1924 5788 imperii
1976 5719 2081 5773 Ro-

429 5791 436 5796 ’
504 5803 651 5874 praui
687 5808 1095 5877 septemvirum,
1125 5812 1381 5867 mentitus
1433 5812 1551 5866 fuit.
1591 5812 1650 5867 lit
1686 5792 1814 5877 ipsis
1838 5813 2076 5868 bzccAn-

2117 4496 2168 4559 D

502 4541 589 4593 83.
625 4537 937 4610 Mustaphas
960 4541 1163 4593 alienus
1189 4540 1241 4592 in
1281 4537 2086 4610 Osmanidqruni'se__familiam
2117 4537 2135 4573 ⁸

2191 3208 2258 3261 de
2290 3223 2454 3262 causa
2493 3207 2677 3263 Daniae
2702 3226 2818 3273 rex,
2853 3220 2906 3265 et
2939 3209 3252 3266 Ludovicus
3298 3208 3606 3275 Romanus,
3638 3209 3777 3264 alter

2191 3303 2545 3371 imperatoris
2574 3301 2831 3367 Ludovici
2871 3303 3064 3360 Bavari
3101 3304 3266 3369 filius,
3306 3302 3568 3360 Ludovici
3603 3303 3776 3358 Bran-

2189 3394 2470 3465 deburgici
2508 3395 2697 3462 frater,
2748 3397 2989 3467 itemque
3039 3397 3321 3456 Cracovize
3383 3410 3496 3462 rex,
3567 3403 3622 3451 et
3656 3393 3776 3451 Ste-

2191 3485 2485 3541 tinensium
2515 3487 2646 3552 dux,
2684 3504 2748 3542 an
2781 3489 2966 3558 plures
3027 3487 3268 3545 Polonia:
3291 3487 3611 3556 Silesiaeque
3642 3497 3775 3544 tunc

2191 3581 2258 3635 ad
2287 3580 2530 3636 Pulonia:
2555 3583 2678 3650 jura
2699 3583 3000 3652 spectantis
3038 3597 3316 3653 proceres,
3335 3598 3460 3638 cum
3483 3582 3554 3637 Ba
3567 3595 3694 3637 varo
3713 3598 3774 3638 se

2190 3673 2598 3743 conjungebant
2628 3693 2640 3728 :
2666 3689 2902 3743 quorum
2951 3675 3174 3729 auxiliis
3192 3674 3439 3746 adjutus,
3461 3675 3645 3730 varias
3682 3689 3774 3734 res-

2190 3783 2313 3823 rum
2331 3767 2676 3823 difﬁcultates
2699 3778 2979 3838 utcunque
3001 3771 3316 3839 superabat.
3343 3768 3777 3834 Committebau-

2191 3870 2279 3915 tnr
2297 3868 2349 3914 et
2370 3861 2582 3915 diversa
2607 3862 2818 3931 praelia,
2841 3877 3240 3931 nonnunquam
3285 3861 3632 3917 vincentibus
3653 3876 3775 3915 mo-

2189 3953 2361 4008 litoris
2381 3954 2523 4008 illius
2545 3955 2740 4024 copiis,
2770 3955 3271 4023 Qili;lllaf0lti0llenl
3295 3971 3354 4012 se
3388 3955 3770 4011 V'oidemarum

2189 4047 2513 4102 asserebat:
2565 4063 2630 4102 ac
2654 4047 2897 4103 vicissim
2921 4048 3114 4102 Bavari
3159 4049 3428 4104 militibus
3473 4049 3774 4119 aliquando

2188 4154 2286 4201 sua
2339 4153 2560 4208 quoque
2587 4149 2787 4208 tropaia
2816 4141 3206 4195 statuentibus.
3228 4140 3345 4196 Una
3373 4152 3553 4195 tamen
3591 4142 3644 4196 in
3673 4158 3772 4212 pu-

2188 4246 2288 4305 gna
2314 4232 2549 4300 quadam
2573 4231 2893 4288 dimicatum
2918 4250 2945 4286 a
2973 4233 3166 4287 Bavari
3195 4233 3438 4304 partibus
3462 4250 3773 4304 sanequani

2190 4324 2501 4389 infeliciter,
2554 4323 2814 4380 Ludovici
2864 4324 3139 4391 Romani,
3191 4328 3283 4396 qui
3358 4325 3549 4380 Βητριτί
3605 4328 3777 4382 t'ratrr

2190 4426 2329 4483 erat,
2372 4418 2637 4487 auspiciis
2669 4434 2862 4489 parum
2897 4419 3216 4488 auspicatis.
3243 4418 3376 4473 Nam
3407 4421 3451 4474 is
3479 4420 3568 4474 vix
3588 4422 3776 4474 salvus

2197 4511 2388 4574 evasit,
2422 4523 2730 4579 captusque
2784 4526 2976 4581 magna
3025 4527 3148 4565 cum
3219 4511 3398 4567 fictitii
3461 4509 3774 4566 V'oldemari

2192 4602 2364 4672 gloria
2400 4601 2500 4657 fuit.
2535 4619 2599 4657 ex
2630 4606 2879 4672 partibus
2916 4603 3128 4670 Bavari,
3155 4605 3264 4659 dux
3301 4601 3626 4672 Budolpbus
3670 4607 3772 4659 Pa-

2192 4693 2750 4761 latimiszbenensis
2773 4711 2895 4748 cum
2931 4694 2999 4749 79
3027 4696 3300 4751 nobilibus
3327 4699 3553 4766 ga'eatis
3591 4715 3604 4753 :
3639 4714 3780 4769 quos

2190 4787 2331 4842 inter
2353 4785 2421 4840 40
2445 4787 2632 4841 Poloni
2687 4789 3136 4851 numerabantur,
3191 4799 3246 4844 ct
3301 4791 3354 4845 in
3411 4791 3494 4844 bis
3557 4792 3617 4844 14
3660 4803 3777 4846 tum

2190 4880 2410 4944 fratres,
2443 4891 2555 4934 tum
2607 4883 2811 4950 agnati,
2841 4882 2930 4951 qui
2955 4884 3175 4936 eaedem
3196 4884 3698 4954 gestabantgaleas,
3725 4895 3782 4940 et

2190 4984 2350 5046 gente
2372 4974 2592 5028 Zetlizia
2614 4976 2723 5028 nati
2749 4985 2929 5029 erant.
2950 4975 3025 5028 Ea
3051 4976 3235 5031 clades
3261 4985 3470 5031 tantum
3492 4977 3560 5031 de
3582 4977 3781 5032 Bavari

2191 5066 2455 5136 opinione
2489 5067 2781 5133 deminuit,
2818 5075 2877 5120 ut
2902 5068 3108 5138 aliquot
3133 5069 3202 5123 ab
3229 5085 3295 5130 eo
3312 5070 3564 5126 civitates
3581 5071 3779 5124 deﬁce-

2189 5173 2330 5221 rent,
2367 5176 2488 5230 qute
2508 5160 2661 5231 prius
2700 5161 2768 5215 ab
2805 5160 2924 5230 ipso
2959 5172 3252 5218 steterant.
3315 5163 3429 5218 [loc
3483 5163 3646 5218 modo
3693 5173 3780 5216 tu-

2192 5262 2303 5306 tum
2363 5254 2656 5308 triennium
2715 5256 2951 5309 durante
2986 5253 3145 5321 bello,
3204 5256 3502 5327 tranquillo
3575 5253 3780 5326 princia

2191 5355 2354 5416 palus
2439 5347 2867 5416 Braudeburgici
2922 5351 3272 5418 pOSsessione
3320 5348 3579 5405 Bavarus'
3611 5348 3771 5419 potiri

2195 5456 2299 5494 non
2337 5440 2513 5509 putuit
2549 5480 2563 5504 ,
2596 5441 2773 5495 donec
2807 5441 3023 5495 tandem
3053 5443 3308 5496 rellaitus
3343 5443 3395 5494 in
3453 5449 3773 5511 potestatem

2195 5534 2417 5586 molitor
2451 5533 2564 5597 ille,
2629 5533 3046 5589 rorumeutitius
3100 5534 3356 5603 princeps
3413 5542 3468 5587 et
3516 5531 3583 5586 ad
3635 5532 3778 5600 ignis

2189 5617 2840 5696 suppliciumdau'nams
2885 5637 3224 5680 rxnrrretur.
3287 5625 3405 5680 Non
3455 5642 3619 5681 ovum
3673 5638 3778 5679 ovo

2192 5719 2367 5785 magis
2394 5717 2591 5781 simile,
2625 5734 2787 5786 quam
2819 5719 2906 5772 hic
2935 5718 3246 5772 Viddemari
3268 5717 3538 5774 molitoris
3566 5726 3773 5781 motus,

2191 5813 2266 5866 illi
2295 5811 2590 5881 5lustapbae
2652 5811 2984 5882 supposititii
3010 5812 3231 5868 conatui
3289 5812 3484 5869 similis
3513 5818 3652 5867 crat.
3680 5817 3757 5872 Ac
