4048 6208
277 263 390 325 7'33

1453 258 1867 320 PANDECTE
1913 261 2119 320 HIST.
2157 258 2462 320 TUllClC.

3465 250 3570 312 ’τυ-ἰ

282 395 356 434 ne
379 377 508 448 quis
537 376 860 448 inaequalem
893 373 1086 432 Dusnti
1116 374 1286 430 fuisse
1323 371 1732 435 \‘oldemarum,
1782 389 1874 427 ra-
1908 385 1933 440 Α

2036 377 2288 431 :tninutas
2323 373 2513 429 Bavari
2549 372 2694 428 vires
2718 368 2956 425 Karulus
2988 369 3278 437 imperator
3301 366 3568 421 Occiden-

281 478 438 533 tione
473 472 760 543 potestatis
781 481 837 526 et
867 469 1107 538 imperii,
1141 468 1286 539 quod
1322 467 1637 532 allectabat,
1694 469 1881 537 διιερί-

285 580 494 626 retur:
527 576 586 622 ut
617 565 751 620 nihil
783 564 852 620 de
894 563 1238 618 labefactatis
1275 559 1699 616 Osmanidarum
1749 559 1879 613 viri-

285 665 399 720 bus
425 669 547 733 post
598 658 964 715 calamitatem
1026 653 1288 726 Bajazitis
1319 655 1519 717 dicam,
1566 651 1745 707 saltim
1801 653 1882 705 νῖν

289 758 528 811 deamus
561 769 623 808 ex
655 752 789 822 ipsis
817 751 1050 806 aliorum
1089 748 1386 804 Annalium
1438 761 1603 800 manu
1638 753 1888 800 exarato-

289 865 421 905 rum
447 847 662 903 Latinis
691 845 894 905 verbis,
921 857 1087 913 quam
1132 841 1340 912 potenti
1379 840 1610 910 principi
1666 837 1888 893 molitor

293 947 390 1002 ille
421 943 717 1001 succedere
750 939 1008 994 voluerit.
1045 939 1225 1003 Anno,
1257 935 1535 1005 inquiunt,
1571 931 1711 987 l3l0
1763 930 1890 984 Vol-

297 1040 560 1093 demarus
605 1030 1112 1101 Brandeburgeusis
1179 1028 1452 1089 marchio,
1491 1024 1724 1080 mortuis
1776 1023 1890 1078 fra-

299 1130 574 1187 truelibus
596 1136 648 1181 et
698 1125 928 1196 patruis.
953 1123 1191 1178 divisum
1228 1122 1281 1176 in
1335 1121 1536 1174 multas
1571 1125 1755 1187 partes
1807 1127 1892 1171 to-

304 1236 420 1277 tum
459 1222 615 1276 solus
659 1219 805 1273 illius
871 1215 1020 1274 tituli
1085 1211 1326 1268 obtinuit
1382 1210 1796 1279 principatum:
1840 1214 1896 1262 et

311 1317 559 1389 glorians
614 1315 670 1367 in
724 1303 1043 1366 fortitudine
1100 1323 1165 1363 ac
1218 1307 1594 1376 magnitudine
1643 1303 1896 1374 potentiae

311 1423 448 1476 suae,
486 1407 697 1462 curiam
726 1405 996 1459 celebrem
1028 1410 1082 1457 et
1117 1402 1384 1457 famosam
1439 1399 1638 1453 indixit
1681 1396 1899 1465 regibus

309 1512 363 1557 et
391 1499 730 1572 principibus
785 1512 950 1566 prope
992 1495 1266 1566 longeque
1308 1492 1534 1562 positis:
1581 1490 1898 1546 habiturqu

313 1610 371 1649 se
394 1593 616 1662 nuptias
639 1606 761 1645 cum
783 1589 890 1644 filia
916 1587 1094 1657 patrui
1127 1585 1210 1642 sui
1244 1584 1586 1648 significans,
1625 1591 1679 1636 et
1705 1592 1902 1635 omnes

313 1683 823 1744 ntissisveredariis
873 1683 938 1736 ad
999 1681 1162 1749 nujus
1248 1676 1614 1733 solemnitalis
1643 1671 1901 1743 gaudium

318 1779 586 1840 invitatis.
631 1775 763 1830 Eam
795 1773 970 1827 tenuit
995 1771 1049 1826 in
1104 1771 1326 1826 civitate
1373 1767 1644 1822 maritima
1699 1763 1900 1816 Rosto-
1935 1757 1975 1811 Β

317 1875 468 1935 chio,
497 1872 598 1924 sila
636 1867 802 1923 maris
831 1869 895 1921 ad
918 1875 1162 1936 portum,
1195 1864 1336 1917 unde
1393 1876 1585 1916 versus
1655 1857 1908 1919 Daniam,

320 1969 606 2028 Sueciam,
633 1962 988 2032 Norvegiam,
1013 1968 1066 2014 et
1099 1959 1163 2013 ad
1191 1967 1372 2026 partes
1415 1956 1551 2008 alias
1586 1953 1909 2022 navigatur:

322 2064 380 2114 in
422 2074 586 2128 quem
660 2056 824 2113 etiam
874 2053 1091 2123 navigia
1143 2051 1410 2105 mercium
1463 2047 1806 2101 diversarum
1845 2041 1912 2096 de

322 2147 562 2204 diversis
606 2154 661 2202 et
711 2143 938 2200 remotis
981 2140 1301 2210 regionibus
1337 2135 1637 2207 appellunt.
1672 2133 1747 2201 {lu
1815 2132 1915 2186 hac

323 2241 482 2296 curia
512 2240 614 2294 fuit
651 2254 743 2293 rex
785 2237 990 2298 Danim,
1045 2247 1171 2289 cum
1209 2231 1428 2288 duobus
1486 2226 1738 2288 ducibus,
1804 2221 1914 2278 ira-

329 2335 508 2390 tribus
540 2333 676 2397 suis,
710 2341 764 2386 et
803 2332 1070 2383 immensa
1114 2325 1466 2381 multitudine
1509 2321 1696 2391 populi
1755 2328 1914 2373 terrm

325 2439 478 2482 sua:
511 2424 700 2488 duces,
741 2419 991 2482 comites,
1039 2417 1194 2472 liberi
1232 2416 1476 2470 barones
1541 2409 1917 2468 innumerabi—

330 2521 417 2575 les
446 2519 514 2574 de
566 2515 844 2579 Saxonia;
889 2511 1235 2566 marchioncs
1265 2517 1322 2564 et
1381 2515 1664 2577 magnates
1701 2513 1812 2559 tam
1846 2505 1914 2558 de

333 2614 450 2669 illis
482 2626 646 2682 quam
675 2612 742 2665 de
771 2607 980 2664 exteris
1039 2603 1332 2674 partibus,‘
1374 2615 1604 2671 quorum
1659 2613 1922 2654 numerus

335 2710 428 2762 vix
462 2713 674 2776 paterat
711 2699 997 2759 aestimari.
1052 2695 1300 2751 Marchio
1345 2693 1600 2748 manibus
1629 2690 1772 2761 regis
1815 2690 1923 2744 Da-

339 2801 444 2856 nia:
475 2797 634 2853 miles
661 2811 784 2851 cum
817 2809 1014 2862 magno
1039 2793 1238 2845 decore
1281 2787 1596 2856 insignitur.
1651 2783 1794 2839 Mille
1834 2797 1920 2838 se-

342 2890 610 2962 ptingenti
651 2887 878 2950 nobiles,
916 2887 968 2940 itt
1024 2884 1134 2939 hoc
1184 2880 1437 2936 tirocinio
1462 2919 1477 2944 ,
1511 2889 1667 2932 novze
1721 2876 1926 2930 militia:

340 2985 561 3056 cingulo
598 2997 695 3053 per
725 2981 1096 3035 marcltionem
1139 2990 1262 3030 cum
1299 2987 1492 3042 pompa
1523 2970 1762 3025 maxima
1822 2969 1924 3023 de-

343 3086 626 3136 corantur.
656 3075 728 3128 lbi
752 3073 1103 3128 dominarum
1138 3070 1204 3124 de
1237 3068 1476 3123 diversis
1515 3065 1765 3136 pztl‘llblls
1817 3063 1928 3116 for-

348 3186 658 3229 mosarum.
713 3168 854 3222 sicut
891 3173 946 3221 et
988 3164 1251 3228 militum,
1279 3155 1703 3216 innumerabilis
1757 3155 1929 3210 exsti-

351 3266 422 3321 tit
451 3261 634 3332 ευριπ.
663 3259 920 3316 Tentoria
990 3273 1088 3328 per
1145 3269 1372 3324 campos
1414 3262 1624 3312 erecta,
1693 3247 1931 3302 scarlato

352 3357 716 3420 circumdata,
770 3367 894 3406 rum
928 3346 1308 3422 operimentis,
1338 3341 1614 3399 subselliis
1647 3349 1701 3394 et
1733 3347 1934 3392 strato-

355 3451 477 3513 riis,
503 3449 651 3504 velut
677 3461 869 3501 aurum
907 3441 1168 3498 micantia
1203 3438 1551 3492 videbantur.
1592 3430 1748 3486 Putei
1789 3427 1932 3499 pleni

360 3543 512 3606 vino,
543 3539 801 3596 cet-evisia
837 3546 888 3592 et
919 3535 1169 3598 medone,
1221 3530 1288 3585 ad
1339 3526 1681 3599 potandum;
1741 3536 1940 3592 specus

361 3637 578 3704 repletae
628 3634 910 3692 carnibus.
966 3629 1215 3700 piscibus
1274 3631 1328 3679 et
1390 3619 1716 3683 frumento;
1774 3629 1942 3669 naves

363 3739 574 3788 Onusta:
604 3726 893 3797 speciebus
916 3720 1257 3780 aromaticis,
1289 3716 1356 3770 ad
1381 3712 1696 3782 corporales
1721 3708 1946 3778 explen-

363 3822 464 3882 das
493 3821 742 3886 delicias,
779 3816 1141 3872 habebantur.
1176 3813 1312 3877 Quae
1341 3807 1562 3879 quidem
1615 3802 1788 3874 gloria
1823 3806 1945 3886 post

367 3915 483 3968 hac
517 3911 568 3966 in
603 3885 837 3963 favillam
869 3904 1018 3960 brevi
1056 3911 1139 3955 est
1169 3899 1419 3959 redacta,
1480 3901 1702 3964 propter
1729 3885 1944 3955 nuptias

365 4006 610 4067 illicitas,
648 4013 700 4056 et
744 3999 942 4055 fastum
1000 3995 1185 4067 gloria).
1243 3986 1586 4060 temporalis.
1639 3982 1774 4037 Nam
1827 3981 1946 4048 ipse

369 4097 736 4154 Voldemarus
764 4091 1006 4146 marchio
1035 4090 1157 4143 sine
1195 4085 1410 4139 haerede
1463 4077 1720 4137 decessit,
1776 4081 1828 4128 et
1880 4069 1945 4124 ad

371 4191 665 4264 imperium
700 4195 846 4240 tatus
879 4185 970 4237 ille
991 4179 1333 4251 principatus
1388 4167 1760 4240 amplissimus
1791 4163 1953 4216 devo-

371 4253 523 4344 lutus
553 4283 674 4337 fuit.
705 4279 985 4333 Hactenus
1016 4269 1306 4326 Annalium
1330 4264 1519 4325 verba,
1581 4272 1814 4326 quorum
1875 4253 1955 4306 le-

379 4382 616 4446 ctionem
661 4372 946 4444 Magnifice
981 4365 1212 4420 Domino
1239 4360 1573 4426 Hieronymo
1607 4346 1794 4403 Becka
1825 4345 1962 4399 Leo-

1956 3110 1998 3166 (Ξ

1993 469 2063 525 tis
2088 470 2313 532 electus,
2338 466 2483 538 quod
2508 467 2663 519 illum
2716 464 2860 517 velut
2889 460 3173 523 aemulum,
3205 452 3296 530 qui
3357 467 3569 528 patrem

1992 565 2277 620 habuisset
2308 563 2719 630 imperatorem,
2753 574 2858 612 non
2895 556 2993 610 abs
3018 571 3081 610 re
3102 553 3210 610 sibi
3234 553 3457 618 suisque
3481 569 3571 606 re-

1995 661 2099 714 bus
2133 655 2532 711 formidabilem
2568 662 2780 722 putaret
2809 670 2822 706 :
2852 648 3334 704 volebateumdem
3367 626 3574 700 ditione

1995 748 2439 816 Brandebnrgica
2495 747 2712 816 pulsum
2781 743 3106 812 lludolpltus
3169 740 3338 800 Saxo.
3402 740 3576 810 stirpe

1997 843 2420 898 Aultaltiuorum
2445 856 2509 895 ex
2546 837 2750 893 Alberti
2783 834 2912 892 Urs.
2974 834 3217 905 posteris
3252 833 3455 894 editus,
3520 843 3579 886 ut

2000 939 2180 1006 aliqua
2214 937 2424 991 ratione
2476 933 2842 1004 principatum
2885 929 3034 984 illum
3067 928 3174 985 sibi
3202 927 3432 995 suisque
3494 939 3577 980 re-

2000 1040 2184 1102 petere
2209 1031 2424 1084 tandem
2462 1027 2760 1096 aliquando
2795 1033 3002 1094 posset,
3036 1037 3201 1093 quem
3259 1021 3389 1092 jure
3445 1035 3578 1089 pro-

2003 1124 2386 1196 pinquitatatis
2439 1131 2492 1177 et
2551 1120 2862 1192 agnationis
2908 1134 3034 1175 cum
3113 1114 3580 1184 Brandeburgicis

2004 1217 2347 1287 principibus
2393 1217 2704 1279 exstinctis,
2765 1215 2829 1268 ad
2886 1229 2946 1268 se
2997 1212 3278 1282 pertinere
3335 1209 3581 1280 putabat.

2006 1309 2269 1364 Triennio
2304 1318 2418 1364 toto
2466 1308 2710 1364 Murates
2739 1305 2971 1374 imperio
3021 1303 3180 1373 potiri
3236 1303 3426 1370 quieto
3478 1316 3591 1355 non

2009 1404 2207 1475 potuit.
2243 1403 2573 1459 defendente
2607 1416 2666 1456 se
2689 1401 2812 1454 istic
2871 1397 3178 1467 Mustapha,
3207 1410 3402 1464 resque
3471 1402 3586 1447 tur-

2012 1499 2174 1552 bante
2208 1496 2472 1551 Turcicas
2503 1514 2517 1550 :
2553 1495 2644 1549 hic
2685 1493 2924 1549 triennio
2952 1507 3052 1545 nec
3090 1490 3336 1544 Bavarus
3369 1491 3446 1542 uti
3478 1488 3586 1542 frui

2014 1589 2460 1660 Braudeburgica
2493 1589 2740 1657 regione,
2765 1602 2865 1641 nec
2904 1584 3050 1638 vinci
3083 1583 3265 1652 potuit
3296 1582 3591 1636 Voltlema-

2015 1701 2132 1741 rus.
2171 1682 2474 1752 Mustapltze
2494 1682 2665 1736 tristis
2701 1680 2934 1734 fuitillic
2963 1678 3166 1735 exitus.
3201 1677 3288 1731 llic
3324 1674 3596 1729 infelicior

2010 1779 2285 1835 molitoris
2315 1775 2656 1831 Voldemari.
2713 1773 3058 1841 Mustaphatn
3097 1773 3214 1824 neci
3244 1769 3394 1823 dedit
3473 1767 3598 1821 istic

2010 1875 2266 1941 laqueus,
2301 1869 2392 1924 hic
2431 1865 2814 1922 Voldemarnm
2869 1879 3039 1933 rogus
3098 1862 3426 1930 absumpsit.
3485 1859 3599 1912 Hoc

2012 1965 2178 2020 modo
2213 1959 2725 2028 causas,-consilia,
2748 1971 3110 2026 personarum
3147 1956 3408 2014 rationes,
3430 1963 3485 2006 et
3510 1968 3598 2005 re-

2011 2073 2134 2113 rum
2175 2062 2368 2109 eventa
2403 2052 2574 2107 fuisse
2596 2047 2928 2110 consimilia,
2951 2045 3412 2116 respondentibus
3430 2043 3598 2096 etiam

2015 2145 2362 2216 temporibus
2394 2143 2550 2211 ipsis,
2572 2141 2823 2195 videmus
2851 2139 3117 2206 :ideoqtte
3145 2145 3256 2189 tam
3295 2133 3400 2190 sibi
3439 2133 3603 2188 rebus

2015 2237 2273 2292 omnibus
2299 2237 2544 2306 gemina,
2585 2242 2697 2286 tam
2752 2231 2988 2286 illustria
3022 2228 3131 2282 duo
3182 2226 3368 2282 saeculi
3435 2227 3604 2280 unius

2017 2329 2288 2397 exempla,
2337 2325 2582 2393 jucunda
2659 2324 2830 2388 lectu,
2915 2317 3362 2374 consideratione
3417 2313 3605 2383 digna,

2019 2424 2253 2477 libenter
2283 2422 2372 2476 hic
2410 2419 2481 2474 ob
2513 2417 2706 2472 oculos
2733 2428 2941 2486 ponere
2966 2410 3230 2468 studiosis
3254 2408 3609 2464 historiarum

2020 2515 2325 2571 voluimus.

2023 2629 2112 2686 84.
2166 2626 2490 2683 Vardarium
2524 2627 2794 2696 oppidum,
2826 2621 3116 2696 Vardurins
3169 2617 3365 2696 quartis,
3404 2611 3616 2667 Varda-

2453 2689 2623 2759 riotté,
2672 2695 2935 2756 Vardnri,
2978 2689 3223 2744 Ver-dari.

2098 2790 2253 2858 Quod
2306 2789 2504 2859 legitur
2559 2787 2612 2840 in
2662 2782 2970 2839 Annalibus
2994 2779 3345 2837 Vardarium,
3379 2773 3618 2827 Thessa-

2027 2886 2114 2939 lia-
2165 2883 2424 2954 oppidum
2491 2890 2595 2944 est,
2647 2878 2714 2931 ad
2785 2873 3109 2929 Vardarium
3162 2869 3405 2930 ﬂutnen,
3471 2865 3616 2936 quod

2029 2977 2227 3030 Axium
2269 2974 2479 3044 priscos
2514 2970 2762 3032 dixisse,
2823 2973 3022 3034 praetor
3067 2969 3256 3015 noster
3301 2971 3356 3012 et
3394 2957 3485 3012 alii
3519 2971 3621 3010 no-

2034 3078 2183 3132 tant,
2235 3067 2300 3122 ad
2325 3065 2616 3136 septimum
2655 3079 2684 3115 a
2717 3057 3104 3113 Thessalonica
3147 3050 3562 3122 lapidetnsitum
3606 3065 3620 3102 :

2034 3163 2162 3218 licet
2203 3161 2364 3216 fossae
2408 3157 2688 3213 Vardarize
2724 3153 2824 3208 l00
2860 3149 3187 3206 milliaribus
3210 3146 3413 3202 Graecis
3444 3141 3629 3196 absint

2035 3271 2067 3309 a
2108 3251 2525 3314 Thessalonica,
2568 3249 2636 3302 de
2681 3246 2883 3315 quibus
2925 3241 3074 3296 alibi.
3109 3238 3354 3292 Meminit
3387 3235 3495 3289 Leo
3530 3234 3632 3288 Sa-

2036 3347 2190 3417 piens
2240 3346 2518 3409 Augttstus
2563 3339 2617 3394 in
2667 3336 2891 3392 Novella
2925 3335 2995 3388 de
3039 3330 3253 3386 tltronis
3282 3329 3632 3395 episcopatus

2041 3411 2521 3494 Vardariotarum,
2585 3441 2749 3498 quem
2803 3421 3094 3490 metropoli
3148 3411 3630 3472 Thessalonicensi

2043 3527 2288 3598 subiicit.
2330 3525 2393 3578 Et
2425 3525 2590 3578 hosce
2624 3518 2981 3575 Vartlariotas
3012 3514 3174 3570 etiam
3217 3510 3426 3564 Turcos
3460 3503 3636 3559 nomi-

2045 3596 2171 3684 nat,
2206 3621 2501 3674 translatos
2541 3613 2766 3669 aliunde
2815 3609 3027 3665 scilicet
3056 3607 3165 3660 huc
3197 3601 3262 3657 ad
3311 3596 3634 3654 V’ardarittn

2046 3714 2292 3769 ﬂuvium.
2318 3709 2627 3765 Scribimus
2647 3715 2829 3760 autem
2860 3699 3210 3761 Vartlarium,
3237 3709 3390 3748 more
3413 3690 3638 3746 Grz‘cco:

2051 3823 2174 3862 cum
2214 3805 2307 3859 alii
2362 3802 2684 3857 Bat'tlarium
2737 3797 2956 3857 malint,
3012 3801 3202 3847 contra
3237 3782 3644 3856 promtntiatio-

2053 3915 2175 3955 nem
2209 3897 2510 3952 incolarum
2535 3934 2548 3956 ,
2577 3893 2777 3962 quibus
2807 3898 2889 3944 est
2923 3885 3152 3940 Vardari
3178 3889 3236 3936 et
3269 3876 3518 3934 Verdari.

2337 3992 2430 4047 85.
2468 3988 2694 4044 Cltnsein
2727 3987 2839 4054 beg.
2879 3981 3082 4034 Cra'cis
3121 3974 3397 4029 Zunaitcs.

2127 4085 2301 4152 Quem
2323 4081 2541 4137 Turcici
2563 4077 2801 4133 Annales
2838 4073 3170 4128 Chuseiuem
3198 4069 3414 4135 begum,
3435 4064 3606 4133 lstnyr
3625 4079 3652 4114 e

2060 4175 2385 4248 principem,
2426 4171 2715 4227 nominaut
2741 4208 2755 4232 ,
2793 4164 3070 4219 Laonicus
3121 4157 3413 4212 Zuuaitetn
3457 4163 3649 4218 vocat,

2064 4245 2406 4340 Smyrnaeum
2444 4262 2742 4333 principem
2777 4277 2791 4313 :
2841 4257 2932 4326 qui
2970 4269 3091 4308 cmn
3132 4251 3333 4303 Dnsme
3369 4245 3653 4312 Mustapha

2065 4337 2313 4434 captivus
2359 4375 2389 4413 a
2435 4357 2644 4413 Graecis
2693 4349 3000 4408 custoditus
3053 4345 3218 4398 fuerit
3274 4344 3330 4393 in
3396 4337 3656 4406 Epidauri

379 4470 672 4545 poldslorl',
703 4464 893 4522 utalia
951 4463 1124 4532 plura,
1160 4455 1446 4511 debemus.
1503 4447 1583 4502 Ex
1645 4444 1734 4498 his
1778 4447 1933 4493 auten

2036 4473 2038 4495 ι
2069 4471 2215 4517 arce,
2263 4467 2410 4508 nunc
2429 4444 2798 4504 Monemuasia
2824 4443 2939 4495 sive
2973 4434 3252 4495 Malvasia,
3285 4441 3340 4484 et
3393 4432 3446 4483 in
3477 4428 3660 4482 Imbro

2576 4540 2611 4545 ’⁸
2905 4534 2938 4545 ⁵⁸
3081 4531 3138 4545 Ιικ
3163 4544 3168 4545 γ
3201 4543 3257 4545 η-
3293 4523 3660 4545 ιι---ι-,.....,,.,,,,

381 4567 590 4637 liquido
626 4569 801 4634 paret,
823 4573 932 4612 non
958 4549 1202 4607 ἰιιίιιοτὶε
1236 4547 1406 4601 fuisse
1437 4537 1701 4596 momenti
1765 4532 1965 4586 Voldc—

385 4663 694 4720 marianum
729 4659 832 4710 hoc
859 4649 1160 4720 negotium,
1187 4658 1348 4714 qtta'n
1376 4637 1509 4694 illttd
1543 4629 1965 4698 Mustapltteum.

389 4757 798 4810 Reeenseamus
824 4754 876 4799 et
901 4741 1028 4804 alia,
1058 4753 1177 4809 qua:
1213 4735 1268 4789 in
1296 4725 1767 4800 comparationem
1795 4718 1975 4773 utrin-

389 4864 497 4918 que
535 4844 721 4899 venire
757 4845 1005 4908 possunt.
1036 4834 1077 4886 A
1139 4825 1420 4895 Mustaplta
1456 4820 1634 4874 stabat
1676 4815 1978 4882 imperator

393 4904 617 4995 flrzecus
650 4904 795 4998 istic,
830 4947 860 4985 a
891 4927 1218 4983 Voldemaro
1245 4919 1424 4976 stabat
1447 4914 1758 4970 Germanus
1805 4904 1979 4970 impe-

396 5046 547 5091 rator
578 5031 668 5085 hic
699 5037 790 5082 zet
818 5031 968 5078 tanto
991 5019 1214 5087 quidem
1275 5007 1570 5078 potentior,
1603 5007 1808 5071 quanto
1834 4994 1983 5049 Grae-

399 5143 522 5183 cum
545 5122 833 5193 imperium
864 5117 914 5170 id
937 5110 1197 5181 temporis
1226 5101 1554 5161 Germanico
1578 5092 1812 5149 debilius
1838 5094 1981 5142 erat.

399 5177 1063 5281 Praeteriimperatorem
1150 5215 1276 5256 cum
1359 5191 1648 5261 Mustapha
1702 5177 1983 5251 conjuncti

401 5273 678 5386 principes
706 5273 836 5379 illic,
870 5300 1031 5374 433
1064 5297 1156 5353 hic
1177 5291 1562 5349 Voldemarum
1593 5273 1988 5386 quoqueupriu-

405 5365 558 5474 cipes
587 5365 601 5379 ι
626 5365 1022 5471 pra-potentes.
1050 5388 1328 5446 fovebant.
1396 5376 1742 5435 Debilitatem
1807 5365 1991 5420 Mura-

416 5459 487 5555 lis
515 5459 812 5566 potentiam
851 5489 1074 5543 Gr:ecus
1127 5482 1422 5549 imperator
1450 5481 1506 5526 et
1554 5463 1772 5522 Turcici
1832 5459 1988 5513 vole-

407 5561 541 5658 bant
569 5581 860 5655 principes,
900 5577 1045 5648 quod
1078 5590 1107 5629 a
1136 5571 1349 5625 lilurate
1375 5563 1480 5623 sibi
1508 5561 1838 5614 metuerent,
1866 5566 1996 5606 sua-

409 5655 518 5750 que
549 5645 688 5731 tueti
739 5645 964 5742 pariter,
992 5676 1044 5721 et
1073 5663 1223 5736 prius
1267 5660 1335 5714 ab
1365 5651 1680 5712 Ostnanidis
1732 5645 1837 5702 sibi
1899 5659 1995 5713 per

2076 4551 2394 4617 Lemnoque
2447 4540 2646 4598 insulis
2669 4579 2683 4603 ,
2734 4534 2978 4608 quandiu
3013 4531 3261 4585 sultanus
3292 4523 3662 4578 Mucltemetes

2077 4615 2320 4704 vixerit;
2349 4635 2433 4692 cui
2485 4633 2703 4704 quidem
2747 4630 2850 4681 hac
2894 4628 2946 4677 in
2987 4638 3044 4677 re
3098 4618 3385 4692 gratillcati
3427 4615 3560 4668 sint.
3599 4615 3663 4667 At

2078 4733 2418 4788 Mucltemete
2471 4737 2712 4789 mortuo,
2746 4719 3062 4789 Mustapltas
3089 4729 3213 4769 cum
3251 4713 3353 4766 hoc
3377 4709 3664 4768 liberatus,

2079 4838 2136 4882 ct
2187 4825 2380 4881 Murali
2435 4819 2791 4877 Muchemetis
2848 4815 2959 4868 lilio
3015 4811 3121 4866 fuit
3167 4806 3478 4880 oppositus,
3531 4817 3669 4871 praes

2083 4925 2222 4980 senti
2271 4936 2394 4975 cum
2427 4931 2608 4970 rerum
2641 4912 2954 4976 Grzccartyn
2990 4904 3328 4964 discrimine,
3359 4899 3503 4953 sicut
3529 4896 3668 4947 idem

2085 5018 2290 5089 prolixe
2344 5015 2756 5069 commemorat.
2811 5003 2998 5057 Obiter
3051 4999 3154 5052 hoc
3197 4997 3362 5049 etiam
3400 4987 3671 5057 adjicitor,

2085 5110 2368 5166 Zuanitetn
2401 5105 2544 5158 hunc
2568 5103 2668 5155 dici
2703 5096 3035 5157 Sansovino,
3071 5106 3175 5144 non
3203 5084 3488 5140 Zttnaitetn
3526 5097 3540 5133 :
3580 5091 3676 5147 per

2089 5200 2436 5260 oscitantiam
2469 5195 2776 5265 scriptoris,
2815 5200 2870 5244 ιιι
2901 5198 3052 5258 puto.

2187 5297 2282 5354 86.
2324 5293 2542 5356 Vlttbat,
2592 5276 3187 5356 Lopadinm,__Lttpadi,
3238 5268 3581 5339 Rhyndacus,

2734 5351 3033 5411 Michalizi.

2164 5459 2478 5516 Monuimus
2528 5467 2714 5524 supra,
2780 5457 3009 5501 numero
3072 5447 3326 5493 notarum
3387 5430 3477 5492 16.
3532 5424 3677 5495 quod

2097 5558 2293 5613 Turcis
2316 5551 2572 5625 oppidum
2600 5520 2840 5600 vminoris
2873 5537 3016 5592 Asia:
3047 5533 3266 5589 dicatur
3296 5525 3512 5582 Vlubat,
3539 5520 3681 5575 Lao—

2101 5655 2222 5708 niro
2275 5622 2575 5717 Lopadium
2623 5653 2765 5702 esse,
2823 5647 2970 5688 nunc
3013 5629 3172 5698 vulgo
3231 5622 3439 5695 Lupadi
3487 5632 3631 5675 nonn
3654 5633 3686 5670 ιι

410 5716 518 5750 ιιυν
550 5716 688 5731 ιυνη
740 5716 928 5742 ιη’-ἠν·
951 5716 964 5734 ι
996 5716 1043 5721 υ
1074 5716 1176 5736 τνντ

410 5770 729 5839 νίιιιεῑρριει
761 5773 1083 5834 recuperare
1110 5755 1415 5812 niterentur
1441 5765 1455 5801 :
1512 5744 1702 5800 itidem
1773 5738 1930 5796 volcb

2103 5747 2322 5806 habere.
2360 5716 2648 5798 Melicneis
2697 5730 2989 5799 Antonius,
3040 5725 3251 5782 Podota
3293 5727 3498 5788 noster,
3528 5716 3687 5787 cujus
