4048 6208
539 276 581 334 7
595 274 649 335 )5

1732 270 2060 333 JOANNIS
2086 269 2554 331 LEUNCLAVII‘

3650 280 3757 346 Μ
3780 292 3783 295 <

532 398 698 450 supra
742 383 1090 436 meminimus
1144 394 1373 456 numero
1416 388 1666 435 notarum
1702 381 1796 447 24,
1841 381 2105 452 Lapidutu
2138 390 2181 443 Α
2213 378 2302 433 ille
2377 379 2768 444 subduxisset,
2824 391 3190 437 mercatorum
3215 382 3498 453 impositas
3539 394 3743 463 navigii<

531 489 749 542 quoque
773 475 878 527 dici
908 473 1137 527 volebat.
1174 472 1277 526 Sed
1301 472 1388 526 hic
1421 472 1756 535 addendum,
1788 488 1896 528 non
1944 472 2100 543 oppi-

533 571 659 621 dum
708 569 970 620 duntaxat
1012 580 1133 620 esse
1178 563 1503 635 Lopatlium,
1552 565 1645 619 sed
1696 565 1862 620 etiam
1923 566 2100 620 lacum

535 659 830 725 Lopadium
861 666 911 710 et
945 657 1305 726 profluentem
1334 674 1361 710 e
1381 658 1499 712 lacu
1528 657 1827 727 Lepadinm
1854 674 2094 724 amnem,

531 753 717 806 eodem
752 751 993 819 conspici
1028 751 1166 814 loco,
1189 760 1241 804 et
1274 749 1463 804 iisdem
1483 752 1741 820 appellari
1763 752 2097 809 nominibus.

535 843 682 897 Licet
739 843 838 896 hoc
900 847 1062 895 etiam
1118 842 1405 911 perspicue
1455 843 1520 897 de
1552 841 1771 899 Laonici
1808 845 1988 900 verbis
2019 845 2100 899 in-

531 936 790 1003 telligere,
834 950 957 988 cum
1001 951 1088 989 res
1139 936 1359 991 easdem
1407 936 1675 1000 referens,
1700 938 1775 992 ait
1810 956 1823 991 :
1860 937 1936 992 Eo
1965 947 2101 993 tem-

531 1042 665 1095 pore
685 1038 863 1082 castra
909 1029 1149 1084 Murattei
1209 1032 1552 1085 tnetabantur
1591 1048 1757 1101 prope
1798 1032 2095 1101 Lopadium

529 1123 731 1185 lacum,
766 1132 821 1177 et
846 1123 1121 1191 regionem
1144 1122 1435 1178 Michalicii
1462 1126 1749 1179 vastabant
1782 1141 1794 1178 :
1826 1126 1917 1181 ubi
1945 1127 2099 1183 lacus

529 1213 1076 1281 multismmbagihus
1125 1198 1222 1281 per
1268 1214 1546 1283 angustias
1601 1215 1657 1269 in
1714 1230 1865 1269 mare
1924 1226 2099 1271 semet

525 1305 770 1370 edundit,
807 1315 860 1360 et
900 1307 1099 1361 ibidem
1136 1322 1273 1375 pons
1308 1316 1414 1362 est.
1442 1306 1760 1377 Mustapbas
1791 1320 1971 1364 autent
2005 1326 2095 1365 ac-

526 1401 744 1463 cedens,
793 1411 971 1454 eastra
1027 1401 1225 1455 locavit
1263 1401 1416 1467 juxta
1473 1403 1671 1456 ostium
1699 1401 1875 1467 fluvii,
1911 1404 2002 1472 qui
2028 1420 2092 1460 ex

525 1492 644 1544 lacu
698 1501 1003 1560 promanat.
1055 1492 1263 1558 Quibus
1310 1493 1364 1547 in
1408 1494 1589 1548 verbis
1630 1510 1749 1563 qua:
1802 1495 2092 1551 Micltalicii

525 1583 675 1653 regio
716 1594 963 1649 vocatur,
1018 1600 1162 1639 nunc
1215 1583 1509 1653 Michalizi,
1552 1595 1663 1640 tam
1699 1587 1766 1640 ab
1798 1587 1961 1655 hujus
1993 1602 2094 1642 no-

524 1675 689 1728 minis
738 1675 924 1741 fluvio,
984 1692 1147 1743 quam
1207 1678 1273 1731 ab
1301 1678 1500 1746 oppido
1560 1678 1812 1732 dicitur:
1866 1678 2007 1747 quod
2059 1694 2091 1734 a

2207 470 2397 540 copias
2429 487 2555 527 suas
2586 479 2737 527 trans
2782 471 3189 542 Hellespontum
3214 477 3335 532 vehi
3366 493 3599 538 curasse.
3628 484 3743 551 Qui-

2205 561 2309 617 bus
2361 562 2413 616 in
2456 564 2667 629 verbis,
2698 564 2919 634 quinam
2952 566 3024 619 illi
3055 579 3390 625 mercatores
3420 571 3627 639 fuerint,
3650 593 3741 633 non

2204 653 2550 722 exprimitur.
2586 654 2689 710 Sed
2722 656 3017 721 Laonicus,
3045 674 3159 714 rem
3185 658 3442 719 disertius
3467 679 3740 737 exponens,

2201 742 2577 812 Praevenerat,
2595 748 2789 818 inquit,
2805 751 3113 804 Amuratem
3132 751 3740 829 Mustaphasﬁallipolim

2204 825 2633 895 transfretando.
2670 841 2974 899 Amurates
3014 859 3163 912 vero,
3193 855 3384 902 nactus
3412 846 3740 908 Januensium

2202 930 2382 983 navim
2415 931 2734 999 maximam,
2759 949 2879 1004 quae
2910 934 3049 990 forte
3074 939 3378 1006 appulerat,
3410 955 3529 996 cum
3566 943 3741 1013 guber-

2201 1032 2388 1078 natore
2414 1025 2731 1094 paciscitur,
2763 1040 2823 1082 ut
2861 1043 2922 1084 se
2948 1044 3072 1084 cum
3100 1034 3400 1101 peregrinis
3428 1044 3480 1089 et
3510 1035 3743 1091 militibus

2197 1112 2386 1169 Ianum
2409 1116 2818 1186 (stipendiarios
2839 1130 2889 1174 et
2908 1119 3083 1176 Portte
3127 1123 3325 1181 milites
3346 1136 3554 1182 vertere
3583 1128 3744 1184 debuit

2199 1205 2515 1279 interpres),
2558 1210 2892 1282 reliquisque
2913 1214 3108 1282 copiis,
3140 1214 3198 1270 in
3236 1216 3506 1288 Europam
3529 1230 3744 1279 transve-

2200 1298 2371 1355 heret.
2388 1299 2689 1375 Mercedem
2712 1304 3062 1371 gubernatori
3086 1307 3573 1378 solvitmaximam,
3591 1327 3740 1381 quau-

2199 1398 2305 1443 tam
2328 1392 2601 1458 pollicitus
2624 1396 2909 1460 pecuuiam
2936 1397 3133 1465 fuerat,
3156 1400 3387 1470 impigre
3405 1405 3738 1459 numerando.

2197 1480 2333 1535 Hinc
2368 1498 2500 1552 ergo
2535 1486 2647 1554 jam
2675 1488 3052 1556 cognoscitur,
3085 1502 3420 1547 mercatores
3444 1492 3561 1549 illos
3594 1494 3745 1550 fuisse

2194 1571 2531 1644 Genuenses,
2579 1579 2781 1649 quibus
2821 1582 2912 1634 alii
2961 1581 3224 1638 Muratem
3260 1585 3315 1639 in
3350 1588 3557 1658 singula
3587 1599 3744 1644 trans-

2194 1667 2564 1722 vehendorum
2610 1671 2787 1739 capita
2850 1672 3081 1729 ducatos
3133 1676 3412 1745 singulos,
3468 1679 3556 1733 alii
3609 1682 3745 1737 binos

524 1766 725 1835 Lapido
770 1768 884 1822 sive
929 1768 1167 1837 Lopadio
1203 1769 1527 1824 milliarihus
1566 1769 1768 1824 Grazcis
1807 1769 1871 1824 l0
1902 1770 2079 1824 distat.

2195 1758 2424 1813 solvisse
2452 1770 2781 1817 memorant.
2806 1761 2873 1818 Et
2906 1765 3179 1825 notandus
3206 1768 3293 1822 hic
3326 1769 3598 1826 locustam
3622 1773 3745 1829 Lao-

520 1857 841 1911 Addendum
888 1869 939 1911 et
990 1861 1111 1921 hoc,
1164 1875 1377 1914 amnem
1429 1860 1728 1928 Lopadiu’m
1781 1861 1976 1931 priscis
2004 1861 2091 1917 di-

520 1959 667 2002 ctum
696 1952 865 2006 fuisse
896 1951 1276 2023 lihyndacum.
1356 1988 1371 1999 μ

520 2110 606 2162 87.
639 2108 804 2163 Falso
824 2126 1030 2163 rumore
1050 2110 1238 2178 didita,
1261 2128 1341 2166 res
1362 2114 1538 2183 magni
1559 2114 1810 2169 momenti
1827 2113 2086 2183 confecta.

590 2242 790 2298 Praeter
819 2244 946 2297 illud
990 2256 1341 2314 strategema,
1387 2264 1496 2317 qtto
1524 2248 1884 2305 Mechemetes
1918 2252 2088 2321 begus

520 2338 896 2407 Micltaloglius
946 2340 1309 2410 Mustaplrmos
1371 2359 1623 2413 proceres
1677 2360 1740 2399 ac
1802 2343 2002 2398 milites
2029 2344 2083 2398 in

519 2442 699 2493 partes
731 2432 952 2488 Mnratis
978 2436 1237 2499 attraxit,
1273 2438 1415 2491 aliud
1446 2438 1607 2491 etiam
1641 2452 1670 2489 a
1706 2437 1945 2491 La0nico
1972 2452 2086 2490 me—

517 2525 703 2579 moria»
742 2528 1014 2595 proditum
1060 2540 1160 2595 est,
1187 2546 1294 2599 quo
1326 2532 1623 2601 singularis
1661 2530 1901 2585 val’ritiei
1936 2546 2086 2587 com-

516 2626 695 2670 mento
752 2633 839 2671 res
900 2620 1104 2687 pariter
1157 2636 1219 2674 ae
1248 2638 1371 2691 spes
1401 2639 1591 2679 omnes
1627 2624 1925 2690 Muslapha!
1959 2623 2085 2677 fun-

512 2706 657 2759 ditus
686 2723 891 2761 eversa:
916 2723 1262 2767 corruerunt.
1297 2714 1383 2767 Ait
1423 2717 1591 2778 enim,
1618 2716 1797 2770 missis
1831 2716 1900 2770 ad
1935 2714 2083 2769 Grae-

512 2813 697 2851 corum
754 2800 1138 2869 imperatorem
1190 2820 1255 2858 ac
1316 2821 1590 2871 proceres,
1645 2816 1751 2860 tam
1782 2823 1810 2861 a
1849 2808 2080 2874 Murate,

511 2906 669 2957 quam
710 2892 988 2960 Mttstapha
1037 2895 1245 2963 legatis,
1286 2896 1505 2950 Graecos
1547 2898 1761 2951 tandem
1786 2914 1844 2952 re
1872 2900 2081 2953 delibe-

512 2994 625 3036 rata
677 2983 1026 3050 Mustaphaeis
1070 3000 1347 3050 assensus,
1382 2987 1758 3043 Mnratmnrum
1807 2992 2076 3059 postulata

508 3076 783 3142 rejrcisse.
843 3075 980 3130 Tum
1037 3093 1166 3131 vero
1214 3078 1499 3133 Muratmos
1540 3095 1759 3135 suorum
1789 3082 1842 3137 in
1894 3093 2072 3138 castra
2101 3111 2146 3174 ο

507 3172 741 3223 maxima
788 3187 911 3224 cum
953 3170 1298 3225 festinatione
1351 3189 1641 3240 reversos,
1698 3192 1822 3230 mox
1879 3174 2074 3229 falsum

504 3265 767 3332 sparsisse
815 3280 1124 3327 rumorem,
1172 3281 1280 3331 quo
1325 3265 1544 3322 Graecos
1584 3268 1923 3322 afﬁrmabant
1956 3267 2075 3322 Mu-

504 3358 634 3411 ralis
676 3368 858 3425 partes
895 3358 1193 3425 amplexos.
1231 3357 1300 3411 Ea
1333 3375 1395 3424 re
1428 3374 1521 3427 per
1548 3360 1878 3431 transfugas,
1914 3363 2072 3428 utlit,

502 3450 553 3501 in
607 3450 843 3502 hostium
886 3464 1104 3518 qucque
1147 3450 1550 3516 castrisdidita,
1582 3468 1922 3523 summopere
1952 3469 2073 3521 per-

502 3542 745 3593 turbatos
774 3541 1158 3609 Mustaphasos,
1184 3560 1414 3611 qttornm
1450 3545 1604 3612 legati
1642 3560 1764 3599 eum
1792 3555 2073 3615 peroptato

499 3631 808 3685 Grtrcorum
860 3648 1120 3702 responso
1174 3635 1403 3690 necdum
1451 3637 1795 3703 appulerant,
1845 3639 2072 3708 abjectis

498 3723 694 3777 animis
729 3725 807 3778 vel
836 3724 1062 3779 Muratis
1094 3742 1149 3780 se
1174 3727 1358 3796 gratim
1376 3742 1440 3782 ac
1464 3728 1586 3782 fidei
1622 3730 1959 3798 permisisse,
1986 3734 2071 3788 vel

498 3816 620 3883 fuga
678 3816 837 3869 saluti
892 3817 1236 3872 consuluisse
1266 3836 1279 3871 :
1326 3817 1490 3890 434
1520 3820 1663 3888 quod
1691 3819 1758 3874 ab
1792 3820 1909 3888 ipso
1935 3836 2073 3889 quo-

495 3922 602 3975 que
624 3907 901 3977 Mustaplta
942 3908 1168 3973 factum,
1222 3907 1454 3964 Zunaite
1492 3911 1748 3976 patritum
1776 3914 1840 3967 ad
1866 3913 2069 3982 princi-

495 4007 678 4068 patum
720 4015 778 4055 se
825 4000 1141 4068 recipiente.
1185 4000 1538 4057 Memorabile
1588 4004 1835 4073 profecto
1881 3999 2066 4060 exeun-

495 4093 666 4161 plum,
704 4108 810 4162 quo
841 4102 998 4163 pacto
1028 4110 1423 4165 n0nnunqnam
1457 4098 1508 4149 in
1536 4096 1690 4151 bellis
1716 4113 1803 4152 res
1829 4099 2069 4155 maxime

494 4186 802 4241 rumoribus
846 4188 925 4240 vel
976 4189 1270 4257 prosperis,
1307 4190 1389 4243 vel
1445 4190 1713 4255 adversis,
1761 4206 1885 4245 cum
1932 4192 2063 4247 dex-

492 4275 705 4332 teritate
736 4276 963 4348 sparsis,
1000 4278 1374 4347 perficiantur.

868 4391 958 4447 88.
987 4392 1151 4463 Buga,
1192 4392 1361 4459 Cuba,
1396 4411 1490 4464 pro
1523 4394 1695 4467 Buga.

555 4505 674 4571 Quo
724 4507 840 4561 loco
892 4508 991 4562 sita
1042 4509 1113 4563 sit
1155 4508 1323 4581 Buga,
1377 4512 1512 4567 satis
1542 4510 1767 4577 intelligi
1796 4518 1970 4580 potest
1997 4509 2064 4566 de

485 4598 688 4653 notatis
740 4599 993 4668 superius
1033 4600 1099 4654 ad
1146 4616 1433 4655 numerum
1465 4601 1556 4656 24.
1590 4603 1632 4654 A
1658 4602 1930 4671 Leopadio
1955 4618 2060 4658 non

485 4686 643 4756 longe
695 4688 878 4753 distat,
937 4691 1205 4760 habetque
1263 4692 1465 4755 lacum,
1515 4708 1579 4747 ex
1635 4708 1744 4761 quo
1773 4704 2062 4762 promanat

484 4780 661 4832 amnis
729 4779 896 4848 Buga,
948 4782 1152 4835 civitati
1213 4784 1587 4852 cognominis.
1645 4783 2058 4843 Rccentioribns

483 4869 619 4924 Juba
666 4873 744 4925 vel
796 4871 949 4927 Guba
977 4874 1261 4937 scribitur,
1292 4875 1493 4928 litteris
1527 4878 1898 4946 transpositis.
1928 4882 2057 4933 Ant-

483 4964 566 5017 nis
599 4962 766 5032 Buga,
812 4979 973 5032 quem
1024 4966 1285 5027 diximus,
1329 4965 1575 5036 Lopadio
1610 4968 1820 5024 llumini
1858 4971 2058 5026 misee-

483 5070 588 5125 tur,
626 5057 768 5127 quod
816 5058 998 5111 itidem
1038 5057 1257 5113 Grazcos
1306 5060 1435 5115 olim
1476 5061 1830 5133 Rhyndacum
1871 5065 2055 5135 appel-

482 5150 623 5203 lasse
650 5148 810 5217 paulo
842 5156 966 5200 ante
998 5150 1325 5205 notavimus.

476 5264 546 5317 89
591 5263 883 5342 Cannenses
908 5265 1120 5333 quidam
1146 5267 1199 5319 in
1228 5265 1493 5337 Europam
1518 5270 1747 5327 Muralis
1778 5272 1837 5327 II
1868 5276 2047 5342 copias

548 5344 697 5386 trans
751 5333 1168 5402 Hellespontum,
1245 5333 1461 5405 accepta
1510 5348 1741 5396 mercede
1790 5333 2044 5409 maxima,

544 5414 931 5473 transportat”.

542 5515 805 5570 lieferttnt
858 5516 1058 5583 Turci,
1116 5518 1403 5586 Muratem,
1456 5532 1513 5576 ttt
1572 5523 1914 5595 Mttstapbam
1960 5528 2043 5582 fn-

469 5608 706 5676 gictttetu
761 5609 1118 5678 opprimeret,
1149 5626 1271 5666 cum
1305 5630 1495 5670 omnes
1521 5617 1587 5671 ad
1632 5616 2036 5688 Hellespontum

469 5712 687 5769 propter
726 5702 1197 5773 Calliopolitattum
1239 5708 1520 5777 trajectum
1558 5727 1724 5767 naves
1754 5714 1804 5768 in
1836 5725 2035 5770 lCt‘l'alll

2196 1852 2323 1915 nici,
2343 1869 2505 1922 quam
2535 1857 2841 1915 annalium.
2870 1868 3089 1927 propter
3125 1874 3439 1918 nostrorum
3469 1866 3743 1919 hallucina-

2193 1947 2390 2010 tiones,
2438 1963 2675 2017 quorum
2715 1949 2807 2005 alii
2851 1962 3105 2007 navatam
3153 1954 3297 2009 hanc
3333 1954 3525 2011 Turcis
3554 1957 3743 2012 aiunta

2191 2036 2574 2096 Genucnsibus
2634 2056 2855 2111 operam
2907 2051 3155 2113 tempore
3213 2048 3408 2115 prima:
3459 2048 3741 2104 Turcorum

2191 2131 2598 2199 transjectiunis
2643 2134 2697 2188 in
2748 2134 3047 2206 EurOpam,
3090 2139 3142 2192 in
3174 2141 3384 2208 quibus
3412 2152 3496 2197 est
3532 2141 3745 2198 Nicolai-

2189 2222 2306 2287 des,
2353 2223 2419 2279 de
2468 2240 2579 2294 quo
2622 2242 2788 2296 supra
2840 2228 3045 2284 dictum
3087 2247 3321 2286 numero
3374 2244 3617 2289 notarum
3641 2234 3741 2287 24:

2188 2314 2279 2370 alii
2336 2316 2582 2372 referunt
2629 2320 2695 2373 ad
2745 2320 2797 2375 id
2846 2330 3082 2392 tempus,
3124 2339 3231 2393 quo
3260 2326 3510 2383 rescissis
3531 2328 3744 2382 auctori-

2188 2416 2294 2462 tate
2351 2410 2624 2478 pontilicis
2674 2413 2931 2478 induciis,
2974 2431 3113 2486 quas
3175 2417 3485 2478 Vladislaus
3534 2422 3743 2476 Polonus

2185 2496 2438 2569 Ungaria:
2484 2516 2578 2556 rex
2638 2518 2763 2558 cum
2820 2502 3034 2561 Murate
3088 2518 3280 2576 pactus
3339 2509 3539 2574 fuerat,
3590 2511 3745 2581 Euge-

2186 2590 2309 2647 nius
2352 2590 2416 2645 IV
2456 2593 2717 2663 pontifex,
2770 2605 2826 2651 et
2869 2594 3035 2653 Italia:
3066 2599 3366 2669 principes,
3398 2601 3608 2673 Ungaro
3634 2618 3743 2672 pro-

2184 2683 2471 2749 miserunt,
2510 2701 2569 2740 se
2605 2687 2926 2744 triremibus
2951 2690 3281 2747 obsessuros
3309 2692 3737 2763 Hellespontum:

2181 2790 2292 2844 quo
2351 2776 2533 2831 minus
2577 2792 2644 2831 ex
2687 2779 2817 2834 Asia
2864 2780 3125 2847 Murates,
3183 2786 3272 2839 ubi
3322 2786 3523 2842 bellum
3570 2799 3741 2843 contra

2179 2862 2537 2919 Caramanum
2586 2868 2839 2937 gerebat,
2896 2872 2948 2925 in
3008 2872 3279 2943 Europam
3348 2879 3737 2939 transmittere,

2179 2968 2518 3029 conatusque
2559 2959 2817 3018 Vladislai
2891 2965 3069 3034 regis,
3114 2966 3327 3038 Europa
3388 2970 3590 3027 Turcos
3638 2971 3740 3039 eje-

2179 3049 2341 3111 cturi,
2384 3061 2566 3120 posset
2600 3053 2883 3122 impedire.
2932 3056 3052 3124 Quo
3096 3074 3228 3116 sane
3262 3071 3530 3133 tempore,
3560 3065 3602 3119 si
3637 3062 3732 3119 Ge-

2179 3154 2411 3197 nuenses
2455 3147 2891 3214 transportandis
2931 3148 3127 3206 Turcis
3164 3168 3395 3224 operam
3444 3156 3626 3211 Murati
3659 3171 3741 3209 na.

2176 3242 2435 3299 vasseut,
2494 3250 2591 3290 ceu
2645 3238 2887 3307 pessime
2955 3241 3023 3297 de
3068 3252 3178 3298 tota
3240 3248 3433 3303 meriti
3482 3249 3739 3318 republica

2177 3319 2487 3379 Christiana
2535 3326 2670 3382 diris
2720 3330 2966 3386 omnium
3011 3333 3191 3389 devoti
3235 3335 3494 3394 fuissent.
3524 3339 3622 3394 Sed
3645 3338 3739 3394 hoc

2176 3411 2395 3481 quidem
2446 3430 2539 3471 eos
2580 3416 2853 3476 Laonicus
2893 3432 2946 3476 et
2978 3424 3221 3482 Annales
3266 3427 3321 3482 hi
3362 3430 3584 3486 crimine
3613 3430 3732 3484 libe-

2174 3511 2328 3567 rant,
2380 3520 2502 3560 cum
2555 3508 2772 3564 interim
2813 3514 2997 3583 negari
3045 3528 3300 3587 nequeat,
3336 3524 3477 3578 hanc
3505 3522 3735 3580 Genuam

2174 3593 2313 3648 sium
2337 3632 2352 3659 ,
2382 3597 2725 3665 privatorum
2752 3611 2930 3659 tamen
2966 3606 3251 3665 hominum
3283 3628 3528 3683 operam,
3563 3614 3733 3668 in‘ltoc

2174 3692 2417 3755 tempore
2444 3700 2629 3745 contra
2667 3692 3013 3766 Mustapham
3048 3699 3242 3757 Murati
3278 3708 3598 3773 prmstitam,
3633 3722 3727 3760 non

2173 3776 2289 3832 leve
2315 3778 2627 3838 Graecorum
2651 3785 2815 3843 rebus
2839 3792 3094 3849 attulisse
3118 3794 3409 3861 damnum,
3434 3814 3497 3854 ac
3522 3800 3728 3870 proinde

2172 3873 2384 3926 caeteris
2429 3874 2597 3929 etiam
2654 3880 2822 3935 totius
2880 3880 3109 3954 Europa:
3157 3890 3383 3958 populis
3426 3891 3733 3946 Christianis

2171 3961 2342 4019 fuisse
2386 3968 2624 4023 noxiam.
2661 3970 2891 4030 Bolairis
2924 3985 2977 4030 et
3028 3977 3182 4034 Ezeaa
3226 3982 3471 4050 planitiei
3510 3986 3619 4040 loca
3648 3999 3729 4037 su-

2170 4057 2355 4125 perius
2377 4061 2622 4129 exposita
2649 4073 2779 4118 sunt
2812 4080 3043 4124 numero
3067 4069 3158 4125 25.
3181 4071 3420 4130 Tantum
3448 4077 3533 4131 hic
3556 4078 3728 4130 obser-

2168 4150 2433 4217 vandum,
2483 4154 2701 4209 nomine
2735 4156 2907 4212 Boleri
2940 4161 3055 4215 sive
3096 4162 3355 4231 Bolairis,
3382 4169 3543 4224 etiam
3582 4169 3725 4236 oppi-

2167 4242 2295 4295 dum
2345 4243 2431 4297 hic
2463 4245 2626 4300 situm
2661 4249 2906 4321 intelligi.
2944 4252 3132 4309 Mortis
3172 4271 3368 4327 genus,
3412 4276 3520 4331 quo
3545 4261 3727 4315 Musta-

2168 4332 2330 4401 pham
2367 4335 2606 4393 Murates
2633 4341 2772 4396 allici
2810 4341 3074 4413 jusserit,
3107 4348 3372 4405 nimirum
3400 4362 3456 4406 ut
3484 4353 3547 4407 de
3573 4352 3722 4422 pinna

2166 4426 2404 4495 quadam
2440 4445 2720 4487 murorum
2752 4436 2902 4491 urbis
2936 4436 3471 4511 lladrianopolitanae
3506 4459 3722 4513 suspen-

2167 4517 2424 4585 deretur,
2470 4537 2499 4574 a
2533 4521 2979 4598 .Chalcocondyle
3029 4532 3248 4587 silentio
3298 4537 3646 4605 praeteritum,
3694 4548 3720 4589 a

2166 4607 2358 4667 Turcis
2394 4616 2671 4671 memorite
2707 4621 2972 4687 proditur.

2354 4707 2443 4762 90.
2486 4706 2684 4765 Lazari
2712 4714 2836 4781 duo,
2878 4716 3075 4772 Servio:
3104 4719 3330 4784 dcspota:
3356 4723 3534 4777 simul.

2232 4793 2329 4852 His
2377 4803 2535 4857 annis
2586 4802 2865 4861 Bonllnius
2895 4823 3019 4864 cum
3070 4828 3175 4868 uno
3217 4814 3477 4888 Georgio,
3511 4819 3717 4886 dcspota

2160 4889 2527 4948 Roxianorum
2576 4898 2691 4952 sive
2736 4897 3127 4967 Razianorum,
3168 4910 3263 4975 qui
3295 4917 3350 4963 et
3384 4908 3577 4973 Servii,
3613 4907 3718 4960 Mu-

2158 4992 2327 5038 ratem
2364 4986 2498 5039 bella
2525 4989 2758 5058 gessisse
2800 4992 3047 5061 scripsit.
3080 4996 3321 5053 Annales
3358 5016 3487 5054 vero
3511 4998 3713 5053 Turcici

2156 5076 2414 5139 tradunt,
2451 5094 2596 5133 anno
2629 5080 2947 5138 Christiano
2981 5084 3115 5138 “‘27
3152 5085 3419 5143 Lazarum
3451 5089 3712 5160 despotatn

2154 5183 2337 5222 senem
2391 5170 2596 5224 ditioue
2628 5187 2727 5227 sua
2760 5189 2986 5239 prorsus
3016 5188 3267 5247 exutum,
3321 5181 3594 5249 nihiloque
3622 5180 3713 5234 mi-

2151 5276 2255 5314 nus
2323 5276 2468 5316 anno
2510 5268 2761 5334 sequenti
2806 5271 3055 5338 proximo
3099 5273 3399 5340 Muratem,
3428 5276 3708 5330 instaurate

2147 5352 2319 5419 bello,
2364 5354 2554 5410 Lazari
2590 5360 2863 5428 regionem
2891 5362 3200 5420 universam
3233 5368 3544 5437 populatum
3575 5378 3703 5419 esse.

2145 5444 2354 5512 Quibus
2388 5464 2453 5503 cx
2506 5452 2685 5507 verbis
2720 5455 2967 5522 equidem
3015 5458 3232 5527 colligo,
3284 5461 3503 5516 nomine
3529 5454 3703 5512 Lazari

2143 5538 2290 5592 senis
2344 5540 2569 5611 intelligi
2630 5542 2992 5614 Stephanum,
3038 5548 3230 5605 [.azari
3284 5552 3443 5620 primi
3511 5551 3698 5612 lilium.

2141 5644 2301 5698 quem
2348 5631 2583 5689 Muratcs
2614 5652 2783 5706 regno
2822 5640 3049 5710 cjcecrit
3091 5660 3105 5697 :
3132 5645 3226 5699 sed
3252 5644 3317 5699 ab
3346 5644 3468 5713 ejus
3498 5644 3600 5697 lilio
3625 5654 3694 5693 re-

2140 5732 2350 5792 ceptant
2397 5742 2519 5781 mox
2568 5729 2850 5798 ditionem,
2913 5748 2939 5787 a
3000 5733 3204 5791 Muratc
3254 5738 3517 5805 direptam
3559 5741 3691 5787 anno
