4048 6208
328 295 439 359 797

330 412 585 484 proximo
627 412 795 467 fuisse
831 429 845 465 :

328 507 548 577 Georgii
596 522 793 560 nomen
835 504 1095 559 habuisse
1138 504 1401 575 perSpicit
1448 520 1513 558 ex
1576 503 1772 557 horum
1814 502 1911 556 de-

328 612 610 669 spotarum
643 609 933 654 stemmate
982 599 1176 661 lector,
1228 597 1375 666 quod
1435 611 1636 668 Supra,
1684 610 1912 650 numero

332 704 582 749 notarum
613 694 703 754 54.
745 693 1015 747 dedimus.

615 788 992 845 9I.Ibraltim.
1026 786 1261 840 Praimes
1304 795 1353 840 et
1391 784 1702 853 Mpraimes.

402 884 503 949 Qui
551 881 749 936 Turcis
794 880 1031 934 lbrahim
1065 880 1258 944 bassa,
1286 879 1518 933 Chelilis
1549 878 1726 931 bassae
1765 884 1919 943 pater

332 977 554 1036 dicitur,
595 974 840 1029 Laonico
868 972 1113 1027 Praimes
1144 983 1247 1038 est,
1277 973 1391 1027 Alis
1425 972 1570 1025 Iilius
1604 988 1616 1021 :
1653 982 1763 1038 quo
1798 968 1919 1020 loco

334 1069 542 1123 notavit
591 1068 658 1121 ad
691 1066 812 1120 libri
871 1066 1176 1134 marginem
1225 1068 1518 1131 interpres.
1576 1064 1720 1117 hune
1765 1074 1922 1112 eum-

334 1164 461 1216 dem
518 1176 640 1216 esse
681 1176 802 1214 cum
854 1159 1252 1224 Chaiambego,
1283 1157 1337 1210 in
1380 1171 1491 1224 quo
1528 1170 1659 1209 sane
1688 1154 1919 1207 fallitur.

336 1255 478 1308 Nam
525 1255 611 1306 hic
656 1252 1056 1321 Chaiamhegus
1101 1249 1441 1317 interpretis,
1484 1246 1725 1299 Laonieo
1782 1245 1924 1298 libro

337 1354 498 1402 sexto
540 1345 836 1400 Carambes
865 1344 1087 1405 dicitur.
1122 1341 1325 1396 Priami
1356 1340 1522 1402 ﬁlius,
1556 1338 1782 1393 Chelilis
1816 1336 1927 1390 fra-

339 1454 444 1497 ter.
498 1441 599 1495 [lbi
635 1449 782 1502 uota,
836 1438 1112 1492 Priamum
1164 1434 1342 1490 vocari
1388 1433 1610 1487 nomine
1645 1438 1926 1495 corrupto,

340 1535 464 1588 loco
495 1532 751 1589 Praimis.
788 1546 949 1600 quem
989 1530 1163 1585 (ἔτωοί
1204 1527 1519 1596 Mpraimem
1549 1522 1821 1581 scribunt,
1857 1520 1927 1572 ob

342 1625 615 1680 dilIiciIem
663 1624 798 1692 ipsis
834 1622 1343 1693 pronuntiationem
1396 1618 1589 1671 litterae
1625 1625 1827 1668 nostra:
1867 1611 1926 1670 Β,

346 1734 444 1785 pro
480 1735 585 1788 qua
617 1716 709 1770 MP
739 1726 951 1788 ponunt
982 1733 997 1770 :
1042 1725 1100 1768 ut
1131 1712 1463 1783 Mpajazites,
1502 1726 1599 1779 pro
1626 1708 1925 1775 Bajaz’tes;

340 1813 699 1881 Rompertus,
744 1825 844 1879 pro
893 1808 1207 1872 Robertus;
1250 1806 1566 1874 Mpiperius,
1618 1817 1717 1872 pro
1768 1800 1924 1853 Bibe-

345 1904 485 1967 rius,
541 1901 867 1970 cognomine
906 1899 1108 1951 Tiberii
1153 1914 1168 1961 ;
1204 1896 1492 1965 Mpajulus,
1544 1908 1641 1962 pro
1690 1891 1923 1960 Bajulo:

346 2014 468 2069 quae
514 1996 819 2067 posteriora
884 1993 994 2048 duo
1025 1991 1376 2060 reperiuntur
1429 1986 1571 2056 apud
1630 1984 1924 2039 Cedrinum

346 2103 401 2146 et
426 2090 748 2160 Gregoram.
802 2086 1076 2141 Laonicus
1126 2086 1268 2139 libro
1312 2080 1509 2137 deinde.
1536 2087 1735 2131 octavo
1763 2076 1926 2129 etiam

350 2187 639 2248 Preimem,
696 2183 813 2238 sive
862 2180 1065 2235 rectius
1116 2177 1431 2247 Mpreimem
1487 2172 1645 2226 dixit.
1687 2169 1753 2222 Et
1782 2168 1931 2223 Grre-

345 2296 474 2332 enim
525 2278 788 2341 Praimes,
850 2274 965 2328 sive
1019 2271 1285 2333 Preimes,
1340 2260 1927 2325 Turcicumlbrahim,

349 2373 491 2428 facta
521 2380 647 2424 sunt
685 2385 748 2423 ex
785 2366 1010 2423 llebrzeo
1040 2362 1338 2419 Abraham.

518 2461 679 2534 5.35
713 2460 804 2515 92.
845 2458 1075 2513 Murales
1119 2453 1429 2511 Salonicam
1454 2455 1743 2520 expugnat.

425 2578 665 2633 Annales
700 2575 750 2629 hi
782 2572 1003 2645 quidem
1038 2570 1435 2635 nonindicant,
1480 2567 1699 2621 cuinam
1758 2562 1932 2615 Mura-

352 2683 437 2727 tes
488 2670 797 2725 Saionicam
845 2667 961 2721 sive
1006 2663 1453 2720 Thessalonicam
1493 2658 1799 2714 ademerit:
1839 2654 1932 2709 sed

352 2781 443 2821 res
467 2766 548 2821 sic
576 2764 759 2818 habet.
791 2764 946 2816 Anno
973 2758 1287 2815 Christiano
1330 2755 1469 2810 1/523
1522 2750 1822 2807 Thessalia:
1854 2748 1935 2803 ci-

352 2872 494 2914 Has
525 2855 917 2911 Thessalonica
944 2852 1167 2907 vendita
1214 2847 1531 2916 reipublica:
1563 2844 1784 2898 Veneta?
1834 2840 1937 2894 fuit

353 2955 421 3007 ab
470 2952 786 3005 Andronico
864 2945 1193 3013 Palzrologo,
1270 2940 1537 2996 Manuelis
1590 2934 1936 3005 imperatoris

351 3046 671 3102 Graecorum
718 3040 1137 3111 autepeuultimi
1174 3036 1308 3101 lilio,
1359 3032 1647 3104 penultimi
1683 3028 1934 3091 Joannis,

1499 296 1902 356 PANI)ECTE
1938 295 2145 355 HIS'I‘.
2190 296 2504 356 TURCIC.

904 409 1173 465 Lararum
1227 425 1357 464 vero
1401 410 1677 481 iuniorem
1734 410 1906 474 hunc,
1941 414 1991 472 Α
2018 412 2302 482 interiecto
2332 410 2602 467 Romanis
2635 426 2663 465 a
2686 411 2861 481 copiis
2888 419 3214 479 ocmtpatum
3245 408 3371 462 fuit.
3395 407 3611 474 Quibus

2015 518 2043 557 e
2074 504 2252 559 verbis
2282 504 2625 575 intelligitur,
2650 504 2895 557 Thracia).
2916 515 3153 555 montem
3180 516 3299 555 esse
3324 500 3608 571 Tugauum

2014 596 2099 649 vel
2125 596 2430 671 Toganum,
2452 596 2693 651 vicinum
2728 594 2991 658 'I'zurnlo,
3029 593 3096 648 de
3122 610 3226 662 qua
3248 593 3503 661 superius
3531 594 3615 647 di-

3505 297 3615 358 793

2026 699 2198 752 ctum,
2221 706 2448 743 nurnero
2486 700 2738 743 notarum
2753 688 2993 756 26.Zoga
3016 704 3144 740 vero
3158 686 3476 749 Turcicum,
3493 701 3612 739 eam

2018 780 2085 834 ad
2138 779 2420 847 Toganum
2479 782 2749 834 rationem
2789 779 2971 841 habet,
3004 778 3149 848 quod
3205 778 3583 846 pronuntiatio

2020 886 2145 924 nem
2188 872 2406 933 attinet,
2440 886 2604 939 quam
2640 868 2847 923 Ozman
2892 870 2975 923 vel
3000 867 3229 929 Osman,
3257 867 3320 919 ad
3352 868 3614 918 (tthmau.

2303 963 2392 1016 9ι.
2425 963 2684 1025 Arbania,
2706 963 2988 1024 Albanum,
3030 960 3345 1014 Aruautlar.

2094 1053 2267 1119 Quam
2304 1052 2475 1109 Grmci
2511 1063 2720 1107 veteres
2752 1052 2973 1120 Epirum
3004 1051 3217 1113 dixere,
3253 1065 3402 1104 nunc
3436 1050 3615 1102 Arba-

2027 1149 2172 1202 niam
2234 1157 2429 1200 vocant
2461 1157 2513 1201 et
2543 1147 2854 1201 Albaniam.
2882 1144 3095 1200 Nomen
3124 1144 3383 1199 Arbania:
3412 1142 3620 1209 reperi-

2028 1241 2191 1295 turiu
2227 1240 2369 1293 libro
2400 1238 2586 1294 Gneca
2628 1240 2809 1309 lingua
2861 1238 3068 1308 vulgari
3107 1239 3338 1306 scripto,
3392 1236 3478 1289 cui
3525 1250 3625 1287 no-

2030 1345 2150 1384 men
2190 1326 2542 1382 I’ortolauus.
2574 1329 2847 1383 Albanum
2899 1339 3101 1397 praetor
3156 1327 3382 1381 Grazciae
3436 1333 3623 1379 noster

2031 1423 2175 1475 hanc
2235 1421 2515 1491 regione‘m
2579 1422 2852 1490 indigitat.
2923 1420 3119 1473 Incolae
3165 1418 3361 1472 Turcis
3410 1417 3625 1469 Arnau—

2031 1516 2152 1569 tlari
2193 1515 2568 1577 nominantur,
2621 1529 2647 1565 a
2703 1512 2909 1581 quibus
2954 1513 3067 1580 jam
3108 1510 3300 1575 majori
3356 1525 3420 1560 ex
3472 1516 3625 1577 parte

2035 1608 2213 1662 Murea
2247 1622 2490 1677 quoque.
2526 1608 2643 1660 sive
2676 1604 3113 1674 Pel0ponnesus,
3154 1601 3512 1655 inhabitatur.

2035 1703 2128 1758 95.
2173 1701 2390 1765 Heraea,
2438 1698 2796 1766 Herzegorinn
2825 1715 2843 1751 :
2880 1698 3077 1751 Bozina
3121 1695 3331 1758 duplex,
3372 1692 3624 1748 Sandalis

2468 1772 2631 1840 regio,
2656 1772 2765 1822 dux
2792 1768 2975 1823 Sancti
3006 1766 3185 1821 Sabw.

2105 1867 2270 1936 Regia
2298 1864 2514 1918 Bozinee
2537 1864 2861 1931 superioris,
2886 1876 3078 1916 versus
3102 1860 3321 1914 Jadram
3357 1859 3473 1913 sive
3514 1857 3621 1910 Za-

2031 1975 2149 2015 ram
2190 1968 2245 2013 et
2297 1958 2656 2025 Epidaurum,
2688 1969 2833 2008 nunc
2858 1954 3127 2025 Ragusam
3156 1968 3216 2006 se
3269 1952 3622 2020 porrigentis.

2031 2049 2269 2104 Herzeca
2302 2064 2328 2100 a
2353 2046 2917 2115 Turcis'appellatur.
2955 2059 2982 2097 a
3011 2043 3299 2107 Castaldo,
3348 2042 3620 2104 Chersee;

2031 2144 2101 2198 ab
2124 2143 2245 2197 aliis
2264 2135 2546 2209 Otzega,'a
2574 2138 2865 2192 Boziuacis
2896 2135 3182 2192 etCroatis
3212 2132 3621 2199 Ilerzegovina:

2032 2235 2179 2306 quod
2209 2234 2367 2288 ducis
2397 2236 2515 2288 sive
2544 2230 2806 2302 principis
2839 2230 2996 2285 sedes
3016 2239 3181 2294 esset,
3211 2242 3370 2297 quem
3402 2222 3630 2279 Bocina—

2033 2328 2083 2382 ci
2118 2327 2569 2394 Croatique.cum
2595 2323 2854 2392 Ungaris,
2886 2320 3213 2385 GermanLco
3238 2317 3503 2372 voeabqu
3528 2330 3626 2368 no-

2034 2423 2248 2476 minant
2289 2418 2517 2487 Herzog.
2576 2417 2786 2485 Quippe
2817 2416 3017 2484 duplex
3068 2424 3188 2467 erat
3233 2412 3360 2466 olim
3400 2409 3626 2468 Bozina,

2034 2512 2283 2581 superior
2317 2520 2371 2566 et
2402 2509 2626 2565 inferior
2657 2526 2671 2564 :
2703 2523 2936 2579 quarum
2976 2509 3090 2561 haec
3142 2518 3323 2572 regem
3372 2499 3629 2559 habebat,

2036 2622 2197 2677 quem
2238 2606 2580 2677 Illyricorum
2612 2618 2791 2671 regem
2814 2608 3096 2670 nuncupat
3127 2591 3629 2663 Cualcommlyles:

2038 2690 2128 2752 illa
2151 2699 2458 2767 pr‘ocipem
2486 2699 2602 2751 sive
2632 2697 2850 2756 ducem,
2877 2706 3037 2761 quem
3072 2691 3234 2742 etiam
3258 2686 3443 2740 Sancti
3479 2682 3636 2736 Salue

2038 2791 2232 2845 ducem
2266 2790 2559 2844 vocabant.
2596 2788 2837 2840 Laonico
2891 2780 3147 2838 Saudalis
3202 2778 3357 2845 regio
3401 2775 3631 2838 dicitur,

2039 2894 2094 2938 et
2124 2883 2312 2938 incola:
2364 2882 2631 2947 Cutlvergi
2691 2881 2758 2934 ab
2800 2878 2989 2933 eodem
3048 2874 3433 2945 appellantur,-
3484 2871 3633 2924 haud

2041 2978 2179 3037 scio.
2215 2991 2282 3029 an
2321 2991 2429 3028 non
2471 2974 2745 3042 corruptis
2775 2971 3089 3033 vocabulis,
3129 2983 3239 3022 uno
3273 2982 3336 3019 ex
3365 2963 3635 3021 Sausaba.

2041 3069 2181 3124 sicut
2211 3068 2325 3122 Itali
2365 3067 2740 3135 pronuntiant,
2813 3064 2987 3117 altero
3036 3076 3100 3115 ex
3161 3056 3478 3113 Herzecmi.
3529 3053 3636 3108 Sed

353 3148 408 3193 ει
440 3138 615 3193 "mmi
668 3133 1029 3190 consumini
1062 3132 1239 3186 fratre
1298 3128 1461 3223 icui
1497 3127 1615 3223 iege
1652 3130 1934 3194 pernm”-
1964 3116 2007 3173 ο
2363 3116 2677 3220 insi—illus.
2719 3116 2839 3211 cum
2874 3157 2927 3209 in
2991 3152 3252 3223 Bajazitis
3319 3150 3360 3203 II
3414 3149 3521 3200 vita
3573 3146 3640 3200 de

358 3233 550 3295 tionis,
585 3229 753 3285 annui
789 3228 996 3282 reditus
1032 3224 1272 3280 civitatis
1301 3219 1608 3276 Tarvisinan
1630 3222 1941 3272 cesserunt.

355 3323 465 3378 Sed
502 3334 756 3377 mortuus
791 3318 894 3372 l‘uit
924 3315 1277 3370 Andronicus
1328 3312 1382 3365 in
1420 3310 1635 3368 itinere,
1678 3306 1806 3359 dum
1838 3302 1942 3357 Ve-

361 3418 540 3474 netias
568 3404 871 3484 navigaret.
907 3409 1091 3465 Nihilo
1141 3409 1325 3462 minus
1351 3403 1489 3459 urbe
1526 3401 1682 3471 potiti
1728 3396 1945 3461 Veneti,

363 3527 494 3567 suos
524 3525 589 3566 eo
614 3517 862 3564 rectores
890 3505 1090 3559 misere
1124 3520 1137 3556 :
1178 3513 1412 3570 quorum
1450 3494 1664 3566 primus
1700 3491 1801 3547 fuit
1834 3488 1947 3542 Ma-

364 3610 517 3662 rinus
550 3601 969 3663 Boodomerius,
1033 3611 1158 3651 eum
1188 3592 1347 3648 titulo
1379 3588 1598 3646 comitis
1656 3583 1949 3639 Thessalo-

362 3700 520 3754 nicaa.
553 3694 812 3751 Venditio
852 3698 1144 3761 propterea
1195 3687 1338 3742 facta
1404 3684 1530 3748 fuit,
1569 3678 1715 3749 quod
1772 3675 1947 3732 Graeci

360 3791 523 3846 nullo
547 3802 607 3845 se
655 3785 821 3841 modo
849 3781 1299 3837 Thessalonicam
1336 3777 1602 3830 adversus
1641 3770 1949 3825 Turcorum

363 3885 475 3937 vim
521 3894 685 3952 pos~e
737 3877 877 3932 tueri
911 3874 1183 3935 viderent,
1214 3871 1341 3925 licet
1367 3868 1498 3923 urbs
1533 3868 1649 3935 ipsa
1676 3862 1952 3932 magnitu-

362 3979 492 4031 dine
515 3974 765 4045 insignis,
789 3971 963 4042 copiis
991 3967 1255 4036 locuples,
1280 3961 1590 4017 Thermaici
1626 3960 1784 4014 sinus
1818 3969 1950 4026 por-

365 4078 423 4121 tu
488 4066 716 4129 nobilis,
772 4078 873 4118 nec
934 4060 1027 4115 ulli
1085 4059 1398 4114 Graecarum
1426 4054 1710 4108 civitatum
1737 4047 1955 4102 caeteris

365 4158 713 4213 ornamentis
740 4152 973 4209 inferior
1002 4159 1171 4205 esset.
1199 4148 1362 4203 Anno
1410 4143 1611 4198 deinde
1646 4139 1775 4195 Im
1835 4138 1951 4193 sul-

366 4264 534 4307 tanns
567 4250 804 4305 Murates
828 4262 950 4300 eam
985 4241 1223 4306 obsedit,
1258 4253 1324 4294 ac
1357 4237 1638 4293 multoties
1675 4246 1957 4301 oppugna-

368 4358 505 4406 tam.
574 4341 789 4397 Venetis
813 4340 1029 4394 tandem
1068 4336 1312 4403 eripuit:
1356 4329 1517 4385 cazsis
1548 4325 1955 4386 defensoribus,

2045 3247 2311 3302 Achmete
2365 3247 2524 3299 bassa
2568 3244 2893 3314 Cherseugli
2973 3244 3086 3296 sive
3128 3238 3475 3305 Chersecogli
3528 3248 3639 3289 tra-

2047 3339 2341 3402 ctabimus,
2382 3347 2635 3391 notarum
2674 3337 2774 3389 I6l
2810 3346 2864 3388 et
2890 3333 2996 3387 162
3026 3331 3316 3401 capitibus.
3356 3330 3412 3383 In
3434 3328 3637 3382 tabulis

2050 3429 2499 3499 chorographicis
2534 3440 2631 3498 pro
2674 3428 2920 3497 Hcrccgo
2945 3427 3167 3481 civitate
3199 3421 3443 3493 reperias
3462 3421 3633 3475 alicu-

2050 3522 2103 3577 bi
2142 3524 2431 3592 scriptum,
2462 3521 2712 3588 Scrcico,
2747 3521 2838 3575 sed
2882 3528 3157 3588 corrupte.

2356 3614 2449 3668 96.
2496 3613 2648 3667 Bulci
2681 3614 2799 3683 ﬁlia
2827 3611 3031 3667 Murati
3065 3619 3248 3679 nupta.

2126 3704 2360 3762 Nomine
2424 3707 2572 3761 Bulci
2609 3708 2794 3776 accipe
2846 3704 3141 3775 Georgium
3214 3700 3640 3761 Bnlcovitzium,

2057 3801 2261 3855 Servis:
2298 3801 2604 3869 dcspotam,
2637 3809 2692 3853 et
2731 3799 2854 3853 vide
2902 3807 3083 3852 notata
3121 3798 3399 3866 superius,
3446 3794 3513 3848 ad
3544 3809 3643 3847 nn-

2057 3910 2240 3948 meros
2281 3902 2534 3948 notarum
2562 3892 2633 3945 ιδ
2665 3903 2719 3945 et
2744 3892 2833 3945 '54.
2858 3891 3050 3945 Filiam
3090 3890 3255 3958 hujus
3282 3888 3327 3940 Μ
3344 3887 3489 3940 orati
3546 3901 3646 3938 uno

2056 3982 2234 4052 piam,
2292 3981 2539 4051 plerique
2571 3988 2767 4034 vocant
2800 3978 3011 4041 lrencn,
3043 3986 3405 4049 cognomento
3450 3974 3649 4029 Canta-

2059 4086 2349 4136 cuzeuam,
2385 4072 2439 4124 in
2481 4069 2681 4139 quibus
2719 4078 2805 4123 est
2849 4067 3155 4130 Gettl'raaus,
3192 4080 3351 4135 quem
3416 4064 3649 4117 Reinec—

2060 4166 2178 4221 eius
2210 4164 2479 4234 sequitur.
2513 4161 2618 4215 Sed
2667 4162 2718 4216 hi
2753 4159 2970 4229 quidem
3039 4167 3250 4212 errant.
3303 4157 3437 4211 Nam
3499 4161 3650 4210 recte

2061 4254 2281 4325 scripsit
2312 4251 2706 4320 Spauduginus
2741 4249 2885 4301 hanc
2941 4246 3169 4299 Mariam
3210 4245 3381 4300 fuisse
3425 4246 3648 4307 dictam,

2063 4363 2183 4417 qum
2215 4356 2340 4399 nata
2375 4342 2535 4396 I'uerit
2576 4357 2681 4395 non
2734 4337 3129 4400 Cantaeuzioo,
3168 4335 3263 4391 sed
3320 4334 3491 4405 Jurgo
3537 4335 3645 4403 (sic.

370 4456 437 4493 ³ο
471 4436 708 4506 βταδεῖάίί
741 4431 930 4487 vene”
986 4427 1237 4497 reliquiis
1290 4420 1793 4519 "af’°§_i"3f_853is’
1838 4430 1959 4486 qum
1990 4459 2042 4519 ι)
2070 4439 2244 4495 Servii
2298 4436 2593 4505 Georgium
2650 4432 2870 4498 vocant)
2910 4429 3138 4499 despota
3170 4438 3346 4498 patre,
3380 4427 3652 4482 Cantacu.

373 4534 430 4584 in
463 4539 622 4599 portu
674 4528 917 4589 stabant,
957 4535 1257 4591 earumque
1301 4515 1546 4573 subsidio
1592 4511 1897 4566 Turcorum
1930 4523 1961 4562 e

374 4624 629 4678 manibus
661 4617 913 4686 dilapsis.
1068 4608 1072 4613 ’

502 4710 759 4769 93.Μοηε
792 4708 962 4779 Zoga,
993 4706 1083 4777 qui
1118 4714 1167 4759 et
1212 4703 1456 4774 Toganus
1479 4711 1526 4755 et
1549 4700 1820 4770 Tuganus.

450 4832 581 4898 Quae
612 4828 773 4883 Turci
832 4834 1093 4881 montana
1147 4821 1309 4889 Zogae
1363 4827 1583 4879 vocant,
1639 4814 1813 4870 ϐπ·ωοί
1882 4814 1967 4867 vel

382 4925 665 4994 'I‘nganum
704 4928 966 4982 montem,
997 4928 1053 4970 ut
1084 4913 1355 4968 Laonicus
1391 4928 1406 4977 ;
1444 4910 1527 4964 vel
1571 4909 1883 4977 Tuganum,
1912 4915 1972 4959 ut

383 5025 583 5084 przetor
642 5021 850 5078 noster,
903 5009 1186 5062 dixerunt.
1248 5002 1472 5057 Laonici
1527 5000 1681 5055 locus
1731 4999 1820 5053 hic
1867 5010 1969 5051 ρει.

385 5106 727 5176 Mustaphas,
770 5103 970 5172 inquit,
1020 5098 1241 5153 tandem
1292 5109 1572 5164 nusquam
1622 5102 1793 5157 tutus,
1847 5092 1969 5160 fuga

385 5218 448 5255 se
472 5200 785 5256 contulitin
822 5206 1084 5259 montem,
1126 5207 1287 5263 quem
1320 5190 1511 5244 incola:
1552 5186 1833 5257 Toganum
1879 5200 1975 5239 vo-

388 5308 537 5355 cant.
574 5296 836 5351 Praatoris
867 5301 1051 5347 autem
1101 5290 1217 5344 hanc.
1247 5288 1410 5342 verba
1448 5295 1576 5341 sunt
1606 5302 1618 5339 :
1670 5285 1976 5355 Imperator

388 5392 558 5445 etiam
596 5398 837 5443 montem
867 5384 1155 5455 'I‘ugauum
1186 5383 1239 5435 in
1276 5388 1604 5450 potestatem
1654 5379 1885 5448 redegit,
1920 5386 1977 5433 et

389 5483 709 5555 oppidulum
746 5481 801 5534 in
849 5494 914 5534 eo
948 5476 1193 5533 condidit
1233 5493 1246 5529 :
1304 5488 1413 5543 quo
1454 5470 1741 5526 Nicolaum
1788 5470 1977 5525 Ceter-

397 5591 520 5634 tzen
547 5574 843 5646 ablegavit,
880 5582 938 5627 ut
965 5571 1226 5626 excubias
1266 5568 1375 5623 illic
1401 5573 1607 5637 ageret,
1665 5575 1717 5619 et
1767 5562 1978 5618 Latinis

397 5674 545 5727 intra
622 5666 923 5721 'l'znrulum
976 5662 1307 5734 (legentibus
1358 5658 1573 5728 negotia
1632 5655 1970 5710 lacesseret:

398 5761 543 5832 quod
568 5759 787 5831 quidem
810 5751 1324 5829 oppidumszuruli
1353 5766 1461 5808 non
1493 5763 1689 5815 magno
1733 5756 1977 5823 tetmtotc

2070 4537 2191 4589 ziua
2231 4542 2409 4586 tamen
2457 4530 2612 4583 Irene
2650 4534 2842 4588 matre,
2884 4537 3009 4593 qua:
3043 4537 3202 4577 soror
3235 4521 3402 4575 fuerit
3432 4518 3651 4588 Georgii

2070 4621 2452 4679 Cantacnzini.
2500 4618 2768 4688 Georgius
2815 4624 3022 4678 autem,
3070 4612 3219 4683 quod
3262 4611 3655 4681 Spanduginus

2071 4735 2179 4772 non
2222 4716 2449 4781 addidit,
2483 4726 2654 4781 nepos
2684 4718 2803 4764 erat
2862 4707 3211 4776 imperatoris
3242 4703 3471 4759 Joannis
3513 4702 3655 4758 Can-

2075 4809 2336 4873 taeuziui,
2377 4823 2442 4861 ex
2484 4804 2741 4858 Matthaao
2774 4802 2909 4864 lilio,
2962 4798 3358 4855 Albauensium
3387 4797 3653 4868 principe.

2074 4904 2414 4969 Quapropter
2441 4896 2556 4948 haec
2587 4893 2751 4947 etiam
2806 4890 2975 4944 Maria
3031 4889 3213 4958 neptis
3247 4886 3353 4942 fuit
3409 4885 3653 4956 ejusdem

2072 4993 2301 5047 Joannis
2331 4987 2688 5060 imperatoris
2747 4984 2946 5041 Grzeci.
2982 4981 3216 5037 Fallitur
3245 4988 3301 5035 et
3344 4978 3655 5039 Bontiuius,

2074 5088 2168 5157 qui
2214 5084 2496 5155 despinam
2554 5082 2705 5151 hanc
2761 5076 3099 5149 Syuderovia
3136 5085 3295 5141 capta
3346 5069 3656 5124 Turcorum

2074 5182 2129 5234 in
2162 5192 2362 5233 manus
2398 5174 2616 5229 venisse
2660 5171 2891 5226 scribit:
2937 5184 3060 5222 cum
3100 5182 3167 5220 ex
3207 5163 3517 5218 Annalibus
3574 5163 3659 5213 his

2075 5280 2309 5332 constet,
2354 5268 2500 5322 illaut
2533 5266 2727 5321 urbem
2788 5276 2935 5317 anno
2993 5261 3213 5315 demum
3252 5267 3398 5326 ‘post
3462 5256 3658 5309 initum

2080 5371 2182 5423 hoc
2249 5361 2659 5418 matrimonium
2712 5357 2889 5412 tertio’
2963 5353 3137 5408 fuisse
3193 5357 3541 5420 occupatam.
3598 5348 3658 5403 Et

2078 5460 2405 5520 notandum,
2440 5457 2580 5509 hanc
2614 5451 2811 5505 Murali
2858 5447 3111 5517 nupsisse
3145 5460 3295 5499 anno
3334 5442 3655 5498 Christiano

2080 5554 2240 5618 1455,
2275 5551 2358 5606 vel
2422 5548 2812 5602 Malmmetauo
2848 5541 2985 5608 3’58;
3028 5548 3151 5609 post
3200 5538 3480 5593 biennium
3532 5551 3660 5590 vero

2082 5644 2473 5703 circumcisum
2508 5640 2678 5694 fuisse
2733 5634 3130 5692 slucltemetcm
3185 5630 3409 5686 Muralis
3464 5630 3661 5683 lilium.

2086 5743 2223 5800 IIiuc
2254 5742 2398 5795 enim
2439 5732 2784 5797 intelligitur,
2823 5745 2931 5786 non
2966 5728 3138 5785 fuisse
3173 5735 3363 5782 natum
3388 5739 3447 5781 et
3487 5719 3659 5779 Maria
