4048 6208
521 216 628 278 793)
1761 245 2088 311 JOANNIS
2138 254 2619 318 LEUNCLAVII
3656 279 3755 341 800

519 336 745 405 despina
807 338 1226 411 illuchemetem,
1262 351 1406 418 quod
1452 355 1612 425 vulgo
1646 363 1861 429 magnis
1921 366 2086 420 etiam
2120 369 2167 428 A
2198 371 2289 429 99.
2326 372 2517 445 Oppidi
2550 374 3125 458 Seniend‘rireulirersa
3169 384 3423 458 nomina:
3454 384 3646 458 Georgii
3672 394 3756 447 dr-

520 446 546 480 a
608 431 742 484 viris
780 437 1058 490 memoriae
1097 440 1371 507 proditur.
1428 447 1641 518 Quippe
1676 452 1849 525 436
1910 458 2078 514 bimul

2370 431 2416 445 ”
2538 457 2703 516 spata:
2752 447 3053 504 Serviorum
3093 455 3228 507 varii
3263 470 3436 510 casus.

519 522 663 587 apud
708 522 916 581 Turcos
970 530 1287 587 circumcidi
1324 552 1431 592 non
1508 522 1725 599 solent.—
1880 550 2102 605 tradunt
2141 615 2151 625 _

524 617 800 681 Annales,’
830 617 1225 679 Muchemetem
1279 641 1465 685 natum
1494 649 1668 690 -auno
1719 639 2100 698 Mahumetauo

520 705 642 765 855.
668 710 1051 767 circumcisum
1084 732 1227 771 anno
1244 721 1369 785 841,
1411 726 1554 781 unde
1598 729 1891 800 colligitur,
1913 746 2098 792 oeten-

523 812 644 846 nem
694 795 884 866 fuisse,
919 819 1043 857 cum
1068 807 1577 881 circumcideretur.
1614 819 1764 877 Adde
1786 827 2099 885 testimonia

516 887 855 958 Graecorum,
912 894 1366 975 Chalcocondylis
1411 918 1466 962 et
1511 910 1893 986 Spandugini;
1957 935 2097 989 quo-

516 993 636 1031 rum
665 980 754 1037 ille
791 982 1011 1055 Georgii
1073 991 1311 1062 despotic
1360 1000 1547 1060 tiliam,
1609 980 2100 1067 Mucliemetismo-

2274 582 2424 648 Quod
2451 586 2707 653 oppidum
2744 586 2966 651 Serviat,
3001 605 3107 643 non
3146 590 3330 658 procul
3361 607 3390 646 a
3429 593 3674 661 Belgrade
3692 596 3752 651 ad

2204 676 2375 745 ripam
2407 678 2637 735 Danubii
2671 684 2863 749 situm,
2898 683 3195 739 Semender
3236 686 3428 741 Turcis
3448 690 3749 759 appellatur,

2204 778 2299 824 aut
2341 771 2672 839 Semendre,
2711 777 2946 832 diversis
2975 788 3055 833 est
3106 783 3447 837 nominatum
3496 784 3748 839 vocabulis

2205 863 2273 916 ab
2308 864 2667 920 historiarum
2724 870 3115 938 scriptoribus.
3179 873 3567 943 Synderoviam
3617 888 3751 932 vocat

2207 954 2509 1019 Bontinius.
2542 958 2944 1027 Spenderoben
2984 974 3037 1017 et
3095 965 3518 1031 Spenderoviam
3571 967 3751 1023 Laoni-

2203 1065 2322 1111 rus,
2354 1049 2726 1106 Simandriam
2769 1054 3337 1123 BusbequiusJovius
3370 1058 3746 1121 Samandriuui.

2205 1139 2611 1197 Smendrovum
2650 1145 3079 1217 Spanduginus:
3118 1163 3182 1203 ex
3211 1166 3319 1217 quo
3357 1150 3570 1206 Laonici
3601 1152 3751 1221 Spen-

2202 1233 2440 1289 deroben
2470 1237 2709 1291 arbitror
2756 1240 3010 1308 equidem
3056 1243 3376 1296 mutandam
3430 1245 3481 1297 in
3517 1242 3751 1298 Smende-

2206 1342 2395 1381 roven.
2426 1330 2664 1398 Ungaris
2697 1342 2777 1385 est
2803 1322 3068 1387 Zeudrew
3100 1344 3196 1388 aut
3245 1334 3524 1401 Sendrew,
3555 1336 3750 1390 nomine

2201 1434 2231 1472 a
2260 1420 2427 1490 vulgo
2458 1433 2721 1491 corrupto
2756 1439 2820 1477 ex
2858 1422 3062 1481 Sancto
3088 1428 3326 1493 Audi-ea,
3357 1430 3512 1498 cujus
3550 1429 3646 1482 hoc
3669 1444 3750 1481 co-

2200 1526 2434 1581 gnomen
2464 1513 2627 1569 habet
2659 1526 2714 1570 et
2745 1516 2894 1571 aliud
2922 1520 3209 1575 castellum
3245 1522 3295 1575 in
3338 1520 3576 1589 Ungaria
3612 1537 3752 1587 supe-

2203 1602 2355 1668 riori,
2392 1605 2535 1673 quod
2570 1607 2837 1677 hodieque
2871 1613 3042 1666 nostri
3068 1612 3209 1681 juris
3245 1623 3357 1668 est.
3396 1614 3647 1668 Serviaua
3672 1612 3754 1667 Se-

2205 1696 2452 1750 mendria
2477 1701 2592 1753 sive
2623 1698 2925 1756 Sendrevia
2951 1718 3099 1759 nunc
3150 1707 3504 1776 sangiacatus
3533 1718 3629 1767 est,
3659 1704 3748 1759 Bu-

2122 1771 2165 1827 Β
2194 1786 2347 1842 densi
2376 1788 2707 1863 beglerbego
2738 1794 3012 1851 subditus.
3039 1771 3281 1853 Obsessa
3312 1814 3462 1853 nunc
3482 1814 3510 1853 a
3546 1799 3750 1864 Murate,

2201 1877 2599 1938 defendebatur
2659 1903 2689 1942 a
2730 1888 2952 1960 Georgii
2992 1892 3234 1959 despotte
3287 1893 3586 1962 majoribus
3636 1902 3752 1947 natu

2202 1972 2348 2037 tiliis,
2381 1974 2661 2045 Stephano.
2692 1980 2807 2048 (qui
2857 1997 2951 2049 per
2977 1998 3221 2038 errarent
3260 2000 3287 2038 a
3328 1983 3755 2053 Laonicojunior

2198 2068 2445 2125 creditus
2478 2071 2604 2141 fuit)
2627 2083 2680 2129 et
2717 2074 2975 2147 Georgio,
3006 2080 3150 2134 sicut
3184 2080 3259 2135 ait
3295 2079 3596 2137 Bontinius.
3634 2081 3757 2135 Lao-

2198 2161 2357 2215 nieus
2385 2163 2531 2217 enim
2567 2166 2619 2219 in
2646 2182 2712 2221 eo
2753 2183 2973 2239 quoque
3002 2172 3229 2236 fallitur,
3256 2175 3403 2243 quod
3439 2174 3753 2244 Stephanum

2202 2254 2252 2308 id
2295 2258 2561 2325 temporis
2619 2260 2898 2317 incastris
2956 2265 3023 2318 ad
3076 2265 3457 2323 Semendriam
3501 2266 3753 2321 Murataais

2201 2347 2372 2404 fuisse
2405 2352 2649 2419 scripsit,
2705 2354 3106 2427 obsessumque
3134 2359 3405 2415 duntaxat
3458 2360 3751 2429 Georgium,

2197 2442 2416 2497 tandem
2477 2444 2677 2501 fecisse
2720 2447 3077 2506 deditionem.
3123 2452 3336 2523 Quippe
3366 2454 3559 2509 fratres
3608 2454 3752 2507 ambo

520 1088 734 1128 veream
763 1093 1021 1147 etpresse
1054 1097 1210 1140 vocat
1240 1106 1255 1142 :
1284 1090 1370 1145 hic
1403 1108 1529 1148 vero
1555 1096 1815 1153 Muratem
1842 1118 1908 1157 ex
1929 1104 2097 1163 Maria

515 1162 742 1234 despiua
778 1171 978 1227 nullam
1040 1182 1349 1249 suscepisse
1409 1187 1651 1243 sobolem
1721 1193 1945 1251 disertis
2005 1200 2096 1255 iti-

517 1257 637 1312 dem
667 1262 845 1318 verbis
880 1268 1060 1321 tradit.
1103 1269 1279 1329 Habes
1305 1278 1468 1332 etiam
1499 1280 1652 1335 initio
1706 1285 2098 1347 declarationis

518 1347 698 1418 hujus,
736 1357 908 1424 prima
961 1363 1143 1416 statim
1182 1376 1331 1435 nota,
1369 1370 1436 1425 de
1467 1372 1569 1428 hoc
1588 1381 1836 1446 quaedam
1870 1396 1898 1435 a
1938 1385 2102 1441 nobis

517 1447 787 1513 exposita.

896 1544 987 1599 97.
1031 1546 1234 1616 Buruz,
1270 1551 1463 1623 Bai-az,
1492 1557 1712 1615 Cibura.

584 1654 836 1713 Castrum
906 1662 1028 1729 (hoc
1093 1669 1313 1725 nomine
1380 1673 1634 1732 civitates
1701 1681 1865 1736 etiam
1926 1685 2095 1743 Turci

514 1747 733 1813 vocant)
769 1749 971 1816 Buruz,
1015 1755 1067 1808 in
1098 1760 1363 1815 Anatolius
1394 1765 1579 1821 tabula
1620 1770 2079 1847 chorographica,

517 1834 684 1890 Baraz
706 1845 1039 1906 nominatur.
1060 1857 1114 1902 et
1145 1851 1211 1905 ad
1251 1852 1478 1911 ﬂuvium
1503 1858 1726 1915 Madren
1767 1866 2094 1937 collocatur,

510 1930 603 1996 qui
640 1935 918 1993 veteribus
950 1951 1034 1995 est
1062 1942 1350 2004 Maeander.
1386 1950 1530 2006 Olim
1555 1954 1754 2010 Cibura
1793 1930 2095 2029 dicebatur,

516 2024 657 2077 unde
688 2042 782 2093 per
803 2032 1107 2098 aphaeresin
1140 2038 1319 2094 Bruuz
1342 2042 1518 2099 fecere
1542 2046 1788 2117 Barbari,
1822 2054 1967 2120 quod
2004 2024 2093 2110 re;

513 2132 630 2171 rum
671 2120 834 2190 hujus
857 2137 1003 2182 nunc
1031 2132 1210 2199 oppidi
1247 2150 1441 2191 nomen
1465 2148 1569 2205 est,
1598 2157 1704 2196 nou
1737 2144 1926 2201 Baraz.
1948 2148 2096 2205 Grae-

506 2211 555 2262 ci
598 2222 808 2271 veteres
843 2219 1076 2290 Cibyrcn
1114 2227 1501 2299 nominarunt,
1565 2245 1619 2289 et
1650 2238 1780 2293 allui
1828 2256 1854 2293 a
1890 2241 2091 2298 Maean-

510 2306 613 2356 dro
662 2306 889 2363 flumine
920 2315 1285 2384 scripserunt.
1346 2323 1457 2379 Leo
1508 2325 1738 2394 Sapiens
1798 2334 2093 2400 imperator

509 2397 650 2452 hane
685 2402 861 2469 primo
892 2406 1014 2462 loco
1040 2411 1207 2467 refert
1244 2414 1387 2471 inter
1404 2418 1756 2491 episcopatus
1786 2397 2093 2499 Staturopo-

507 2491 691 2548 litanae
746 2503 1110 2571 metropoleos
1138 2506 1192 2561 in
1226 2510 1411 2567 Caria.

449 2670 457 2677 ι
501 2608 590 2661 93.
634 2611 1032 2683 Ritusponendi
1052 2623 1281 2687 primum
1312 2627 1363 2680 in
1381 2633 1547 2685 sacris
1572 2632 1811 2701 aediﬁciis
1832 2635 2085 2707 lapidem.

574 2723 719 2780 inter
744 2730 869 2795 alia,
893 2749 1014 2802 quae
1046 2737 1358 2797 Graecorum
1398 2744 1701 2804 imitatione
1759 2748 1971 2810 Turcos
2005 2755 2086 2810 fa-

500 2818 699 2872 ctitare
760 2824 970 2891 solitos,
1009 2829 1301 2899 aliquoties
1364 2839 1704 2908 monuimus,
1758 2844 1862 2900 hoc
1914 2847 2083 2903 etiam

504 2912 761 2975 refertor.
789 2920 933 2986 quod
969 2920 1057 2976 hic
1087 2936 1367 2993 narratur,
1404 2928 1668 2987 Muratem
1704 2951 1912 2991 novum
1937 2949 2076 2994 tem-

501 3007 647 3075 plum
684 3007 1072 3081 lladrianopoli
1109 3016 1481 3087 conditui-um,
1514 3026 1752 3093 quodam
1784 3029 1872 3084 die
1906 3031 2084 3088 Vene-

2196 2533 2473 2591 deditione
2503 2536 2647 2594 facta
2678 2539 2907 2597 Muralis
2946 2544 2999 2597 in
3024 2554 3353 2614 potestatem
3406 2554 3680 2609 venerunt,
3705 2552 3753 2597 et

2190 2626 2443 2681 eamdem
2485 2629 2799 2686 sustinuere
2830 2648 3069 2701 premam,
3106 2636 3287 2692 oculis
3345 2638 3589 2693 adhibito
3632 2652 3751 2690 can-

2196 2714 2346 2770 denti
2372 2716 2521 2772 ferro
2558 2720 2675 2775 visu
2733 2723 2950 2793 spoliati
2992 2736 3305 2797 propterea,
3372 2729 3516 2800 quod
3559 2739 3748 2799 patrem

2195 2808 2485 2879 instigasse
2526 2813 2623 2867 filii
2646 2815 2711 2868 ad
2737 2815 3098 2874 defectionem
3131 2830 3483 2889 putarentur.
3510 2822 3553 2877 ls
3586 2833 3748 2876 autem

2190 2913 2314 2953 eum
2351 2900 2459 2955 filio
2486 2903 2713 2956 minimo
2740 2914 2867 2958 natu
2897 2906 3105 2961 Lazaro
3138 2909 3460 2982 profugerat
3484 2912 3549 2966 ad
3576 2912 3751 2965 Albero

2190 2995 2303 3041 tum
2330 2987 2373 3042 Il
2402 2991 2791 3060 imperatorem
2828 2996 3205 3063 Austriacum,
3232 3011 3286 3055 et
3314 3002 3571 3073 Ungarize
3595 3001 3750 3056 Bohe-

500 3102 576 3157 ris
635 3102 765 3173 (quo
826 3105 991 3163 Turci
1074 3108 1271 3164 festum
1342 3087 1547 3169 suum-
1580 3087 2076 3181 hebdomadarium
2110 3112 2153 3170 (ἶ
2191 3087 2421 3152 mimque
2476 3100 2679 3155 regem'
2753 3087 3091 3160 Sigismundi
3124 3094 3364 3165 Angusu
3402 3112 3653 3167 generum
3703 3104 3751 3147 et
3805 3132 3811 3137 ’

498 3197 1033 3268 celebrant)summo
1069 3221 1249 3272 mane,
1305 3210 1543 3278 primttm
1603 3215 1785 3285 templi
1835 3217 2068 3286 lapidem

499 3284 754 3346 manibus
786 3295 900 3349 suis
928 3297 1197 3363 posuisse.
1218 3299 1353 3356 Nam
1386 3302 1431 3358 is
1457 3320 1677 3383 quoque
1703 3308 1842 3364 ritus
1864 3327 1893 3365 a
1925 3311 2076 3367 Grae-

495 3386 576 3440 cis
638 3387 1062 3456 imperatoribus
1129 3393 1196 3447 ad
1250 3392 1461 3452 Turcos
1506 3401 1769 3457 manavit.
1815 3402 2078 3463 Recitabo

498 3479 763 3533 duntaxat
790 3497 957 3536 unum
992 3487 1305 3555 exemplum
1331 3490 1397 3543 de
1423 3494 1667 3546 omnium
1696 3496 2075 3554 illustrissimo

498 3570 667 3622 totius
722 3570 873 3626 orbis
936 3571 1170 3630 aedificio
1224 3578 1408 3646 templi
1468 3579 2075 3652 Constantinopolitani

496 3678 666 3719 sacrae
697 3673 899 3717 sancta:
948 3664 1039 3719 Dei
1071 3667 1386 3736 Sapienti:e,
1439 3673 1532 3741 qui
1589 3674 1848 3732 Christus
1878 3688 1980 3733 est.
2017 3678 2074 3733 Id

496 3772 606 3824 quo
631 3758 906 3813 conditqu
932 3759 1113 3825 modo,
1145 3762 1368 3831 quantis
1398 3766 1881 3839 sumptibus,quot
1917 3773 2076 3828 annis

498 3850 696 3913 fuerit,
757 3853 1067 3920 expositum
1118 3869 1147 3906 a
1204 3855 1409 3911 Graecis
1456 3868 1539 3913 est
1594 3859 1777 3915 libello
1836 3866 2070 3931 quodam

498 3961 662 3999 manu
702 3955 948 3999 exarato.
983 3944 1260 4016 Leguntur
1293 3959 1473 4004 autem
1507 3952 1559 4005 iu
1594 3968 1661 4006 eo
1685 3956 1934 4021 quaedam
1969 3958 2076 4013 huc

498 4039 827 4107 pertinentia
849 4038 916 4094 de
941 4038 1256 4094 Justiniauo
1278 4044 1548 4112 Augusto,
1582 4047 1717 4098 tanti
1757 4048 1941 4116 operis
1980 4066 2077 4105 au-

491 4144 671 4198 ctore,
691 4146 812 4204 quae
842 4135 1053 4190 Latinis
1081 4136 1267 4191 verbis
1302 4135 1413 4192 fere
1447 4139 1674 4193 totidem
1709 4141 1897 4198 lectori
1924 4145 2077 4199 dabi-

496 4243 638 4284 mus.
687 4228 824 4282 Cum
876 4228 1159 4297 ponendo,
1216 4230 1416 4299 inquit,
1449 4231 1807 4289 fundamento
1870 4238 2075 4305 princi-

496 4324 643 4393 pium
677 4322 830 4377 daret
858 4323 1175 4392 imperator,
1214 4322 1538 4394 Eutychium
1576 4328 1947 4395 patriarcham
1976 4329 2075 4384 ad-

494 4416 732 4481 vocavit,
774 4418 866 4486 qui
913 4432 1101 4486 preces
1134 4417 1391 4471 Ecclesia
1422 4422 1699 4474 struenda:
1739 4436 1905 4477 causa
1938 4439 2072 4479 cou-
2105 4454 2143 4510 υ

491 4510 658 4578 Cepit.
693 4510 995 4579 Imperator
1024 4520 1207 4565 autem
1246 4512 1500 4567 manibus
1543 4513 1661 4580 ipse
1707 4514 1825 4569 suis
1863 4517 2068 4572 calcem

494 4610 632 4656 testa
661 4602 971 4670 prehendit,
1005 4618 1068 4656 ac
1102 4604 1314 4671 prinms
1353 4605 1603 4658 omnium
1649 4609 1700 4659 in
1739 4606 2068 4664 fundamen-

490 4701 607 4745 tum
647 4692 895 4759 projecit,
932 4700 986 4746 et
1013 4705 1229 4747 caetera.
1261 4692 1474 4760 Quibus
1501 4711 1636 4750 sane
1678 4699 1881 4763 verbis,
1932 4718 2067 4770 quo-

494 4800 617 4836 nam
652 4786 813 4837 modo
842 4785 1050 4852 primus
1075 4785 1217 4854 lapis
1263 4788 1315 4840 in
1356 4792 1651 4844 strucruris
1690 4791 1892 4849 talibus
1942 4797 2068 4864 poni

492 4878 687 4943 soleat,
717 4878 1047 4933 declaratur.
1091 4880 1226 4934 Nam
1271 4898 1395 4937 eum
1435 4886 1673 4939 maxima
1702 4885 2068 4944 fundamentis

484 4972 755 5041 ejusmodi
811 4982 943 5029 saxa
1000 4983 1124 5029 sunt
1154 4978 1483 5042 adhibenda,
1549 4995 1673 5049 quae
1737 4982 1825 5036 vix
1870 4985 2059 5053 plures

489 5068 720 5135 operarii
748 5068 935 5132 simul,
980 5070 1177 5123 nedum
1221 5086 1359 5125 unus
1393 5072 1593 5142 aliquis
1621 5075 1903 5147 princeps,
1941 5079 2063 5134 loco

486 5177 707 5214 movere
760 5173 1024 5230 pessuut:
1074 5165 1451 5232 amplissimus
1508 5167 1720 5223 scilicet
1770 5171 1909 5239 lapis
1944 5174 2063 5241 ipso

486 5265 777 5323 przt'seute,
815 5274 1145 5325 manumque
1172 5259 1424 5313 nonnihil
1467 5261 1814 5329 admovente,
1862 5264 1929 5318 ad
1984 5267 2063 5319 in-

485 5348 793 5400 choandum
822 5364 959 5418 opus
987 5353 1055 5405 ab
1089 5354 1173 5406 his
1202 5358 1304 5407 s‘uo
1329 5354 1446 5408 loco
1471 5356 1725 5424 ponitur:
1757 5358 1841 5412 cui
1868 5358 2064 5414 deinde

488 5443 697 5506 primus
744 5440 1062 5509 imperator,
1138 5455 1232 5499 aut
1285 5447 1543 5517 princeps
1589 5460 1781 5504 auctor
1827 5449 2062 5517 :ediiieii,

487 5534 692 5587 calcem
730 5535 936 5602 injicit:
967 5546 1131 5606 atque
1164 5538 1237 5593 ita
1287 5544 1551 5599 Struendo
1585 5543 2061 5615 aedilicio-princi-

486 5625 632 5693 pium
674 5627 889 5683 dedisse
932 5630 1267 5699 intelligitur.

2187 3191 2586 3245 successorem,
2611 3188 2669 3233 ut
2691 3183 2759 3236 ab
2788 3199 2854 3237 eo
2896 3197 3086 3240 contra
3114 3185 3351 3244 Muratis
3379 3191 3521 3246 vires
3558 3189 3746 3244 auxilia

2184 3270 2485 3341 postularet
2511 3289 2526 3327 :
2548 3288 2670 3342 quae
2699 3276 2920 3344 quidem
2957 3280 3244 3349 impetrata
3278 3281 3458 3345 fuere.
3490 3283 3579 3339 sed
3619 3281 3750 3336 nihi-

2184 3361 2425 3417 lominus
2449 3380 2776 3422 succursum
2805 3370 3035 3437 tardius,
3056 3382 3109 3427 et
3135 3371 3358 3427 interim
3377 3375 3553 3430 dedita
3570 3374 3747 3429 illurati

2186 3452 2529 3510 Seinendria.
2582 3457 2926 3531 Quapropter
2949 3463 3222 3534 Georgius
3250 3483 3383 3522 cum
3419 3467 3621 3524 Lazaro
3652 3469 3750 3523 lilio

2182 3545 2409 3616 suisque
2440 3551 2737 3616 thesauris,
2768 3556 2861 3625 qui
2893 3556 3217 3612 dueatorum
3248 3562 3547 3633 quinquies
3584 3572 3747 3617 cente-

2182 3655 2249 3694 na
2294 3641 2460 3694 millia
2491 3646 2874 3715 continebant,
2908 3651 2978 3704 ad
3020 3650 3324 3721 Ragusaeos
3364 3670 3426 3710 se
3455 3655 3664 3724 recepit,
3700 3664 3748 3708 et

2183 3733 2383 3788 ibidem
2406 3736 2460 3791 in
2484 3738 2679 3793 exsilio
2707 3741 2950 3809 privatus
2977 3745 3291 3815 aliquandiu
3317 3749 3485 3804 vixit.
3507 3748 3605 3803 Sed
3635 3763 3744 3802 cum

2183 3828 2422 3886 Murates
2457 3848 2563 3887 non
2597 3834 2874 3893 desineret
2899 3853 3064 3908 agere
3098 3856 3223 3903 eum
3244 3842 3555 3914 Ragusaeis,
3582 3850 3637 3897 ut
3658 3838 3745 3910 ipIi

2180 3922 2497 3991 dederetur,
2538 3942 2649 3996 quo
2713 3929 2930 3998 quidem
2984 3932 3206 3987 nomine
3253 3935 3498 3990 maxima
3537 3948 3746 4003 quaeque

2182 4014 2465 4087 Ragusaeis
2497 4019 2756 4076 otTerebat
2779 4037 2845 4079 ac
2871 4024 3233 4092 pollicebatur
3257 4044 3273 4081 :
3305 4028 3661 4095 praemonitus
3683 4027 3745 4081 ab

2180 4107 2260 4162 eis
2286 4108 2535 4174 despota,
2574 4128 2697 4167 cum
2732 4114 3008 4171 thesauris
3033 4120 3101 4171 ad
3131 4118 3349 4175 Alberti
3383 4134 3742 4177 successorem

2184 4198 2521 4256 Vladislaum
2559 4205 2851 4274 Polonum,
2889 4207 3143 4277 Ungariae
3172 4227 3360 4281 regem
3399 4231 3458 4269 se
3496 4211 3743 4272 contulit.

2179 4295 2408 4365 ejusque
2437 4298 2653 4352 tandem
2682 4314 2786 4369 ope
2817 4301 3104 4359 restitutus
3129 4303 3181 4359 in
3216 4304 3495 4376 integrum
3529 4303 3645 4369 fuit,
3670 4302 3739 4356 uti

2179 4386 2435 4459 deinceps
2462 4405 2563 4445 suo
2590 4390 2708 4446 loco
2734 4393 2971 4450 dicetur.

2176 4500 2365 4577 E537
2409 4503 2536 4560 100.
2570 4506 2703 4581 ᾼιὸρ
2734 4506 2943 4571 Graeca.
2973 4510 3291 4581 Belgi-adem
3327 4514 3595 4569 Chriescli.
3631 4511 3743 4565 Pcr-

2396 4579 2617 4648 mutqtio
2653 4576 2863 4647 Georgii
2905 4576 3135 4648 despuite
3164 4601 3281 4636 cum
3315 4586 3530 4640 Alberlo

2518 4646 2576 4700 II
2606 4648 2865 4717 Augusto,
2895 4646 3101 4705 nomine
3135 4652 3413 4724 Belgradi.

2246 4757 2417 4827 Hujus
2487 4762 2649 4814 etiam
2724 4764 2876 4820 urbis
2945 4766 3093 4820 varia
3152 4769 3374 4823 nomina
3424 4779 3570 4838 sunt,
3620 4770 3742 4824 Alba

2176 4851 2383 4918 Graeca,
2425 4852 2647 4909 Nandor
2682 4857 2826 4921 alba,
2883 4856 3161 4929 Beligrada
3215 4878 3450 4918 numero
3506 4865 3741 4919 multitu-

2174 4944 2317 4998 dinis
2346 4944 2601 5010 Cedrino,
2639 4945 2982 5017 Belgradum,
3029 4950 3175 5019 quod
3216 4948 3538 5008 Serviorum
3573 4955 3740 5023 lingua

2172 5036 2443 5106 significat
2495 5046 2694 5093 'areem
2750 5042 2927 5096 albam
2973 5043 3187 5113 (Potoui
3243 5045 3540 5116 Bialogrod
3601 5048 3738 5101 dice-

2172 5128 2333 5197 rent),
2371 5126 2654 5183 Geufrazus
2682 5130 2917 5201 denique
2979 5131 3200 5189 Cricsch
3250 5135 3417 5191 etiam
3480 5138 3582 5193 dici
3616 5138 3735 5201 vult,

2171 5220 2314 5288 quod
2358 5221 2665 5276 mutilatum
2722 5234 2807 5277 est
2856 5240 2920 5279 cx
2981 5226 3192 5295 integro
3250 5232 3479 5287 nomine
3529 5231 3730 5285 Germa-

2170 5311 2328 5375 nico,
2375 5310 2690 5368 Griechisch
2750 5313 3182 5388 Weissenburg,
3228 5321 3278 5376 id
3308 5332 3415 5387 est,
3476 5339 3571 5380 arx
3625 5322 3729 5375 allia

2168 5401 2375 5458 Grmca.
2422 5405 2623 5460 Priscis
2654 5405 2970 5461 Taurunum
3023 5409 3144 5473 fuit,
3178 5414 3251 5466 uti
3305 5410 3643 5483 Busbequius
3671 5426 3728 5462 ex

2169 5495 2407 5563 antiquis
2464 5496 2881 5554 numismatibus
2924 5507 3071 5554 recte
3137 5502 3310 5557 docet.
3374 5502 3732 5572 Propugnavtt

2167 5599 2286 5639 eam
2341 5586 2443 5639 hoc
2500 5596 2743 5656 tempore
2808 5598 2999 5647 contra
3051 5593 3158 5647 vim
3218 5594 3452 5648 Muralis
3503 5594 3727 5646 Joannes

2168 5680 2438 5732 Auranes.
2492 5679 2868 5747 (lbsidioncm,
2925 5700 3047 5754 qua:
3068 5696 3272 5755 septem
3302 5686 3586 5742 mensibus
3635 5684 3727 5735 du-

2166 5771 2327 5838 ravit,
2395 5771 2613 5831 decadis
2673 5777 2925 5833 secundae
3000 5780 3139 5837 libro
3190 5789 3381 5852 quarto
3450 5776 3743 5847 descripSit.
