4048 6208
479 341 586 404 803

1719 332 1969 398 IOANN
1986 338 1997 392 l
2012 336 2050 394 S
2093 335 2565 397 LEUNCLAHI

3662 305 3774 400 set

482 466 602 517 rius
627 461 793 532 Niger
820 458 1080 528 Sophiam
1120 454 1397 510 veteribus
1439 453 1765 523 appellatam
1801 461 1955 522 putat
1977 450 2068 505 Ti-
2097 458 2141 512 Α
2173 462 2329 522 ruptc
2358 452 2687 506 Carambum
2713 460 2893 517 vorat,
2949 450 3219 508 Laonicus
3251 450 3557 508 Chasanem
3579 494 3596 521 ,
3629 454 3775 508 sicut

483 557 710 611 biscam.
748 551 1033 607 Bonlinius
1069 549 1184 613 ait,
1239 548 1434 603 urbem
1464 562 1492 601 a
1525 548 1752 616 templo,
1773 546 1923 616 quod
1955 559 2076 600 nia-

480 646 679 715 gnitico
719 651 939 711 sumptu
967 638 1312 694 Justinianus
1335 638 1688 701 exstruxerit,
1707 653 1904 691 nomen
1923 652 2081 691 act-e-

483 742 644 809 pisse.
675 738 838 805 Atqui
878 735 1089 789 nullum
1134 734 1222 788 hic
1256 731 1515 802 templum
1546 732 1651 785 tale
1684 730 1765 785 vel
1797 731 1924 785 olim
1956 730 2080 797 fuit,

483 831 566 884 vel
620 830 779 883 hodie
836 827 1019 884 saltim
1080 843 1143 881 ex
1187 826 1467 895 aliquibus
1507 826 1679 879 ruinis
1713 825 1937 894 agnosci
1983 842 2081 893 po-

478 931 627 985 test,
677 931 730 973 et
773 935 801 973 a
850 920 1051 989 templo
1111 916 1757 987 Constantinopolitano,
1795 919 1938 987 quod
1982 916 2083 971 Ju-

479 1015 754 1067 stinianns
782 1011 998 1066 Sancta:
1021 1010 1239 1081 Sophia:
1272 1012 1389 1066 sive
1416 1011 1505 1065 Dei
1539 1009 1831 1081 Sapientia:
1861 1012 2084 1068 nomine

477 1106 983 1177 splendidissimum
1032 1104 1316 1169 condidit,
1352 1106 1457 1159 hoc
1486 1105 1772 1175 oppidum,
1810 1115 2084 1174 quatuor-

478 1200 654 1252 decim
711 1200 795 1252 vel
844 1198 1158 1267 quindecim
1212 1197 1425 1250 dierum
1500 1196 1693 1249 itinere
1749 1196 2003 1249 diSsitum
2054 1210 2085 1248 a

477 1290 983 1360 Constantinopoli,
1014 1298 1268 1343 vocatum
1323 1288 1515 1354 fuisse,
1538 1287 1659 1355 quis
1698 1286 1908 1341 credat?
1940 1286 2083 1339 Idem

479 1380 1000 1445 :uldit,-Sardaciam
1040 1381 1181 1433 hanc
1213 1380 1343 1433 olim
1374 1379 1547 1433 fuisse
1576 1379 1800 1439 dictam,
1833 1394 1860 1430 a
1894 1373 2086 1432 Sardis

479 1483 535 1527 et
567 1475 723 1528 Dacis
748 1514 762 1538 ,
805 1475 907 1527 hoc
949 1481 1052 1537 est,
1086 1488 1114 1524 a
1152 1472 1400 1542 gentibus
1437 1472 1756 1541 longissimo
1804 1480 2078 1523 terrarum

481 1570 661 1635 Spatio
719 1575 776 1621 et
842 1568 961 1635 ipso
1021 1580 1244 1635 quoque
1305 1568 1443 1625 mari
1499 1563 1779 1619 discretis.
1841 1563 2077 1632 Subjicit

481 1662 702 1725 deinde,
763 1659 1095 1714 celebratam
1142 1658 1218 1712 ibi
1279 1658 1445 1712 fuisse
1495 1656 1772 1727 quondam
1815 1658 2082 1728 synodum

2183 556 2237 600 ct
2265 543 2431 599 Turci
2464 562 2478 598 :
2506 546 2651 616 quod
2684 560 2869 601 verum
2903 545 2949 600 ei
2984 560 3179 599 nomen
3218 546 3387 601 luisse
3414 544 3772 612 crediderim,

2185 644 2241 691 et
2277 638 2507 692 alterum
2560 651 2891 709 cognomen,
2928 653 2956 691 a
2992 637 3318 706 nigredine:
3366 638 3509 692 sicut
3540 648 3595 693 et
3623 640 3772 695 aliud

2185 730 2431 798 Celepiui
2471 744 2778 800 cognomen
2808 730 2981 785 eidem
3014 730 3203 783 tribuit
3231 726 3515 783 Bonlinius
3549 746 3579 784 a
3616 731 3775 785 nobi-

2185 822 2362 877 litate.
2399 821 2559 876 'l'urci
2593 822 2835 887 tradunt,
2873 821 3152 877 Romaniae
3173 821 3287 875 sive
3307 820 3528 876 Graecia:
3557 824 3774 893 hegler-

2192 916 2388 984 begum
2423 916 2566 969 hunc
2597 915 2793 981 fuisse,
2820 916 3095 970 Laohicus
3122 916 3351 984 Euroiia:
3377 915 3597 982 ducem,
3628 917 3773 986 quod

2191 1009 2332 1063 idem
2359 1018 2464 1063 est.
2492 1009 2773 1064 Bonlinius
2793 1025 2921 1064 vero
2951 1007 3182 1063 Natalia:
3207 1006 3339 1064 iacit
3362 1009 3773 1080 beglerbegum,

2190 1112 2245 1157 et
2276 1102 2462 1170 copias
2494 1104 2600 1158 huc
2636 1118 2667 1157 e
2698 1102 2911 1157 Natolia
2949 1102 3264 1157 traduxisse
3299 1114 3597 1168 memorat,
3623 1105 3772 1173 quod

2192 1212 2321 1251 vero
2355 1213 2462 1250 non
2505 1198 2563 1251 lit
2591 1198 2793 1252 simile.
2826 1195 2962 1251 Nam
2997 1208 3055 1251 ut
3085 1197 3223 1251 nihil
3250 1197 3319 1251 de
3358 1211 3631 1251 consensu
3674 1198 3772 1251 lio-

2188 1304 2311 1343 rum
2335 1291 2614 1344 annalium
2645 1305 2769 1345 cum
2799 1290 3037 1345 Laonico
3055 1289 3261 1356 dicam,
3291 1304 3424 1344 sane
3454 1290 3773 1345 credibilius

2189 1394 2292 1451 est,
2354 1386 2503 1441 hunc
2557 1384 2891 1441 Graecimn'el
2925 1385 3156 1452 Europa:
3186 1384 3571 1455 beglerbegum
3608 1384 3776 1456 439

2187 1479 2381 1547 fuisse,
2411 1480 2504 1550 qui
2541 1481 2722 1535 occiso
2781 1480 2850 1535 ab
2884 1478 3137 1534 Huniade
3163 1481 3365 1534 scaeho
3396 1479 3628 1533 Abedini
3658 1478 3775 1532 Ro-

2191 1575 2389 1627 maniae
2418 1573 2745 1645 beglerbego
2777 1573 3135 1639 successerit,
3168 1583 3221 1628 et
3245 1589 3275 1628 e
3305 1574 3615 1643 propinquo
3647 1590 3772 1628 cum

2190 1666 2423 1734 Europa:
2457 1668 2634 1739 copiis
2664 1667 2811 1745 hosti
2837 1668 3183 1723 occurrerit:
3221 1682 3347 1723 cum
3378 1668 3647 1722 Anatoliae
3682 1668 3772 1724 be-

483 1749 898 1820 Sﬂt‘dﬂCiﬂllStttn
926 1750 1008 1802 Vel
1055 1746 1493 1803 Sardaicensem.
1533 1748 1674 1803 Hinc
1702 1764 1832 1802 vero
1866 1749 2085 1802 tandem
2123 1756 2163 1810 Β
2196 1760 2487 1830 glerbegus
2515 1762 2584 1815 ab
2632 1760 2784 1816 hisce
2820 1760 3136 1831 regionibus
3164 1759 3381 1839 longius
3417 1770 3659 1816 remotus
3687 1778 3773 1817 es.

481 1842 829 1911 intelligitur,
850 1840 918 1894 de
950 1840 1178 1894 Sardica
1212 1840 1359 1908 loqui
1392 1839 1726 1907 Bonlinium,
1768 1840 1856 1894 ubi
1892 1839 2081 1894 Sardiv
2120 1884 2123 1885 ν

486 1934 668 1986 censis
719 1933 907 1985 habita
938 1934 1184 2002 synodus
1218 1931 1345 1997 fuit,
1408 1932 1511 1986 sub
1543 1933 1772 2001 imperio
1839 1933 2077 1986 ﬁliorum

478 2024 822 2078 Constantini
854 2024 1055 2092 Magni.
1093 2025 1170 2078 Ea
1210 2040 1340 2078 vero
1374 2040 1482 2077 non
1512 2024 1601 2078 hic
1636 2026 1953 2094 quaerenda,
1981 2039 2082 2079 nec

484 2116 645 2171 hodie
682 2115 886 2185 SOphia
921 2117 1144 2182 dicitur,
1166 2120 1259 2170 sed
1285 2115 1561 2171 Triaditza
1590 2135 1601 2170 :
1627 2118 1771 2186 quod
1797 2118 1847 2171 ei
1881 2130 2078 2171 nomen

483 2211 650 2263 etiam
688 2220 844 2263 actate
878 2225 975 2263 sua
1010 2210 1202 2273 fuisse,
1236 2209 1433 2277 Glycas
1473 2219 1657 2263 noster
1692 2212 1937 2280 scripsit.

484 2303 605 2359 105.
635 2302 830 2358 Scaclti
855 2303 1106 2356 Abedinis
1132 2302 1397 2424 expegt'tio
1420 2301 1628 2371 infelix.
1647 2300 1851 2356 Jancus
1880 2302 2077 2357 Turres

1183 2390 1258 2424 ca?
1300 2382 1360 2424 il.

1183 2382 1360 2427 caidil.

547 2468 683 2520 Cum
745 2468 832 2521 hic
897 2466 1116 2521 dicatur
1173 2467 1458 2535 ablegatus
1497 2464 1669 2520 fuisse
1714 2466 2079 2535 beg'erbegus

481 2556 784 2623 ltoinaniai,
810 2558 913 2609 hoc
942 2566 1027 2611 est
1057 2556 1285 2623 Europae
1308 2596 1321 2615 ,
1353 2555 1587 2609 scaclius
1621 2553 1915 2618 Abedines,
1950 2571 2073 2609 cuin

479 2648 756 2701 universis
822 2646 1111 2701 Bouiania:
1185 2645 1382 2714 eopiis,
1418 2653 1474 2698 et
1502 2645 1766 2710 acanziis,
1819 2654 1872 2698 et
1921 2647 2076 2718 getti-

478 2740 621 2792 zaris
646 2780 659 2792 .
698 2740 840 2793 haud
879 2739 1045 2794 dubie
1107 2754 1342 2808 magnus
1375 2737 1446 2790 illi
1480 2754 1511 2792 a
1543 2737 1754 2792 Muratc
1784 2739 1943 2793 datus
1975 2739 2079 2793 luit

476 2833 751 2886 exercitus
776 2872 790 2895 ,
825 2847 985 2901 quem
1055 2831 1337 2885 Bonlinius
1366 2832 1695 2884 aestimatum
1732 2832 1901 2884 inisse
1936 2832 2075 2886 scri-

478 2925 861 2993 bitocloginta
920 2922 1224 2977 Turcorum
1296 2923 1581 2977 millibus:
1619 2923 1764 2991 quod
1819 2923 2073 2991 equidem

478 3019 758 3070 annalium
814 3016 978 3070 verba
1027 3016 1416 3080 considerans,
1460 3031 1592 3070 vero
1627 3026 2060 3069 consentaneum

478 3119 612 3179 puto
648 3128 662 3164 :
706 3109 963 3179 quamvis
1023 3109 1247 3178 adjiciat
1312 3107 1619 3172 Bonlinius,
1680 3109 1731 3163 id
1774 3124 1877 3163 non
1904 3108 2062 3163 facile
2092 3095 2137 3152 C-

479 3204 639 3258 tidem
678 3204 995 3258 admittere.
1022 3202 1306 3257 Cassornm
1356 3212 1502 3256 certe
1547 3217 1811 3256 numerus
1839 3202 1886 3255 ei
1916 3201 2077 3257 tidem

477 3292 655 3346 facere
722 3292 994 3358 debebat,
1035 3307 1161 3346 cum
1232 3291 1469 3345 fateatur
1507 3290 1726 3361 triginta
1765 3289 2068 3346 Turcorum

476 3385 644 3440 millia
681 3385 865 3454 ,fuisse
905 3396 1038 3439 tunc
1075 3383 1383 3450 interfecta,
1416 3394 1571 3454 capta
1600 3385 1842 3454 quinque
1877 3385 2067 3439 millia.

478 3476 823 3546 Expeditioni
854 3492 1078 3531 causam
1120 3477 1353 3545 praebuit
1387 3485 1499 3530 tum
1542 3476 1748 3530 Mcsitis
1773 3476 1951 3531 bassa:
1979 3492 2073 3532 ca-

474 3567 716 3633 lamitas,
750 3568 910 3635 paulo
954 3578 1082 3621 ante
1111 3583 1236 3622 cum
1270 3567 1388 3621 suis
1415 3568 1480 3620 ad
1508 3568 1949 3621 internecionem
1978 3569 2069 3623 de—

477 3662 606 3718 leti:
642 3671 755 3715 tum
792 3661 1081 3729 utriusque
1115 3658 1389 3714 Valachia:
1418 3659 1818 3729 defectio,quae
1844 3671 2071 3716 auctore

474 3752 687 3808 Joanne
754 3752 1027 3820 lluniade,
1090 3750 1400 3808 Turcorum
1464 3770 1493 3808 a
1548 3755 1652 3809 lide
1713 3755 2066 3810 discesserat.

484 3847 641 3901 llunc
676 3848 826 3901 enim
861 3848 1088 3901 annales
1122 3847 1442 3914 intelligunt
1481 3847 1635 3901 Jauci
1672 3850 1915 3908 nomine.
1959 3866 2068 3919 quo

478 3939 733 4011 gentibus
786 3939 893 3994 illis
950 3937 1193 3995 Joannes
1240 3940 1468 3995 dicitur.
1506 3940 1779 3996 Laonicus
1817 3943 1901 4012 (ut
1931 3942 2070 3995 iudi-

476 4032 684 4099 Catum)
743 4028 980 4100 Jangum
1038 4030 1387 4096 Choniatem,
1455 4031 1850 4102 Spanduginus
1924 4044 2070 4088 recte

474 4122 705 4175 Janruin
746 4121 1038 4177 Vaivodam
1074 4125 1309 4193 appellat
1344 4167 1358 4190 ,
1396 4124 1651 4179 videlicet
1700 4126 1901 4179 Erdelii
1954 4127 2069 4181 sive

476 4212 966 4279 Traussvlvaniw,
1037 4216 1326 4272 Geul‘razns
1376 4215 1605 4271 Jancum
1681 4218 1936 4272 Banum:
2004 4220 2071 4273 de

475 4307 675 4374 quibus
708 4304 1013 4360 ciliciorum
1051 4323 1114 4362 ac
1143 4308 1472 4379 dignitatum
1519 4309 1571 4361 in
1607 4305 1866 4378 Ungariw
1902 4325 2069 4379 rcguo

476 4399 876 4467 praecipuarum
901 4401 1234 4467 nominibus,
1269 4403 1468 4469 partim
1499 4402 1681 4470 capite
1713 4412 1838 4455 nota
1853 4418 1970 4455 tum
1998 4403 2061 4455 7l

476 4492 738 4559 diximus,
776 4493 971 4562 partim
1017 4493 1160 4547 infra
1196 4494 1395 4548 dicturi
1435 4510 1648 4550 sumus.

477 4607 607 4663 106.
665 4607 926 4663 Vladislai
960 4611 1098 4679 regis
1133 4608 1593 4690 Uitgariaaprima
1638 4620 1823 4663 contra
1874 4613 2068 4665 Turcos

1170 4689 1459 4749 expeditio.

546 4791 684 4847 Ante
716 4796 900 4849 omnia
934 4795 1292 4851 declaremus
1342 4796 1429 4852 hic
1459 4797 1762 4866 positarum
1796 4798 1847 4852 in
1886 4813 2067 4853 anna-

475 4889 621 4947 libus
658 4905 1021 4959 persouarum
1063 4894 1274 4963 aliquot
1302 4893 1547 4948 nomina.
1576 4893 1690 4948 Rex
1725 4894 2073 4965 Ungarorum

474 4978 859 5045 expeditionis
889 4980 1052 5048 hujus
1086 4993 1278 5037 auctor
1315 4980 1629 5038 Vladislaus
1656 4994 1775 5039 erat
1804 5002 1867 5039 es
1912 4986 2073 5041 Polo-

476 5070 580 5123 nia:
609 5087 795 5141 regqu
827 5069 1139 5143 Jagellonia:
1167 5075 1354 5145 stirpis
1409 5077 1616 5130 familia
1640 5094 1653 5130 :
1675 5094 1834 5140 quem
1872 5077 2073 5148 Ungari

478 5161 720 5231 plerique
748 5165 966 5218 deserto
1004 5163 1258 5221 Ladislao
1290 5169 1584 5222 Austriaco
1610 5171 1814 5223 Alberti
1846 5172 2072 5225 secundi

475 5258 704 5327 Augusti
726 5259 1021 5327 posthuino
1038 5261 1187 5329 regni
1206 5262 1672 5317 administrationi
1695 5266 2069 5334 prazlecerant.

473 5347 783 5419 Jancusqui
819 5353 1153 5420 nominatur,
1182 5353 1424 5409 Joannes
1447 5366 1529 5411 est
1559 5356 1854 5424 lluniades,
1898 5358 2072 5412 Laza-

480 5441 638 5509 iogli,
671 5444 785 5496 sive
831 5444 975 5499 lilius
1013 5444 1232 5511 Lazari,
1272 5446 1478 5503 SCI‘VitB
1521 5454 1745 5520 despola
1780 5449 2070 5521 Georgius,

474 5536 683 5588 Graecis
700 5541 969 5593 etnustris
990 5539 1252 5609 Stephani
1276 5544 1441 5609 lilius,
1466 5542 1656 5597 Lazari
1681 5560 1874 5613 nepos.
1893 5544 2074 5601 Casan

475 5630 557 5682 vel
576 5630 769 5683 Casam
799 5635 953 5686 hassa
976 5634 1169 5689 Turcis
1192 5638 1468 5702 seribitnr,
1490 5655 1646 5708 quem
1669 5638 1948 5694 Geul'rtctts
1966 5642 2074 5694 Ca-

478 5724 793 5789 ramheguzn
829 5726 1098 5788 nominat,
1120 5739 1171 5779 et
1202 5730 1414 5797 nigrum
1435 5731 1718 5784 dominum
1747 5734 1860 5785 sive
1882 5736 2071 5788 dtu-cm

478 5810 916 5880 interpretatur:
972 5816 1255 5889 Philippus
1304 5822 1678 5880 Callimachus
1729 5827 1900 5897 magis
1953 5844 2072 5883 cor-

2188 1864 2290 1920 set,
2325 1870 2426 1908 nec
2462 1871 2589 1908 cum
2648 1856 2893 1910 exercitu
2947 1864 3056 1910 tam
3099 1855 3247 1910 facili
3282 1864 3561 1910 momento
3589 1868 3771 1924 posset

2186 1947 2600 2017 Hellespontum
2655 1949 3081 2004 transmittere:
3131 1959 3192 2004 ut
3253 1949 3475 2004 interim
3534 1959 3767 2015 taceam,

2184 2052 2452 2112 quantum
2485 2042 2713 2113 periculi
2756 2044 2918 2098 rebus
2957 2044 3222 2099 Anatolia:
3255 2054 3547 2100 creaturos
3575 2044 3773 2101 fuisset

2184 2136 2494 2206 heglerhegi
2546 2137 2826 2191 discessus
2872 2136 2925 2191 in
2961 2138 3254 2207 Europam,
3303 2138 3534 2193 necdum
3568 2137 3636 2191 ab
3670 2138 3771 2194 0s-

2184 2230 2421 2285 manidis
2470 2245 2736 2299 Oppressa
2783 2230 3099 2298 Cararnani,
3162 2232 3337 2289 hostis
3400 2233 3671 2303 perpetui,
3718 2243 3773 2287 et

2185 2324 2417 2377 aliorum
2454 2325 2718 2393 potentia.
2751 2322 2911 2389 Quod
2939 2340 3117 2380 caesus
3150 2325 3324 2382 luisse
3354 2343 3481 2383 cum
3516 2330 3631 2383 suis
3663 2329 3770 2384 Ca-

2187 2432 2349 2471 sanes
2379 2417 2436 2470 in
2470 2417 2763 2471 annalibus
2810 2418 3030 2487 legitur,
3092 2436 3200 2476 non
3244 2423 3327 2477 sic
3362 2424 3768 2493 accipiendum,

2187 2524 2251 2563 ac
2281 2510 2328 2564 si
2370 2509 2539 2564 fuerit
2592 2510 2944 2567 interiectus.
2992 2510 3243 2569 Tradunt
3281 2515 3428 2571 enim
3469 2518 3768 2587 scriptores

2185 2603 2535 2657 historiarum
2564 2618 2761 2671 magno
2813 2619 3085 2661 consensu
3111 2606 3438 2677 (prmsertim
3487 2609 3768 2666 Bonlinius

2180 2705 2234 2748 et
2262 2693 2649 2761 Callimachus,
2684 2698 2777 2767 qui
2811 2706 2907 2752 aut
2946 2709 3096 2764 tunc,
3146 2710 3236 2754 aut
3283 2717 3390 2755 non
3422 2703 3590 2758 multo
3645 2714 3763 2771 post

2182 2788 2340 2852 vixit,
2373 2798 2426 2841 et
2445 2787 2686 2844 Polonia:
2711 2790 2949 2857 regibus,
2973 2789 3171 2845 Joanni
3194 2795 3494 2861 praesertim
3517 2796 3766 2862 Alberto,

2183 2878 2466 2933 familiaris
2508 2880 2657 2949 fuit),
2694 2881 2840 2936 hunc
2886 2882 3104 2937 bassam
3141 2899 3246 2939 non
3298 2885 3540 2940 occisum
3573 2884 3764 2955 luisse,

2180 2970 2273 3023 sed
2309 2980 2552 3038 captum.

2193 3061 2317 3115 107.
2379 3058 2605 3115 ϐιὶδιιγω
2660 3061 2938 3124 lsladinw.
2992 3062 3255 3127 Sladitza,
3312 3066 3503 3134 priscis
3566 3066 3762 3123 Osmus

2623 3133 2845 3203 ﬂuvius.
2898 3135 3033 3204 Capi
3062 3135 3313 3190 Derbent.

2253 3223 2497 3281 Clisuras
2523 3226 2657 3291 dixi,
2694 3228 2917 3282 nomine
2949 3228 3156 3285 Graacis
3187 3230 3434 3287 historiis
3467 3244 3619 3295 noto,
3649 3234 3765 3287 vias

2183 3318 2299 3373 sive
2336 3319 2608 3375 transitus
2642 3330 2905 3391 angustos
2934 3324 3255 3389 admodum,
3314 3340 3410 3394 per
3436 3327 3551 3380 loca
3608 3343 3764 3382 mon.

2180 3423 2361 3476 tuosa,
2390 3428 2508 3480 quae
2549 3412 2764 3468 Latinis
2811 3416 2941 3470 olim
3003 3416 3174 3471 furcae
3226 3418 3657 3474 nominabantur
3714 3432 3767 3476 et

2180 3505 2392 3560 fauces.
2429 3504 2519 3559 Sic
2547 3504 2862 3560 Iustiniano
2907 3507 3210 3562 Rinotmito
3241 3508 3552 3576 Cedrinus;
3590 3513 3643 3565 in
3683 3530 3766 3567 re-

2180 3596 2301 3651 ditu
2335 3596 2454 3665 ejus
2488 3597 2818 3652 obsederant
2840 3597 3060 3668 Bulgari
3100 3599 3216 3654 vias
3251 3600 3306 3654 in
3340 3612 3578 3671 angusto
3602 3602 3765 3657 clisu~

2180 3703 2276 3741 rte.
2308 3689 2569 3755 Exposuit
2606 3696 2658 3742 et
2713 3688 2955 3744 restituit
2979 3690 3178 3744 alicubi
3234 3706 3419 3746 vocem
3483 3692 3763 3763 Cuiacius.

2176 3782 2592 3854 jureconsultus
2607 3783 2975 3847 clarissimus,
2995 3785 3298 3839 derivatam
3316 3802 3346 3840 a
3365 3789 3530 3843 verbo
3548 3786 3762 3849 (ἕνεκα.

2181 3876 2325 3944 quod
2364 3877 2688 3930 oceludcndi
2720 3878 3182 3946 significationem
3238 3878 3423 3933 habet.
3500 3879 3766 3936 lsladinas

2181 3984 2312 4023 vero
2348 3971 2587 4024 clisuras
2617 3969 2705 4024 hic
2738 3970 3053 4040 intelligunt
3088 3971 3276 4037 Turci,
3332 3989 3454 4042 qua:
3486 3974 3539 4027 in
3591 3971 3767 4029 Thra~

2179 4062 2322 4114 ciam
2367 4076 2433 4114 ex
2465 4060 2718 4128 Bulgaria
2756 4061 3094 4128 proiecturis
3135 4062 3191 4115 in
3229 4061 3416 4117 Πανωο
3446 4075 3639 4118 monte
3671 4080 3766 4118 σοι

2179 4164 2419 4208 currunt.
2448 4169 2515 4208 eo
2550 4154 2694 4217 loco,
2720 4169 2832 4221 quo
2868 4169 3072 4224 parvus
3092 4156 3274 4209 amnis
3302 4156 3545 4210 Sladitza
3573 4157 3768 4211 subter

2178 4249 2416 4305 clisuras
2440 4248 2610 4303 llaemi
2648 4249 2871 4303 labitur.
2914 4246 3050 4302 Nam
3079 4252 3155 4303 nti
3187 4250 3471 4304 Bonlinius
3513 4254 3762 4320 scripsit,

2178 4357 2211 4398 ι
2247 4343 2447 4412 Sophia
2478 4344 2678 4412 duplex
2736 4343 2839 4396 iter
2882 4354 2969 4397 est
2999 4342 3066 4396 ad
3092 4345 3462 4412 Superaiidum
3515 4345 3766 4400 liminum

2181 4438 2233 4490 in
2261 4435 2555 4491 Thraciam
2579 4446 2632 4490 et
2658 4435 3037 4491 Macedoniam
3072 4439 3355 4493 euntibus.
3389 4437 3543 4494 Unus
3578 4441 3767 4495 ad.tus

2178 4545 2207 4584 a
2234 4530 2475 4596 Trajano
2499 4530 2773 4599 plerisque
2798 4539 3021 4599 putatur
3060 4531 3258 4594 lactus,
3300 4531 3391 4585 ubi
3432 4528 3611 4586 adhuc
3626 4548 3769 4601 qua-

2177 4624 2336 4677 drato
2392 4622 2570 4692 lapide
2618 4634 2773 4691 porta
2823 4625 3063 4677 maxima
3122 4635 3426 4693 spectatur.
3474 4627 3635 4680 Alter
3694 4628 3764 4681 ad

2176 4731 2409 4785 parvum
2439 4726 2523 4769 est
2555 4731 2794 4779 amnem,
2846 4732 3007 4785 quem
3044 4717 3345 4771 Sladitzam
3379 4718 3595 4789 Bulgari
3664 4734 3765 4774 vo-

2176 4819 2321 4861 cant.
2375 4807 2535 4862 Prius
2570 4811 2669 4862 iter
2735 4825 2837 4864 nos
2893 4810 3239 4872 tenebamus,
3286 4809 3340 4863 iu
3381 4825 3492 4881 quo
3544 4821 3764 4881 portam

2176 4900 2323 4954 illam
2358 4903 2683 4969 reperimus.
2716 4903 2781 4955 ad
2844 4919 3038 4970 pagum
3077 4903 3425 4971 liulgarirum
3479 4902 3665 4958 sitam.
3700 4905 3771 4960 Et

2177 4992 2358 5046 locum
2394 4994 2542 5047 hunc
2572 4992 2736 5048 'l'urei
2757 4997 2986 5049 comites
3011 4997 3189 5049 nostri
3232 4996 3596 5050 nominabant
3619 4996 3761 5067 Capi

2178 5083 2434 5149 Derbent,
2464 5086 2564 5139 hoc
2586 5096 2692 5149 est,
2724 5096 2935 5155 partam
2980 5088 3220 5144 faucium
3246 5091 3328 5143 vel
3355 5097 3762 5159 angustiarum.

2176 5177 2326 5230 Alter
2360 5180 2541 5233 aditus
2575 5189 2659 5234 est
2694 5180 2806 5245 ille,
2835 5182 2904 5235 de
2937 5198 3049 5250 quo
3085 5182 3174 5236 hic
3207 5182 3449 5248 agimus,
3483 5196 3537 5241 et
3594 5202 3758 5255 quem

2177 5271 2473 5325 isladinum
2511 5276 2739 5329 annales
2766 5288 2984 5340 vocant,
3021 5294 3048 5330 a
3088 5276 3325 5334 Sladitza
3354 5281 3602 5336 ﬂuviolo.
3653 5282 3758 5343 Ce-

2175 5364 2370 5420 drinns
2404 5367 2492 5421 hic
2516 5384 2731 5423 amnem
2781 5372 3004 5424 Osmum
3063 5374 3239 5441 ponit,
3296 5390 3461 5443 quem
3521 5378 3760 5432 arbitror

2176 5473 2299 5513 esse
2332 5458 2655 5515 Sladitzam.
2696 5462 2878 5517 Locus
2902 5473 2985 5518 est
3023 5466 3075 5518 in
3104 5465 3209 5519 vita
3235 5466 3581 5522 Constantini
3643 5468 3760 5523 Mo-

2179 5549 2431 5600 nomachi
2463 5550 2581 5603 sive
2624 5550 2980 5609 Gladiatoris.
3018 5554 3291 5611 Basilina:
3352 5576 3550 5616 nomen
3611 5564 3758 5627 apud

2176 5636 2507 5704 Laonicum,
2543 5643 2596 5695 in
2628 5645 2969 5714 expositione
2997 5649 3171 5705 cladis
3199 5652 3364 5719 hujus
3419 5654 3755 5718 Turcorum,

2177 5731 2375 5786 vitiose
2398 5736 2665 5804 scriptum
2700 5739 2790 5791 vix
2846 5739 3087 5807 dubito;
3155 5745 3282 5801 licet
3349 5763 3456 5800 non
3510 5747 3756 5817 ignorent

2177 5826 2314 5883 velle
2349 5826 2681 5897 Geulramm,
2742 5831 3031 5891 Basililzeu
3083 5853 3225 5894 novo
3284 5844 3550 5897 vet-abulo
3614 5853 3757 5895 riunt:
