4048 6208
570 324 677 400 80'!

1808 325 2134 400 JOANNIS
2174 334 2643 397 LEUNCLAVII

3709 336 3804 403 808

577 455 642 508 ad
670 453 1038 523 Calliopolim,
1096 451 1179 507 vel
1220 450 1387 506 alium
1418 437 1755 521 Hellesponti
1818 456 1998 508 lorum
2075 455 2167 509 ille
2198 460 2237 515 Α
2272 454 2495 509 Achelo.
2563 454 2797 505 liarnam
2842 451 3093 505 scribunt
3152 451 3598 521 Chalcorondylis
3648 454 3800 509 litter-

579 545 966 612 transjiceret?
997 560 1097 597 cur
1132 544 1260 597 inse
1312 546 1532 613 culpam
1567 545 2007 599 taeite‘confert?
2058 562 2157 599 cur

578 640 882 694 cscitantiae
906 638 1509 706 semetipsumaccusat
1532 639 1669 698 ?.',Ait
1701 639 1873 703 enim,
1928 641 1994 693 ad
2031 640 2156 693 Cal.

578 730 819 798 liopolim
852 730 1226 784 transmisisse
1265 730 1554 795 Muratem,
1619 742 1647 784 a
1679 746 1789 799 quo
1854 731 2153 800 transjectu

581 824 695 889 ipse
722 822 986 876 Muratem
1042 838 1233 877 arcere
1289 822 1484 892 jussus
1544 825 1738 877 fuerat.
1792 823 1869 876 Ex
1920 825 2155 879 adverso

578 916 825 969 scribunt
859 914 1047 980 anei,
1078 917 1308 970 classem
1366 916 1611 970 Italicam
1663 918 1714 968 in
1748 928 1990 987 tempore
2017 917 2158 970 Cal—

577 1009 819 1074 liopolim
847 1010 1143 1078 appulisse,
1187 1009 1563 1077 Muralemque
1596 1010 1971 1078 przepediisse,
2019 1024 2158 1077 quo-

578 1102 763 1156 minus
818 1101 930 1156 illic
986 1103 1364 1156 transmittere
1418 1105 1678 1170 potuerit.
1744 1102 2045 1157 Audiamus
2101 1112 2155 1155 et

577 1191 904 1257 Laonicum,
936 1195 1026 1262 qui
1058 1210 1153 1263 per
1182 1196 1354 1247 otium
1410 1193 1690 1264 trajecisse
1714 1193 1981 1247 Muratem
2029 1209 2155 1247 nar-

578 1294 683 1346 rat,
722 1299 841 1337 cum
874 1285 1104 1337 adverso
1133 1294 1291 1338 vento
1315 1284 1508 1338 diebus
1527 1285 1738 1354 aliquot
1766 1285 2021 1349 durante,
2054 1284 2157 1338 im-

574 1377 891 1444 pedirentur
922 1377 1061 1439 Itali,
1096 1380 1390 1448 quominus
1419 1390 1484 1431 ex
1524 1378 1862 1445 Propontide
1918 1381 1970 1432 in
2029 1377 2153 1431 llel-

573 1468 884 1537 lespontum
918 1482 1109 1526 contra
1144 1471 1407 1526 Muratem
1448 1472 1635 1525 venire
1666 1481 1909 1541 possent.
1938 1471 2153 1526 Interea

572 1575 701 1613 vero
727 1560 988 1614 Muratem
1018 1563 1085 1615 ad
1127 1562 1321 1616 turrim
1360 1577 1598 1625 sacram,
1638 1577 1758 1631 qua:
1788 1563 1841 1616 in
1904 1563 2149 1618 Asiatico

572 1653 754 1708 littore
786 1655 885 1707 sita
910 1654 1069 1708 sitad
1098 1656 1548 1720 angustissimum
1589 1656 1641 1709 in
1675 1656 2010 1726 Propontide
2073 1656 2154 1710 lo-

571 1762 719 1811 cum,
760 1748 1153 1803 transmisisse.
1190 1748 1427 1804 Excusat
1452 1750 1540 1805 hic
1562 1765 1782 1818 quoque
1812 1749 2148 1805 cardinalem

569 1840 763 1894 classis
793 1839 1133 1910 praefectum,
1158 1849 1213 1894 et
1238 1841 1330 1894 ubi
1391 1841 1760 1909 transjt-cerit,
1800 1855 1897 1894 sua
1930 1841 2149 1909 quidem

570 1932 847 2001 opinione,
870 1931 1131 1998 Murates,
1160 1932 1393 1998 indicat,
1429 1935 1532 1988 nisi
1562 1933 1709 2003 quod
1765 1948 1863 2002 per
1909 1948 2153 1988 errorem

571 2025 767 2080 scribit
801 2027 1095 2096 interpres,
1132 2028 1339 2081 iactum
1375 2029 1479 2082 hoc
1510 2030 1574 2081 ad
1609 2030 2064 2097 angustissimum
2096 2030 2153 2083 in

572 2120 902 2188 Pt'Opontide
931 2121 1110 2174 locum
1147 2139 1160 2174 :
1202 2137 1298 2189 pro
1324 2137 1457 2191 quo,
1490 2123 1541 2175 in
1581 2122 1968 2191 Hellesponto,
2007 2124 2154 2178 dice-

572 2226 632 2263 re
663 2212 912 2267 debebat.
935 2211 1255 2281 Bosphoros
1283 2214 1429 2267 enim
1460 2217 1751 2284 angustias
1787 2217 1969 2282 habet,
2002 2232 2152 2271 com-

574 2302 765 2357 modas
792 2303 859 2357 ad
901 2305 1391 2373 transjicieudtnn;
1442 2307 1742 2376 Propontis
1782 2324 1912 2363 vero
1948 2310 2153 2375 nullas,

574 2394 678 2448 nisi
699 2410 805 2463 qua
839 2395 890 2448 itt
923 2394 1169 2465 IEgatum
1209 2412 1361 2452 mare
1401 2414 1495 2468 per
1528 2398 1944 2469 Hellespontum
1973 2418 2154 2456 erum-

574 2502 731 2555 pens,
763 2501 791 2539 a
829 2486 1116 2558 CalliOpoll
1150 2505 1323 2557 usque
1357 2492 1421 2545 ad
1449 2504 1627 2557 arces,
1663 2508 1802 2561 quas
1854 2492 2154 2550 Dardanel-

572 2584 656 2637 los
689 2595 909 2650 vocant,
933 2586 1111 2654 spatio
1145 2586 1333 2656 viginti
1358 2597 1564 2658 septem
1598 2588 1943 2655 milliarium,
1982 2589 2038 2642 in
2068 2605 2153 2643 ar-

573 2683 685 2727 tum
704 2676 941 2745 cogitur,
976 2685 1035 2730 ιιι
1065 2686 1225 2732 antea
1257 2678 1433 2748 capite
1492 2688 1755 2734 notarum
1783 2680 1854 2734 24
1886 2682 2152 2737 diximus.

573 2766 631 2821 In
664 2768 765 2821 hac
795 2783 925 2838 ergo
965 2771 1343 2825 narrationum
1388 2772 1708 2830 diversitate
1764 2775 1899 2829 nihil
1930 2776 2154 2831 invenio

572 2861 931 2929 probabilius,
960 2880 1125 2933 quam
1195 2866 1341 2934 quod
1387 2868 1683 2923 annalibus
1740 2868 1825 2923 his
1870 2872 2153 2926 memorize

572 2954 827 3021 proditur
862 2972 877 3008 :
913 2955 1183 3011 Muratem
1227 2958 1438 3012 scilicet
1463 2959 1534 3013 ab
1561 2960 1713 3015 Italis
1742 2961 2061 3030 impeditum
2086 2965 2151 3019 ad

567 3044 935 3116 Calliopolim,
965 3064 1027 3103 ea
1064 3050 1283 3111 relicta,
1312 3067 1531 3106 sursum
1559 3051 1689 3122 (non
1726 3055 2008 3115 deorsum.
2060 3058 2149 3115 ubi

568 3138 735 3192 situm
766 3150 885 3193 erat
912 3141 1046 3196 illud
1089 3141 1277 3197 Dianae
1340 3143 1527 3197 fanum
1589 3148 1670 3199 vel
1729 3147 1945 3211 bieron,
2003 3142 2219 3219 qttodC

570 3230 712 3283 male
738 3232 933 3283 turrim
969 3246 1184 3285 sacram
1218 3232 1452 3287 reddidit
1481 3236 1775 3304 interpres)
1810 3253 1938 3291 cum
1992 3254 2149 3293 exer-

567 3320 678 3373 citu
715 3336 807 3388 per
837 3322 1147 3393 B.tbyniam
1169 3324 1500 3392 profectum,
1532 3341 1563 3381 e
1588 3326 1811 3395 regione
1842 3326 1991 3382 illius
2014 3327 2148 3394 loci,

568 3427 678 3481 quo
742 3417 862 3469 loco
908 3430 1055 3470 nunc
1118 3416 1263 3470 areis
1320 3432 1471 3471 novae
1540 3426 1816 3473 structura
1869 3430 2145 3484 cernatur,

572 3520 945 3563 mercatorum
974 3509 1212 3579 navigiis
1240 3510 1291 3562 iit
1342 3509 1671 3565 Romaniam
1706 3514 1821 3567 sive
1856 3511 2147 3568 Thraciam

569 3602 948 3671 transjecisse.
986 3599 1121 3655 Nam
1158 3604 1285 3656 hinc
1323 3603 1625 3658 manifesto
1675 3617 1849 3673 paret.
1894 3622 2019 3659 eum
2050 3623 2149 3662 nec

569 3696 634 3747 ad
662 3694 1024 3763 Callicpolim,
1064 3710 1164 3749 nec
1201 3696 1266 3749 ad
1319 3695 1692 3762 Dardanellos,
1746 3716 1845 3756 nec
1903 3703 1969 3755 ad
2010 3703 2148 3757 ullas

568 3790 703 3844 alias
747 3789 1086 3859 Hellesponti
1140 3790 1299 3862 441
1380 3793 1661 3862 angustias
1718 3804 2144 3850 transvectum:

566 3884 660 3937 sed
689 3898 851 3952 supra
875 3882 1434 3953 Constantinopolim,
1493 3901 1688 3939 versus
1726 3899 1952 3956 pontum
1981 3888 2149 3943 Euxi-

567 3992 723 4038 num,
753 3977 804 4029 itt
872 3990 935 4029 ea
987 3975 1213 4045 Bospori
1263 3986 1435 4046 parte,
1486 3994 1598 4046 qua
1633 3980 1678 4034 is
1704 3981 2018 4035 artissimos
2063 3989 2148 4035 est

567 4072 709 4125 inter
736 4072 917 4125 Asiam
949 4079 1001 4125 et
1027 4070 1322 4140 Europam,
1361 4081 1415 4127 et
1452 4072 1542 4126 ubi
1606 4082 1895 4143 pr0pterea
1950 4089 2144 4128 novant

566 4182 746 4220 arcem
784 4163 1140 4235 (Neocastron
1195 4165 1369 4221 Cra‘ci
1424 4174 1644 4231 vocant,
1695 4178 1752 4222 ttt
1808 4169 1970 4236 paulo
2027 4180 2147 4239 post

565 4259 970 4328 dici-tureapite
1000 4258 1121 4320 ηε,
1164 4257 1231 4311 ad
1289 4274 1458 4313 unum
1490 4275 1653 4329 supra
1681 4260 2144 4335 Constantinopo-

568 4353 658 4405 lim
689 4350 922 4405 ntilliare
951 4350 1363 4419 Germanicum)
1389 4351 1617 4407 Muralis
1642 4352 1785 4407 filius
1824 4354 2138 4411 Muclteme-

566 4454 646 4498 tes
670 4444 961 4507 exstruxit,
992 4455 1048 4496 Ill
1078 4444 1166 4497 ltic
1199 4459 1263 4498 ex
1318 4446 1445 4498 Asia
1479 4445 1532 4498 in
1569 4445 1861 4515 Europam,
1898 4450 1982 4505 vel
2064 4453 2144 4507 vi-

2261 554 2466 615 pretes,
2496 555 2550 599 et
2581 545 2723 615 apud
2765 544 3060 600 Crdrinum
3098 553 3211 597 tum
3258 541 3431 597 Barua
3458 562 3509 607 r,
3543 552 3649 598 tum
3686 544 3799 600 Bar-

2264 655 2363 693 nas
2393 655 2623 694 numero
2652 639 3022 693 multitudinis
3045 678 3059 702 ,
3124 637 3478 692 doctissimus
3528 637 3797 706 Xylander.

2264 732 2444 793 nobis,
2474 733 2603 784 dum
2640 732 2868 796 viveret,
2923 729 3312 783 amicissimus.
3350 729 3427 783 Ad
3485 726 3701 793 Varnas,
3736 733 3798 783 ait

2259 822 2556 886 Cedrinus,
2585 836 2766 877 castra
2793 824 3011 891 Bulgari
3042 831 3364 892 posuerunt.
3400 820 3801 885 ltem,Cataca|o

2262 916 2466 984 (inquit
2498 915 2793 984 Cedrinus)
2826 915 3056 969 sitarum
3094 913 3160 968 ad
3197 913 3396 967 Istrum
3432 914 3637 967 urbium
3677 913 3801 968 loco-

2262 1024 2493 1077 rumque
2524 1024 2750 1077 praeses,
2773 1024 2898 1062 cum
2931 1008 3123 1062 Rossis
3146 1007 3478 1061 occurrisset
3499 1006 3646 1075 juxta
3672 1008 3800 1060 littus

2264 1099 2478 1165 Varum,
2503 1116 2666 1169 quam
2695 1102 2767 1156 ita
2803 1110 3021 1165 vocant,
3052 1115 3386 1169 manumque
3436 1115 3579 1153 COHS'
3602 1100 3796 1159 ruisset.

2260 1180 2446 1248 eos'in
2483 1194 2664 1261 fugam
2711 1196 2843 1264 egit.
2884 1194 2979 1248 llic
3014 1193 3216 1247 littoris
3248 1178 3551 1246 Vztrnensis
3595 1193 3645 1244 lit
3675 1210 3801 1245 men-

2262 1292 2359 1351 tio,
2400 1287 2771 1343 Callimachus
2802 1290 2965 1343 etiam
3016 1290 3198 1343 sinum
3259 1292 3429 1341 matis
3464 1297 3516 1339 et
3555 1296 3796 1355 stagnum,

2261 1381 2541 1434 Boniinius
2574 1382 2824 1449 paludem
2857 1382 3129 1435 nominat.
3182 1380 3303 1435 llaec
3338 1380 3674 1451 pactionibus
3706 1379 3800 1448 regi

2264 1470 2535 1527 Vladislao
2570 1474 2749 1528 dedita
2784 1475 2905 1539 fuit,
2941 1485 2995 1528 ιιι
3030 1474 3251 1543 scripsit
3286 1472 3597 1527 Laouicus:
3647 1471 3801 1525 Calia-

2261 1581 2352 1620 cra
2391 1582 2515 1619 vero
2566 1568 2613 1618 vi
2667 1576 2846 1636 capta,
2915 1567 3076 1635 enjus
3110 1568 3197 1621 hic
3238 1567 3291 1620 in
3348 1566 3629 1621 annalibus
3679 1563 3803 1617 nulla

2259 1662 2482 1716 mentio.
2520 1662 2801 1716 Boniinins
2839 1672 3023 1716 tamen
3056 1678 3174 1716 eam
3210 1662 3438 1717 silentio
3482 1676 3583 1713 non
3615 1671 3807 1728 ιιι-ενιπ-

2261 1752 2364 1814 iit,
2427 1760 2481 1807 et
2532 1753 2673 1808 male
2717 1753 3049 1808 Callacrium
3109 1751 3336 1820 scripsit
3391 1767 3405 1805 :
3463 1765 3650 1802 nomen
3720 1745 3808 1798 hoc

2259 1845 2463 1898 addens
2488 1845 2690 1913 Oppido
2720 1845 2933 1909 datum,
2990 1859 3018 1898 a
3044 1826 3219 1899 Callis
3249 1856 3313 1896 ex
3371 1844 3523 1906 Asia,
3562 1858 3615 1894 re
3652 1838 3806 1892 infeli-

2265 1935 2405 1989 citer
2435 1946 2609 2005 gesta,
2650 1939 2890 1992 reversis
2934 1954 2948 1990 :
2982 1945 3039 1991 ut
3069 1936 3406 1991 Callacrium
3466 1932 3618 2004 quasi
3652 1930 3809 1985 Galla-

2258 2029 2434 2084 c‘riunt
2466 2030 2768 2086 diceretur.
2826 2030 2993 2100 Atqui
3021 2031 3273 2086 Caliacra
3308 2030 3577 2101 significat
3629 2027 3808 2081 Graecis

2260 2119 2464 2176 bonum
2497 2123 2581 2177 vel
2634 2123 2855 2192 elegans
2906 2122 3370 2193 promontorium.
3434 2120 3599 2175 Mario
3645 2118 3807 2185 Nigro,

2258 2211 2579 2268 hodiernam
2646 2214 2971 2269 Graecorum
3035 2216 3539 2285 pronuntiationem
3594 2221 3807 2273 secuto,

2255 2306 2546 2363 Cltaliacra
2585 2320 2835 2363 vocatur.

2481 2423 2600 2478 114.
2632 2422 2820 2495 Pugna
2872 2423 3179 2490 Varnettst's,
3212 2423 3360 2479 Cara
3390 2424 3623 2479 Micltat'l.

2331 2538 2446 2593 lloc
2479 2542 2667 2609 przelio
2703 2540 3012 2595 Vladislaus
3045 2557 3134 2595 rex
3181 2555 3462 2610 pugnasse
3518 2540 3707 2595 dicitur
3752 2540 3807 2590 alt

2258 2649 2367 2687 uno
2420 2633 2611 2699 latere,
2650 2633 2732 2688 vel
2785 2636 3088 2689 secundum
3135 2632 3468 2699 Laonicum,
3528 2637 3579 2688 in
3640 2634 3809 2687 dextro

2258 2741 2427 2781 cornu
2462 2745 2473 2780 :
2506 2726 2645 2781 Cara
2681 2728 2793 2782 sive
2817 2727 2982 2796 Niger
3009 2729 3241 2785 Michael
3266 2730 3323 2785 in
3355 2731 3600 2794 sinistro,
3631 2730 3692 2785 de
3717 2742 3809 2799 quo

2258 2828 2439 2874 tamen
2494 2821 2641 2873 aliud
2694 2833 2955 2890 przeterea
3021 2822 3157 2875 nihil
3226 2823 3509 2877 memoria:
3562 2824 3807 2892 proditum

2261 2914 2494 2980 reperio.
2540 2913 2826 2968 Bootinius
2858 2914 3050 2969 eadem
3083 2917 3147 2969 de
3189 2915 3363 2985 Nigro
3399 2916 3656 2972 Micliaele
3678 2931 3809 2969 corn-

2260 3013 2546 3069 tnenrOrat,
2600 3020 2663 3059 ac
2703 3008 2905 3060 diserte
2966 3006 3273 3076 proﬁtetur,
3338 3025 3404 3063 ex
3444 3010 3729 3065 Turcorum
3759 3022 3808 3061 se

2260 3099 2665 3155 narrationibus
2720 3101 2809 3154 illa
2868 3111 3131 3169 repetere,
3198 3117 3265 3156 ne
3336 3104 3558 3177 verbulo
3610 3104 3804 3173 quidem

2257 3190 2557 3258 attingens,
2590 3192 2715 3259 quis
2746 3190 2911 3246 fuerit
2957 3192 3057 3245 iste
3118 3192 3298 3245 Miclta
3327 3194 3379 3246 -l.
3418 3193 3683 3246 Launirus
3713 3193 3799 3251 ait,

2256 3282 2430 3337 DaCos
2483 3285 2534 3337 in
2583 3286 2811 3339 sinistro
2853 3302 3085 3341 curasse
3118 3304 3317 3354 eornu,
3356 3289 3553 3357 quibus
3602 3287 3807 3341 fortasse

2254 3375 2481 3431 Michael
2524 3372 2763 3448 Zilagius
2800 3391 3049 3449 praeerat,
3083 3382 3240 3450 cujus
3272 3396 3523 3437 sororem
3558 3380 3807 3435 lluniadrs

2256 3470 2488 3524 habebat
2532 3473 2580 3524 in
2638 3472 3011 3526 matrimonio.
3071 3472 3341 3542 Equidem
3396 3476 3558 3529 alium
3591 3475 3810 3527 divinare

2252 3558 2594 3627 Mirhaelem,
2633 3563 2681 3614 id
2721 3563 2985 3632 temporis
3032 3563 3176 3635 apud
3240 3562 3494 3636 llugaros
3540 3564 3806 3623 celebrem,

2253 3667 2360 3705 non
2386 3669 2633 3721 possunt.
3018 3645 3027 3655 ’

2255 3787 2381 3841 115,
2409 3785 2631 3842 Laom’ci
2666 3790 2812 3844 locus
2836 3783 3145 3845 enimdato:
3167 3796 3538 3861 etexpositus.
3560 3790 3803 3853 Chuzilar,

2927 3862 3122 3916 Vitezi.

2324 3971 2381 4025 ln
2420 3972 2597 4041 primo
2627 3971 2882 4051 conﬂictu
2906 3990 3080 4031 caesus
3113 3975 3286 4031 fuisse
3321 3977 3562 4032 refertur
3585 3993 3644 4031 ex
3677 3986 3805 4045 parte

2252 4062 2479 4118 Muralis
2533 4066 2803 4120 Auatolia:
2879 4067 3258 4137 hrglerbegus.
3340 4066 3803 4136 Hancinteremptt

2250 4159 2520 4214 Anatoliar
2560 4160 2868 4230 beglerbegi
2931 4162 3164 4228 gloriam
3221 4162 3499 4218 Laonicns
3566 4161 3802 4217 Huniadi.

2250 4248 2555 4305 fortissimo
2584 4251 2734 4315 duci,
2772 4254 2985 4308 tribuit.
3025 4255 3140 4308 lloc
3176 4267 3359 4310 autem
3394 4257 3516 4311 loco
3559 4254 3803 4310 iacturum

2250 4358 2340 4398 me
2369 4346 2603 4414 pretium
2658 4360 2840 4413 operae
2883 4362 3064 4415 spero.
3109 4347 3153 4401 si
3192 4348 3361 4403 verba
3396 4350 3638 4419 quaedam
3690 4346 3725 4399 ι,
3755 4359 3801 4397 ι)⁴

2252 4437 2363 4491 nici
2405 4441 2607 4505 partim
2643 4450 2930 4507 corrupta,
2963 4442 3161 4510 partim
3225 4443 3489 4507 obscura,
3542 4445 3804 4496 restituere

565 4538 748 4591 rissim
777 4551 841 4590 ex
864 4536 1077 4607 Europa
1109 4537 1162 4590 in
1188 4538 1373 4591 Asiam
1393 4540 1692 4609 transjectn
1717 4539 1861 4596 facili
1888 4559 1950 4599 ac
1972 4546 2145 4615 brevi,

2256 4543 2305 4585 et
2334 4531 2707 4586 illustravero.
2739 4532 2809 4586 Ea
2854 4548 2983 4586 vero
3038 4543 3144 4588 tam
3180 4535 3321 4603 apud
3356 4534 3631 4595 Latinum,
3661 4542 3801 4599 quam

564 4631 781 4699 quoties
814 4630 1089 4695 libuisset,
1162 4632 1381 4684 nemine
1433 4633 1776 4701 prohibente,
1840 4652 2148 4695 cumexer-

563 4722 674 4775 citu
706 4732 887 4792 posset
918 4723 1311 4776 transmittere.
1370 4724 1643 4795 Quidquid
1671 4726 1817 4781 dicat
1847 4728 2145 4799 Laonicus,

563 4817 827 4887 quidquid
866 4816 1157 4884 scripsisse
1186 4818 1543 4881 cardinalem,
1599 4822 1740 4875 male
1768 4821 2019 4881 fortassis
2079 4830 2147 4881 ab

564 4910 1009 4976 exploratoribus
1042 4908 1393 4972 insn'uctttm,
1444 4910 1728 4969 Boniinius
1754 4927 2002 4983 asserat,
2035 4919 2147 4975 haec

574 5002 757 5071 potius
787 5017 889 5071 ego
915 5016 1038 5055 vera
1072 5011 1224 5071 puto.

709 5095 832 5148 115.
876 5092 1076 5159 Vama,
1108 5092 1370 5162 Stagnum
1403 5093 1690 5162 Varncnse,
1731 5098 2000 5154 Caliacra.

634 5186 842 5243 Civitas
883 5200 964 5242 est
1006 5188 1073 5241 ad
1121 5188 1296 5241 Ponto
1326 5209 1352 5238 ιι
1414 5189 1686 5244 Euxinum
1727 5192 1925 5259 \‘arna,
1979 5211 2143 5263 quam

562 5280 806 5336 Ortt:lius
857 5282 1122 5336 Odessum
1193 5281 1408 5351 priscis,
1480 5286 1562 5336 Vel
1615 5284 1889 5355 Odyssum
1938 5288 2140 5342 dictant

564 5373 750 5439 tradit,
806 5373 900 5427 alii
951 5372 1368 5446 Dionysopolim
1413 5375 1647 5428 faciunt.
1693 5378 1994 5433 Anchialos
2025 5395 2145 5434 esse

562 5468 629 5521 de
656 5467 818 5522 Curei
852 5470 1123 5523 sententia
1157 5469 1365 5539 nequit,
1394 5485 1515 5522 cum
1541 5486 1604 5523 ea
1635 5481 1912 5538 superstes
1938 5474 2143 5527 Acltelo

563 5571 711 5612 nunc
741 5558 976 5621 dicatur,
1012 5557 1233 5611 nomine
1264 5574 1373 5612 non
1410 5561 1703 5612 admodum
1740 5563 1970 5617 recenti.
2011 5564 2141 5618 Nam

565 5662 617 5705 et
639 5651 875 5705 Cedrino
903 5651 1204 5704 Acheloum
1244 5661 1491 5718 vocatur,
1527 5668 1573 5707 ct
1611 5656 1754 5724 apud
1818 5654 2141 5726 Symconem

565 5756 888 5813 magistrum
940 5744 1245 5796 ciliciorum
1297 5746 1348 5797 in
1393 5746 1618 5800 historia
1684 5748 1920 5802 necdum
1998 5751 2140 5803 edita

566 5838 791 5907 legitur,
830 5837 1157 5892 Anchialum
1194 5840 1489 5896 recentiori
1545 5843 1809 5897 vocabulo
1868 5845 2139 5900 nominari

2257 4622 2523 4677 Gallicum
2589 4626 2968 4694 interpretem,
3008 4625 3326 4695 huiusmodi
3356 4638 3490 4683 sunt
3527 4645 3539 4677 :
3592 4625 3801 4679 Joannes

2248 4713 2779 4771 Choniatesbabens
2814 4716 3054 4779 Phazcn,
3095 4721 3145 4771 id
3182 4730 3267 4772 est
3293 4734 3393 4773 eos
3430 4721 3524 4790 qui
3552 4716 3800 4771 Bitaxides

2252 4818 2541 4871 vocantur,
2604 4808 2720 4863 ibat
2766 4809 2822 4862 itt
2866 4812 3009 4863 Asia:
3043 4811 3263 4865 ducem.
3321 4810 3531 4882 Opinor
3564 4810 3681 4864 aliis
3706 4806 3803 4859 haec

2254 4900 2563 4968 legentibus
2598 4902 2741 4957 idem
2770 4902 3044 4965 accidere,
3081 4904 3226 4972 quod
3275 4902 3439 4958 initio
3488 4903 3615 4957 mihi
3649 4896 3803 4955 conli-

2250 4996 2394 5063 gisse
2418 4995 2662 5048 memini.
2717 4993 2988 5049 Nimirum
3028 5003 3336 5050 monstrum
3381 4996 3648 5065 quoddam
3678 4990 3805 5046 arbi-

2252 5088 2435 5141 trabar
2479 5102 2600 5142 esse
2634 5087 2873 5154 Phazen,
2909 5104 2972 5142 ex
3008 5104 3120 5158 quo
3172 5103 3281 5142 uno
3327 5105 3454 5143 mox
3505 5090 3678 5159 plures
3723 5098 3804 5135 ue-

2247 5180 2362 5235 scio
2398 5181 2491 5246 qui
2526 5180 2824 5242 Bitaxides,
2858 5182 3007 5236 velut
3032 5198 3097 5237 ett
3131 5198 3275 5253 equo
3324 5182 3568 5252 Trojano
3600 5178 3793 5248 prodie-

2250 5275 2380 5328 rint.
2416 5272 2489 5327 Ne
2520 5276 2725 5331 diutius
2750 5276 2968 5330 avidum
3001 5271 3231 5332 lectoris
3255 5278 3503 5333 animum
3527 5276 3793 5331 detineam.

2248 5368 2370 5421 dico
2399 5369 2478 5421 sic
2515 5370 2617 5422 ista
2646 5368 2873 5437 legenda
2906 5385 2920 5423 :
2972 5369 3213 5426 Joannes
3268 5371 3567 5426 Cltoniatcs
3616 5368 3798 5423 habens

2248 5477 2434 5516 secum
2463 5462 2694 5525 Chazes,
2732 5463 2782 5516 id
2814 5470 2900 5515 est
2949 5478 3042 5518 eos
3074 5464 3168 5532 qui
3233 5462 3503 5519 Vitezides
3536 5468 3796 5517 vocantur.

2250 5557 2361 5608 ibat
2392 5556 2442 5607 in
2470 5556 2614 5607 Asia:
2640 5556 2857 5608 ducem.
2878 5554 3011 5621 Qum
3043 5556 3207 5611 verba
3238 5556 3412 5611 lector
3451 5568 3509 5610 ut
3538 5554 3795 5619 intelligat.

2248 5648 2441 5704 Turcis
2472 5647 2640 5702 Cltazi
2685 5649 2832 5702 norit
2881 5650 3195 5720 signiﬁcare
3230 5659 3515 5705 strenuum
3570 5645 3797 5703 tnilitetr,

2247 5760 2367 5813 quae
2394 5759 2493 5797 vox
2527 5758 2756 5799 ntunero
2785 5744 3152 5798 multitudinis
3177 5744 3433 5800 Cltazilar
3476 5742 3554 5796 eis
3576 5738 3799 5793 eﬂ'ertur.

2249 5840 2455 5897 Graecis
2492 5838 2723 5907 Cltazcs,
2786 5839 2889 5895 hoc
2939 5848 3045 5907 εει,
3092 5837 3300 5894 strenui
3369 5836 3583 5891 milites.
3649 5830 3798 5882 Ιιιιιειιι
