4048 6208
548 325 661 391 ﬁll

1750 327 2075 387 'JOANNIS
2120 328 2586 392 l.EU.‘iCl.:‘erl

3699 327 3802 392 819.

560 449 722 502 batur
787 447 940 507 olim,
990 459 1141 498 nunc
1199 441 1492 509 'l'zacmiia,
1538 458 1643 496 non
1691 444 1946 511 Sacauia,
1995 448 2135 498 sicut
2167 451 2209 507 Α
2241 457 2403 513 supra
2433 447 2497 500 de
2515 443 2895 500 Nemctsassiis
2914 445 3088 514 capite
3113 445 3169 496 ῖι
3201 444 3574 515 υκροετιίιως.
3606 445 3803 499 Anau-

561 540 798 594 Ortelius
831 553 929 609 pra
941 552 1001 591 vc
1031 536 1281 604 scripsit.
2027 595 2029 598 I

558 634 683 692 121.
724 631 907 684 [bonis
924 646 1014 684 seu
1045 628 1269 684 Joannis
1295 631 1449 692 ditio,
1471 630 1803 692 Cotziacum,
1823 633 1925 687 sive
1952 632 2128 695 Getia,

703 702 949 766 lscodar,
977 700 1178 756 Scodra
1212 700 1539 761 Scutarium.
1577 702 1859 758 Ischender
1891 706 2003 774 beg.

623 815 862 870 Annales
896 815 950 869 hi
988 814 1253 870 ditionem
1295 815 1525 872 Joannis
1561 827 1981 888 vocant,-quam
2014 819 2130 872 Iba-

558 909 644 964 nis
675 911 953 979 regionem
997 907 1140 963 dixit
1212 909 1518 966 Laonicus.
1552 910 1774 965 lvanem
1816 926 1946 964 vero
1996 917 2132 965 scri-

558 1003 687 1057 bere
709 1002 901 1058 debuit
944 1003 1241 1072 interpres.
1286 1004 1502 1059 Etenim
1558 1003 1838 1060 Servianis
1871 1006 2039 1069 lwan,
2072 1018 2131 1059 ut

559 1092 720 1148 hodie
745 1093 938 1148 Rossis
977 1109 1200 1163 quoque
1223 1091 1466 1148 Joannes
1499 1106 1744 1148 vocatur.
1805 1095 2132 1165 lntelli-gitnr

557 1196 740 1240 autem
805 1185 1045 1243 Joannes
1097 1185 1401 1241 Castriotes
1455 1188 1536 1241 vel
1567 1187 1893 1251 Castriotus,
1959 1191 2131 1258 partis

555 1280 800 1334 Albania:
827 1280 1101 1349 princeps,
1177 1290 1334 1349 pater
1389 1281 1612 1350 Georgii
1663 1281 1986 1344 Castriotis.
2037 1284 2128 1350 qui

557 1374 946 1427 nominabatur
971 1387 1002 1426 a
1036 1372 1232 1426 Turcis
1273 1373 1569 1427 Ischender
1596 1376 1716 1443 beg,
1759 1374 1809 1427 id
1837 1382 1917 1428 est
1953 1375 2131 1427 tlomi—

558 1481 662 1520 nus
693 1467 1027 1531 Alexander,
1059 1481 1122 1520 ex
1153 1479 1263 1534 quo
1288 1464 1449 1536 443
1497 1467 1944 1537 Scanderbogum
1985 1470 2128 1521 fece-

557 1569 684 1613 runt
718 1559 835 1632 alii,
867 1574 1237 1629 magnumque
1274 1562 1644 1614 Alexandrum
1696 1577 1801 1614 non
1855 1572 2006 1617 recte
2045 1563 2126 1614 iu-

556 1653 838 1722 .terprctati
900 1664 1050 1706 sunt.
1112 1652 1441 1721 Corruptius
1515 1655 1767 1708 eumdem
1848 1653 2128 1709 Bonfinius

559 1745 1049 1801 Sandorobechum
1113 1746 1424 1815 appellavit.
1479 1745 1751 1802 Laonicus
1795 1749 2124 1805 Seeuderem

557 1839 797 1908 scripsit.
823 1841 913 1909 qui
951 1854 1086 1908 puer
1118 1839 1170 1892 in
1206 1839 1402 1909 jauuas
1427 1842 1571 1910 regis
1606 1842 1834 1904 venerit,
1893 1842 1995 1897 hoc
2020 1854 2125 1907 est,
2161 1818 2200 1872 Β

557 1935 624 1985 ad
660 1931 877 1986 Portam
912 1932 1228 1988 Osma'uidte
1279 1931 1573 2002 principis;
1629 1943 1684 1988 et
1719 1934 1840 1989 hoc.
1885 1944 2130 2004 tempore

556 2025 823 2081 Muratem
857 2026 910 2080 ei
964 2025 1167 2081 bellqu
1203 2021 1397 2080 fecisse
1432 2037 1846 2082 commemorat.
1899 2027 2130 2084 Chalce-

555 2119 820 2190 condylis
862 2119 1137 2190 interpres
1178 2117 1281 2174 hoc
1336 2118 1460 2173 loco
1497 2120 1727 2190 margini
1770 2120 1996 2175 Calcioli
2027 2138 2127 2174 uo-

557 2229 680 2269 men
713 2211 988 2282 ascripsit,
1054 2227 1153 2282 pro
1206 2211 1428 2267 nomine
1474 2213 1753 2268 Castrioti.
1809 2213 2126 2269 Cotziacum

557 2308 611 2360 in
657 2305 818 2376 hujus
849 2305 974 2359 belli
1025 2305 1365 2368 narratione.
1419 2305 1561 2360 libro
1612 2308 1846 2376 septimo
1877 2307 2126 2370 Laouici,

554 2397 709 2453 Getia
737 2408 999 2451 vocatur:
1029 2397 1204 2450 vicina
1231 2395 1386 2451 Cru:e
1444 2397 1681 2466 (Crojam
1715 2399 1888 2453 nostri
1917 2399 2125 2464 dicunt,

555 2495 620 2545 de
645 2504 765 2562 qua
797 2491 949 2561 plura
981 2491 1141 2560 paulo
1183 2491 1354 2560 post),
1391 2505 1551 2556 quam
1585 2502 1704 2560 post
1733 2493 1968 2556 Getiam,
2004 2493 2129 2547 licet

555 2586 785 2648 frustra,
820 2583 1061 2639 Murates
1093 2584 1324 2638 adortus
1361 2582 1482 2637 fuit.
1540 2583 1871 2654 lscodarbeg
1927 2585 2129 2641 Turcis
2194 2634 2199 2638 .

553 2691 637 2736 cst
681 2681 904 2737 Scodrae
950 2681 1210 2736 dominus
1255 2681 1371 2735 sive
1415 2680 1690 2751 princeps,
1753 2683 2128 2737 videlicet‘hie

556 2777 673 2842 ipse
717 2773 983 2843 Georgius
1036 2772 1369 2835 Castricius,
1403 2773 1598 2843 dequo
1637 2774 1862 2830 dietum.
1920 2775 2126 2830 Scodra

555 2861 688 2921 vero
711 2866 917 2922 Gra-cis
943 2875 1026 2920 est
1073 2865 1279 2933 integra
1335 2879 1468 2920 voce
1527 2864 1865 2921 Scutarium.
1918 2865 2128 2922 Plinius

534 2971 738 3033 tamen
775 2956 978 3011 alicubi
1018 2954 1283 3010 Scodram
1317 2964 1497 3021 vocat,
1521 2966 1577 3011 et
1624 2956 1680 3010 in
1738 2956 1962 3012 Novella
1994 2959 2128 3012 Leo~

555 3053 644 3108 nis
670 3051 901 3122 Augusti
928 3050 996 3104 de
1021 3049 1234 3103 thronis
1258 3033 1428 3103 etiam,
1449 3045 1753 3104 Scodarum
1778 3050 2126 3121 episcopatus

555 3147 658 3203 sub
688 3144 1067 3217 Dyrrhachina
1095 3141 1384 3213 metropoli
1416 3143 1705 3214 reperitur,
1737 3146 1826 3214 qui
1853 3160 1986 3200 sane
2013 3162 2120 3200 non
2154 3163 2198 3222 ο

555 3243 811 3296 diversus
849 3247 933 3294 est
956 3240 1024 3292 ab
1055 3238 1175 3306 ejus
1201 3237 1442 3292 civitatis
1472 3239 1813 3309 episcopatu,
1844 3239 2005 3310 cujus
2037 3241 2124 3296 hic

552 3337 613 3387 lit
645 3331 873 3388 mentio.
907 3330 1132 3385 Fallitur
1169 3328 1442 3384 Barletius
1473 3370 1488 3394 ,
1540 3344 1662 3384 cum
1705 3329 1900 3386 Turcis
1954 3331 2124 3386 Scau—

551 3427 726 3481 driam
756 3425 865 3480 dici
889 3434 1061 3494 putat,
1091 3425 1248 3493 quasi
1273 3423 1685 3482 Alexandriam.
1718 3423 1854 3478 Nam
1907 3427 2125 3479 lscodar

551 3537 662 3574 non
716 3527 799 3573 est
856 3517 1172 3580 Scandria,
1238 3529 1338 3570 nec
1385 3515 1718 3570 Alexandria
1773 3527 2002 3572 vocatur
2043 3520 2123 3574 eis

549 3611 836 3672 Scandria,
865 3608 962 3663 sed
995 3607 1330 3663 lschcudrie.

602 3724 727 3781 122.
767 3722 1005 3779 Saxones
1031 3723 1082 3775 in
1110 3723 1376 3787 Hum‘adis
1409 3724 1665 3779 exercitu.
1698 3720 1870 3785 Sasii,
1900 3721 2094 3790 Sassii,

1218 3791 1430 3846 Sassia.

619 3888 813 3942 Mirum
863 3886 1022 3942 alicui
1062 3885 1330 3949 videatur,
1365 3899 1466 3940 cur
1502 3883 1742 3940 Annales
1779 3885 2118 3940 mentionem

545 3982 825 4036 Saxonum
863 3979 950 4035 hic
999 3993 1248 4034 seorsum
1281 3976 1509 4038 faciant,
1548 3993 1672 4032 cum
1730 3980 1910 4032 statim
1945 3979 1996 4031 in
2028 3994 2118 4048 ge-

548 4090 675 4128 nere
710 4055 1106 4130 Germanorum
1168 4086 1365 4124 nomen
1426 4071 1740 4140 subjiciunt,
1809 4087 1918 4142 quo
1950 4073 2120 4142 Saxo-

547 4184 642 4221 nes
673 4167 836 4220 etiam
859 4166 1231 4219 continentur.
1251 4162 1381 4227 Eius
1401 4162 1670 4217 eximcndi
1697 4163 1937 4231 scrupuli
1955 4177 2119 4217 causa

551 4262 701 4321 dico,
726 4273 830 4311 non
866 4258 953 4312 hic
982 4254 1241 4309 nostroin
1271 4253 1562 4310 Germania
1585 4248 1831 4309 Saxones
1862 4254 2120 4324 intelligi:

549 4351 641 4408 sed
666 4349 915 4405 Saxones
935 4347 1360 4404 Traussilvanite
1394 4347 1475 4401 vel
1503 4345 1723 4412 Erdelii,
1754 4345 1838 4400 vel
1871 4344 2118 4414 Septem-

541 4445 841 4500 castreusis
870 4443 923 4498 in
960 4442 1193 4512 Ungaria
1235 4441 1475 4509 regionis
1511 4439 1744 4505 incolas,
1769 4440 1861 4508 qui
1902 4439 2119 4494 Sassios

2237 549 2342 591 tem
2374 538 2500 593 victi
2537 539 2784 594 Saxones
2819 539 2996 594 nostri
3018 554 3048 592 a
3081 537 3284 592 Karqu
3317 540 3798 609 magnoAugusm,

2234 631 2698 700 quemadmodum
2733 633 2786 686 in
2819 632 3156 696 Flandriam,
3179 633 3259 688 sic
3289 634 3454 686 etiam
3476 633 3528 686 in
3548 635 3675 688 hinc
3706 632 3789 686 llr-

2233 721 2358 774 deiii
2397 723 2512 776 loca
2547 723 2796 778 translati
2838 723 3065 787 fuerint,
3097 724 3241 794 quod
3276 724 3554 794 aliquibus
3583 740 3794 794 persua-

2234 830 2355 868 sum
2383 814 2539 868 video
2573 831 2588 868 :
2621 831 2728 870 non
2760 817 2924 885 hujus
2948 826 3037 872 est
3067 817 3192 881 loci,
3213 817 3489 886 prolixius
3511 817 3786 878 discutere

2235 905 2362 959 illini
2387 907 2603 975 quidem
2637 909 2725 962 vix
2760 924 2889 964 vero
2913 909 2970 963 fit
2996 909 3200 976 simile,
3236 909 3330 978 qui
3356 909 3530 965 sciam
3559 923 3675 964 uno
3701 925 3801 962 sae-

2233 998 2359 1051 culo
2389 997 2637 1052 Saxones
2687 1012 2812 1056 ante
2851 999 3114 1069 Karulutu
3149 1016 3404 1070 maguum
3438 1001 3492 1055 itt
3523 997 3804 1054 Pannonia

2233 1104 2357 1143 cum
2385 1091 2522 1160 ipsis
2544 1091 2720 1147 fuisse
2743 1094 2961 1148 civibus
2979 1093 3095 1148 suis
3120 1091 3500 1164 Longobardis
3523 1102 3624 1160 μη
3651 1095 3778 1147 omit
3798 1127 3800 1129 -

2236 1190 2342 1234 tam
2373 1181 2501 1246 alia,
2529 1199 2651 1252 qua:
2675 1200 2810 1240 sane
2836 1186 3070 1255 plurima
3120 1196 3344 1254 possent
3373 1186 3429 1240 in
3458 1185 3698 1240 medium
3728 1189 3803 1238 af-

2235 1273 2386 1330 ferri.
2415 1273 2600 1344 Copiae
2626 1287 2967 1343 nostrorum,
2986 1293 3126 1348 quas
3147 1277 3309 1332 Turci
3345 1279 3616 1334 maximas
3643 1277 3806 1333 filiasc

2232 1368 2444 1434 dicunt,
2479 1371 2758 1424 hominum
2805 1370 2994 1439 viginti
3037 1371 3145 1424 duo
3174 1357 3342 1425 nti-Ilia
3391 1371 3750 1428 cootinebant
3790 1391 3802 1425 :

2233 1473 2428 1529 praeter
2456 1462 2721 1518 \‘alacbos
2750 1474 2952 1529 tamen,
2994 1465 3071 1518 uti
3102 1464 3392 1519 Bonfinius
3428 1466 3702 1522 meminit.

2235 1581 2358 1634 123.
2400 1578 2616 1635 Valaclii
2647 1600 2676 1635 a
2703 1579 2888 1635 Turcis
2916 1585 3054 1646 euasi,
3073 1583 3222 1647 justo
3236 1580 3446 1649 judicio
3477 1581 3804 1636 vindicatum

2551 1712 2554 1714 _
2815 1655 2868 1708 in
2896 1655 3224 1724 transfugas.

2303 1745 2469 1798 Aiunt
2519 1746 2782 1809 Annaies,
2833 1762 3009 1802 caesos
3058 1764 3086 1802 a
3136 1747 3533 1818 limitotrophis
3601 1746 3808 1818 aliquot

2235 1839 2551 1909 proceribus
2595 1838 2842 1894 Turcicis
2871 1838 3046 1896 fuisse
3087 1840 3351 1897 Valacbos
3384 1852 3513 1897 ante
3542 1845 3808 1897 comatis-
3888 1864 3896 1871 ι

2233 1947 2355 1985 sum
2423 1931 2480 1986 in
2521 1932 2745 2002 planitie
2803 1932 3092 1991 Cosovana
3140 1937 3412 2004 pra-lium.
3472 1937 3808 1994 Chalcocon-

2233 2023 2385 2094 dyles
2421 2039 2549 2078 vero
2577 2025 2764 2089 tradit,
2811 2024 3085 2082 Valachos
3127 2026 3200 2081 ab
3231 2026 3468 2098 Ungaris
3509 2038 3563 2084 ct
3592 2032 3808 2083 cmtcris

2231 2117 2558 2173 Christianis
2591 2119 2656 2172 ad
2686 2117 2952 2174 Muratem
2985 2121 3088 2174 sub
3119 2119 3294 2189 ipsam
3345 2120 3613 2176 defecisse
3641 2121 3809 2177 Coso-

2234 2223 2426 2262 vanam
2459 2208 2868 2264 dimicationem
2899 2226 2915 2263 :
2947 2209 3124 2278 deque
3159 2211 3429 2265 sententia
3456 2209 3684 2263 Muratis
3721 2227 3807 2264 ar-

2234 2315 2320 2355 ma
2343 2315 2540 2369 ponere
2555 2300 2756 2370 iussos,
2793 2302 2845 2354 in
2872 2302 3150 2356 exercitus
3170 2303 3455 2372 utriusque
3481 2315 3806 2371 conspectu.

2233 2408 2447 2446 summa
2499 2409 2624 2448 cum
2683 2395 2930 2450 omnium
2979 2395 3368 2460 admiratione,
3405 2410 3502 2450 ceu
3569 2397 3807 2466 perﬁdus

2233 2485 2549 2557 transfugas
2591 2502 2655 2542 ac
2685 2489 3016 2554 desertores,
3072 2489 3378 2544 trucidatos
3431 2489 3618 2545 fuisse.
3648 2488 3802 2555 Quod

2232 2573 2483 2640 equidem
2519 2576 2826 2643 exemplum
2853 2577 3151 2646 singularis
3178 2578 3231 2631 in
3263 2577 3476 2633 Murate
3503 2581 3806 2644 severitatis

2233 2677 2296 2716 ac
2318 2663 2567 2731 justitiae,
2603 2667 2940 2734 prater-itum
2976 2684 3006 2723 a
3031 2657 3229 2724 Turcis
3260 2683 3385 2724 esse
3421 2670 3664 2734 silentio,
3697 2687 3803 2724 non

2231 2756 2332 2809 abs
2361 2772 2417 2811 re
2453 2757 2644 2814 miror.

2233 2870 2358 2924 εει.
2402 2873 2584 2950 Annus
2616 2875 2792 2950 prgelii
2822 2874 3104 2950 Cosounm’,
3153 2893 3402 2933 numerus
3433 2881 3678 2950 utrinque
3706 2895 3804 2935 ηεο

2288 2959 2490 2997 sarum.
2529 2945 2609 2998 Au
2641 2945 2860 3000 Morava
2889 2949 3081 3015 ﬂuvius
3109 2952 3248 3003 idem
3282 2967 3401 3004 cum
3432 2945 3732 3005 Schitiriza.

2303 3035 2624 3093 Notavimus
2647 3040 2696 3092 in
2722 3044 2966 3110 margine
2987 3042 3108 3096 libri
3129 3057 3332 3098 annum
3356 3043 3802 3100 Mahumetauum

2231 3127 2358 3186 855.
2396 3144 2505 3196 quo
2556 3143 2850 3200 pugnatum
2898 3134 2950 3187 in
2979 3135 3266 3190 Cosovaua
3311 3137 3548 3204 planitie,
3580 3154 3805 3208 resumi-

2230 3221 2358 3274 dere
2385 3221 2704 3277 Christiano
2739 3223 2876 3280 1M8
2908 3243 2923 3280 :
2951 3241 3062 3296 quo
3091 3225 3373 3283 Bonﬁnius
3389 3233 3552 3284 etiam
3577 3231 3804 3285 dimica-

2216 3322 2341 3366 tum
2377 3314 2618 3383 scripsit.
2655 3315 2802 3370 Idem
2841 3317 3016 3384 addit,
3045 3319 3277 3387 periisse
3327 3323 3607 3380 continuis
3649 3326 3802 3379 hisce

2227 3405 2567 3464 conflictibus
2607 3410 2912 3466 Turcorutu
2942 3412 3010 3466 ad
3060 3413 3289 3485 triginta
3318 3429 3554 3484 quatuor
3609 3419 3803 3480 millia.

2223 3499 2666 3557 Christianorum
2700 3518 2832 3559 vero
2863 3504 3130 3562 duntaxat
3159 3517 3284 3563 octo
3312 3509 3508 3571 millia,
3537 3517 3809 3581 quemad—

2229 3595 2446 3647 modum
2499 3593 2745 3651 Murates
2781 3597 2897 3666 ipse
2921 3599 3041 3654 suis
3071 3601 3123 3654 in
3162 3601 3356 3657 litteris
3384 3602 3452 3656 ad
3484 3603 3805 3662 Corinthios

2224 3685 2404 3738 lassus
2431 3686 2614 3742 fuerit.
2642 3687 2919 3750 Caeterum
2962 3692 3063 3746 hoc
3099 3693 3222 3747 loco
3247 3697 3530 3764 praterire
3578 3698 3805 3753 silentio

2226 3795 2330 3831 non
2357 3793 2606 3846 possunt,
2637 3797 2721 3836 me
2753 3783 3005 3853 superius
3031 3801 3260 3855 numero
3295 3799 3553 3844 notarum
3579 3790 3648 3845 £8
3679 3796 3804 3861 pol-

2222 3869 2432 3925 licitum
2502 3873 2921 3941 explicationem
2979 3879 3319 3948 quaestionis,
3385 3898 3453 3937 an
3511 3885 3800 3940 Schituiza

2226 3963 2421 4016 ﬂuvius
2449 3963 2590 4017 idem
2612 3967 2827 4020 sitcum
2880 3968 3120 4025 Morava.
3165 3974 3257 4027 Sic
3307 3975 3453 4029 enim
3491 3977 3637 4032 hunc
3673 3996 3801 4034 cum

2226 4057 2420 4110 incolis
2449 4072 2603 4121 voco,
2629 4059 2720 4127 qui
2749 4061 3202 4135 Cbalcocoudylis
3231 4067 3512 4134 interpreti
3547 4070 3802 4126 Morabas

2224 4149 2502 4204 scribitur.
2546 4148 2815 4209 Cedrinus
2849 4154 3046 4210 alicubi
3080 4156 3355 4214 Moravem
3392 4173 3501 4215 tam
3545 4164 3797 4229 fluvium,

2223 4258 2386 4309 quam
2419 4243 2705 4297 castellum
2737 4245 2806 4298 ad
2827 4247 2948 4315 ejus
2980 4249 3148 4314 ripam
3173 4251 3432 4318 positum.
3465 4270 3575 4310 non
3609 4258 3802 4326 procul

2225 4351 2252 4386 a
2292 4334 2612 4405 Beligradis,
2667 4340 2950 4393 nominare
3007 4342 3241 4396 videtur.
3291 4344 3565 4410 Pervenit,
3594 4349 3799 4416 inquit,

2227 4443 2399 4499 usque
2429 4431 2498 4484 ad
2536 4430 2807 4488 Moravem
2848 4443 2904 4488 et
2941 4435 3254 4506 Belegrada,
3291 4455 3413 4508 qua:
3461 4449 3639 4494 castra
3668 4451 3803 4496 sunt

540 4539 656 4593 sive
682 4538 927 4593 Saxones
959 4535 1224 4604 hodieque
1252 4549 1311 4589 se
1341 4533 1703 4602 proﬁtentur,
1727 4541 1783 4587 et
1815 4547 1845 4586 a
1870 4531 2109 4595 Ceculis,
2141 4533 2192 4592 Ι)
2223 4527 2536 4593 Pannoniae.
2572 4527 2628 4581 in
2660 4527 3066 4585 Transistriatta
3102 4533 3325 4601 regione
3373 4533 3502 4599 sita.
3542 4543 3599 4589 et
3646 4537 3795 4596 Graii

539 4629 781 4695 ejusdem
809 4627 1045 4698 regionis
1079 4626 1299 4692 incolis,
1324 4637 1433 4679 tam
1463 4625 1670 4693 lingua,
1693 4639 1856 4694 quam
1886 4623 2010 4679 aliis
2034 4641 2117 4678 re-

542 4724 665 4781 bus,
698 4719 951 4774 omnibus
977 4703 1258 4773 dill‘eruut.
1283 4716 1421 4771 Hinc
1444 4713 1731 4770 Bonfinius
1759 4715 1812 4768 in
1839 4712 2116 4769 Transsil-

541 4814 698 4866 vania
744 4812 860 4867 sita:
897 4812 1217 4866 Saxobaniae
1247 4810 1578 4864 mentionem
1609 4803 1758 4872 facit,
1787 4809 1982 4878 pagina
2011 4809 2115 4862 612

448 4967 457 4974 _
537 4914 827 4977 postrema:
849 4902 1327 4958 Francot‘urtcusis
1350 4902 1627 4964 editionis,
1649 4917 1812 4969 quam
1835 4898 2114 4953 Snmbuco

538 5007 725 5052 ttoslro
748 4997 1057 5052 clarissimo
1084 4996 1344 5048 debemus
1385 5009 1398 5045 :
1431 4993 1586 5063 cujus
1621 4994 1872 5062 equidem
1911 4991 2110 5046 m0rtui

540 5090 858 5144 memoriam
881 5104 1006 5140 cum
1031 5085 1402 5140 benevolentia
1425 5098 1650 5152 usurpo,
1667 5094 1720 5137 et
1738 5093 1932 5153 praeter
1951 5088 2113 5136 tueri-

540 5194 650 5236 tum
675 5198 704 5234 a
727 5180 963 5250 quodam
992 5177 1308 5240 excellentis
1333 5174 1540 5244 ingenii
1565 5174 1938 5243 doctrinaque
1969 5174 2108 5236 viro,

538 5277 690 5332 nobis
709 5275 894 5330 itidem
919 5273 1120 5335 amico.
1143 5284 1321 5326 moxa
1345 5279 1520 5324 morte
1538 5267 1704 5339 paulo
1730 5277 1926 5321 tactam
1955 5265 2112 5320 incle-

537 5371 793 5436 mentius,
852 5371 1030 5424 doleo.
1068 5369 1132 5422 Et
1165 5367 1365 5421 ibidem
1398 5366 1705 5420 Sambucus
1734 5363 1966 5433 margini
2009 5379 2106 5417 nos

533 5481 659 5520 men
689 5461 820 5527 επ,
858 5463 926 5516 ad
962 5461 1333 5533 Saxobaniam
1391 5459 1649 5527 ascripsit
1683 5470 1700 5510 :
1731 5470 1842 5527 quo
1892 5457 2100 5526 signiti-

531 5574 658 5613 rare
692 5557 882 5617 voluit,
915 5558 1054 5606 hanc
1079 5569 1108 5606 a
1141 5555 1317 5607 Saziis
1353 5553 1466 5606 sive
1520 5549 1726 5604 Sasziis
1765 5550 1843 5603 sic
1874 5546 2100 5602 dictam.

530 5649 731 5706 Notum
761 5663 912 5710 vero,
935 5647 1192 5701 Saxones
1216 5664 1246 5700 a
1276 5643 1590 5706 Germanis,
1621 5657 1758 5712 quos
1787 5641 2103 5711 superiores

532 5750 750 5809 vocant,
776 5741 852 5795 ita
873 5740 1140 5795 nominari
1174 5755 1188 5792 :
1223 5753 1346 5792 cum
1380 5739 1483 5808 ipsi
1531 5737 1760 5806 patriam
1793 5749 1950 5788 suam
1978 5733 2103 5786 Sas-

530 5837 691 5894 siam.
723 5848 888 5896 seque
920 5832 1137 5888 Sassios
1178 5831 1486 5898 indigitcnt.
1523 5828 1618 5884 llis
1650 5828 1939 5900 COIIjllllgt‘,
1978 5843 2098 5897 qua:

2220 4617 2438 4674 Turciae
2462 4622 2658 4677 vicina.
2684 4622 2894 4690 Quibus
2923 4625 3106 4680 verbis
3131 4625 3337 4682 ultimis
3365 4627 3552 4682 Crates
3578 4628 3797 4684 Turcitc

2220 4714 2489 4784 signilical
2511 4712 2764 4783 Ungariae
2797 4732 3000 4785 regem.
3031 4719 3244 4788 Saepius
3284 4721 3432 4773 enim
3472 4724 3668 4792 repetit
3695 4723 3796 4779 Ce-

2219 4808 2430 4867 drtnus,
2466 4805 2655 4862 Unnos
2689 4820 2744 4862 et
2783 4808 2993 4878 ngros
3014 4810 3122 4864 dici
3152 4809 3382 4866 Tui-cos.
3419 4812 3563 4868 Idem
3601 4815 3703 4870 hos
3741 4819 3796 4871 in

2218 4897 2496 4952 Pannonia
2524 4898 2733 4954 Turcos
2768 4903 3132 4957 occidentales
3158 4905 3421 4960 discernit
3448 4922 3476 4959 a
3507 4909 3705 4974 positis
3743 4912 3797 4962 in

2221 4993 2414 5044 vicinia
2462 4993 2750 5046 Persarum
2795 4993 2991 5047 Turcis
3041 4995 3427 5050 orientalibus.
3471 4997 3536 5052 Et
3595 4999 3796 5054 Turcia

2217 5083 2395 5137 Persis
2445 5084 2717 5154 hodieque
2773 5087 3032 5140 dicuntur
3081 5085 3353 5157 Mogores,
3389 5091 3535 5160 quod
3588 5107 3792 5146 nomen

2213 5177 2358 5244 genti
2387 5191 2500 5231 sure
2527 5193 2672 5232 nunc
2706 5180 3150 5234 etiam-tribuunt
3181 5179 3406 5249 Ungari,
3445 5186 3587 5238 sicut
3620 5183 3785 5252 Egin-

2215 5269 2404 5323 hartus
2452 5283 2674 5340 quoque
2737 5271 2924 5326 Karuli
2982 5271 3163 5342 Magni
3236 5283 3480 5345 tempore
3542 5276 3786 5342 scripsit.

2211 5359 2376 5433 m
2416 5361 2593 5431 Ugros
2629 5365 2712 5418 vel
2762 5363 2972 5435 ngros
3004 5375 3060 5419 et
3111 5365 3357 5434 Magores
3386 5367 3610 5422 eosdem
3641 5382 3786 5420 esse.

2215 5456 2348 5510 Nota
2385 5471 2488 5511 vox
2522 5455 2888 5527 Ungnrorum,
2936 5459 3176 5530 Maggior
3219 5460 3430 5514 tnudra.
3461 5459 3565 5514 Sed
3604 5461 3792 5514 redea-

2213 5564 2336 5602 mus
2373 5549 2441 5603 ad
2497 5549 2794 5606 Moravam.
2845 5552 3126 5606 chfrteus
3162 5551 3436 5606 Moravam
3487 5554 3618 5606 olim
3671 5551 3791 5607 Ho-

2208 5642 2400 5695 achum
2452 5640 2620 5697 fuisse
2687 5642 3024 5698 nominatum
3074 5655 3246 5715 putat.
3308 5645 3557 5700 Meminit
3605 5656 3794 5700 autem

2211 5731 2505 5799 Laoui'cus,
2526 5735 2771 5803 sepultos
2799 5733 2968 5789 fuisse
2987 5733 3225 5799 Turcos,
3252 5737 3355 5790 hoc
3381 5741 3565 5807 prndio
3590 5753 3790 5800 caesos.

2208 5826 2275 5880 ad
2307 5825 2478 5894 ripam
2511 5826 2739 5882 Morava.-
2773 5825 3034 5884 ﬂuminis.
3063 5827 3346 5885 Bonﬁnius
3405 5844 3534 5885 vero
3597 5844 3793 5900 proter
