4048 6208
345 316 451 383 813

1507 323 1900 382 PANDECTE
1947 324 2023 381 Ill
2038 326 2141 384 ST.
2186 322 2483 384 TURCIC.

3481 326 3583 388 8H.

343 453 429 490 res
470 436 544 487 ait
577 435 771 498 ibidem
829 436 1095 505 sepultos,
1147 436 1422 506 gregarios
1472 437 1522 489 in
1562 439 1914 506 proﬂuentem
1950 451 1990 503 Α
2022 453 2100 494 tes
2152 443 2232 496 his
2270 443 2501 504 obsedit,
2543 458 2650 510 quo
2696 441 2761 496 de
2796 456 2939 496 nunc
2973 441 3227 512 agimus:
3262 451 3314 496 et
3360 458 3481 496 cum
3524 461 3585 495 ea

345 526 676 581 Schitnizam
724 526 1027 596 cotijvctos.
1084 528 1219 580 llinc
1278 530 1726 597 parerevidetu‘r,
1768 531 1910 583 idem

345 636 465 673 essi-
515 619 739 681 ﬂumen,
796 616 1130 672 Schitnizam
1190 630 1243 673 et
1283 621 1577 673 Moravam.
1628 619 1735 673 Sed
1786 635 1910 674 cum

344 712 593 780 equidem
644 712 919 765 recordari
964 714 1172 775 videar,
1228 716 1453 767 comites
1517 722 1732 766 nostros
1789 714 1911 766 istic

344 822 511 858 unum
537 803 810 857 Moravam
835 805 1147 858 nominasse
1175 820 1190 857 :
1227 816 1392 858 restat
1418 805 1913 867 utconcludamus,

347 898 683 951 Schitnizam
709 897 972 950 hactenus
1003 905 1327 950 conservato
1360 897 1599 960 nomine,
1630 908 1912 966 postquam

345 1008 404 1043 se
436 991 666 1042 Morava:
689 989 932 1051 miscuit,
961 990 1165 1042 amisso
1186 990 1349 1054 priori
1372 991 1635 1043 vocabqu
1654 990 1915 1058 deinceps

344 1083 465 1136 solo
496 1081 727 1133 Morava:
767 1082 989 1133 nomine
1020 1081 1255 1145 censeri,
1290 1081 1463 1134 donec
1492 1082 1563 1134 ita
1588 1083 1913 1149 corijunctus

346 1185 577 1240 uterque
601 1172 795 1225 ﬂuvius
831 1174 882 1223 in
909 1171 1211 1225 Danubium
1248 1173 1483 1226 labatur.
1519 1173 1737 1226 Memini
1774 1176 1915 1228 vado

348 1281 451 1319 nos
499 1265 729 1318 transire
789 1264 1085 1328 Moravam,
1127 1280 1320 1331 magna
1383 1265 1646 1318 mensium
1710 1265 1915 1333 aliquot

345 1356 591 1411 siccitate
621 1356 909 1425 plurimum
949 1356 1245 1411 deminutis
1280 1357 1401 1425 ejus
1432 1359 1589 1426 aquis
1623 1377 1636 1411 :
1670 1359 1761 1411 sed
1786 1372 1918 1411 nus-

345 1465 511 1517 quam
575 1450 644 1503 ab
673 1450 753 1503 eis
782 1450 973 1503 incolis
1000 1450 1298 1511 Schitniza,
1340 1452 1539 1518 ubique
1567 1450 1781 1504 Morava
1821 1465 1918 1503 no-

345 1543 678 1606 minabatur,
741 1552 929 1595 contra
970 1542 1285 1611 interpretis
1331 1542 1519 1596 Gallici
1575 1542 1911 1611 Opinionem.

354 1676 479 1728 P25.
512 1672 666 1727 Feris
695 1672 805 1743 beg,
834 1673 1058 1741 Cergoni
1087 1675 1191 1727 sire
1225 1672 1622 1743 Chrysonicum,
1655 1672 1915 1725 Anatolia’

993 1759 1257 1797 ηιοηιαηαη

419 1856 625 1909 Nomen
683 1855 987 1925 beglerhegi
1028 1854 1330 1917 Bottianiat,
1365 1856 1457 1925 qui
1500 1853 1790 1925 Gergonim
1825 1871 1911 1907 ar-

347 1966 465 2005 cem
490 1950 568 2004 vel
597 1949 856 2020 oppidum
893 1949 1371 2015 instaurat-ejussu
1403 1947 1630 2001 Muratis
1663 1950 1912 2012 debebat,

349 2041 588 2095 Annales
647 2043 745 2110 ipsi
787 2056 891 2092 non
943 2048 1349 2107 expresserunt.
1395 2036 1676 2091 Bonlinius
1729 2049 1911 2090 autem

347 2134 590 2202 scripsit,
614 2133 756 2186 hunc
788 2133 1112 2199 appellatum
1144 2130 1312 2184 fuisse
1341 2129 1742 2200 Frigibechnm,
1768 2133 1913 2199 quod

345 2226 533 2279 Italica
589 2228 1029 2295 pronuntiatione
1067 2226 1401 2279 tantumdem
1454 2225 1615 2286 valet,
1646 2241 1708 2278 ac
1743 2220 1914 2276 Frisi-

346 2318 471 2385 beg.
504 2316 662 2370 Turci
695 2316 864 2371 Ferisi
895 2318 1015 2386 beg,
1052 2328 1145 2370 aut
1175 2316 1329 2371 Foris
1353 2317 1452 2385 beg
1482 2316 1788 2369 enuntiant.
1812 2314 1915 2368 lie-

349 2412 557 2478 peritur
598 2411 743 2463 enim
792 2412 1046 2478 superius
1081 2410 1183 2461 tale
1215 2412 1331 2479 begi
1370 2410 1655 2478 rtqusdam
1687 2410 1914 2462 alterius

348 2518 569 2566 nomen,
603 2503 754 2555 initio
789 2506 908 2556 vita:
956 2501 1206 2567 Bajasitis
1242 2502 1420 2569 primi,
1451 2502 1541 2568 qui
1598 2516 1916 2569 progresws

345 2611 469 2646 cum
496 2595 664 2661 copiis
696 2596 759 2647 ad
796 2596 1098 2647 Danubium
1138 2610 1329 2661 usque.
1365 2596 1575 2661 primus
1611 2596 1734 2644 istic
1768 2591 1916 2643 Vidi-

347 2703 473 2739 tzam
520 2703 816 2754 occupasse
855 2687 1107 2740 traditur.
1140 2686 1403 2753 Oppidum
1457 2686 1688 2753 Gergoni
1720 2684 1915 2737 Turcis

346 2780 573 2842 dietum,
635 2779 913 2833 Bonﬁnius
952 2779 1352 2850 (Ihrysonieum
1408 2780 1676 2832 nominat.
1736 2777 1911 2831 Situm

345 2882 429 2925 est
459 2874 509 2924 in
557 2871 795 2925 Roxiana
831 2874 944 2925 sive
996 2872 1260 2925 llasciana
1306 2872 1637 2925 Serriaoave
1671 2873 1910 2939 regione,

345 2967 409 3016 ad
445 2963 721 3017 Moravam
750 2965 994 3017 ﬂuvium.
1031 2965 1296 3017 Anatolius
1332 2974 1589 3015 tnontana
1621 2960 1784 3014 Turci
1820 2976 1914 3013 vo-

344 3066 473 3110 cant
502 3058 604 3110 hoc
636 3062 776 3119 loco,
815 3059 959 3111 sicut
1020 3057 1146 3109 alibi
1181 3072 1398 3125 qniiquc
1422 3056 1644 3123 Sa-pius.
1677 3065 1910 3107 montem

2020 536 2179 605 potiri
2211 537 2443 590 secotnla
2501 534 2911 605 oppugnatione
2953 550 3057 587 non
3097 522 3299 602 posset,
3352 536 3404 586 in
3438 549 3584 587 mor-

2017 630 2142 683 bum
2203 629 2452 683 lethalem
2498 643 2609 697 pra:
2670 627 3040 696 indignatione
3098 627 3303 693 lapsus,
3335 626 3580 681 rabidam

2016 723 2289 775 exhalavit
2307 722 2568 775 animam.
2593 721 2840 775 Imitatus
2866 730 2950 775 est
2973 729 3177 788 patrem
3209 719 3581 787 persequendo

2016 814 2305 876 Castriote,
2332 814 2684 882 vexandaqne
2706 812 2903 881 Croja,’
2920 814 3285 864 Muchemetes
3308 812 3581 865 secundus

2020 908 2161 960 ‘ilius
2188 926 2200 959 :
2234 906 2323 976 qui
2351 908 2625 961 continuis
2646 906 3044 959 munitionibus
3081 904 3319 971 nudique
3343 904 3584 958 virenti.-

2015 999 2217 1065 datam,
2242 1011 2294 1052 et
2322 1000 2627 1053 arctissime
2644 1000 2909 1061 clausam,
2931 1013 3126 1066 capere
3155 1007 3332 1051 tamen
3360 1012 3465 1049 non
3489 1014 3584 1064 p0-

2019 1094 2142 1155 tuit,
2170 1093 2583 1161 Scanderbegus
2619 1096 2833 1145 tandem
2865 1103 3062 1161 sponte
3094 1092 3315 1145 Venetis
3337 1106 3457 1144 eam
3484 1090 3587 1141 do-

2018 1189 2172 1239 navit
2203 1197 2328 1239 ante
2357 1197 2609 1246 mortem,
2665 1204 2731 1241 ne
2764 1196 2930 1240 tanta:
2982 1186 3294 1251 reipublirm
3325 1186 3587 1238 destituta

2017 1278 2295 1345 pratsidio,
2327 1278 2633 1332 Turcorum
2694 1279 2747 1332 in
2815 1294 3009 1332 manus
3044 1294 3163 1330 ttiox
3215 1291 3245 1330 a
3283 1285 3457 1330 morte
3490 1277 3588 1327 de-

2008 1372 2256 1424 'fensoris
2289 1372 2518 1425 veniret.
2559 1370 2747 1425 Obiter
2777 1373 2879 1425 hoc
2907 1370 3181 1437 adjicitur,
3210 1373 3279 1423 ab
3301 1370 3400 1422 hac
3425 1368 3586 1438 Croja

2020 1480 2213 1517 nomen
2244 1465 2435 1519 tulisse
2470 1466 2849 1519 nobilissimos
2883 1464 3049 1533 Belgii
3093 1478 3345 1533 proceres
3391 1460 3585 1530 Crojaa

2019 1572 2141 1617 nos,
2181 1558 2271 1624 qui
2317 1558 2538 1627 Crojam
2571 1559 2868 1628 aliquando
2901 1558 3212 1627 possedisse
3246 1556 3533 1609 tradantur
3568 1571 3583 1608 :

2017 1650 2160 1702 sicut
2188 1651 2239 1701 in
2274 1650 2461 1704 iisdem
2494 1651 2735 1703 Albania:
2764 1651 2899 1705 locis
2940 1659 2993 1704 et
3026 1648 3339 1703 Karlovitzii
3383 1647 3582 1715 princi-

2021 1757 2135 1809 pes,
2156 1742 2367 1811 origine
2393 1742 2553 1806 Galli,
2582 1744 2651 1796 de
2673 1743 2871 1811 quibus
2893 1743 3100 1798 dictum
3126 1742 3301 1810 capite
3329 1742 3419 1802 46,
3450 1740 3582 1810 υμ-

1946 1812 1986 1866 B
2021 1836 2302 1889 rhachium
2329 1849 2430 1891 suo
2449 1850 2571 1889 cum
2605 1851 2735 1905 agro
2766 1843 3092 1888 tenuerunt:
3126 1845 3180 1887 et
3201 1834 3418 1887 Achabe
3440 1846 3589 1899 prin-

2016 1928 2168 1997 cipes
2200 1928 2252 1980 in
2305 1931 2490 1981 eadem
2526 1927 2722 1981 vicinia
2785 1942 2965 1980 rerum
3020 1923 3314 1994 aliquando
3365 1925 3587 1976 fuerunt

2018 2020 2197 2086 potiti,
2222 2019 2743 2073 Sabaudosaxonica
2796 2019 2907 2072 nati
2942 2018 3168 2071 familia.
3206 2016 3281 2068 Ex
3331 2015 3585 2084 Crojanis

2019 2111 2220 2178 tegnlis
2250 2125 2475 2164 summa:
2530 2112 2634 2165 fuit
2669 2113 3013 2167 auctoritatis
3059 2114 3199 2179 apud
3242 2110 3506 2164 Karulum
3546 2109 3583 2159 V

2019 2205 2327 2273 Augustum
2390 2203 2720 2267 Hadrianus,
2785 2206 2993 2257 Chiurii
3050 2204 3326 2257 dominus.
3383 2201 3583 2254 Eadem

2016 2296 2197 2351 editus
2230 2306 2392 2365 gente
2424 2296 2525 2350 fuit
2580 2298 2853 2352 Antonius
2907 2301 3161 2368 princeps
3202 2297 3490 2351 Pontianus
3533 2298 3584 2347 in

2017 2390 2211 2443 Gallia.
2273 2390 2431 2444 Nunc
2490 2391 2632 2461 apud
2693 2390 2886 2459 Belgas
2936 2396 3261 2460 superstites
3298 2400 3425 2445 sunt
3476 2391 3586 2444 duo

2020 2484 2238 2543 fratres,
2273 2489 2382 2536 dux
2420 2485 2807 2549 Arescolauns,
2847 2494 2899 2537 el
2938 2484 3277 2538 [laurerltitts
3316 2486 3581 2543 marchto,

2018 2594 2139 2627 cum
2167 2577 2415 2643 principe
2445 2576 2690 2630 CllltltzBO
2726 2577 3044 2629 Arescotani
3079 2577 3208 2628 lilio.

2020 2693 2141 2745 127.
2183 2692 2392 2755 Galam,
2446 2692 2628 2753 Ceras,
2664 2692 2825 2763 Sinus
2854 2692 3151 2753 Cerutitms,
3195 2692 3353 2757 Pera,
3386 2688 3573 2763 δείδω(

2593 2762 2757 2815 Scala
2790 2764 3009 2832 Sgcena.

2089 2852 2229 2908 Urbs
2258 2854 2445 2907 Galata
2472 2856 2637 2922 vulgo
2660 2856 2823 2908 etiam
2847 2866 2970 2908 nota
2999 2866 3101 2921 est,
3128 2872 3157 2909 e
3190 2857 3411 2925 reginae
3444 2856 3587 2909 Con-

2015 2947 2445 3013 stantinopoleos
2484 2947 2612 3012 sita,
2643 2956 2797 3001 trans
2830 2948 3035 3010 sinum,
3087 2964 3245 3017 quem
3273 2948 3439 3002 Ceras
3470 2952 3588 3003 sive

2015 3034 2220 3097 Cornu,
2242 3044 2295 3087 et
2317 3037 2628 3091 Geratinum
2661 3036 2778 3090 sive
2819 3035 3145 3100 Cornutum,
3175 3047 3385 3093 veteres
3418 3042 3580 3093 etiam

344 3150 661 3220 Olympum,
696 3149 809 3203 sive
840 3148 1252 3214 Calngemwm’
1307 3150 1359 3200 in
1400 3146 1675 3216 Bithynia,
1741 3161 1910 3214 prope
1939 3168 1983 3225 ϐ
2018 3140 2279 3183 vocarunt
2314 3146 2326 3181 :
2363 3131 2509 3199 quod
2548 3132 2719 3186 instar
2755 3148 2923 3185 cornu
2978 3133 3182 3187 cervini
3237 3135 3466 3203 sparsim
3501 3151 3587 3188 ra-

345 3242 621 3295 civilatem
670 3239 899 3294 Prusam
937 3261 950 3294 :
984 3242 1050 3295 de
1086 3257 1194 3310 qtto
1246 3240 1446 3294 dictant
1498 3251 1677 3302 antea,
1734 3240 1907 3306 capite

345 3343 596 3388 notarum
634 3334 720 3387 i7.

350 3468 472 3524 126.
506 3470 837 3537 Beligradum
862 3470 1118 3530 Albuniw,
1153 3469 1314 3530 Crua,
1347 3471 1504 3527 (Iron.
1528 3471 1698 3527 Croa'.
1728 3471 1910 3538 (ἐι-μμ,

487 3543 785 3609 principum
826 3541 1177 3602 Urojanorum
1214 3541 1266 3593 in
1317 3540 1500 3609 Belgio
1535 3542 1767 3609 (animo.

422 3660 565 3712 Idem
591 3672 715 3712 Cum
749 3657 1036 3724 SUperiori,
1070 3657 1134 3707 ad
1178 3655 1304 3710 Savi
1333 3655 1673 3727 Dattubiique
1704 3662 1913 3713 Conﬂu-

342 3760 498 3805 entes
528 3750 635 3803 sito
666 3748 925 3818 Belgrade
955 3747 1177 3814 Servi-.e,
1218 3764 1415 3802 nomen
1451 3752 1612 3805 habet
1665 3752 1771 3806 hoc
1822 3758 1913 3805 At-

346 3840 519 3893 baniae
550 3838 631 3891 vel
666 3838 919 3891 Arbanize
950 3837 1115 3905 (sicut
1154 3838 1348 3907 vulgus
1378 3838 1694 3894 Grmcorum
1732 3847 1908 3911 vocat)

351 3930 717 4000 Beligradum,
781 3930 882 3982 hoc
914 3938 1015 3994 est,
1049 3942 1146 3981 arx
1178 3930 1321 3983 alba.
1355 3928 1568 3999 Quippe
1618 3933 1909 4000 conjuncta

344 4038 467 4075 cum
524 4022 724 4089 oppido
782 4035 876 4073 arx
908 4029 1012 4084 est,
1052 4034 1176 4089 qua:
1209 4036 1239 4073 a
1298 4018 1523 4086 Valona,
1557 4023 1909 4079 celeberrima

341 4126 489 4166 nunc
536 4113 698 4165 etiam
748 4108 898 4180 Epiri
931 4111 1153 4165 civitate
1206 4110 1341 4180 (Leo
1388 4112 1686 4180 imperator
1745 4117 1913 4167 Aulo-

344 4204 512 4266 niam,
534 4213 744 4259 veteres
772 4203 1037 4258 Anionem
1068 4203 1373 4271 dixerunt),
1395 4207 1558 4260 unius
1595 4205 1787 4261 itinere
1806 4210 1909 4261 diei

342 4295 531 4348 distat.
589 4294 859 4349 Caeterum
915 4295 1259 4349 dissimulare
1312 4312 1420 4350 non
1468 4298 1661 4359 debeo,
1699 4299 1903 4354 nullam

342 4384 557 4439 obsessi
597 4400 627 4439 a
662 4384 876 4443 Murate
941 4388 1104 4455 paulo
1167 4396 1293 4440 ante
1350 4397 1579 4441 mortem
1635 4388 1907 4458 Beligradi

345 4477 678 4531 mentionem
705 4477 953 4545 reperiri,
986 4478 1067 4531 vel
1102 4478 1242 4546 apud
1276 4477 1570 4532 Martinam
1612 4479 1905 4535 Barletium
1938 4498 1991 4558 ι)
2014 4477 2225 4581 adi-ecl;
2257 4477 2340 4570 es;

342 4571 725 4635 Scodrensetn,
756 4588 936 4625 rerum
965 4586 993 4625 a
1025 4571 1406 4642 Scanderhego
1434 4585 1708 4641 gestarum
1735 4592 1906 4646 scrip-

343 4674 540 4725 torem,
595 4664 677 4717 vel
727 4665 868 4731 apud
920 4664 1247 4728 Bonlinium,
1299 4668 1382 4717 vel
1416 4664 1728 4721 Geufraaum
1762 4687 1775 4722 :
1807 4669 1904 4722 sed

340 4754 614 4807 obsidium
636 4752 811 4820 Croize
836 4754 1104 4811 duntaxat
1124 4754 1192 4807 ab
1223 4754 1303 4807 his
1324 4757 1542 4824 exponi,
1569 4774 1730 4825 quam
1755 4760 1905 4825 prius

340 4846 501 4897 etiam
536 4856 690 4912 capto
727 4847 980 4898 Cotziaeo
1020 4847 1133 4898 sive.
1162 4844 1339 4907 Getia,
1373 4856 1608 4915 quatuor
1646 4860 1773 4903 ante
1803 4853 1905 4905 hoc

340 4945 551 5003 tempus
586 4936 766 4999 annis,
801 4937 958 4988 irrito
985 4948 1182 4990 conatu
1219 4947 1566 4991 tentaverat:
1602 4950 1660 4992 ut
1686 4944 1906 5009 scripsit

338 5025 630 5087 Laonicns,
667 5026 757 5093 qui
795 5029 991 5078 (li-nam
1030 5029 1298 5091 nominat,
1343 5031 1531 5081 urbem
1566 5030 1901 5087 Albanorum

341 5120 681 5187 primariam.
729 5119 947 5172 Novella
998 5118 1198 5172 Leonis
1238 5120 1487 5187 Augusti,
1542 5139 1705 5189 quam
1742 5128 1902 5180 toties

314 5212 592 5271 ecitamns,
635 5212 779 5263 velut
803 5213 1027 5263 alteram
1052 5211 1341 5278 quamdam
1376 5214 1591 5281 imperii
1626 5216 1900 5270 Constan-

334 5304 680 5370 tinopolitani
736 5305 1006 5365 notitiam,
1054 5318 1283 5357 numero
1330 5288 1901 5381 multitudinisCrOas

332 5395 592 5465 appellat,
616 5405 667 5449 et
699 5396 888 5449 harum
920 5396 1230 5465 episcopum
1255 5396 1628 5466 Dyrrhachino
1660 5401 1899 5473 subiicit.

320 5468 480 5540 ‘ldem
508 5488 555 5539 ei
584 5503 776 5540 nomen
800 5497 884 5541 est
904 5489 1042 5556 apud
1071 5497 1353 5556 pnetorem
1379 5489 1603 5543 Grazcia:
1628 5503 1898 5546 nostrum.

333 5579 609 5647 Barletius
642 5576 859 5655 Crojam
891 5589 1068 5640 vocat,
1102 5578 1265 5648 idque
1296 5595 1492 5632 nomen
1552 5580 1899 5653 Epirotarum

334 5671 517 5738 lingua
546 5666 747 5722 loutem
795 5672 1106 5740 Signilieare
1136 5672 1266 5725 dicit
1298 5688 1311 5723 :
1347 5674 1490 5740 quod
1527 5674 1664 5727 intra
1721 5676 1898 5730 muni-

336 5765 542 5817 tionem
571 5761 715 5829 jUgis
745 5779 895 5831 aqua-
925 5766 1099 5820 fontes
1135 5765 1264 5819 sint.
1294 5766 1506 5820 Primus
1533 5767 1674 5821 hanc
1714 5767 1892 5823 Mura-

2019 3224 2121 3273 mis
2149 3223 2305 3289 quasi
2328 3224 2656 3289 quibusdam
2681 3225 2835 3278 littus
2870 3236 3163 3293 utrumque
3195 3228 3579 3295 amplectatur.

2019 3312 2167 3363 l'atet
2198 3313 2249 3363 in
2294 3315 2499 3366 ambitu
2540 3324 2686 3369 totus
2715 3316 2801 3368 hic
2835 3319 2991 3371 sinus
3017 3320 3340 3375 milliaribns
3375 3322 3578 3376 Gratcis

2018 3405 2226 3473 viginti.
2270 3406 2491 3461 Galatas
2527 3409 2687 3462 hodie
2746 3414 2990 3463 masculo
3029 3428 3225 3481 genere
3254 3414 3459 3469 Grzecis
3505 3419 3584 3470 οἵη

2017 3499 2207 3558 fertur,
2242 3501 2384 3551 sicut
2415 3510 2466 3552 et
2502 3503 2717 3567 praetori
2755 3502 2980 3557 Graecia:
3016 3515 3224 3571 uestro,
3281 3508 3372 3576 qui
3405 3509 3581 3563 Phru-

2017 3593 2134 3643 rion
2184 3592 2299 3644 sive
2346 3594 2626 3646 castellum
2663 3605 2843 3649 vocat.
2878 3596 3077 3651 Eadem
3110 3610 3162 3653 et
3201 3601 3333 3654 Pera
3366 3603 3576 3658 dicitur

2013 3692 2065 3734 rt
2102 3682 2279 3736 Peraea
2306 3684 2504 3741 Nicetie
2536 3687 2827 3753 historico,
2852 3693 2995 3759 quod
3029 3694 3167 3745 ultra
3198 3695 3378 3748 sinum
3406 3701 3583 3765 posita

2013 3776 2102 3827 sit.
2132 3775 2353 3829 Veteres
2384 3779 2452 3831 ab
2475 3780 2731 3833 arborum
2760 3783 2891 3835 licos
2914 3782 3205 3838 ferentium
3234 3786 3396 3859 555
3425 3794 3581 3858 ecpia

2016 3868 2182 3937 Sycas
2209 3872 2587 3936 nominabant,
2608 3889 2729 3941 quae
2760 3890 2862 3928 vox
2887 3876 3027 3943 apud
3059 3876 3334 3932 Zosimum
3364 3898 3585 3949 quoque

2015 3971 2256 4016 nostrum
2319 3963 2533 4031 legitur.
2570 3964 2846 4036 Xylander
2892 3970 3033 4038 apud
3085 3970 3376 4026 Cedrinum
3447 3974 3583 4029 ﬁcus

2015 4056 2418 4123 interpretatur,
2455 4054 2511 4111 et
2556 4060 2881 4113 suburbium
2932 4080 3053 4116 esse
3105 4066 3237 4117 dicit
3275 4068 3519 4136 Byzantii
3560 4086 3575 4121 :

2014 4160 2136 4197 cum
2187 4154 2366 4199 tamen
2400 4151 2724 4203 intertnedio
2769 4154 2900 4204 mari
2930 4154 2998 4207 ab
3031 4160 3164 4209 urbe
3210 4158 3578 4228 disjungatur.

2014 4237 2127 4301 Qua
2158 4238 2632 4311 Constantinopoli
2684 4242 2928 4299 Galatam
2968 4248 3327 4317 traiisjicitur,
3364 4250 3579 4306 Scalam

2013 4327 2277 4399 Syccnam
2332 4332 2485 4400 ponit
2542 4342 2701 4387 vetus
2761 4335 2914 4390 urbis
2964 4337 3582 4409 Constantinopolitanze

2013 4422 2332 4491 descriptio,
2381 4440 2501 4494 quat
2555 4426 2698 4481 libro
2754 4426 2969 4484 Notitia:
3045 4434 3330 4503 utriusque
3386 4437 3577 4506 imperi

2382 4534 2396 4571 :
2451 4525 2504 4572 et
2557 4521 2761 4573 scalam
2809 4521 2863 4574 in
2919 4522 3209 4579 Portolano
3253 4534 3371 4583 suo’
3405 4530 3579 4586 Grani

2010 4606 2277 4676 hodieque
2311 4608 2501 4663 dieitnt
2530 4626 2653 4664 eum
2692 4615 2895 4677 locum,
2939 4630 3049 4682 quo
3084 4632 3248 4673 naves
3280 4623 3563 4692 appellunt

2008 4708 2064 4751 et
2108 4700 2198 4753 ubi
2245 4703 2617 4758 exscenditur.
2649 4702 2792 4759 Usus
2818 4718 2900 4761 est
2930 4708 3030 4763 hac
3062 4723 3190 4764 voce
3224 4712 3493 4770 Cedrinus
3525 4717 3581 4771 in

2005 4786 2372 4860 Copronymo,
2403 4810 2529 4846 cum
2563 4811 2764 4861 narrat,
2805 4815 2971 4851 unum
3002 4801 3191 4870 glaciei
3216 4804 3580 4872 fraginenlum

2004 4896 2128 4933 cuin
2170 4883 2373 4951 impetu
2398 4886 2634 4943 delatum
2670 4903 2723 4942 et
2759 4892 3053 4960 impactum
3089 4897 3142 4949 in
3180 4902 3381 4953 scalam
3409 4908 3582 4955 Acro-

2000 4973 2213 5039 poleos,
2253 4976 2304 5027 id
2347 4987 2427 5029 est
2485 4979 2632 5033 arcis
2665 4980 2997 5051 Byzantium,
3025 4987 3091 5038 de
3120 5003 3223 5054 qua
3257 4992 3432 5057 capite
3459 4992 3578 5054 159’,

2005 5081 2127 5117 eam
2159 5069 2570 5125 ronnninuisse.
2609 5068 2867 5128 Latitudo
2911 5077 3061 5130 sinus
3097 5080 3236 5131 inter
3283 5081 3420 5133 hanc
3452 5098 3579 5135 sca-

2009 5156 2114 5207 lam
2151 5166 2205 5221 et
2235 5160 2493 5226 Oppidum
2542 5160 2812 5230 Galatam,
2868 5170 2945 5219 vel
2980 5170 3346 5224 inter.ambas
3396 5175 3578 5241 potius

2010 5249 2209 5314 scalas,
2240 5266 2270 5303 e
2294 5253 2518 5320 regione
2552 5257 2779 5323 positas,
2811 5258 2876 5310 ad
2900 5274 3095 5327 passus
3125 5260 3230 5315 500
3260 5274 3426 5332 patet.
3469 5264 3580 5319 Ga-

2014 5340 2766 5402 lataGeaueusiumcolonia
2814 5360 2919 5413 est,
2966 5352 3129 5406 etiam
3178 5354 3337 5409 hodie
3380 5356 3576 5421 majori

1996 5451 2069 5487 ex
2115 5444 2269 5503 parte
2319 5452 2359 5491 av
2383 5438 2712 5493 Christianis
2741 5441 3065 5511 inhabitata,
3093 5450 3393 5515 prmcrtim
3426 5456 3574 5505 utch

2006 5527 2306 5583 catonihus.
