4048 6208
285 297 390 357 817

1439 314 1834 375 PANDECTE
1869 315 2070 378 HIST.
2108 321 2418 384 TURCIC.

3404 322 3553 385 εῐείπ

279 430 434 477 vero,
465 428 629 483 quant
678 415 1002 483 transjcetus
1036 421 1122 476 hic
1145 438 1450 507 superetur,
1511 430 1749 482 oceuirit
1797 429 1849 482 in
1881 429 1935 482 At
2025 434 2065 485 Δ
2095 431 2293 488 Stauro
2347 437 2497 490 locus
2533 435 2583 489 in
2614 435 2823 507 Auaplo
2889 436 2989 506 (sic
3024 436 3166 490 enim
3211 435 3550 504 frrquenter:

279 507 415 571 ipsis
468 508 627 576 aquis
680 518 925 564 extructa
972 515 1216 580 quedam
1276 535 1372 571 arx
1409 502 1620 588 'parva,
1686 535 1844 590 quam

278 597 499 652 Turrim
532 598 874 654 Scutarinam
902 604 1074 660 8ιάξοί
1101 621 1316 676 vocant,
1351 611 1510 666 Turci
1546 613 1844 676 Kisculant,

280 690 381 742 hoc
414 701 517 751 est,
552 705 732 744 arcem
775 693 1026 763 virginis,
1094 714 1158 753 et
1194 715 1360 755 causa
1413 705 1647 772 quadam
1713 707 1840 761 alibi

278 781 620 847 exponenda.
656 781 728 837 De
760 783 864 838 hac
913 802 1038 843 arce
1070 801 1200 844 sunt
1252 794 1595 863 intelligenda
1649 797 1846 854 Νἰςειίε

279 875 464 938 verba,
499 874 634 929 libro
667 893 740 941 tv,
771 894 892 933 eum
921 883 996 936 ait
1025 900 1039 937 :
1070 884 1151 937 Ab
1205 885 1309 938 hoc
1363 888 1690 957 imperatore
1733 893 1845 946 Ma-

283 963 441 1018 nuele
493 966 660 1020 turris
725 967 812 1023 illa
879 972 1168 1039 (potuisset
1218 989 1399 1028 arcem
1461 979 1688 1048 vertere)
1736 995 1846 1034 non

280 1059 470 1122 procul
517 1072 548 1110 a
607 1060 925 1116 centinente
972 1063 1024 1116 in
1058 1065 1192 1118 mari
1243 1077 1520 1121 exstructa
1572 1079 1676 1132 est,
1726 1086 1848 1138 quae

283 1147 521 1202 Damalis
552 1150 798 1218 pridem,
864 1169 1007 1207 nunc
1060 1157 1254 1210 Arcula
1311 1159 1631 1218 dicitur:et
1676 1162 1845 1217 altera

281 1241 769 1311 turriseregioue.
819 1245 973 1313 juxta
1049 1248 1396 1319 Manganium
1453 1258 1845 1311 monasterium
1902 1263 1905 1266 ’

277 1333 518 1400 (scilicet
559 1335 742 1391 Sancti
782 1337 1024 1410 Georgii)
1058 1359 1124 1397 eo
1149 1346 1403 1411 consilio,
1457 1357 1517 1400 ut
1555 1347 1730 1403 ferrea
1762 1367 1850 1404 ca-

278 1432 406 1478 tena
479 1427 738 1492 utrinque
788 1440 1038 1500 extensa,
1090 1435 1338 1491 barbaris
1390 1433 1616 1494 navibus
1666 1444 1846 1496 aditus

279 1513 334 1565 in
363 1514 480 1568 loca
514 1518 664 1572 urbis
691 1522 801 1572 arei
835 1523 1033 1582 viciua.
1072 1535 1126 1580 et
1157 1536 1390 1582 tractum
1423 1530 1575 1584 illum
1622 1549 1844 1588 onmem

280 1624 456 1676 usque
504 1612 572 1665 ad
643 1612 1016 1670 Blacherniam
1077 1620 1304 1688 regiam,
1371 1623 1842 1683 intercluderetur.

280 1701 496 1768 Quibus
533 1704 588 1758 in
613 1705 794 1759 Verbis
848 1708 1063 1764 Areula:
1110 1727 1302 1766 nomen
1361 1715 1666 1786 signiﬁcare
1717 1731 1846 1788 puto

281 1810 502 1862 parvam
527 1811 731 1851 arcem.
787 1797 932 1852 Idem
984 1814 1108 1870 post
1167 1804 1372 1873 inquit:
1444 1809 1743 1880 Imperator
1787 1816 1839 1868 in

279 1887 483 1955 palatio
509 1889 574 1940 ad
598 1890 887 1957 Damalim,
913 1897 1059 1962 quod
1093 1895 1406 1953 Scntarium
1452 1901 1672 1968 dicitur,
1723 1921 1844 1958 ver-

279 1978 526 2032 sabatur.
557 1979 730 2035 Distat
751 1997 780 2036 a
820 1986 1126 2040 continenti
1157 1988 1354 2044 Asiana
1379 1989 1685 2048 Scutarium
1718 2013 1843 2051 cen-

279 2079 396 2121 tum
450 2071 720 2137 passibus.
780 2073 987 2129 Nomen
1072 2080 1270 2148 oppido
1327 2082 1505 2138 vicino
1557 2087 1728 2149 dedit,
1787 2101 1844 2144 ut

277 2158 485 2215 (ξι-τεοῖς
520 2163 678 2218 hodie
704 2165 1038 2229 Scutarium.
1065 2169 1256 2228 Turcis
1304 2174 1524 2231 lscodar
1585 2181 1794 2237 dicatur
1827 2201 1842 2238 :

278 2253 411 2306 olim
439 2271 544 2308 non
580 2255 910 2323 Chalcedon,
951 2262 1256 2327 utiJovius,
1294 2267 1588 2332 Peucerus,
1642 2274 1842 2329 Bushe-

277 2345 460 2413 quius,
494 2347 692 2416 aliique
742 2352 916 2412 magni
973 2356 1070 2407 viri
1139 2369 1398 2426 putarunt
1463 2361 1844 2426 (Chalcedonis

277 2435 426 2488 enim
455 2439 644 2492 rudera
689 2440 747 2492 l0
779 2443 1104 2502 milliarihus
1136 2451 1202 2502 ab
1224 2451 1436 2518 Angnlo
1465 2457 1726 2511 sultanini
1751 2478 1857 2513 εει-ι

278 2527 380 2579 raii
424 2544 616 2585 versus
656 2533 982 2591 Astacenuin
1035 2538 1238 2604 sinum,
1304 2544 1370 2597 ad
1415 2552 1843 2614 promontorium

282 2621 640 2687 Damalicum,
688 2626 840 2693 juxta
895 2639 1110 2696 portum
1165 2630 1429 2703 Eotropii,
1481 2638 1585 2692 sita
1649 2645 1842 2712 sunt),

277 2716 375 2767 sed
405 2714 783 2787 Chrysopolis.
819 2717 877 2774 ld
918 2731 1096 2776 autem
1130 2726 1330 2794 oppido
1365 2743 1560 2786 nomen
1616 2732 1844 2790 inditum

277 2806 449 2875 aliqui
491 2818 700 2874 putant,
732 2819 789 2864 ut
819 2813 936 2866 auri
987 2815 1180 2871 civitas
1235 2819 1525 2886 diceretur,
1563 2825 1631 2878 ab
1687 2842 1848 2894 auro,

278 2898 427 2965 quod
454 2899 582 2954 olim
617 2903 1010 2972 antiquissimis
1041 2911 1376 2977 temporibus
1428 2930 1522 2983 pro
1558 2914 1845 2974 Persarum

281 2992 502 3060 regibus
533 2993 618 3048 hic
642 2996 826 3050 tributi
856 2999 1072 3054 nomine
1100 3005 1318 3067 congeri
1348 3021 1411 3060 ex
1443 3009 1568 3064 Asia
1595 3020 1703 3066 tota
1755 3030 1848 3068 so-

281 3084 438 3136 litum
465 3085 644 3139 fuerit.
673 3087 778 3140 Sed
818 3090 1057 3158 origines
1112 3095 1261 3150 urbis
1315 3096 1626 3167 Byzantina:
1675 3105 1836 3159 aliam
1873 3130 1915 3186 ο

283 3175 520 3232 nominis
541 3177 820 3246 rationem,
854 3183 1028 3238 verbis
1052 3185 1269 3248 Graecis.
1300 3189 1351 3243 in
1385 3191 1526 3248 hanc
1578 3194 1690 3249 fere
1716 3213 1842 3252 sen-

282 3266 508 3320 tentiam
541 3268 797 3325 referunt.
841 3272 1142 3343 Conspecta
1195 3280 1495 3351 (inquiunt)
1554 3287 1842 3342 confestim

285 3358 492 3427 aquila.
536 3376 630 3413 cor
681 3363 913 3418 victima:
974 3368 1134 3436 rapit.
1199 3379 1252 3423 et
1311 3371 1362 3424 in
1412 3380 1842 3439 promontorium

287 3449 532 3518 Bosporii
563 3453 758 3508 littoris
785 3454 976 3520 'lcfert,
1001 3472 1030 3512 e
1080 3460 1298 3529 regione
1320 3462 1737 3534 ChrySOpoleos,
1758 3473 1846 3525 cui

282 3541 520 3613 Cbryses
549 3547 972 3614 Agamemnonis
1027 3567 1092 3604 ex
1157 3552 1450 3624 Chryseide
1506 3557 1670 3624 lilius,
1728 3573 1847 3627 post

285 3652 476 3690 necem
509 3640 696 3706 patris,
719 3639 1146 3711 Clytaemnestra
1179 3646 1388 3710 fugiens
1416 3648 1662 3717 insidias,
1687 3663 1740 3708 et
1780 3656 1846 3710 ad

283 3731 630 3796 querendum
683 3730 1016 3802 Iphigeniam
1098 3751 1416 3804 prepcrans,
1473 3757 1666 3797 nomen
1745 3747 1848 3801 hoc

283 3823 426 3889 apud
457 3823 660 3878 incolas
702 3826 941 3893 reliquit,
972 3829 1262 3894 sepultura:
1290 3847 1402 3885 sum
1437 3849 1846 3893 monumentum

282 3931 406 3968 cum
430 3916 552 3971 iSIic
586 3919 744 3972 tinem
776 3919 987 3973 vivendi
1039 3920 1279 3977 iecisset.
1320 3924 1529 3990 Quibus
1583 3929 1634 3983 in
1671 3933 1850 3987 verbis

283 4008 716 4074 promontorium
774 4009 1019 4079 Bosporii
1051 4012 1268 4075 littoris,
1305 4015 1433 4068 illttd
1486 4017 1663 4086 ipsum
1697 4019 1852 4074 illici-

286 4097 492 4165 ligitur,
522 4099 576 4151 in
597 4115 703 4168 quo
731 4117 874 4154 nunc
901 4103 1140 4156 saraium
1178 4105 1524 4160 sultaniuum
1585 4109 1850 4165 orientale

282 4191 449 4243 situm
480 4201 584 4244 est.

357 4281 738 4352 AChrysomli
770 4284 881 4338 sive
941 4286 1206 4350 Scutario,
1252 4287 1400 4343 littus
1429 4289 1724 4347 Asiaticum
1777 4293 1854 4349 le-

282 4376 564 4442 gentibus,
621 4379 856 4431 occurrit
907 4379 1137 4446 primunt
1220 4397 1408 4452 pagus,
1473 4386 1565 4452 qui
1626 4385 1852 4443 Stauros

1956 527 2204 580 historici
2228 527 2398 582 Graeci
2432 539 2626 582 vocant
2662 529 2772 583 hare
2801 529 2868 582 ab
2903 541 3129 598 utroque
3187 530 3349 583 latere
3377 533 3518 589 tota,

1952 639 2073 690 qua:
2105 639 2325 678 sursum
2365 624 2432 678 ad
2477 624 2744 679 Euxinum
2798 641 2948 680 mare
2977 626 3354 694 navigantibtis
3388 640 3520 678 cen-

1952 717 2276 785 spieiuntur)
2311 718 2590 786 proximus
2621 729 2704 772 est
2726 719 2778 772 in
2803 721 2991 773 eodem
3022 720 3260 773 Asiatico
3311 722 3513 774 littore.

1952 808 2280 860 monasterio
2307 807 2581 876 quondam
2635 808 2831 875 insigni
2891 809 3160 873 celebris,
3227 809 3320 876 qui
3370 823 3517 859 nunc

1950 897 2222 953 Akimitos
2243 897 2444 954 Graecis
2472 899 2689 952 dicitur.
2729 898 2866 952 Olim
2903 899 3120 953 Akimiti
3156 900 3514 956 vocabantur.

1952 987 2170 1051 hocest,
2218 989 2468 1043 monachi
2517 989 2828 1058 pervigiles,
2864 1000 3114 1059 totasque
3165 1002 3349 1044 noctes
3396 988 3516 1043 sine

1950 1091 2143 1130 somno
2183 1078 2437 1143 precibus
2469 1089 2518 1132 et
2550 1080 2764 1149 hymnis
2791 1079 3038 1134 dicendis
3070 1081 3368 1149 exigentes.

2023 1169 2102 1220 Ah
2132 1168 2369 1223 Altituito
2418 1170 2658 1239 pergitur
2719 1172 2783 1224 ad
2830 1172 3294 1242 Chrysokerama,
3339 1173 3514 1227 locum

1948 1259 2016 1312 ab
2043 1260 2155 1312 atde
2169 1276 2320 1314 sacra
2344 1262 2572 1324 dictum,
2605 1264 2799 1332 tegulis
2829 1265 2959 1318 olim
2986 1265 3247 1318 inauratis
3297 1276 3517 1318 ornata.

2019 1352 2468 1420 Chrysokeramis
2491 1354 2728 1410 vicinum
2752 1356 3097 1412 estAnatolis
3141 1357 3382 1432 Castelli.
3427 1358 3522 1411 Sic

1948 1445 2120 1500 Gl'iBCi
2152 1463 2294 1501 nunc
2323 1448 2511 1502 inutile
2536 1458 2752 1512 vocant,
2784 1457 2926 1518 quod
2983 1463 3192 1520 integre
3246 1450 3517 1504 diceretur

1950 1537 2196 1593 Anatolis
2224 1539 2350 1602 (hoc
2373 1539 2661 1602 est.Asi:el
2695 1540 3011 1597 Castellion.
3057 1542 3122 1596 Et
3170 1542 3332 1610 paulo
3389 1551 3522 1594 ante

1951 1632 2318 1695 meminimus,
2343 1633 2483 1687 idem
2514 1632 2710 1688 Turcis
2735 1635 2926 1690 eodem
2959 1635 3266 1702 significatu
3329 1637 3514 1690 vocari

1951 1725 2180 1780 Auadoli
2203 1725 2430 1779 Chisar.

2021 1837 2171 1892 Ultra
2200 1838 2492 1892 Castellion
2522 1837 2762 1893 Anatolis
2823 1848 2906 1893 est
2933 1837 3324 1907 Megaloearya,
3348 1837 3512 1908 5,5,7

1950 1929 2160 1997 magnis
2214 1945 2241 1981 a
2307 1929 2540 1984 nucibus
2589 1931 2849 1989 avellanis
2901 1931 3043 1983 dicta
3072 1948 3084 1982 :
3118 1944 3283 1998 quam
3311 1932 3514 1983 rectius

1950 2021 2122 2075 Greci
2170 2022 2358 2075 volunt
2382 2024 2447 2076 ad
2475 2034 2692 2077 sanctos
2719 2026 2942 2093 angelos
2976 2026 3266 2079 nominari.

2023 2135 2196 2204 Supra
2256 2136 2681 2209 Megalocaryam
2733 2139 3068 2207 consliicitur
3123 2151 3276 2194 vetus
3327 2139 3513 2192 hicron

1953 2229 2049 2295 (sic.
2072 2238 2124 2282 et
2154 2226 2314 2281 Turt-i
2339 2243 2461 2281 cum
2490 2227 2690 2282 Graecis
2723 2229 2962 2297 vocant),
2987 2229 3162 2292 idest,
3191 2230 3370 2282 fanmn
3402 2227 3517 2281 sive

1953 2321 2238 2389 templum.
2290 2333 2318 2371 a
2367 2318 2726 2372 Constantino
2788 2321 2981 2390 Magno
3037 2322 3354 2374 conditum:
3407 2336 3517 2387 quo

1953 2421 2196 2477 tempore
2232 2409 2483 2462 confecto
2521 2409 2661 2462 bello
2688 2411 2940 2477 Gothico,
2983 2427 3242 2467 reversus
3295 2409 3418 2476 fuit,
3459 2423 3518 2463 ut

1951 2501 2123 2557 Grteci
2156 2517 2300 2555 nunc
2331 2503 2505 2556 aiunt.
2533 2503 2760 2557 Constat
2779 2516 2983 2568 tamen,
3017 2505 3120 2559 hoc
3149 2505 3277 2560 olim
3299 2519 3518 2574 quoque

1955 2595 2071 2646 loco
2122 2593 2293 2648 fuisse
2320 2594 2658 2663 temporibus
2695 2596 3094 2664 antiquissimis
3123 2597 3381 2666 templum
3413 2595 3516 2648 Ar-

1954 2696 2312 2752 gonautorum
2339 2687 2480 2754 quod
2501 2687 2833 2756 appellatum
2865 2688 2964 2742 fuit
2988 2689 3171 2742 hierou
3191 2689 3302 2742 sive
3322 2689 3507 2740 famur

1954 2774 2102 2829 Jovis
2131 2774 2266 2837 Urii,
2303 2776 2407 2830 hoc
2442 2787 2548 2840 est,
2584 2777 2864 2847 largientis
2898 2789 3087 2832 ventos
3111 2779 3397 2833 secundos.
3453 2776 3519 2831 Et

1958 2879 2142 2921 notum
2167 2875 2269 2931 est,
2302 2868 2491 2922 solitos
2519 2869 2876 2938 imperatores
2910 2870 3256 2923 Christianos
3310 2877 3524 2922 mutare

1956 2959 2156 3027 templa
2194 2974 2528 3028 paganorum
2566 2962 2619 3014 in
2651 2961 2820 3014 nostri
2857 2961 2995 3014 ritus
3019 2961 3306 3015 ecclesias.

2027 3072 2270 3127 Ulterius
2294 3075 2574 3126 castellum
2612 3073 2858 3142 Argyron
2887 3074 3053 3125 situm
3089 3082 3172 3126 est
3207 3071 3351 3140 quod
3382 3070 3519 3125 Cas-

1952 3164 2128 3219 taldus
2157 3164 2320 3218 etiam
2356 3165 2560 3234 posuit,
2585 3164 2838 3234 Algyrum
2869 3181 3088 3218 vocans.

2020 3281 2294 3336 llactenus
2335 3283 2386 3333 in
2424 3279 2683 3340 Asiatico.
2718 3279 2833 3334 sive
2883 3279 3074 3332 dextro
3106 3278 3296 3347 Anapli
3323 3280 3516 3339 latere,

1949 3375 2050 3428 sita
2077 3375 2188 3427 loca
2213 3372 2641 3426 numeravimns.
2678 3370 2834 3424 Nunc
2881 3371 3018 3424 idem
3053 3371 3156 3424 iter
3184 3371 3251 3423 ab
3287 3371 3396 3423 imo
3435 3386 3531 3422 re--

1951 3466 2188 3535 petituri,
2234 3466 2386 3519 littus
2429 3463 2749 3532 Europzeum
2782 3463 3023 3531 legamus
3057 3463 3122 3516 ad
3175 3462 3384 3526 laevam,
3417 3461 3517 3516 do-

1951 3573 2049 3612 nec
2077 3556 2262 3612 itidem
2299 3557 2365 3610 ad
2421 3555 2621 3612 ostium
2662 3553 2822 3609 Ponti
2860 3553 3061 3608 Euxini
3113 3554 3516 3625 perveniamus.

2022 3668 2207 3739 Itaque
2244 3669 2433 3724 Galata
2456 3667 2768 3724 Ceratiuum
2791 3669 2857 3722 ad
2889 3667 3070 3722 sintun
3097 3667 3303 3726 relicta.
3336 3678 3516 3722 trans-

1951 3762 2189 3816 eundum
2251 3762 2428 3830 primo
2484 3761 2946 3829 promontorium.
2990 3761 3172 3814 saraio
3215 3759 3520 3821 sultaniuo,

1951 3871 1981 3908 e
2023 3853 2242 3922 regione
2271 3861 2423 3907 trans
2445 3851 2624 3907 sinum
2647 3860 2934 3906 cornutum
2970 3852 3100 3916 sito,
3134 3851 3511 3920 respondens:

1952 3958 2004 4000 et
2036 3959 2160 3998 mox
2197 3945 2389 3999 offeret
2411 3959 2530 4000 sese
2557 3943 2830 4010 Caravoli,
2858 3944 3011 3997 locus
3055 3943 3201 3996 omni
3238 3943 3516 3996 variorum

1952 4037 2304 4094 aedificiorum
2328 4044 2378 4090 et
2399 4037 2681 4090 hortorum
2703 4035 2938 4098 cultura,
2965 4051 3032 4089 ne
3055 4035 3270 4103 templis
3300 4033 3516 4102 quidem

1954 4128 2199 4184 Turcicis
2225 4127 2624 4190 deficientibus,
2669 4127 3125 4181 amoenissimus:
3157 4126 3248 4180 ubi
3275 4126 3518 4180 diverso-

1954 4222 2097 4275 rium
2129 4219 2444 4290 Anglicana:
2493 4219 2692 4287 regina:
2742 4219 2923 4288 legato
2981 4219 3322 4283 assignatum
3377 4229 3518 4282 erat,

1955 4329 2078 4367 cum
2128 4326 2227 4366 nos
2287 4310 2410 4364 istic
2460 4325 2729 4364 essemus.
2778 4309 2980 4363 ibidem
3037 4309 3193 4364 Julia:
3247 4309 3519 4364 Pesceniae

1963 4418 2199 4457 marmor
2221 4402 2466 4458 Grmcum
2491 4410 2575 4456 est
2592 4402 3076 4473 elegantissimum.
3097 4403 3254 4471 cujus
3288 4402 3518 4478 inscrip-

280 4467 490 4523 Graecis
522 4468 742 4532 dicitur,
778 4473 844 4522 ab
869 4486 1038 4523 aurea
1071 4487 1254 4536 cruce,
1287 4490 1451 4542 quam
1487 4475 1542 4528 in
1578 4479 1761 4546 templi
1789 4481 1856 4534 ab
1891 4462 1931 4516 ί)
1964 4493 2162 4546 (imm...
2199 4493 2482 4546 habemus,

284 4576 345 4612 se
369 4559 566 4613 ibidem
593 4561 802 4614 conditi
829 4560 1031 4614 vertice
1075 4561 1464 4617 Constantinus
1525 4565 1748 4633 Magnus
1773 4568 1853 4620 in-

282 4650 514 4720 signiter
540 4663 787 4703 ornatam
831 4651 1179 4705 constituisse
1213 4653 1546 4719 perhibetur.
1593 4655 1682 4709 Sic
1706 4659 1846 4710 enim

281 4742 477 4796 audire
512 4743 578 4796 de
610 4742 922 4797 Theodosio
955 4743 1266 4812 Zygomala,
1321 4745 1668 4814 patriarchali
1733 4764 1853 4811 pro-

285 4834 580 4895 tonotario,
643 4836 795 4887 valde
857 4837 1018 4889 docto
1073 4835 1188 4888 viro
1259 4835 1499 4889 memini.
1569 4837 1632 4890 Et
1684 4839 1853 4906 ipsius

286 4928 469 4994 templi
503 4927 692 4980 ruinas
714 4926 1081 4997 amplissimas
1103 4927 1394 4996 aliquando
1428 4943 1552 4982 cum
1615 4929 1853 4982 admira-

286 5019 454 5083 tione,
513 5019 803 5073 comitibus
865 5017 1197 5089 llieronymo
1243 5017 1538 5081 Arconato.
1573 5029 1626 5072 et
1683 5019 1852 5073 Paulo

288 5109 450 5172 Rosa,
477 5126 542 5164 ex
565 5129 631 5165 eo
663 5122 904 5180 tempore
952 5112 1038 5180 pie
1071 5119 1303 5172 mortuo,
1341 5110 1472 5164 viris
1530 5111 1748 5180 Optitnis
1799 5121 1849 5166 et

283 5201 656 5264 amicissimis,
681 5204 888 5269 inSpexi
917 5219 929 5254 :
956 5219 1080 5256 cum
1119 5202 1332 5270 navigio
1355 5203 1653 5255 transvecti
1687 5201 1850 5256 Chal-

281 5294 647 5359 cetlonem,in
705 5294 945 5363 Eutropii
1001 5304 1240 5362 portum,
1290 5306 1430 5346 terra
1493 5293 1687 5346 deinde
1722 5310 1849 5361 pru-

285 5388 618 5441 tnontorium
680 5386 1010 5439 Damalicum
1070 5384 1294 5455 pedibus
1375 5385 1746 5446 cmetiremur,
1798 5385 1848 5437 in

283 5495 394 5549 quo
415 5480 608 5532 rudera
636 5477 815 5545 templi
841 5491 1040 5533 sancta:
1071 5477 1383 5546 Euphemia:
1432 5477 1664 5529 concilio
1689 5477 1847 5530 Chal-

285 5569 580 5624 redoncnsi
618 5569 840 5631 nobilis,
873 5569 926 5622 in
981 5569 1139 5621 horto
1192 5567 1424 5637 quodam
1461 5576 1761 5636 superant:
1795 5577 1848 5621 et

295 5665 358 5717 ad
395 5663 540 5715 hunc
565 5663 756 5716 deinde
790 5678 981 5732 pagum
1007 5661 1280 5726 Staurum,
1317 5661 1529 5732 aliaque
1581 5663 1692 5716 loco
1727 5679 1849 5732 prn-

297 5754 666 5823 giedercnzur.

2027 4604 2276 4659 Caravoli
2310 4605 2588 4674 proximus
2618 4613 2713 4658 est
2743 4603 2894 4658 locus
2927 4617 2956 4656 a
2993 4601 3052 4655 S.
3096 4603 3291 4658 Phoca:
3320 4604 3520 4670 templo

1957 4694 2286 4749 Christianis
2316 4696 2640 4764 appellatus,
2676 4694 2957 4750 Ortachioi
3009 4692 3226 4750 Turcis.
3275 4693 3518 4750 Archion

1958 4788 2152 4856 priscis
2183 4787 2388 4841 dictum
2418 4786 2586 4842 refert
2622 4785 2853 4856 Gyllius.
3514 4789 3517 4792 ’

2029 4899 2178 4954 Ultra
2214 4899 2273 4952 S.
2325 4897 2561 4951 Phocam
2603 4897 2976 4965 Archangclus
3003 4906 3106 4960 est,
3161 4897 3313 4952 locus
3345 4900 3422 4952 sic
3453 4901 3526 4953 ah

1955 4991 2278 5060 archangclo
2301 4989 2770 5045 Michaeledictus.
2799 4987 3021 5044 Veteres
3061 4991 3395 5058 Catasccpen
3424 5007 3530 5041 ιω·-

1957 5084 2216 5142 niinassc,
2244 5091 2387 5151 patet
2408 5098 2471 5135 es
2505 5081 2588 5136 his
2623 5081 2824 5136 Niceta:
2857 5083 3035 5136 verbis
3082 5099 3098 5136 :
3131 5082 3515 5135 Ilonasterium

1957 5175 2008 5228 iu
2044 5174 2196 5228 Ponti
2233 5173 2485 5228 faucibus
2506 5174 2650 5241 loco,
2679 5174 2771 5241 qui
2814 5174 3104 5240 Catascepe
3172 5173 3388 5234 dicitur,
3421 5189 3522 5224 es-

1955 5264 2154 5317 struxit
2185 5263 2496 5317 archiducis
2527 5261 2802 5316 Michaelis
2848 5261 3090 5314 nomine.
3133 5258 3334 5326 Vocant
3373 5249 3519 5314 nunc

1955 5359 2118 5411 etiam
2151 5356 2322 5412 Grzeci
2350 5356 2674 5418 Asomatou,
2698 5364 2982 5422 propterea
3021 5353 3167 5419 quod
3189 5352 3367 5422 angeli
3397 5368 3513 5406 cor-

1955 5451 2104 5520 poris
2142 5457 2393 5518 expertes
2415 5447 2547 5501 sint.

2024 5563 2151 5617 lude
2191 5561 2505 5632 pervenitur
2534 5559 2600 5613 ad
2659 5556 3060 5626 Diplokioniou,
3103 5559 3182 5613 sic
3218 5557 3424 5611 dictum
3483 5574 3515 5610 a

1955 5657 2184 5727 geminis
2214 5655 2504 5718 columnis,
2559 5656 2702 5720 quod
2732 5651 2895 5706 Turci
2938 5651 3201 5716 Besictas,
3238 5655 3400 5709 veluti
3440 5656 3516 5705 Li-

1957 5751 2129 5820 pidem
2166 5766 2427 5805 cunarum
2461 5758 2673 5802 vorant.
2697 5747 2771 5801 lhi
2803 5759 3208 5802 monumentum
3229 5761 3305 5803 est
3335 5754 3520 5819 δείξαις
