4048 6208
555 305 666 368 819

1699 359 1706 368 .
1752 305 2077 368 JOANNIS
2111 305 2580 367 LEUNCLAVII
3661 303 3754 364 8'20

557 431 694 478 tura:
722 419 1066 476 Chairadin‘is
1098 420 1297 482 Bass:e.
1333 422 1423 502 cui
1456 423 1523 474 ab
1559 418 1712 477 Italis
1755 431 1954 481 nomen
1985 422 2119 476 Bar-
2153 435 2196 486 Α
2229 419 2913 502 monstrabatAreouatus,
2941 434 2968 472 a
2999 416 3177 487 Gyllio
3205 433 3306 471 nou
3336 417 3756 475 animadversam.

559 514 801 570 barossae
829 513 1012 566 datum
1045 512 1164 566 fuit.
1185 511 1438 567 Meminit
1469 513 1698 567 hiceum
1721 513 2022 583 sepultum
2061 513 2125 566 li-

562 606 801 675 beripso
827 604 1253 666 Annalium.‘ad
1301 605 1912 663 atmutn'Cbristianum
1963 607 2120 686 ἐξω.

563 695 936 765 Diplokionion
985 695 1184 766 priscis
1215 697 1424 752 dictum
1460 706 1581 752 erat
1625 695 1931 753 .lasonium.
1968 697 2125 751 Or‘te-

558 787 662 841 lius
697 798 804 843 non
833 797 984 848 recte
1005 789 1320 860 Diplociana
1357 790 1599 859 scripsit,
1625 805 1725 860 pro
1752 790 2120 858 Diplokionio,

554 891 609 938 et
635 881 850 946 Bisitas,
887 897 983 951 pro
1004 882 1268 940 Besic’tas.

601 971 776 1027 .Ultra
817 973 1206 1043 Diploltionion
1239 983 1320 1030 est
1349 974 1426 1040 id,
1451 975 1518 1030 de
1565 986 1676 1044 quo
1709 976 1920 1045 prolixe
1978 990 2123 1028 nunc

552 1065 787 1136 egimus,
831 1065 1183 1123 Neocastron.

600 1191 602 1194 -
628 1161 763 1217 llinc
792 1163 901 1217 itttr
933 1164 999 1217 ad
1026 1165 1227 1239 locum,
1258 1165 1444 1220 Stenia
1475 1181 1619 1218 ttunc
1650 1165 1880 1222 dictum.
1903 1163 2125 1217 nomine

549 1263 814 1320 corrupto
844 1254 910 1308 de
950 1255 1263 1318 Soetheuio,
1297 1257 1350 1309 ni
1387 1257 1565 1310 fallor.
1600 1259 1706 1310 Aut
1737 1258 1836 1309 hoc
1868 1255 1998 1308 illud
2040 1262 2126 1308 est

553 1340 782 1405 Steuon,
812 1341 1050 1399 Cedrino
1077 1355 1132 1398 et
1160 1347 1280 1401 aliis
1309 1346 1624 1415 frequenter
1652 1348 2016 1400 nominatum.

628 1434 885 1504 Sequitur
915 1434 1211 1500 Ncochort,
1243 1437 1388 1505 quod
1410 1438 1489 1492 sic
1524 1439 1844 1492 enuntiatur
1870 1453 1899 1490 a
1922 1436 2126 1490 Graecis

553 1525 738 1590 hodie,
774 1543 896 1582 cura
927 1531 1000 1584 sit
1035 1530 1403 1585 Neocborion.
1431 1532 1712 1601 Signiﬁcat
1743 1541 1924 1584 autem
1945 1531 2122 1583 locum

551 1620 636 1672 vel
676 1635 867 1688 agrum
898 1623 1232 1690 praztliumvc
1266 1639 1488 1676 novum.

629 1713 805 1782 Supra
837 1713 1184 1770 Neocltoriou
1218 1732 1387 1786 pagus
1417 1727 1505 1771 est
1539 1717 1828 1786 Pltarapia.
1859 1714 1949 1770 Sic
1978 1716 2122 1769 enim

2229 515 2458 583 Sphingi
2492 495 2784 583 respondet
2837 510 3147 580 inscriptio,
3186 525 3342 578 quam
3374 510 3440 563 ab
3473 509 3590 565 aliis
3615 511 3760 567 omis-

2227 623 2344 662 sam
2372 619 2576 676 ponere
2607 608 2781 661 libuit.

2691 737 2812 778 Divo
2847 713 3045 777 Cresam
3109 709 3343 774 novare

2802 813 2854 849 L.
2895 804 3206 848 CLANSINVS

2744 882 2792 919 L.
2833 882 2882 919 Ρ.
2919 881 3081 920 ειμι-ι..
3119 879 3285 916 ΡΟΝῘΟ

2224 979 2390 1051 448
2436 979 2548 1034 Nec
2581 987 2763 1033 tamen
2812 978 3106 1033 defuerunt
3170 976 3260 1030 hic
3309 977 3438 1030 olim
3485 979 3636 1031 etiam
3674 978 3761 1033 Cn.

2227 1069 2468 1140 Pompeii
2499 1077 2874 1134 monumenta,
2912 1069 3189 1123 relicta'in
3242 1068 3326 1122 his
3381 1068 3515 1122 locis
3547 1068 3663 1121 inde
3707 1071 3762 1123 ad

2227 1163 2335 1217 illis
2367 1177 2538 1230 usque
2567 1160 2931 1229 temporibus,
2971 1175 3096 1213 cum
3130 1160 3433 1226 imperator
3464 1158 3634 1227 populi
3669 1160 3762 1214 lio-

2227 1253 2374 1308 tnani
2413 1262 2605 1308 contra
2662 1250 3055 1314 Mithridatem,
3114 1250 3269 1306 Ponti
3340 1265 3540 1319 regem,
3589 1251 3763 1306 bellum

2226 1353 2474 1414 gereret.
2535 1343 2726 1398 Exstat
2803 1359 2970 1398 unum
3031 1343 3213 1398 adhuc
3271 1343 3448 1398 liberti
3509 1345 3763 1410 cujusdam

2229 1437 2545 1505 Pompeiani
2603 1451 2868 1501 marmor,
2916 1436 3059 1505 quod
3097 1451 3204 1489 non
3247 1437 3436 1503 procul
3479 1451 3508 1488 a
3565 1435 3767 1489 Casauls

2229 1531 2404 1585 bassae
2463 1527 2683 1584 mossita
2743 1527 3041 1596 (quondam
3094 1527 3288 1581 illustri
3353 1529 3411 1581 δε.
3478 1526 3770 1581 Theodosia:

2229 1620 2457 1692 templo)
2492 1635 2656 1688 supra
2689 1619 2884 1674 navale
2915 1618 3264 1674 Sultaninum
3295 1619 3422 1681 sita,
3448 1619 3768 1688 conspicitur.

2228 1715 2284 1770 ld
2334 1714 2728 1784 pulcherrimis
2762 1722 3049 1767 exaratum
3100 1712 3302 1767 litteris
3365 1711 3636 1772 Romanis.
3673 1713 3770 1765 hzec

553 1821 583 1858 a
625 1803 829 1861 Grzecis
857 1806 1105 1876 ellertur,
1137 1825 1166 1861 a
1199 1812 1400 1865 nostris
1429 1809 1723 1879 Therapia.
2158 1813 2199 1866 Β
2232 1807 2395 1861 verba
2423 1807 2684 1861 continet.

630 1898 953 1958 Pervenitur
984 1900 1111 1955 hinc
1140 1903 1205 1954 ad
1245 1900 1518 1970 Pantagian
1549 1914 1636 1958 sto
1661 1918 1852 1958 mauro
1885 1902 2048 1968 molo,
2078 1903 2129 1958 id

557 2003 659 2054 est,
711 1993 783 2066 ad
822 1995 1228 2051 sanctissimam
1287 1997 1572 2065 Deiparam
1627 1998 1918 2066 virginem,
1968 1997 2128 2052 sitam

557 2085 624 2138 ad
655 2085 862 2156 nigram
908 2087 1102 2142 molem
1158 2097 1369 2156 portus.
1404 2089 1634 2156 Quidam
1693 2104 1723 2143 e
1755 2089 1918 2157 vulgo
1958 2087 2130 2141 nomi-

561 2190 719 2242 nant,
750 2180 814 2232 ad
841 2182 1242 2236 sanctissimam
1281 2181 1567 2250 Deiparam
1594 2185 1680 2238 die
1711 2199 1776 2235 xv
1803 2181 2056 2251 Augusti.

630 2274 830 2330 Ultima
868 2273 1059 2332 Turris
1096 2286 1176 2333 est
1205 2277 1269 2330 ad
1333 2277 1509 2345 ipsum
1565 2274 1724 2330 Ponti
1754 2276 1978 2339 ostium,
2005 2291 2128 2328 cum

560 2383 697 2435 pago
733 2383 763 2421 a
797 2367 1003 2423 Graecis
1053 2369 1376 2432 inllubllulo,
1410 2371 1549 2423 sita:
1600 2370 1744 2423 sicut
1779 2377 1834 2422 et
1868 2369 2130 2423 hactenus

561 2460 926 2516 iudicatorum
957 2463 1244 2531 utriusque
1273 2462 1476 2516 littoris
1504 2463 1747 2516 locorum
1802 2462 1993 2516 incolat
2019 2460 2131 2514 fere

559 2553 732 2608 Graeci
761 2565 908 2610 sunt.
946 2555 1080 2610 Eam
1126 2556 1318 2609 turrim
1371 2555 1718 2624 Busbequius
1772 2554 2007 2610 Pharum
2042 2566 2133 2605 vo-

561 2641 756 2696 cabulo
808 2643 979 2698 veteri
1017 2642 1284 2704 nominat.
1317 2645 1410 2700 sed
1449 2645 1648 2700 accolze
1693 2644 2004 2700 Phanarion
2038 2658 2130 2710 ap-

559 2734 783 2800 pellant,
820 2750 847 2787 a
880 2733 1072 2790 Grreco
1107 2737 1275 2791 verbo
1300 2736 1546 2792 derivata
1570 2752 1727 2798 voce.
1763 2736 1906 2804 qunti
1950 2735 2134 2788 lucen-

561 2824 618 2878 di
664 2825 1118 2895 significationem
1156 2827 1340 2885 habet.
1381 2829 1592 2898 Quippe
1627 2841 1790 2885 ιιουιιι
1833 2827 1980 2884 luces
2035 2843 2131 2882 ae-

558 2914 871 2971 cenduntur
930 2918 982 2970 in
1013 2933 1268 2987 suprema
1327 2923 1496 2974 turris
1528 2929 1703 2990 parte,
1745 2936 1908 2988 quam
1956 2918 2134 2972 animi

563 3025 728 3065 causa
764 3011 1208 3072 conscendimus,
1254 3022 1313 3064 ttt
1345 3011 1410 3065 ad
1443 3013 1641 3066 ostium
1680 3012 1837 3064 Ponti
1875 3012 2134 3078 navigan-

563 3103 698 3156 tium
750 3103 1112 3159 incolumitati
1169 3105 1508 3160 consulatur.
1560 3107 1602 3158 A
1655 3104 2130 3170 Constantinopoli

563 3198 726 3251 distat
763 3196 866 3252 hoc
889 3199 1086 3253 ostium
1120 3199 1286 3252 maris
1313 3196 1509 3252 Euxini
1541 3198 1870 3252 milliaribus
1928 3195 2133 3252 Graecis

563 3291 686 3358 plus
711 3288 892 3344 minus
918 3289 1006 3344 55.
1035 3287 1255 3360 Scopuli
1288 3307 1426 3347 saxo
1448 3291 1569 3345 vivo
1600 3291 1687 3345 siti
1712 3291 1820 3344 duo
1852 3301 1980 3345 sunt
2009 3299 2134 3344 ante

562 3382 720 3438 Ponti
758 3385 981 3449 ostium,
1025 3399 1134 3455 quo
1194 3385 1248 3439 itt
1289 3384 1594 3454 Bosporum
1629 3401 1826 3454 magna
1881 3387 1928 3438 vi
1962 3391 2136 3440 seruet

562 3488 848 3532 exonerat.
883 3477 974 3531 Hae
1001 3480 1210 3535 scilicet
1249 3479 1356 3537 illae
1402 3480 1637 3551 Cyanen:
1671 3480 1788 3533 sive
1819 3477 2134 3549 Symplega-

561 3567 682 3626 des.
715 3567 830 3621 sive
851 3567 1094 3623 Planctze
1113 3574 1264 3636 sunt,
1292 3584 1432 3638 quas
1474 3573 1590 3639 ipse
1620 3569 1962 3638 Busbcquius
1997 3580 2136 3636 pene

561 3659 776 3728 putavit
805 3659 1220 3726 fabulosas,aut
1256 3662 1502 3716 invenire
1531 3678 1593 3716 se
1615 3663 1818 3726 saltim,
1849 3661 1998 3716 velut
2028 3659 2135 3713 alio

563 3755 871 3816 devolutus.
906 3755 1149 3823 potuisse
1179 3755 1413 3822 negavit.
1439 3753 1637 3809 Insula:
1658 3754 1855 3824 priscis
1880 3755 1962 3808 lue
1989 3752 2138 3807 dice-

562 3852 764 3902 bantur
790 3864 896 3902 non
945 3847 1085 3917 quod
1117 3847 1229 3901 sint
1267 3862 1493 3915 magum,
1559 3848 1654 3902 sed
1701 3845 1849 3914 quod
1897 3845 2136 3915 undique

563 3941 704 3995 mari
733 3941 879 3994 velut
906 3939 1156 3994 lnsulillzc
1182 3939 1264 3994 vel
1291 3939 1511 4007 nisidia,
1543 3939 1688 3994 sicut
1711 3937 1884 3993 Graeci
1911 3947 2133 4004 vocant,

564 4035 877 4090 alluantur:
901 4034 1152 4103 Cyaneae,
1198 4031 1342 4102 quod
1377 4047 1444 4086 ex
1477 4033 1768 4086 intervallo
1797 4046 2000 4102 magno
2035 4032 2134 4085 atl-

566 4127 950 4198 uavigantibus
1000 4126 1292 4180 caeruleum
1336 4126 1402 4180 de
1439 4141 1498 4179 se
1552 4123 1789 4180 col-orem
1830 4125 2132 4194 praebeant:

2586 1954 2638 1993 ι’.
2697 1955 2782 1996 CN.
2835 1954 3118 1994 POMPEIVS.
3166 1953 3434 1992 PIIILINVS.

2717 2026 2954 2065 P0_\IPEI£
3011 2025 3328 2064 PHILOMENB

2938 2096 3094 2134 FlLlE

2922 2169 2991 2207 ET
3017 2168 3117 2206 SIBI

2235 2267 2409 2323 Habet
2447 2269 2615 2323 lector
2654 2278 2764 2322 uno
2805 2268 3204 2337 comprehensa
3251 2269 3429 2338 capite
3472 2285 3572 2322 nou
3605 2281 3772 2336 pauca,

2234 2363 2434 2430 quibus
2466 2371 2572 2418 tam
2607 2362 2817 2430 prolixe
2841 2361 3218 2424 recensendis,
3251 2361 3298 2416 si
3347 2371 3538 2431 prie-ter
3566 2361 3773 2414 cilicium

2234 2469 2286 2508 et
2308 2455 2620 2508 institutum
2644 2454 2809 2509 alicui
2841 2453 3041 2509 fecisse
3062 2455 3288 2508 videbor
3310 2495 3325 2514 .
3353 2454 3629 2508 excusabit
3650 2452 3774 2520 apud

2235 2564 2428 2618 aequos
2448 2565 2533 2603 me
2553 2549 2770 2619 judices
2795 2549 3025 2602 int‘txum
3068 2548 3252 2601 animo
3282 2547 3494 2603 fervens
3531 2545 3776 2614 explican-

2234 2641 2288 2696 di
2341 2657 2426 2695 rcs
2477 2640 2696 2696 Graecas
2741 2651 2795 2696 et
2843 2640 3104 2697 Tui-cicas
3155 2641 3424 2700 studium.
3455 2657 3572 2694 cum
3617 2652 3774 2693 rerum

2237 2736 2480 2802 ipsarum
2535 2738 2802 2792 varietate
2864 2747 2972 2790 tam
3042 2737 3180 2798 utili,
3230 2751 3398 2806 quam
3446 2735 3657 2790 minime
3699 2743 3778 2786 ta:-

2235 2828 2408 2882 diosa.

2313 2942 2444 2998 1‘29.
2486 2941 2706 3011 Tempus
2734 2957 2932 2999 certum
2959 2957 3127 3014 capta:
3155 2945 3688 3010 Conslantinoimleos.

2307 3034 2532 3088 Certum
2564 3045 2666 3092 cst.
2701 3049 2915 3105 captant
2957 3037 3496 3110 Constantitmpolim
3527 3055 3553 3091 a
3584 3037 3781 3090 llluchc-

2239 3134 2379 3178 mete
2409 3123 2450 3177 ll
2511 3128 2601 3180 die
2656 3126 2726 3182 29
2755 3130 2956 3183 mensis
2983 3129 3107 3195 Mai,
3145 3146 3310 3198 quem
3363 3147 3414 3185 tv
3448 3132 3567 3184 Kal.
3611 3128 3780 3183 lunias

2240 3231 2518 3282 vocamus,
2544 3233 2688 3272 anno
2713 3219 3026 3275 Christiano
3066 3222 3225 3286 MSS,
3281 3240 3390 3276 non
3429 3222 3578 3283 {452,
3616 3235 3782 3289 quem-

2235 3311 2524 3365 admodum
2588 3312 2732 3382 apud
2782 3311 3011 3368 Aiueam
3069 3316 3301 3370 Silvium
3340 3333 3432 3384 per
3463 3331 3687 3369 errorem
3729 3312 3784 3365 li-

2237 3403 2404 3458 brarii
2442 3404 2674 3460 fortasse
2700 3408 2967 3478 scriptum
3004 3409 3222 3480 legitur.
3269 3411 3456 3466 Potest
3499 3410 3597 3464 hoc
3639 3407 3783 3463 etiam

2235 3513 2297 3551 ex
2323 3498 2612 3552 collatione
2633 3499 3136 3556 Mabumctanorum
3163 3518 3436 3557 annorum
3464 3502 3528 3557 ad
3546 3500 3786 3556 Christia-

2237 3605 2335 3644 nos
2361 3591 2562 3663 colligi.
2588 3593 2792 3648 Caetera
2822 3595 2888 3648 de
2911 3595 3180 3650 urbistam
3200 3597 3504 3658 obsidione,
3534 3611 3681 3666 quam
3705 3606 3784 3646 oc-

2237 3683 2548 3754 cupatione,
2574 3686 2693 3740 licet
2724 3679 2912 3756 paucis
2929 3688 3172 3758 exposita
3203 3689 3318 3745 sint
3337 3691 3531 3752 verbis.
3550 3689 3664 3744 utin
3689 3687 3784 3740 Au-

2238 3777 2454 3831 nalibus
2474 3779 2584 3843 fieri
2627 3780 2783 3845 solet,
2808 3781 2872 3835 iis
2905 3789 3085 3835 tamen
3122 3794 3491 3838 consentanea
3523 3791 3784 3849 suaeque:

2237 3872 2706 3945 Chalcocondyles
2745 3873 3039 3945 prolixius,
3078 3883 3135 3928 ut
3167 3875 3222 3929 in
3249 3875 3502 3941 historia,
3537 3871 3782 3928 memoriae

2240 3965 2501 4035 prodidit.

2278 4058 2399 4112 130.
2437 4059 2758 4124 Atmindan,
2809 4060 3052 4114 columna
3099 4067 3427 4130 serpentino,
3485 4072 3755 4116 statuarum

2882 4143 3171 4186 διιεηιοεεε.

565 4225 953 4296 Symplegades
983 4231 1038 4276 et
1075 4222 1310 4277 Planctte
1341 4236 1368 4273 a
1415 4220 1880 4289 conquassatione
1921 4229 2134 4281 mutua,

565 4336 671 4391 qua
712 4319 1086 4390 spectantibus
1112 4331 1179 4370 ex
1213 4324 1422 4370 remoto
1447 4314 1622 4382 spatio
1672 4327 1777 4366 non
1823 4322 2044 4383 tangere
2077 4326 2138 4365 se

565 4425 780 4470 tantum
807 4412 1214 4474 existimantur,
1254 4423 1441 4462 verum
1470 4407 1632 4461 etiam
1662 4406 1785 4460 loco
1818 4404 2046 4468 moveri,
2086 4415 2139 4458 et

2313 4224 2606 4278 Atmiudan
2639 4222 2909 4291 significat
2946 4223 3145 4278 Turcis
3173 4241 3304 4280 eum
3341 4215 3780 4289 Constantinopoli

2241 4317 2443 4381 locum,
2484 4313 2643 4385 quem
2679 4317 2746 4369 ab
2784 4332 3053 4386 equorum
3109 4333 3279 4372 cursu
3321 4317 3509 4372 ‘Grteci
3556 4315 3783 4369 dixerunt

2242 4408 2696 4477 llippodrontunt.
2750 4407 2887 4463 Nam
2925 4412 2968 4464 si
3008 4411 3233 4465 verbum
3273 4413 3438 4465 verbo
3475 4409 3679 4471 reddas.
3728 4405 3786 4457 Ᾱί

569 4509 641 4563 ita
667 4505 835 4567 coire,
862 4504 1132 4557 duntaxat
1178 4516 1322 4554 unus
1371 4509 1431 4554 ut
1471 4514 1595 4553 esse
1637 4497 1916 4564 scopulus,
1969 4512 2136 4548 tmunt
2175 4520 2216 4574 ι)
2247 4512 2301 4554 et
2341 4499 2557 4554 Miudan
2616 4491 2929 4570 siguilicaut
2957 4518 3221 4572 equorum
3270 4503 3449 4558 locum
3480 4511 3717 4571 capacem
3740 4502 3784 4546 et

570 4600 835 4664 nisidion,
880 4597 1197 4652 videantur.
1227 4593 1381 4648 Hanc
1433 4593 1750 4662 opinionem
1782 4595 1850 4644 de
1907 4589 2140 4660 Cyaneis

569 4707 746 4749 meam
779 4689 1034 4760 Gregorat
1053 4688 1216 4742 verba
1241 4688 1376 4752 haec,
1414 4701 1444 4740 e
1472 4687 1611 4739 libro
1641 4685 2006 4739 Historiarum
2065 4700 2137 4743 iv.

2247 4593 2509 4663 amplum.
2535 4594 2803 4647 Columna
2827 4596 3146 4665 serpentino
3183 4612 3330 4652 nunc
3360 4598 3522 4650 etiam
3543 4597 3783 4662 superest.

2243 4699 2310 4739 ex
2349 4700 2456 4740 aere
2487 4683 2650 4746 facta,
2692 4685 2771 4739 sic
2799 4686 2867 4739 ab
2896 4686 3007 4740 into
3034 4687 3342 4741 cenvolutis
3376 4691 3516 4742 inter
3556 4700 3610 4740 se
3645 4679 3784 4750 spiris

568 4788 901 4842 confirmant
927 4803 939 4838 :
968 4801 988 4835 t
1020 4780 1491 4844 Promontorium,
1525 4780 1722 4848 inquit,
1753 4779 1935 4847 templi
1970 4780 2142 4848 Argo-

567 4851 1050 4944 naotttarummuod
1083 4874 1158 4930 Os
1189 4873 1347 4928 Ponti
1376 4873 1720 4943 appellatur:
1757 4872 1846 4926 ubi
1892 4870 2142 4942 Cyaneas

568 4983 624 5028 et
662 4972 914 5026 l’lanctas
939 4983 1064 5025 esse
1106 4965 1281 5022 Grzecl
1330 4966 1608 5034 quondam
1645 4965 1938 5020 dixerunt:
1979 4964 2143 5018 nimi-

569 5081 691 5121 rum
721 5066 779 5119 in
806 5064 926 5135 ipso
962 5061 1116 5117 Ponti
1149 5061 1310 5116 ostio.
1329 5057 1456 5114 llzec
1478 5058 1660 5113 omnia
1698 5072 1830 5112 sane
1854 5057 2144 5127 diligenter

570 5159 844 5228 inspicere
890 5156 978 5212 bis
1005 5153 1252 5228 memini,
1299 5163 1564 5220 praesente
1603 5150 1938 5219 Hieronymo
1971 5151 2146 5202 Areo-

572 5261 724 5316 nato,
750 5248 1054 5318 praestantis
1085 5222 1289 5315 ingenii
1319 5245 1470 5300 viro:
1505 5243 1598 5315 qui
1636 5257 1748 5298 rem
1780 5240 2143 5296 memoriadi-

571 5359 734 5415 gnam
774 5341 860 5396 hic
893 5341 1023 5395 mihi
1060 5340 1272 5410 primus
1303 5339 1651 5408 suggerebat.
1678 5336 1863 5390 Altera
1895 5335 2142 5404 Symple-

572 5437 795 5503 gadum,
830 5449 993 5504 quam
1031 5431 1351 5501 simpliciter
1409 5427 2000 5497 saxuluBusbeqnius
2045 5441 2145 5495 ap-

575 5529 817 5599 pellavit,
848 5526 1008 5582 habet
1036 5525 1350 5580 columnam
1381 5535 1620 5580 veterem
1657 5537 1724 5577 ex
1753 5521 1876 5574 albo
1903 5535 2143 5574 marmo-

577 5641 656 5689 re,
696 5637 860 5692 quam
895 5619 1086 5688 vulgus
1110 5618 1235 5672 istic
1260 5615 1499 5687 Pompeii
1542 5614 1849 5670 columnam
1881 5611 2016 5667 falso
2049 5626 2145 5664 vo-

576 5727 687 5767 cat.
732 5713 794 5767 ln
851 5713 954 5766 hac
983 5718 1180 5778 praater
1228 5709 1356 5773 alia,
1417 5723 1540 5777 quae
1573 5705 1784 5778 Gyllius
1853 5706 2144 5776 diligenter

577 5806 822 5868 iuravit
884 5812 937 5860 et
976 5801 1306 5871 “descripsit,
1362 5801 1592 5871 Augusti
1655 5799 1949 5870 Sphingem
2009 5798 2139 5852 mihi

2247 4776 2518 4844 serpentis
2552 4776 2804 4846 triplicis,
2865 4785 2925 4829 ut
2973 4777 3025 4830 iu
3079 4785 3232 4846 parte
3283 4775 3552 4847 superiori
3593 4772 3785 4828 tandem

2246 4883 2367 4922 sese
2409 4879 2515 4921 tres
2545 4870 2814 4931 cervices.
2845 4868 3057 4934 triaque
3105 4871 3418 4939 serpentino
3447 4868 3636 4938 capita,
3665 4860 3787 4916 divi-

2248 4962 2379 5013 dant
2420 4975 2484 5015 ac
2539 4971 2792 5030 separent
2826 4961 2878 5015 in
2935 4961 3163 5015 formam
3226 4963 3576 5032 triquetram:
3613 4955 3788 5024 quibus

2249 5055 2525 5124 quondam
2560 5054 2873 5123 accepimus
2905 5054 3223 5124 impositum
3257 5056 3324 5110 ab
3361 5056 3511 5108 urbis
3533 5052 3788 5108 conditore

2253 5147 2617 5201 Constantino
2663 5147 2857 5217 Magno
2895 5149 3061 5202 fuisse
3095 5149 3394 5218 plurimum
3435 5146 3645 5216 scriptis
3665 5141 3788 5195 cele-

2253 5241 2468 5293 bratum
2511 5241 2662 5294 illum
2697 5241 2962 5309 tripodem
2989 5241 3258 5311 Apollinis
3281 5241 3616 5310 Delphicum.
3651 5231 3782 5301 Quod

2252 5333 2347 5394 ait,
2384 5331 2636 5385 rll‘ectum
2660 5331 2826 5387 fuisse
2859 5348 2957 5402 per
2988 5333 3092 5386 hoc
3119 5333 3495 5397 simulacrum,
3524 5341 3578 5384 ut
3599 5346 3657 5383 eo
3701 5327 3788 5379 du-

2256 5435 2406 5478 rante
2429 5425 2609 5478 nullus
2631 5436 2772 5478 esset
2825 5425 2876 5478 itt
2910 5425 3044 5480 urbe
3065 5441 3325 5495 serpens:
3377 5441 3441 5478 ex
3473 5418 3789 5492 opinionibus

2253 5514 2567 5570 Grtecorum
2596 5515 2921 5570 Muchemeti
2957 5517 3186 5570 relatum
3236 5517 3373 5571 fuit:
3415 5529 3632 5586 quorum
3656 5511 3704 5565 itt
3731 5507 3791 5560 li-

2248 5609 2345 5663 bro
2379 5611 2749 5676 manuscripto
2769 5611 2836 5663 de
2870 5610 3020 5663 urbis
3041 5610 3304 5675 aediliciis,
3330 5625 3490 5680 quem
3534 5607 3784 5662 habemus,

2254 5703 2559 5758 Sticltioscs
2608 5703 2876 5771 ejusmodi
2927 5705 3033 5772 (sic
3087 5707 3231 5759 enim
3273 5703 3559 5774 appellant)
3605 5708 3787 5753 statue-

2255 5812 2374 5850 tum
2409 5797 2570 5850 vat-ite.
2599 5795 2876 5866 leguntur,
2904 5806 2957 5851 et
2986 5797 3204 5866 quidem
3245 5799 3310 5853 ab
3358 5795 3629 5863 Apollonio
3655 5785 3785 5852 Ti'l'
