4048 6208
384 170 481 231 821

1536 169 1938 229 i’ANDEC'l‘E
1984 168 2181 233 lIiST.
2220 168 2521 231 TURCIC.
3505 168 3611 227 83:?

386 306 485 340 ι.«·‹›
518 286 791 353 profectio,
825 287 868 335 si
901 285 1119 353 quidem
1162 302 1286 338 vera
1316 297 1559 340 narrant.
1598 287 1755 339 Certe
1790 285 1936 353 quod
1968 287 2014 339 A
2046 283 2193 346 niad,
2232 299 2414 336 eomes
2451 282 2822 358 Bistriccnsis,
2859 299 2908 338 xr
2942 284 3028 338 die
3067 282 3313 353 Augusti.
3350 281 3483 335 Eum
3517 282 3606 332 de-

380 379 562 433 sratirn
585 378 830 447 sequitur
850 377 917 431 de
946 385 1125 432 statua
1145 380 1379 447 equestri
1403 379 1610 432 ahenea
1638 380 1939 442 destructa,

379 487 486 535 qua
520 472 655 540 pesti
678 471 977 539 prazclusus
1010 472 1174 526 fuerit
1199 472 1251 526 in
1276 472 1464 526 urbem
1501 471 1716 529 aditus:
1747 487 1938 540 super-

379 565 604 619 sntiosis
639 564 807 618 videri
835 575 1020 633 posset
1072 566 1308 635 aliquam
1340 565 1535 620 mereri
1583 566 1763 630 tidem,
1818 582 1937 620 cum

378 659 605 726 singulis
626 658 787 713 annis
804 676 868 712 ea
895 675 1042 714 nunc
1075 659 1217 715 foede
1258 660 1540 715 mensibus
1571 658 1774 715 aestivis
1806 660 1937 713 cali-

376 750 621 804 diorrbus
642 760 942 819 grassetur.
979 749 1095 817 Qua
1128 767 1229 807 nos
1257 752 1401 806 istuc
1456 761 1631 806 astate
1666 752 1935 815 venimrrs,

376 844 750 912 absumpsisse
782 846 1103 900 credebatur
1136 848 1279 901 inter
1310 855 1546 915 quatuor
1582 859 1797 899 menses
1834 844 1931 897 Iro-

376 936 583 990 nrinurn
610 939 675 991 ad
745 939 977 995 150000.
1015 939 1122 995 Nec
1166 956 1310 995 anno
1352 941 1597 1010 sequenti
1649 939 1937 1009 pauciores

374 1029 723 1083 interierunt.

582 1145 699 1199 151.
737 1145 947 1213 Siurr'ge
997 1146 1424 1216 Splrctr'gradum,
1459 1148 1696 1216 Sphrtia.

446 1260 606 1315 Duxit
640 1261 690 1312 iu
722 1262 998 1317 Allrauiaur
1053 1266 1237 1333 copias
1265 1265 1631 1320 illuclremetes
1667 1271 1935 1321 adversus

372 1351 748 1407 lsi-benderem
801 1357 1011 1422 begum,
1068 1359 1183 1411 sive
1244 1357 1534 1429 Georgium
1580 1360 1931 1415 Castriotcm.

372 1444 794 1513 Siurigeliugua
849 1448 1075 1501 'l‘urcica
1123 1449 1396 1516 significat
1454 1466 1633 1505 arcem
1695 1465 1931 1508 acutam.

368 1536 538 1589 (ἓξ-ιιξεί
601 1540 843 1594 dicerent
895 1541 1262 1613 Oxypyrgion.
1320 1544 1590 1600 Laonicus
1648 1546 1931 1615 Sphetiam

2046 375 2279 443 ploravit
2312 375 2402 428 lr‘r.
2439 374 2677 431 Joannes
2698 376 2766 430 de
2789 375 3131 445 Capistrano,
3172 373 3436 427 lluniadis
3459 388 3607 425 corn-

2045 467 2253 521 mil.to:
2282 487 2296 517 r
2332 468 2512 533 Salve,
2537 470 2755 523 aureola
2780 470 2924 533 coeli,
2947 485 3069 537 quae
3088 467 3356 531 cecidisti,
3379 481 3600 521 corona.

2045 558 2211 626 Regni
2265 563 2529 615 exstincta
2572 578 2632 617 es
2666 563 2909 618 lucerna.
2968 559 3127 616 Orbis
3170 570 3488 631 corruptum
3544 575 3604 614 es

2043 652 2346 717 speculum,
2370 654 2423 707 in
2446 669 2553 722 quo
2577 670 2674 707 nos
2702 654 2906 709 diutius
2931 653 3201 722 inspicere
3228 652 3606 721 sperabamus,

2042 756 2094 796 et
2123 745 2234 798 alii.
2266 744 2417 801 Nunc
2456 757 2509 800 tu
2551 747 2769 801 devicto
2812 746 3036 800 inimico
3076 745 3386 812 triumphas
3421 759 3602 798 coram

2043 838 2149 889 Deo
2168 846 2219 890 et
2236 838 2459 907 angelis,
2478 854 2510 892 o
2532 838 2671 893 bone
2693 838 2946 893 Joannes.
2964 857 2981 889 ι
3009 836 3153 892 Sane
3172 853 3334 908 quam
3368 838 3601 901 fortiter,

2040 940 2089 982 et
2129 930 2418 983 immortali
2452 946 2573 983 cum
2605 931 2765 987 laude
2794 945 2916 996 sua,
2965 932 3016 984 hi
3064 933 3169 984 duo
3200 946 3259 986 se
3295 941 3603 1000 gesserunt,

2044 1022 2142 1073 hoc
2182 1022 2583 1090 propugnaculo
2613 1022 3047 1077 Christianorum
3098 1023 3459 1085 defendendo,
3494 1022 3604 1075 llu-

2043 1113 2229 1166 niadcs
2255 1121 2309 1165 et
2337 1110 2720 1181 Capistranns,
2750 1115 3056 1168 monachus
3086 1112 3300 1167 ordinis
3334 1112 3604 1166 Praedica-

2040 1216 2242 1262 torum.
2272 1204 2453 1259 clarus
2494 1206 2549 1258 in
2581 1204 2833 1260 historiis
2867 1204 3134 1260 Volonuru
3166 1219 3333 1259 cruce
3361 1205 3602 1274 signato-

2042 1313 2159 1348 rum
2205 1296 2337 1359 dux,
2403 1297 2492 1365 qui
2548 1306 2826 1352 mortuum
2863 1298 3168 1353 lluniadem
3229 1312 3433 1366 paucos
3465 1297 3602 1349 intra

2038 1388 2155 1441 dies
2180 1399 2401 1444 secutus
2430 1389 2550 1443 fuit.
2576 1389 2941 1444 Muchemetes
2970 1391 3023 1444 in
3055 1389 3458 1459 oppugnatione
3517 1389 3605 1439 die

2036 1482 2096 1533 9.1
2130 1479 2281 1543 Julii,
2306 1481 2463 1549 cujus
2489 1480 2833 1535 Ebcndorius
2867 1482 3140 1546 meminit,
3172 1482 3352 1535 lethali
3378 1490 3605 1548 accepto

2038 1572 2283 1634 vulnere,
2316 1570 2399 1623 vix
2456 1572 2745 1625 iucolurnis
2773 1572 2965 1627 evasit.
3025 1570 3251 1628 Obsidio
3290 1572 3467 1627 soluta
3501 1573 3602 1625 fuit

373 1641 524 1685 vorat
570 1635 891 1703 appellatam
921 1652 949 1690 a
995 1638 1233 1691 Barletio
1267 1639 1711 1708 Sphetigradum,
1745 1642 1924 1711 lingua

2032 1662 2119 1716 die
2170 1662 2202 1715 6
2240 1662 2489 1730 Augusti,
2526 1678 2686 1731 quem
2722 1662 2966 1718 Calixtus
3000 1662 3064 1717 Ill
3106 1663 3346 1732 pontifex
3412 1664 3599 1719 haberi

370 1725 679 1792 Slavonica,
716 1744 874 1797 quam
910 1728 1051 1785 idem
1084 1746 1112 1783 a
1140 1730 1300 1802 Croja
1332 1731 1539 1787 distare
1579 1733 1648 1787 58
1684 1734 1931 1788 milliari-

368 1814 469 1869 lrrrs
503 1817 599 1871 ait.

370 1936 473 1988 152
531 1938 695 2004 Nare,
744 1937 917 2003 Nova,
945 1938 1253 2010 νΝυυοςνηά.
1307 1939 1488 1994 [Varus
1524 1957 1670 1994 mons
1706 1940 1934 2005 Rascr‘w,

932 2009 1195 2081 Neopyrgi
1204 2028 1311 2065 um.

435 2120 584 2175 Nove
614 2122 825 2177 Croatis
848 2136 897 2177 et
934 2123 1209 2178 Servianis
1239 2126 1458 2189 dicitur,
1491 2143 1611 2194 qua:
1644 2128 1730 2181 hic
1779 2128 1929 2185 Nova

367 2216 699 2281 r-ominatur,
760 2220 1019 2285 oppidum
1075 2220 1276 2274 Servis:
1322 2222 1480 2289 cujus
1530 2232 1659 2273 tune
1702 2223 1928 2287 deSpoIa

364 2308 629 2376 Georgius
658 2310 834 2364 adhuc
869 2324 1150 2380 superstes
1179 2323 1323 2367 erat:
1358 2314 1449 2367 sed
1476 2330 1582 2368 non
1612 2316 1781 2369 multo
1805 2328 1926 2383 post

364 2403 620 2466 moritur,
646 2402 928 2472 impetrata
962 2420 1091 2473 pace
1120 2422 1149 2459 a
1172 2407 1387 2461 sultaoo
1413 2407 1771 2469 Muchemete,
1794 2409 1929 2463 ﬁlio-

360 2511 469 2564 que
504 2496 727 2549 rninimo
746 2508 873 2551 natu
895 2497 1120 2563 Lazaro,
1146 2514 1465 2554 successore
1490 2510 1610 2569 post
1627 2518 1684 2554 se
1712 2501 1924 2556 relicto.

361 2587 686 2642 Notavimus
738 2602 902 2655 supra
969 2604 1090 2657 cap.
1160 2590 1282 2653 ltll,
1355 2589 1732 2659 Novogradurn
1783 2607 1927 2645 nunc

360 2683 523 2751 vulgo
552 2683 678 2749 dici,
714 2684 858 2753 quod
901 2700 1081 2737 arcem
1138 2700 1328 2738 novam
1361 2684 1651 2753 signiticet,
1687 2702 1792 2739 non
1821 2701 1923 2740 no-

359 2793 487 2830 vum
516 2788 776 2837 montem.
809 2785 868 2831 ut
900 2778 1182 2832 Bouiinius
1212 2778 1625 2847 interpretatur,
1667 2779 1793 2832 dum
1827 2796 1921 2834 no-

360 2885 487 2921 \un‘.
532 2879 766 2923 montem
802 2869 1011 2924 Rascia:
1054 2880 1233 2925 vocat.
1287 2871 1442 2939 Apud
1490 2871 1785 2927 Laoolcum
1818 2871 1923 2927 No-

359 2977 655 3033 vupyrgum
682 2962 1049 3031 legimus,pro
1064 2976 1172 3031 quo
1200 2961 1540 3032 Neopyrgurn
1567 2979 1918 3033 reponemus,
1952 3001 1994 3060 ρ

361 3070 557 3109 nomen
590 3055 643 3110 id
671 3056 873 3111 Graecis
890 3073 1116 3121 sonans,
1142 3059 1287 3126 quod
1311 3057 1549 3113 Venedis
1608 3057 1919 3129 Novograd.

358 3149 563 3202 ibidem
588 3150 813 3220 margini
837 3152 1129 3218 ascriptum
1156 3150 1535 3207 Novobardnm
1590 3154 1926 3209 mutabirnus

360 3245 413 3293 iu
465 3240 867 3311 Novogradum,
912 3243 996 3298 vel
1034 3244 1216 3313 potius
1260 3242 1665 3313 Novogradum.
1719 3246 1806 3299 Ait
1840 3248 1924 3300 hic

362 3336 633 3389 Laooicus.
680 3352 935 3404 magnum
963 3352 1083 3392 esse
1134 3338 1330 3391 metalli
1365 3349 1709 3401 proventum,
1763 3350 1813 3393 ct
1846 3342 1924 3393 al-

366 3430 597 3479 luentem
648 3430 908 3497 oppidum
948 3429 1246 3491 Horarum,
1289 3430 1428 3484 Istro
1482 3430 1722 3489 misceri.
1784 3431 1921 3487 San-

360 3522 499 3586 giaci
530 3536 673 3575 nunc
702 3525 858 3575 sedes
887 3532 992 3588 eSt,
1016 3522 1178 3576 Beda:
1206 3522 1530 3592 beglerbego
1556 3523 1782 3579 subditi.

426 3660 542 3714 l53.
583 3658 834 3729 Bclgradi
864 3658 939 3713 rel
970 3659 1114 3713 Alba:
1146 3659 1339 3715 Crwca:
1372 3662 1599 3716 secunda
1627 3662 1848 3717 obsidio.

435 3776 506 3828 De
538 3775 800 3845 Belgrado
826 3783 878 3828 et
929 3773 1155 3828 Muralis
1187 3774 1469 3828 obsidione
1521 3774 1726 3828 dictum
1763 3784 1917 3827 antea

355 3883 589 3922 numero
618 3868 742 3921 100.
774 3868 923 3921 Nunc
949 3868 1388 3921 iterumobsessa
1425 3868 1524 3919 fuit
1560 3884 1585 3920 a
1613 3868 1917 3921 Mucheme-

358 3974 409 4015 te
456 3962 679 4016 Muralis
712 3962 844 4023 lilio,
890 3960 981 4030 qui
1011 3976 1129 4013 eam
1165 3962 1439 4027 repetebat
1477 3961 1544 4013 ab
1574 3958 1831 4028 Ungaris,
1865 3969 1923 4013 ut

358 4058 661 4109 riu-rubrum
682 4055 883 4111 Serviae
914 4040 1057 4109 nunc
1072 4056 1155 4108 sui
1176 4055 1315 4115 juris
1337 4053 1561 4108 edoctae.
1590 4052 1656 4106 dc
1677 4069 1921 4121 quopro-

355 4152 464 4203 live
491 4159 778 4203 tractatum
806 4148 1043 4200 indicato
1074 4146 1271 4215 capite.
1305 4147 1377 4199 De
1403 4150 1499 4199 bac
1529 4144 1811 4199 obsidione
1837 4162 1920 4199 sc-

353 4242 533 4296 r-unda
566 4242 802 4295 Thomas
834 4240 1199 4302 Ebendurfus,
1261 4241 1311 4292 iu
1343 4241 1646 4294 Austriacis
1698 4241 1921 4293 Annali-

2039 1756 2238 1810 fes'um
2261 1771 2323 1809 ex
2352 1771 2417 1809 eo
2476 1764 2723 1825 tempore
2748 1756 2919 1812 voluit
2958 1758 3062 1813 sub
3097 1759 3318 1814 nomine
3359 1759 3599 1814 Transﬁ-

2037 1848 2342 1917 gurationis
2393 1847 2597 1903 Christi
2643 1849 2839 1914 :quod
2888 1858 3066 1903 taurcn
3115 1850 3313 1906 festum
3371 1852 3464 1905 illo
3516 1853 3604 1906 die

2037 1941 2221 1995 multis
2249 1949 2375 1997 ante
2399 1943 2616 1998 saeculis
2671 1942 2845 1999 Graeci
2872 1943 3151 2000 celebrare
3178 1955 3600 2009 consueverant,

2005 2035 2371 2102 “appellantes
2441 2035 2493 2111 id
2562 2051 2775 2089 sacram
2838 2046 3082 2091 sanctam
3142 2038 3599 2107 metamorphosiu

2036 2125 2250 2180 Domini
2272 2137 2327 2182 et
2358 2126 2475 2192 Dei,
2508 2126 2927 2200 Servatorisque
2975 2116 3340 2193 nostri,'Jesu
3372 2130 3597 2185 Christi.

2031 2241 2155 2296 iiii.
2187 2241 2285 2294 Ο(ιὶ
2305 2240 2531 2297 Caratze
2552 2241 2740 2307 Bassa,
2768 2243 3047 2309 Bon/iuius
3076 2253 3123 2297 ct
3155 2241 3602 2315 Clralcocoudylea

2679 2316 2967 2369 emendati.

2102 2401 2198 2455 ilic
2226 2403 2392 2459 Bassa
2420 2404 2910 2462 BonliuioCaracia
2952 2419 3196 2468 vocatur,
3258 2406 3597 2462 ChaICocou-

2028 2494 2134 2563 dyli
2155 2495 2456 2551 Caralzies.
2495 2499 2723 2566 Europae
2758 2514 2825 2551 ne
2854 2500 3143 2569 beglerbus
3164 2499 3346 2561 fuerit,
3372 2516 3436 2552 an
3456 2499 3599 2551 Ana-

2029 2587 2190 2648 tolizn,
2228 2603 2332 2641 non
2356 2588 2676 2657 exprimitur
2701 2591 2752 2642 in
2778 2591 3099 2645 Annalibus.
3129 2591 3393 2646 Laonicus
3419 2600 3596 2645 tamen

2027 2679 2227 2732 diserte
2257 2682 2451 2734 ducem
2489 2680 2720 2750 Europa:
2752 2683 3020 2748 nominat,
3078 2699 3142 2738 ex
3177 2698 3287 2752 quo
3316 2685 3599 2751 corrigen-

2028 2769 2128 2822 dus
2158 2770 2457 2834 Bonl‘ruius,
2491 2774 2582 2841 qui
2607 2774 2747 2827 Asiae
2768 2774 2957 2828 ducem
2988 2773 3113 2828 fecit
3150 2789 3374 2839 ;errore
3409 2775 3596 2828 consi~

2026 2864 2140 2916 mili
2174 2881 2295 2920 cum
2325 2882 2413 2929 eo,
2444 2884 2605 2935 quem
2646 2884 2807 2936 supra
2833 2884 3061 2922 numero
3120 2867 3220 2923 106
3251 2870 3318 2922 de
3347 2868 3598 2922 Ghasane

2029 2956 2185 3010 Iisa
2212 2959 2538 3015 notavimus.
2582 2958 2753 3014 Verba
2780 2959 2996 3015 Laonici
3032 2962 3143 3015 hate
3174 2973 3332 3015 sunt:
3368 2960 3595 3028 Europae

2028 3051 2131 3103 dux
2154 3050 2451 3116 Caratzies,
2483 3052 2573 3116 qui
2598 3052 2762 3121 gloria
2784 3064 2834 3108 et
2859 3056 3053 3109 virtute
3081 3054 3377 3108 excellebat
3404 3070 3595 3109 omnes

2026 3145 2115 3212 qui
2153 3145 2313 3213 regiis
2339 3146 2389 3199 in
2424 3145 2607 3214 januis
2644 3149 2971 3212 militabant,
3005 3149 3071 3202 ab
3114 3148 3403 3217 Oppidanis
3434 3149 3592 3201 born-

2028 3238 2206 3291 lrardm
2244 3238 2401 3306 globo
2426 3240 2566 3295 ictus
2598 3243 2875 3297 occubuit.
2901 3241 3035 3295 Eunt
3058 3257 3150 3294 rex
3180 3240 3591 3309 (Muchemetes)

2026 3331 2253 3382 tnttiltlm
2280 3330 2514 3399 lugebat.
2549 3332 2643 3385 llis
2670 3333 2851 3387 verbis
2881 3332 3042 3385 etiam
3082 3332 3274 3384 mortis
3305 3346 3475 3399 genus
3511 3332 3594 3385 in-

2024 3425 2258 3488 dicatur,
2282 3439 2391 3494 quo
2421 3425 2599 3492 periit.
2634 3426 2689 3479 lrr
2724 3426 3008 3479 obsidione
3042 3441 3169 3477 vero
3203 3424 3593 3477 Constantinu-

2027 3516 2266 3583 politana
2288 3525 2542 3586 corrupte
2588 3533 2783 3572 nomen
2856 3517 3017 3585 hujus
3066 3517 3339 3572 Saratzies
3373 3517 3591 3585 legitur,

2025 3620 2123 3671 pro
2151 3621 2257 3672 quo
2286 3607 2656 3675 reponendum
2717 3607 3020 3662 Caratzies.
3059 3607 3191 3663 lluic
3227 3610 3389 3662 etiam
3427 3610 3590 3677 perti-

2025 3706 2115 3749 net
2148 3697 2237 3749 ille
2299 3698 2521 3752 Laonici
2551 3700 2702 3752 locus
2756 3698 2823 3753 de
2854 3703 3253 3771 oppugnatione
3312 3702 3580 3772 Belgradi,

2022 3796 2309 3855 cxcerptus
2330 3798 2383 3842 et
2408 3789 2723 3843 ernendatrrs
2755 3805 2938 3858 supra,
2969 3808 3084 3859 r-ap.
3125 3792 3212 3852 7:2.

2382 3880 2504 3935 155.
2538 3881 2648 3935 Rea:
2683 3881 2897 3936 Bozirra:
2948 3883 3259 3953 Stephanus.

2096 3968 2169 4022 lle
2219 3967 2536 4026 Semendria
2597 3971 2838 4024 diximus
2885 3987 3005 4041 cap.
3057 3975 3146 4036 9‘),
3192 3974 3585 4031 Bozinacorurn

2022 4064 2174 4127 origo
2207 4062 2483 4117 declarata
2514 4061 2715 4129 legitur
2743 4064 2922 4131 capite
2980 4065 3072 4120 49.
3132 4066 3404 4133 Duplieem
3468 4084 3590 4123 esse

2024 4156 2303 4218 Bmioarn,
2337 4152 2626 4208 docuimus
2653 4157 2829 4223 capite
2856 4156 2945 4210 95.
2969 4154 3071 4222 Qui
3129 4157 3339 4213 lluzirra:
3385 4177 3472 4213 rex
3500 4162 3590 4215 hic

2024 4254 2379 4310 nu-rnoralur,
2410 4246 2719 4314 Stephanus
2746 4257 2880 4310 erat,
2901 4246 2967 4300 de
2986 4264 3094 4316 quo
3112 4249 3262 4317 plura
3290 4266 3396 4303 non
3422 4253 3588 4305 ruulto

355 4334 458 4386 bus
493 4333 777 4408 suis,ghaac
809 4332 1028 4385 retulit:
1066 4332 1221 4385 Anno
1262 4332 1418 4394 1453,
1460 4330 1670 4386 'l‘urcus
1699 4332 1919 4385 Machu-
1953 4343 1994 4396 υ
2026 4349 2163 4407 post.
2197 4338 2246 4392 ls
2274 4348 2466 4407 sponte
2508 4352 2605 4392 sua
2657 4336 2982 4391 deditionem
3039 4338 3368 4395 Semendrire
3396 4341 3588 4397 fecisse

354 4437 467 4480 rnct
488 4428 746 4481 secundis
774 4428 947 4482 elatus
984 4430 1238 4490 lorturris,
1272 4428 1552 4493 tiespotaru
1601 4426 1916 4496 Georgium,

353 4520 558 4573 liatziaa
589 4520 915 4590 principem,
944 4522 998 4574 in
1027 4521 1143 4576 suis
1176 4522 1334 4574 terris
1371 4521 1641 4574 hostiliter
1691 4521 1914 4581 invasit,

348 4625 404 4666 et
446 4613 599 4680 plura
633 4613 915 4668 hominum
950 4615 1117 4668 millia
1147 4616 1438 4669 crudeliter
1480 4615 1709 4667 abduxit
1735 4653 1748 4666 .
1780 4612 1917 4667 Hinc

349 4719 406 4759 et
458 4710 684 4774 despota
725 4722 916 4761 versus
948 4706 1266 4774 ngariarn,
1324 4709 1388 4762 ad
1427 4708 1616 4761 Albam
1650 4709 1914 4771 Graecam,

349 4819 477 4855 rum
509 4801 625 4855 suis
641 4803 865 4855 secretis
888 4815 945 4853 se
970 4801 1219 4858 contulit.
1238 4799 1407 4871 449
1423 4813 1729 4869 terramque
1763 4818 1914 4854 suam

351 4896 758 4959 gubernandaru
779 4892 978 4947 Joauni
1006 4897 1068 4947 de
1096 4893 1329 4956 Huniad,
1362 4893 1610 4960 Ungarize
1648 4896 1916 4962 guberna—

351 4990 474 5047 tori,
505 4988 631 5041 dum
668 4986 925 5041 Viennam
947 4988 1033 5057 (ad
1061 4982 1392 5040 Fridericunr
1422 4987 1483 5040 IV
1508 4988 1912 5055 imperatorem)

348 5093 617 5150 pergeret,
645 5080 1073 5134 commendavit.
1112 5080 1237 5132 Inde
1266 5080 1636 5138 Nandoralbu,
1664 5081 1827 5147 jarrua
1861 5093 1914 5135 ct

346 5174 603 5225 clausura
658 5172 806 5241 regni
865 5168 1134 5239 Urrgarizr,
1167 5171 1448 5225 obsidetur
1505 5187 1532 5223 a
1581 5170 1912 5232 Mahuureto,

346 5278 494 5315 anno
548 5261 703 5327 1456,
758 5264 1166 5331 oppugnatione
1222 5263 1488 5315 acer-rima
1527 5264 1666 5314 facta
1725 5264 1808 5315 die
1840 5264 1902 5315 ‘21

343 5356 500 5418 Julii,
529 5371 653 5409 cum
687 5356 839 5423 prius
867 5355 968 5409 hoc
998 5356 1049 5407 in
1101 5354 1292 5408 itinere
1318 5364 1557 5407 castrum
1588 5354 1645 5407 S.
1680 5356 1913 5408 Andrere

344 5447 502 5512 (Nota
531 5446 757 5515 margini
790 5446 1085 5514 ascriptum
1120 5462 1312 5499 nomen
1340 5445 1731 5503 Sendcrovra-l.
1768 5447 1909 5513 quod

344 5548 465 5592 erat
514 5535 731 5607 Georgii
773 5539 1037 5607 despotte.
1096 5553 1386 5608 aggressus
1434 5540 1706 5591 incassum
1772 5540 1907 5590 {uis-

345 5641 446 5691 sct.
511 5630 698 5683 Soluto
757 5629 1067 5690 obsidione,
1132 5641 1375 5684 mortuus
1410 5629 1643 5684 Joaurrcs
1700 5629 1899 5684 ιξυ11ιι·

2026 4442 2297 4489 narratur.
2323 4446 2543 4499 quanta
2589 4443 2767 4485 ruorte
2800 4432 2975 4485 soceri
3018 4445 3399 4502 occupaverat.
3460 4437 3589 4490 Erat

2032 4536 2210 4576 autent
2253 4539 2389 4577 uxor
2419 4524 2544 4576 huic
2609 4521 2801 4576 Lazari
2850 4522 3164 4577 Bulcovitzii
3200 4525 3328 4590 filia,
3367 4526 3584 4595 Georgii

2019 4618 2254 4682 despota?
2286 4617 2482 4682 neptis,
2521 4614 2979 4683 qnernadmodum
3012 4614 3064 4669 in
3098 4616 3417 4687 genealogia
3453 4616 3582 4671 Bul-

2018 4708 2370 4760 Covitziorum
2402 4706 2577 4774 capite
2601 4704 2669 4758 54
2724 4703 3103 4761 indicavimus.
3128 4704 3433 4776 Etapparet
3462 4710 3585 4762 hine

2018 4801 2281 4853 Lazarum
2308 4798 2509 4851 Servia:
2536 4798 2815 4866 despotarn
2875 4797 3107 4868 Georgio
3142 4802 3303 4868 patri,
3337 4805 3427 4871 qui
3466 4802 3585 4856 diu-

2015 4895 2222 4946 tissime
2254 4891 2515 4959 regnavit,
2554 4905 2657 4942 non
2691 4889 2781 4942 diu
2805 4891 3150 4959 superstitem
3184 4891 3373 4947 fuisse.

2019 5007 2145 5061 136.
2174 5004 2527 5059 Tarabosanis
2566 5004 2850 5085 imperator
2875 5023 2908 5061 a
2974 5004 3295 5060 Muchemere
3355 5008 3581 5060 secundo

2710 5083 2896 5129 victus.

2085 5165 2157 5219 De
2190 5167 2518 5223 Castamonc
2546 5168 2751 5222 dictum
2788 5168 2963 5235 capite
2994 5166 3083 5220 66.
3140 5166 3369 5236 Sinopes
3415 5169 3576 5222 etiam

2014 5258 2266 5327 frequens
2297 5261 2557 5315 hactenus
2623 5259 2761 5313 facta
2807 5258 3033 5311 mentio.
3094 5258 3314 5313 Novella
3381 5259 3582 5316 Leonis

2014 5352 2377 5417 imperatoris,
2437 5352 2760 5419 Cogunmine
2830 5348 3120 5418 Sapientis,
3204 5348 3577 5418 episcopatum

2016 5448 2366 5513 Sinopensem
2406 5445 2710 5498 Amasiaua:
2744 5442 3025 5511 metropoli
3090 5441 3310 5513 subjicit
3342 5444 3394 5496 in
3423 5442 3577 5497 llcle-

2015 5548 2275 5605 noporrto.
2307 5536 2602 5604 Pordaparn
2646 5534 2750 5586 dici
2784 5534 2945 5587 tradit
2986 5533 3274 5602 Laouicus,
3312 5550 3451 5588 nmo
3480 5553 3577 5587 vo—

2015 5630 2225 5687 cabulo.
2255 5629 2376 5681 licet
2407 5627 2491 5681 hic
2516 5628 2568 5679 in
2597 5625 2895 5680 Annalibus
2920 5642 3107 5691 parum
3137 5638 3345 5683 mutato
3382 5632 3574 5689 veteri,
