4048 6208
493 214 597 275 8:23

1698 215 2023 276 JOANNIS
2062 216 2527 281 LEUNCLAVII

3629 206 3733 276 824

491 332 660 398 Sinap
691 330 982 384 scribatur.
1016 329 1328 382 Tarabosan
1362 329 1555 384 Turcis
1608 318 1691 383 est
1754 328 2053 398 Trapezus,
2087 345 2129 392 Α
2161 333 2336 401 capite
2361 343 2612 389 notarum
2646 335 2738 389 '52.
2774 334 2919 388 Idem
2973 328 3439 399 (Ihaicorondyles
3471 328 3736 382 Dommici

492 433 616 478 nota
690 424 845 476 sedes
894 422 1295 476 Comnenoruin
1340 422 1665 491 principum,
1720 422 1811 490 qui
1876 422 2062 475 audire

492 516 745 568 volebant
773 515 1146 582 imperatores.
1186 512 1418 567 Ultimus
1435 514 1552 581 ejus
1573 514 1766 584 gentis,
1796 529 1822 565 a
1845 512 2063 565 Muehe-

490 616 635 661 mete
664 607 861 669 victus,
893 604 990 658 fuit
1013 604 1246 659 Darides
1299 605 1635 659 Comnenus.

492 721 614 775 157.
666 719 864 772 Draco!
895 717 1107 781 Weida,
1141 717 1361 802 Elaeus,
1438 716 1627 779 Vind“,
1668 716 1917 787 Matt/tius
1952 713 2061 770 Un-

1124 806 1289 858 gartw
1319 804 1428 842 rex.

566 882 659 938 ilic
696 882 970 939 Valachiae
1004 883 1268 942 Vairoda,
1302 884 1394 951 qui
1422 881 1617 934 Turcis
1672 880 1858 933 Draco!
1891 881 2063 931 nomi—

490 984 675 1040 natur,
708 973 946 1030 Laonico
981 975 1178 1030 Bladus
1217 974 1438 1037 dicitur,
1494 971 1737 1024 [)racula:
1796 970 1958 1032 tflios,
1994 983 2059 1021 ex

488 1068 830 1122 immanitate
859 1068 1115 1132 ceiebris,
1142 1068 1209 1121 de
1237 1082 1344 1133 quo
1364 1067 1597 1136 plurima
1627 1076 2061 1117 commemoran-

488 1172 594 1223 tur,
625 1160 733 1214 huc
765 1176 876 1216 non
908 1160 1260 1230 pertinentia.
1294 1160 1442 1213 Bladi
1483 1175 1679 1211 nomen
1731 1173 1795 1211 ex
1853 1156 2062 1209 ratione

485 1255 873 1321 pronuntiandi
903 1254 1106 1309 Graecis
1130 1254 1388 1307 familiari
1415 1252 1641 1306 Vladum
1673 1251 1916 1305 scribere
1969 1250 2059 1302 de-

485 1345 677 1399 buerat
706 1346 996 1413 interpres.
1029 1345 1251 1399 Vladam
1283 1346 1561 1399 Bootinins
1586 1344 1841 1411 appellat,
1865 1350 1917 1394 et
1940 1350 2061 1409 post

484 1437 649 1490 etiam
683 1438 969 1492 Draculam
1006 1450 1233 1509 paterno
1275 1437 1516 1492 nomine.
1575 1435 1947 1492 Callimachus
1977 1434 2061 1484 in-

399 1521 412 1550 ’·
486 1542 633 1602 tegre
672 1531 1010 1587 Vladislaum
1069 1534 1358 1587 Draculam
1425 1529 1668 1597 scripsit.
1738 1528 1894 1581 lluuc
1961 1524 2052 1594 qui

484 1624 1071 1695 conjecissediciturin
1101 1641 1374 1680 carcerem
1402 1641 1492 1679 rex
1515 1624 1788 1692 Ungarus,
1808 1618 2058 1672 Matthiae

2166 422 2388 478 fratrem
2426 426 2557 480 facit
2586 424 2834 487 Lucium,
2871 439 3032 493 quem
3091 424 3294 477 reetius
3343 436 3374 473 a
3432 418 3742 473 Sansorino

2165 515 2493 571 Turcieisin
2526 518 2831 572 Annalibus
2855 516 3122 569 Dominici
3167 514 3331 584 hujus
3364 512 3734 583 pr0pinquum

2164 610 2244 663 vel
2282 622 2539 679 agitatum
2570 611 2835 664 nominari
2882 610 3136 663 arbitror.

2165 726 2288 780 159.
2327 725 2665 779 Mur/temeti:
2692 725 2913 791 a‘diﬁcia
2954 719 3745 789 Constantinopolitana,Cmi-

2554 796 2726 858 sarai,
2763 794 3037 849 Eskisarai
3064 793 3331 849 Jedicula.

2232 886 2348 940 Non
2380 886 2690 954 exprimunt
2714 885 2949 938 Annales
2997 899 3246 952 qurenam
3317 882 3545 937 aedilicia
3600 881 3745 934 Cou-

2162 976 2513 1043 staminopoli
2556 975 2922 1029 tluc'icmetes
2981 974 3336 1029 exstruxerit.
3402 974 3531 1026 ideo
3588 973 3743 1026 lubet

2165 1068 2276 1118 lucc
2310 1069 2375 1119 de
2415 1066 2654 1120 Laonico
2683 1078 2737 1119 et
2768 1068 2888 1120 aliis
2921 1081 3190 1134 promere.
3232 1066 3427 1118 Statim
3452 1064 3743 1133 enimpro—

2163 1164 2306 1215 xima
2340 1172 2455 1231 post
2479 1163 2709 1216 Lesbum
2735 1173 2946 1231 captam
2980 1164 3178 1225 hieme,
3210 1170 3395 1216 narrat
3425 1177 3549 1215 eum
3584 1162 3741 1230 quie-

2161 1257 2303 1308 tisse
2329 1254 2617 1318 Launicns,
2647 1258 2919 1308 intentum
2955 1253 3198 1308 :rdiliciis
3222 1252 3471 1311 urbanis,
3493 1252 3735 1321 templis,

2162 1349 2362 1412 navali,
2399 1348 2509 1401 arci
2542 1347 2870 1418 Byzantina},
2914 1361 3079 1415 quam
3122 1345 3364 1401 condidit
3418 1346 3572 1414 juxta
3611 1360 3737 1413 por~

2163 1453 2271 1496 tam
2301 1458 2328 1496 a
2356 1440 2558 1496 Graacis
2586 1443 2823 1497 Auream
2860 1448 3133 1504 vocatam,
3176 1439 3270 1493 ubi
3304 1449 3355 1493 et
3410 1448 3590 1493 turres
3620 1454 3735 1492 ma-

2162 1540 2334 1590 ximas
2365 1537 2641 1599 excitavit,
2669 1543 3025 1604 spcctatuque
3048 1534 3239 1604 dignas
3256 1543 3307 1584 et
3332 1533 3501 1601 ipsum
3533 1532 3737 1598 regiam

2164 1630 2395 1684 interius
2430 1630 2704 1698 eleganter
2735 1628 2973 1682 ornavit.
3017 1625 3292 1680 Hactenus
3324 1624 3737 1694 Chalcoconaly-

483 1717 763 1771 Huniades
784 1718 902 1781 fuit,
927 1718 1152 1773 Joannis
1179 1718 1340 1780 ﬁlius,
1361 1718 1628 1771 Austriaci
1655 1714 1905 1774 Ladislai,
1929 1713 2056 1763 Pra-
2093 1699 2133 1752 Β
2166 1724 2242 1778 [es
2277 1723 2438 1795 paulo
2468 1721 2812 1777 cmnmmﬁus
2837 1719 3100 1784 redditus,
3152 1719 3205 1772 in
3225 1718 3380 1786 cujus
3430 1716 3611 1771 verbis
3640 1732 3736 1769 no.

480 1825 558 1876 gze
583 1810 760 1864 subito
789 1812 1066 1877 exstincti,
1122 1813 1386 1880 Ungarico
1412 1811 1462 1863 in
1529 1824 1691 1877 regno
1749 1818 2050 1859 successor.

485 1904 875 1973 Muchcmetcs,
909 1907 1009 1959 hoc
1040 1906 1105 1958 ab
1127 1905 1360 1974 Ungaris
1393 1902 1898 1972 capto,\’alachiam
1924 1900 2052 1950 sub-

476 1999 676 2064 jecisse
741 2010 1015 2052 narratur.
1058 1998 1112 2051 ld
1172 2009 1301 2052 vero
1359 1998 1561 2051 factum
1627 1996 1807 2065 potius
1863 1994 2052 2046 existi-

484 2094 741 2147 mandum
772 2111 798 2145 a
830 2092 1320 2158 Draculajuniorc,
1377 2089 1635 2145 Vladislai
1701 2088 1869 2140 fratre
1909 2102 1923 2138 :
1958 2086 2049 2154 qui

393 2218 403 2227 .
483 2196 663 2238 tamen
699 2197 881 2254 postea
919 2201 998 2250 se,
1049 2200 1171 2237 cum
1218 2185 1329 2251 ipsa
1395 2183 1635 2251 regione,
1692 2179 2051 2234 Mnehemetis

481 2276 708 2344 imperio
732 2276 1009 2336 submisit,
1062 2284 1281 2342 accepta
1346 2274 1588 2327 solvendi
1639 2272 1803 2325 annui
1863 2270 2049 2322 tributi

480 2370 827 2425 conditione:
861 2372 1144 2440 nihiloque
1173 2370 1351 2422 minus
1395 2382 1423 2418 a
1490 2365 1713 2419 Matthia
1766 2378 1890 2431 rege
1915 2378 2050 2414 cott-

480 2465 730 2519 tirmatus
750 2466 801 2517 in
823 2458 1147 2535 principatu,
1174 2473 1308 2517 teste
1339 2460 1609 2521 Boniinio,
1631 2458 1763 2519 fuit;
1791 2470 2048 2524 tanquam

479 2559 547 2612 ab
573 2557 827 2628 Ungariae
850 2574 994 2626 rege,
1014 2557 1222 2611 directo
1236 2553 1541 2610 Valacliicm
1567 2553 1786 2606 ditioiiis
1805 2552 2048 2603 domino.

482 2654 572 2708 Sic
606 2653 863 2706 nimirum
895 2651 1047 2721 prius
1070 2651 1233 2704 etiam
1258 2656 1586 2703 convenerat
1618 2648 1757 2698 inter
1785 2643 2047 2696 Moralem

481 2746 522 2799 ll
562 2744 972 2799 etVladislaum
1008 2758 1188 2812 regem
1223 2756 1364 2795 anno
1388 2740 1705 2796 Christiano
1739 2737 1897 2800 MAI,
1930 2745 2051 2804 post

481 2837 657 2889 victos
687 2835 752 2888 ad
779 2833 1045 2888 Isladinas
1072 2835 1256 2886 fattces
1305 2831 1535 2897 Turcos,
1570 2840 1625 2883 ut
1656 2829 1873 2882 Valachi
1912 2826 2051 2879 Την-

480 2941 669 2982 corum
697 2925 916 2996 quidem
958 2932 1141 2979 essent
1171 2923 1471 2981 tributarii,
1532 2921 1625 2975 sed
1689 2922 2052 2974 nihilominus

475 3022 542 3074 as]
576 3016 829 3088 Ungarie
859 3032 1110 3085 regnum,
1139 3016 1287 3069 velut
1317 3024 1493 3082 antea,
1526 3015 1879 3083 pertinerent.

2166 1814 2411 1877 tandum,
2436 1812 2660 1883 intelligi
2688 1813 3010 1880 templorum
3035 1818 3388 1872 structuram,
3412 1810 3476 1863 de
3491 1823 3739 1864 commu—

2154 1908 2491 1963 tatoChristi
2541 1908 2630 1961 Dei
2676 1908 2967 1975 Sapientiae
3022 1906 3222 1974 templo
3277 1902 3619 1958 Justinianeo
3677 1903 3730 1955 in

2157 2001 2433 2056 messitam
2466 2000 2928 2065 Mahumetanam,
2951 1999 3128 2067 deque
3148 1997 3328 2051 diruto
3353 1996 3739 2064 antiquissimo

2154 2094 2595 2151 Christianorum
2628 2094 2853 2160 templo,
2882 2091 3024 2161 quod
3062 2090 3387 2146 {adificatqu
3417 2090 3736 2143 aConstan-

2157 2186 2271 2239 tino
2299 2185 2491 2257 Magno
2515 2185 2839 2239 Sanctorqu
2861 2182 3243 2252 Apostolorum
3261 2196 3453 2235 nomen
3479 2179 3736 2245 habebat,

2155 2280 2309 2345 cujus
2341 2279 2458 2347 ipse
2483 2279 2602 2331 loco
2624 2293 2777 2331 suam
2805 2276 3003 2329 struxit
3024 2291 3145 2330 cum
3169 2274 3401 2327 imareto
3431 2273 3733 2336 messitam,

2156 2372 2513 2426 Turcicarum
2547 2368 2793 2422 omnium
2849 2369 2903 2420 in
2953 2367 3088 2420 urbe
3137 2367 3392 2434 primam,
3454 2373 3509 2415 et
3552 2362 3738 2431 operis

2155 2463 2456 2533 magniﬁci,
2518 2462 2978 2533 quemadmodum
3042 2460 3315 2528 hodieque
3371 2458 3735 2528 conspicitur.

2156 2555 2359 2609 Navale
2385 2554 2714 2608 Christianis
2743 2554 2810 2607 ab
2840 2551 3266 2622 imperatoribus
3297 2552 3597 2617 neglectum
3646 2551 3736 2604 in—

2156 2648 2440 2711 stauravit,
2473 2656 2725 2701 ornatum
2752 2654 2806 2700 et
2832 2659 3120 2699 emensum
3154 2660 3182 2697 a
3205 2646 3441 2712 posteris
3491 2659 3552 2697 ea
3602 2658 3735 2698 cura

2154 2757 2300 2795 nunc,
2335 2752 2389 2793 ut
2432 2740 2835 2807 amplissimum
2875 2738 2968 2791 sit.
3032 2737 3205 2806 Supra
3255 2737 3501 2791 Galataiu
3565 2737 3733 2791 siluro

2156 2844 2238 2889 est
2271 2835 2323 2888 in
2355 2835 2475 2889 sinu
2515 2834 2777 2895 Cornuto,
2815 2849 3002 2886 versus
3035 2832 3435 2900 aquasdulres,
3466 2832 3554 2884 ubi
3575 2831 3737 2884 nimi-

2156 2943 2277 2980 rum
2312 2926 2569 2980 celebrati
2602 2941 2631 2978 a
2674 2926 2870 2994 priscis
2900 2925 3129 2987 ﬂuvioli,
3177 2924 3421 2995 Cydarus
3451 2939 3595 2978 nunc
3620 2922 3737 2975 Ma-

2156 3020 2366 3083 chleva,
2388 3030 2439 3074 et
2466 3019 2756 3090 Barbyses,
2782 3036 2927 3073 nunc
2958 3018 3339 3080 Cbartaricon,
3368 3030 3420 3070 et
3452 3036 3476 3069 a
3508 3018 3631 3070 vico
3658 3017 3738 3069 vi—

503 3139 667 3212 450
701 3138 819 3192 153.
866 3134 1098 3212 Μλίιῃξὶη,
1131 3133 1427 3212 Cut_al_usii,_
1447 3132 1527 3187 vel
1556 3132 1833 3195 Catelusii,
1866 3132 2017 3185 Lesbi

2159 3115 2276 3167 cino
2308 3111 2758 3167 Pectioachoriou
2783 3113 2982 3175 dictus,
3020 3113 3073 3164 in
3107 3112 3286 3163 sinuin
3318 3109 3736 3185 lmncinﬂuunt.

843 3208 1129 3275 principes,
1158 3208 1359 3275 origine
1387 3205 1705 3260 Genuenscs.

548 3302 782 3372 Mitylin,
848 3299 1300 3371 pronuntiatione
1363 3298 1573 3363 Grmca,
1630 3315 1753 3366 qua:
1803 3298 2056 3370 Mitylene

476 3396 681 3453 nostris
705 3405 807 3455 cst,
841 3405 1067 3448 vocatur
1099 3413 1126 3446 a
1172 3391 1367 3446 Turcis
1428 3392 1601 3446 insula
1651 3392 1887 3454 Lesbos,
1923 3393 2054 3460 ipsis

477 3488 639 3542 etiam
670 3486 874 3541 Graecis
901 3490 1039 3545 hanc
1069 3482 1589 3537 itanominantibus.
1610 3480 1878 3534 Cedrious
1908 3487 2055 3532 certe

476 3578 711 3633 Lesbum
744 3576 943 3629 alicubi
1007 3575 1296 3643 Mitylenen
1360 3572 1519 3631 dixit,
1577 3571 1645 3624 ab
1700 3573 1833 3623 urbe
1892 3571 2056 3621 totius

479 3670 671 3724 insola:
700 3668 980 3738 primaria.
1012 3666 1215 3734 Vulgus
1272 3665 1582 3718 ltalicorum
1623 3673 1911 3715 nautarum
1948 3661 2058 3715 Ille-

479 3763 664 3818 tellino
696 3776 843 3816 nunc
876 3761 1126 3830 appellat.
1172 3758 1415 3812 Ilabebat
1459 3756 1652 3819 insula,
1706 3772 1827 3808 cum
1882 3770 2054 3823 oppa-

479 3864 737 3926 ;gnaretur
772 3869 801 3908 a
844 3852 1203 3913 Muchemt-te,
1241 3850 1542 3919 principem
1571 3848 1919 3901 Dominir-um
1948 3847 2054 3900 Ca-

481 3949 734 4003 talusiuin
769 3947 853 3999 vel
903 3945 1260 4005 Catelusium,
1321 3958 1481 4007 quem
1549 3942 1720 3995 ϐιωρί
1781 3940 2052 4011 Kyriacon

480 4041 771 4096 vocabant.
815 4039 1088 4108 Interpres
1118 4037 1335 4090 Laonici
1369 4034 1650 4088 Nicolaum
1713 4034 2053 4088 Catelusium

481 4151 579 4205 pro
609 4133 910 4199 Dominieo,
931 4133 1071 4186 haud
1109 4133 1223 4186 scio
1256 4131 1414 4200 cujus
1433 4131 1761 4183 auctoritate
1790 4128 1963 4181 fretus
1988 4143 2053 4181 ex

484 4225 766 4281 historicis
810 4224 1237 4295 antiquioribus,
1288 4222 1518 4290 margini
1578 4222 1856 4289 asi'ripsit.
1917 4218 2050 4272 Nam

481 4319 786 4381 ﬂeuimus,
817 4318 909 4388 qui
952 4332 1148 4371 nomen
1201 4316 1342 4369 idem
1404 4314 1590 4378 habet,
1641 4317 1917 4367 recentior
1947 4323 2050 4377 est,

481 4421 533 4464 ut
564 4410 703 4465 alios
735 4426 969 4478 sequens
989 4408 1096 4462 falli
1128 4411 1324 4477 potuit.
1353 4408 1470 4476 Ipsa
1492 4408 1894 4460 Catelusiorum
1920 4424 2052 4472 gens

480 4505 691 4575 origine
714 4502 1015 4558 Genuensis
1045 4514 1178 4556 erat.
1213 4502 1487 4555 Oriundus
1522 4516 1585 4552 ex
1620 4515 1683 4552 ea
1728 4496 2055 4552 Franciscus

481 4597 817 4658 Catelusius,
854 4612 975 4651 cum
1011 4592 1277 4648 Joannem
1328 4592 1689 4661 Palzcelogum
1761 4594 2052 4661 imperato-

485 4708 623 4756 rem,
659 4708 684 4743 a
718 4688 1542 4758 bonitateCalojoannemvulgo
1570 4688 1805 4747 dictum,
1840 4688 2054 4739 Andro-

482 4784 591 4838 nici
633 4783 676 4838 Il
708 4784 901 4845 tilium,
956 4781 1234 4835 Michaelis
1284 4780 1325 4834 ll
1368 4790 1639 4848 nepotem,
1699 4780 1990 4834 Andronici
2036 4780 2054 4834 l

485 4884 857 4945 pronepotem,
881 4872 1159 4930 Michaelis
1196 4874 1378 4943 primi,
1403 4876 1491 4941 qui
1518 4872 1766 4926 Flandris
1790 4874 2057 4926 Constan-

484 4971 768 5041 tinopolim
790 4970 1007 5038 eripuit,
1035 4968 1380 5037 abnepotem,
1412 4965 1553 5021 bello
1577 4979 1763 5021 contra
1792 4966 2061 5037 iunonem

482 5066 944 5125 tfiantacuzenum,
979 5070 1213 5117 tutorem
1236 5072 1579 5124 etsocermn,
1599 5072 1653 5116 et
1670 5074 2051 5131 ostii-patoreiit

484 5158 721 5228 imperii,
753 5157 1040 5226 juvisset:
1100 5156 1273 5210 insula
1344 5154 1520 5209 Lesbo
1579 5156 1836 5217 donatus,
1889 5154 2052 5208 etiam

482 5249 833 5319 (Jalojoannis
869 5262 1111 5302 sororem
1150 5245 1203 5299 in
1232 5244 1637 5298 matrimonium
1664 5246 1906 5313 at'cip"ru
1932 5261 2056 5310 pro-

482 5343 701 5397 meruit.
747 5341 1074 5396 Acciderunt
1107 5341 1217 5392 haec
1242 5355 1385 5392 anno
1415 5337 1573 5391 1535.
1604 5338 1674 5389 De
1740 5354 1849 5405 quo
1905 5336 2057 5389 colli-

481 5436 647 5502 gitur,
684 5449 789 5487 non
827 5442 968 5488 totos
1022 5430 1123 5486 100
1186 5446 1359 5483 annos
1422 5431 1472 5480 in
1533 5443 1723 5483 eorum
1794 5436 2055 5495 poti-state

484 5523 720 5576 Lesbum
762 5520 947 5576 fuisse.
983 5523 1133 5576 Lucii
1175 5520 1463 5579 Catulusii,
1502 5520 1595 5589 qui
1635 5518 1763 5572 [Eni
1797 5521 2051 5586 princeps

486 5616 539 5668 in
580 5617 809 5693 Thracia
852 5617 1031 5679 l‘ucrit,
1061 5616 1201 5684 apud
1242 5614 1538 5667 Laonicum
1578 5613 1635 5663 iit
1662 5611 1868 5663 mentio
1904 5628 1917 5663 :
1949 5613 2056 5663 sic-

484 5719 545 5763 ut
580 5708 755 5764 obiter
787 5709 949 5764 etiam
1000 5710 1274 5772 principes
1308 5705 1431 5761 Aini
1478 5720 1644 5770 supra
1678 5715 2055 5760 memorantur

2089 4459 2130 4511 D

2159 3204 2413 3257 Continet
2444 3205 2554 3271 jam
2591 3205 2780 3257 naVaIe
2810 3205 2924 3257 loca
2953 3211 3337 3255 concamerata
3371 3201 3495 3265 187,
3535 3215 3736 3268 expor-

2160 3304 2305 3349 recta
2337 3296 2493 3365 longa
2522 3296 2682 3358 serie,
2717 3297 3007 3364 magnique
3031 3295 3337 3347 triremiqu
3389 3291 3602 3346 numeri
3638 3306 3737 3345 ca-

2159 3403 2260 3457 pax
2294 3399 2378 3441 est
2413 3407 2425 3441 :
2461 3389 2588 3443 licet
2616 3388 2760 3442 aliud
2804 3388 3147 3442 Sansm'inus
3177 3403 3241 3440 ex
3303 3387 3531 3455 antiqua
3586 3384 3737 3439 rela-

2162 3480 2307 3533 tione
2329 3481 2558 3545 quadam
2588 3478 2790 3532 Veneta
2837 3494 3028 3547 parum
3053 3478 3308 3547 praesenti
3338 3493 3520 3531 rerum
3544 3474 3738 3530 formae

2158 3582 2588 3625 consentaneum
2623 3573 2818 3625 tradat.
2862 3569 2988 3624 Fuit
3045 3580 3101 3624 et
3165 3570 3258 3623 illo
3302 3571 3571 3638 quendam
3618 3568 3739 3622 loco

2158 3667 2327 3732 regia,
2358 3681 2466 3733 quo
2499 3665 2620 3719 loco
2640 3664 2770 3717 dicit
2799 3663 3072 3718 Laonicus
3096 3678 3220 3716 cum
3238 3662 3506 3718 struxisse
3527 3661 3738 3731 Byzan-

2161 3762 2549 3817 tinamareem,
2592 3770 2810 3828 propter
2877 3762 3112 3814 Auream
3176 3769 3418 3829 portam,
3472 3775 3594 3827 qua!
3657 3757 3729 3811 ab

2161 3870 2263 3905 una
2291 3864 2442 3921 parte
2468 3853 2748 3908 meridiem
2784 3869 2849 3907 ac
2892 3851 3303 3921 Propontidem,
3338 3852 3404 3906 ab
3446 3853 3617 3906 altera
3642 3865 3738 3906 so-

2158 3946 2264 3999 lem
2289 3946 2628 4000 occidentem
2662 3947 2900 4014 respicit.
2934 3943 3062 4000 Hazc
3088 3946 3312 3999 :cdilicia
3340 3944 3737 3999 Mucbemetem

2158 4039 2496 4105 condidisse,
2532 4038 2803 4094 Laonicus
2850 4040 3092 4107 scripsit.
3151 4038 3471 4093 Menavinus
3526 4049 3735 4103 autem,

2158 4130 2301 4185 sicut
2323 4140 2376 4184 et
2403 4132 2516 4193 alii,
2554 4139 2665 4187 tres
2687 4133 2761 4186 ait
2790 4148 2946 4187 arces
2966 4149 2994 4186 a
3031 4132 3430 4187 Muchetemete
3462 4130 3740 4185 Constan-

2158 4226 2383 4294 tinopoli
2419 4237 2698 4281 structas:
2753 4224 3159 4291 Genisaraium,
3218 4226 3619 4287 Eskisarainm,
3684 4235 3740 4280 et

2155 4312 2482 4372 Jadiculam.
2522 4316 2602 4371 Ad
2636 4318 2902 4372 orientem
2925 4319 3095 4371 solem
3136 4334 3164 4371 e
3204 4320 3430 4387 regione
3496 4317 3737 4372 Scutarii

2160 4415 2276 4466 sive
2342 4410 2601 4465 Damalici
2634 4410 2995 4480 promontorii
3028 4411 3191 4464 situm
3226 4422 3310 4466 est
3352 4411 3739 4465 Genisaraium

2162 4503 2263 4571 (sic
2291 4504 2495 4558 dictum
2530 4503 2673 4572 quod
2714 4519 2913 4557 novum
2947 4503 3037 4565 sit)
3076 4505 3127 4555 in
3187 4504 3609 4557 extremourbis
3639 4520 3741 4556 an-

2161 4597 2285 4666 gulo
2316 4597 2407 4666 qui
2436 4613 2466 4650 a
2499 4597 2702 4665 templo
2734 4593 3124 4662 vicino.Sancti
3169 4595 3431 4649 Demetrii
3466 4605 3694 4648 vocatur
3721 4610 3737 4647 :

2163 4690 2251 4743 ubi
2286 4689 2559 4760 Bosporus
2623 4690 2824 4760 impetu
2861 4690 3101 4742 maxime
3163 4691 3230 4742 ad
3264 4688 3438 4755 ipsam
3497 4688 3743 4755 crepidi-

2162 4798 2283 4836 nem
2326 4783 2481 4837 collis
2517 4783 2569 4835 in
2603 4798 2712 4850 quo
2746 4781 2984 4836 saraium
3020 4782 3100 4834 vel
3135 4797 3229 4834 arx
3287 4780 3462 4850 posita
3530 4788 3637 4842 est,
3684 4780 3740 4834 in

2161 4878 2545 4946 Propontidem
2576 4876 2756 4930 irruit.
2797 4875 2936 4930 Olim
2967 4875 3234 4930 Palatium
3298 4874 3657 4945 Byzantinum
3687 4884 3747 4927 et

2160 4971 2443 5038 Acropolis
2493 4969 2789 5038 Byzantina
2818 4968 3121 5032 dicebatur,
3172 4967 3318 5022 velut
3371 4984 3468 5021 arx
3520 4984 3574 5021 tn
3626 4983 3741 5021 uno

2136 5065 2226 5116 ~de
2260 5065 2432 5116 tribus
2472 5065 2735 5117 extremis
2764 5062 2976 5132 angulis
2997 5062 3152 5115 urbis
3186 5062 3313 5123 sita,
3347 5076 3457 5129 quo
3490 5061 3611 5116 loco
3642 5060 3743 5131 By-

2161 5169 2253 5207 zas
2278 5154 2433 5206 initio
2466 5154 2780 5223 Byzantium
2813 5154 3046 5208 condere
3074 5152 3324 5222 cmperit.
3390 5153 3514 5207 Haec
3565 5154 3740 5207 sulta-

2160 5261 2354 5300 norum
2398 5246 2814 5301 Osinauidarum
2839 5248 3016 5309 sedes,
3041 5244 3141 5301 hoc
3166 5245 3500 5300 domicilium
3528 5257 3580 5301 et
3610 5248 3735 5301 aula

2161 5349 2267 5405 est,
2297 5356 2460 5410 quam
2491 5338 2619 5408 Capi
2656 5342 2770 5393 sive
2835 5338 3052 5393 Portam
3103 5340 3449 5394 Osmanicam
3512 5350 3734 5394 vocant.

2168 5433 2415 5503 Undique
2443 5435 2611 5485 muris
2645 5432 2732 5500 (de
2771 5433 2973 5501 quibus
3008 5432 3172 5498 intra,
3194 5448 3318 5501 cap.
3382 5432 3504 5501 H‘J)
3536 5448 3597 5487 ac
3628 5444 3741 5486 tur-

2164 5526 2316 5580 ribus
2343 5527 2572 5590 inclusa,
2599 5525 2769 5578 tribus
2796 5524 2849 5577 in
2874 5524 3163 5578 circuitum
3186 5524 3507 5578 milliarihus
3533 5523 3739 5579 (ἰπνοῖς

2164 5627 2329 5686 patet.
2358 5616 2534 5670 Voluit
2559 5616 2722 5685 hujus
2766 5618 2931 5671 saraii
2957 5617 3080 5671 novi
3110 5619 3329 5671 nomine
3362 5616 3735 5671 Muchemetcs

2164 5721 2410 5777 posteros
2442 5718 2495 5763 et
2533 5723 2879 5766 successores
2910 5709 2965 5763 in
3009 5709 3235 5780 imperio
3302 5725 3431 5766 suos
3462 5710 3733 5781 obligatos
