4048 6208
324 299 433 360 8‘25

1480 302 1623 360 ΡΑΝ
1639 300 1877 359 DEC'l‘E
1916 300 2117 363 IllST.
2160 305 2467 365 TURCIC.

3471 299 3575 361 8‘26

322 433 442 469 esse
476 414 748 468 Sttlt‘t‘lt-lis
778 416 1010 469 messitte
1034 431 1146 470 suze
1187 433 1361 481 novae,
1394 419 1642 487 singulos
1666 420 1719 473 in
1748 419 1885 481 dies,
1920 423 1961 476 Α
1992 434 2119 484 que,
2148 430 2207 474 ut
2250 432 2424 475 nostri
2464 437 2724 477 numeros
2762 436 3028 475 annorum
3064 419 3131 471 ad
3197 417 3347 471 initia
3406 418 3573 470 bello-

318 511 498 577 aspris
532 508 676 560 mille
708 524 721 560 :
753 526 871 576 qua:
893 526 1128 572 summa,
1158 513 1484 576 computatis
1513 528 1611 581 pro
1674 527 1783 564 uno
1810 521 1889 563 ta-

319 603 434 655 loro
465 600 792 654 Germanico
814 605 990 668 aspris
1014 604 1098 665 ιο,
1156 604 1398 671 quotidie
1454 604 1518 657 ad
1566 604 1634 656 25
1688 606 1887 656 taleros

318 694 584 747 t-schSCit
614 711 628 748 :
659 695 711 745 in
745 710 919 748 annos
975 710 1105 747 vero
1154 696 1418 766 singulos,
1481 713 1643 764 supra
1702 696 1890 749 novies

322 789 486 849 mille,
512 797 733 841 centum
766 790 970 842 taleros
1005 790 1167 841 eﬂicit
1204 790 1443 857 :quibus
1487 789 1624 841 alios
1676 804 1892 841 annuos

322 880 525 933 reditus
585 880 649 931 ad
689 895 957 933 summam
1013 882 1245 943 “$0,000
1293 883 1615 935 (locatorum
1675 880 1890 949 adiecit.

320 972 686 1028 liskisaraium
709 989 841 1027 voce
859 974 1201 1041 significante
1221 977 1461 1027 saraium
1480 985 1652 1034 vetus,
1671 975 1721 1027 in
1744 973 1896 1025 ttrbis

320 1067 619 1120 meditullio
637 1067 801 1121 situm
821 1076 936 1123 est:
961 1070 1097 1122 sicut
1116 1070 1307 1123 etolim
1325 1069 1518 1123 ibidem
1542 1070 1593 1121 in
1617 1068 1763 1121 urbis
1781 1085 1897 1118 mu-

317 1159 572 1224 phalovel
592 1160 845 1213 umbilico
861 1162 1158 1227 priscomm
1183 1174 1295 1214 erat
1320 1165 1703 1229 imperatorum
1724 1162 1896 1225 regia.

320 1250 521 1305 Vasilia
544 1262 597 1305 ta
623 1254 823 1322 megala
845 1254 1015 1307 Graeci
1045 1256 1316 1322 quondam
1345 1254 1718 1309 nominabant.
1742 1252 1896 1307 Nunc

323 1345 412 1395 illa
460 1343 834 1413 gyna-t-ouitidi
880 1344 1166 1397 sultauime
1203 1346 1472 1411 praecipue.
1515 1345 1701 1408 servit,
1723 1346 1898 1412 spatio

318 1436 506 1499 sat-aii,
528 1435 1032 1499 rationecircuitus,
1053 1440 1117 1489 ad
1140 1436 1248 1488 duo
1280 1452 1533 1504 passuum
1586 1436 1751 1489 millia
1802 1453 1894 1489 ex-

319 1538 590 1595 porrecto.
612 1526 851 1581 Jadicula
878 1528 1113 1596 denique
1133 1527 1472 1594 Propontidis
1496 1528 1545 1580 in
1569 1528 1748 1579 littore
1767 1543 1898 1579 cou-

319 1622 431 1674 ttita
449 1629 553 1683 est,
573 1620 637 1672 ad
662 1618 1069 1673 meridionalem
1088 1628 1143 1672 et
1163 1620 1555 1695 occidentalem
1582 1619 1778 1687 partim
1802 1635 1895 1669 ur—

321 1711 401 1765 bis
417 1711 703 1780 angulum.
732 1726 920 1765 versus
940 1711 1174 1765 Auream
1202 1722 1432 1777 portam,
1502 1726 1644 1765 nunc
1675 1710 1889 1781 quidem

319 1805 686 1874 superstitem,
720 1806 811 1859 sed
837 1806 1172 1859 obstructam
1201 1815 1403 1868 tamen,
1429 1820 1491 1857 ac
1525 1819 1716 1859 versus
1740 1805 1891 1856 urbis

318 1908 608 1951 terrestres
626 1896 782 1967 451
812 1913 997 1951 muros
1038 1913 1051 1949 :
1086 1913 1191 1966 qua
1224 1896 1277 1950 iu
1303 1897 1616 1960 Thraciam,
1644 1897 1891 1950 Maenio-

318 1988 494 2053 niam,
526 1988 837 2042 universam
869 1988 1105 2055 denique
1136 1986 1398 2041 Graeciam
1433 1988 1556 2041 itur.
1588 1987 1679 2042 Sic
1711 2001 1889 2041 autem

315 2081 585 2150 appellata
620 2080 812 2133 Turcis
839 2091 920 2133 est
948 2095 976 2133 a
1012 2081 1113 2133 ledi
1141 2091 1193 2133 et
1249 2080 1405 2146 Cula,
1462 2094 1693 2148 quorum
1757 2082 1887 2134 illud

313 2184 400 2230 est
416 2183 642 2241 septem,
677 2176 778 2228 hoc
796 2174 1024 2226 turrium
1043 2173 1492 2243 significationem
1514 2173 1693 2228 habet.
1720 2172 1888 2227 Graeci

316 2283 466 2322 nunc
500 2266 899 2337 Heptapyrgiou
938 2266 1149 2329 dicunt,
1180 2277 1270 2319 aut
1313 2265 1719 2339 Heptapyrgon,
1754 2282 1891 2336 puro

316 2368 448 2429 puto
474 2360 741 2414 vocabulo
769 2358 959 2413 Graeco
983 2375 996 2421 ;
1024 2360 1397 2421 semiturcico,
1429 2360 1511 2413 vel
1534 2360 1761 2430 hybride
1794 2375 1889 2426 po-

316 2454 448 2518 tius,
484 2451 651 2521 llepta
680 2452 903 2520 gulades
936 2469 948 2504 :
986 2465 1051 2503 ex
1084 2466 1192 2517 quo
1219 2453 1380 2506 etiam
1409 2454 1595 2507 obiter
1658 2452 1885 2519 intelligi

316 2554 512 2609 potest,
538 2543 681 2612 quod
700 2544 969 2599 Africana:
998 2546 1289 2614 Guletzesit
1318 2556 1535 2614 etymon
1571 2544 1684 2599 sive
1717 2544 1886 2598 notio.

314 2636 437 2702 ipsa
468 2637 683 2705 quidem
721 2652 818 2694 arx
875 2613 1138 2692 custodia:
1190 2638 1460 2695 reaiorum
1493 2640 1881 2690 thesaurorum

314 2745 398 2785 est
428 2733 730 2802 adsignata,
767 2744 1163 2802 perpetuasqne
1213 2732 1441 2785 militum
1472 2731 1730 2784 excubias
1780 2731 1883 2783 ha-

317 2825 431 2889 bet,
466 2826 556 2893 qui
591 2825 837 2883 feruntur
868 2839 984 2879 esse
1008 2840 1234 2878 numero
1259 2825 1567 2894 quingenti,
1592 2825 1656 2877 de
1688 2823 1887 2894 quibus

312 2916 424 2970 alio
478 2916 614 2971 loco.

354 3054 475 3108 140.
510 3052 781 3108 Machmnt
811 3052 990 3118 bassa,
1015 3054 1164 3107 varia
1199 3053 1455 3121 scriptura
1490 3053 1622 3105 rocis
1671 3057 1849 3109 unius.

384 3165 459 3219 De
497 3166 599 3219 hoc
659 3164 1003 3218 Machumete
1036 3164 1309 3218 Laonicus
1370 3164 1521 3219 hac:
1572 3164 1883 3219 Mechume-

316 3267 420 3315 tes.
458 3257 655 3326 inquit,
691 3256 821 3325 regii
875 3256 1059 3323 palatii
1091 3257 1197 3309 dux
1237 3261 1443 3324 (postea
1475 3257 1666 3309 ducem
1695 3256 1884 3324 janua-

316 3366 433 3403 rum
455 3350 627 3407 vocat)
642 3361 695 3403 et
716 3348 941 3416 Europa:
956 3349 1266 3417 prasfectus.
1288 3350 1429 3402 filius
1448 3348 1890 3411 Michaelisﬁrze—

315 3457 439 3494 rus.
470 3443 532 3494 lit
553 3442 703 3493 addit
738 3440 957 3495 Graecos
978 3455 1174 3507 pueros
1194 3440 1527 3508 (Graecorum
1554 3440 1689 3493 tilios
1710 3441 1888 3495 dicere

317 3534 507 3587 debuit
536 3533 825 3600 interpres.
858 3532 908 3585 id
932 3532 1289 3597 est,Grzecos)
1309 3533 1401 3600 qui
1429 3532 1647 3587 abducti
1677 3532 1886 3603 Byzan-

318 3627 419 3684 tio,
455 3638 576 3677 cum
606 3638 736 3692 rege
766 3623 1271 3684 commorabautur,
1308 3641 1556 3694 magnam
1588 3627 1885 3693 potentiam

313 3716 417 3769 sibi
457 3716 758 3785 peperisse.
830 3714 1079 3770 Nominis
1140 3717 1491 3783 scripturam.
1528 3727 1635 3771 tatu
1686 3718 1738 3771 in
1765 3720 1886 3782 hnc,

317 3825 477 3879 quam
496 3808 619 3865 aliis
640 3808 794 3871 locis,
814 3808 883 3862 ab
913 3808 1207 3876 interprete
1226 3808 1452 3863 Caesaris
1470 3820 1741 3877 acceptam
1766 3810 1889 3862 Gul-

312 3902 489 3969 derio,
510 3901 1028 3969 retinui.Triplicem
1052 3917 1182 3955 sane
1202 3901 1397 3968 reperi,
1421 3903 1621 3955 nostris
1642 3902 1690 3953 in
1709 3900 1889 3954 Anna-

315 3996 489 4051 libus:
518 3996 807 4056 Muchmet,
843 3994 1142 4048 blechemet
1160 3993 1449 4046 Machmut.
1472 3993 1719 4047 lltstorize
1740 3993 1890 4047 Grie-

314 4103 501 4141 eorum
537 4097 592 4140 et
625 4097 933 4139 nostrorum
976 4086 1257 4139 hominum
1296 4095 1555 4152 praeterea
1605 4084 1889 4137 diversita-

314 4191 395 4231 tes
427 4179 563 4234 alias
599 4180 820 4238 habent,
855 4188 911 4231 ut
945 4176 1277 4235 Muchumet.
1310 4176 1603 4239 Mahumet,
1664 4175 1888 4228 Maelio-

318 4272 771 4338 Inct,blahomet,
804 4271 1115 4332 Mohamed,
1171 4271 1317 4339 Quod
1384 4270 1628 4323 Moamed
1683 4269 1888 4324 Graecis

314 4375 422 4428 est,
457 4366 663 4434 absque
688 4365 1044 4433 aspiratione.
1084 4362 1399 4432 Stephanus
1450 4362 1718 4431 Ungarus,
1756 4379 1887 4418 sane

1992 523 2112 561 rum
2148 507 2408 564 referant.
2456 512 2694 565 Annales
2720 528 2847 566 vero
2906 511 3122 563 'l‘urcici
3178 510 3337 561 linem
3394 525 3572 561 rerum

1998 610 2274 668 gestarum
2305 603 2623 670 respiciunt,
2660 604 2892 670 ideoque
2952 603 3063 655 fere
3109 601 3220 668 jam
3250 601 3414 653 rebus
3446 602 3576 667 ipsis

1994 694 2260 759 expositis
2318 710 2582 749 annorum
2642 712 2903 749 numeros
2961 695 3250 762 adiiciunt.
3300 692 3414 748 Hoc
3453 694 3575 747 dili-

2000 793 2189 852 genter
2252 790 2546 841 observare
2614 788 2870 843 lectorem
2940 788 3123 851 velim,
3179 803 3246 841 ne
3302 803 3385 839 me
3424 795 3577 855 putet

1999 876 2197 931 alicubi
2228 888 2431 934 temere
2463 890 2702 935 mutasse
2756 898 3015 935 numeros
3052 881 3118 935 ab
3176 880 3297 934 aliis
3343 881 3571 947 positos.

2005 969 2409 1041 Hertzegovinm
2445 975 2547 1027 sub
2606 975 2792 1042 iugum
2859 976 3038 1028 missa:
3074 974 3293 1028 nomine
3341 973 3574 1026 ducatus

2003 1062 2319 1119 Bozinensis
2343 1067 2682 1135 intelligitur,
2717 1068 2857 1121 alius
2890 1084 2914 1117 a
2951 1082 3153 1135 regno:
3192 1068 3349 1133 cujus
3389 1064 3576 1117 interi—

2003 1166 2116 1208 tum
2167 1157 2423 1227 deinceps
2471 1176 2697 1212 numero
2748 1168 2991 1212 notarum
3054 1159 3152 1212 l6?
3213 1173 3570 1226 exponemus.

2005 1248 2156 1314 Quod
2183 1260 2361 1303 autem
2414 1252 2637 1313 dicitur,
2678 1253 3069 1306 Muchcmetem
3126 1253 3339 1306 Bozinaa
3390 1268 3567 1319 regem

2001 1355 2218 1409 captum
2262 1344 2553 1406 occidisse,
2621 1347 2783 1413 paulo
2838 1344 3219 1411 explicandum
3270 1345 3452 1407 latius,
3517 1354 3574 1397 ut

2001 1436 2217 1502 plenum
2266 1446 2370 1487 tam
2406 1438 2649 1490 barbara:
2692 1438 2927 1506 perﬁdia:
2981 1437 3355 1500 Muchemctis,
3405 1453 3567 1503 quam

2000 1527 2359 1580 immanitatis
2394 1528 2678 1582 horrenda:
2740 1528 2953 1584 facinus
3008 1539 3392 1598 cognoscatur.
3448 1529 3571 1581 Ste-

2000 1620 2215 1683 phanus
2245 1635 2376 1687 ergo
2413 1636 2505 1673 rex
2542 1620 2878 1680 Bozinensis.
2932 1627 2985 1673 et
3031 1620 3222 1673 uxorio
3276 1620 3397 1688 jure
3446 1620 3568 1688 (ceu

1997 1710 2203 1764 dictum
2234 1712 2394 1780 paulo
2425 1712 2572 1777 ante)
2612 1711 2815 1766 Serviat
2847 1712 3122 1766 Rasciaeve
3148 1712 3399 1781 despota,
3429 1712 3570 1765 bello

1997 1804 2198 1872 petitus
2232 1819 2259 1856 a
2292 1805 2510 1857 sultano
2538 1805 2878 1859 llluchemete
2923 1806 2986 1866 ll.
3014 1816 3070 1860 et
3120 1807 3379 1859 obsessus
3432 1804 3572 1858 Jait-

1997 1912 2095 1956 κω.
2135 1896 2417 1950 blanditiis
2453 1898 2667 1967 tyranni
2707 1914 2801 1965 per
2856 1899 3118 1966 quosdam
3179 1900 3245 1952 de
3298 1898 3569 1952 industria

1994 1988 2327 2042 subornatos
2354 2004 2382 2040 e
2408 1990 2636 2042 castello
2668 1988 2917 2052 Jaitzauo
2957 2002 3238 2050 evocatur,
3264 2002 3317 2043 et
3356 1991 3422 2043 ad
3456 1990 3571 2044 cul-

1998 2079 2241 2147 loquium
2294 2082 2613 2135 arcessitur.
2673 2081 2809 2134 Cum
2874 2083 3113 2137 barbaro
3146 2094 3349 2137 temere
3410 2084 3568 2137 tidem

1996 2171 2291 2233 habuisset,
2327 2188 2600 2240 manuque
2622 2175 2797 2239 capita
2828 2176 2975 2241 pacis
3010 2176 3152 2227 inter
3175 2193 3230 2229 se
3256 2192 3318 2228 ac
3353 2176 3574 2229 Muchc—

1996 2274 2189 2316 metem
2227 2263 2375 2317 iniue
2405 2276 2646 2332 gestans.
2681 2267 2733 2317 in
2799 2278 2978 2319 castra
3018 2270 3280 2328 venisset,
3319 2270 3568 2336 capitur:

1991 2368 2136 2418 cute,
2170 2358 2323 2422 jussu
2352 2358 2727 2422 Muchcmetis.
2763 2361 2921 2413 vivus
2955 2361 3215 2414 exuitur:
3246 2360 3394 2426 justo
3422 2362 3573 2415 deui-

1991 2462 2096 2515 que
2128 2446 2217 2499 Dei
2252 2446 2458 2516 judicio
2490 2462 2612 2499 cum
2653 2448 2761 2501 vita
2810 2464 3059 2518 regnum,
3096 2465 3205 2516 quo
3242 2448 3429 2501 fraude
3476 2464 3570 2516 pa-

1990 2548 2126 2593 trem
2152 2540 2294 2592 lilius
2327 2540 2628 2593 sceleratus
2648 2550 2989 2603 excusserat,
3029 2542 3253 2595 amittit.
3307 2540 3422 2593 lloc
3452 2556 3571 2591 mo-

1989 2632 2059 2686 do
2090 2643 2199 2685 tum
2234 2631 2433 2685 Bozina
2461 2631 2681 2696 Rascia,
2708 2634 2912 2688 Serviat
2944 2649 3137 2702 magna
3177 2649 3323 2701 pars.
3357 2633 3567 2685 Turco-

1990 2740 2107 2777 rum
2169 2725 2223 2778 in
2280 2733 2605 2794 potestatem
2656 2726 2824 2780 venit.
2892 2725 3147 2779 Matthias
3210 2736 3393 2778 tamen
3472 2740 3565 2779 rex

1990 2814 2245 2883 ngarus
2292 2815 2519 2871 Jaitzam
2554 2834 2678 2870 cum
2709 2819 2779 2873 27
2827 2819 3041 2873 Bozina:
3064 2820 3278 2887 oppidis
3332 2816 3567 2884 recepit:

1987 2929 2149 2979 quant
2177 2912 2410 2965 militum
2448 2928 2649 2966 corona
2683 2913 2880 2967 deinde
2914 2930 3133 2967 rursum
3196 2912 3569 2965 Muchemetes

1986 3005 2374 3071 circumdedit,
2414 3015 2469 3058 et
2494 3007 2867 3074 oppugnavit:
2895 3007 3395 3073 irritoqueeouatu,
3428 3002 3569 3056 fama

1914 3123 1959 3185 ε
1993 3098 2257 3150 duntaxat
2282 3096 2628 3151 adventantis
2658 3098 2898 3151 Matthiae
2932 3098 3153 3151 territus
3208 3097 3275 3149 ab
3329 3094 3567 3148 obsidio-

1994 3208 2079 3245 ne.
2111 3190 2437 3257 Bozinnzquc
2467 3189 2689 3252 finibus,
2723 3191 3002 3244 discessit.
3059 3188 3134 3242 De
3170 3190 3369 3257 oppido
3418 3186 3571 3241 Hert-

1992 3282 2247 3349 zi-goviua
2308 3282 2511 3334 dictum
2549 3282 2824 3347 superius,
2888 3280 3063 3349 capite
3121 3281 3208 3334 95.
3261 3278 3567 3333 Covadzam

1992 3374 2152 3426 Turni
2200 3388 2323 3425 cum
2386 3373 2668 3425 Boziuacis
2732 3381 2789 3425 et
2845 3372 3060 3425 Croatis
3112 3371 3396 3439 appellant
3449 3387 3571 3439 qua!

1990 3468 2160 3521 Jaitza
2196 3465 2485 3524 Bonilinio,
2555 3463 2975 3535 Chalcocondyli
3033 3463 3235 3524 Gaitia,
3296 3465 3571 3533 pauloque

1993 3561 2195 3614 rectius
2218 3558 2406 3613 Gaitza
2442 3558 2778 3612 nominatur.

1992 3672 2113 3726 149..
2138 3671 2325 3726 Plures
2344 3671 2397 3724 in
2412 3669 2635 3725 Albania
2652 3673 2943 3737 principum
2964 3670 3186 3724 ditiones
3205 3687 3223 3724 :
3249 3668 3567 3736 Ciolcliisar,

2662 3741 2904 3810 Egripos.

2062 3834 2233 3890 Erant
2266 3836 2318 3889 in
2354 3834 2585 3889 Albania
2616 3834 2799 3903 plures
2824 3835 3018 3903 reguli,
3048 3834 3139 3902 qui
3208 3849 3337 3888 suas
3373 3833 3569 3901 singuli

1992 3923 2229 3981 ditiones
2296 3908 2591 3979 habebant.
2642 3926 2787 3979 Inter
2849 3928 2945 3979 has
3003 3934 3121 3977 erat
3177 3924 3383 3986 lbanis,
3456 3926 3572 3976 sive

1991 4016 2218 4073 JOuItnis
2243 4035 2257 4081 ;
2282 4018 2567 4073 Caslriota:
2599 4018 2770 4086 regio,
2804 4019 2870 4071 de
2919 4034 3024 4086 qua
3058 4020 3310 4087 superius
3361 4018 3568 4069 dictum

1992 4114 2169 4181 Capite
2191 4113 2311 4166 121.
2348 4112 2497 4165 llanc
2530 4113 2698 4165 armis
2729 4127 2872 4164 nunc
2923 4112 3154 4179 imperio
3214 4109 3570 4166 Muchemctis

1992 4207 2225 4260 cessisse
2251 4203 2494 4258 referunt
2528 4203 2788 4266 Annales,
2818 4204 2963 4271 quod
3012 4203 3101 4255 alii
3150 4202 3353 4255 factum
3416 4203 3572 4257 dedi-

1993 4299 2141 4353 tione
2176 4305 2422 4350 narrant.
2457 4294 2725 4348 Lanuieus
2760 4296 2859 4347 hac
2893 4296 3034 4347 serie
3082 4294 3320 4346 ditiones
3349 4311 3571 4347 emunc-

1993 4399 2095 4445 rat.
2154 4386 2396 4440 Primum
2463 4386 2538 4438 ait
2586 4385 2837 4437 Sandalis
2889 4384 2939 4436 in
2975 4385 3118 4453 Epiri
3154 4386 3349 4437 vicinia
3410 4387 3568 4439 sitam

314 4459 524 4528 Ρθτίίυδ
584 4458 857 4526 interpres
920 4456 1229 4525 “"glmmm
1294 4456 1556 4548 plurim“:
1619 4454 1884 4548 “Mle?!
1921 4464 2433 4548 Dessercgionem,
2493 4478 2581 4530 cui
2654 4477 2895 4530 ﬁnitimae
2957 4478 3065 4531 sint
3095 4476 3418 4531 Venetorum
3467 4480 3571 4533 alio

313 4552 580 4614 Arabicae,
614 4550 875 4613 Persice,
915 4564 1078 4619 quem
1111 4548 1268 4603 nobis
1315 4546 1643 4616 impetrante
1677 4547 1887 4617 magni-

316 4649 419 4698 tieo
450 4644 672 4697 domino
706 4640 1040 4710 Hieronymo
1072 4638 1211 4693 Beck
1243 4655 1271 4692 a
1296 4638 1699 4708 Leopoldstorf,
1755 4654 1887 4692 con-

314 4736 494 4789 sulere
531 4734 597 4787 de
627 4733 813 4787 multis
869 4730 1041 4794 licuit,
1100 4738 1245 4785 recte
1310 4729 1536 4797 putabat
1602 4728 1653 4781 iu
1690 4743 1887 4798 genere

313 4838 427 4879 tum
456 4824 643 4887 scribi,
680 4836 794 4880 tum
820 4822 1119 4884 enuntiari,
1169 4821 1521 4874 Mobammet.

315 4962 440 5017 Hl.
476 4960 627 5014 Finis
657 4962 801 5025 regni
836 4958 1178 5011 Bozinrnsis:
1218 4952 1549 5025 observando
1570 4954 1889 5008 dirersilalis

388 5048 643 5085 annorum
669 5024 805 5084 ratio
823 5046 841 5083 :
867 5030 1118 5091 Stephani
1142 5030 1273 5096 regis
1296 5024 1552 5096 excorinti
1576 5026 1888 5078 calamitas:

385 5104 641 5158 Matthias
677 5100 939 5171 Uttgaritt'_
960 5116 1047 5152 rex
1072 5093 1327 5171 Bozi‘nam
1356 5093 1531 5161 recipit
1555 5110 1573 5146 .·
1601 5105 1648 5147 et
1678 5096 1887 5149 illucue-

385 5187 566 5230 metam
595 5174 739 5245 fama
762 5169 877 5226 sola
914 5169 1080 5239 fugat.
1115 5169 1382 5223 Cavadza.

381 5310 589 5365 Bellum
619 5310 748 5372 hoc,
785 5306 926 5376 quod
977 5303 1262 5357 Bozinensi
1326 5310 1434 5355 tam
1494 5316 1683 5367 regno,
1718 5317 1880 5372 quam

308 5398 720 5455 ducatuitlnem
775 5396 976 5457 attulit,
1025 5392 1310 5447 Bonlinius
1339 5393 1504 5447 refert
1558 5394 1623 5447 ad
1680 5411 1881 5448 annum

307 5492 685 5547 Christianum
720 5488 878 5543 N65.
908 5487 1068 5539 'l‘urci
1105 5500 1230 5537 vero
1272 5485 1512 5547 tradunt,
1552 5484 1656 5540 hoc
1722 5487 1884 5541 annis

308 5602 363 5641 ιι
391 5592 515 5653 post
542 5592 764 5651 captam
819 5577 1353 5645 Constantinopolim
1421 5577 1591 5631 fuisse
1644 5590 1879 5647 gestum.

313 5678 385 5730 De
454 5692 562 5744 quo
624 5675 872 5744 sequitur
928 5673 992 5725 ad
1038 5686 1241 5725 annum
1297 5670 1666 5725 Christianum
1740 5672 1878 5727 “(il

310 5768 658 5825 reiciendum
706 5782 848 5822 esse.
905 5766 1056 5819 Solet
1094 5764 1260 5819 etiam
1296 5765 1589 5821 usuvenire
1631 5766 1873 5830 plerum-

1993 4586 2125 4643 quot
2163 4574 2348 4636 urbes,
2378 4573 2621 4625 Albaniae
2653 4572 2934 4639 proximae.
2987 4567 3217 4624 Joannis
3252 4572 3377 4625 inde
3431 4571 3570 4627 Cas-

1994 4668 2176 4722 triotis
2206 4681 2395 4733 agrum
2431 4664 2744 4728 succedere,
2779 4662 2863 4715 cui
2892 4662 2961 4715 sit
2984 4662 3190 4715 adnexa
3225 4664 3371 4731 regio
3405 4664 3572 4718 Com-

1994 4754 2381 4808 neniadarum.
2422 4751 2559 4805 lliuc
2599 4752 2758 4804 sitam
2808 4752 3039 4805 ulterius
3076 4751 3354 4814 Arianitaa,
3408 4753 3573 4808 Com-

1998 4845 2270 4923 neui‘filii,
2308 4844 2567 4897 ditionem
2594 4852 2840 4911 aspera'm
2890 4852 2944 4896 et
3007 4856 3378 4899 montuosam.
3440 4847 3573 4914 tsjus

1997 4937 2200 5005 regiam
2228 4935 2494 4989 vocabulo
2530 4949 2671 4987 nunc
2718 4936 2880 4986 etiam
2917 4944 3065 4995 noto,
3122 4934 3367 4989 Cmuina
3419 4938 3571 4991 dicc-

1996 5028 2149 5088 baut,
2183 5042 2409 5080 numero
2443 5026 2838 5080 multitudinis:
2895 5042 3017 5095 quae
3083 5043 3247 5095 supra
3306 5027 3567 5081 Valonam

1994 5121 2079 5174 vel
2118 5119 2412 5172 Auluniam
2476 5119 2528 5171 in
2565 5120 2782 5171 sublimi
2835 5119 3011 5186 posita
3068 5119 3424 5186 COllSpicillll‘.
3460 5120 3565 5171 Arx

1993 5214 2331 5269 Caramania:
2362 5213 2691 5272 Giolcltisar,
2720 5212 2878 5280 cujus
2913 5213 3071 5281 paulo
3102 5222 3225 5280 post
3252 5212 3458 5264 mentio
3482 5214 3563 5267 lit.

1992 5307 2045 5358 in
2070 5304 2329 5358 Anatoliae
2348 5302 2527 5355 tabula
2554 5303 3021 5369 ebrouographica
3055 5299 3319 5353 scribitur
3352 5300 3571 5353 Culchi-

1989 5411 2099 5449 sar.
2133 5394 2361 5463 Egripos
2390 5395 2562 5447 insula
2595 5392 2787 5447 Turcis
2812 5393 3028 5455 dicitur,
3063 5408 3227 5461 quam
3261 5393 3422 5462 vulgo
3447 5393 3560 5459 jam

1988 5486 2393 5557 Negropontum
2427 5488 2723 5555 appellant,
2757 5488 2896 5539 sicut
2923 5497 2975 5539 et
3004 5486 3317 5553 primariam
3371 5485 3564 5538 insula:

1987 5579 2303 5634 civitatem:
2356 5594 2475 5646 quae
2530 5586 2717 5644 ponte,
2761 5578 2847 5627 l‘Ul
2904 5576 3188 5629 castellum
3247 5574 3564 5642 adjunctunr

1987 5679 2089 5734 est,
2126 5685 2249 5725 cum
2284 5669 2500 5722 Achaia:
2526 5668 2825 5721 continenti
2877 5667 3133 5721 coltmret.
3169 5663 3299 5719 Urbi
3357 5681 3561 5718 noun-ts

1986 5764 2127 5826 apud
2163 5762 2373 5827 priscos
2416 5771 2535 5818 erat
2580 5760 2822 5826 Chalcis,
2878 5760 3071 5816 insula:
3104 5775 3253 5825 vero,
3311 5758 3559 5814 Euboea.
