4048 6208
487 259 596 324 ΞΞἹ

1699 280 2018 338 Jt).~\NNiS
2056 280 2517 339 LEUNCLAVII

3621 286 3639 337 ἓν
3650 282 3720 341 9.3

489 392 653 436 quam
678 380 862 449 Euripi
898 382 1069 437 ﬂuxus
1102 387 1428 452 nobilitavit,
1488 399 1544 443 ut
1600 391 1858 460 Euripum
1904 395 2050 462 ρι’ίιιτ
2081 396 2123 449 Α
2156 402 2257 446 ret.
2299 394 2364 447 Et
2403 395 2530 463 quia
2553 394 2738 450 deesse
2776 412 2879 450 nou
2920 397 3118 450 soleret
3152 396 3346 456 otlicio,
3376 396 3427 447 iit
3469 394 3723 447 observa-

490 474 735 541 ccpsille
761 476 1203 546 philosophorum
1237 482 1574 540 Aristoteles.
1642 488 1773 542 Nam
1825 493 1869 545 si
1927 508 2052 546 vera

491 575 637 624 sunt,
672 582 790 633 quae
829 569 894 621 de
926 570 1059 637 ipso,
1089 587 1283 629 causas
1335 589 1511 631 titulus
1562 579 1742 649 Euripi
1797 588 2057 651 pervesti-

492 668 668 718 gante,
705 658 1052 717 referuntur:
1100 663 1260 735 452
1311 684 1432 721 eum
1470 677 1683 727 tandem
1733 676 2057 735 Aristoteles

491 744 750 812 Euripum
779 764 973 813 capere
987 768 1093 808 non
1132 769 1334 825 posset,
1371 764 1511 829 cepit
1538 764 1772 833 Euripus
1790 768 2059 826 Aristote-

490 840 611 907 lem.
640 838 767 891 Erat
791 840 1017 909 Enbtea,
1037 860 1157 901 cum
1179 864 1208 903 a
1241 851 1573 909 Muchemete
1594 858 1732 912 bello
1764 872 2052 930 peteretur,

490 927 817 985 Venetorum
845 935 895 987 in
924 950 1207 1004 potestate.
1261 944 1633 1003 Detendehant
1682 927 1799 1007 eam
1866 927 2055 1010 contra

489 1021 695 1078 'l‘urcos
725 1029 928 1081 acriter
949 1033 1168 1087 nomine
1216 1036 1532 1104 reipublicae
1589 1042 1900 1101 Ludovicus
1932 1049 2057 1103 Cal-

490 1116 609 1180 hus,
642 1126 694 1171 et
723 1119 919 1176 Paulus
956 1124 1201 1192 Erizzus,
1233 1131 1313 1183 vel
1346 1131 1610 1198 Ericeius,
1641 1147 1839 1204 prtetor
1894 1141 2059 1197 Chal-

488 1208 648 1274 cidis,
687 1227 844 1278 quem
878 1226 1203 1281 potestatum
1230 1220 1418 1277 Veneti
1450 1228 1753 1284 nominant.
1781 1231 1884 1286 Sed
1917 1235 2057 1289 clas-

488 1318 545 1352 se
568 1302 765 1357 Veneta
804 1308 918 1362 suis
939 1326 1262 1369 succurrere
1296 1334 1401 1372 non
1439 1338 1596 1385 ausa,
1629 1328 1847 1380 tandem
1910 1331 2060 1398 oppi-

490 1396 677 1489 do-pcr
698 1398 801 1451 vim
822 1402 975 1468 potiti
1008 1403 1159 1461 fuere
1187 1409 1370 1464 Tttrci.
1410 1412 1545 1468 Filia
1567 1416 1718 1471 Pauli
1783 1396 2068 1489 praetoris,

492 1486 626 1538 urbe
659 1502 835 1556 capta,
883 1506 1101 1563 propter
1165 1502 1429 1573 insignem
1486 1507 1675 1563 tormze
1714 1524 2053 1569 venustatem

489 1578 554 1629 ad
614 1581 894 1637 sultanum
961 1586 1356 1648 Muchemetem
1411 1599 1663 1666 deducta,
1717 1608 2052 1662 memorabili

490 1672 739 1740 exemplo
768 1677 1039 1743 pudicitia:
1066 1684 1203 1739 mori
1237 1688 1449 1755 maluit,
1478 1708 1642 1761 quam
1686 1697 1806 1763 ejus
1832 1715 1891 1754 se
1934 1702 2054 1756 libi-

490 1761 601 1814 dini
637 1768 979 1831 prostituere.

492 1876 616 1932 H5.
653 1880 1060 1978 Usun-(Elmsan,
1085 1891 1316 1978 ‘Jusufze
1351 1900 1461 1978 beg,
1496 1902 1837 1978 Mustap/tam
1882 1911 2052 1978 ﬁlium

799 1955 855 2008 Μ
863 1960 1150 2017 uchemetes
1182 1955 1513 2037 strangulari

564 2039 634 2095 De
658 2044 814 2114 hujus
847 2049 1114 2109 Chasanis
1154 2059 1361 2128 origine
1409 2063 1732 2124 Reineccius
1790 2075 2054 2143 exquisite

491 2131 730 2189 disserit.
764 2138 917 2194 Usun
944 2159 973 2196 a
1014 2144 1206 2205 Turcis
1235 2153 1304 2205 ob
1340 2163 1602 2211 staturam
1638 2131 1889 2231 corporis
1936 2168 2053 2220 exi-

494 2238 655 2324 miam
689 2229 991 2290 dicebatur.
1018 2237 1150 2294 Nam
1204 2243 1349 2298 Usun
1378 2250 1455 2300 eis
1507 2229 1777 2318 signiﬁcat.
1831 2258 2050 2330 longum

490 2330 931 2407 stt-eprocerum,
963 2330 1051 2395 qui
1088 2329 1305 2389 Persica
1347 2338 1524 2407 lingua
1572 2342 1726 2400 Diras
1756 2329 2050 2406 diceretur.

491 2404 760 2506 baonicus
791 2430 1009 2506 quoque
1034 2421 1331 2480 Chasanem
1364 2404 1605 2498 Longum
1640 2438 1893 2506 appellat.
1927 2404 2054 2495 Joa;

490 2498 704 2591 chimus
772 2505 1002 2575 Cureus,
1056 2513 1371 2573 Silesiorum
1436 2523 1750 2591 historicus,
1806 2532 2053 2589 nominat

490 2588 926 2661 liussancanum,
953 2603 1032 2657 Vel
1051 2619 1303 2677 corrupta
1325 2628 1474 2677 voce,
1494 2618 1577 2671 vel
1598 2618 1650 2672 in
1674 2618 1880 2677 Hassan
1898 2624 2049 2680 Chau

492 2686 767 2775 ututanda,
794 2692 942 2758 quod
981 2707 1126 2753 esset
1154 2699 1440 2768 Hispanico
1487 2724 1657 2775 more,
1709 2713 1822 2767 Don
1868 2715 2048 2772 Hasan

488 2774 573 2825 vel
596 2773 834 2834 Chasan.
861 2783 963 2840 Sed
1018 2789 1160 2857 ipsos
1216 2793 1464 2854 Persicos
1524 2817 1678 2872 reges
1726 2822 1791 2860 co
1837 2811 2055 2866 nomine

494 2880 621 2920 usos
646 2884 751 2923 non
777 2877 998 2932 memini
1018 2881 1101 2934 vel
1123 2884 1318 2952 legere,
1342 2890 1425 2943 vel
1453 2893 1672 2949 audire:
1702 2899 1843 2965 quod
1874 2909 2050 2954 tamen

491 2960 807 3025 proceribus
839 2968 1009 3023 eidem
1042 2976 1153 3042 regi
1182 2978 1414 3036 subditis
1450 2985 1612 3038 tribui
1645 2988 1778 3051 scio,
1809 3002 1861 3045 et
1890 3002 2048 3047 antea

2162 484 2459 553 tiouejuris
2491 495 2545 540 et
2574 487 2734 554 mqui,
2772 487 2817 541 si
2849 488 3066 556 quidem
3104 487 3401 541 italibitum
3427 487 3474 539 ei
3513 486 3725 545 fuissrt,

2160 574 2372 628 misisse
2409 584 2529 644 post
2555 578 2787 630 triduum
2808 577 3097 645 quemdam
3130 592 3159 631 e
3209 576 3345 639 suis,
3380 576 3471 644 qui
3522 573 3726 627 Musta-

2158 667 2277 736 phae
2309 684 2476 721 nervo
2510 667 2709 735 injecto
2740 667 2925 722 fauces
2954 668 3109 736 jussu
3144 670 3308 749 patris
3342 668 3569 722 eliserit.
3599 666 3726 719 lltcc

2160 758 2567 830 Spanduginus.
2589 758 2719 824 Qua:
2747 775 2877 846 sane
2904 759 2947 813 si
2974 776 3098 814 vera
3133 770 3282 821 sunt,
3316 760 3636 828 utplurihus
3657 775 3721 810 ex

2158 854 2338 908 causis
2364 869 2482 906 esse
2509 854 2758 907 videntur
2777 898 2791 920 ,
2846 853 3196 909 memorabile
3226 853 3383 907 nobis
3415 852 3721 917 exemplum

2158 946 2371 1015 paterni
2420 946 2617 1014 rigoris
2654 961 2780 1015 erga
2811 946 3000 1009 tilium,
3032 945 3315 1013 casteroqdi
3371 952 3719 1013 prmstantem

2156 1040 2361 1097 virum.
2387 1040 2440 1090 in
2467 1053 2530 1092 ea
2564 1048 2720 1107 gente
2751 1039 2992 1106 praebent
3019 1056 3033 1090 :
3062 1038 3219 1106 cujus
3250 1037 3450 1091 sultani
3482 1051 3612 1089 suos
3668 1037 3720 1089 in

2157 1129 2423 1183 vilissima
2455 1129 2750 1197 mancipia,
2808 1146 2875 1184 ne
2932 1130 3161 1184 maxima
3203 1130 3417 1199 quidem
3456 1128 3724 1193 dignitate

2158 1220 2290 1270 viris
2336 1219 2634 1273 secundum
2694 1221 2842 1289 ipsos
2920 1222 3193 1290 principes
3265 1222 3718 1290 repugnantibus,

2156 1312 2372 1380 quidvis
2401 1313 2504 1366 sibi
2539 1314 2699 1366 licere
2721 1323 2933 1380 putant.

2460 1406 2580 1462 144.
2617 1404 2960 1472 Caracltisar,
3018 1406 3155 1460 Cha:
3206 1405 3409 1461 Murat.

2228 1498 2523 1552 tilauserus
2583 1499 2634 1550 in
2685 1497 3139 1568 Chatcocontlylis
3193 1499 3553 1553 c0uversione
3626 1514 3723 1553 sua

2159 1606 2353 1645 nomen
2390 1591 2564 1655 urbis,
2596 1607 2759 1660 quam
2784 1591 3152 1647 Muchemetes
3179 1593 3232 1647 in
3256 1593 3524 1647 Chasanis
3543 1594 3727 1662 regio-

2158 1697 2280 1734 nem
2310 1697 2534 1750 pergens
2559 1684 2859 1751 occuparit,
2894 1700 2998 1737 non
3038 1692 3314 1751 repertum
3341 1685 3423 1751 (ut
3456 1683 3718 1752 arbitror)

2162 1776 2213 1828 in
2239 1790 2336 1828 suo
2364 1774 2572 1839 codice,
2604 1774 2808 1828 omisit.
2841 1777 3147 1844 Ascriptum
3177 1785 3355 1830 tamen
3390 1787 3475 1832 est
3522 1777 3726 1845 margi-

2161 1866 2313 1919 uide
2364 1865 2498 1918 libro
2552 1865 2890 1919 Gundcliano
2940 1865 3133 1936 Coryci
3187 1883 3408 1931 nomen,
3462 1883 3527 1923 ac
3579 1880 3726 1925 recte

2161 1957 2400 2023 quidem.
2427 1955 2560 2010 Nam
2592 1956 2857 2025 Corycum
2884 1958 3050 2026 cepit,
3076 1974 3239 2027 quam
3271 1958 3435 2014 Turci
3464 1976 3621 2016 suam
3657 1962 3724 2016 ad

2163 2046 2399 2115 linguam
2437 2048 2681 2101 nonnihil
2707 2052 3213 2116 arcommodarunt,
3253 2060 3310 2107 et
3361 2051 3727 2107 Charachisar

2163 2136 2429 2190 dixerunt.
2453 2136 2763 2191 Monuintus
2793 2138 2937 2191 enim
2988 2156 3175 2209 supra,
3215 2156 3336 2210 cap.
3394 2141 3480 2203 15,
3530 2140 3728 2196 Turcis

2161 2244 2281 2282 esse
2308 2230 2359 2281 in
2385 2246 2556 2296 more,
2581 2233 2660 2286 sic
2691 2233 2912 2302 antiqua
2936 2245 3147 2289 mutare
3173 2238 3396 2290 nomina
3418 2236 3723 2301 civitatum,

2162 2332 2853 2393 Castrorum,stagnorum,
2914 2328 3221 2393 ﬂuminum,
3284 2332 3602 2398 regionum:
3668 2340 3726 2383 ttt

2162 2415 2465 2481 priscorum
2491 2417 2799 2471 atiinitatem
2825 2420 3135 2483 retinentia,
3163 2420 3519 2475 nihilominus
3546 2424 3595 2474 iu
3624 2436 3722 2476 sua

2162 2506 2340 2575 lingua
2375 2508 2629 2575 quiddam
2678 2510 3002 2579 signiﬁcent.
3062 2510 3139 2565 ita
3172 2512 3239 2566 de
3268 2512 3472 2582 Coryco
3518 2512 3721 2567 factum

2158 2599 2505 2665 Caraeltisar,
2549 2602 2691 2671 quod
2759 2602 2987 2656 Turcice
3041 2611 3200 2658 sonat
3260 2619 3436 2659 arcem
3486 2606 3720 2676 nigrant.

2159 2693 2314 2761 Apud
2354 2693 2616 2749 Ortelium
2647 2696 2697 2748 in
2750 2695 3079 2765 Synonymia
3138 2697 3494 2767 geographica
3542 2696 3721 2752 Curcu

2159 2782 2330 2851 Nigri,
2355 2794 2407 2855 et
2436 2784 2640 2839 Corcos
2671 2801 2735 2838 ex
2763 2786 3041 2839 itinerario
3067 2784 3420 2852 Beujamiuis,
3474 2787 3720 2842 admitto.

2161 2876 2479 2931 lllorcatoris
2501 2894 2627 2933 vero
2648 2876 2897 2941 Chutam,
2931 2894 3054 2933 cum
3101 2878 3309 2932 Chuteo
3336 2877 3553 2951 Josephi
3588 2879 3719 2928 Bar-

2162 2970 2298 3033 bari,
2343 2970 2477 3023 nihil
2528 2970 2595 3024 ad
2629 2972 2897 3041 Corycum
2957 2973 3232 3041 pertinere
3286 2981 3439 3041 puto.
3490 2970 3723 3024 Murates

491 3059 708 3106 notasse
743 3059 1028 3115 recordor.
1069 3062 1297 3123 Jnsutze
1323 3072 1405 3125 vel
1456 3073 1681 3147 Jusul‘ge
1715 3095 1910 3135 nomen
1966 3084 2053 3137 iti-
2077 3092 2124 3152 ο
2158 3061 2267 3121 ί¹¹θν
2292 3061 2562 3115 “mnam”
2589 3063 2668 3116 "ei
2692 3063 2918 3132 Ευτοντθ
2944 3062 3709 3133 δθειθτδεευδνθυί¹¹δ¹¹⁰¹ηθη

489 3144 608 3196 dem
647 3144 847 3201 tactum
874 3164 958 3205 est
988 3169 1016 3209 a
1049 3164 1280 3225 statura,
1309 3162 1478 3219 forma
1511 3144 1808 3227 deminuta.
1844 3173 2062 3246 Signiﬁ-

488 3244 574 3286 cat
605 3236 747 3290 enim
772 3236 1151 3311 Josephulum.
1193 3248 1380 3308 Jovius
1420 3236 2057 3334 simpliciterJoscphum

492 3327 758 3428 nominat.
797 3331 869 3388 De
905 3335 1105 3394 Tocata
1140 3345 1393 3413 superius
1427 3350 1673 3417 quaedam
1712 3327 2058 3428 habes-capi-

493 3426 545 3519 te
576 3419 665 3476 75.
697 3421 840 3519 ‘Cum
877 3428 1078 3485 dicitur
1107 3448 1137 3487 a
1173 3446 1329 3504 patre
1352 3439 1666 3511 Mustaphas
1727 3446 1895 3503 tuisse
1927 3419 2059 3519 pra--

493 3510 666 3610 tectus
695 3516 761 3572 iis
792 3520 948 3584 locis,
983 3524 1303 3597 intelligitur
1326 3510 1546 3591 Amasia
1570 3556 1586 3592 :
1610 3539 1676 3594 de
1724 3556 1829 3610 qua
1856 3510 2055 3599 dictum

491 3602 648 3656 initio
678 3605 1083 3681 declarationis,
1138 3622 1316 3688 capite
1373 3636 1621 3681 notarum
1658 3629 1709 3683 6.
1741 3602 2059 3704 ⁵Μιιδιδριιίὶε

496 3696 581 3748 hic
603 3707 730 3752 ante
758 3714 962 3768 patrem
984 3711 1292 3767 exstinctus
1326 3712 1451 3783 fuit,
1480 3718 1602 3774 aliis
1632 3724 1901 3779 venationi
1929 3696 2059 3783 cau-

493 3804 608 3844 sam
644 3794 836 3851 mortis
878 3799 1428 3869 ascribentibus,aliis
1477 3809 1660 3866 nimia:
1685 3813 1897 3872 Veneri.
1952 3818 2059 3873 No-

494 3881 577 3935 his
601 3897 664 3937 ea
700 3884 846 3941 lubet
876 3889 1275 3961 interpretando
1300 3898 1561 3967 adjicere,
1608 3919 1728 3974 quae
1749 3908 1906 3979 digna
1942 3929 2057 3967 me-

492 3985 703 4067 moratu
731 3977 797 4031 de
824 3980 994 4047 ipsius
1026 3984 1243 4040 interitu
1270 3991 1507 4057 prodidit
1532 3977 1938 4067 Spauduginus.
1969 4006 2058 4060 Ait

491 4062 661 4128 cnim,
719 4068 1030 4127 Achmetem
1086 4074 1326 4141 bassant.
1378 4062 2052 4160 cognomentoullidicetu,

490 4158 557 4208 de
592 4174 700 4229 quo
734 4163 916 4217 statim
938 4165 1091 4234 plura
1119 4169 1318 4227 dicturi
1346 4191 1559 4242 sumus,
1593 4179 1846 4238 habuisse
1902 4158 2057 4242 terni?

489 4266 613 4304 nam
650 4251 823 4307 forma
854 4266 1226 4325 praestantem,
1264 4264 1423 4333 cujus
1448 4283 1635 4325 amore
1681 4283 1871 4343 captus
1895 4276 2055 4335 fuerit

490 4337 808 4437 blustaphas
837 4344 946 4408 hic,
969 4346 1329 4408 Muchemetis
1352 4354 1529 4412 titius:
1580 4376 1701 4416 cum
1747 4337 2052 4437 aliquando

2165 3154 2253 3208 hic
2312 3154 2625 3224 subjicitur,
2665 3165 3086 3225 cognominatus
3122 3155 3223 3211 fuit
3269 3154 3435 3221 Chas,
3470 3156 3571 3211 hoc
3614 3164 3719 3220 est,

2160 3247 2378 3314 elegans
2402 3256 2497 3300 aut
2519 3258 2799 3303 venustus.

2189 3356 2315 3410 HS.
2357 3353 2773 3411 Usumchasanis
2796 3356 2937 3425 ﬁlius
2964 3354 3166 3410 Zeineli
3225 3370 3392 3411 ca'sus
3422 3354 3477 3409 in
3512 3354 3697 3425 praelia

2646 3439 2830 3481 contra
2865 3427 3260 3480 Mucher’netem.

2228 3517 2330 3585 Qui
2371 3520 2472 3575 hoc
2508 3520 2697 3589 praelia
2734 3519 2836 3573 fuit
2865 3520 3182 3574 interfectus
3230 3519 3500 3574 Chasanis
3550 3517 3721 3588 Longi

2161 3614 2327 3677 titius,
2356 3614 2559 3668 nullum
2596 3614 2685 3668 hic
2730 3614 2784 3667 in
2818 3613 3119 3668 Annalibus
3181 3629 3382 3668 nomen
3423 3615 3601 3669 habet.
3628 3613 3723 3667 Se-

2160 3705 2426 3760 cretarius
2447 3715 2626 3759 autem
2659 3704 2991 3773 Sigismundi
3030 3703 3343 3765 Malatestze,
3372 3703 3544 3773 reguli
3596 3703 3726 3755 Ari-

2160 3798 2441 3859 miueusis,
2471 3798 2562 3864 qui
2597 3809 2725 3851 tunc
2747 3797 2897 3860 vixit,
2940 3807 2996 3852 et
3020 3796 3290 3865 plerisque
3317 3796 3481 3851 rebus
3508 3795 3560 3850 id
3586 3806 3725 3849 tein-

2159 3888 2377 3957 porisin
2406 3886 2615 3943 Graecia
2642 3899 2696 3942 et
2741 3888 2995 3942 Anatolia
3036 3888 3199 3958 gestis
3247 3903 3371 3943 cum
3418 3889 3552 3942 hero
3596 3902 3724 3950 suo,

2159 3995 2367 4048 magum
2396 3980 2631 4046 virtutis,
2663 3990 2718 4034 et
2759 3982 2995 4036 nominis
3039 3981 3170 4035 clari
3220 3983 3379 4046 duce,
3433 3981 3721 4039 interfuit;

2159 4072 2429 4127 Zenialem
2456 4085 2631 4138 vocat,
2664 4076 2756 4145 qui
2795 4075 2949 4130 Jovio
2997 4075 3194 4146 Zeynal
3242 4075 3461 4128 dicitur.
3510 4073 3559 4127 ls
3592 4091 3726 4126 vero

2158 4165 2352 4222 Turcis
2380 4178 2461 4223 est
2485 4167 2709 4233 Zeineli,
2735 4168 3001 4223 vocabulo
3036 4169 3384 4239 signiﬁcante
3420 4168 3722 4229 hominem,

2159 4260 2245 4313 cui
2294 4260 2482 4314 dentes
2521 4271 2614 4314 aut
2675 4261 2907 4315 maxilla
2958 4260 3306 4331 przegrandes
3366 4271 3513 4313 sunt.
3563 4259 3722 4312 Illum

2159 4352 2331 4406 Latini
2361 4352 2641 4407 Dentatum
2663 4360 2948 4417 vocarunt,
2974 4354 3119 4407 hunc
3156 4353 3326 4407 Graeci
3350 4352 3719 4412 Gnathonem,

487 4430 544 4484 in
568 4433 770 4499 aulam,
796 4437 955 4492 otiicii
982 4453 1169 4504 causa,
1188 4459 1406 4500 manum
1435 4430 2050 4525 patrisexosculaturus,

2160 4445 2380 4512 opinor:
2409 4444 2495 4514 qui
2524 4458 2591 4498 an
2626 4444 2815 4500 Latine
2855 4445 3160 4503 Maxillatus
3202 4445 3308 4501 dici
3363 4448 3564 4515 possit.
3624 4447 3718 4499 alii

488 4526 747 4581 venisset.
772 4526 901 4585 Inde
930 4530 1157 4597 factum,
1190 4546 1247 4587 ut
1282 4537 1367 4590 illa
1396 4542 1629 4608 quodam
1651 4554 1889 4615 tempore
1940 4550 2055 4605 bal-

489 4632 649 4671 neum
684 4621 803 4691 (pro
832 4640 983 4681 more
1013 4625 1245 4683 Turcico
1274 4630 1544 4701 ingressa,
1599 4636 1909 4707 Mustaphas
1957 4658 2054 4697 eo-

488 4706 610 4761 dem
642 4725 701 4765 se
729 4712 1028 4781 conterret,
1058 4727 1113 4771 et
1141 4720 1341 4773 nudam
1373 4723 1456 4790 (ut
1488 4725 1625 4793 erat)
1657 4706 1799 4779 nulla
1834 4731 2053 4799 pudoris

490 4798 674 4853 habita
708 4803 938 4868 ratione,
971 4807 1219 4863 violaret.
1254 4811 1537 4884 indignum
1567 4817 1669 4872 hoc
1697 4798 1909 4876 facinus
1929 4839 2050 4877 cum

486 4893 777 4950 Achmetes
815 4900 881 4951 ad
912 4900 1187 4955 sultanum
1232 4902 1624 4962 Mttchemetetn
1656 4910 1911 4979 deferret,
1972 4916 2054 4969 di-

489 4983 846 5057 laceratisque
928 4993 1171 5048 vestibus
1285 5010 1350 5051 ac
1434 5000 1726 5069 tulipanto,
1815 5005 1882 5059 de
1945 5016 2052 5060 tam

489 5081 636 5148 gravi
689 5096 1009 5150 quereretur
1030 5087 1250 5155 injuria.
1287 5091 1576 5146 vindictam
1638 5095 1861 5150 sceleris
1894 5112 2057 5162 expo-

490 5180 1033 5246 cens:respoudisse
1091 5180 1513 5248 Muchemetem,
1543 5200 1642 5239 cur
1698 5186 1767 5241 iis
1818 5190 2056 5256 querelis

492 5272 769 5324 uteretur?
797 5287 864 5326 an
898 5275 1156 5340 nesciret,
1192 5276 1390 5331 sultani
1421 5294 1479 5333 se
1514 5278 1845 5347 mancipium
1892 5280 2055 5333 esse?

493 5365 547 5418 Si
591 5365 825 5420 maxime
848 5368 1010 5434 titius,
1041 5368 1237 5439 inquit,
1265 5386 1419 5425 meus
1443 5370 1753 5438 Musmphas
1785 5376 1837 5424 in
1872 5373 2056 5426 uxoris

495 5467 596 5511 tua:
625 5459 941 5526 complexus
968 5462 1133 5527 venit,
1198 5479 1265 5515 an
1319 5477 1425 5516 non
1469 5478 1588 5515 meo
1618 5477 1741 5515 cum
1792 5465 2057 5531 mancipio

495 5565 609 5605 rem
659 5552 885 5606 habuit?
942 5552 1123 5607 Nihilo
1155 5561 1333 5607 tamen
1385 5556 1567 5609 minus
1616 5563 1823 5623 patrem
1854 5555 1921 5607 de
1966 5555 2055 5607 taii

496 5655 708 5705 patrato
733 5644 971 5698 facinore
999 5644 1166 5698 tilium
1191 5655 1403 5700 secreto
1416 5662 1577 5715 quam
1598 5647 2058 5703 acerrimeincre-

499 5748 676 5803 passo,
708 5734 1071 5807 jussisscquc,
1110 5748 1285 5792 utsuo
1317 5748 1611 5810 conspectu
1632 5739 1776 5796 illico
1810 5740 2055 5797 discede-

2160 4536 2407 4589 viderint.

2158 4648 2318 4720 453
2352 4651 2472 4705 146.
2504 4649 2783 4706 Μοίιιαυὶω
2824 4648 3056 4723 Vaivoda
3092 4651 3289 4707 Turcos
3331 4652 3531 4723 ingenti
3569 4651 3721 4705 clade

2847 4722 3028 4789 afﬁcit.

2235 4815 2516 4870 Moldaviat
2546 4812 2841 4868 Vaivodam
2865 4828 2989 4867 cum
3023 4815 3279 4881 dicimus,
3309 4830 3524 4884 semper
3565 4816 3722 4870 illum

2161 4908 2542 4977 intelligimus,
2569 4922 2732 4974 quem
2765 4924 2793 4959 a
2818 4907 3014 4961 Turcis
3046 4908 3342 4977 principem
3377 4908 3725 4974 Carabogda-

2164 5002 2264 5055 niue
2294 4998 2586 5064 nominari,
2622 5000 2934 5054 monuimus
2975 5015 3162 5068 supra,
3192 5015 3312 5067 cap.
3352 5000 3443 5055 7t.
3468 5000 3572 5064 Qui
3598 5016 3727 5053 vero

2164 5094 2361 5148 caedem
2407 5094 2549 5148 banc
2572 5092 2873 5146 Turcorum
2902 5093 3171 5160 insignem
3203 5093 3393 5155 edidit,
3417 5093 3725 5162 appellatur

2163 5202 2191 5238 a
2216 5186 2460 5238 Bonlinio
2503 5195 2555 5239 et
2601 5184 2776 5239 Cureo
2810 5182 3141 5252 Stephanus,
3198 5200 3427 5252 magnus
3454 5199 3585 5237 sane
3615 5184 3720 5245 vir,

2164 5288 2215 5329 et
2241 5276 2379 5329 bello
2404 5276 2530 5330 telix
2557 5292 2573 5330 :
2598 5278 2687 5344 qui
2723 5292 2831 5329 non
2862 5274 3069 5329 'l‘urcos
3102 5277 3265 5330 modo
3293 5276 3506 5338 cecidit,
3531 5289 3719 5329 verum

2164 5369 2325 5421 etiam
2360 5368 2556 5423 illustri
2604 5367 2672 5421 de
2703 5366 2919 5423 'l'ataris
2950 5371 3150 5437 potitus
3185 5376 3270 5422 cst
3304 5367 3551 5422 victoria.
3591 5367 3723 5432 Qut:

2165 5460 2358 5516 Turcis
2383 5460 2639 5515 lscodara
2671 5461 2743 5515 sit
2766 5499 2780 5524 ,
2816 5462 3145 5528 explicatum
3172 5470 3316 5525 ante,
3345 5474 3575 5513 numero
3597 5458 3717 5513 121.

2170 5577 2290 5630 H7.
2326 5576 2519 5639 Geduc,
2566 5574 2827 5627 Ac‘tmetis
2874 5576 3041 5626 nassa:
3081 5588 3384 5643 cognomen.
3427 5572 3568 5624 raris
3605 5588 3721 5625 car-

2276 5657 2507 5715 ruptum.
2542 5646 2801 5699 Acltntetis
2834 5645 3068 5712 fortuna,
3102 5660 3206 5697 non
3238 5646 3409 5696 minus
3446 5644 3612 5696 varia.

2240 5740 2411 5804 Magni
2442 5741 2678 5795 nominis
2705 5739 2782 5792 vir
2806 5740 2906 5791 fuit
2942 5739 3221 5793 .\L'll:tlctt35
3253 5738 3336 5791 hic
3367 5737 3522 5790 basiat
3552 5774 3562 5795 .
3614 5746 3717 5787 tam
