4048 6208
331 286 438 346 829

1489 299 1887 376 PANDECTE
1931 302 1977 360 ll
1996 300 2130 361 lS'l‘.
2163 300 2473 360 TURCIC.

3472 297 3584 359 830

331 404 473 468 apud
530 404 804 459 sultanum
853 405 1252 467 Muehemetem
1310 413 1619 472 Secundum
1675 426 1906 484 patrem,
1941 430 1980 476 Α
2013 432 2133 485 quae
2170 415 2414 483 profecto
2450 414 2850 484 limpitlissimze
2879 425 3040 473 sunt.
3077 413 3168 468 sed
3203 429 3232 468 a
3262 413 3458 468 subitis
3489 411 3588 467 fte-

329 512 491 563 quazn
528 497 692 566 apud
756 498 1045 568 Bajasitcm
1108 506 1318 562 ﬁlium:
1371 509 1438 561 de
1484 510 1642 577 cujus
1690 509 1900 577 origine

331 586 609 643 Geufrmus
646 602 812 652 errat,
846 609 968 646 cum
1003 597 1186 659 tradit,
1229 615 1352 651 cum
1383 599 1550 654 fuisse
1583 600 1755 654 (ilium.
1782 602 1900 654 Stc-

334 681 516 746 uitaui.
577 698 682 735 non
747 686 904 751 regis.
957 691 1047 739 sel
1087 690 1324 757 despota:
1371 691 1712 746 Bozinensis.
1764 692 1898 745 Nam

333 773 547 826 [intime
605 774 764 830 ducis
824 779 970 832 filius
1023 779 1128 833 fuit
1184 783 1326 837 alius
1351 785 1418 835 ab
1449 786 1554 838 hoc
1583 786 1902 847 Acbemetcs

335 865 516 931 lli'Sra,
545 868 634 920 cui
669 883 971 936 cognomen
1025 884 1146 926 erat
1206 891 1315 928 non
1367 875 1574 940 Geduc,
1617 879 1710 932 sed
1742 877 1905 932 Cher-

332 963 561 1022 s-ogtrs,
598 969 655 1014 ut
701 976 826 1014 eum
885 965 1055 1018 nostri
1119 978 1333 1033 vocant,
1380 969 1446 1021 de
1478 985 1585 1038 quo
1616 969 1903 1042 infra,suo

335 1050 460 1104 loco
537 1052 772 1106 dicetur.
852 1053 952 1108 llic
1011 1066 1190 1110 autem
1241 1058 1530 1114 Achmetes
1581 1061 1904 1116 Albauensis

332 1151 451 1196 eral.
475 1142 704 1212 origine,
742 1145 823 1199 vel
863 1144 1105 1216 Epirota.
1143 1147 1794 1219 Sigismumlilllalateste
1816 1168 1904 1207 se-

317 1236 606 1292 tretarius
649 1238 890 1308 scripsit,
934 1255 1056 1294 eum
1097 1242 1268 1299 fuisse
1297 1245 1499 1300 virtute
1553 1247 1774 1300 militari
1811 1261 1904 1314 pa-

333 1342 450 1384 rem
509 1329 752 1400 antiquis
809 1333 1087 1394 ducibus;
1121 1337 1256 1390 adeo
1281 1339 1523 1406 quidem,
1566 1349 1625 1391 ut
1666 1339 1776 1392 sola
1808 1356 1905 1394 no-

335 1422 502 1476 minis
545 1423 631 1477 sui
675 1425 835 1490 fama,
873 1442 1202 1498 quocunque
1235 1445 1293 1484 se
1327 1431 1623 1497 caut’erret,
1650 1433 1904 1488 omnibus

333 1512 680 1570 {urinidinem
710 1532 773 1570 ac
803 1519 1218 1588 trepidationem
1258 1521 1532 1590 injiceret.
1579 1524 1765 1583 Aul-lit,
1813 1539 1905 1576 (τοο

333 1606 707 1674 gnominatum
743 1612 903 1679 vulgo
932 1611 1172 1666 Gentlicb
1202 1624 1509 1682 pro,itcrea.
1530 1617 1670 1683 quod
1697 1617 1743 1668 ei
1771 1615 1904 1668 deus

2004 511 2196 577 disque
2255 509 2666 578 tempestatibus
2693 549 2709 573 ,
2763 524 2882 576 quae
2917 507 3065 576 prius
3098 507 3365 574 placidum
3403 521 3465 560 ac
3505 523 3594 560 se-

2005 618 2223 666 renum,
2254 605 2414 671 paulo
2443 611 2718 655 momento
2754 602 2922 670 nigris
2956 601 3188 653 tenebris
3217 599 3516 652 involvunt.
3551 598 3590 650 E

2004 699 2221 750 diverso
2280 696 2740 750 mediterraneum
2820 711 2988 760 mare,
3047 709 3154 747 non
3213 693 3382 746 tantis
3413 693 3586 745 obno-

2004 792 2150 844 xium
2186 781 2606 852 mutationibus,
2638 790 2729 842 sed
2773 787 2929 855 longe
2965 787 3240 850 screnius,
3277 785 3382 839 illis
3413 785 3590 838 Arde-

2005 882 2112 935 nizi
2149 883 2388 943 dicitur,
2445 881 2528 934 bis
2584 885 2754 947 Aspra
2813 880 3086 941 thalassa,
3141 877 3190 932 id
3248 883 3332 932 est
3395 874 3588 929 Album

2007 989 2174 1028 mare.
2248 973 2362 1026 Itali
2420 972 2754 1027 dissentiunt
2813 972 2883 1024 ah
2943 971 3210 1039 utrisque.
3263 984 3326 1022 ac
3374 982 3401 1018 a
3435 967 3592 1021 nobis

2005 1067 2173 1119 etiam
2201 1065 2490 1121 Germanis
2511 1105 2525 1128 ,
2553 1066 2644 1134 qui
2686 1063 2784 1118 hos
2818 1071 3108 1130 sequentes
3139 1071 3192 1114 et
3223 1061 3323 1125 ipsi
3361 1059 3589 1128 Nigrum

2007 1175 2157 1213 mare
2216 1159 2589 1220 nominamus.
2631 1158 2839 1211 Etenim
2881 1157 3154 1224 appellare
3204 1157 3384 1209 solent
3446 1168 3593 1206 utare

2007 1248 2360 1316 ntajus.qund
2391 1248 2528 1299 idem
2557 1258 2640 1300 est
2669 1264 2791 1300 cum
2823 1245 2956 1299 tuari
2983 1261 3201 1314 magno.
3227 1245 3282 1298 Id
3303 1246 3353 1300 ei
3393 1261 3590 1298 nomen

2009 1344 2099 1391 dat
2132 1337 2450 1391 Vincentius
2486 1337 2830 1392 llelvar-ensis
2852 1379 2866 1401 ,
2900 1338 2977 1392 ιιιί
3010 1354 3172 1406 supra
3214 1345 3459 1391 uotatttm
3491 1352 3586 1388 ea-

2007 1434 2115 1502 pite
2154 1433 2270 1486 l'28.
2305 1432 2437 1485 (ἑοῖο
2469 1432 2664 1486 Turcis
2692 1433 2977 1492 scribitur.
3017 1447 3139 1500 quae
3174 1430 3352 1498 Caplla
3381 1430 3586 1483 nostris

2007 1534 2112 1580 est.
2153 1525 2202 1577 iu
2245 1523 2475 1576 Taurica
2533 1525 2878 1578 Chersoneso
2933 1533 3083 1577 trans
3146 1539 3298 1576 mare
3366 1522 3590 1591 Nigrum

2009 1617 2134 1677 sita,
2187 1615 2560 1668 (ienuensium
2609 1617 2886 1682 quondam
2942 1615 3180 1668 colonia.
3234 1611 3433 1666 Notum
3483 1624 3591 1666 esto

334 1715 473 1753 unus
499 1699 736 1756 deesset.
764 1703 935 1768 Quam
963 1721 1089 1758 vero
1121 1720 1148 1758 a
1177 1709 1324 1758 tenui
1361 1706 1575 1759 fortuna
1613 1708 1899 1760 maximam
1937 1725 1974 1776 ῃ
2005 1707 2131 1760 olim
2167 1707 2362 1758 dirtam
2403 1705 2568 1760 fuisse
2624 1705 3007 1759 Theodosiam.
3068 1705 3140 1758 De
3192 1705 3450 1767 Kerimis,
3474 1703 3592 1756 Cri—

334 1789 398 1842 ad
431 1789 752 1858 dignitatem
807 1795 989 1848 subito
1033 1798 1364 1865 pervenerit,
1398 1797 1782 1867 Spantlugitms
1817 1800 1900 1852 his

333 1883 724 1952 propemodum
747 1887 924 1940 verbis
955 1889 1203 1954 exposuit
1229 1908 1242 1944 :
1275 1889 1421 1952 Erat,
1457 1892 1654 1958 inquit,
1683 1892 1901 1945 sultano

333 1971 652 2030 Muchemeti
675 1977 895 2033 satelles
927 1979 1164 2045 (solacos
1193 1979 1600 2049 Turci-voraut)
1630 1983 1720 2049 qui
1752 1983 1904 2037 Bidic

330 2067 526 2120 Acmat
565 2085 628 2121 ex
673 2085 739 2121 eo
794 2072 1177 2126 nominabatur
1210 2117 1222 2139 ,
1279 2077 1424 2142 quod
1457 2076 1508 2126 in
1562 2076 1673 2128 oris
1723 2077 1898 2128 antica

332 2160 574 2213 dentium
629 2164 771 2218 serie
830 2164 1047 2219 dentem
1101 2182 1268 2220 unum
1312 2169 1612 2222 amisissot.
1648 2167 1745 2222 llic
1772 2184 1894 2221 cum

330 2253 624 2321 aliquando
654 2272 776 2310 cum
809 2257 1057 2329 principe
1091 2276 1192 2314 suo
1223 2262 1658 2328 colloqueretur,
1689 2272 1745 2332 ut
1782 2262 1896 2314 ίὶιιΐὶ

331 2360 726 2416 nonnunquam
752 2349 911 2415 solet,
940 2353 1218 2405 asserebat
1249 2352 1393 2406 inter
1417 2353 1520 2406 alia
1547 2372 1561 2412 :
1597 2371 1702 2405 non
1737 2369 1898 2419 posse

331 2437 630 2509 principem
661 2439 851 2496 revera
881 2458 938 2498 se
972 2460 1230 2513 maguum
1268 2448 1582 2514 praedicare,
1618 2448 1660 2500 si
1695 2463 1799 2500 non
1831 2465 1895 2500 ex

330 2545 501 2600 parvo
521 2548 773 2598 magnum
805 2543 858 2588 et
884 2537 1126 2590 vicissim
1149 2553 1213 2591 ex
1236 2553 1430 2604 magno
1467 2555 1690 2604 parvum
1723 2542 1902 2592 facere

331 2635 536 2691 posset.
560 2626 682 2680 Haec
708 2627 828 2695 ejus
851 2627 1012 2683 verba
1029 2637 1234 2682 tantum
1259 2629 1312 2682 in
1338 2631 1520 2682 animo
1545 2629 1900 2684 Muclu-metis

333 2719 643 2773 habuerunt
687 2720 960 2778 efﬁcaciae.
989 2731 1047 2774 ut
1070 2720 1360 2776 Acbmetes
1384 2723 1644 2776 hactenus
1670 2722 1888 2800 Satelles

333 2811 401 2861 ab
425 2811 542 2877 ipso
568 2827 888 2880 supremum
911 2813 974 2866 ad
994 2813 1241 2882 primarii
1268 2815 1437 2867 hassze
1461 2816 1688 2883 gradum
1712 2830 1902 2882 prove-

335 2903 576 2954 heretur.
625 2900 762 2964 Quid
814 2902 861 2954 ei
914 2911 1037 2971 post
1093 2905 1204 2956 haec
1258 2905 1524 2969 evenerit,
1567 2920 1692 2958 cum
1725 2905 1898 2972 ipsius

333 2993 492 3044 uxori
539 3008 567 3045 a
611 2992 915 3062 Mustapha,
969 2995 1322 3049 Muchemelis
1354 2997 1487 3056 lilio,
1533 3007 1778 3064 stuprum
1818 3001 1898 3048 iu-

2013 1800 2156 1859 tuiis,
2196 1797 2409 1852 lict-aiis
2438 1798 2539 1856 (sic
2572 1799 2804 1852 diversis
2838 1798 3030 1852 iisdem
3063 1797 3381 1849 nominibus
3411 1796 3593 1865 appel—

2006 1890 2208 1956 lantur)
2256 1891 2711 1958 liestensibusque
2756 1889 2988 1954 Tataris,
3047 1887 3251 1945 dictum
3315 1888 3593 1957 superius,

2010 1997 2242 2033 numero
2276 1992 2529 2034 notarum
2559 1982 2650 2034 45.

2079 2067 2201 2123 HO.
2229 2067 2576 2122 illuc/tentem
2606 2067 2829 2124 obscure
2849 2070 3173 2125 Semendriaz
3200 2072 3485 2124 succurrit.

2069 2162 2498 2217 Obscuriuscule
2526 2165 2773 2232 quedam
2818 2167 2906 2219 hic
2943 2165 3219 2228 dicuntur,
3251 2184 3370 2233 qua:
3398 2168 3477 2222 sic
3508 2168 3596 2220 in-

2007 2253 2314 2327 telligenda.
2367 2253 2735 2309 Muchemetes
2771 2256 2835 2308 ad
2869 2254 3142 2308 Moravam
3195 2257 3412 2310 ﬂuvium
3471 2271 3596 2327 pro‘

2003 2323 2175 2400 rectus
2218 2355 2319 2410 est,
2367 2349 2469 2401 hoc
2498 2359 2603 2408 est.
2659 2347 2710 2402 iu
2769 2348 3014 2404 Serviam
3046 2353 3159 2405 sive
3187 2351 3476 2412 Rasciam.
3526 2351 3592 2403 ad

2005 2439 2344 2508 metrOpolim
2379 2438 2500 2508 ejus
2537 2441 2773 2508 regionis
2814 2440 3188 2496 Semendriam
3214 2483 3231 2508 ,
3268 2443 3349 2496 vel
3383 2443 3594 2497 Sentie-

2005 2543 2234 2591 romam,
2292 2531 2578 2585 obsidione
2643 2533 3010 2588 liberandam.
3053 2535 3267 2604 Quippe
3340 2534 3592 2590 Mattltias

2004 2620 2251 2692 Ungariaa
2276 2639 2393 2686 rex,
2423 2625 2496 2677 uti
2531 2624 2816 2681 Bonlinius
2838 2627 3024 2691 refert,
3062 2628 3240 2682 hieme
3270 2629 3397 2680 anni
3432 2629 3590 2688 1476.

2002 2715 2066 2767 ad
2108 2715 2507 2779 Semendriam,
2536 2720 2772 2788 tmdique
2802 2721 3064 2775 militibus
3083 2721 3357 2785 cinctam',
3386 2721 3590 2774 exstrui

2004 2807 2222 2862 castella
2275 2809 2373 2862 tria
2433 2822 2761 2865 curaverat:
2799 2821 2859 2866 ut
2912 2814 3222 2875 arctissime
3269 2813 3508 2866 clausam
3543 2815 3595 2866 in

2011 2911 2336 2967 potestatem
2365 2903 2648 2974 redigeret.
2675 2903 2841 2976 454
2870 2905 2939 2957 lis
2971 2921 3099 2959 vero
3130 2907 3370 2959 eastcltis
3397 2907 3596 2974 potitus

2003 2990 2398 3056 lluchemetes,
2434 2994 2781 3047 obsidionem
2833 2994 3032 3047 solvit.
3081 2994 3268 3049 Obiter
3311 2995 3396 3049 hic
3429 2996 3596 3049 lector

332 3083 593 3148 ferretur,
657 3085 819 3154 paulo
847 3095 972 3140 ante
1002 3097 1302 3152 narratum,
1331 3088 1508 3155 capite
1543 3087 1664 3140 MS.
1701 3087 1888 3141 Mortis
1917 3096 1960 3156 α
1993 3084 2285 3148 observet,
2319 3100 2346 3137 a
2391 3084 2586 3139 Turris
2621 3089 2781 3139 etiam
2813 3085 3043 3142 Morava:
3106 3104 3302 3142 nomen
3354 3077 3594 3141 retinerlo

335 3195 527 3245 genus,
561 3189 988 3232 consentaneum
1035 3177 1267 3232 fortuna:
1309 3181 1522 3244 διώξω,
1551 3180 1892 3248 nimiumque

336 3270 656 3334 blandienti,
707 3285 808 3324 suo
867 3271 987 3324 loco
1045 3271 1302 3340 deinceps
1343 3273 1887 3337 commemorabitur,

335 3380 564 3416 numero
619 3373 866 3416 notarum
916 3365 1037 3418 156.
1091 3363 1246 3418 Nunc
1291 3365 1576 3419 diversitas
1607 3365 1892 3418 indicanda

332 3456 698 3522 ergnominis,
747 3466 799 3509 et
849 3473 1038 3509 verum
1103 3473 1408 3526 Cognomcn
1477 3459 1892 3511 ostendendum.

335 3547 579 3602 Diximus
609 3566 729 3602 rum
775 3565 804 3602 a
855 3549 1208 3620 Spandugino
1260 3551 1439 3604 vocari
1481 3551 1653 3616 Bidic,
1679 3561 1731 3604 et
1766 3553 1893 3606 alibi

334 3636 544 3706 Vialich,
578 3657 605 3693 a
641 3643 938 3696 Secretario
992 3641 1286 3697 Malatesta:
1342 3643 1665 3699 Ghendich:
1725 3662 1892 3714 quant

331 3731 659 3797 Scripturam
714 3729 1000 3786 chl'rzeus
1067 3733 1283 3787 retinet.
1334 3732 1579 3788 Nominis
1615 3737 1896 3789 notionem

332 3823 542 3890 priores
568 3821 676 3876 duo
701 3838 835 3890 pene
868 3833 1069 3877 rectam
1103 3825 1394 3896 attingunt,
1424 3841 1547 3879 cum
1591 3828 1665 3880 ita
1715 3826 1888 3880 fuisse

334 3922 582 3967 iocatum
620 3913 689 3967 ab
736 3916 941 3969 amisso
982 3916 1144 3970 dente
1190 3916 1474 3972 referunt:
1527 3917 1814 3972 chl'ra-us
1849 3919 1899 3971 in

331 4004 673 4072 ripositione
696 4005 842 4058 vocis
870 4005 1095 4068 fallitur,
1146 4021 1269 4058 cum
1297 4008 1374 4060 sic
1401 4007 1478 4062 ait
1533 4007 1705 4076 ipsum
1730 4026 1757 4060 a
1786 4025 1901 4060 ma—

333 4111 440 4164 gno
471 4096 633 4150 dente
683 4098 1048 4150 nominatum.
1097 4096 1378 4166 Scriptura
1429 4097 1534 4152 hoc
1581 4101 1743 4153 modo
1779 4118 1902 4152 mu-

332 4191 512 4257 tanda,
569 4201 626 4245 ut
675 4191 815 4260 apud
851 4189 1256 4260 Spaudugiumn
1290 4208 1384 4261 pro
1415 4192 1561 4246 Bidic
1593 4202 1647 4261 et
1712 4193 1904 4245 Vidiclt

329 4279 540 4350 legatur
588 4279 742 4335 Gidic
806 4299 818 4336 :
880 4283 1020 4350 apud
1070 4283 1307 4352 reliquos
1372 4285 1508 4337 duos
1582 4300 1678 4353 pro
1730 4284 1906 4336 liben-

328 4374 453 4426 dich
517 4372 724 4428 Gedic:
781 4377 922 4443 quod
990 4374 1129 4427 idem
1182 4385 1267 4428 est
1305 4392 1427 4430 cum
1481 4375 1699 4431 Geduc.
1758 4375 1908 4427 Peri-

1993 3191 2099 3228 non
2131 3174 2468 3229 Scliitnizam
2507 3194 2628 3232 cum
2682 3179 2896 3233 .‘llorara
2937 3179 3226 3242 confundi,
3251 3181 3316 3232 tle
3363 3196 3472 3248 quo
3505 3195 3596 3233 su-

1995 3264 2178 3334 perius
2211 3277 2414 3327 actum,
2448 3269 2624 3335 capite
2663 3268 2784 3320 1°25.
2812 3269 2946 3320 Cum
2981 3269 3176 3322 deinde
3207 3284 3364 3322 muro
3399 3284 3592 3321 novata

1996 3371 2173 3412 arcem
2204 3357 2441 3411 cinxisse
2493 3356 2692 3412 dicitur
2723 3398 2738 3422 ,
2786 3359 3197 3426 intelligendum
3254 3359 3380 3412 illud
3429 3358 3596 3414 Geni-

1996 3451 2257 3516 saraium,
2295 3452 2347 3505 in
2389 3451 2539 3506 urbis
2568 3453 2813 3506 orientali
2845 3452 3042 3522 angulo
3065 3451 3451 3516 conditum,de
3485 3460 3596 3522 quo

1997 3542 2331 3613 pauloante.
2377 3558 2606 3598 numero
2657 3541 2778 3596 159.
2835 3542 3104 3598 Prasterea
3165 3559 3364 3598 nomen
3419 3545 3595 3599 Solei-

2001 3635 2175 3687 manis
2209 3631 2485 3688 Romanis:
2520 3634 2846 3702 beglerhegi,
2877 3637 3023 3705 quod
3053 3635 3237 3690 statim
3270 3637 3588 3706 Sttblit’llttt‘o

2002 3724 2285 3780 Bonlinius
2323 3725 2616 3794 ignoravit,
2648 3726 2905 3782 Bassequ
2946 3727 3106 3781 tuodo
3144 3741 3369 3781 voeaus.

2113 3819 2239 3873 150.
2281 3819 2512 3888 Insignis
2553 3819 2844 3873 Turcorum
2887 3820 3065 3872 clades
3096 3821 3150 3873 in
3189 3819 3448 3890 Ungaria.

2076 3912 2359 3967 Bonﬁnius
2413 3929 2579 3965 unum
2633 3913 2734 3967 hac
2782 3913 3127 3982 expeditione
3157 3912 3458 3966 'l’urcmum
3489 3912 3586 3964 du-

2007 4020 2122 4058 cem
2160 4003 2458 4055 nominavit
2488 4001 2844 4055 llalibechum
2876 4042 2890 4062 .
2921 4002 3012 4070 qui
3048 4003 3339 4054 annalibus
3374 4012 3453 4054 est
3505 4002 3587 4054 Ali

2008 4099 2108 4165 beg
2146 4094 2451 4162 Michalogli
2480 4111 2494 4147 :
2528 4097 2594 4148 de
2625 4095 2847 4163 reliquis
2879 4095 3093 4147 duobus
3117 4134 3130 4157 ,
3166 4092 3243 4145 lsa
3279 4094 3410 4160 bego
3443 4093 3588 4146 Chu-

2009 4187 2237 4254 seinogli
2265 4229 2278 4250 ,
2309 4194 2361 4239 et
2392 4184 2506 4238 Bali
2539 4185 2674 4252 bego
2703 4183 3041 4254 Malcozogli,
3077 4183 3212 4237 nihil
3245 4196 3584 4251 compertum

2013 4279 2222 4335 habuit.
2253 4279 2558 4332 Turcorum
2590 4277 2888 4332 exercitum
2931 4278 3213 4346 sexaginta
3249 4277 3414 4330 tnillia
3444 4277 3591 4328 a-sti-

2013 4382 2146 4426 mat.
2185 4372 2523 4441 ngarorum
2558 4371 2724 4425 duces
2768 4374 2919 4425 luere
2970 4370 3282 4439 Stephanus
3315 4371 3588 4438 Batorius,

327 4468 498 4520 tiores
564 4464 812 4518 Arabicae
873 4466 1066 4533 lingum
1119 4463 1297 4520 Gutuc
1366 4469 1656 4520 cmmtizmt
1715 4485 1808 4534 per
1844 4467 1880 4516 γ
1922 4462 1963 4515 D
1994 4467 2230 4520 Vaivoda
2268 4463 2818 4525 Traussilvaniensis,
2861 4474 2914 4518 et
2963 4463 3165 4518 Paulus
3195 4463 3460 4524 Kinisius,
3497 4478 3590 4514 co-

327 4557 621 4622 Gallicum,
649 4559 790 4624 quod
822 4573 1011 4626 parum
1047 4558 1198 4614 abest
1239 4574 1266 4610 a
1300 4557 1454 4613 Gidic
1481 4560 1593 4613 sive
1621 4561 1775 4613 Gitic.
1809 4558 1895 4611 Si-

328 4651 548 4715 gniﬁcat
580 4659 756 4702 autem
811 4643 1130 4702 vocabulum
1194 4650 1296 4702 hoc
1364 4659 1612 4703 truncum
1665 4650 1897 4718 alicujus

328 4742 402 4796 rei
439 4742 643 4806 fracta),
696 4741 761 4794 de
799 4757 908 4810 quo
957 4741 1429 4801 animadvertitur.
1464 4742 1564 4795 hoc
1611 4742 1658 4796 ei
1713 4743 1895 4796 datum

329 4835 496 4888 fuisse
523 4851 820 4904 cognomen
856 4851 882 4885 a
921 4843 1116 4886 trunco
1154 4834 1355 4899 dentis,
1384 4837 1474 4906 qui
1515 4837 1695 4890 adhuc
1725 4837 1776 4888 in
1807 4853 1902 4889 ore

327 4925 538 4979 scilicet
577 4925 822 4992 reliquus
853 4924 1101 4977 hau-cret.

494 5017 614 5071 HS.
663 5015 811 5070 Marc
845 5015 1092 5087 Nigrum.
1127 5029 1174 5070 et
1204 5018 1354 5072 Mare
1386 5017 1560 5089 majus
1597 5019 1742 5089 Cofe.

395 5105 600 5162 Pontus
631 5107 757 5160 olitn
795 5108 998 5160 dictum
1041 5109 1290 5162 Euxinus
1327 5110 1406 5164 vel
1460 5112 1741 5180 hospitalis
1765 5155 1777 5176 ,
1812 5128 1904 5180 per

323 5199 660 5252 contrarium
721 5214 962 5260 sensum,
1010 5201 1158 5253 velut
1188 5200 1406 5256 Axenus
1438 5211 1491 5255 ct
1531 5203 1904 5269 lttltOSpilnliS,

324 5290 740 5344 nuncaancis
783 5290 1102 5345 Caradenizi
1140 5304 1389 5356 vocatur,
1426 5310 1452 5345 a
1490 5294 1691 5349 Grmcis
1723 5296 1904 5351 Maura

324 5383 585 5445 thalassa,
622 5381 762 5436 idem
791 5391 1019 5451 utraque
1053 5387 1272 5438 nomine
1308 5386 1679 5455 signiﬁcante.
1717 5389 1907 5441 videli-

325 5483 412 5524 cet
443 5486 592 5523 mare
649 5469 892 5539 Nigrum.
924 5471 1066 5526 Usus
1131 5484 1216 5526 est
1278 5475 1376 5527 hac
1412 5477 1775 5543 appellatione
1804 5477 1904 5530 Da.

328 5576 623 5615 unaSt-enus
665 5558 908 5615 Studites
934 5563 986 5616 in
1019 5565 1278 5618 thesauro
1308 5568 1632 5620 concionunt
1662 5585 1906 5639 suarum,

324 5653 529 5720 scripto
575 5651 757 5720 lingua
806 5653 991 5708 Grzcca
1033 5657 1264 5725 vulgari.
1307 5656 1518 5712 Nomen
1568 5659 1670 5714 hoc
1700 5661 1750 5715 ei
1810 5662 1906 5715 da-

325 5759 439 5810 ιυιιι
482 5741 790 5811 perhibent,
848 5761 953 5798 non
989 5747 1131 5814 quod
1197 5763 1368 5818 aquas
1435 5750 1629 5806 habeat
1692 5752 1899 5819 nigras,

2004 4576 2121 4614 mes
2150 4558 2632 4614 Temesvarensis.
2663 4557 2966 4612 Numerum
3004 4572 3268 4612 caesorum
3304 4556 3588 4608 Boniiuius

2004 4653 2144 4706 idern
2184 4653 2235 4704 in
2275 4651 2480 4705 litteras
2511 4651 2694 4704 retulit
2725 4687 2741 4711 ,
2795 4648 3104 4703 Turcorum
3167 4649 3388 4716 triginta
3425 4647 3592 4702 millia

2005 4742 2292 4794 duntaxat.
2327 4743 2542 4794 Annum
2578 4755 2794 4810 quoque
2824 4740 3006 4809 posuit
3043 4739 3196 4794 “80.
3231 4739 3386 4794 Unde
3422 4731 3592 4794 eorri‘

2007 4833 2164 4902 gendi
2216 4841 2387 4900 capta:
2419 4831 2688 4898 superiOri
2731 4847 2877 4884 anno
2952 4830 3172 4885 Scodrze
3205 4831 3415 4885 numeri
3447 4832 3588 4900 apud

2007 4925 2361 4979 secretarium
2425 4923 2738 4987 Malatcstar,
2797 4939 3003 4994 proque
3063 4923 3222 4986 M77,
3291 4903 3590 4994 reponentii

2011 5015 2163 5070 1479.

2037 5131 2158 5184 iiii.
2191 5128 2404 5183 Rhodus
2443 5149 2472 5182 (ι
2503 5131 2684 5185 Turcis
2718 5133 2941 5200 primum
2983 5133 3268 5185 obsidetur.
3289 5133 3555 5186 Amadeus

2245 5213 2585 5271 cognomento
2635 5201 2822 5256 Viridis
2845 5241 2860 5265 ,
2891 5220 3057 5254 comes
3088 5203 3392 5258 Sabaudiw.

2087 5289 2470 5360 Srrprunmero
2503 5292 2722 5360 quidem
2761 5302 2963 5345 tentata
2995 5291 3174 5342 fuerat
3206 5291 3488 5351 hactenus,
3529 5297 3585 5342 ct

2014 5386 2234 5438 obsessa
2267 5383 2491 5437 Rhodus
2518 5401 2547 5436 a
2580 5383 2895 5442 Saracenis,
2921 5380 3083 5433 etiam
3119 5379 3186 5433 ab
3219 5379 3309 5431 illo
3343 5389 3586 5446 tempore

2015 5494 2123 5547 quo
2156 5477 2224 5530 ab
2273 5478 2551 5544 equitibus
2609 5474 3118 5543 llierosolymitanis
3147 5473 3330 5527 Sancti
3356 5471 3586 5526 Joannis

2016 5569 2273 5638 Baptista:
2322 5568 2562 5631 (Frerios
2604 5566 2784 5620 vocari
2837 5566 3028 5620 scribit
3080 5563 3318 5627 Nicetes,
3377 5562 3583 5620 Gallica

2017 5665 2273 5718 nimirum
2306 5678 2442 5718 Voce
2503 5661 2840 5732 signiﬁcante
2881 5661 3075 5712 fratres
3103 5655 3122 5730 )
3159 5659 3581 5728 posside-batur:

2015 5766 2069 5811 et
2135 5767 2259 5810 ante
2314 5757 2453 5810 hanc
2508 5753 2790 5810 obsidione
2823 5753 3065 5818 proxima
3101 5752 3418 5807 liberavc‘rat
3459 5767 3586 5808 eam
