4048 6208
513 278 616 343 831

1717 287 2040 349 JOANNlS
2084 287 2564 358 LEUNCLAVII

3657 281 3755 339 S32

511 408 698 449 comes
751 393 1038 452 Sabaudus
1090 397 1388 460 Amadens,
1449 409 1812 466 cognomento
1870 402 2092 466 Viridis,
2125 407 2166 461 Α
2197 402 2322 454 dico
2353 399 2641 455 charitatis
2675 397 3029 456 Christianze,
3061 409 3180 464 qua:
3208 391 3414 446 frustra
3438 390 3492 443 in
3525 389 3602 467 cis
3629 406 3762 457 qum‘

514 489 811 543 immortali
875 507 997 544 cum
1055 490 1212 546 laude
1269 493 1350 547 sui
1413 493 1932 562 nominisldeoque
1963 513 2084 551 cum

519 583 641 636 allia
692 598 852 636 cruce
881 625 894 646 ,
932 585 980 636 in
1010 599 1202 652 campo
1227 589 1393 639 rubro
1424 588 1621 652 defixa,
1649 606 1769 658 quae
1797 591 1967 659 ipsius
1995 608 2089 645 or-

516 675 659 729 diuis
689 675 928 742 equitum
955 677 1292 730 Rhodiorum
1332 679 1562 744 insignia
1598 695 1746 746 sunt,
1769 695 2088 753 perpetuum

518 782 578 818 ea
611 765 810 818 familia
860 769 1168 836 symbolum
1222 767 1400 824 ΡΕΠΤ
1434 775 1594 843 huius
1631 775 1852 830 Amadei
1890 777 2094 830 virtute

519 858 844 920 promeruit.
876 858 1008 911 Nam
1035 876 1112 914 ea:
1144 861 1340 915 littore
1373 865 1590 927 plenius
1607 867 1894 934 explicata!
1925 868 2095 935 signi-

519 951 699 1012 ficant,
748 949 1030 1006 Fortitudo
1082 954 1200 1022 ejus
1238 953 1478 1009 Rhodum
1534 956 1742 1012 Tenuit.
1793 959 1896 1014 Sed
1931 960 2093 1013 Turci

521 1043 653 1096 nihil
688 1045 753 1097 ad
794 1046 898 1099 hoc
943 1063 1117 1114 usque
1155 1061 1371 1114 tempus
1417 1051 1471 1102 in
1508 1067 1625 1103 eam
1663 1051 1844 1105 moliri
1883 1052 2099 1105 fuerant

518 1135 658 1195 ausi,
695 1137 820 1191 licet
849 1140 990 1193 Asia;
1019 1139 1255 1208 quietam
1290 1156 1458 1208 prepe
1489 1143 1896 1209 possessionem
1931 1145 2101 1196 inter-

519 1228 731 1283 turbari
774 1229 842 1284 ab
888 1232 1168 1301 equitibus
1210 1234 1316 1288 illis
1366 1233 1598 1289 Rhodiis
1660 1236 1948 1302 tegerrime
1988 1236 2091 1289 for-

518 1329 674 1373 rent.
731 1319 890 1375 Nunc
944 1324 1160 1378 tandem
1227 1324 1476 1379 Rhodum
1538 1327 1690 1395 jussu
1744 1326 2102 1380 Muehemetis

517 1427 808 1481 aggressus
842 1424 925 1470 est
957 1416 1178 1471 Mesites
1211 1420 1358 1473 vesir
1401 1419 1586 1486 bassa,
1615 1432 1774 1489 gente
1801 1421 2102 1490 Palaeologa

519 1513 705 1560 natus.
758 1505 888 1560 Erat
942 1517 1074 1563 tunc
1130 1514 1386 1580 princeps
1435 1513 1668 1576 ordinis,
1727 1529 1885 1583 quem
1931 1513 2106 1568 Gricci

517 1594 764 1663 Megalon
801 1598 1041 1655 Mastora
1076 1605 1364 1666 voeabaut,
1397 1605 1567 1658 nostri
1600 1620 1858 1674 magnum
1904 1607 2110 1676 magis-

517 1701 683 1751 trum,
741 1693 938 1747 Petrus
993 1693 1386 1758 Albussonius.
1450 1699 1671 1754 natione
1731 1699 1961 1768 Gallus,
2014 1698 2108 1772 qui

515 1793 701 1849 postea
737 1785 1032 1842 cardinalis
1069 1786 1327 1844 Ecvlesizn
1361 1791 1625 1862 Romanae
1674 1807 1895 1851 creatus
1933 1795 2100 1850 fuisse
2134 1774 2175 1828 Β

518 1877 780 1932 traditur.
814 1879 861 1932 Is
889 1891 996 1933 tam
1024 1881 1244 1934 fortiter
1284 1884 1384 1938 hac
1415 1886 1705 1940 obsidione
1737 1902 1861 1940 cum
1898 1888 2014 1943 suis
2043 1903 2102 1942 se

517 1971 706 2039 gessit,
736 1981 794 2026 ut
831 1987 937 2026 nou
971 1975 1146 2028 solum
1179 1975 1374 2029 infecta
1403 1993 1484 2041 re,
1519 1995 1709 2034 verum
1743 1983 1907 2033 etiam
1943 1982 2101 2036 dam-

518 2066 607 2118 nis
664 2065 904 2134 acceptis
963 2067 1325 2134 gravissimis,
1388 2069 1512 2122 inde
1565 2071 1850 2126 discedere
1887 2073 2103 2131 Mesites

521 2165 828 2224 cogeretur.
879 2157 1088 2226 Quippe
1137 2176 1242 2212 non
1295 2165 1562 2216 revocatis
1600 2165 1665 2217 ad
1699 2166 1970 2220 calculum
2009 2169 2102 2222 de-

525 2248 796 2302 trimentis
831 2251 1080 2315 caeteris,
1115 2267 1252 2306 caesa
1281 2254 1489 2319 periere
1524 2253 1827 2310 Turcorum
1883 2260 2101 2328 triginta

519 2340 711 2402 millia.
768 2352 827 2396 ut
887 2343 1109 2413 quidam
1137 2346 1312 2413 aiunt,
1361 2347 1612 2403 Geufrzeo
1650 2349 1806 2420 longe
1838 2351 2100 2407 minorem

519 2440 756 2498 ponente
788 2447 1098 2486 numerum.

519 2543 644 2599 152.
687 2543 974 2601 Otrantnm
1004 2568 1034 2603 a
1070 2550 1250 2604 Turris
1280 2566 1513 2620 raptum,
1543 2564 1590 2608 et
1619 2573 1649 2610 a
1675 2556 1995 2615 Cltriazianis
2026 2579 2106 2616 re-

1168 2633 1392 2691 ceptum.

591 2708 882 2765 Otrantum
917 2713 1113 2770 Turcis
1143 2727 1196 2769 et
1231 2717 1378 2773 Italis
1408 2719 1612 2774 dicitur
1644 2734 1890 2777 extremo
1923 2726 1974 2779 in
2011 2742 2106 2780 an-

522 2801 648 2866 gulo
693 2801 905 2868 Apulia:
956 2806 1064 2859 sita
1109 2808 1415 2885 civitaswe
1476 2811 1698 2881 regione
1746 2813 1994 2870 Albaniae
2023 2819 2105 2873 vel

525 2888 706 2953 Epiri:
737 2891 894 2960 cujus
933 2897 1000 2949 ab
1029 2899 1230 2966 oppido
1259 2898 1462 2953 Veloua
1500 2903 1616 2957 sive
1672 2902 1898 2972 Valona,
1927 2925 2102 2976 quon-

523 2985 646 3037 dam
676 2984 943 3053 Aulonia,
981 2991 1254 3058 sexaginta
1319 2993 1586 3049 duntaxat
1645 2997 1932 3068 interjecto
1970 3001 2104 3056 mari

2198 493 2361 557 ritur,
2418 493 2511 547 sed
2569 488 2927 544 humanitatis
2981 501 3204 541 sensum
3249 483 3538 546 videmus,
3574 482 3638 535 de
3672 483 3764 535 hac

2197 587 2306 638 vita
2341 600 2501 651 quam
2537 583 2850 636 diutissime
2886 577 3267 634 conservanda
3322 575 3614 638 sollicilos,
3650 590 3764 626 eum

2197 687 2456 730 aeternam
2510 685 2563 729 ct
2609 676 2881 729 caelestem
2915 672 3117 725 nullam
3149 677 3489 738 exspectent.
3531 665 3766 737 Hydruno

2201 777 2308 822 tem
2345 784 2374 820 a
2412 775 2587 822 morte
2630 764 2988 820 Muchemetis
3017 805 3030 829 ,
3071 779 3239 833 quum
3284 760 3557 828 Bajasites
3608 760 3764 826 patris

2203 859 2256 912 iu
2285 859 2836 929 imperiosuccessor,
2887 855 3027 911 bello
3075 863 3263 909 contra
3313 851 3534 907 Zemem
3556 850 3762 904 fratrem

2206 952 2536 1021 implicatus,
2591 953 2904 1006 Acluuetem
2968 949 3244 1003 Geducem
3308 947 3530 999 bassam
3592 944 3653 997 ad
3715 958 3768 996 se

2206 1061 2350 1100 anno
2374 1045 2619 1112 proximo
2650 1043 2818 1115 (sicut
2871 1043 2926 1097 in
2976 1039 3280 1096 Annalibus
3319 1037 3488 1109 paulo
3540 1044 3657 1105 post
3688 1050 3763 1088 se-

2207 1137 2416 1207 quitur)
2473 1145 2786 1191 revocasset
2829 1151 2844 1200 ;
2896 1133 3244 1204 Neapolitani
3296 1145 3452 1200 reges
3500 1129 3764 1182 obsessam

2209 1238 2262 1283 et
2321 1239 2685 1299 expugnatam
2765 1236 3182 1296 recuperarunt.
3241 1227 3310 1280 ab
3371 1225 3594 1295 Ungarn
3655 1214 3780 1293 rege.

2211 1323 2433 1376 Matthia
2472 1323 2644 1392 copiis
2692 1321 3054 1376 auxiliaribus
3088 1319 3614 1391 impetratis:455
3660 1336 3765 1388 qua:

2212 1417 2408 1488 pugnis
2428 1418 2690 1471 adversus
2712 1417 2920 1468 vicinos
2937 1414 3151 1469 Turcos
3182 1415 3423 1470 adsueta:
3453 1414 3760 1481 przecipuam

2215 1510 2318 1563 hoc
2350 1510 2489 1563 bello
2514 1551 2527 1570 ,
2561 1507 2888 1578 superandis
2936 1505 3195 1561 Barbaris
3230 1548 3244 1573 ,
3278 1521 3504 1575 operam
3557 1519 3766 1559 navasse

2217 1603 2600 1672 praedicantur.

2220 1723 2340 1778 155.
2370 1723 2514 1778 Mors
2539 1724 2736 1778 sultani
2762 1724 3096 1778 Mne/temeti:
3116 1723 3195 1778 ΙΙ.
3215 1722 3441 1793 Teggiur
3456 1720 3581 1775 Zair
3601 1719 3770 1789 Clyzo-

2699 1812 2842 1848 mene
2864 1837 2878 1858 ,
2925 1794 3295 1863 Nympltamm.

2275 1887 2575 1940 Commoie
2609 1903 2754 1941 mors
2806 1885 3036 1940 consilia
3078 1876 3764 1948 Muchenietisinterrupit.

2206 1977 2382 2031 futura
2454 1977 2762 2045 reipublicze
2826 1977 3152 2031 Christianae
3229 1973 3568 2046 perniciosa.
3644 1971 3763 2026 Nam

2204 2070 2432 2125 Otranto
2459 2081 2634 2140 capta,
2674 2085 3063 2141 progressurus
3093 2079 3211 2124 erat
3245 2068 3396 2122 haud
3435 2066 3593 2121 dubie
3617 2081 3767 2132 :pr:r-

2206 2161 2392 2216 scrtim
2446 2177 2567 2217 cum
2622 2162 2794 2217 Roma
2847 2161 2994 2216 Nova
3030 2163 3258 2231 potitus,
3309 2161 3479 2215 etiam
3523 2161 3586 2212 de
3616 2158 3766 2211 Ruina

2206 2255 2376 2308 veteri
2410 2247 2749 2324 subjicienda
2785 2264 3048 2324 perpetuo
3079 2255 3262 2310 nescio
3297 2253 3434 2324 quid
3469 2253 3765 2308 somniaret.

2205 2345 2260 2400 lu
2292 2349 2478 2402 Asiam
2523 2348 2894 2402 transmisisse
2926 2363 3047 2402 cum
3079 2347 3318 2402 exercitu
3370 2347 3566 2401 dicitur
3587 2385 3601 2406 ,
3639 2346 3768 2396 inva-

2207 2457 2367 2496 surus
2396 2441 2612 2513 IEgypti
2649 2441 2950 2504 sultanum,
2984 2451 3095 2494 tum
3124 2439 3269 2510 quod
3300 2440 3513 2509 legatos
3543 2451 3682 2494 suos.
3711 2435 3769 2485 ah
3793 2473 3806 2480 -

2207 2533 2619 2590 Usumchasane
2641 2533 2927 2588 Persarum
2956 2550 3081 2603 rege
3105 2549 3228 2589 cum
3257 2533 3579 2586 muneribus
3605 2542 3762 2582 rever-

2209 2638 2403 2690 tentes,
2439 2627 2715 2682 violasset:
2751 2637 2861 2681 tum
2904 2627 3068 2680 etiam
3093 2668 3107 2691 ,
3143 2627 3286 2697 quod
3324 2627 3629 2697 pedanvnm
3664 2638 3770 2676 vec-

2210 2719 2335 2787 tigal
2387 2736 2414 2773 a
2465 2718 2684 2783 Turcis,
2737 2719 3005 2783 Mechicn,
3060 2734 3153 2787 per
3206 2720 3428 2784 imperii
3486 2722 3567 2771 sui
3617 2717 3766 2777 lines,

2207 2812 2486 2879 religionis
2519 2828 2648 2877 ergo
2700 2812 3194 2881 proficiscentibus,
3251 2811 3517 2880 exigeret.
3574 2807 3762 2860 Exstin-

2208 2917 2352 2958 cutm
2391 2905 2551 2957 tradrt
2585 2904 2862 2957 Bonﬁnius
2888 2921 3030 2957 anno
3065 2903 3385 2957 Christiano
3419 2902 3568 2962 H8l,
3626 2901 3766 2967 (ptin-

2211 3005 2265 3048 to
2293 2995 2476 3049 Nonas
2529 2996 2717 3050 Maias.
2767 2995 2987 3048 Addunt
3041 2995 3304 3058 Annales,
3360 2996 3413 3047 in
3468 2991 3764 3059 Trggiurmn

526 3076 857 3133 milliaribus
911 3079 1116 3136 Graecis
1172 3083 1362 3140 distat.
1412 3085 1718 3156 imperator
1753 3089 1864 3145 Leo
1899 3105 2103 3147 metro-

526 3168 843 3189 -,_.,__...__,.
934 3179 950 3189 .
1003 3170 1047 3189 ..
1108 3174 1118 3189 .
1241 3185 1250 3189 -
1516 3186 1525 3189 _
1686 3170 1706 3189 ο

2212 3099 2366 3150 prato
2419 3098 2715 3143 mortuum.
2767 3087 2878 3142 lloc
2912 3089 3014 3144 loci
3067 3104 3265 3143 nomen
3321 3086 3514 3140 Turcis
3558 3083 3766 3152 Trggiur

525 3169 691 3236 polim‘
715 3168 867 3234 facit,
901 3179 955 3225 et
1003 3170 1341 3244 ilydruntem
1372 3186 1566 3243 vocat,
1589 3170 1734 3233 unde
1787 3195 2104 3252 corruptum

524 3276 723 3318 nomen
802 3264 1037 3322 Otrauti.
1102 3265 1283 3323 Leone
1337 3271 1557 3338 quidem
1610 3287 1871 3343 regnante
1902 3291 2029 3344 pars
2057 3293 2114 3343 ιιι

526 3354 716 3411 isthzec
767 3355 954 3423 Italia),
1001 3375 1126 3414 cum
1179 3361 1454 3429 Calabria,
1521 3363 1820 3434 Byzantina
1888 3370 2113 3436 parebat

524 3448 879 3518 imperatori:
911 3452 992 3505 sic
1025 3462 1078 3507 et
1105 3455 1435 3524 metrogrolcs
1466 3456 1649 3510 Roma:
1681 3458 1845 3514 Novm
1880 3461 2112 3529 patriar-

525 3544 706 3608 cham,
759 3559 866 3597 non
911 3546 1117 3600 veteris
1176 3564 1367 3616 papam
1395 3553 1791 3616 agnoscebant.
1831 3552 1980 3608 inter
2006 3555 2110 3609 alia

527 3641 648 3699 post
690 3642 907 3701 captam
957 3633 1295 3705 llydruntem
1329 3655 1356 3691 a
1389 3640 1649 3695 Barbaris
1685 3644 1830 3696 edita
1869 3648 2108 3700 crudeli-

531 3725 663 3780 tatis
703 3728 974 3797 exempla,
1019 3729 1257 3784 refertur
1283 3741 1336 3785 et
1361 3731 1517 3799 illud,
1562 3737 1706 3802 quod
1753 3737 1900 3792 urbis
1931 3739 2110 3792 archi-

526 3819 845 3889 episcopum
878 3822 943 3875 ad
980 3837 1131 3877 aram
1173 3839 1327 3878 serra
1362 3827 1746 3882 dissecucrint.
1773 3829 1884 3884 Nos
1911 3847 1940 3885 e
1974 3831 2110 3886 Coro

527 3929 655 3984 cyra
709 3913 1020 3980 solventes,
1064 3915 1448 3973 deficientibus
1491 3919 1702 3974 idoneis
1744 3925 1960 3990 ventis,
2016 3923 2108 3980 hic

527 4007 827 4063 subsistere
887 4008 1064 4063 coacti
1127 4008 1355 4075 fuimus,
1397 4010 1450 4064 in
1500 4026 1607 4064 non
1635 4011 1853 4082 exiguo,
1883 4026 2109 4085 propter

526 4100 795 4156 immanes
856 4103 1061 4172 piratas
1088 4103 1373 4170 Turcicos,
1427 4106 1740 4161 discrimine
1771 4109 2053 4162 constituti
2087 4128 2102 4176 ς

530 4195 622 4264 qui
658 4196 730 4248 ob
789 4196 1133 4250 interfectam
1188 4213 1312 4250 cum
1380 4199 1584 4252 familia
1646 4215 1752 4254 non
1789 4201 1863 4255 ita
1900 4203 2103 4256 dudum

529 4289 866 4344 llamadanis
898 4291 1071 4346 bassac
1099 4291 1425 4360 Tripolitani
1458 4294 1767 4362 c0njugem,
1804 4305 1861 4347 ut
1893 4295 1943 4347 in
1976 4311 2106 4362 sup-

530 4381 803 4450 plemento
833 4383 1124 4438 Annalium
1159 4385 1522 4448 narravimus,
1546 4383 1862 4439 iiichnetos
1894 4387 2106 4440 rabioso

2223 3182 2348 3236 Zair
2376 3182 2617 3237 effertur.
2648 3180 2714 3236 Et
2743 3182 2985 3252 esposita
3019 3181 3270 3252 superius
3325 3191 3408 3235 est
3436 3193 3593 3232 causa
3614 3218 3629 3241 ,
3678 3189 3766 3226 nu-

2222 3291 2372 3330 mero
2417 3289 2667 3331 notarum
2724 3277 2812 3342 56,
2855 3277 3208 3345 quamobrem
3261 3274 3427 3331 Turci
3480 3272 3762 3327 Graecorum

2222 3369 2577 3436 imperatores
2631 3369 3033 3424 nominaverint
3083 3353 3403 3438 Tcggiures.
3458 3363 3766 3421 Secretarilll

2219 3460 2511 3516 Malatesta:
2547 3459 2732 3524 refert,
2765 3460 3157 3516 Muchemetem
3184 3477 3309 3514 cum
3339 3459 3574 3516 cxc’rcitu
3605 3466 3767 3508 trans-

2213 3555 2411 3624 jecisse
2468 3554 2802 3614 Scutarinm.
2838 3553 3070 3622 indeque
3099 3551 3410 3622 profectum
3459 3553 3521 3605 ad
3559 3546 3765 3604 Chisiri-

2217 3645 2375 3706 chen,
2406 3643 2560 3711 cujus
2607 3641 2862 3712 planities
2892 3644 2960 3697 ab
2993 3660 3097 3698 una
3130 3655 3285 3713 parte
3328 3644 3395 3698 ad
3437 3657 3579 3696 mare
3620 3636 3765 3708 perti-

2219 3731 2460 3795 neat,'in
2503 3734 2750 3787 morbum
2778 3733 3059 3788 incidisse.
3111 3731 3326 3798 Quibus
3379 3732 3432 3784 in
3471 3725 3639 3782 verbis
3682 3735 3765 3791 pro

2214 3827 2525 3883 Chisiricbe
2555 3826 2791 3896 putarim
2821 3825 3071 3894 equidem
3103 3823 3251 3878 aliud
3290 3839 3494 3879 nomen
3527 3831 3766 3887 reponen-

2214 3923 2366 3988 dum,
2394 3922 2638 3990 adeoque
2669 3920 2920 3975 Geivisen
2950 3918 3118 3979 illam,
3146 3917 3213 3972 de
3255 3933 3366 3986 qua
3397 3916 3590 3970 dictum
3613 3908 3766 3994 capite

2215 4027 2464 4070 notarum
2498 4015 2586 4069 74.
2629 4013 2842 4082 Quippe
2874 4012 3116 4067 fatentur
3150 4027 3348 4066 omnes
3379 4005 3632 4064 historici.
3664 4001 3766 4054 Mu-

2215 4111 2518 4164 chemetem
2589 4108 2692 4161 iter
2738 4110 2839 4161 hoc
2875 4105 3250 4160 Nicomediam
3283 4120 3474 4158 versus
3504 4097 3764 4156 'tcnuissiez

2215 4219 2380 4271 aqua
2433 4218 2541 4256 non
2601 4203 2759 4272 longe
2816 4219 2940 4256 cum
3003 4202 3240 4263 abesset,
3303 4208 3550 4253 mortuus
3602 4192 3761 4247 fuerit.

2212 4293 2465 4350 Notatum
2504 4309 2630 4348 vero
2681 4309 2871 4364 supra,
2921 4292 3176 4347 Geivisen
3233 4293 3398 4344 unius
3450 4291 3629 4343 itinere
3669 4279 3761 4337 dici

2214 4407 2321 4444 non
2356 4404 2548 4458 magno
2580 4388 2829 4444 dissitam
2871 4404 2901 4443 a
2928 4387 3266 4443 Nicomedia.
3301 4389 3507 4442 Dictqu
3545 4381 3759 4438 ibidem.

527 4475 947 4546 grassabantur.
975 4475 1095 4530 'Ncc
1152 4476 1431 4547 Hispanus
1482 4479 1817 4547 gubernator
1853 4476 2104 4548 Hydruu-
2136 4496 2183 4556 ε)
2213 4479 2376 4534 maris
2425 4481 2548 4534 istic
2599 4495 2720 4534 esse
2753 4479 2935 4533 sinum
2957 4520 2972 4544 ,
3010 4495 3172 4550 quem
3206 4489 3418 4533 veteres
3464 4477 3758 4531 Astacellum

528 4570 678 4624 tinus
713 4567 914 4622 minori
959 4583 1094 4621 usus
1127 4575 1210 4622 est
1253 4583 1379 4636 erga
1427 4583 1527 4622 nos
1577 4566 1847 4628 barbarie.
1889 4569 1978 4634 qui
2011 4583 2108 4637 per

529 4659 848 4713 nauclerum
879 4673 1002 4713 cum
1035 4658 1278 4728 periculo
1315 4658 1625 4726 ablegatum
1655 4659 1972 4725 regantibus
1998 4701 2013 4723 ,
2049 4669 2107 4714 ut

527 4750 808 4820 aliquanto
847 4749 1073 4820 propius
1103 4749 1169 4803 ad
1203 4762 1418 4818 portum
1451 4749 1748 4805 accedendi
1781 4760 2107 4818 potestatem

528 4842 732 4897 faceret
758 4859 772 4896 :
801 4857 908 4913 quo
946 4851 1136 4911 portus
1162 4853 1217 4896 et
1246 4843 1398 4898 urbis
1431 4843 1606 4896 vicina
1638 4843 1872 4897 tutiores
1903 4861 1929 4897 a
1967 4845 2111 4914 pira-

528 4947 707 4990 tarum
772 4933 989 5004 injuriis
1043 4949 1319 4999 essemus,
1376 4951 1486 4988 non
1539 4936 1718 4988 solum
1754 4936 1804 4990 id
1844 4947 2108 5007 negavit:

524 5043 714 5080 verum
745 5028 909 5081 etiam
950 5025 1268 5080 dcmmtiari
1291 5025 1476 5091 jussit,
1510 5043 1570 5082 se
1601 5043 1703 5080 nos
1733 5029 1883 5082 Omni
1915 5045 2111 5097 gem-re

528 5131 929 5176 tormentorum
966 5119 1380 5200 bellicorumex
1411 5135 1558 5183 arce,
1587 5122 1632 5176 si
1681 5123 1908 5192 propius
1957 5139 2116 5178 accc-

533 5217 808 5278 deremus,
861 5221 1244 5282 execpturum.
1294 5211 1351 5267 id
1406 5211 1568 5267 ﬁebat
1621 5223 1939 5284 propterea,
1972 5214 2114 5284 quod

531 5306 1004 5376 Constantinopoli
1059 5305 1396 5374 veniremus,
1467 5307 1555 5360 ubi
1601 5308 1873 5377 superiori
1903 5319 2115 5384 testate,

533 5401 699 5456 veluti
736 5401 898 5471 paulo
923 5409 1051 5454 ante
1081 5401 1310 5464 dictum,
1337 5399 1662 5470 gravissime
1685 5402 1909 5456 morbus
1945 5403 2118 5470 pesti-

533 5491 651 5545 lens
679 5491 968 5546 saevierat.
1004 5490 1253 5559 Amplius
1298 5499 1479 5544 tamen
1535 5491 1778 5558 quinque
1813 5493 2116 5568 mensibus.

533 5594 659 5637 ante
705 5591 954 5638 nostrum
991 5582 1327 5648 discessum,
1362 5597 1428 5637 ea
1461 5583 1700 5650 grassari
1738 5583 2013 5648 desierat;
2057 5598 2122 5638 ac

533 5690 634 5728 nos
667 5685 863 5742 quarto
885 5675 996 5743 ja'm
1024 5691 1212 5731 mense
1240 5689 1270 5727 a
1297 5673 1775 5743 Constantinopoli
1801 5675 2118 5730 abcramus.

536 5764 613 5820 Ita
656 5763 913 5820 nimirum
961 5779 1161 5822 exuere
1209 5763 1474 5834 quasdam
1525 5762 1729 5820 belluas
1762 5778 1980 5819 omnem
2014 5778 2121 5818 non

2209 4573 2473 4627 vocarint.
2503 4571 2638 4625 Eum
2679 4571 3013 4627 secretarius
3045 4573 3211 4626 etiam
3247 4571 3627 4624 Malatestauus
3666 4562 3760 4630 ipse

2209 4665 2376 4732 digito
2408 4665 2576 4730 fquasi
2625 4674 3039 4720 commonstrat.
3099 4662 3306 4717 Prtetor
3347 4661 3561 4717 Grmcize
3603 4664 3762 4740 noster

2211 4757 2496 4827 cujusdam
2538 4755 2673 4817 regii
2705 4755 2790 4810 vel
2823 4755 3154 4825 imperatorii
3188 4755 3369 4822 palatii
3403 4747 3655 4808 meminit,
3683 4741 3758 4794 cul

2217 4863 2410 4900 nomen
2452 4851 2543 4901 dat
2571 4837 2946 4917 Nymphamm.
2981 4847 3063 4900 Ab
3092 4861 3156 4900 eo
3190 4861 3296 4899 non
3324 4841 3506 4914 procul
3537 4835 3755 4893 dissitum

2213 4936 2477 4991 describit
2526 4937 2704 4990 locum
2733 4973 2748 4996 ,
2799 4935 2891 4989 tali
2922 4935 3248 5003 Teggiurum
3288 4933 3367 4985 vel
3407 4930 3754 4997 imperatorum

2218 5041 2372 5098 prato
2404 5028 2566 5083 rebus
2594 5027 2852 5081 oninibus
2890 5009 3256 5080 simillimum.
3294 5020 3502 5078 Alicubi
3533 5018 3593 5070 de
3619 5011 3758 5080 Nym-

2218 5119 2369 5187 pham
2400 5135 2413 5170 :
2448 5117 2676 5170 Michael
2700 5159 2714 5178 ,
2764 5117 2883 5172 ait.‘
2927 5113 3268 5182 Pnitlttiitigtls
3313 5113 3593 5179 imperator
3620 5099 3755 5168 Nym-

2219 5211 2428 5278 phaeum
2464 5219 2806 5278 pervenerat,
2863 5224 2970 5274 quo
3023 5207 3144 5260 loco
3179 5219 3424 5260 recreare
3456 5217 3511 5255 se
3541 5193 3755 5290 ευιυιξίξηξ

2222 5273 2596 5370 imperatores,
2629 5309 2917 5369 postquam
2955 5296 3385 5368 Constatinopoli
3417 5293 3464 5363 (τι
3518 5273 3750 5370 Flandrisi

2224 5395 2280 5448 in
2311 5393 2564 5449 exsilium
2599 5392 2757 5454 eiecti
2794 5393 3031 5446 fuerant.
3055 5390 3195 5443 Alibi
3229 5404 3353 5444 vero
3392 5381 3645 5446 nlaniiicm

2225 5495 2438 5554 pratum
2469 5489 2644 5555 ipsum
2677 5484 2938 5539 describit
2973 5484 3056 5538 his
3097 5483 3310 5537 verbis:
3362 5478 3489 5532 Cum
3539 5471 3641 5522 dies
3669 5461 3750 5555 εδιιῇ

2224 5589 2356 5646 quot
2388 5578 2407 5650 (
2442 5578 2735 5648 imperator
2767 5575 3013 5632 Joannes
3050 5577 3258 5631 scilicet
3293 5576 3464 5629 Ducas
3492 5551 3749 5650 Vastus)

2230 5646 2470 5725 Phiebiis
2515 5646 2807 5739 exegisset,
2841 5669 3202 5742 Clyzomcuen
3237 5663 3511 5738 profectus
3537 5655 3661 5746 (³⁸οέ
3685 5646 3751 5746 ut

2227 5781 2292 5821 co
2322 5780 2514 5820 nomen
2541 5761 2666 5832 est),
2705 5761 2900 5817 ibidem
2928 5761 3156 5816 tentoria
3193 5760 3276 5828 iugi
3303 5751 3488 5830 jussit.
3511 5745 3623 5801 Nam
3654 5743 3759 5790 istic
