4048 6208
322 313 426 378 833

1464 275 1858 368 raxnecrs
1900 307 2101 367 I—llST.
2130 303 2444 364 TURCIC.

3445 296 3551 359 83L

323 433 682 497 imperatores
712 439 741 477 c
793 422 1092 493 Nymphae
1135 422 1742 490 digressi,commorari
1795 438 1886 474 so-
1916 427 1961 482 Α
1991 420 2164 480 aittnt,
2200 419 2355 487 quasi
2419 416 2528 470 voti
2591 431 2737 479 rcus,
2779 415 2990 470 Melden
3043 429 3102 468 se
3161 411 3414 469 contulit.
3477 413 3549 466 Ea

319 519 464 578 lent.
516 515 880 584 major-cuique
925 515 1066 564 veris
1098 523 1303 580 partem
1335 511 1649 580 transigere.
1683 511 1891 579 Quippe

322 617 468 664 totus
495 607 584 660 ille
631 606 784 658 locus
819 619 966 656 mera
1016 603 1266 670 planities
1312 611 1417 665 est,
1463 619 1582 672 qua:
1633 602 1894 671 graminis

321 701 556 769 capiam,
588 696 962 765 compluribus
989 696 1146 764 equis
1178 694 1532 750 subicientem
1557 737 1573 761 ,
1622 694 1891 764 producit.

323 793 494 861 Aquis
524 790 687 844 etiam
724 787 1004 856 irrigatur,
1037 804 1098 840 ae
1124 787 1178 839 in
1215 787 1518 856 propinquo
1553 787 1752 840 multos
1797 802 1894 854 pa-

322 897 422 952 gos
453 891 508 936 et
553 879 806 935 civitates
850 876 1046 942 habet,
1080 892 1108 930 a
1141 879 1341 946 quibus
1374 879 1440 930 ad
1471 877 1671 930 vietum
1707 891 1895 930 neces-

323 975 477 1030 saria:
503 986 589 1026 res
609 973 828 1038 copiose
851 970 1357 1024 subministrantur.
1383 968 1653 1022 Ilaetenus
1678 979 1894 1037 praeter,

322 1066 415 1134 qui
448 1064 625 1118 Nica‘a
655 1060 959 1131 profectum
1019 1061 1084 1114 ad
1116 1063 1253 1114 hanc
1293 1062 1652 1130 Clyzomenen
1703 1061 1896 1114 scribit

325 1158 734 1225 imperatorem.
785 1153 858 1206 Ea
892 1168 1017 1205 vero
1047 1152 1090 1205 si
1127 1169 1232 1205 non
1281 1165 1365 1206 est
1399 1153 1528 1206 illud
1563 1151 1891 1219 Teggiurum

327 1249 409 1301 vel
439 1247 822 1314 imperatorum
865 1255 1109 1311 pratum,
1142 1244 1196 1296 in
1241 1259 1345 1311 quo
1376 1253 1621 1297 mortuus
1643 1281 1660 1307 ,
1691 1244 1756 1296 de
1789 1246 1896 1296 An-

327 1340 531 1392 nalium
560 1335 853 1398 sententia,
887 1334 991 1387 fuit
1015 1334 1397 1388 Mttclteuielcs:
1423 1336 1668 1402 equidem
1703 1337 1894 1399 alium,

323 1448 487 1500 quem
512 1431 761 1484 'indicem
785 1471 798 1493 ,
829 1427 911 1483 sic
942 1426 1272 1497 appellatum
1307 1429 1524 1495 locum,
1575 1428 1777 1482 nullum
1816 1429 1896 1481 iti-

325 1539 505 1577 VCIHO.

328 1656 452 1709 154.
474 1655 684 1710 Sullani
703 1641 897 1726 Zeim's,
916 1661 1132 1715 alterius
1157 1660 1257 1730 ﬁlii
1277 1660 1635 1724 Mttcltemetis,
1653 1658 1892 1715 historia.

1995 514 2197 566 nostris
2247 510 2429 564 Meclta
2490 521 2614 571 est.
2687 509 2936 563 Aehmeti
2985 509 3299 563 onirocrita:
3347 507 3553 570 Mecca,

1995 602 2278 660 Saracenis
2307 603 2515 656 Mediua
2551 602 2768 664 Alnabi,
2806 602 2910 656 hoc
2941 610 3044 664 est,
3094 595 3284 654 civitas
3318 600 3554 669 prophe-

1996 705 2080 749 tae.
2115 697 2325 763 Reapse
2352 709 2478 747 vero
2509 694 2575 748 ad
2627 681 3001 749 Aleairensem
3036 694 3312 749 sultannm
3357 691 3554 747 confu-

1994 787 2091 855 git.
2121 804 2147 836 a
2167 802 2274 852 quo
2307 785 2594 839 Genii-aius
2617 801 2740 838 eum
2789 787 2964 855 copiis
2993 797 3045 839 ct
3097 785 3343 854 pecuniis
3403 783 3559 850 adju—

1997 887 2108 930 tum
2141 878 2330 931 scribit
2365 895 2379 930 :
2417 880 2509 930 sed
2553 888 2713 948 negat
2747 879 2847 932 hoc
2880 877 3178 931 Malatesta:
3208 875 3558 933 secretarius.

1999 969 2382 1022 tantummodo
2436 969 2680 1024 referens
2737 968 2935 1023 Zemen
2986 969 3188 1024 sultani
3229 965 3560 1020 Alcairensis

1998 1061 2117 1114 fidei
2176 1077 2397 1114 uxorem
2457 1077 2579 1114 cum
2631 1063 2745 1116 lilio
2793 1063 3238 1116 commendasse.
3315 1059 3388 1113 De
3458 1059 3561 1111 hoc

1997 1153 2115 1220 ejus
2143 1154 2256 1206 lilio
2282 1153 2412 1223 quid
2447 1154 2647 1207 factum
2699 1153 2882 1217 fuerit,
2936 1155 3124 1223 paucis
3176 1151 3562 1222 Spanduginus

1996 1247 2264 1312 exposuit.
2315 1245 2524 1315 Quippe
2573 1256 2760 1300 narrat
2811 1263 2960 1309 eum,
3023 1262 3147 1300 cum
3192 1247 3244 1299 in
3306 1243 3558 1298 Rhodum

2000 1339 2226 1391 insulam
2261 1339 2617 1406 pervenisset,
2682 1343 2992 1406 amplexum
3059 1337 3373 1406 religionem
3406 1335 3562 1389 Chri-

1998 1433 2251 1492 stianam,
2280 1441 2334 1484 et
2359 1431 2714 1498 baptizatum.
2770 1430 2998 1494 Ibidem,
3034 1430 3305 1496 susceptis
3338 1444 3401 1480 ex
3433 1444 3566 1480 con-

1994 1524 2120 1592 juge
2147 1535 2382 1592 quatuor
2421 1525 2626 1587 liberis,
2667 1525 2880 1578 duobus
2922 1523 3202 1582 masculis.
3227 1522 3562 1587 totidemque

2001 1615 2249 1679 femellis,
2293 1617 2435 1668 velut
2462 1616 2542 1668 .in
2584 1616 2804 1670 latebris
2861 1616 3112 1669 vixisse:
3159 1615 3330 1667 donec
3370 1611 3564 1666 Rhodo

2005 1717 2182 1775 capta,
2212 1708 2590 1776 percunctanti
2625 1707 2691 1760 de
2734 1723 2799 1760 eo
2840 1707 3073 1760 sollicite
3101 1705 3394 1759 Solvimani
3438 1720 3564 1769 pro-

397 1773 670 1844 Princ'pio
725 1776 1028 1831 momndus
1076 1778 1268 1845 ίθθίθτν
1317 1777 1443 1833 huic
1496 1776 1637 1847 apud
1689 1777 1898 1831 Tum“
1933 1765 1975 1824 Β
2003 1802 2168 1864 ditus,
2203 1815 2327 1854 cum
2368 1799 2678 1869 religionem
2711 1797 3078 1852 Christianam
3110 1799 3452 1850 deserturum
3504 1811 3564 1847 se

330 1883 524 1920 nomen
562 1883 678 1924 esse
743 1870 920 1925 sultan
954 1871 1127 1935 lenii,
1157 1874 1236 1926 vel
1261 1873 1433 1936 Genii,
1461 1874 1900 1942 pronuntiatione

331 1956 535 2012 Italica.
563 1957 864 2026 Geufrzeus,
895 1973 949 2016 et
977 1963 1102 2028 alii,
1133 1980 1238 2018 non
1265 1975 1410 2019 recte
1437 1965 1698 2017 Zizimum
1729 1976 1782 2018 ct
1814 1963 1900 2016 Zi-

329 2049 506 2104 zimen
541 2051 831 2119 appellant:
866 2054 1022 2124 pejus
1053 2058 1213 2108 etiam
1243 2055 1524 2110 Bonfinius
1560 2056 1897 2119 Czaliahum,

332 2142 476 2210 quod
498 2159 560 2195 ex
596 2142 773 2198 Zelebi
806 2159 1122 2217 corruptum
1158 2148 1415 2212 arbitror,
1439 2147 1507 2201 de
1532 2163 1640 2218 quo
1664 2150 1897 2203 voeabu-

335 2234 386 2286 lo
417 2234 620 2288 dictum
655 2237 813 2292 initio
843 2239 1228 2300 declarationis
1259 2240 1441 2308 hujus.
1475 2239 1770 2311 Utriusque
1805 2258 1902 2300 Du-

335 2341 456 2393 gtite
487 2329 872 2398 narratio,qua
904 2332 986 2386 bis
1015 2333 1291 2388 Achmetis
1316 2331 1549 2387 Geducis
1575 2333 1747 2385 bassa:
1773 2333 1902 2385 due-

339 2425 394 2468 ιιι
429 2425 712 2484 superatus
739 2433 767 2472 a
803 2417 966 2473 fratre
1014 2419 1137 2482 fuit,
1166 2421 1252 2475 hic
1281 2420 1334 2473 in
1364 2421 1665 2474 Annalibus
1701 2430 1898 2474 exstat.

339 2503 579 2576 Reliqua:
606 2519 720 2577 post
749 2508 929 2578 fugam
961 2511 1083 2564 vitae
1119 2511 1332 2564 fortuna
1371 2511 1608 2563 breviter
1635 2525 1666 2562 e
1701 2511 1904 2562 nostris

338 2599 644 2666 exponitor,
673 2601 890 2669 quando
913 2601 1075 2655 Turci
1105 2617 1245 2661 eam.
1277 2608 1334 2654 ut
1362 2616 1550 2670 parum
1584 2601 1682 2652 sibi
1718 2601 1905 2668 cogni-

341 2702 478 2756 tam,
511 2693 562 2746 in
587 2693 791 2748 litteras
816 2694 1019 2748 referre
1042 2710 1148 2748 non
1183 2703 1495 2763 potuerunt.
1533 2693 1700 2762 Igitur
1736 2693 1904 2744 alti-ro

342 2785 529 2854 prailio
556 2784 751 2848 victus,
799 2785 1095 2855 desperatis
1137 2787 1297 2838 rebus
1346 2785 1506 2859 suis,_
1543 2785 1594 2837 in
1654 2781 1902 2834 Rhodum

345 2877 602 2946 profugit:
627 2893 793 2946 seque
819 2893 1014 2947 tnagtio
1032 2877 1271 2946 equitatu
1298 2875 1626 2930 Rhodiorum
1655 2875 1906 2942 Magistro

345 2971 436 3037 qtti
471 2980 599 3023 tunc
625 2980 740 3023 erat
784 2969 970 3023 Petrus
1016 2969 1374 3023 Albussonius
1421 2966 1626 3028 Gallus,
1661 2967 1906 3018 tradidit.

347 3059 550 3130 Agebat
585 3069 710 3113 tunc
779 3063 953 3113 anatis
993 3076 1193 3112 annum
1263 3058 1578 3113 vicesimum
1628 3069 1904 3110 octavum.

348 3152 403 3206 Id
435 3154 525 3206 ubi
571 3152 832 3219 Bajasites
885 3154 1205 3222 accepisset,
1259 3150 1608 3219 amplissimis
1656 3165 1905 3217 magnum

347 3235 684 3312 Magistrum,
733 3244 961 3313 ejusque
1029 3245 1388 3305 consiliarios,
1458 3240 1773 3293 muneribus
1821 3239 1912 3291 de-

351 3338 620 3397 mulcens,
653 3336 727 3390 uti
777 3335 1065 3404 diligenter
1093 3344 1485 3394 asservaretur,
1522 3333 1694 3402 petiit;
1748 3330 1910 3385 simul

350 3428 418 3482 ad
455 3429 571 3496 ejus
595 3428 847 3482 alimenta
883 3441 942 3481 se
965 3426 1320 3496 quadraginta
1363 3424 1528 3477 millia
1588 3425 1908 3478 ducatorum

352 3517 583 3585 singulis
639 3519 819 3582 annis,
876 3534 1036 3586 quam
1066 3519 1283 3587 quidem
1317 3518 1404 3570 diu
1439 3515 1604 3570 frater
1631 3523 1911 3584 superstes

355 3614 570 3667 futurus
599 3624 764 3676 esset,
795 3624 1201 3669 numeraturum
1244 3612 1522 3682 promisit:
1547 3626 1734 3682 pacem
1762 3611 1915 3664 deni-

352 3720 459 3775 que
479 3721 600 3758 cum
633 3703 958 3760 Christianis
1022 3715 1334 3774 perpetuam
1369 3707 1640 3758 ctillurutn
1672 3719 1913 3773 spopon-

355 3799 452 3850 dit.
481 3797 705 3866 Accepit
771 3813 865 3852 eas
936 3797 1277 3850 conditiones
1347 3812 1575 3866 magnus
1637 3796 1914 3860 Magister,

354 3905 491 3958 quas
546 3890 763 3959 quidem
797 3891 937 3943 bona
973 3889 1074 3943 fide
1104 3889 1367 3956 Bajasites
1402 3888 1662 3958 implevit.
1723 3886 1914 3941 Zetnes

351 3997 504 4047 vero,
528 3991 642 4036 tum
676 3983 931 4052 plenioris
966 3983 1272 4037 securitatis
1295 3997 1479 4045 causa,
1518 3991 1630 4035 tum
1660 3982 1733 4035 uti
1763 3981 1918 4048 Baja-

355 4075 488 4128 sites
515 4082 665 4127 tanto
699 4075 869 4141 magis
897 4075 950 4126 in
1011 4081 1155 4126 metu
1209 4085 1471 4143 perpetuo
1520 4075 1918 4131 contineretur.

353 4170 406 4221 i'n
441 4166 668 4219 Galliam
714 4166 812 4220 fuit
865 4166 1131 4220 abductus
1173 4183 1186 4221 :
1240 4166 1326 4220 tibi
1357 4167 1447 4219 diu
1485 4166 1616 4219 vixit
1681 4165 1733 4217 iti
1788 4181 1924 4234 qua-

348 4265 479 4313 dam
519 4259 852 4314 Rhodiorum
894 4261 1134 4330 equitum
1183 4275 1327 4320 arce,
1367 4259 1681 4334 cuinomen
1717 4259 1918 4326 Burgo-

348 4369 518 4408 ιιονυ.
550 4351 822 4407 Deductus
855 4354 977 4405 inde
1010 4351 1234 4405 Romam
1288 4350 1388 4404 fuit
1430 4352 1495 4404 ad
1548 4351 1920 4404 Innocentium

2001 1905 2314 1947 constanter
2339 1900 2610 1960 negasset,
2639 1891 2851 1944 duobus
2871 1906 2994 1944 cum
3031 1889 3153 1942 ﬁliis
3181 1889 3520 1942 occideretur
3545 1906 3558 1941 :

1997 1987 2221 2054 jubente
2245 1984 2578 2048 Soleimane,
2616 1993 2674 2036 ut
2727 1984 2846 2037 lilia:
2872 1983 3402 2052 Constantinopolim
3440 1998 3565 2036 ave-

2003 2080 2231 2132 ltcreliltt
2244 2097 2286 2130 r.

2254 2169 2371 2222 ltili.
2401 2167 2542 2221 Mors
2568 2167 2790 2221 Getlttcis
2825 2166 3082 2220 Acltmett's
3114 2165 3302 2218 bassar.

2076 2259 2238 2326 Quia
2295 2259 2611 2314 conditione
2679 2259 2982 2312 humillima
3024 2256 3204 2310 subito
3255 2271 3563 2325 supremam

2007 2350 2073 2402 ad
2111 2351 2429 2418 dignitatem
2461 2359 2513 2402 et
2563 2363 2694 2416 epes
2756 2357 3073 2409 emerserat,
3118 2358 3172 2400 et
3205 2348 3569 2413 imperatoriis

2008 2437 2184 2494 tamen
2220 2442 2427 2492 artibus
2470 2451 2750 2508 praestans,
2793 2455 3017 2507 magnas
3052 2455 3146 2508 pro
3176 2439 3406 2497 sultauis
3431 2441 3566 2502 suis,

2008 2537 2346 2589 Muchemete
2379 2535 2744 2605 Bajasiteque,
2775 2553 2860 2589 res
2908 2547 3170 2604 gesserat.
3223 2535 3424 2603 insigni
3467 2551 3567 2590 sua

2007 2644 2127 2678 cum
2166 2627 2334 2694 gloria
2378 2645 2389 2676 :
2437 2643 2596 2694 quam
2651 2627 2866 2695 indigna
2917 2626 3130 2678 tandem
3169 2640 3342 2678 morte
3399 2625 3566 2678 vitam

2008 2717 2149 2769 hanc
2170 2715 2453 2775 clauserit,
2485 2717 2718 2769 Annales
2744 2718 2846 2769 hoc
2878 2715 2997 2768 loco
3021 2719 3202 2782 paucis
3235 2731 3572 2769 commemo-

2010 2815 2149 2858 rant.
2183 2806 2393 2858 Causas
2418 2815 2600 2858 tamen
2636 2808 2807 2860 nullas
2839 2807 3122 2873 adjiciunt.
3156 2823 3254 2861 cur
3285 2809 3356 2860 ita
3389 2809 3571 2861 subito

2007 2911 2318 2966 peremptus
2369 2899 2552 2960 fuerit.
2612 2899 2767 2968 jussu
2826 2899 3097 2964 llajasitis,
3159 2911 3214 2952 ut
3263 2901 3571 2966 Oculi-aus;

2012 2991 2183 3057 ipsius
2241 3007 2402 3043 manu
2452 2991 2723 3059 Bajasitis,
2791 3004 2847 3043 ut
2892 2990 3186 3044 Malatestze
3241 2993 3572 3046 scerctarius

1936 3117 1979 3176 α
2013 3081 2250 3150 scripsit.
2277 3080 2557 3136 Gcttfrteus
2591 3085 2684 3147 ait,
2744 3092 2994 3136 testatum
3043 3082 3214 3135 fuisse
3251 3081 3566 3148 Bajasitem.

2014 3173 2240 3227 nimiam
2273 3175 2412 3228 servi
2462 3176 2889 3242 magnitudinem
2947 3188 3010 3226 ac
3060 3172 3310 3226 virtutem
3352 3175 3578 3227 domino

2015 3267 2362 3320 formidinem
2409 3267 2675 3320 incutere.
2732 3265 3025 3318 Malatesta:
3076 3279 3204 3314 vero
3247 3266 3575 3316 secretarins

2021 3360 2333 3429 hujusmodi
2406 3360 2655 3427 quaedam
2719 3361 2880 3423 paulo
2933 3356 3168 3424 prolidit
3227 3356 3577 3424 explicatius,

2015 3466 2136 3520 quae
2165 3450 2515 3504 commutatis
2546 3451 2723 3503 verbis
2753 3438 2916 3515 ips-ius
2953 3447 3151 3500 Italicis
3183 3463 3304 3500 cum
3367 3446 3575 3501 Latinis

2017 3543 2108 3597 hic
2142 3543 2463 3597 inseremus.
2511 3541 2696 3604 Erant,
2725 3539 2924 3609 inquit,
2965 3540 3269 3608 pertinaces
3293 3539 3456 3592 animi
3484 3555 3579 3608 ge-

2018 3637 2352 3699 nizarorttm,
2385 3651 2522 3705 quos
2553 3651 2683 3689 sane
2727 3648 3120 3702 ttotmunqnatn
3155 3634 3334 3686 dicere
3363 3648 3467 3685 non
3499 3643 3582 3686 est

2019 3730 2275 3791 veritum,
2340 3727 2559 3796 quamlo
2623 3723 2856 3792 Bajasite
2901 3722 3124 3776 domino
3179 3737 3370 3790 parum
3401 3721 3582 3788 propi-

2021 3823 2094 3876 tio
2129 3833 2430 3884 uterentur,
2486 3821 2851 3874 arcessitttros
2918 3833 2976 3872 se
3010 3818 3280 3871 sultanum
3339 3815 3577 3879 Zemem,

2020 3917 2112 3984 qui
2145 3917 2222 3968 eis
2274 3915 2586 3982 imperaret.
2633 3912 2770 3977 Quin
2801 3910 2962 3964 etiam
3024 3911 3215 3962 armati
3267 3907 3578 3975 aliquando.

2023 4021 2219 4074 magna
2257 4021 2380 4058 cum
2441 4005 2585 4056 rabie
2610 4003 2676 4056 ad
2704 4004 2849 4070 ipsas
2889 4003 3152 4054 sultanini
3186 4001 3367 4069 palatii
3401 4011 3584 4068 portas

2022 4107 2397 4151 accurrernnt.
2429 4096 2566 4150 Tum
2596 4111 2722 4149 vero
2747 4094 3010 4163 Bajasites
3043 4094 3376 4147 lenibus‘eos
3408 4092 3586 4147 verbis

2025 4192 2291 4255 mitigare,
2331 4188 2650 4256 cunctisque
2670 4186 2958 4256 postulatis
2980 4189 3228 4255 ipsorum
3254 4201 3386 4238 sane
3425 4201 3585 4253 quam

2025 4285 2361 4352 indulgenter
2393 4298 2654 4338 annuere.
2695 4281 2900 4351 Sopitis-
2923 4291 3104 4334 autem
3137 4281 3432 4333 furentium
3471 4279 3586 4339 iris.

2026 4386 2278 4431 auctores
2312 4375 2598 4429 seditionis
2628 4389 2659 4428 e
2714 4375 2894 4428 medio
2919 4373 3166 4428 sustulit.
3216 4371 3281 4426 Et
3311 4373 3438 4441 quia
3486 4389 3590 4425 ste-

345 4447 472 4512 ejus
518 4447 757 4500 nominis
793 4457 1070 4507 octavum,
1134 4446 1464 4515 pontificem.
1518 4441 1614 4506 lbi,
1681 4445 1908 4513 quandir

2032 4485 2335 4540 penumero
2365 4467 2600 4537 genizari
2632 4465 2701 4520 ad
2753 4466 3029 4519 Acbmetis
3075 4463 3369 4518 Chcndicis
3398 4464 3595 4516 veziris

348 4539 494 4591 vixit
549 4537 956 4604 lnnnocentius,
1013 4554 1076 4590 ac
1132 4548 1253 4606 post
1305 4546 1530 4589 mortem
1592 4537 1760 4600 illius,
1818 4537 1922 4589 sub

346 4627 645 4681 Alexandri
678 4625 736 4679 Vl
772 4627 1110 4695 pontificatu.
1147 4629 1347 4680 mansit
1380 4642 1394 4680 :
1426 4627 1601 4680 donec
1625 4637 1921 4695 OCt'Upzlllt-

348 4735 455 4772 rus
483 4735 706 4786 regnum
743 4718 1156 4786 Neapolitanum
1189 4717 1424 4773 liarulus
1453 4717 1560 4770 Vlll
1589 4719 1776 4772 Galliae
1829 4733 1921 4769 rex

354 4814 589 4868 Itornarn
645 4815 902 4866 venisset.
957 4812 1086 4864 Nam
1145 4813 1190 4864 is
1235 4808 1432 4865 Zcmen
1485 4813 1552 4864 ab
1616 4811 1923 4864 Alexandro

351 4903 698 4970 impetravit.
768 4920 969 4958 usurus
1046 4921 1132 4964 eo.
1192 4905 1645 4974 quemadmodum
1706 4907 1921 4973 quidem

351 4999 566 5059 aiebat,
599 4995 666 5050 ad
717 4997 1150 5066 recuperandum
1212 4995 1498 5064 imperium
1535 4994 1925 5050 Constanzino—

351 5088 687 5159 politanum.
721 5088 964 5142 Pontifex
991 5099 1169 5141 autem
1238 5085 1386 5142 Zetni
1441 5103 1707 5141 venenum
1745 5087 1927 5155 propi-

351 5195 528 5236 nasse
555 5179 758 5232 lentum
792 5181 1044 5244 traditur,
1082 5197 1190 5250 quo
1256 5192 1464 5234 eertum
1529 5180 1593 5232 ad
1631 5177 1925 5231 terminum

352 5271 628 5343 paulatim
652 5271 934 5327 confecuts
964 5274 1284 5342 exspiraret.
1333 5271 1518 5342 Itaque
1567 5281 1688 5339 post
1717 5271 1930 5339 aliquot

353 5365 486 5419 dies
509 5363 859 5418 Terracinam
909 5365 1222 5434 perductus,
1267 5366 1467 5419 ibidem
1527 5367 1690 5418 rebus
1734 5367 1928 5418 huma-

354 5458 456 5513 nis
491 5460 750 5512 excessit.

356 5573 533 5646 456
568 5573 688 5628 155.
734 5571 1171 5646 Mtkt'e,_llietlitta
1212 5571 1421 5634 Aluabi,
1459 5571 1558 5638 lilii
1594 5582 1934 5640 nepotemque

919 5641 1091 5695 lentis
1122 5645 1364 5696 historia.

446 5760 636 5814 Victus
676 5761 838 5829 priori
893 5761 1073 5831 praelio
1110 5758 1324 5825 Zemes,
1368 5758 1500 5814 dicis
1553 5773 1739 5824 causa,
1791 5757 1934 5826 quod

2027 4565 2202 4617 lassa
2265 4563 2488 4614 domum
2548 4560 2791 4621 itabant,
2854 4555 3126 4625 Bajasites
3201 4557 3590 4624 lladrianopoti

2029 4658 2267 4716 tandem,
2319 4671 2427 4723 qua
2465 4655 2516 4707 iii
2553 4656 2687 4708 urbe
2737 4664 2865 4706 tunc
2919 4653 3136 4719 agebat,
3167 4651 3232 4703 ad
3281 4649 3594 4703 convivium

2028 4733 2237 4802 \ezii‘es
2272 4764 2404 4801 suos
2456 4762 2648 4800 omnes
2707 4745 2978 4804 invitavit,
3029 4744 3213 4812 ibique
3275 4742 3593 4797 Achmeten‘.

2027 4842 2244 4895 bassain
2289 4855 2450 4893 manu
2503 4839 2720 4908 propria
2772 4837 3031 4890 confecit.
3096 4833 3221 4889 Haec
3253 4835 3364 4899 ille,
3399 4839 3595 4903 quibus

2029 4939 2287 4986 Arateum
2323 4934 2424 4985 hoc
2455 4930 2818 4999 epiphonema
2879 4929 3187 4982 rectissime
3229 4934 3354 4996 quis
3383 4928 3597 4994 adjece-

2031 5026 2136 5077 rit:
2170 5024 2436 5093 ejusmodi
2469 5023 2683 5076 scilicet
2708 5020 2913 5075 amoris
2970 5036 3034 5075 ac
3089 5021 3480 5074 benevolentia:
3510 5030 3593 5088 ty-

2030 5130 2331 5167 rannorum
2365 5127 2487 5168 esse
2515 5111 2756 5182 praemia.

2033 5229 2160 5284 157.
2192 5227 2428 5281 Familia
2448 5227 2780 5280 Caramam'a?
2813 5225 3105 5293 principrm
3126 5225 3406 5276 exstincta.
3435 5221 3596 5276 Pira-

2101 5311 2288 5360 metus,
2329 5314 2422 5367 pro
2460 5297 2746 5351 lbra/time.
2790 5297 3117 5348 Caramauia
3148 5311 3200 5346 ιη
3235 5295 3460 5364 formam
3484 5295 3595 5367 obe-

2099 5369 2420 5437 glcrbegatus
2455 5368 2688 5420 redacta.

2105 5481 2344 5538 Ultimus
2391 5483 2758 5546 est'Casanes,
2789 5481 2946 5551 cujus
2979 5479 3066 5534 hic
3121 5496 3316 5536 nomen
3350 5482 3602 5550 prodide-

2037 5584 2164 5628 rtmt
2191 5575 2448 5639 Annales,
2481 5575 2570 5643 qui
2595 5573 2661 5625 de
2700 5572 3124 5626 Caramanomm
3172 5572 3371 5626 familia
3401 5575 3602 5644 princi-

2038 5682 2164 5736 pum
2208 5667 2260 5718 in
2297 5665 2538 5718 historiis
2566 5665 2860 5732 reperitur.
2912 5665 3041 5716 Nam
3081 5664 3384 5718 Cettlt‘altltlt
3421 5681 3602 5720 errare

2041 5758 2310 5825 rizlemus,
2342 5757 2430 5829 qui
2459 5758 2619 5811 tradit
2645 5757 2970 5812 exstinctam
2994 5757 3184 5811 herum
3208 5755 3462 5812 familiam
3491 5762 3596 5810 sub
