4048 6208
546 327 652 388 gis
1727 303 2056 364 JOANNIS
2089 297 2556 360 LEUNCLAV‘lI
2993 355 3014 362 _
3655 300 3748 361 335

547 436 903 495 Muehcmetis
951 429 1197 500 imperio,
1239 423 1528 480 duodecim
1568 421 1648 474 vel
1695 421 1960 474 tredecim
1987 427 2114 472 ante
2141 418 2192 477 Α
2216 431 2343 469 cum
2381 413 2596 483 magnis
2627 411 2986 466 terrestribus
3015 409 3206 479 'cnpiis
3237 408 3480 472 instruxit
3519 428 3530 463 :
3561 421 3612 464 ut
3633 414 3750 467 lae‘l-i

548 533 655 585 hoc
702 537 916 595 tempus
964 521 1122 576 annis
1150 538 1164 573 :
1194 526 1249 570 et
1295 513 1440 567 aliud
1507 511 1706 564 ultimo
1755 510 1846 562 dat
1893 523 2116 571 nomen,

549 622 918 678 Abrahamum
949 625 1181 670 vocans.
1223 608 1313 663 Ait
1342 607 1510 665 enim,
1552 602 1956 680 Muchemetem
1988 599 2116 654 lihe-

550 725 748 770 ratum.
773 707 1190 764 Usumchasane
1220 699 1640 771 (Assambegum
1692 695 1807 764 ipse
1850 691 2116 759 nominat)

552 804 892 864 adversario,
922 809 1044 870 post
1071 796 1279 849 obitum
1322 790 1579 844 Piramcti
1609 787 1900 842 Caramani
1941 799 2123 837 reven-

551 913 669 953 sum
727 896 781 949 in
814 891 1218 952 Caramaniam,
1272 885 1586 941 Abrahamo
1639 882 1747 935 filio
1778 881 1896 942 ejus
1948 879 2122 947 impo-

551 994 728 1046 suisse
763 986 1143 1040 necessitatem
1181 977 1507 1047 implorandi
1537 974 1740 1028 auxilia
1774 973 2120 1027 Christiano-

553 1098 698 1144 rum,
762 1082 995 1132 maxime
1030 1075 1106 1129 Pii
1148 1070 1377 1128 secundi
1410 1067 1728 1136 pontificis:
1777 1065 1870 1133 qui
1909 1062 2122 1134 profec-

549 1175 698 1227 tione
755 1173 808 1223 in
856 1167 1240 1224 Cat-amauiam
1301 1163 1624 1218 constituta.
1658 1163 1962 1220 Aneonam,
2029 1155 2118 1207 nhi

551 1263 779 1316 classem
830 1259 1082 1313 adornari
1141 1264 1460 1314 curaverat,
1519 1251 1829 1318 profectus;
1916 1246 2116 1299 ibidem

559 1362 811 1406 mortuus
835 1348 1080 1422 sit,'dum
1139 1346 1432 1399 adventum
1484 1343 1811 1397 Venetorum
1844 1337 2119 1389 sociorum

556 1451 918 1512 exspectaret.
975 1442 1116 1505 Hinc
1162 1439 1435 1496 evenisse,
1469 1445 1527 1486 ttt
1582 1435 1758 1485 classe
1825 1430 2017 1486 dixisa.
2071 1438 2124 1480 et

560 1533 842 1603 occupatis
911 1531 1182 1600 Ungarico
1238 1529 1376 1582 bello
1430 1523 1737 1582 Germanis,
1787 1521 2124 1573 Caralitanus

559 1629 786 1683 minime
833 1627 899 1679 ad
959 1622 1320 1678 resistendmn
1368 1619 1566 1673 Turcis
1605 1613 2125 1678 sufiicieus,i-ntt-r-

558 1719 738 1774 fectus
784 1717 987 1771 fuerit:
1053 1726 1217 1783 atque
1263 1713 1336 1764 ita
1387 1708 1648 1762 familiam
1714 1703 2123 1762 Caratnanicam

2224 504 2658 574 Carabogdania:
2695 502 2994 557 Vaivodam
3035 502 3333 568 invaderet,
3372 503 3585 572 ejusque
3631 505 3751 562 vires

2219 607 2516 652 everteret.
2548 594 2844 664 Hegionem
2880 595 3044 662 hujus
3081 595 3376 664 ingressus,
3406 597 3577 649 omnia
3625 596 3750 650 llam-

2209 690 2331 743 .tnis
2363 700 2416 742 et
2446 689 2590 743 ferro
2621 689 2874 750 vastavit,
2937 688 3324 757 civitatemque
3344 688 3566 742 Cluilium
3614 692 3752 758 cepit,

2225 783 2391 835 etiam
2418 797 2600 835 arcem
2633 781 2865 834 dedente
2895 770 3227 835 Mamalacco
3258 779 3575 840 Castellauo.
3599 783 3756 850 patrie

2228 873 2522 942 proditore.
2554 870 2790 925 Prufecd
2846 879 2972 922 sunt
3023 870 3218 924 deinde
3286 869 3759 940 Turci‘Tatarique

2229 965 2469 1018 maximo
2499 979 2624 1016 cum
2655 963 2902 1016 escrcitu
2961 962 3025 1015 ad
3096 961 3354 1029 oppidum
3409 961 3758 1017 Moncastrutn.

2227 1055 2476 1125 Cumque
2533 1055 2634 1108 sibi
2667 1071 2786 1107 cam
2839 1068 3060 1123 quoque
3119 1053 3396 1107 civitatem
3446 1055 3562 1108 dedi
3604 1065 3778 1124 pastu--

2231 1148 2455 1212 lassent,
2489 1161 2553 1200 ac
2614 1146 3014 1200 interveniente
3065 1153 3227 1214 pacto
3284 1146 3610 1213 relinquendi
3657 1162 3760 1200 cum

2230 1245 2336 1294 vita
2393 1241 2679 1294 facultates
2719 1239 2914 1292 incolis
2972 1239 3176 1300 salvas,
3216 1238 3328 1290 voti
3383 1247 3649 1305 cmupotes
3699 1236 3762 1289 fa-

2231 1334 2563 1388 cti-fuissent
2597 1351 2609 1386 :
2639 1333 2776 1385 nihil
2837 1345 3029 1384 eorum
3073 1345 3193 1399 qua:
3245 1331 3620 1399 promiserant,
3652 1339 3762 1397 prae-

2231 1429 2510 1481 stiterunt.
2565 1424 2828 1490 Bajasites
2885 1425 3047 1476 etiam
3105 1423 3344 1475 familias
3397 1422 3513 1486 plus
3549 1421 3763 1474 minusve

2231 1521 2561 1585 quingentas
2584 1532 2772 1569 eorum
2806 1515 3006 1570 civium
3031 1512 3560 1581 Constantinopolim
3594 1510 3764 1563 abduci

2229 1608 2410 1674 jussit.
2435 1608 2720 1660 Bonlimus
2743 1607 2931 1661 eodem
2956 1617 3198 1677 tempore
3248 1614 3429 1674 gestas
3472 1602 3657 1656 ibidem
3697 1616 3766 1654 res

2233 1715 2690 1761 commemorans,
2728 1699 3026 1752 Achillcam
3094 1699 3190 1762 ait,
3224 1713 3373 1751 nunc
3422 1697 3672 1762 Cheliam,
3721 1704 3767 1748 et

559 1808 851 1876 defecisse,
907 1805 1065 1873 cujus
1120 1803 1256 1858 ditio
1319 1800 1547 1854 cesserit
1613 1792 1950 1850 Osmanidis.
1998 1789 2126 1842 Non

2233 1795 2629 1860 Nestoralbam,
2662 1796 2727 1849 ad
2761 1794 2880 1849 Istri
2916 1795 3055 1849 ostia
3081 1795 3237 1861 sitas,
3271 1810 3301 1849 a
3337 1793 3526 1849 Turcis
3549 1804 3664 1848 tunc
3683 1792 3766 1847 ob-

560 1897 902 1967 tempnribus
938 1895 1051 1948 haec
1069 1893 1354 1952 duntaxat,
1389 1890 1482 1943 sed
1525 1887 1689 1941 rebus
1707 1885 1869 1938 etiam
1897 1883 2126 1934 confusa

559 1999 709 2046 sunt.
741 1989 832 2042 Ait
874 1986 1116 2041 occisum
1153 1985 1552 2042 Abrahamum,
1624 1975 1879 2029 Pirameti
1937 1973 2125 2034 filium,

561 2081 616 2135 in
657 2096 720 2134 ea
769 2077 971 2132 familia
1029 2077 1539 2142 postremumpost
1595 2064 2124 2122 Usmnchasanicum

563 2169 950 2236 bellum,quod
979 2164 1213 2234 pertinet
1247 2162 1313 2216 ad
1364 2176 1564 2214 :tlil'lllm
1594 2158 1932 2212 Chistiannm
1965 2157 2125 2210 1474,

561 2262 813 2316 Voluisse
840 2273 967 2312 vero
1012 2256 1166 2310 Pium
1207 2254 1251 2306 ll
1284 2251 1593 2322 pontificem
1637 2251 1762 2304 huic
1786 2265 1939 2317 opem
1991 2251 2130 2302 ferre

559 2357 723 2427 .paulo
768 2363 916 2415 ante.
944 2367 1105 2421 quam
1159 2350 1275 2418 ipse
1316 2350 1481 2401 vitam
1525 2363 1648 2400 cum
1680 2354 1851 2398 morte
1884 2359 2128 2397 commu-

561 2461 724 2514 taret,
776 2460 830 2503 et
883 2447 1035 2508 ,alter
1103 2459 1136 2498 a
1226 2443 1420 2500 Turcis
1497 2441 1918 2510 Opprimerctur.
1968 2439 2128 2506 Atqui

562 2544 751 2598 decem
813 2541 934 2611 plus
966 2538 1147 2592 minus
1175 2549 1300 2590 ante
1345 2538 1446 2589 hoc
1498 2549 1710 2599 tempus
1739 2533 1917 2597 annis,
1973 2529 2127 2583 Pium

562 2653 755 2705 papam
799 2643 1072 2688 mortuum
1109 2629 1283 2683 fuisse
1319 2637 1554 2682 Constat.
1589 2627 1853 2680 Praeterea
1911 2621 2131 2675 tradunt

562 2730 822 2788 Annales,
859 2743 887 2778 a
931 2723 1265 2776 Muchemete
1288 2720 1333 2773 ll
1371 2729 1608 2785 ereptam
1638 2715 1944 2770 Caramano
1977 2713 2129 2768 Giol-

563 2820 859 2881 chisarem,
894 2831 1037 2868 anno
1067 2811 1352 2870 Chistiano
1383 2810 1540 2864 1469.
1577 2809 1685 2862 Nec
1737 2818 1918 2861 tamen
1951 2806 2128 2874 ipsum

565 2910 890 2981 principem,
919 2906 1009 2976 qui
1042 2915 1172 2958 tunc
1222 2903 1524 2956 lbrahimcs
1581 2910 1722 2962 erat,
1779 2898 2126 2953 interfectum

563 3003 755 3058 fuisse.
791 2999 960 3064 Quem
1006 2996 1166 3050 etiam
1223 2994 1356 3048 dicit
1412 2994 1818 3056 Abrahamum,
1875 2991 2129 3045 Pirameti

566 3093 760 3156 ﬁlim“.
795 3089 935 3144 bella
994 3102 1117 3141 cum
1154 3083 1492 3177 Μυξὴθίηθιθ
1534 3083 1817 3177 ῧέεείδεθξ-
1846 3081 2128 3177 Βίξῐξίὶιιίυε
2155 3115 2202 3177 C
2238 3094 2332 3157 lat,
2392 3091 2448 3145 in
2507 3090 2622 3158 ripa
2647 3089 2899 3153 Danubii,
2939 3093 3018 3143 vel
3043 3091 3108 3144 ad
3161 3103 3382 3145 OSlltlltl'
3445 3092 3660 3146 Danubii
3695 3106 3773 3159 ρυ-
3836 3159 3840 3168 ι

568 3187 896 3241 Pirametum
943 3179 1198 3249 appellat.
1247 3175 1409 3230 Turci
1453 3175 1740 3228 nominant
1781 3171 2130 3238 ibrahimem,

563 3279 657 3348 qui
680 3277 884 3333 scilicet
904 3273 1046 3329 idem
1079 3279 1160 3325 est
1181 3283 1306 3324 cum
1354 3266 1687 3322 Abrahamo.
1725 3265 1798 3320 De
1826 3280 1932 3333 quo
1974 3267 2129 3336 equi-

564 3379 686 3432 dem
719 3373 932 3442 colligu,
989 3368 1261 3440 quodnam
1295 3365 1368 3419 sit
1409 3364 1539 3418 illud
1579 3363 1831 3416 Pirameti
1903 3379 2123 3418 nomen.

564 3469 814 3525 Arbitror
887 3463 1032 3519 enim
1094 3461 1396 3533 litterarum
1462 3457 1746 3511 metathesi
1794 3455 2128 3509 Pirametum

565 3560 817 3614 cumdum
849 3570 970 3608 esse
998 3567 1129 3606 cum.
1167 3548 1448 3603 ‘Praimeto
1470 3549 1550 3603 vel
1587 3547 1824 3612 Praime,
1853 3547 1967 3602 sive
1991 3546 2132 3599 Tur-

566 3651 685 3702 rico
719 3645 974 3701 lbraime.
1025 3640 1115 3694 Sic
1153 3647 1206 3691 et
1247 3652 1411 3706 supra
1467 3637 1800 3700 notavimus,
1828 3651 1892 3689 ex
1940 3636 2128 3689 eadem

572 3756 708 3794 voce
766 3736 980 3792 Praime
1016 3732 1217 3785 factum
1249 3729 1392 3796 apttd
1444 3725 1930 3797 Chalcocondylem
1981 3727 2134 3781 Pria-

567 3850 742 3893 mum,
800 3821 1152 3895 transpositis
1204 3824 1392 3877 itidem
1445 3820 1665 3876 litteris.
1719 3819 1970 3874 lbraimis
2001 3833 2131 3872 vero

567 3923 989 3982 liliusCasanes,
1035 3933 1159 3970 cum
1194 3916 1246 3968 in
1291 3913 1546 3983 Bajazitis
1594 3911 1754 3966 Porta
1780 3912 2128 3973 educaretur,

563 4031 712 4071 anno
738 4021 952 4068 tandem
1004 4009 1322 4064 ChriStiano
1359 4006 1441 4060 vel
1507 4006 1660 4069 I485,
1731 4003 1812 4056 vel
1878 4004 2128 4072 sequenti

566 4119 837 4169 mortuus,
867 4101 1352 4158 Garamanidarnm
1401 4096 1620 4150 familiae
1649 4094 1808 4149 linem
1848 4094 2128 4163 imposuit:

563 4217 632 4257 ex
664 4213 772 4268 quo
804 4209 1044 4265 tempore
1068 4190 1395 4246 Garamania
1427 4187 1840 4256 beglerbegatus
1871 4184 2130 4241 Osmani-

564 4294 757 4346 darum
791 4303 914 4344 esse
939 4285 1129 4353 ccepit.

563 4405 724 4480 45⁷
763 4401 887 4458 158·
924 4393 1530 4480 Ῑηεατϐίιιπξβαίαξίιὶε,
1565 4393 1633 4444 ad
1667 4393 1859 4461 ﬂumen
1889 4389 2130 4444 Hadria.

1065 4467 1242 4536 nopolt'
1276 4465 1563 4518 conditum.

634 4570 774 4626 Sunt
795 4561 1176 4630 lladrianopoli
1203 4560 1362 4613 trium
1387 4554 1725 4612 conﬂuentes
1741 4553 2009 4617 aumium,
2031 4552 2132 4606 llev

565 4662 648 4716 bri
680 4663 793 4714 sive
824 4656 1062 4715 Mat-ima,
1095 4651 1294 4706 Tunsae
1322 4648 1436 4701 sive
1470 4645 1706 4727 Taenari,
1730 4659 1790 4700 .et
1814 4645 2032 4707 llardtr,
2065 4647 2132 4700 de

564 4754 765 4822 quibus
792 4757 915 4802 ante
941 4747 1144 4800 dictum
1162 4742 1337 4812 capite
1366 4741 1456 4794 50.
1504 4737 1800 4807 Postquam
1874 4738 1925 4791 hi
1981 4733 2135 4793 ﬂuvii

565 4847 764 4906 coiere,
799 4841 1012 4894 Marine
1045 4851 1237 4891 nomen
1274 4842 1514 4900 supcrat,
1557 4831 1607 4884 in
1637 4830 1792 4899 cujus
1825 4831 1938 4898 ripa
1981 4832 2132 4886 scili-

565 4949 646 4994 cet
679 4938 968 4990 imarctum
1001 4945 1160 4985 suum
1195 4925 1455 4995 Bajasites
1478 4935 1759 4982 exstruere
1782 4915 2012 4992 (tn-piSse
2055 4922 2136 4975 di-

565 5034 728 5086 citur.

568 5127 696 5182 h't'ii.
733 5121 948 5178 (.‘ilium,
979 5117 1199 5178 Celium,
1233 5111 1430 5171 Chelia,
1485 5107 1744 5182 Achilleo,
1791 5105 2140 5182 Nestoraiba,

633 5178 970 5253 Βέδδιιιίιὺέη,
996 5185 1242 5244 Kermen,
1273 5182 1556 5253 Alterntuu,
1590 5179 1964 5239 illoitcustrum,
2012 5178 2134 5230 Ste-

632 5267 834 5335 phanus
887 5251 1113 5312 Vdivoda
1146 5251 1584 5318 CurabOgdauirv.
1619 5261 1621 5265 ‘
2114 5257 2119 5262 ‘

633 5356 764 5422 Qua:
793 5353 880 5406 hic
913 5350 980 5403 de
1006 5361 1130 5401 arce
1153 5344 1254 5398 Kili
1291 5343 1444 5410 capta
1494 5340 1789 5419 leguntur,
1816 5336 2128 5406 hujusmodi

566 5449 676 5500 fere
708 5445 938 5499 verbisa
973 5436 1269 5494 secretario
1323 5434 1617 5487 Malatesta:
1675 5439 1802 5512 sunt
1859 5428 2128 5497 exposita,

567 5558 685 5609 qua:
787 5533 1051 5590 vertendo
1113 5520 1388 5584 ascribere
1452 5525 1633 5590 libuit.
1689 5521 1971 5592 BajaSites',
2033 5520 2131 5580 ait,

569 5635 620 5685 in
673 5631 784 5684 Otio
842 5627 1115 5681 tricnnum
1173 5618 1372 5687 exegit,
1424 5623 1545 5684 post
1609 5615 1919 5681 superatum
1985 5613 2132 5664 vide-

567 5725 711 5784 Iiret,
747 5720 1143 5789 expulsumque
1167 5713 1384 5765 fratrem
1411 5709 1628 5762 'Lcmcm
1669 5722 1682 5758 :
1723 5703 1999 5757 acdcinde
2031 5701 2132 5757 Ta-

569 5816 700 5872 taris
725 5814 776 5868 in
808 5811 1123 5868 societatem
1178 5802 1386 5868 ascitis,
1437 5797 1666 5854 classem
1731 5795 2128 5861 550‘uavimn,

2231 1901 2412 1940 sessas
2458 1885 2660 1951 fuisse;
2717 1884 3050 1955 Stephanum
3108 1899 3240 1940 vero
3285 1885 3463 1954 Mysia:
3529 1882 3767 1938 inferioris

2232 1977 2574 2047 (iluldaviam
2602 1979 2786 2032 dicere
2841 1979 2975 2047 vult)
3006 1978 3306 2047 principem
3338 1977 3405 2031 ab
3435 1975 3641 2046 Ungaro
3665 1991 3768 2043 rege

2232 2074 2453 2127 Matthia
2513 2073 2729 2141 petiisse
2781 2088 2937 2142 apem
3007 2089 3070 2126 ex
3133 2072 3359 2128 hederis
3419 2073 3769 2142 societatisque

2238 2165 2374 2231 lege,
2407 2163 2499 2218 sed
2555 2173 2679 2216 ante
2731 2164 2894 2217 missa
2949 2161 3217 2221 subsidia.
3269 2163 3519 2216 civitates
3574 2163 3682 2216 illas
3725 2165 3767 2214 in

2233 2257 2470 2311 lmstium
2499 2265 2819 2324 potestatem
2848 2256 3083 2308 venisse.
3116 2255 3480 2310 Conferamus
3513 2255 3617 2309 haec
3648 2257 3770 2307 inter

2232 2365 2311 2411 se,
2349 2347 2709 2416 Turcicisque
2739 2363 2864 2402 cum
2905 2347 3220 2400 annalibus.
3243 2347 3458 2402 Primus
3485 2349 3577 2413 ait,
3602 2346 3772 2416 aBaja-

2231 2441 2333 2496 site
2361 2447 2518 2507 capta
2545 2438 2716 2493 fuisse
2745 2454 2870 2491 cum
2904 2436 3126 2491 arcibus
3181 2440 3405 2506 Oppida,
3457 2438 3677 2492 Chilimn
3727 2445 3770 2488 et

2233 2530 2595 2584 Mettcastrutn
2635 2547 2648 2583 :
2688 2531 2847 2592 alter,
2878 2528 3118 2583 Cheliam
3146 2541 3199 2584 et
3247 2528 3617 2584 Nestnralbam
3650 2547 3662 2582 ζ
3691 2543 3773 2581 an-

2231 2626 2383 2679 nales
2407 2625 2663 2693 denique,
2709 2624 2867 2678 Kilim
2900 2635 2951 2678 et
2982 2623 3281 2679 Chcrmcn.
3322 2625 3665 2680 Consentium
3689 2624 3772 2692 igi-

2237 2727 2326 2772 tur
2357 2734 2545 2772 omnes
2581 2720 2646 2772 de
2672 2728 2830 2788 capto
2860 2719 3023 2788 priori
3085 2719 3310 2788 oppido,
3367 2719 3469 2773 nisi
3523 2713 3656 2788 quod
3705 2729 3775 2772 est

2232 2813 2481 2880 quendam
2521 2812 2574 2863 in
2603 2810 2823 2864 nomine
2849 2810 3180 2864 diversitas:
3210 2812 3358 2867 sicut
3408 2811 3546 2866 idem
3588 2829 3614 2865 a
3657 2808 3775 2863 Lau-

2233 2907 2356 2958 ‘nico
2407 2903 2608 2957 Celium
2643 2920 2862 2972 quoque
2919 2903 3142 2970 dicitur,
3177 2917 3205 2956 a
3241 2903 3426 2959 Cureo
3474 2901 3673 2959 Cilinm.
3701 2901 3778 2954 Ju-

2238 2999 2382 3064 vius,
2442 3013 2537 3065 per
2597 3011 2840 3049 errorem
2901 3005 3068 3065 puto,
3147 2996 3546 3052 Lithostomum
3621 2995 3776 3065 appel-

2239 3186 2367 3239 tius.
2399 3183 2456 3237 in
2492 3184 2716 3238 alterius
2771 3192 2950 3242 autem
2992 3185 3226 3238 civitatis
3271 3187 3538 3239 vocabulo
3593 3184 3778 3238 dissult-

2222 3266 2337 3331 itire
2373 3278 2648 3342 videntur,
2685 3277 2859 3346 primo
2882 3276 3606 3340 nominante-Moucastrum,
3633 3279 3780 3330 altera

2235 3370 2833 3434 Nestoralbam,tertiis
2869 3369 3103 3438 denique
3164 3370 3460 3427 Chermen.
3517 3369 3777 3424 ScCrclat'il

2235 3463 2626 3526 Miilltfasll'UIII,
2677 3472 2731 3514 et
2791 3461 3056 3516 Cltermen
3104 3460 3438 3529 Turcorum,
3489 3465 3622 3518 idem
3678 3478 3781 3515 esse

2237 3566 2403 3623 puto:
2443 3553 2717 3607 diversam
2752 3553 2820 3604 ab
2853 3563 3083 3622 utraque
3137 3551 3542 3609 b'rstoralbam.
3599 3555 3781 3620 Quippe

2236 3647 2467 3700 Kl‘l‘lltell
2507 3661 2601 3699 sou
2633 3646 2900 3699 Chcrmen
2934 3645 3100 3698 situm
3133 3656 3218 3698 est
3249 3646 3305 3700 in
3333 3647 3603 3701 Moldavite
3646 3647 3783 3698 Tata-

2237 3741 2434 3808 rituque
2459 3739 2678 3806 finibus,
2713 3756 2903 3794 versus
2957 3739 3188 3792 Pontum
3236 3741 3536 3808 Euxinum,
3573 3743 3655 3796 ubi
3686 3743 3778 3793 sci-

2234 3834 2357 3888 licet
2400 3833 2453 3886 in
2502 3833 2646 3885 hunc
2677 3848 2734 3885 se
2765 3832 3045 3886 Danubius
3062 3834 3315 3887 elfnndit.
3361 3835 3428 3887 Et
3459 3833 3782 3904 Sangiacatus

2233 3937 2315 3980 cst
2341 3925 2605 3994 hodieque
2644 3923 2911 3978 Chermcn
2983 3925 3064 3977 vel
3127 3925 3431 3990 Abel-man,
3490 3927 3781 3995 bcglerbego

2236 4015 2512 4070 llomanize
2535 4019 2648 4069 sive
2669 4013 2890 4070 Gracche
2917 4014 3222 4084 subjectus.
3257 4018 3494 4073 Bonlinii
3517 4033 3634 4072 vero
3659 4017 3781 4070 Nes-

2237 4114 2462 4176 turalba,
2499 4125 2606 4162 non
2636 4108 3029 4174 Moncastrum,
3061 4121 3154 4162 aut
3177 4109 3474 4176 Cheimen,
3539 4113 3626 4164 sed
3671 4110 3781 4159 urbs

2233 4209 2492 4264 esthodie
2525 4203 2813 4274 Bialugrod
2848 4207 3013 4265 dicta,
3044 4204 3187 4272 quod
3216 4219 3402 4259 arcem
3437 4204 3611 4259 albam
3635 4203 3783 4270 signi-

2236 4304 2380 4367 ficat,
2414 4299 2481 4353 ad
2520 4299 2836 4367 prolluentis
2874 4298 2925 4351 in
2966 4299 3257 4363 Euxinum,
3289 4315 3398 4352 non
3461 4297 3600 4359 lstri.
3661 4295 3783 4350 sicut

2239 4395 2522 4450 Bonlinius
2550 4392 2791 4461 scripsit,
2831 4393 2924 4446 sed
2955 4389 3193 4447 Nestoris
3243 4393 3426 4447 amnis
3479 4392 3670 4447 ostium
3721 4385 3784 4441 si-

2241 4497 2315 4543 ta.
2346 4488 2684 4557 Quapropter
2700 4501 2806 4540 non
2821 4483 3165 4549 Nestoralba,
3185 4485 3281 4540 sed
3303 4484 3615 4539 Nesteralha
3636 4480 3780 4536 scribi

2240 4581 2446 4636 debuit.
2485 4579 2548 4632 Et
2567 4578 2760 4633 Nester
2778 4580 2973 4646 priscis
2996 4588 3223 4631 vocatus
3257 4578 3361 4632 fuit
3389 4578 3561 4650 Tyras
3586 4575 3778 4631 ﬂuvius.

2239 4672 2495 4726 llistorici
2521 4669 2696 4724 Graeci
2731 4671 3063 4723 recentiores
3095 4673 3162 4721 ah
3193 4672 3353 4724 annis
3382 4670 3681 4740 quingentis
3699 4665 3782 4717 Da-

2240 4763 2448 4818 nastriu
2485 4763 2850 4832 appellarunt,
2887 4761 2962 4815 uti
2993 4760 3254 4829 Nepcrem
3318 4763 3579 4831 vicinum,
3631 4759 3780 4812 Datn—

2237 4860 2357 4928 prin
2397 4859 2523 4925 :qni
2563 4857 2691 4909 mihi
2723 4857 2934 4923 quidem
2971 4870 3076 4905 non
3105 4865 3186 4908 est
3246 4855 3606 4923 Borysthenes
3653 4859 3778 4903 ante.

2236 4971 2397 5021 quam
2433 4952 2709 5005 Berisnam
2745 4966 2772 5002 a
2807 4947 3012 5002 [tussim
3052 4950 3132 5001 vel
3198 4949 3416 5004 Russiae
3471 4949 3658 5002 finibus
3701 4956 3777 4993 ve-

2231 5052 2471 5116 nientem
2515 5042 2759 5109 recipiat,
2793 5044 2856 5092 ad
2887 5055 3052 5106 quam
3079 5037 3437 5110 liurystlicnis
3456 5043 3611 5092 etiam
3646 5042 3781 5086 vrtus

2235 5137 2430 5189 ltutntrii
2462 5133 2683 5202 propius
2711 5133 2940 5184 accedit.
2977 5130 3188 5182 Curetis
3227 5113 3505 5198 sot‘ipsit,‘
3533 5130 3632 5202 hoc
3678 5126 3778 5192 ipso

2237 5214 2376 5284 anno
2399 5227 2711 5283 Christiano
2756 5223 2912 5286 1485,
2970 5223 3307 5290 Stephanum
3357 5203 3678 5282 κἐιιίιίιιιιιιι,
3724 5219 3782 5267 de

2236 5341 2344 5394 quo
2375 5322 2751 5392 disccptabant
2782 5320 2923 5373 inter
2953 5333 3012 5371 se
3038 5333 3211 5387 reges,
3249 5315 3501 5384 Ungarus
3533 5312 3778 5368 Martium

2235 5426 2288 5468 et
2311 5413 2612 5468 Casimirus
2646 5409 2911 5473 Polonus,
2958 5408 3134 5462 utrius
3171 5417 3317 5461 esset
3364 5406 3554 5477 cliens.
3586 5401 3778 5460 tantum

2237 5509 2288 5560 in
2324 5506 2482 5560 verba
2510 5503 2766 5558 Casitniri
2797 5503 2937 5565 regis
2959 5502 3010 5553 in
3035 5499 3456 5568 castrisjurassc
3487 5516 3500 5552 :
3528 5497 3780 5566 nihiloque

2236 5602 2418 5656 minus
2457 5598 2732 5653 des‘ertum
2765 5611 2794 5648 a
2851 5595 3094 5654 Polnnis,
3130 5595 3382 5648 amisisse
3413 5587 3780 5644 Bcssarabiam‘.

2236 5697 2359 5748 lla-c
2399 5693 2655 5747 nimirum
2681 5689 2866 5742 estilla
2902 5689 3050 5755 regio
3097 5697 3336 5740 extrema
3400 5685 3452 5737 in
3492 5698 3582 5737 ora
3641 5673 3783 5732 Vuln-

2236 5792 2388 5853 chitc,
2420 5784 2640 5853 Nigrum
2677 5777 2742 5834 ad
2774 5795 2919 5833 :uat‘c
2943 5781 3066 5843 sita,
3095 5793 3211 5848 quae
3236 5777 3403 5829 liiiim
3445 5785 3496 5828 ct
3518 5774 3779 5828 Clset'tm'n.

3969 2017 3983 2162 ἦ

3981 2162 3983 2258 ι

3981 2667 3983 2806 ἐ

3981 2881 3983 2908 l
