4048 6208
346 329 449 387 837

1504 331 1903 391 l‘ANDEt’ZTE
1946 332 2141 393 lllS'l‘.
2182 330 2487 391 TURCIC.

3483 332 3588 392 838

347 446 460 499 sive
487 442 865 498 Mnncastrnm
902 446 1097 513 Oppida
1125 446 1385 509 continet,
1408 461 1435 498 a
1459 447 1536 500 sic
1557 446 1733 500 Bessis
1757 445 1929 501 'l'hra-
1957 458 1996 510 Α
2030 448 2159 500 tioni
2182 463 2304 499 vero
2320 446 2568 499 secundm
2584 443 2865 511 prmleetos
2884 441 3050 497 fuisse
3070 453 3366 495 memorant
3383 441 3591 494 ιιυριιυο

344 539 502 592 cibus
530 536 821 604 appellata.
847 537 981 589 Novi
1006 538 1300 605 aliquando
1330 539 1380 589 in
1403 538 1524 590 aula
1554 536 1906 591 Maximiliani

347 645 381 682 ιι
410 628 659 693 Augusti,
702 627 876 694 Spirre
924 630 1145 682 comitia
1202 631 1548 694 celebrantis,
1599 629 1907 686 Nicolaum.

346 730 494 788 patre
548 719 883 773 Bessarabia:
952 720 1195 789 principe
1253 731 1481 786 natum,
1542 721 1616 773 uti
1686 721 1904 787 quidem

314 818 317 821 ’
344 810 696 865 credebatur:
723 809 1062 863 documentis
1083 812 1428 880 quihusdam,
1462 827 1524 865 ac
1557 811 1903 873 testimoniis,

342 905 640 972 praesertim
672 903 1001 958 Venetorum
1039 903 1306 973 plumbeis
1363 904 1550 965 bullis,
1599 904 1737 958 hanc
1791 905 1907 973 ejus

342 995 606 1063 originem
643 995 1088 1064 approbantibus.

344 1105 466 1159 159.
492 1104 695 1158 Bellum
718 1106 855 1157 inter
871 1104 1131 1166 sultanos,
1158 1104 1456 1158 Cnirensem
1479 1117 1525 1158 et
1543 1105 1905 1168 Osmanidmn,

839 1174 982 1228 Usun
1011 1174 1198 1244 L’sbeg,
1223 1176 1417 1228 Tersis.

414 1264 583 1335 llujus
612 1265 737 1318 belli
771 1281 953 1320 causa:
993 1269 1288 1321 referendae
1333 1268 1552 1321 veniunt
1622 1270 1686 1321 ad
1748 1285 1909 1337 supc-

341 1358 545 1408 riorum
580 1368 883 1426 temporum
915 1357 1171 1412 offensas.
1203 1359 1445 1412 Diximus
1469 1361 1637 1421 enim,
1692 1359 1907 1413 Muelle-

342 1459 536 1500 uietem
591 1446 926 1513 Secundum,
978 1448 1234 1518 Bajasitis
1290 1461 1521 1518 patrem,
1579 1454 1741 1520 paulo
1788 1465 1911 1504 ante

266 1538 269 1539 ⁷
339 1549 568 1591 mortem
602 1540 655 1591 iti
686 1540 872 1594 Asiam
904 1542 1296 1603 transmisisse,
1353 1543 1548 1595 bellum
1599 1552 1658 1597 ut
1712 1544 1911 1597 faceret

338 1631 636 1684 Alcairensi
663 1633 900 1697 sultano,
933 1634 1021 1701 qui
1047 1638 1231 1687 hostes
1258 1634 1633 1702 ejusjnverat,
1687 1651 1911 1704 praeser-

340 1721 430 1772 tim
460 1721 822 1774 Caramanum
848 1738 864 1778 :
890 1732 944 1776 et
985 1723 1187 1791 alioqui
1218 1739 1276 1777 se
1302 1726 1523 1793 gerebat
1554 1739 1679 1794 erga
1709 1725 1912 1778 Turcos

2013 550 2205 593 nictent
2264 538 2657 607 Cheseroglim.
2710 546 2766 588 ct
2822 536 3138 588 Achtnetem
3186 535 3344 588 ducis
3399 534 3589 594 lilium,

2021 632 2305 685 immania:
2350 630 2754 698 beglerbvgnm.
2816 626 3053 680 Nescivit
3099 642 3229 695 ergo
3284 624 3589 685 Geufrmas.

2010 737 2209 778 cresnm
2241 722 2405 791 priori
2463 721 2646 790 praelio
2676 719 2980 781 Ferhatcm,
3019 717 3267 785 Bajasitis
3293 733 3551 784 generum
3576 732 3591 759 ε

2014 817 2244 869 nescivit
2274 815 2446 868 altero
2498 814 2681 882 pt-arlio
2718 813 2855 866 duos
2877 812 3046 865 fuisse
3086 811 3274 874 duces,
3324 810 3592 864 Chesero-

2011 908 2137 975 glim
2164 917 2217 959 et
2250 906 2640 973 llerzecoglim.
2677 903 2862 972 Itaque
2902 918 3008 956 non
3040 918 3248 972 pugnas
3268 901 3429 955 modo
3451 902 3589 955 duas

2013 999 2069 1051 in
2112 1014 2273 1051 uuam
2308 998 2615 1057 confundit,
2651 1013 2834 1050 verum
2867 997 3028 1049 etiam
3054 1011 3083 1049 e
3115 996 3319 1061 tribus,
3358 994 3589 1049 Ferhate

2014 1092 2271 1160 Bajasitis
2301 1108 2525 1160 genero,
2553 1091 2888 1159 Cheserngli,
2921 1106 2984 1144 ac
3017 1089 3350 1158 Herzeeogli,
3398 1091 3489 1158 qui
3534 1099 3588 1142 et

2013 1187 2129 1253 ipse
2156 1186 2413 1254 Bajasitis
2442 1202 2604 1256 goner
2629 1186 2751 1249 fuit,
2786 1200 2953 1237 unum
2984 1185 3137 1252 quasi
3167 1185 3373 1239 conﬂat
3412 1182 3585 1236 Cher-

2012 1279 2219 1331 seolum
2249 1295 2434 1332 suum.
2498 1280 2629 1346 Ejus
2656 1293 2785 1332 vero
2832 1293 3027 1332 nomen
3074 1278 3175 1332 hoc
3229 1280 3368 1331 haud
3423 1276 3586 1333 dubio

2014 1382 2327 1438 corruptum
2356 1380 2522 1424 estex
2546 1370 2881 1438 Cheserogli,
2919 1372 3009 1437 qui
3030 1370 3283 1423 Cheseris
3307 1379 3388 1423 est
3414 1371 3581 1432 illius,

2014 1463 2079 1514 tle
2109 1478 2217 1530 quo
2238 1462 2471 1516 Cliesere
2501 1463 2657 1531 bt'go,
2684 1460 2833 1529 Elpia
2863 1462 3065 1517 familia
3093 1474 3239 1522 nato,
3290 1470 3581 1515 tractatum

2015 1556 2271 1623 superius
2328 1557 2503 1622 capite
2562 1555 2684 1608 H7.
2739 1553 2856 1609 Non
2904 1566 3079 1610 tamen
3112 1555 3229 1609 .liic
3272 1555 3583 1623 Cheserogli

2014 1647 2263 1717 Bajasitis
2294 1663 2478 1716 gener,
2525 1657 2617 1701 aut
2676 1659 2869 1715 captus
2924 1649 3162 1703 secundo
3217 1648 3404 1716 pratlio
3456 1648 3581 1709 fuit,

2017 1739 2107 1789 sed
2141 1735 2451 1806 llerzecogli
2477 1739 2591 1792 sive
2622 1740 2777 1791 ducis
2806 1739 2968 1802 lilius,
3032 1739 3321 1795 Achmetes
3373 1743 3527 1797 hassa
3564 1759 3579 1797 :

339 1813 652 1877 inside-nter,
685 1814 760 1868 uti
796 1814 998 1869 dictum
1026 1816 1205 1883 capite
1240 1817 1365 1871 155.
1398 1816 1755 1888 Prosequitur
1781 1833 1910 1884 ergo
1943 1817 1986 1877 Β
2014 1843 2173 1894 quem
2200 1838 2356 1880 antea
2376 1843 2592 1897 quoque
2614 1827 3154 1883 Genlramsctmlmlit
3177 1847 3297 1883 (‘lllil
3324 1832 3583 1887 Aehmete

335 1906 538 1959 bellum
568 1924 594 1959 a
636 1906 1121 1974 patreiuchoatum
1150 1907 1435 1977 Bajasites,
1473 1909 1631 1963 novis
1686 1908 1906 1977 insuper

337 2000 581 2054 irritatus
613 1999 853 2069 injuriis,
908 1999 1053 2068 quod
1112 1998 1294 2055 Zemis
1357 2000 1601 2068 partibus
1655 2002 1904 2059 sultanus

334 2093 667 2147 Alcairensis
694 2092 937 2147 favisset.
971 2092 1021 2148 ls
1049 2109 1076 2145 a
1108 2092 1287 2157 Jovio,
1351 2092 1622 2159 Genirteo,
1673 2097 1901 2160 caeteris,

335 2185 597 2239 Caitheus
656 2201 765 2238 non
822 2196 967 2240 recte
1028 2184 1392 2251 nominatur;
1428 2187 1622 2241 melius
1674 2202 1702 2239 a
1746 2187 1906 2239 Petro

336 2284 571 2345 martyre
600 2273 996 2330 Mediolanensi
1040 2274 1321 2339 Caitbeus,
1380 2276 1536 2344 quasi
1588 2275 1900 2347 Caitbegus,

334 2370 536 2422 sultani
560 2367 884 2423 Mahnmetis
906 2378 1080 2437 pater,
1109 2369 1334 2424 dicitur.
1361 2366 1496 2422 Vide
1554 2377 1720 2438 caput
1775 2370 1900 2423 257.

335 2460 421 2513 Ab
454 2463 641 2515 eodem
674 2460 852 2514 Zemis
877 2475 1100 2515 uxorem
1139 2470 1192 2514 et
1214 2460 1386 2513 lilium
1420 2459 1558 2514 tradi
1594 2461 1696 2514 sibi
1749 2459 1903 2528 Baja-

336 2556 470 2604 sites
500 2551 824 2618 posmlabat.
854 2550 984 2617 Quis
1016 2560 1193 2605 autem
1261 2550 1424 2605 fuerit
1484 2551 1625 2604 inter
1675 2560 1902 2606 ceteros

340 2645 443 2698 hoc
468 2644 606 2697 bello
620 2644 801 2697 socius
830 2643 1025 2696 sultani
1046 2643 1377 2697 Alcairensis
1398 2642 1547 2697 Usun
1571 2640 1765 2711 Usbeg,
1795 2660 1900 2697 non

336 2736 680 2804 expimitnr.
720 2735 887 2806 458
908 2734 1113 2789 Nomen
1155 2736 1302 2791 Usun
1358 2737 1573 2805 longum
1600 2737 1900 2804 signiﬁcat:

342 2824 435 2886 Us,
467 2826 720 2879 callidum
757 2836 809 2880 et
851 2836 1114 2879 astutum.
1163 2826 1383 2880 Amicus
1442 2844 1594 2881 tuens
1648 2828 1904 2881 Nicolans

340 2918 644 2971 llaunoltus
694 2922 767 2970 ait
821 2916 999 2985 Usbeg
1032 2915 1145 2971 llan
1191 2919 1369 2972 vocari
1404 2934 1580 2989 regem
1617 2921 1903 2988 quemdam

338 3008 621 3071 'l‘atarum,
650 3008 863 3078 longius
892 3007 1056 3061 etiam
1090 3008 1341 3063 dissitum
1377 3026 1537 3079 quam
1589 3011 1660 3064 sit
1700 3011 1901 3065 Chitair

334 3118 457 3156 nus.
490 3102 802 3153 Adanorum
832 3096 1026 3153 civitas
1056 3098 1109 3152 in
1139 3096 1324 3153 Cilicia
1355 3101 1487 3154 satis
1519 3111 1600 3154 est
1649 3110 1794 3164 nota,
1840 3100 1904 3153 de

331 3190 644 3246 Graecomm
682 3188 845 3242 etiam
880 3225 896 3251 ,
944 3185 1191 3253 Zonaraa,
1241 3188 1567 3257 Cedrinique
1630 3189 1899 3241 historiis.

332 3282 516 3338 Tersis
537 3290 619 3337 est
635 3282 724 3336 illa
740 3280 848 3335 divi
866 3277 1016 3333 Pauli
1036 3282 1207 3350 patria
1228 3278 1453 3345 Tarsus,
1485 3294 1645 3348 quam
1674 3281 1899 3350 Stepha—

334 3394 460 3441 nus,
495 3376 709 3430 urbium
741 3374 1179 3432 Nomenclatoris
1210 3382 1424 3438 auctor,
1482 3372 1685 3427 Graecis
1734 3375 1897 3426 etiam

334 3472 451 3525 vult
479 3470 806 3539 appellatum
840 3468 1008 3524 fuisse
1032 3468 1261 3522 Tersum
1297 3464 1630 3525 etTersiam.
1660 3465 1900 3519 Bellonio

336 3576 481 3615 nunc
509 3561 678 3615 llama
710 3570 954 3631 putatur,
988 3570 1041 3614 et
1072 3558 1274 3613 Hamsa
1307 3558 1435 3623 dici,
1465 3573 1558 3627 per
1603 3571 1843 3611 errorem
1886 3574 1898 3609 :

335 3667 460 3705 cum
497 3669 559 3707 ea
588 3656 660 3708 sit
687 3651 901 3707 Emissa
936 3653 1277 3707 Pltwnicum.
1308 3651 1437 3704 Tam
1467 3650 1673 3713 Adana,
1736 3664 1900 3716 quam

337 3746 567 3800 Tarsum
602 3743 802 3797 iluvins
842 3743 1022 3807 alluit,
1046 3743 1137 3812 qui
1166 3741 1358 3810 priscis
1391 3741 1609 3810 Cydnus
1642 3739 1899 3808 et~at,jani

339 3841 538 3893 (inraso
566 3836 784 3902 dicitur,
817 3838 885 3889 ab
915 3852 1067 3905 aqua:
1104 3835 1380 3904 profunth
1402 3835 1558 3899 nigro
1610 3831 1900 3884 admodum

334 3934 535 3989 colore.

336 4048 456 4101 160.
488 4044 608 4099 Non
626 4043 803 4107 semel,
834 4044 925 4093 sed
962 4042 1039 4095 bis
1062 4049 1350 4110 pugnaturn
1377 4041 1514 4092 inter
1539 4038 1836 4110 sultaninos
1853 4047 1901 4091 et

407 4118 741 4170 Usntauicos.
774 4116 989 4166 Diversa
1022 4108 1257 4169 nom—ma,
1293 4109 1611 4176 Clteseroglt',
1654 4108 1902 4163 Cherseo-

405 4187 499 4258 gli,
531 4184 824 4254 llerceogli,
854 4182 1179 4250 llerzecogli,
1205 4179 1553 4248 Clterzecoglt.

406 4304 703 4370 C(chrunt
733 4300 993 4352 hactenus
1021 4313 1051 4350 a
1076 4297 1302 4351 Muralis
1328 4312 1499 4365 usque
1530 4295 1748 4351 secundi
1771 4304 1904 4348 tem-

334 4400 625 4468 poribusa
672 4393 865 4447 Turcis
891 4390 1168 4445 memoriae
1232 4390 1446 4458 prodita
1512 4389 1756 4442 nonnihil
1812 4388 1906 4441 ba-

334 4498 464 4547 bere
497 4486 742 4558 pluribus
768 4485 821 4539 in
847 4484 1182 4553 explicandis
1253 4483 1414 4536 rebus
1450 4482 1614 4550 gestis
1668 4481 1900 4551 plenius,

331 4597 500 4651 quant
530 4580 735 4634 nostris
775 4578 829 4631 in
856 4576 1099 4631 historiis
1127 4574 1352 4644 reperiri
1399 4575 1700 4628 videamus.
1758 4572 1900 4625 ludi-

332 4678 423 4728 cio
455 4682 541 4727 est
602 4672 987 4741 plerorunique
1016 4678 1326 4721 nostrorum
1352 4680 1507 4719 error
1558 4665 1625 4718 de
1693 4665 1897 4733 pra-lin,

334 4776 481 4837 quod
515 4782 680 4819 unum
716 4765 932 4817 tradunt
967 4762 1106 4815 inter
1135 4760 1439 4814 sultaninos
1484 4768 1536 4812 et
1584 4756 1900 4811 Osmanicos

333 4862 497 4927 longe
524 4856 909 4928 gravissimum
944 4854 1112 4908 fuisse
1144 4854 1533 4921 ;comniissum,
1581 4858 1727 4903 tanta
1780 4866 1900 4902 cum

335 4954 642 5009 'Iurcornui
665 4960 867 5017 strage,
887 4957 1144 5017 quantam
1168 4948 1236 5001 ab
1261 4947 1365 4999 alia
1394 4945 1611 4999 natione
1632 4944 1777 4999 orbis
1802 4961 1899 4996 nu-

332 5061 497 5116 quatu
518 5042 754 5112 perpessi
783 5042 1005 5093 iuerint.
1032 5037 1086 5089 lu
1111 5037 1193 5091 his
1224 5045 1305 5091 est
1331 5035 1633 5100 Geulraans,
1659 5036 1750 5103 qui
1789 5046 1898 5086 tum

335 5141 557 5191 nomina
594 5138 813 5195 ducum.
845 5144 955 5187 tum
976 5132 1247 5200 geminant
1276 5145 1509 5199 pugnam
1544 5128 1899 5190 confundens,

336 5232 582 5287 exercitu
615 5228 847 5281 Turctco
879 5229 931 5280 in
964 5226 1145 5293 lugaui
1198 5237 1487 5286 eooverso,
1547 5222 1898 5275 Clierseolutu

332 5340 594 5398 generum
627 5321 878 5389 Bajasitis
902 5330 1142 5388 captum,
1175 5318 1449 5369 Alcairum
1508 5316 1575 5369 ad
1626 5316 1899 5369 sultanutn

334 5419 621 5473 Caitbeutn
652 5415 821 5469 fuisse
850 5412 1142 5467 deductum
1175 5410 1270 5462 ait.
1304 5408 1540 5460 Annales
1568 5417 1746 5460 autem
1767 5404 1904 5458 Tur-

336 5511 440 5566 cici
470 5514 640 5562 duces
698 5502 1060 5575 expeditionis
1116 5503 1305 5570 prima:
1367 5499 1569 5552 iaciunt
1616 5496 1900 5551 Ferhatein

340 5609 553 5675 begum,
587 5600 838 5670 Bajasitis
870 5611 1125 5668 generum
1162 5612 1175 5648 :
1213 5594 1671 5659 Cuiuscumque,
1696 5590 1902 5658 beglcr-

340 5696 931 5770 begutnCaratuanite:
966 5693 1218 5760 quibuse
1269 5688 1484 5740 duobus
1544 5684 1678 5738 alter
1742 5685 1902 5737 fuerit

342 5811 532 5856 ctesus,
564 5794 818 5847 nimirum
863 5788 1119 5842 Feiimtcs
1151 5782 1397 5853 Bajztsitis
1437 5796 1623 5848 gt‘ne'.
1676 5778 1901 5848 Ertpedi-

2016 1919 2247 1984 Geducc,
2284 1920 2424 1973 sicut
2453 1921 2758 1986 expositum
2808 1936 3017 1986 supra,-
3043 1938 3270 1976 numero
3330 1934 3578 1977 notarum

2017 2014 2139 2067 M7.
2187 2013 2393 2067 Nomen
2445 2015 2634 2067 habuit
2685 2013 2997 2083 Herzecogli
3050 2015 3578 2086 Turcogertnatmm.

2014 2104 2144 2158 Nam
2177 2122 2338 2173 supra
2368 2114 2611 2159 notatunt
2639 2108 2813 2175 capite
2835 2108 2921 2169 95,
2972 2108 3154 2175 plures
3195 2111 3425 2178 poliulos
3476 2113 3581 2163 ι1ιι-

2013 2212 2127 2251 cem
2164 2198 2442 2253 nominare
2475 2200 2738 2254 vocabulo
2764 2217 2791 2253 a
2828 2200 3112 2255 Germanis
3150 2215 3395 2271 accepto,
3448 2202 3581 2257 lli-r-

2016 2296 2159 2358 tzog.
2192 2288 2430 2344 Indidem
2464 2291 2633 2347 lector
2692 2294 2961 2362 intelligit,
2999 2293 3253 2348 Bozinam
3305 2297 3576 2363 duplicem

2013 2382 2152 2434 duos
2199 2382 2453 2437 habuisse
2504 2385 2778 2454 principes
2814 2402 2829 2438 :
2863 2402 3093 2454 quorum
3145 2402 3287 2440 unus
3344 2389 3573 2457 regium,

2015 2475 2149 2526 alter
2173 2472 2330 2527 ducis
2364 2476 2580 2528 titulum
2622 2477 2890 2530 habuerit.
2930 2479 3001 2532 Ex
3046 2478 3233 2530 ultimo
3285 2480 3576 2533 Bozineusi

2011 2564 2146 2616 duce
2180 2573 2343 2617 natus
2367 2563 2466 2617 fuit
2494 2565 2580 2618 hic
2609 2567 2759 2619 ducis
2784 2564 2942 2627 liliu's,
2978 2567 3057 2619 vol
3092 2566 3426 2633 Hei-zecogli,
3476 2581 3577 2618 cn-

2009 2654 2099 2723 jus
2123 2670 2318 2708 nomen
2356 2656 2457 2709 hoc
2477 2658 2627 2709 varie
2642 2659 2904 2725 Scriptum
2931 2658 3125 2725 legitur
3148 2662 3288 2726 apud
3317 2658 3573 2712 historia-

2013 2759 2130 2797 rum
2155 2756 2422 2799 auctores.
2460 2745 2841 2817 Spanduginns
2878 2748 3038 2801 habet
3067 2749 3381 2801 mrabulunt
3404 2746 3572 2801 Cher-

2013 2836 2234 2905 zecogli,
2267 2838 2411 2905 quod
2444 2839 2580 2891 idetn
2612 2850 2693 2892 est
2717 2855 2836 2894 eum
2875 2855 3004 2893 voce
3042 2850 3181 2893 recte
3212 2842 3412 2907 Scripta
3439 2837 3572 2890 ilo-r—

2012 2931 2233 2998 zecogli.
2258 2930 2360 2984 Sed
2382 2942 2529 2985 errat
2556 2932 2718 2995 idem,
2742 2948 2863 2985 cuni
2896 2932 3159 2986 Analolize
3192 2930 3572 3001 beglvrlicgum

2012 3020 2160 3086 facit,
2196 3022 2288 3091 qui
2324 3021 2516 3076 Turcis
2545 3024 2859 3078 auctoribus
2894 3023 3170 3078 Romaniae
3223 3025 3574 3092 beglrrlu-gns

2016 3113 2197 3169 fuerit.
2230 3116 2384 3182 Apud
2417 3114 2712 3171 Malatestte
2740 3104 3091 3171 secretarium
3133 3116 3427 3187 llcrceogle
3486 3135 3572 3170 re-

2006 3208 2230 3275 peritur,
2259 3209 2398 3276 apud
2422 3207 2635 3262 Joviutn
2681 3210 3024 3279 Cherseogle.
3062 3210 3163 3263 Sed
3223 3213 3332 3264 haec
3389 3210 3574 3263 omnia

2000 3300 2291 3368 depravata
2321 3311 2537 3357 suntex
2570 3302 2661 3355 illo
2707 3301 3171 3373 Turcogermano,
3221 3306 3364 3371 quod
3431 3303 3573 3356 dixi-

2002 3409 2143 3446 tuus.

2002 3507 2127 3561 161.
2173 3505 2328 3562 Finis
2348 3508 2571 3560 ducatus
2604 3507 2932 3569 Bozineusis.
2960 3510 3035 3562 vel
3067 3508 3457 3577 llerzegnvina'.
3491 3511 3568 3563 vel

2075 3577 2348 3647 Herzegw,
2363 3580 2441 3633 vel
2462 3578 2690 3648 Orzegm,
2714 3580 2788 3633 vel
2808 3580 2865 3634 S.
2887 3580 3060 3642 Sabw,
3081 3582 3159 3633 vel
3183 3581 3379 3634 Montis
3398 3582 3569 3649 Nigri.

2070 3649 2334 3703 Aclmtett's
2364 3651 2699 3718 Herzecuglis
2729 3652 2895 3705 basste
2948 3652 3194 3705 historia.

2074 3760 2465 3818 Recensuimus
2495 3778 2676 3832 supra,
2706 3764 2884 3834 capite
2940 3776 3189 3820 notarum
3238 3767 3357 3829 141,
3421 3770 3567 3836 regni

2002 3853 2316 3911 Bozinensis
2344 3858 2642 3921 interitum,
2670 3875 2814 3912 nunc
2839 3859 2929 3927 qui
2975 3861 3205 3913 ducatus
3260 3861 3571 3914 Bozineosis

2001 3946 2181 4001 exitus
2213 3946 2392 4009 fuerit,
2419 3948 2603 4001 itidem
2622 3930 3113 4003 commemoremus
3143 3965 3158 4013 ;
3188 3948 3260 4001 ita
3289 3948 3571 4019 promisso

2005 4052 2209 4103 nostro,
2249 4051 2303 4093 et
2330 4039 2494 4108 hujus
2516 4040 2670 4094 ducis
2696 4041 2807 4103 lilii,
2842 4041 2924 4094 vel
2951 4040 3298 4107 Herzecoglis
3343 4039 3570 4094 historia

2004 4138 2279 4200 poscente.
2311 4128 2444 4182 Nam
2474 4130 2714 4184 Annales
2768 4131 2939 4194 aiunt,
2978 4130 3293 4183 Aehmetem
3353 4128 3567 4185 bassnm

2005 4223 2400 4292 Herzecoglim,
2449 4222 2635 4291 praelia
2702 4235 2889 4276 contra
2949 4224 3253 4278 sultauinos
3303 4225 3566 4284 secundo,

2004 4330 2128 4370 cum
2165 4329 2305 4382 equo
2338 4314 2669 4381 prolapsum,
2702 4315 2754 4365 in
2787 4312 3185 4365 sultauiuorum
3235 4328 3427 4367 manus
3484 4329 3573 4366 re-

2006 4409 2175 4469 nisse,
2199 4406 2600 4473 deductumque
2629 4406 2799 4460 fuisse
2825 4406 2891 4458 ad
2933 4402 3217 4474 Vibegum,
3272 4414 3327 4458 et
3383 4417 3569 4459 custo-

2007 4500 2109 4553 dia:
2186 4499 2462 4553 traditum.
2519 4497 2857 4554 Sceretarius
2905 4507 3085 4550 autem
3145 4497 3569 4561 Malatestauus,

2003 4595 2192 4645 eadem
2268 4605 2495 4644 narrans
2531 4607 2545 4643 :
2581 4588 2867 4655 Bajasites,
2920 4588 3116 4658 inquit,
3176 4590 3369 4642 nuntio
3399 4588 3569 4643 cladis

2002 4701 2228 4739 suorum
2304 4696 2528 4754 accepto
2564 4722 2581 4745 .
2636 4685 3010 4754 indignatione
3062 4684 3289 4737 nimium
3366 4694 3570 4752 quanta

2001 4793 2321 4841 succensus,
2347 4779 2527 4833 denuo
2555 4787 2942 4846 praepotentem
2991 4777 3248 4830 instruxit
3269 4779 3569 4831 exercitum

2001 4872 2161 4937 eique
2210 4884 2463 4937 supremo
2495 4883 2616 4921 cum
2650 4868 2872 4935 imperio
2926 4865 3167 4935 praefecit
3201 4866 3567 4935 HerceOglim,

2005 4959 2263 5027 Stephani
2325 4958 2597 5028 quondam
2630 4957 2688 5012 S.
2723 4960 2879 5012 Sara:
2902 4957 3059 5012 ducis
3093 4958 3259 5031 [ilium
3288 4973 3302 5010 :
3338 4958 3433 5026 qui
3480 4960 3574 5008 ad-

2005 5066 2169 5104 versa'
2214 5050 2443 5118 quadam
2500 5048 2717 5101 fortuna
2764 5033 3049 5115 superatus
3086 5086 3102 5112 ,
3178 5058 3231 5100 et
3304 5048 3571 5099 universis

2003 5157 2124 5194 cum
2186 5141 2356 5209 copiis
2406 5154 2578 5194 census
2614 5140 2735 5200 fuit,
2757 5138 2919 5191 etiam
2951 5137 3123 5190 tribus
3148 5138 3194 5189 ei
3221 5136 3423 5188 dextrte
3455 5152 3569 5186 ttttt~

2004 5248 2108 5285 nus
2184 5231 2370 5301 digitis
2455 5232 2766 5297 amputatis.
2855 5228 3145 5282 Videamus
3220 5240 3371 5295 ergo,
3452 5241 3571 5291 Qtttl'.

2005 5324 2168 5377 luerit
2193 5323 2353 5391 hujus
2383 5331 2488 5374 tant
2507 5322 2679 5390 origo,
2718 5336 2879 5388 quant
2901 5319 3102 5371 familia
3150 5333 3164 5382 ;
3195 5332 3314 5387 quae
3343 5316 3411 5372 ad
3435 5315 3572 5370 Tui-

2006 5432 2098 5469 cos
2132 5414 2412 5468 deiiciendi
2446 5413 2658 5466 occasio
2690 5426 2705 5475 ;
2744 5413 2834 5480 qui
2866 5410 3100 5477 denique
3135 5414 3298 5464 totius
3328 5411 3520 5477 gentis,
3544 5430 3570 5463 e

2004 5524 2111 5577 qua
2159 5516 2317 5561 natus
2362 5518 2498 5570 erat,
2547 5506 2816 5558 interitus.
2856 5502 3076 5557 Diversa
3096 5518 3222 5557 vero
3260 5501 3571 5555 referuntur

2006 5615 2035 5655 a
2092 5599 2304 5654 duobus
2329 5597 2662 5675 auctoribus,
2724 5594 3078 5664 Spandugino
3124 5604 3179 5648 et
3212 5591 3369 5648 Iovio
3399 5610 3571 5662 :qnus

2006 5692 2223 5761 quidem
2248 5692 2459 5754 ambos,
2520 5698 2574 5742 et
2622 5688 2796 5755 ptimo»
2851 5687 3098 5742 Griecum
3152 5687 3327 5751 illum,
3377 5690 3570 5741 audia-

2008 5800 2148 5840 mus.
2198 5782 2481 5849 Narratis,
2517 5789 2637 5835 ante
2668 5780 2779 5834 haec
2831 5793 3072 5849 tempora
3129 5781 3402 5833 sultanont
3457 5778 3571 5831 Mu—
