4048 6208
521 328 630 388 8"»9

1715 320 2046 381 JOANNIS
2082 320 2553 382 LEUNCLAV’II
3635 325 3726 388 ii)

515 449 819 500 cbemetem
860 439 901 493 ll
926 439 1229 494 decrevisse
1254 453 1377 491 cum
1414 437 1737 504 animosuo,
1780 439 2093 506 subjugum
2122 444 2175 501 Α
2203 448 2329 492 tuus
2382 438 2503 491 fuit.
2565 437 2621 490 id
2653 435 2971 505 oppidulum
3032 446 3115 491 est
3161 437 3352 491 insulae
3397 442 3735 506 cognominis,

516 535 995 589 minem-ducatum
1021 532 1395 591 llnzinensetn,
1411 530 1570 597 cujus
1592 530 1841 598 princeps
1862 530 2097 595 Stepha-

514 638 618 686 nu‘s
648 628 876 681 S.Sabaa
898 626 1026 686 dux,
1052 634 1106 677 ct
1134 621 1446 676 HerZerhtls
1478 621 1882 691 (animadvertit
1933 624 2099 676 lector

515 719 891 776 Germanicam
915 730 1103 770 vorem
1146 711 1404 783 Heitzog)
1443 714 1605 781 vulgo
1653 712 1819 767 fuerit
1864 713 2101 781 appella-

521 822 630 864 tus.
704 808 878 875 Ipsam
958 804 1234 875 regionem
1294 804 1570 873 ftagusaeis
1614 819 1736 857 esse
1786 805 2096 867 finitimam,

519 904 664 954 inter
706 914 844 965 quos
895 909 949 953 et
1019 898 1316 966 principem
1392 897 1730 967 Stephanum
1788 899 2101 951 simultates

518 994 950 1056 intercesserint,
980 1007 1043 1045 ex
1082 1007 1251 1046 causa
1316 993 1546 1059 quadam
1592 992 1925 1059 hujusmodi.
1972 991 2101 1044 Erat

519 1092 642 1141 duci
667 1088 903 1154 legitima
930 1084 1160 1151 conjux,
1184 1100 1212 1137 e
1243 1099 1347 1151 qua
1378 1093 1486 1137 tres
1519 1083 1722 1137 liberos
1770 1098 1948 1138 mares
1974 1099 2099 1138 sus-

520 1190 778 1249 c.-perat:
815 1179 1123 1233 Ladislaum
1145 1187 1269 1230 natu
1293 1177 1610 1241 maximum,
1633 1177 1720 1230 cui
1743 1178 1925 1245 nupsit
1945 1178 2099 1228 Anna

516 1273 682 1345 459
703 1273 1082 1327 Cantacuaena
1117 1288 1131 1323 :
1158 1269 1513 1337 Stephanum,
1541 1268 2037 1335 secundogeuitum
2085 1285 2098 1322 :

521 1381 573 1417 rt
597 1368 868 1425 ultimum,
904 1362 1172 1416 Vaticutn.
1207 1360 1419 1414 Accidit
1443 1369 1650 1421 autem,
1686 1370 1742 1412 ut
1780 1359 2095 1413 Florentina

523 1457 773 1523 qua‘datn
844 1457 1064 1516 mulier,
1096 1456 1416 1509 excellentis
1465 1455 1674 1519 formae,
1715 1455 1809 1507 sed
1867 1452 2098 1506 nimium

525 1552 773 1618 corporis
805 1551 887 1602 sui
931 1550 1179 1618 prodiga,
1242 1565 1361 1603 sese
1395 1550 1446 1601 in
1480 1550 1621 1602 hanc
1653 1548 1889 1601 ducatus
1944 1544 2102 1597 Bozi-

528 1643 717 1695 nensis
765 1642 1067 1710 regionem.
1125 1642 1315 1695 relicta
1369 1644 1566 1709 patria,
1622 1641 1919 1695 conferret.
1986 1642 2097 1694 Dux

531 1738 864 1804 Stephanus,
903 1737 995 1799 qui
1031 1738 1231 1805 srepius
1263 1736 1569 1804 accepisset
1604 1750 1669 1789 ex
1712 1736 1948 1789 aliorum
1983 1751 2099 1788 ser-

2200 530 2257 583 ln
2290 529 2603 583 Hadriatico
2659 532 2781 583 sinu
2833 539 3051 600 propter
3090 531 3450 583 Dalniatinum
3487 533 3736 599 littusse-

2201 622 2395 676 eundas
2437 633 2559 691 post.
2606 622 2888 690 Veghiam,
2954 637 3119 689 quam
3163 620 3398 676 Ortelius
3472 638 3570 675 non
3613 635 3738 676 reite

2204 713 2463 769 Vecbiam
2507 717 2749 785 scripsit,
2778 727 2829 769 ct
2887 716 3043 784 pejus
3084 716 3471 784 interpretatus
3523 728 3605 769 est
3657 716 3737 767 fi;-

2205 808 2399 869 lnlain,
2424 823 2547 860 cum
2586 806 2745 879 Vegla
2786 823 2879 862 seu
2914 808 3066 880 Viglu
3118 811 3341 863 dicenda
3370 812 3460 867 sit,
3483 822 3532 864 et
3560 829 3586 862 a
3614 811 3738 864 Bou-

2206 902 2331 954 ftuio
2359 902 2581 970 Corycia
2609 902 2881 955 veteribus
2905 912 3094 955 vocata
3121 912 3361 971 putetur.
3388 901 3507 956 ilice
3538 903 3600 955 de
3648 903 3740 958 line

2204 994 2437 1045 duratus
2502 993 2842 1055 llozinensis,
2892 1004 2945 1045 et
2993 994 3235 1061 ipsorum
3286 996 3481 1048 ducum
3528 996 3740 1056 lauiiliac.

2205 1085 2592 1152 Spanduginus
2622 1086 2899 1138 memoria?
2937 1101 3033 1153 pro
3058 1087 3194 1138 ildil.
3240 1083 3433 1139 Jovius
3467 1097 3636 1155 autem
3669 1104 3744 1139 re-

2207 1176 2310 1227 fert
2360 1192 2424 1228 ex
2474 1173 2595 1227 Jani
2643 1175 2891 1230 Lascaris
2945 1177 3294 1229 sermonibus
3337 1178 3568 1229 hominis
3623 1182 3742 1245 apud

2203 1264 2427 1320 Graecos
2453 1267 2647 1320 illustri
2675 1267 2878 1319 iannlia
2909 1269 3045 1331 nati,
3075 1271 3159 1321 cui
3197 1270 3511 1343 noliSaitlths
3540 1272 3745 1322 Achore-

2207 1370 2286 1413 tes
2327 1361 2487 1413 bassa
2518 1361 2699 1423 fuerit,
2741 1360 3107 1431 Cherseoglim
3145 1371 3354 1414 matura
3385 1363 3492 1430 jam
3545 1377 3596 1415 et
3625 1363 3746 1416 virili

2213 1463 2371 1506 aetate
2426 1453 2749 1522 religionem
2791 1453 3130 1506 Chistianam
3184 1455 3538 1509 deseruisse:
3579 1457 3650 1508 sic
3680 1468 3746 1507 ta-

2206 1540 2439 1607 inen,'ut
2480 1546 2533 1599 in
2577 1548 2813 1615 pectoris
2844 1546 2965 1599 sinu
2991 1562 3129 1599 vera:
3168 1549 3289 1600 lidei
3345 1564 3451 1600 non
3480 1549 3751 1603 oblivisce-

2206 1652 2378 1694 retur.
2410 1638 2608 1694 Fuisse
2664 1656 2794 1694 vero
2822 1642 2990 1693 tilium
3020 1640 3399 1703 Cbersecchii,
3443 1642 3585 1709 Nigri
3618 1656 3752 1693 mou-

2207 1735 2277 1785 tis
2319 1734 2371 1785 in
2425 1733 2681 1786 Slavonia
2721 1734 2891 1801 reguli
2920 1749 2935 1785 :
2968 1733 3055 1786 cui
3092 1748 3217 1787 cum
3241 1734 3367 1785 data
3400 1747 3540 1787 esset
3569 1734 3617 1787 in
3654 1751 3755 1787 ma-

534 1827 807 1887 monibus,
840 1827 1100 1878 mulieres
1143 1824 1491 1880 Florentinas
1522 1826 1591 1877 ob
1620 1825 1809 1879 forma:
1848 1836 2100 1878 venusta-
2135 1820 2173 1877 Β
2204 1825 2521 1878 trimonium
2545 1864 2559 1887 ,
2596 1824 2823 1894 jamque
2848 1827 3075 1878 'domuni
3139 1828 3205 1878 ad
3248 1824 3597 1880 celebrandas
3635 1843 3757 1896 nup-

533 1928 662 1978 tem,
699 1918 976 1987 animique
1024 1918 1286 1979 indolem,
1346 1928 1400 1971 et
1469 1933 1681 1971 morum
1745 1917 2095 1985 elegantiam,

531 2011 692 2064 facile
750 2012 957 2080 primas
1008 2012 1151 2064 inter
1214 2011 1348 2063 alias
1409 2028 1600 2064 omnes
1653 2010 1821 2063 Italia!
1868 2010 2102 2063 feminas

530 2100 677 2154 ferre
713 2117 727 2151 :
764 2116 888 2154 cum
936 2100 1169 2169 primum
1212 2100 1278 2153 de
1318 2101 1478 2168 hujus
1517 2110 1749 2153 adventu
1799 2100 2101 2154 intellexis-

533 2206 638 2255 set,
671 2193 789 2260 ejus
820 2193 1066 2246 videndae
1091 2192 1347 2260 cupidus,
1405 2193 1557 2245 misit
1590 2194 1681 2261 qui
1712 2191 1779 2245 ad
1823 2208 1881 2246 se
1911 2194 2104 2247 mulie-

538 2303 650 2338 tem
684 2297 1045 2340 arcesserent.
1071 2285 1431 2354 Conspectam
1462 2302 1582 2339 mox
1632 2285 1887 2339 adamare
1916 2288 2103 2354 coepit,

537 2378 675 2433 adeo
711 2379 955 2447 quidem.
986 2378 1141 2431 nihili
1175 2394 1329 2433 suam
1364 2378 1438 2430 uti
1484 2376 1779 2445 legitimam
1816 2376 2104 2444 eoujngem

537 2472 766 2533 faceret,
831 2475 990 2539 cujus
1018 2489 1141 2525 eum
1198 2483 1413 2539 ceperat
1465 2473 1715 2525 satietas.
1768 2469 1923 2525 Uxor
1977 2486 2107 2523 vero

537 2562 823 2631 principis,
852 2578 969 2615 eam
994 2578 1119 2617 eum
1150 2561 1293 2615 ferre
1326 2562 1534 2614 diutius
1580 2576 1685 2614 non
1740 2574 1922 2629 posset
1968 2560 2107 2629 inju-

539 2655 699 2719 riam,
762 2654 1038 2724 liagusam
1098 2669 1221 2707 cum
1263 2653 1372 2706 filio
1401 2662 1533 2706 natu
1567 2654 1809 2705 maxime
1860 2654 1985 2719 fuga
2018 2669 2107 2705 se-

537 2759 687 2802 creta
711 2763 770 2801 se
803 2748 1059 2801 contulit.
1099 2748 1329 2801 Maritus
1376 2746 1565 2799 missis
1591 2746 1656 2800 ad
1686 2761 1805 2800 eam
1838 2746 2002 2799 cenis
2031 2746 2110 2797 in-

541 2839 856 2900 ternuntiis,
902 2841 978 2891 uti
1011 2843 1233 2891 domum
1275 2838 1498 2899 rediret,
1555 2838 1749 2891 orabat
1790 2855 1804 2893 :
1838 2852 1973 2889 neve
2002 2836 2112 2888 ὼε·

539 2946 701 2985 eessu
739 2941 791 2984 et
821 2932 1064 2983 absentia
1102 2946 1201 2985 sua
1230 2945 1455 2984 causam
1490 2934 1772 2998 praeberet,
1833 2932 1975 2983 unde
2011 2946 2111 2984 sua

541 3024 917 3086 divulgaretur
942 3021 1186 3077 infamia.
1219 3019 1471 3075 Vicissim
1508 3022 1597 3074 illa
1630 3023 2021 3089 respondebat,
2054 3038 2112 3075 se

2207 1921 2314 1971 tias
2343 1920 2734 1979 deduceretur,
2786 1916 2962 1985 puella
3017 1926 3141 1970 nata
3183 1917 3249 1971 de
3284 1921 3455 1987 stirpe
3500 1920 3754 1986 despotiea

2207 2010 2493 2071 Serviana,
2551 2012 2874 2063 SCt'let'allllll
2918 2019 3164 2077 patrem,
3216 2020 3429 2062 motum
3474 2009 3756 2062 admirabili

2207 2118 2378 2156 nurus
2425 2102 2715 2171 elegantia,
2763 2103 3022 2166 conjectis
3068 2102 3121 2155 in
3173 2118 3294 2156 eam
3356 2103 3548 2164 oculis.
3591 2116 3759 2156 amore

2208 2203 2519 2262 correptum
2562 2194 2731 2249 fuisse
2770 2208 3044 2262 :cumque
3088 2194 3311 2248 luxuria
3363 2198 3616 2265 pudorem
3658 2208 3761 2249 om-

2211 2304 2331 2341 nem
2365 2288 2626 2350 vinceret,
2662 2287 2762 2341 sibi
2806 2303 2925 2339 eam
2951 2288 3229 2356 accepisse
3286 2304 3541 2349 uxorem,
3586 2296 3757 2340 contra

2209 2380 2548 2433 voluntatem
2581 2390 2960 2447 cognatorum,
3021 2382 3110 2448 qui
3156 2381 3609 2448 reprehenderent
3643 2380 3762 2433 faci-

2213 2494 2334 2539 nus,
2374 2478 2481 2531 lilio
2534 2476 3018 2539 contumeliosum,
3057 2474 3262 2529 infame
3322 2478 3490 2545 patri.
3526 2476 3760 2529 Commo-

2213 2582 2327 2624 tntn
2362 2572 2626 2624 dedecore
2657 2578 2816 2622 tantie
2856 2570 3107 2637 juvenem
3140 2569 3380 2634 injurize,
3414 2567 3764 2637 priecipitique

2214 2667 2375 2719 nimis
2411 2665 2700 2734 impulsum
2730 2661 3133 2730 desperatione,
3163 2658 3687 2727 Constantinopolim
3713 2672 3764 2709 se

2213 2757 2509 2810 contulisse
2546 2770 2819 2825 :cumque
2854 2752 3075 2807 sultano
3105 2753 3334 2823 Bajaziti
3393 2755 3586 2806 funium
3612 2752 3766 2821 patris

2217 2849 2431 2903 [acinus
2461 2848 2708 2900 dolenter
2738 2846 3103 2912 esposuisset,
3138 2848 3255 2915 ejus
3313 2864 3372 2899 se
3414 2848 3531 2901 tidci
3586 2856 3764 2901 totum,

2214 2952 2269 2993 et
2297 2940 2560 2992 clientelae
2588 2939 2904 2991 tradidisse.
2939 2936 3263 3003 Bajaziteui,
3303 2939 3504 2991 auditis
3528 2934 3764 3002 Stephani

2217 3031 2480 3101 querelis,
2510 3030 2656 3082 bono
2694 3039 2751 3082 ut
2784 3040 2929 3093 esset
2962 3031 3170 3093 animo,
3212 3030 3451 3098 jussisse
3481 3047 3494 3093 ;
3534 3030 3766 3081 virtutem

544 3116 862 3177 redituram,
908 3114 953 3167 Si
1012 3113 1379 3167 Florellllllam
1428 3115 1497 3167 ab
1525 3131 1583 3167 ευ
1616 3113 1941 3169 δίιηίδίδεθῑο
1990 3117 2107 3169 DUX
2137 3161 2177 3215 Ο
2205 3114 2390 3193 ipsius
2429 3124 2633 3190 majora
2691 3123 2927 3175 fortunis
2963 3122 3204 3190 paternis
3254 3122 3592 3191 promereri;
3635 3119 3768 3173 llaiii-

545 3210 859 3280 Stephanus
912 3209 962 3263 id
1018 3213 1094 3263 uti
1142 3209 1372 3272 faceret,
1437 3211 1704 3279 imperare
1744 3226 1853 3265 non
1899 3221 2111 3281 poterat

542 3304 729 3356 animo
760 3318 883 3357 suo.
922 3300 1289 3356 Nihilominus
1351 3304 1466 3355 suis
1495 3303 1561 3354 ad
1591 3302 1889 3370 Ragnsazos
1925 3303 2110 3355 homi-

546 3396 709 3451 nibus
735 3394 1035 3465 ablegatis,
1069 3408 1291 3447 uxorem
1331 3393 1618 3447 cum.ﬂlio
1659 3394 1960 3463 repetebat.
1997 3393 2113 3448 lllis

546 3488 816 3540 voluntati
864 3487 1125 3555 principis
1169 3501 1276 3539 non
1324 3487 1858 3555 obtemperantibus,
1910 3488 2111 3541 bellum

554 3580 805 3632 infertur.
837 3575 1085 3645 Raguszei
1116 3576 1355 3630 vicissim
1383 3592 1440 3629 se
1471 3577 1775 3641 defensuri,
1806 3578 1978 3644 copiis
1995 3579 2113 3631 suis

551 3669 815 3738 Stephani
850 3669 1016 3722 lilium
1055 3668 1366 3721 Ladislaum
1392 3684 1514 3721 cum
1540 3669 1769 3737 imperio
1791 3670 2110 3739 praeficiunt,

552 3776 789 3829 cumque
814 3762 974 3814 rebus
1000 3762 1255 3814 omnibus
1286 3761 1565 3828 adjuvant.
1589 3760 1762 3816 Filius
1784 3763 1970 3829 prteiio
1987 3778 2112 3814 cum

553 3866 704 3925 patre
743 3868 1097 3923 congressus,
1149 3852 1381 3906 victoria
1430 3854 1633 3921 potitus
1660 3864 1765 3918 est,
1800 3868 1864 3907 ac
1902 3866 2109 3921 patrem

544 3951 671 4020 luga
693 3950 797 4005 sibi
816 3948 1122 4019 consulere
1148 3947 1332 4015 coegit
1359 3965 1373 3999 :
1408 3962 1605 4016 magno
1627 3956 1980 4016 paternorum
2014 3945 2115 3998 mi-

545 4043 702 4097 litum
757 4058 987 4096 numero
1020 4039 1328 4096 interfecto.
1377 4038 1516 4094 Tum
1550 4054 1681 4094 vero
1708 4038 1970 4107 fugitivus
2004 4041 2113 4091 dux

548 4134 863 4202 Stephanus
900 4133 966 4187 ad
1002 4134 1277 4187 sultanum
1336 4130 1731 4185 Muchemetem
1780 4132 1977 4193 mittit,
2019 4131 2113 4196 qui

548 4226 668 4295 ejus
697 4241 851 4295 opem
880 4236 936 4279 et
957 4225 1254 4279 auxiliares
1279 4223 1466 4292 capias
1486 4224 1750 4278 adversus
1780 4223 1957 4276 ﬁlium
1987 4239 2117 4289 sup-

550 4323 763 4392 pliciter
822 4321 1203 4390 implorarent.
1258 4318 1435 4373 Simul
1482 4318 1731 4373 ohsidem
1780 4316 2113 4371 Muchemeti

552 4417 720 4469 tilium
755 4413 1241 4483 secundogenitum
1290 4412 1470 4466 offert.
1508 4410 1559 4466 Is
1614 4420 1736 4465 erat
1780 4410 2112 4478 Stephanus,

2223 3229 2400 3270 turum
2435 3219 2553 3268 loco
2592 3222 2792 3281 erepta:
2825 3226 3060 3281 sponsae,
3093 3226 3215 3279 qua).
3247 3222 3482 3279 Cognata
3526 3210 3593 3263 sit
3622 3222 3771 3262 exsu-

2222 3307 2287 3361 lis
2322 3306 2514 3373 reguli,
2554 3303 2716 3358 filiam
2770 3302 2995 3356 maximi
3038 3301 3263 3361 sultani,
3296 3315 3421 3354 rara
3475 3301 3653 3353 fornae
3694 3310 3771 3347 ve.

2222 3410 2437 3454 nttstate
2471 3398 2773 3468 prmditam.
2822 3392 3133 3448 Secundum
3210 3395 3326 3451 haec
3381 3410 3526 3455 eum,
3579 3394 3768 3443 deserta

2225 3494 2483 3559 religione
2510 3490 2847 3552 Christiana,
2883 3487 3258 3557 Stephanique
3325 3488 3546 3539 nomine
3590 3485 3768 3553 posito,

2222 3594 2474 3636 vocatum
2533 3581 2700 3635 fuisse
2742 3580 3059 3634 Achmclem
3106 3589 3158 3632 ct
3203 3576 3599 3647 Cherseoglim,
3651 3588 3771 3642 nup-

2224 3678 2436 3742 tiasque
2484 3673 2606 3727 lilia
2660 3672 2920 3739 Bajazitis
2969 3672 3339 3741 impetrasse;
3376 3669 3617 3723 cuiiidus
3664 3679 3769 3730 per-

2225 3780 2383 3838 petuo
2423 3768 2704 3831 manserit,
2754 3766 2889 3819 adeo
2942 3764 3160 3833 quidem
3195 3774 3261 3817 ut
3310 3764 3586 3817 insidianti
3635 3762 3771 3817 dein-

2223 3858 2605 3929 cepsimperio
2667 3868 2894 3925 paterno
2938 3855 3130 3909 Selizui
3193 3870 3548 3924 summopere
3579 3854 3645 3908 sit
3691 3853 3767 3903 ad-

2224 3964 2494 4007 versatus.
2523 3950 2647 4003 Hmc
2674 3949 2901 4002 Joviana
2937 3947 3002 4001 de
3031 3946 3365 4016 Cherseoglc
3395 3947 3633 4000 narratio
3659 3956 3768 3996 num

2224 4047 2557 4118 prmfcrenda
2587 4044 2983 4113 Spanduginete
3014 4042 3227 4108 veniat,
3250 4044 3508 4111 equidem
3558 4041 3675 4094 aliis
3700 4039 3773 4088 di-

2219 4140 2571 4209 judicandutn
2614 4138 2884 4204 relinquo.
2931 4133 3116 4187 Solum
3151 4136 3278 4197 hoe,
3327 4136 3471 4204 quod
3512 4138 3576 4186 de
3610 4140 3767 4183 morte

2227 4232 2486 4302 Stephani
2536 4234 2707 4299 patris
2740 4229 3123 4297 Spanduginus
3149 4227 3337 4290 tradit,
3368 4229 3469 4281 sub
3500 4229 3768 4279 adventqu

2225 4323 2689 4393 Muci.emetis(ut
2742 4321 2840 4385 ait)
2893 4321 3174 4385 exstincti,
3229 4322 3549 4389 scrupulum
3600 4331 3772 4386 queru-

2224 4420 2346 4472 tlaui
2392 4418 2549 4471 nobis
2584 4415 2779 4483 injicit.
2818 4413 3083 4467 Rcl‘erunt
3122 4412 3352 4467 annales
3388 4410 3625 4475 Turcici,
3674 4407 3773 4460 Ilu-

545 4510 641 4578 qui
688 4510 949 4577 deinceps
994 4506 1523 4562 musulmanissavit.
1586 4503 1955 4558 Muchemetes
2006 4518 2114 4556 non
2141 4516 2194 4576 ι)
2225 4513 2527 4565 ειιοιιιοιριη
2590 4507 3039 4577 [leuet-ovium“,
3070 4508 3186 4560 sive
3217 4505 3573 4559 Bozinensem
3622 4501 3771 4553 duca-

547 4599 834 4668 postulatis
862 4601 1128 4653 duntaxat
1180 4598 1396 4658 annuit,
1430 4610 1615 4647 verum
1672 4593 1837 4647 etiam
1881 4594 2117 4662 propriis

547 4691 811 4759 auspiciis
843 4692 894 4744 id
948 4690 1149 4743 bellum
1180 4702 1239 4742 se
1262 4699 1546 4757 gesturum
1581 4687 1856 4755 promisit.
1896 4686 2118 4739 Advenc

549 4794 697 4848 tante
735 4800 867 4838 Vero
918 4800 1042 4836 eum
1076 4783 1319 4835 exercitu
1354 4779 1719 4841 Muchetnete,
1770 4780 2002 4832 moritur
2024 4793 2119 4847 pa-

552 4887 636 4928 ter
676 4893 690 4930 :
732 4875 1019 4930 Ladislaus
1051 4916 1065 4937 ,
1119 4874 1265 4929 illius
1314 4875 1637 4945 primigenia,
1691 4873 1943 4928 Venetias
1991 4887 2116 4927 cum

553 4985 723 5022 uxore
774 4984 837 5021 ae
884 4967 1072 5021 liberis
1100 4981 1157 5020 se
1188 4968 1453 5020 confert:
1505 4966 1745 5033 indeque
1792 4964 2117 5034 profugiens

554 5064 606 5115 in
643 5060 964 5129 Ungariam,
1004 5059 1171 5112 rebus
1201 5057 1400 5111 ibidem
1438 5058 1653 5111 excedit
1696 5059 1970 5111 immanis.
2001 5056 2120 5109 Mu-

555 5156 830 5209 chemctes
874 5163 1135 5222 occupata
1193 5153 1439 5220 regione,
1485 5151 1756 5219 quoddam
1810 5150 1971 5204 tertio
2011 5151 2118 5203 lilio

553 5252 711 5305 ducis
740 5250 1006 5319 Stephani
1046 5248 1233 5305 Vatico
1286 5246 1505 5315 reliquit
1556 5247 1838 5316 oppidum,
1880 5247 1970 5300 cui
2023 5262 2119 5298 no.

555 5362 679 5399 tuen
744 5343 993 5409 Valacca,
1045 5359 1168 5397 cum
1236 5343 1462 5398 castello
1502 5341 1783 5395 Dalmatiae
1839 5340 2010 5403 Novo,
2066 5348 2120 5393 et

552 5442 675 5495 aliis
716 5439 872 5504 locis,
926 5436 1070 5492 unde
1111 5437 1388 5492 victitaret
1432 5452 1446 5489 :
1490 5436 1843 5503 vicissimque
1903 5435 2119 5487 \‘aticus

549 5550 648 5603 pro
674 5535 899 5588 domino
939 5534 1053 5587 sive
1100 5541 1358 5600 patrOno,
1419 5528 1819 5582 Muchemetru:
1859 5541 2119 5595 agnosce-

549 5628 659 5679 bat.
689 5625 900 5677 Mortuo
938 5638 1064 5677 iero
1090 5622 1452 5685 Muchemete,
1508 5618 1777 5687 Bajazites
1822 5618 1983 5687 hujus
2013 5616 2118 5671 Va-

550 5720 661 5781 lici,
690 5717 947 5786 Stephani
980 5717 1039 5771 S.
1081 5716 1239 5770 Saba:
1290 5714 1443 5768 ducis
1486 5712 1604 5779 filii,
1633 5712 1909 5777 regionem
1943 5712 1997 5763 in
2025 5725 2121 5779 po-

547 5820 798 5867 testatem
835 5812 1039 5880 redegit
1080 5809 1214 5880 :qui
1241 5822 1353 5862 non
1404 5807 1579 5864 multo
1627 5815 1750 5878 post
1773 5804 1931 5859 Arba:
1965 5820 2114 5858 rnor-

2225 4616 2360 4665 tum,
2387 4618 2684 4672 occupasse
2729 4617 2871 4654 anno
2896 4600 3212 4654 Christiano
3262 4598 3419 4662 “64,
3458 4614 3485 4651 a
3513 4610 3619 4663 quo
3653 4605 3771 4647 tem-

2223 4711 2353 4765 porc
2376 4694 2510 4748 vixit
2559 4696 2671 4763 ipse
2702 4692 3112 4762 quatuordecim
3164 4690 3343 4743 adhuc
3368 4690 3546 4752 annis,
3581 4695 3631 4740 ct
3677 4685 3772 4737 for-

2222 4796 2370 4839 tasse
2403 4796 2682 4853 superstes
2716 4782 2876 4835 etiam
2908 4785 3015 4833 dux
3061 4780 3371 4849 Stephanus
3411 4779 3630 4832 mansit.
3664 4771 3768 4825 Non

2221 4878 2366 4931 enim
2418 4876 2613 4943 legitur
2662 4874 2719 4927 in
2762 4872 3089 4934 Annalibus,
3144 4872 3291 4925 hunc
3338 4871 3391 4923 id
3439 4868 3690 4937 temporis
3737 4876 3762 4913 a

2221 4967 2558 5021 llucbetnete
2592 4980 2717 5019 cum
2769 4963 2894 5015 filiis
2925 4978 2954 5015 e
2986 4963 3164 5014 medio
3191 4962 3490 5024 sublatum,
3544 4961 3621 5009 vel
3666 4972 3770 5004 om-

2224 5062 2353 5112 niuo
2393 5060 2598 5111 ditione
2622 5073 2716 5109 sua
2746 5055 3065 5123 spoliatum,
3090 5055 3548 5122 quemadmodum
3586 5053 3649 5101 de
3683 5045 3769 5095 ilu-

2223 5151 2427 5203 zinensi
2461 5152 2588 5215 :‘cge
2608 5152 2754 5201 dicto
2776 5149 2894 5200 loco
2924 5148 3195 5215 proditum
3231 5145 3479 5197 videmus
3503 5150 3766 5209 expresse.

2223 5245 2314 5297 sed
2338 5253 2545 5296 tantum
2576 5258 2602 5292 a
2632 5240 2972 5294 Muciiemete
2998 5241 3099 5293 sub
3121 5242 3309 5307 jugum
3360 5238 3526 5290 fuisse
3556 5235 3765 5285 missam

2221 5333 2673 5401 liet‘zegovinam,
2720 5348 2840 5400 qua:
2896 5331 3097 5384 Bozina
3154 5328 3401 5398 superior
3462 5335 3563 5385 est,
3626 5332 3675 5373 et
3712 5315 3764 5369 ὃ.

2223 5428 2376 5481 Sara:
2429 5428 2611 5495 (sicuti
2665 5424 3056 5477 Malatestanns
3124 5421 3408 5474 actuarius
3467 5419 3555 5472 ille
3598 5414 3765 5469 Grasca

2222 5520 2668 5587 pronuntiatione
2718 5516 2958 5583 Scripsit)
3004 5516 3084 5567 vel
3139 5516 3295 5568 Saba!
3358 5513 3608 5565 ducatus.
3667 5503 3769 5555 Hoc

2223 5613 2386 5665 modo
2440 5611 2482 5663 si
2530 5609 2739 5663 diutius
2783 5620 3067 5678 superstes
3102 5610 3209 5661 dux
3253 5606 3561 5672 Stephanus
3607 5610 3762 5666 palm}

2222 5715 2274 5758 et
2300 5702 2492 5757 Turcis
2517 5703 2793 5767 subditus,
2826 5701 2988 5772 ['60
3012 5705 3198 5769 eisque
3234 5702 3492 5752 tributum
3521 5694 3757 5762 pendi-ns.

2223 5815 2329 5855 non
2356 5798 2515 5853 modo
2547 5794 2878 5852 Florentium
2908 5797 3149 5850 melius:
3192 5794 3455 5848 adulterio
3484 5804 3538 5842 sc
3566 5784 3755 5851 prditi“.
