4048 6208
379 163 483 230 811
1506 169 1901 231 PANDECTE
1939 171 1945 230 ξ

2045 170 2138 233 ST.
2182 172 2484 236 TURCIC.
3512 189 3623 252 842

380 297 568 337 verum
597 281 761 337 etiam
801 281 1061 354 deinceps
1087 285 1190 341 sub
1222 284 1475 354 Bajasitis
1503 289 1735 359 imperio
1775 306 1937 359 spon-
1972 291 2014 346 Α
2045 289 2272 345 minime
2310 292 2767 348 dissimnlunlum
2816 296 3098 353 duximus.
3152 298 3432 373 Nusquam
3483 325 3619 366 sane

379 389 499 430 sam
532 374 812 443 Stephano
840 376 954 430 ﬁlio
997 367 1425 446 secundogenito
1472 395 1570 449 per
1619 382 1801 437 scelus
1845 386 1955 439 eri-
2052 395 2246 437 nomen
2278 385 2403 447 hoc.
2439 402 2539 440 nec
2596 387 2770 455 ipsum
2818 389 2941 445 licet
2971 367 3327 452 memorabile
3381 399 3616 471 facinus,

382 466 502 538 puit
536 484 550 519 :
584 481 693 520 non
721 468 919 521 mirum
949 477 1056 532 est,
1101 471 1335 524 adaneto
1365 472 1580 541 plenam
1616 474 1682 528 ad
1728 493 1953 532 mensu-
2052 475 2194 543 apud
2231 473 2571 545 Ungarorum
2607 480 2924 537 historicum
2964 484 3271 543 Bonlinium
3319 466 3610 562 reperitur,

382 575 499 615 ram
544 558 874 629 ﬂagitiorum
906 562 1149 627 cumulo,
1194 564 1354 617 linem
1406 565 1695 621 Bozinensi
1726 569 1951 625 ducatui

386 668 589 707 numen
666 652 865 705 iratum
923 656 1273 724 imposuisse.
1337 656 1525 711 Solent
1577 659 1723 713 enim
1779 663 1860 715 rel
1896 664 1948 717 in

379 746 574 813 primis
604 744 879 810 ejusmodi
908 746 1217 816 principum
1260 763 1408 819 vaga
1450 749 1706 806 libidines
1733 754 1944 809 excidia

382 837 563 904 regnis
593 852 781 889 eorum
802 852 1103 892 arcessere.

382 928 572 983 162-5.
605 925 867 997 Dulgadir
884 935 932 981 et
956 930 1236 1009 Aladeule,
1303 934 1461 989 Daud
1512 935 1704 1004 basta,
1750 938 1951 1009 Turgut

1083 1020 1244 1073 regio.

452 1090 768 1157 Provincia,
793 1093 907 1147 sive
937 1094 1086 1163 regio
1120 1096 1401 1166 Dulgailir,
1450 1110 1545 1154 aut
1609 1100 1886 1165 Dulcadir,
1917 1118 1946 1157 a

380 1187 586 1241 uestris
610 1186 806 1253 partim
838 1187 1143 1251 Anadoule,
1179 1198 1232 1243 et
1266 1189 1514 1257 Alalnlie,
1551 1208 1656 1247 non
1689 1206 1836 1252 reete
1863 1196 1951 1249 dia

380 1280 542 1337 citur.
582 1281 776 1348 partim
814 1280 1097 1336 Aladoule.
1133 1281 1351 1337 Turcici
1386 1299 1517 1338 vero
1570 1286 1790 1340 annales
1822 1287 1950 1341 Dul-

377 1371 601 1438 gaduris
629 1385 826 1424 nomen
860 1370 1070 1439 regioni
1114 1373 1379 1437 tribuunt.
1416 1376 1572 1443 cujus
1595 1377 1847 1446 princeps
1880 1376 1948 1431 ab

375 1464 457 1515 eis
516 1461 716 1514 dicitur
771 1461 1052 1526 Aladeule,
1112 1464 1381 1518 vocabulo
1430 1467 1803 1535 tctrasyllabo.
1860 1467 1952 1520 Li-

378 1556 539 1608 mites
609 1553 857 1617 ditionis,
919 1554 1272 1625 Cappadocia:
1331 1558 1609 1613 montibus
1699 1560 1944 1624 inclusae,

377 1661 516 1716 quos
548 1644 793 1699 Munzari
827 1661 958 1700 voce
992 1646 1256 1703 Cedrinns
1297 1648 1351 1703 in
1384 1648 1819 1720 Paralipomenis
1854 1669 1949 1708 no-
1974 1636 2023 1694 Β

377 1740 509 1794 stris
542 1739 945 1807 complectitur,
974 1749 1101 1793 tunc
1124 1742 1386 1811 temporis
1417 1755 1572 1797 erant
1601 1744 1654 1796 hi
1688 1760 1704 1800 :
1752 1758 1940 1799 versus

384 1831 597 1891 Svriam
630 1830 846 1885 sultano
880 1829 1124 1885 Cairensi
1159 1841 1461 1901 parentem,
1489 1833 1770 1899 Bcrrhma,
1806 1851 1952 1892 nunc

375 1924 582 1994 Chalep
611 1924 693 1979 vel
732 1923 898 1995 llalep
922 1922 1137 1990 Turcis,
1173 1925 1380 1981 nostris
1433 1927 1639 1998 llalepo
1675 1947 1690 1983 :
1752 1944 1951 1987 versus

378 2018 667 2085 imperium
704 2016 909 2072 Persici
953 2018 1035 2072 vel
1084 2018 1312 2088 Sophini
1347 2019 1514 2088 regis,
1548 2021 1807 2076 Armenia
1851 2023 1952 2077 mi-

381 2126 540 2165 nor:
601 2126 797 2166 versus
878 2112 1163 2178 imperium
1245 2112 1555 2168 Osmanida:
1641 2115 1949 2186 principis,

375 2203 647 2257 Amasis:
704 2218 895 2258 versus
956 2203 1361 2270 Caramaniam,
1389 2206 1577 2260 Adana
1626 2216 1678 2261 et
1722 2207 1945 2263 Tarsus.

376 2295 795 2365 Aladeulesipse
813 2296 1193 2351 Turcomanus
1220 2309 1335 2351 erat
1355 2298 1629 2367 princeps,
1653 2315 1759 2353 non
1792 2300 1951 2355 Chri-

376 2390 612 2453 stianus,
655 2400 717 2443 ut
774 2389 939 2444 etiam
996 2388 1387 2445 Malatestanus
1448 2393 1728 2448 actuarius
1781 2402 1950 2448 testa-

378 2490 489 2531 tum
534 2478 774 2547 reliquit.
803 2479 1003 2533 Daudis
1032 2495 1229 2535 nomen
1255 2479 1454 2536 Turcis
1479 2481 1623 2536 idem
1656 2492 1763 2548 est,
1800 2484 1945 2553 quod

373 2570 622 2624 Hebraeis
653 2568 843 2624 David.
888 2568 1193 2627 Nicolaides
1240 2572 1533 2642 depravate
1571 2575 1766 2629 scribit
1791 2575 1943 2629 Daat.

374 2660 599 2730 Magnus
621 2670 675 2714 et
702 2648 935 2715 celebris
965 2662 1105 2730 apud
1167 2677 1299 2716 suos
1365 2663 1490 2728 fuit,
1541 2666 1633 2733 qui
1669 2666 1944 2719 Constan-

374 2753 602 2819 tinopoli
627 2754 927 2817 inessitam,
954 2753 1222 2823 hodieque
1254 2766 1459 2808 sariam
1508 2766 1726 2821 tectam,
1746 2757 1949 2812 struxit

366 2856 427 2901 et
467 2848 579 2901 tilio
619 2861 719 2902 suo
777 2846 978 2901 sultani
1033 2846 1293 2914 Bajazitis
1371 2848 1496 2903 filia:
1542 2849 1762 2917 nuptias
1820 2865 1949 2918 pro-

372 2940 594 2993 meruit.
676 2937 748 2992 De
819 2936 1055 2992 Varsaco
1113 2938 1453 2993 Caramania:
1504 2940 1708 2995 dictum
1767 2943 1946 3010 capite

370 3040 622 3085 notarum
646 3031 734 3086 7'7.
762 3029 892 3084 Erat
920 3027 1010 3084 illa
1029 3042 1156 3086 tunc
1180 3032 1421 3099 quidem,
1444 3042 1564 3103 post
1587 3034 1793 3088 obitum
1824 3032 1941 3088 Ca-

369 3125 521 3180 sanis
560 3123 701 3192 begi,
730 3139 891 3194 quem
920 3140 1082 3194 supra
1119 3126 1293 3194 capite
1319 3124 1445 3188 {59,
1480 3125 1718 3181 diximus
1764 3142 1793 3181 e
1832 3126 1939 3182 Ca-

371 3219 775 3271 ramanidarum
811 3217 1014 3269 familia
1047 3214 1212 3271 fuisse
1239 3224 1596 3285 postremum,
1622 3218 1675 3270 in
1706 3217 1938 3271 formam

366 3308 589 3361 redacta
633 3305 923 3375 provincia:
963 3305 1045 3359 vel
1067 3305 1499 3381 beglerbegatus,
1534 3316 1592 3360 ut
1637 3305 1805 3361 Turci
1840 3321 1941 3361 vo-

368 3408 519 3464 cant,
554 3399 649 3468 qui
700 3400 932 3468 primum
965 3395 1307 3451 Caramania».
1354 3398 1733 3467 beglerbegum
1771 3398 1941 3454 Cara-

366 3508 557 3564 gosam
607 3494 712 3547 hoc
772 3494 891 3561 ipso
952 3491 1092 3546 bello
1141 3490 1426 3545 nominant
1482 3508 1496 3544 :
1549 3490 1644 3545 sed
1706 3489 1940 3544 habebat

365 3587 638 3658 quosdam
680 3587 857 3640 adhuc
889 3586 1163 3641 minorum
1205 3584 1449 3654 gentium
1496 3598 1769 3653 proceres,
1814 3583 1937 3652 qui-

370 3681 475 3733 bus
496 3676 643 3732 haud
703 3677 867 3732 dubie
925 3676 1164 3732 necdum
1210 3675 1632 3732 Osmanidarum
1689 3674 1939 3744 placebat

369 3769 682 3839 imperium,
720 3769 846 3823 licet
872 3766 1114 3836 ejusdem
1155 3767 1394 3822 nationis
1420 3774 1605 3821 essent
1663 3765 1938 3833 ejusdem-

367 3877 475 3932 que
502 3871 683 3916 sectae.
720 3860 1117 3931 Turgutensem
1160 3861 1438 3931 regionem
1478 3874 1509 3913 a
1531 3858 1727 3912 Turcis
1757 3858 1938 3911 nomi-

367 3954 488 4007 nari
515 3952 804 4024 Phrygiam
847 3951 1131 4020 majorem,
1156 3966 1259 4017 qua
1285 3966 1480 4005 versus
1533 3949 1778 4004 Ciliciam
1816 3963 1937 4017 per-

366 4048 525 4113 tinet,
558 4061 623 4100 ex
660 4045 897 4100 Lannico
924 4053 1118 4114 paret:
1150 4045 1241 4114 qui
1268 4042 1428 4111 primi
1482 4041 1743 4112 Bajazitis
1769 4041 1933 4093 vitam

363 4137 709 4201 describens,
737 4134 1033 4204 Turgetum
1061 4134 1314 4204 Phrygiae
1345 4135 1540 4188 ducem
1578 4132 1846 4194 nominat,
1884 4138 1939 4184 et

366 4241 557 4297 p05tea
590 4226 899 4296 Turgaturii
939 4226 1005 4279 de
1038 4232 1197 4296 gente
1224 4225 1544 4294 principem.
1594 4224 1807 4278 Rursus
1840 4238 1938 4276 au-

364 4330 475 4373 tem
506 4320 558 4372 in
597 4317 806 4372 Murute
838 4318 1093 4372 Secundo
1128 4334 1142 4371 :
1177 4316 1541 4381 Caramanus,
1577 4315 1775 4386 inquit,
1802 4314 1935 4368 vici-
1968 4354 2012 4409 Β

366 4430 472 4468 nus
516 4422 600 4467 est
633 4412 912 4482 Turgutae.
964 4409 1238 4480 Turgutes
1268 4418 1450 4465 autem
1483 4408 1730 4479 Phrygiae
1760 4408 1928 4476 impe-

365 4516 472 4571 rat,
503 4517 554 4559 et
574 4503 969 4574 Cappadociam
991 4502 1416 4572 Armeniamque
1437 4501 1588 4571 regio
1619 4501 1738 4569 ejus
1767 4500 1937 4554 attin-

366 4597 463 4667 git.
496 4596 708 4661 Quibus
746 4595 797 4648 in
825 4594 1031 4658 verbis,
1078 4595 1179 4648 nisi
1211 4592 1422 4662 Turgut
1455 4608 1487 4647 a
1533 4592 1813 4662 Dulgadir,
1868 4595 1937 4649 ab

368 4689 504 4758 ipsis
552 4690 717 4742 etiam
769 4685 965 4740 Turcis
1005 4685 1475 4756 distingueretur,
1541 4687 1934 4754 pr0pemodum

366 4781 494 4847 quis
518 4781 777 4848 ejuraret,
820 4776 1029 4830 nullum
1068 4792 1190 4832 esse
1219 4778 1515 4832 discrimen
1565 4777 1709 4831 inter
1730 4778 1940 4849 Turga-

368 4871 495 4925 turii
533 4886 756 4937 nomen,
778 4879 833 4925 et
862 4870 1138 4938 Dulgadir.
1172 4868 1276 4925 Sed
1316 4870 1693 4939 suspendenda
1729 4870 1939 4925 scilicet

368 4962 660 5027 sententia,
694 4962 865 5017 donec
896 4963 1199 5017 correctior
1228 4978 1288 5017 se
1314 4963 1472 5017 nobis
1505 4961 1731 5017 Laonici
1765 4962 1937 5017 codex

368 5050 582 5107 oderat.
613 5052 749 5107 Nota
776 5054 994 5122 quidem
1048 5062 1131 5108 est
1165 5054 1492 5121 permutatio
1533 5055 1835 5107 litterarum
1866 5052 1934 5107 Β.

367 5157 421 5198 et
445 5142 487 5197 ι.
515 5141 791 5213 frequens,
829 5144 904 5199 uti
940 5157 1065 5199 cum
1093 5144 1373 5214 phulkizin
1408 5144 1582 5199 Graeci
1626 5161 1725 5217 pro
1763 5147 1937 5215 phuro

367 5235 514 5290 kizin
550 5236 759 5301 dicunt,
801 5235 853 5290 id
885 5245 968 5292 est
997 5236 1050 5292 in
1072 5235 1285 5291 furcam
1328 5251 1512 5306 agere.

708 5349 829 5404 164.
879 5347 1289 5414 Incitato/ticius,
1333 5349 1618 5421 laclisagli.

439 5440 613 5507 Quem
647 5455 769 5505 nos,
797 5442 1146 5509 interpretem
1178 5442 1408 5498 Caesaris
1445 5441 1779 5496 Ferdinandi
1813 5440 1935 5511 Spia

370 5535 538 5604 glium
594 5535 789 5597 secuti,
851 5533 1303 5589 laclmsehitzium
1366 5536 1624 5599 diximus,
1694 5550 1819 5589 eum
1881 5534 1936 5588 in

370 5630 488 5699 ipso
544 5626 833 5681 Annalium
886 5626 1180 5695 archetypo
1237 5625 1564 5697 IachsOglim
1637 5625 1930 5681 nominari.

692 5710 964 5784 Panos.
1012 5723 1123 5784 Gn.
1174 5717 1374 5782 CLIX.

2053 584 2157 623 nec
2187 569 2474 640 legationis
2503 575 2664 643 hujus
2690 592 2717 629 a
2753 576 2975 632 Matthia
3011 598 3156 650 rege.
3215 590 3305 655 qui
3348 598 3478 645 tunc
3512 591 3624 646 Un-

2050 660 2195 729 garis
2222 663 2339 717 suis
2370 665 2691 733 imperabat,
2725 672 2791 725 ad
2824 676 3098 731 sultannm
3137 680 3422 748 Bajazitcnt
3479 688 3616 740 mis-

2052 768 2129 807 sae
2181 754 2239 808 lit
2295 758 2527 811 mentio.
2566 759 2851 829 Signiﬁcat
2882 778 3060 822 autem
3104 772 3396 843 laehsogli,
3448 779 3617 832 lilium

2050 844 2250 913 jacbsi,
2279 847 2360 901 vel
2396 846 2717 905 laehsidem.
2754 856 2819 908 Et
2850 856 3003 912 Iaclts
3027 858 3264 918 Turcica
3321 864 3503 935 lingua
3534 870 3613 924 si-

2049 936 2271 1003 gniﬁcat
2305 936 2582 993 hominem
2614 943 2779 997 rebus
2818 946 3075 1001 omnibus
3104 951 3403 1018 elegantem
3435 964 3489 1008 et
3518 972 3620 1009 au-

2049 1026 2243 1091 licum,
2275 1031 2423 1099 quod
2456 1047 2484 1085 a
2528 1031 2723 1090 Turcis
2748 1038 2796 1090 ei
2841 1038 3073 1095 fortasse
3112 1058 3414 1112 cognomen
3468 1057 3621 1112 tunc,

2051 1119 2197 1173 obita
2218 1136 2342 1175 cum
2369 1124 2529 1179 laude
2564 1125 2853 1195 legatione,
2894 1130 2995 1184 fuit
3038 1134 3292 1191 inditum.
3330 1136 3477 1193 Fieri
3537 1146 3621 1191 ta-

2054 1225 2176 1265 men
2199 1213 2362 1265 etiani
2411 1225 2609 1284 potest,
2639 1225 2697 1271 ut
2734 1222 2912 1289 potius
2946 1224 3050 1279 hoc
3101 1228 3412 1284 lachschiaz
3454 1232 3623 1301 eligi-

2053 1299 2140 1355 nis
2163 1301 2234 1355 sit
2258 1302 2562 1374 Ungaricae.

2054 1436 2599 1532 16%.:fd1ebz‘frabia
2625 1463 2774 1532 ε,ρινο
2828 1451 3045 1532 imperio
3087 1457 3286 1532 διαιταρὶ
3329 1459 3619 1532 Cairemis,

2342 1512 2589 1593 §ingani,
2620 1507 2867 1588 linguai,
2899 1507 3624 1600 sultanur

2122 1579 2405 1647 chymei'io.

2123 1689 2258 1745 Cum
2291 1690 2525 1749 Annales
2550 1700 2845 1754 exercitum
2866 1718 2894 1757 a
2933 1706 3172 1775 anazite
3214 1712 3442 1769 missum
3469 1718 3625 1777 aiunt

2056 1796 2244 1837 versus
2268 1783 2546 1847 Arabiam.
2581 1788 2912 1861 intelligendi
2941 1809 3069 1853 sunt
3116 1801 3250 1859 fines
3282 1816 3378 1861 aut
3418 1808 3621 1869 limites

2054 1872 2264 1942 imperii
2288 1876 2566 1941 sultanici,
2600 1882 2747 1948 quod
2795 1885 3004 1955 Syriam
3038 1890 3376 1952 Caramanize
3403 1914 3619 1958 conter-

2054 1964 2279 2031 minam,
2316 1984 2436 2036 quae
2468 1982 2595 2026 tunc
2626 1971 2678 2026 in
2719 1974 3139 2036 Osmanidarum
3170 1996 3490 2054 potestatem
3524 2011 3617 2050 ve-

2052 2070 2227 2121 nerat,
2267 2070 2321 2114 et
2345 2060 2638 2132 [Egyptum
2668 2070 3035 2143 Arabiamque
3077 2080 3497 2148 complectatur.
3525 2087 3617 2144 Sic

2052 2149 2103 2202 in
2134 2150 2199 2205 iis
2226 2167 2347 2221 quas
2373 2166 2701 2224 sequuntur,
2739 2161 2893 2217 initio
2926 2169 3077 2236 regni
3121 2168 3339 2229 Selimis
3361 2178 3616 2237 sultuntts

2052 2240 2363 2305 Aclnnetes.
2392 2244 2510 2312 ejus
2540 2245 2731 2311 frater,
2756 2254 2821 2305 ad
2848 2253 2983 2311 lines
3015 2260 3280 2319 Arabicos
3310 2270 3619 2339 profugisse

2052 2346 2329 2398 narratur,
2382 2339 2486 2393 hoc
2534 2352 2638 2407 est,
2674 2344 2742 2398 ad
2787 2346 2993 2404 limites
3060 2352 3272 2422 imperii
3332 2363 3616 2433 sultanini,

2050 2426 2362 2500 Egyptiaci
2411 2433 2752 2507 Syriacique.
2815 2439 3027 2499 Rursus
3086 2447 3141 2501 in
3186 2452 3376 2506 eodem
3415 2426 3617 2515 Selinus

2051 2519 2352 2576 traduntur
2398 2524 2629 2589 Arabes,
2687 2528 2863 2598 quiet
2916 2532 3206 2606 Ethiopes
3254 2542 3386 2607 sint,
3425 2544 3619 2604 itinera

2051 2609 2276 2679 fugienti
2296 2614 2514 2670 sultano
2536 2616 2913 2678 Tommambai
2942 2629 3305 2695 praeclusisse.
3338 2633 3458 2699 Quo
3484 2637 3620 2693 Ara-

2048 2700 2179 2755 bum
2215 2701 2649 2778 .Ethiopumque
2677 2711 2794 2766 sive
2820 2711 3158 2785 Maurorum,
3188 2722 3293 2777 hoc
3317 2734 3401 2779 est
3434 2728 3617 2797 nigro-

2051 2808 2173 2848 rum
2206 2795 2425 2852 snltano
2476 2799 2724 2858 Cairensi
2772 2808 3082 2874 parentium
3145 2815 3387 2888 nomine,
3451 2795 3622 2879 lector

2050 2886 2187 2943 alios
2218 2904 2328 2944 non
2350 2892 2606 2963 accipiat,
2629 2910 2793 2964 quam
2819 2899 2966 2968 ipsos
2990 2900 3275 2974 Egyptios
3294 2886 3384 2978 qui
3412 2920 3467 2966 et
3483 2914 3619 2969 Ara-

1972 2985 2015 3044 C
2053 2981 2171 3047 bes,
2200 2991 2257 3040 et
2278 3000 2424 3041 nunc
2452 2988 2618 3043 etiam
2643 2989 2933 3062 Ethiopes
2970 3011 3001 3050 a
3025 2999 3211 3055 colore
3251 3016 3536 3074 vorantur,
3562 3020 3617 3066 et

2050 3074 2244 3147 lssingi
2278 3075 2493 3143 Turcis,
2534 3081 2740 3136 nostris
2792 3083 3015 3155 Singani
3052 3091 3133 3145 vel
3174 3090 3423 3165 Zingani,
3452 3114 3619 3156 voca-

2049 3166 2177 3221 bulo
2201 3176 2307 3221 tam
2338 3169 2637 3238 Arabibus,
2668 3188 2831 3242 quam
2863 3176 3134 3249 [Egyptiis
3160 3190 3458 3243 communi.
3495 3190 3613 3247 Non

2048 3259 2196 3312 enim
2235 3260 2289 3311 hi
2339 3258 2567 3330 Zigeuni
2612 3264 2849 3330 dicendi,
2902 3282 2999 3324 nec
3045 3271 3351 3345 Cianiganii
3406 3281 3613 3348 Tatari,

2006 3420 2011 3423 _
2048 3347 2194 3417 quod
2218 3346 2537 3406 Reineccius
2600 3356 2829 3422 putavit.
2860 3357 3004 3415 Idem
3047 3361 3460 3437 Pachyinerium
3538 3346 3618 3429 te;-

2049 3454 2199 3495 mere
2233 3442 2665 3513 arguiterroris,
2714 3450 2859 3518 quod
2912 3452 2965 3507 in
3035 3458 3195 3512 tertio
3239 3460 3609 3522 Bendecarem

2043 3529 2360 3588 Cairensem
2416 3537 2623 3591 vocarit
2690 3536 3010 3614 EthiOpum
3068 3549 3382 3609 soldanum.
3441 3557 3610 3615 Addit

2047 3622 2219 3689 enim,
2276 3624 2381 3680 hoc
2434 3626 2502 3681 ab
2540 3642 2605 3682 eo
2671 3629 2873 3686 factum
2925 3650 3232 3707 perperam.
3302 3642 3416 3699 lmo
3469 3661 3616 3704 recte

2047 3713 2262 3771 locutus
2303 3728 2388 3773 est
2415 3716 2849 3791 Pachymerius,
2911 3742 3034 3783 cum
3090 3729 3380 3804 Egyptios
3454 3751 3614 3796 vocat

2045 3806 2358 3878 EthiOpas,
2404 3810 2496 3880 qui
2535 3827 2727 3870 revera
2761 3813 2901 3872 facie
2949 3821 3195 3878 colorata
3259 3836 3407 3882 sunt.
3452 3829 3607 3900 Cepit

2045 3900 2191 3954 enim
2214 3916 2412 3956 nomen
2464 3901 2787 3976 IEthiopum
2823 3912 3022 3966 veteris
3058 3912 3254 3982 linguae
3279 3916 3606 3976 Grzecmlata

2046 3990 2460 4060 significatione,
2484 3995 2627 4050 sicut
2651 3998 2811 4053 hodie
2832 3999 3004 4055 (ἔτωοὶ
3025 4003 3266 4071 Mauros,
3291 4011 3434 4064 unde
3466 4012 3600 4067 Mori

2048 4085 2242 4147 nostri,
2302 4087 2486 4156 nigros
2530 4089 2583 4142 in
2616 4104 2815 4158 genere
2855 4094 3043 4148 dicunt
3087 4096 3202 4152 sive
3235 4098 3346 4154 sint
3377 4102 3608 4171 Arabes,

2046 4173 2132 4227 vel
2170 4174 2430 4246 IEgyptii,
2467 4181 2549 4233 vel
2600 4181 2743 4246 Afri,
2798 4182 2882 4237 vel
2915 4183 3203 4256 Ethiopes
3264 4189 3340 4245 illi
3395 4197 3614 4263 proprie

2048 4268 2124 4320 sic
2154 4271 2427 4337 appellati.
2450 4271 2608 4342 [‘61
2639 4274 2879 4344 Denique
2893 4275 3247 4336 doctissimus
3270 4283 3607 4352 Eustathius,

2041 4369 2093 4412 et
2114 4363 2389 4431 antiquior
2423 4365 2526 4420 hoc
2554 4367 2884 4435 Stephanus,
2918 4371 3133 4425 urbium
3189 4377 3611 4435 nomenclatoris

2044 4462 2255 4515 auctor,
2288 4452 2581 4524 Egyptum
2638 4459 2930 4527 perhibent
2971 4460 3305 4532 Ethiopiam
3337 4479 3609 4535 vocatam,

2041 4553 2263 4615 propter
2295 4550 2601 4604 habitantes
2663 4553 2715 4604 in
2744 4566 2807 4605 ea
2844 4553 3032 4622 nigros
3062 4554 3336 4612 homines.

2254 4682 2374 4737 166.
2402 4681 2589 4738 Generi
2615 4683 2881 4754 Bajazitis
2926 4696 3027 4743 tres
3061 4690 3220 4743 simul
3245 4693 3393 4762 facti.

2116 4795 2361 4850 Diximus
2394 4798 2574 4869 capite
2605 4809 2857 4855 notarum
2898 4803 2995 4858 161
3040 4804 3107 4859 de
3136 4805 3355 4863 duobus
3385 4812 3606 4881 generis

2043 4888 2248 4942 sultani
2281 4888 2555 4959 Bajazitis,
2594 4891 2661 4945 de
2698 4891 2930 4950 Ferhate
2955 4910 2984 4949 a
3014 4895 3332 4955 Mamelucis
3392 4902 3605 4966 occiso,

2041 4986 2096 5032 ct
2130 4978 2449 5049 Herzecogli
2478 4982 2545 5035 ab
2576 4981 2765 5037 iisdem
2807 4994 2988 5054 capto.
3016 4985 3173 5043 Nunc
3204 4997 3314 5044 tres
3347 4989 3440 5043 alii
3462 5004 3610 5045 com-

2042 5082 2457 5138 memorantur,
2492 5073 2696 5128 eisdem
2738 5076 2972 5132 filiarum
3026 5082 3249 5149 nuptias
3299 5083 3605 5139 consecuti.

2040 5164 2257 5219 Primus
2283 5165 2477 5219 horum
2520 5167 2664 5222 filius
2710 5168 3141 5226 Usumchasanis
3175 5173 3499 5241 appellatur,
3550 5186 3608 5230 et

2041 5255 2203 5325 paulo
2234 5267 2379 5326 post,
2427 5256 2660 5330 Jacupes
2716 5260 2887 5331 begus
2924 5282 2939 5317 :
2973 5263 3065 5332 qui
3089 5263 3435 5333 espeditione
3479 5268 3608 5320 anni

2041 5349 2274 5415 proximi
2307 5357 2497 5405 contra
2527 5351 2751 5407 eosdem
2802 5355 3136 5412 Mamulccos
3194 5356 3382 5427 periit.
3431 5356 3607 5419 Alter.

2043 5441 2290 5512 Usgurlis
2320 5462 2385 5500 ex
2422 5446 2529 5500 tilio
2563 5462 2755 5516 nepos.
2814 5448 3090 5506 Fortassis
3118 5463 3298 5506 autem
3353 5451 3611 5524 Usgurles

2041 5536 2131 5589 hic
2167 5535 2307 5591 idem
2344 5546 2428 5592 est
2463 5553 2584 5592 cum
2608 5538 2820 5609 Usgure
2847 5542 3002 5611 begs,
3038 5544 3196 5613 cujus
3216 5560 3382 5614 supra
3407 5550 3610 5600 mentio

2042 5632 2123 5695 lit,
2159 5634 2282 5684 ante
2311 5630 2558 5698 praelium
2628 5628 2972 5690 Cosovanum
3009 5636 3335 5700 secundum,
3373 5639 3476 5692 sub
3510 5654 3612 5694 an-

3214 5728 3287 5790 27
