4048 6208
491 243 596 306 813
1691 233 2018 296 JOANNIS
2059 227 2528 292 LEUNCLAVII
3605 220 3697 282 8N

493 377 622 417 num
657 358 1034 413 Christianum
1071 355 1223 410 1448.
1261 353 1498 417 Tertius,
1524 352 1726 406 Daudis
1757 351 1860 405 fuit
1884 351 2059 406 bassa:
2090 358 2132 414 Α
2163 351 2422 410 Wollius.
2483 346 2683 401 alicubi
2719 359 2818 413 pro
2865 342 3160 398 eversione
3219 337 3527 408 Scopiorum
3584 341 3701 390 dixit

497 455 666 516 ﬁlius,
700 451 893 521 dequo
925 449 1111 504 Daude
1141 447 1301 516 paulo
1332 453 1460 500 ante
1477 446 1708 510 dictum,
1733 444 1915 510 capite
1940 443 2064 497 165.

503 545 772 599 Caeterum
808 541 985 595 obiter
1016 539 1117 592 hoc
1143 551 1362 607 quoque
1399 535 1724 599 notandum,
1751 533 2070 588 necessario

495 636 667 689 fuisse
693 635 831 689 duos
866 630 1265 688 Usumehasani
1293 629 1437 684 lilios
1493 626 1735 696 Jacupes
1771 643 1785 681 :
1829 641 2066 696 quorum

494 728 630 782 alter
667 727 920 796 Bajazitis
982 740 1223 792 uenena
1283 721 1601 777 Mainelucis
1661 736 1836 773 caesus
1898 718 2071 772 fuisse

497 830 752 873 narratur
780 835 794 882 ς
827 818 968 870 alter
993 817 1046 870 in
1081 831 1245 886 regno
1306 814 1443 883 patri
1475 813 1768 878 successit,
1806 821 1865 865 nt
1893 825 2063 880 appa-

479 912 630 966 rebit
653 928 715 964 ex
759 911 824 964 iis
851 927 969 980 qua:
1010 910 1188 979 capite
1214 908 1316 963 188
1343 919 1667 978 sequentur.

632 1023 756 1076 167.
806 1023 1047 1076 Larende
1081 1020 1438 1086 Caramaniaz,
1471 1021 1576 1074 sive
1622 1019 1891 1073 Laranda.

563 1140 694 1204 Quae
721 1146 876 1208 capta
908 1138 1008 1191 luit
1039 1153 1066 1191 ει
1093 1137 1412 1192 illamelucis
1437 1135 1704 1201 Larende,
1730 1137 2071 1191 Chalcocon-

493 1234 603 1305 dyli
635 1230 882 1286 Laranda
917 1231 1196 1294 scribitur,
1237 1245 1360 1284 cum
1418 1231 1515 1289 ait.
1558 1229 1820 1284 Muratem
1872 1244 2070 1284 secun-

496 1330 622 1383 dum
661 1327 804 1382 bello
829 1326 1055 1398 petiisse
1111 1325 1479 1380 Caramanum
1520 1322 1844 1385 Aliderium,
1899 1321 2074 1377 Cariae

495 1426 710 1481 ducem,
743 1418 906 1489 cujus
945 1419 1067 1474 dua:
1102 1427 1232 1472 sunt
1261 1418 1449 1480 urbes,
1501 1415 1750 1470 Laranda
1800 1424 1856 1469 et
1899 1415 2073 1468 Toco-

485 1517 701 1572 neium.
741 1527 840 1583 pro
868 1526 978 1582 quo
1018 1511 1267 1565 Iconium
1322 1508 1700 1578 reponendum
1755 1509 2071 1563 docuimus.

498 1605 604 1660 Leo
638 1606 865 1677 Sapiens
892 1607 1174 1676 Augustus
1203 1605 1256 1658 in
1281 1603 1502 1660 Novella
1545 1605 1613 1658 de
1640 1602 1903 1664 Thronis,
1970 1599 2074 1656 La-

2171 458 2393 498 eversas
2424 439 2699 510 speculas.
2741 434 3169 492 Recentioribus
3206 431 3517 502 geographis
3563 430 3702 498 Scupi

2173 532 2457 588 scribitur.
2493 529 2780 584 Manastiri
2834 527 3062 582 nomine
3111 539 3222 578 non
3267 523 3356 578 hic
3415 521 3706 590 intelligitur

2175 628 2330 681 locus
2361 625 2475 687 ille,
2509 625 2577 677 de
2602 637 2713 693 quo
2750 637 2912 690 supra
2951 619 3166 674 dictum
3203 616 3376 686 capite
3392 615 3478 677 Η,
3508 614 3634 684 situs
3658 613 3705 668 in

2174 719 2432 776 c0nfiniis
2487 717 2759 778 Thraciae,
2822 712 3246 780 Thessaliaeque,
3317 707 3409 763 sed
3469 713 3710 759 monaste-

2177 816 2319 868 ri‘um
2375 812 2666 879 penitioris
2710 806 3068 870 Macedonia,
3123 816 3318 858 versus
3374 798 3586 869 Epirum
3639 796 3709 851 vel

2177 906 2493 968 Albaniam,
2525 905 2671 973 quod
2715 899 2983 955 mouestir
3017 914 3045 950 a
3103 893 3360 949 Castaldo
3415 890 3709 960 appellatur.

2177 999 2354 1065 Huius
2372 997 2427 1050 in
2453 994 2738 1050 Albaniam
2759 989 3126 1060 expeditionis
3171 985 3470 1056 llajaziticze
3497 982 3714 1037 meminit

2175 1099 2232 1143 et
2266 1087 2573 1151 Bonlinius,
2607 1086 2697 1154 qui
2725 1082 2863 1137 dicit
2884 1097 3007 1135 eum
3040 1077 3342 1149 proiectum
3375 1087 3557 1130 contra
3586 1090 3718 1126 tuon-

2178 1190 2336 1235 tanos
2367 1169 2897 1244 Albanenses,quos
2965 1169 3360 1240 Spauduginus
3417 1164 3718 1220 Cimarioms

2177 1274 2338 1336 dixit,
2377 1274 2443 1324 ab
2472 1270 2672 1340 oppido
2708 1277 2999 1336 monteqne
3033 1266 3314 1328 Cliimara,
3353 1263 3415 1316 de
3447 1274 3550 1330 quo
3585 1259 3719 1313 dein-

2178 1378 2305 1432 ceps
2341 1361 2508 1416 latius
2541 1362 2593 1413 in
2623 1361 2728 1412 vita
2759 1356 2966 1412 sultani
3005 1353 3366 1408 Soleimanis.

2179 1479 2300 1534 170.
2336 1479 2651 1532 Baiazltesa
2684 1475 2936 1530 monacho
2986 1470 3206 1525 Turcico
3235 1485 3378 1538 pwne
3399 1467 3496 1537 fuit
3523 1465 3720 1520 occisus.

2248 1594 2402 1662 Quod
2442 1596 2530 1648 hic
2561 1594 2628 1648 de
2655 1593 2898 1662 periculo
2923 1590 3182 1656 Bajazitis
3207 1629 3222 1655 ,
3277 1585 3651 1658 propemodum
3701 1595 3726 1634 a

497 1695 792 1750 randarum
827 1697 928 1764 (sic
958 1695 1100 1749 enim
1166 1705 1325 1749 vocat
1389 1708 1620 1748 numero
1680 1691 2074 1762 multitmlinis)
2109 1732 2151 1789 Β
2180 1687 2422 1742 dervisio
2460 1686 2696 1755 qundam
2722 1685 2836 1738 sive
2886 1682 3156 1736 monacho
3187 1678 3421 1733 Turcico
3456 1673 3723 1744 interfecti,

495 1789 873 1860 episcopatum
903 1805 1011 1844 non
1054 1789 1106 1842 in
1156 1787 1315 1843 Caria
1358 1790 1614 1851 collocat,
1637 1787 1730 1841 sed
1764 1787 1816 1840 in
1866 1785 2074 1857 LndO-

500 1883 737 1948 nia,sub
779 1884 1199 1952 metropolitano
1245 1881 1545 1945 Iconiensi,
1611 1880 1754 1950 quod
1817 1878 2071 1949 equidem

499 1976 676 2045 magis
705 1976 901 2045 probo.
934 1975 1086 2030 Nunc
1143 1990 1361 2044 quoque
1421 1973 1674 2027 Laranda
1734 1974 2072 2036 nominatur,

493 2075 550 2119 et
575 2067 627 2120 in
649 2065 871 2120 Natolize
897 2063 1076 2120 tabula
1101 2081 1210 2119 non
1238 2065 1423 2134 procul
1455 2077 1484 2117 a
1506 2064 1689 2135 Cugna
1715 2064 2072 2132 conspicitur,

501 2159 553 2212 in
573 2159 912 2212 Caramanize
949 2158 1067 2213 sive
1125 2159 1328 2213 Cilicite
1364 2158 1801 2212 mediterraneis.
1828 2157 1900 2210 De
1963 2156 2076 2210 Gu-

503 2251 760 2316 mulzina,
787 2266 905 2320 cap.
932 2250 1024 2314 45,
1061 2250 1129 2304 de
1159 2249 1358 2320 Ypsala
1389 2251 1478 2317 5i,
1508 2250 1736 2306 dictum.

502 2365 622 2421 168.
659 2364 777 2420 Pax
823 2367 964 2420 inter
1011 2365 1308 2419 sultaninos
1371 2374 1421 2419 et
1460 2364 1802 2431 Osinanidas,
1833 2364 2076 2420 ΜαιιΙιίω

1002 2437 1137 2506 regis
1179 2434 1382 2506 Ungari
1415 2452 1577 2489 mors.

568 2550 721 2616 Quoi
744 2549 1347 2605 sultannsAlcairensis
1375 2547 1429 2602 in
1460 2548 1837 2604 transactione
1863 2548 2076 2618 Bajazi-

500 2645 539 2698 ti
584 2639 815 2698 Tarsum
849 2653 900 2697 et
932 2643 1120 2697 Adana
1150 2640 1460 2696 restituisse
1489 2641 1712 2706 dicitur,
1733 2644 1918 2698 verius
1951 2657 2076 2699 esse

503 2746 652 2805 puto,
696 2751 858 2806 quam
889 2736 1035 2806 quod
1077 2733 1377 2790 Malatestac
1437 2734 1768 2789 seeretarius
1787 2735 1886 2802 ait,
1919 2735 2079 2802 Baja-

503 2830 664 2883 zitem
697 2828 922 2882 suldano
960 2827 1147 2882 Adana
1177 2826 1520 2898 Tarsumquu
1584 2827 1908 2882 reddidisse.
1943 2828 2076 2881 Nam

505 2923 618 2975 lucc
642 2919 840 2989 oppida
873 2919 1086 2974 Cilicia:
1133 2927 1284 2982 sunt,
1320 2918 1434 2972 sive
1488 2919 1846 2982 Caratnaniae,
1913 2935 2074 2990 quam

504 3013 995 3068 Caramanidarnm
1064 3013 1336 3066 exstincta
1402 3009 1611 3065 familia
1655 3011 1950 3082 Bajazites,
2021 3024 2080 3068 ut

503 3115 664 3162 antea
692 3107 922 3172 dictum,
951 3105 1054 3159 sibi
1087 3103 1496 3160 vindicaverat.
1532 3103 1855 3160 Postremos
1908 3106 2074 3161 etiam
2105 3105 2147 3162 C

504 3197 811 3254 suitaninos
837 3197 1026 3252 Adana
1057 3199 1294 3268 cepisse,
1323 3197 1484 3268 paulo
1518 3207 1647 3253 ante
1679 3199 1930 3270 legimus.
1964 3198 2077 3252 Ita-

503 3309 609 3363 que
641 3290 852 3346 reddita
891 3291 1077 3361 potius
1116 3290 1184 3344 ab
1219 3291 1302 3345 his
1341 3291 1536 3345 civitas
1575 3289 1798 3360 Bujaziti
1829 3291 1953 3357 fuit,
1983 3291 2078 3361 qni

503 3399 626 3441 eam
653 3399 775 3438 cum
827 3379 1020 3448 Tarso,
1071 3399 1169 3438 ceu
1202 3382 1545 3440 Caramania:
1580 3384 1844 3444 membra.
1878 3394 2082 3454 repete-

498 3474 613 3536 bat.
641 3480 872 3534 Nomine
890 3479 1082 3534 deinde
1110 3479 1305 3532 mortui
1336 3479 1477 3546 regis
1513 3474 1780 3548 Ungarim,
1812 3477 2079 3534 Matthias

506 3574 855 3641 intelligitur,
883 3570 1114 3625 Joannis
1178 3570 1448 3625 Huniadis
1483 3570 1629 3626 [ilius
1666 3588 1681 3624 :
1743 3571 2080 3627 successoris

506 3673 708 3730 autem,
751 3663 1057 3719 Vladisiaus
1082 3662 1348 3729 Polonus,
1413 3661 1669 3718 Casimiri
1725 3661 2082 3733 Jagellonidie

507 3759 833 3812 Polonormn
876 3757 1018 3826 regis
1051 3754 1215 3820 lilius,
1243 3764 1396 3824 pater
1429 3755 1550 3824 ejus
1589 3755 1856 3810 Ludovici
1912 3757 2078 3826 regis.

505 3851 598 3920 qui
631 3851 698 3904 ad
724 3848 1052 3903 lliohatzium
1081 3863 1258 3904 caesus
1289 3861 1320 3902 a
1349 3847 1572 3904 sultano
1621 3850 1964 3912 Soleimane.
1982 3850 2076 3920 ju-

506 3945 659 4000 venis
685 3943 982 3998 admodum
1015 3944 1200 4014 periit.

512 4057 630 4114 169.
656 4055 924 4126 Bajazites
951 4054 1243 4129 Ungariant
1269 4074 1372 4129 non
1402 4060 1561 4113 audet
1580 4058 1804 4129 ingredi,
1831 4056 2081 4126 Uscopia,

983 4127 1273 4194 Manastir,
1319 4127 1586 4184 Monastir.

575 4241 704 4297 llaec
733 4242 799 4297 de
827 4257 966 4297 vano
985 4242 1236 4311 Bajazitis
1265 4253 1460 4296 conatu
1494 4242 1811 4297 invadendae
1839 4243 2085 4313 L'ngariie

508 4336 880 4391 uarratetiatn
906 4335 1211 4402 Bonfinius,
1259 4345 1313 4390 et
1353 4336 1622 4392 accidisse
1654 4323 1818 4391 reti-rt
1849 4355 1876 4391 a
1917 4350 2087 4392 morte

2182 1789 2459 1843 narratur,
2496 1779 2610 1834 fere
2659 1779 2882 1833 totidem
2937 1775 3117 1830 verbis
3144 1789 3174 1828 a
3204 1772 3554 1844 Spandugino
3605 1783 3721 1836 quo-

2183 1890 2290 1945 que
2318 1873 2596 1929 memoria:
2633 1873 2905 1942 proditum
2955 1870 3176 1940 legitur,
3231 1882 3358 1937 qua:
3404 1863 3725 1932 interpretari

2185 1966 2357 2030 lubet,
2387 1973 2447 2020 ut
2475 1963 2840 2035 expositionis
2895 1973 3205 2016 consensus
3243 1963 3524 2028 appareat.
3554 1952 3729 2012 Torla-

2184 2074 2298 2123 ces,
2330 2059 2426 2125 ait,
2458 2057 2678 2128 quidam
2707 2054 3075 2125 inliajazitem
3103 2053 3284 2114 irruit.
3329 2050 3587 2107 simulans
3605 2045 3730 2100 elec-

2186 2165 2471 2221 mosynam
2503 2151 2570 2206 ab
2610 2165 2675 2204 eo
2705 2143 2762 2204 se
2795 2161 3000 2218 petere.
3037 2143 3221 2200 Solent
3257 2151 3443 2198 autem
3494 2141 3626 2196 hanc
3648 2137 3729 2193 Dei

2187 2247 2405 2300 nomine
2433 2251 2701 2313 petentes,
2729 2237 3056 2294 Allahitschi
3087 2235 3293 2291 dicere.
3319 2235 3450 2290 Cum
3482 2233 3730 2290 acinacem

2184 2335 2522 2399 strinxisset,
2575 2347 2736 2403 quem
2796 2329 2898 2384 s'ub
2968 2327 3111 2380 tiltro
3168 2323 3440 2396 gestabat,
3496 2315 3738 2376 exterruit

2186 2443 2411 2498 equum,
2441 2426 2530 2480 cui
2564 2422 2831 2492 Bajazites
2888 2419 3188 2476 insidebat.
3246 2415 3484 2486 Ideoque
3536 2410 3739 2467 cedente

2185 2529 2330 2576 retro
2362 2518 2614 2589 Bajazitis
2660 2531 2823 2585 equo,
2881 2513 3133 2568 nonnihil
3195 2510 3434 2566 evitatus
3471 2506 3570 2560 fuit
3618 2503 3740 2558 ictus

2186 2613 2425 2670 hominis
2453 2612 2615 2685 4,62
2647 2628 2661 2666 :
2691 2625 2756 2665 ac
2808 2609 2983 2665 nihilo
3021 2619 3201 2663 tamen
3257 2606 3439 2660 minus
3497 2599 3738 2668 Bajazites

2185 2707 2384 2762 vulnus
2413 2705 2639 2774 accepit.
2677 2703 2816 2757 Tum
2842 2717 2973 2757 vere
3028 2702 3188 2756 bassa
3230 2699 3481 2770 quidam,
3513 2697 3598 2753 cui
3657 2707 3741 2749 no-

2185 2816 2308 2855 men
2333 2809 2450 2856 erat
2478 2797 2779 2863 Sehender,
2813 2811 3052 2852 massam
3100 2797 3361 2860 ferream,
3415 2808 3574 2864 quam
3631 2790 3742 2845 bus-

2185 2892 2458 2962 dogannm
2498 2899 2716 2954 vocant,
2764 2905 2830 2945 eo
2859 2905 2980 2946 cum
3045 2889 3249 2958 impetu
3303 2887 3468 2958 capiti
3525 2882 3741 2940 hominis

2187 2983 2430 3052 impegit,
2459 2993 2517 3037 ut
2543 2982 2734 3037 cranio
2768 2981 3066 3051 perfracto,
3116 2981 3411 3035 cerebrum
3465 2983 3740 3033 emanaret.

2184 3075 2501 3145 Indignatus
2524 3074 2684 3143 hujus
2711 3073 2971 3129 facinoris
3003 3088 3170 3128 causa
3241 3071 3514 3142 Bajazites
3539 3109 3554 3135 ,
3583 3069 3743 3126 edicto

2183 3167 2484 3237 proposito,
2514 3165 2774 3220 Tox-taces
2823 3165 3110 3220 universos
3146 3166 3496 3234 proscripsit,
3518 3171 3568 3218 ct
3602 3170 3741 3216 extra

2184 3257 2790 3325 Constantinopolimet
2818 3256 3035 3326 imperii
3063 3257 3306 3312 suilines
3343 3257 3524 3326 ejecit.
3573 3257 3738 3310 Anim-

2187 3349 2425 3402 advertit
2460 3349 2630 3401 lector
2657 3349 2848 3402 eadem
2875 3350 3111 3416 narrari,
3168 3351 3277 3405 nisi
3330 3351 3476 3421 quod
3526 3349 3744 3406 Annales

2184 3442 2359 3506 aiunt.
2389 3443 2685 3498 derrisium
2707 3445 2874 3506 hunc,
2898 3449 2953 3498 et
2976 3444 3342 3503 Calenderem
3369 3447 3560 3512 fuisse,
3591 3446 3745 3515 Span—

2185 3535 2445 3606 duginus,
2485 3535 2770 3591 Torlacem
2792 3577 2805 3600 ,
2829 3536 3101 3606 dequibus
3123 3539 3236 3609 jam
3265 3541 3555 3598 vocabulis
3581 3539 3743 3596 homi-

2185 3643 2336 3690 num,
2373 3629 2780 3697 superstitiosos
2812 3631 3082 3698 quosdam
3110 3631 3338 3691 ordines
3383 3619 3468 3690 vel
3516 3634 3743 3690 instituta

2185 3724 2510 3778 sectantium
2561 3724 2703 3794 apud
2764 3723 2998 3791 Turcos,
3041 3742 3205 3798 quam
3283 3728 3401 3786 tieri
3445 3727 3746 3784 brevissime

2187 3818 2404 3887 poterit,
2442 3817 2849 3887 explicandum.

2187 3930 2308 3985 171.
2348 3929 2573 4007 ordines
2628 3933 3007 4007 monachorum
3063 3951 3154 4007 seu
3219 3939 3589 4007 religiosorum
3631 3951 3747 4003 quo-

2256 4001 2497 4070 rumdam
2558 4006 2695 4070 apud
2748 4003 2998 4069 Turcos;
3049 4001 3359 4069 Dereislar',
3398 4001 3747 4064 Colendcrlar.

2261 4069 2664 4142 IInggiemallar
2735 4073 3052 4138 Torlaclar;
3094 4079 3605 4133 Mnchemetesbassa
3665 4077 3750 4131 Ve-

2259 4143 2548 4218 girazemer
2572 4160 2604 4196 ιι
2635 4145 2934 4199 Dervislaro
2983 4147 3192 4217 publice
3248 4150 3598 4218 confoditur;
3635 4148 3745 4217 quid

2262 4210 2445 4267 Turcis
2480 4214 2761 4269 Divamun.

2261 4328 2466 4385 Nomen
2511 4331 2908 4400 Dervisiurum,
2965 4350 3108 4404 quos
3164 4337 3268 4407 ipsi
3302 4353 3534 4395 numero
3583 4334 3746 4391 multi-

470 4461 476 4466 -
509 4426 924 4499 Matthiae'regis,
948 4427 1520 4493 Turcorumterroris,
1550 4431 1885 4484 subinitium
1929 4430 2078 4498 regni
2118 4452 2166 4512 ι)
2196 4425 2400 4480 tudinis
2429 4425 2704 4482 Dervislar
2733 4429 3028 4498 appellant,
3060 4444 3125 4483 ex
3159 4430 3264 4483 hac
3301 4432 3420 4499 ipsa
3457 4431 3750 4487 narratione

513 4522 790 4588 Vladislai,
831 4539 978 4578 anno
1033 4523 1350 4579 Christiano
1412 4525 1571 4579 “9‘2.
1629 4527 1702 4579 De
1758 4523 2083 4593 Scopiorum

509 4617 641 4669 urbe
672 4615 921 4670 nonnihil
975 4617 1256 4685 attigimus
1313 4631 1504 4685 supra,
1575 4625 1828 4683 notarum
1901 4616 2082 4685 capite

515 4708 637 4762 101.
661 4707 820 4762 Videt
848 4716 1026 4761 autem
1065 4709 1232 4762 lector
1251 4724 1314 4763 ex
1350 4707 1452 4764 hoc
1481 4708 1599 4778 ipso
1624 4708 1915 4762 Annalium
1943 4708 2082 4774 loco,

510 4810 656 4855 recte
687 4814 770 4853 me
801 4800 1099 4863 monuisse,
1129 4801 1371 4873 diversas
1402 4816 1523 4856 esse
1553 4816 1710 4856 voces
1734 4802 2086 4871 oppidorum,

513 4893 771 4963 Sophiatn
790 4900 842 4945 et
866 4891 1079 4962 Scopia.
1106 4891 1238 4946 Nam
1261 4894 1406 4964 prior
1422 4894 1510 4950 hic
1529 4893 1728 4964 Sophia
1747 4896 2083 4960 nominatur,

510 4985 678 5040 altera
717 4999 867 5038 more
895 4982 1197 5039 'l‘urcnrum
1229 4984 1486 5052 Uscopia.
1548 4969 1739 5040 Solent
1771 4989 1919 5041 enim
1982 5003 2082 5042 vo-

513 5074 724 5128 cabulis
757 5087 784 5126 ιι
805 5075 1021 5142 gemina
1063 5086 1406 5130 consonante
1452 5076 1845 5146 incipientibus
1876 5095 2089 5150 praepo-

513 5183 644 5222 nere
686 5169 766 5222 vel
803 5163 820 5218 l
859 5168 937 5221 Vel
975 5165 1017 5220 Υ
1053 5163 1342 5234 Gallicum,
1412 5179 1470 5223 ut
1505 5170 1634 5225 alibi
1660 5188 1884 5244 quoque
1933 5183 2088 5227 nota-

512 5262 710 5316 vimus.
740 5261 1010 5314 Laonicus
1042 5262 1235 5331 Scopia
1270 5263 1502 5316 collocat.
1533 5263 1585 5315 in
1622 5263 1959 5325 Macedonia,
1993 5265 2077 5316 1⁸3-

515 5354 700 5424 eitque
731 5354 1117 5423 regi-amprisei
1139 5355 1287 5423 regni
1309 5353 1603 5424 Bulgarici,
1638 5356 1789 5425 quod
1823 5357 1874 5408 in
1910 5356 2086 5425 ipsam

520 5446 822 5513 pertinebat
850 5446 955 5499 late
979 5445 1350 5501 Macedoniam
1388 5454 1442 5500 et
1508 5448 1732 5517 Epirum
1775 5465 1789 5502 :
1855 5447 2089 5519 ideoque

515 5537 784 5594 Cedrinus
815 5540 975 5592 etiam
1011 5537 1211 5608 Scupia
1275 5539 1673 5609 (reponendum
1715 5539 1934 5609 Sc0pia)
1972 5556 2090 5594 me-

503 5632 770 5698 ‘tropolim
807 5629 1070 5698 Bulgaria:
1101 5633 1368 5688 nominat.
1409 5634 1655 5687 Disertus
1686 5633 1960 5702 interpres
1995 5634 2093 5686 ali-

515 5732 649 5794 quot
673 5723 1058 5778 historicorum
1086 5723 1308 5780 Gt'azcite
1357 5729 1678 5793 recentium,
1709 5725 2082 5796 Hieronymus

2193 4526 2510 4573 nostrorum
2538 4519 2821 4574 annalium
2886 4521 3220 4591 perspicitur
3256 4537 3384 4578 esse
3422 4522 3575 4589 quasi
3600 4534 3749 4592 gene-

2195 4612 2350 4666 rale:
2389 4612 2537 4681 quod
2569 4612 2784 4667 scilicet
2831 4613 3057 4668 Ordines
3085 4624 3140 4669 et
3173 4625 3340 4670 sectae
3382 4615 3748 4684 religiosorum

2193 4713 2408 4759 caetera:
2432 4706 2994 4774 comprehendantur,
3027 4707 3170 4763 sicut
3205 4711 3346 4778 apud
3380 4724 3483 4764 nos
3524 4709 3575 4763 in
3599 4721 3750 4778 gene-

2193 4812 2250 4850 re
2288 4797 2540 4852 monachi
2568 4797 2847 4860 dicuntur,
2885 4801 2976 4867 qui
3011 4809 3191 4853 tamen
3229 4801 3369 4854 inter
3400 4817 3461 4856 se
3529 4797 3746 4855 diversis

2193 4891 2439 4945 instincti
2473 4899 2602 4947 sunt
2651 4891 2958 4948 ordinibus.
3030 4894 3236 4948 Vocant
3293 4907 3478 4948 autem
3527 4889 3747 4945 Annales

2193 4984 2336 5037 hunc
2371 4984 2530 5038 initio
2561 4983 2895 5050 Dcrvisium,
2933 4984 3224 5056 statimque
3286 4986 3612 5054 subjiciunt,
3641 4995 3750 5035 cum

2195 5075 2362 5131 luisse
2399 5085 2728 5131 sectatorem
2771 5078 3003 5132 instituti
3028 5079 3107 5132 vel
3128 5078 3337 5133 ordinis
3376 5079 3750 5134 Calenderuuh

2193 5178 2246 5224 et
2272 5168 2524 5232 auribus,
2564 5169 2726 5233 collo,
2752 5169 2992 5224 brachiis
3023 5185 3294 5240 appensos
3363 5181 3609 5238 gestasse
3659 5164 3752 5217 ler-

2197 5277 2318 5314 reos
2351 5261 2604 5314 annulos.
2643 5260 2694 5314 ld
2726 5262 2779 5314 in
2827 5277 2978 5316 more
3011 5261 3376 5317 Caleuderum
3411 5259 3588 5317 ordini
3641 5265 3751 5309 esse

2194 5369 2318 5406 mox
2350 5353 2652 5421 apparebit.
2681 5353 2782 5417 Qui
2817 5368 2945 5405 vero
2969 5354 3304 5423 caeteroquin
3371 5355 3515 5422 apud
3559 5351 3753 5403 Turcos

2194 5447 2474 5501 Dcrvislar
2498 5447 2866 5515 appellantur,
2906 5446 3086 5500 nullos
3132 5447 3188 5500 in
3223 5446 3408 5515 capite
3439 5447 3596 5515 pilos,
3642 5439 3754 5494 nul-

2196 5541 2274 5595 las
2295 5556 2480 5596 comas
2513 5542 2736 5605 habent,
2774 5541 2977 5612 ubique
3025 5540 3188 5597 tanti.
3223 5542 3654 5612 Conspiriumur
3705 5534 3751 5584 in

2191 5648 2380 5687 eorum
2446 5631 2721 5686 frontibus
2778 5639 2830 5686 et
2929 5643 3268 5704 tempora-rs
3327 5632 3618 5691 causeria,
3675 5623 3749 5674 τοι

2193 5726 2364 5797 ignito
2391 5725 2555 5790 ferro,
2590 5727 2676 5781 vel
2707 5741 2935 5782 accensa
2965 5727 3139 5799 spong’
3165 5741 3209 5792 ς,
3243 5724 3328 5784 vel
3394 5727 3534 5782 Lnea
3587 5717 3742 5777 fascia
