4048 6208
379 249 484 309 843
1513 262 1916 325 PANDECTE
1955 267 2160 332 HlST.
2194 269 2505 333 TURCIC.
3537 280 3644 345 846

374 362 630 428 quadam,
661 364 861 420 inusta.
914 366 1093 422 Aures
1160 367 1452 438 perforata!
1526 385 1678 438 sunt,
1741 378 1942 445 quibus
1976 390 2020 442 Α
2051 390 2262 447 notant,
2296 398 2423 438 eum
2459 386 2528 440 iis
2563 401 2683 454 quae
2721 387 2854 457 ipsis
2893 391 2943 444 iu
2973 392 3268 450 itineribus
3308 409 3636 453 occurrunt.

369 451 648 522 jaspiduut
685 463 900 523 gestant
948 458 1227 525 enotidas,
1263 469 1319 517 et
1353 465 1590 521 annulos
1655 482 1790 522 sane
1843 485 1950 522 non

373 557 590 611 parvos.
619 547 894 613 Atnictus,
940 551 1117 605 ovillze
1152 554 1234 606 vel
1267 555 1508 625 caprinae
1536 559 1734 626 pelles,
1758 560 1845 614 his
1877 562 1952 614 ita

371 650 572 707 corpus
605 639 856 709 cingunt,
892 651 950 696 ut
979 644 1135 712 pellis
1165 661 1269 699 una
1299 657 1510 716 partem
1539 652 1847 721 antiquam,
1871 653 1952 706 al-

373 737 484 781 tera
514 731 777 798 posticam
805 741 972 803 tegat,
997 743 1192 792 ctetera
1213 740 1346 794 nttdi
1387 755 1536 810 sunt,
1563 754 1671 798 tam
1729 747 1946 813 aestivo,

372 835 530 889 quant
567 821 795 878 hiberno
829 836 1093 895 tempore.
1126 828 1339 885 Passim
1371 834 1426 887 in
1455 836 1793 891 suburbanis
1815 849 1868 892 et
1895 841 1946 893 in

371 913 523 981 pagis
554 914 824 968 habitant.
856 915 1052 974 Ventis
1101 931 1155 976 et
1185 924 1391 979 atstivis
1443 928 1725 983 mensibus
1749 945 1946 999 perva-

369 1014 564 1071 gantur
600 1008 823 1076 quasvis
893 1012 1170 1082 regiones,
1237 1030 1303 1070 ac
1355 1026 1624 1087 praetextu
1670 1021 1947 1090 religiosae

371 1096 491 1149 vitae
522 1105 838 1167 perpetrant
871 1100 1083 1158 inlinita
1111 1104 1338 1176 flagitia.
1390 1106 1568 1165 Fures
1604 1123 1756 1176 sunt,
1789 1114 1945 1168 adul—

371 1191 834 1260 teri,praedones,
881 1195 1200 1263 latrunculi,
1258 1215 1356 1256 nec
1420 1203 1616 1257 horum
1671 1205 1939 1261 scelerum

367 1280 477 1332 ulla
507 1282 787 1350 tangiteos
807 1289 1166 1343 conscientia.
1194 1289 1344 1358 Quas
1377 1293 1598 1363 quidem
1637 1296 1706 1351 ob
1739 1312 1939 1353 causas

363 1371 665 1423 cavendum
699 1375 766 1425 ab
800 1377 880 1430 eis
917 1381 1222 1444 praesertim
1263 1383 1318 1435 in
1359 1383 1678 1441 itineribus.
1724 1387 1939 1460 Quippe

363 1459 572 1511 neiuini
611 1474 867 1530 parcunt,
898 1467 1378 1537 cujuscujusmodi
1404 1478 1618 1531 tandem
1651 1480 1724 1532 sit
1757 1486 1936 1536 natio-

363 1549 449 1601 nis
472 1561 565 1602 aut
600 1553 898 1622 religionis,
923 1559 968 1611 si
1031 1563 1338 1630 Superiores
1368 1581 1426 1619 se
1459 1567 1578 1622 fore
1632 1571 1932 1628 confidant.

361 1639 631 1696 Pratterea
668 1657 796 1700 sunt
828 1649 1056 1706 infames
1085 1669 1184 1707 ceu
1230 1655 1721 1729 ftedipaedicones,
1757 1681 1932 1734 eoque

359 1730 563 1802 ﬂagitio
604 1750 662 1788 se
686 1746 876 1792 mutuo
940 1742 1209 1809 polluunt,
1243 1750 1555 1829 ne'quidem
1583 1766 1616 1805 a
1659 1730 1930 1822 jumetitis
1964 1737 2006 1791 Β

357 1827 715 1882 abstinentes.
755 1830 1046 1900 Nequitias
1075 1846 1132 1889 ut
1160 1853 1291 1894 suas
1320 1827 1326 1829 ﬁ
1353 1851 1558 1912 tegant,
1589 1860 1655 1899 ac
1697 1850 1935 1904 sanctio-

358 1930 444 1968 res
472 1916 780 1985 vitleantur,
809 1925 1054 1981 tuaslaco
1087 1940 1140 1982 et
1203 1931 1363 2000 oppio
1420 1946 1740 1994 vescuntur.
1797 1939 1935 1995 Hine

355 2006 506 2058 enim
542 2011 700 2076 quasi
733 2013 1042 2080 phrenetici
1077 2019 1400 2088 redduntur,
1434 2025 1590 2094 isque
1619 2029 1744 2081 dum
1779 2035 1937 2086 durat

356 2096 533 2164 furor,
576 2101 794 2170 ipsimet
824 2108 908 2160 vel
943 2109 1151 2177 forfice,
1192 2115 1272 2166 vel
1307 2117 1532 2170 cultello
1561 2135 1621 2175 se
1646 2122 1937 2180 vulnerant

357 2192 412 2242 iu
446 2191 612 2267 collo,
646 2207 890 2264 pectore,
923 2201 1181 2268 brachiis,
1201 2204 1487 2275 lateribus,
1521 2211 1695 2269 donec
1754 2216 1938 2272 vulne-

355 2281 509 2336 ribus
527 2293 787 2342 etcruore
814 2291 1105 2348 deformati
1139 2300 1578 2367 conspiciantur.
1609 2304 1704 2360 llis
1737 2306 1936 2362 deinde

355 2377 672 2434 vulneribus
701 2384 910 2438 tamdiu
966 2389 1252 2459 spongiam
1284 2407 1573 2450 accensam
1607 2399 1895 2467 imponunt
1921 2443 1936 2466 ,

355 2467 528 2522 donec
547 2469 603 2524 in
625 2472 838 2529 cineres
864 2479 1083 2534 redacta
1103 2486 1321 2539 tandem
1347 2492 1755 2558 exstinguntur.
1800 2491 1934 2548 Eum

353 2559 602 2616 dolerent
634 2565 904 2634 patienter
939 2586 998 2626 se
1041 2574 1278 2632 tolerare
1339 2579 1623 2636 simulant.
1662 2583 1801 2640 lliue
1827 2587 1936 2644 illis

351 2661 409 2705 et
441 2655 659 2711 houosa
682 2660 998 2719 demeutato
1029 2670 1211 2738 vulgo,
1243 2681 1298 2726 et
1326 2675 1606 2732 veneratio
1656 2694 1768 2734 non
1801 2679 1938 2759 levis

349 2750 661 2818 exhibetur,
695 2756 839 2823 quod
880 2756 990 2813 Deo
1039 2761 1194 2817 cbari
1251 2765 1686 2826 existimentur:
1734 2773 1862 2828 hinc
1884 2755 1938 2830 et

350 2835 616 2908 largiores
650 2843 1030 2918 eleemosynas
1061 2853 1378 2923 impetrant,
1402 2872 1432 2912 e
1454 2859 1656 2927 quibus
1687 2864 1936 2922 victitare

349 2930 556 2988 solent.
586 2932 802 2992 Habent
835 2939 890 2992 in
925 2941 1179 2999 Anatolia
1238 2949 1536 3017 quemdam
1585 2955 1800 3011 ordinis
1847 2960 1934 3013 sui

346 3021 591 3091 priorem
617 3027 730 3084 sive
775 3032 1086 3100 prtesidem,
1143 3052 1308 3107 quem
1358 3056 1468 3095 non
1522 3043 1719 3100 Assam
1769 3048 1934 3112 baba,

348 3117 516 3170 sicuti
547 3115 858 3179 Nicolaides
891 3127 1134 3196 scripsit,
1157 3133 1252 3184 sed
1271 3132 1432 3187 Azem
1453 3134 1593 3191 baba
1611 3140 1927 3195 nominant:

347 3223 484 3263 voce
512 3224 618 3264 non
640 3216 856 3284 proprie
878 3226 1088 3286 patrem
1115 3236 1333 3290 patrum
1388 3228 1757 3298 significante,
1834 3234 1929 3288 sed

344 3312 556 3374 patrem
607 3295 944 3376 Supreiuum,
1006 3315 1089 3368 vel
1137 3315 1526 3390 Protopapam,
1597 3333 1656 3378 ut
1711 3325 1932 3382 Gratcos

346 3399 681 3467 appellasse,
716 3403 782 3457 de
815 3403 1052 3462 Cedrino
1080 3420 1232 3477 paret
1258 3427 1274 3468 :
1300 3413 1442 3466 unde
1471 3413 1774 3471 Moschovii
1794 3434 1929 3475 suos

344 3493 512 3545 etiam
553 3491 928 3566 ProtopOppos
944 3499 1214 3558 fecerunt.
1247 3504 1313 3560 Et
1338 3506 1582 3565 imitatos
1611 3525 1735 3566 esse
1790 3511 1929 3568 Tur-

345 3597 442 3636 cos
471 3582 787 3640 (irascor-um
813 3590 1037 3645 Otditlcs
1087 3593 1519 3666 ecclesiasticos,
1559 3602 1930 3675 ordinumque

343 3678 572 3748 gradus,
605 3681 739 3738 satis
769 3693 993 3754 apparet
1016 3699 1080 3740 ex
1113 3687 1179 3742 iis
1209 3704 1332 3759 qua:
1365 3695 1544 3762 capite
1579 3694 1650 3750 54
1677 3699 1932 3768 exposui-

343 3783 488 3826 mus.

419 3863 749 3924 Calenderes
797 3873 1146 3930 continentiae
1185 3879 1516 3950 praecipuam
1577 3884 1683 3940 sibi
1709 3887 1924 3944 laudem

344 3958 646 4023 vindicant.
677 3964 945 4034 insignem
983 3984 1094 4036 prae
1123 3986 1184 4026 se
1215 3972 1453 4030 ferentes
1473 3980 1921 4040 sanctimoniam.

344 4051 558 4106 Sacella
585 4059 832 4124 quaedam
869 4061 1490 4122 inhabitautadmodutn
1522 4071 1742 4141 exigua.
1811 4075 1926 4129 Τυ-

343 4148 503 4200 nicas
533 4161 746 4217 gestant
783 4165 1002 4211 strictas
1027 4170 1080 4211 et
1143 4173 1350 4225 curtas,
1411 4165 1619 4232 absque
1667 4168 1922 4232 manicis,

341 4237 519 4304 instar
547 4257 833 4296 saccorum
855 4285 869 4309 ,
900 4257 1010 4299 tum
1039 4263 1070 4302 e
1099 4252 1245 4314 lana,
1310 4265 1421 4306 tum
1473 4256 1597 4324 pilis
1653 4271 1922 4326 equorum

340 4339 653 4384 contextae.
683 4333 872 4394 Crines
906 4341 1126 4405 penitus
1158 4343 1452 4398 abradunt.
1511 4344 1644 4401 Pilei
1691 4358 1820 4404 sunt
1853 4364 1922 4406 ex

338 4426 656 4489 alboliltto,
687 4429 902 4484 similes
943 4433 1010 4486 iis
1043 4449 1183 4502 quos
1233 4435 1544 4494 Graecorum
1603 4443 1920 4498 sacerdotes

339 4526 396 4565 et
433 4516 680 4585 episcopi
717 4520 904 4588 nigros
935 4530 988 4574 et
1025 4523 1166 4578 latos
1187 4524 1486 4580 admodum
1524 4540 1743 4598 gestant
1770 4548 1783 4584 :
1812 4532 1918 4588 nisi

338 4607 488 4673 quod
514 4608 629 4662 oris
648 4607 789 4662 allixi
821 4611 1129 4680 dependent
1170 4616 1409 4686 undique
1454 4619 1784 4689 longiusculi
1809 4626 1924 4678 cri-

340 4714 441 4751 nes
463 4701 669 4766 equini.
694 4700 925 4759 Ferreus
951 4710 1090 4762 satis
1125 4723 1348 4764 crassos
1383 4716 1622 4772 annulus
1663 4719 1916 4782 aut-ilius,

339 4790 505 4854 collo,
543 4792 780 4847 brachiis
811 4805 1048 4863 gestant.
1074 4797 1251 4852 Etiam
1281 4804 1396 4854 cuti
1437 4804 1590 4868 penis
1626 4805 1920 4874 perforata:

343 4884 555 4939 fcrreus
576 4889 657 4940 vel
688 4903 863 4944 aereus
891 4893 1128 4949 annulus
1165 4893 1451 4961 inseritur,
1489 4912 1560 4950 ne
1599 4900 1770 4964 coire,
1836 4901 1920 4956 vel

337 4974 389 5029 si
410 4979 777 5047 maximopere
793 4983 1030 5051 cupiant,
1055 4996 1288 5052 possmt.
1317 4988 1500 5055 Atque
1528 4989 1631 5042 hoc
1662 4991 1916 5043 ullitnum

337 5073 394 5124 in
429 5087 537 5126 uno
569 5083 783 5128 tantum
815 5077 1114 5132 (Lalendere
1138 5080 1341 5134 vidisse
1375 5096 1473 5134 nos
1517 5083 1800 5145 recordor,
1827 5085 1917 5152 qtti

333 5163 558 5230 Sopithe
597 5177 819 5236 praptcr
842 5173 1153 5236 imaretum,
1191 5172 1246 5226 in
1279 5187 1417 5238 quos
1448 5189 1549 5227 nos
1575 5177 1642 5230 ad
1691 5177 1916 5231 biduum

337 5257 904 5326 luerebatnus,unant
965 5281 1031 5318 ex
1090 5266 1337 5333 pluribus
1388 5269 1647 5322 cellulam
1707 5273 1918 5326 incole-

341 5356 453 5407 bat.

412 5447 798 5517 l'lttggiemales
844 5451 1092 5522 plerique
1140 5453 1394 5523 juvenes,
1422 5459 1656 5523 robusti,
1686 5458 1916 5526 divites,

335 5539 929 5616 Africatn,1Egyptuttt,
945 5546 980 5597 Α
994 5562 1047 5598 ra
1058 5547 1222 5621 biant,
1244 5548 1510 5614 Persiani,
1524 5551 1780 5605 ’l‘urcium
1801 5569 1919 5606 om-

337 5649 458 5687 nem
490 5635 668 5688 alieuo
708 5647 950 5706 sumptu,
981 5639 1083 5692 sub
1112 5651 1375 5706 praetextu
1413 5642 1694 5710 religionis
1731 5659 1921 5713 perva-

336 5739 536 5794 gantur
571 5744 585 5780 :
623 5729 906 5798 regionum
952 5742 1004 5786 et
1050 5735 1266 5788 urbium
1317 5734 1457 5790 situs
1517 5743 1571 5789 et
1631 5738 1915 5794 intervalla

2057 474 2326 540 Aniictus,
2343 478 2533 533 stricta
2554 481 2828 549 quaedam,
2851 498 3025 552 usque
3047 485 3114 538 ad
3133 501 3312 556 genua
3333 489 3636 556 pertinens,

2058 567 2324 622 tunicula.
2357 567 2502 623 Zona
2541 571 2646 626 lata
2684 573 3005 644 cinguntur,
3033 577 3194 645 cujus
3252 595 3379 636 oras
3421 597 3558 636 auro
3585 595 3641 636 et

2055 658 2237 713 serico
2255 673 2543 717 exornant.
2566 664 2754 720 Eidem
2777 667 3008 722 cimbala
3025 670 3273 738 quaedam
3297 675 3638 743 appendttnt,

2056 750 2368 817 cujusmodi
2409 762 2465 808 et
2494 755 2686 809 subter
2717 773 2894 827 genua
2926 771 3144 830 gestant
3174 765 3422 835 alligata.
3457 767 3634 838 Supra

2055 843 2358 897 tuniculam
2414 847 2497 900 vel
2564 847 2742 904 leonis
2796 851 2880 906 vel
2950 854 3189 921 pardalis
3249 859 3445 926 pellem
3509 863 3636 930 inji-

2054 934 2229 998 ciunt,
2261 935 2482 1004 ungulis
2511 937 2579 992 ab
2618 942 2846 1008 antiqua
2877 957 3030 1011 pare
3059 947 3368 1017 colligatam
3397 967 3412 1004 :
3437 960 3632 1007 caetera

2053 1024 2184 1077 nudi
2224 1036 2374 1090 sunt,
2399 1027 2508 1082 nisi
2533 1031 2679 1098 quod
2711 1034 2877 1086 etiam
2904 1036 3120 1090 calceos
3175 1038 3438 1095 funiculis
3499 1058 3634 1098 con-

2051 1115 2276 1171 strictos
2309 1119 2558 1188 gestant.
2590 1122 2820 1180 fuaures
2850 1137 3124 1196 argenteae
3154 1140 3305 1200 sunt,
3333 1137 3413 1190 vel
3453 1152 3628 1216 aerea,

2049 1209 2132 1264 vel
2166 1211 2274 1265 alio
2301 1213 2500 1282 quovis
2531 1231 2594 1271 ex
2646 1219 2892 1276 metallo.
2957 1220 3203 1292 Capillos
3259 1228 3313 1284 in
3369 1209 3632 1287 humeros

2050 1317 2229 1370 usque
2265 1307 2622 1374 promittunt,
2652 1320 2707 1364 et
2737 1312 2875 1368 oleis
2907 1316 3264 1384 quibusdam.
3300 1330 3358 1376 ut
3393 1325 3632 1380 terebin-

2046 1393 2228 1459 thino,
2256 1407 2312 1451 ut
2347 1396 2692 1469 juuiperino,
2723 1403 2888 1476 5.63
2923 1422 3234 1481 perungunt
3270 1429 3424 1484 :quo
3460 1421 3632 1488 magis

2045 1489 2259 1544 scilicet
2288 1505 2565 1550 crescant.
2600 1495 2764 1554 Manu
2805 1503 3007 1558 librum
3069 1516 3286 1564 tenent.
3315 1513 3632 1568 Atnatorias

2043 1584 2305 1652 quasdam
2323 1590 2696 1660 edas,quihus
2714 1598 2945 1656 mirifice
2965 1601 3155 1672 Turci,
3198 1605 3454 1674 Arabica,
3500 1609 3633 1666 Per.

2040 1677 2150 1730 sica
2168 1692 2264 1731 sua
2288 1679 2471 1748 lingua
2503 1689 2819 1756 compositis
2851 1692 3211 1763 delectantur,
3234 1699 3540 1758 cantillant.
3571 1704 3632 1770 Si

2045 1781 2310 1827 venustus
2337 1775 2538 1842 aliquis
2574 1793 2710 1847 puer
2735 1796 3016 1859 occurrat,
3045 1789 3284 1845 medium
3337 1810 3461 1850 mox
3509 1812 3628 1851 antu

2044 1859 2380 1928 plectuntur,
2415 1871 2691 1925 cantando
2721 1876 3090 1948 saltandoque
3109 1885 3358 1952 cymbala
3381 1891 3624 1957 pulsant.

2041 1953 2183 2008 llinc
2212 1973 2522 2016 concursus
2560 1964 2894 2023 h’ouiinuma
2924 1972 3128 2039 quibus
3177 1953 3394 2036 deinde
3427 1997 3628 2040 munu-

2043 2046 2257 2100 sculum
2303 2048 2528 2118 aliquod
2561 2063 2774 2122 petunt.
2817 2057 2883 2112 lli
2925 2077 3148 2131 quoque
3207 2077 3470 2136 praetextu
3498 2077 3628 2130 reli-

2043 2139 2221 2207 gionis
2250 2157 2359 2196 non
2385 2142 2649 2201 femineos
2684 2149 2970 2221 duntaxat,
3007 2156 3100 2210 sed
3124 2159 3300 2230 magis
3321 2165 3492 2218 etiam
3516 2183 3628 2222 ma-

2043 2231 2230 2286 sculos
2261 2247 2476 2290 amores
2505 2250 2896 2297 consectantur
2926 2260 2942 2298 :
2993 2247 3191 2316 quibus
3223 2265 3357 2309 sane
3423 2271 3625 2326 spurca

2043 2338 2177 2392 gens
2209 2325 2438 2381 nimium
2472 2341 2736 2399 quantum
2769 2345 2853 2392 est
2884 2340 3092 2397 dedita.

2117 2413 2376 2472 Torlaces
2405 2422 2590 2476 ovillis
2627 2427 2982 2499 caprinisque
3011 2436 3264 2507 pellibus,
3301 2447 3530 2514 perinde
3561 2465 3625 2505 ac

2044 2503 2272 2562 det-visii
2305 2525 2362 2564 se
2391 2514 2648 2572 vestiunt.
2680 2516 2778 2573 His
2831 2527 3100 2605 ursinam,
3125 2533 3249 2602 pilis
3279 2539 3623 2599 extrinsecus

2044 2597 2238 2661 versis,
2303 2602 2573 2671 unguibus
2629 2609 2698 2662 ad
2752 2624 2943 2680 pectus
2965 2597 3274 2690 colli'gatam
3334 2629 3622 2700 injiciuut;

2045 2703 2216 2758 caque
2250 2693 2401 2761 pallii
2434 2694 2554 2750 loco
2587 2711 2763 2757 semet
2793 2704 3100 2768 involvunt.
3133 2693 3456 2778 Acumina-tu
3483 2727 3624 2794 pileo

2043 2783 2307 2851 praealto,
2372 2787 2557 2856 plures
2614 2793 2850 2854 habente
2914 2802 3109 2871 plicas,
3171 2827 3238 2868 ex
3299 2815 3425 2872 albo
3456 2783 3621 2887 ii-ltro,

2046 2882 2307 2942 utuntur;
2342 2889 2539 2936 caetera
2565 2886 2696 2940 nttdi
2723 2903 2956 2958 prorsus
3006 2896 3286 2961 incedunt.
3340 2882 3618 2970 Adhibent

2046 2973 2100 3018 et
2137 2966 2236 3036 ipsi
2273 2975 2606 3041 temporibus
2635 2985 2904 3039 cauteria.
2953 2987 3284 3053 Litterarum
3337 3003 3499 3072 plane
3530 3023 3620 3062 ru-

2044 3056 2140 3112 des
2176 3070 2322 3116 sunt.
2359 3062 2689 3138 Plerumque
2733 3077 3159 3147 conspiciuntur
3211 3090 3280 3144 ad
3338 3056 3619 3163 hibernas,

2039 3146 2156 3203 fora
2187 3153 2428 3221 publica,
2463 3158 2678 3216 balinea
2709 3179 2724 3216 :
2753 3146 2958 3235 quibus
2994 3176 3207 3234 scilicet
3263 3183 3399 3242 locis
3463 3146 3620 3249 multi

2036 3243 2392 3307 conveniunt.
2421 3263 2450 3300 a
2486 3251 2687 3319 quibus
2728 3255 2938 3326 aliquid
2977 3273 3166 3330 petere
3222 3276 3455 3338 possint.

2037 3332 2255 3387 niebant
2293 3337 2359 3389 ad
2385 3353 2485 3394 nos
2518 3342 3044 3422 Constantinopolim
3083 3373 3147 3412 ex
3204 3332 3460 3437 Ᾱῑεγριο,

2037 3425 2322 3484 bastianus
2379 3432 2449 3486 ab
2483 3433 2807 3512 Haunsperg
2861 3457 2916 3500 et
2955 3446 3248 3512 Joanncsa
3278 3425 3614 3534 galeas—to,

2037 3516 2140 3572 viri
2173 3520 2410 3579 nobiles.
2475 3524 2684 3584 Horum
2719 3534 2856 3590 alter
2909 3539 3250 3613 Salagastius
3292 3516 3616 3614 nubi;

2035 3609 2190 3666 rabat
2221 3613 2583 3685 Alexandriae,
2624 3639 2754 3680 cum
2788 3629 2910 3687 istic
2949 3633 3066 3704 ipse
3125 3642 3364 3713 (legeret,
3415 3650 3609 3723 hujus-

2035 3706 2176 3759 modi
2208 3713 2496 3776 quemdam
2529 3727 2780 3776 sanctum
2808 3725 2985 3782 virum
3031 3735 3289 3801 opinione
3326 3706 3609 3803 Mahuine-

2033 3806 2305 3864 tanorum,
2337 3818 2459 3857 cum
2493 3823 2604 3875 prae
2628 3810 2835 3872 foribus
2891 3821 3071 3877 balnei
3144 3831 3427 3889 muliebris
3457 3848 3611 3896 stans

2032 3901 2374 3951 exeunteme
2424 3899 2639 3957 balineo
2689 3904 2946 3965 feminam
2999 3921 3291 3984 quamdam
3349 3935 3610 3988 attentius

2035 3987 2270 4044 intuitus
2297 4004 2441 4047 esset
2474 4016 2486 4050 :
2525 3999 2577 4051 in
2609 4015 2730 4054 eam
2764 4004 2950 4062 furore
2985 4016 3143 4080 quasi
3195 4023 3428 4086 quodam
3486 4043 3610 4083 cor-

2032 4090 2244 4146 reptutn
2283 4083 2576 4161 involasse,
2635 4108 2699 4146 ac
2755 4102 3003 4163 protinus
3046 4104 3198 4161 humi
3255 4129 3352 4179 pro
3387 4125 3607 4188 tralatu,

2030 4185 2132 4224 nec
2165 4173 2459 4230 admodum
2496 4181 2727 4239 fortasse
2761 4204 3175 4261 repugnantem,
3208 4203 3258 4254 in
3289 4212 3466 4264 oculis
3493 4230 3609 4265 om-

2029 4269 2178 4318 nium
2207 4273 2630 4339 compressisse.
2672 4277 2926 4336 Maritum
2997 4305 3061 4342 eo
3090 4291 3232 4347 facto
3274 4313 3330 4350 se
3390 4303 3603 4358 leatum

2028 4357 2270 4424 duxisse,
2327 4367 2470 4432 quod
2507 4369 2586 4422 vir
2651 4382 2896 4442 sanctus,
2947 4377 3183 4446 impulsu
3231 4387 3435 4456 divino,
3495 4411 3606 4463 pne

1950 4455 2000 4513 υ
2030 4449 2151 4506 aliis
2205 4468 2328 4507 cum
2356 4473 2523 4511 uxore
2544 4477 2640 4514 sua
2665 4467 2945 4522 coivisset.
2981 4469 3116 4528 Vide
3137 4481 3437 4538 caecitatem
3469 4503 3607 4556 gen-

2031 4544 2118 4609 tis,
2151 4559 2214 4599 ae
2244 4553 2548 4614 praesertim
2576 4554 2977 4626 z’Egyptiorum.
3011 4565 3146 4620 Nam
3178 4572 3306 4628 alihi
3352 4577 3437 4632 vix
3469 4544 3605 4637 Vali-

2027 4635 2155 4702 quid
2213 4637 2488 4706 ejusmodi
2549 4643 2798 4711 factum,
2867 4655 3024 4711 nobis
3086 4659 3197 4716 illic
3257 4635 3603 4738 degentibus,

2031 4732 2300 4796 comperi.
2345 4731 2482 4786 Sunt
2517 4752 2672 4804 mque
2696 4757 2920 4811 rapaces
2961 4749 3012 4801 iu
3055 4753 3341 4811 itineribus
3396 4773 3449 4816 et
3503 4768 3605 4823 viis

2028 4821 2282 4888 publicis,
2310 4842 2373 4880 ac
2396 4829 2664 4888 dervisios
2689 4852 2810 4893 esse
2849 4840 3110 4902 diximus.
3136 4847 3442 4912 Pleheculre
3467 4877 3608 4928 prte-

2026 4917 2211 4967 sertim
2241 4921 2477 4983 rusticae,
2502 4939 2558 4977 se
2582 4929 3006 4988 chirou‘tantices
3041 4955 3240 5006 gnaros
3301 4961 3420 5003 esse
3479 4969 3603 5017 pcr-

2028 5007 2279 5062 suadent.
2342 5010 2480 5067 Hinc
2530 5015 2721 5086 ingens
2790 5022 2856 5076 ad
2933 5027 3267 5098 impostores
3316 5036 3599 5094 hominum

2029 5112 2347 5165 concursus,
2387 5107 2478 5174 qui
2507 5123 2607 5176 pro
2634 5111 2848 5168 vatibus
2890 5132 2982 5171 eos
3041 5120 3260 5186 habent,
3297 5132 3599 5193 prmserlim

2031 5192 2382 5250 tuuliercttlze.
2415 5198 2551 5254 llinc
2583 5203 2648 5255 ad
2670 5217 2761 5256 eos
2793 5208 2972 5262 omnis
3028 5215 3244 5279 generis
3281 5219 3410 5276 eihi.
3473 5209 3598 5276 cum

2026 5281 2147 5337 aliis
2181 5286 2343 5340 rebus
2377 5294 2701 5348 necessariis
2731 5296 3054 5353 afferuntur.
3091 5301 3362 5360 interdum
3413 5326 3598 5366 seruent

2025 5391 2090 5428 ex
2133 5378 2248 5431 suis
2285 5380 2521 5449 aliquem
2554 5387 2980 5443 circumducunt
3011 5409 3170 5461 quem
3205 5414 3339 5464 pene
3401 5403 3602 5462 divinis

2026 5465 2324 5523 honoribus
2362 5472 2703 5529 adoralmndi
2747 5477 3010 5534 afﬁciunt.
3062 5483 3197 5537 Cum
3238 5488 3339 5542 hoc
3394 5496 3474 5547 vel
3507 5511 3604 5570 np-

2024 5557 2234 5624 pidum,
2262 5561 2347 5616 vel
2379 5579 2572 5634 pagum
2636 5569 2869 5636 ingressi
2897 5577 3228 5644 prmcipuutu
3289 5579 3342 5634 in
3379 5575 3599 5653 aliquod

2021 5650 2344 5720 hospitium,
2398 5659 2482 5711 vel
2575 5666 3101 5730 caravansaraium,
3160 5670 3240 5723 vel
3311 5673 3594 5732 imal‘t‘ltltn

2021 5744 2309 5800 (livertttnt
2345 5764 2359 5802 :
2391 5747 2656 5820 illumque
2681 5767 2788 5807 non
2825 5765 2931 5809 tam
2966 5761 3146 5826 annis,
3184 5777 3346 5831 quam
3385 5769 3592 5824 malitia
