4048 6208
465 356 567 423 851

1674 355 2004 419 JOANNIS
2036 357 2507 423 LEUNCLAVII
3611 359 3700 423 852

464 467 555 522 hic
589 465 924 537 Ungaricum
964 464 1173 521 Battum
1198 464 1522 535 generaliter
1558 467 1858 535 appellant,
1912 466 2044 521 Bon-
2075 476 2123 532 Α
2152 468 2385 539 Agareni
2420 477 2474 523 et
2499 464 2832 534 Osmanidm,
2892 476 2954 522 ut
2996 466 3048 521 in
3107 464 3270 521 rebus
3320 465 3383 519 ad
3442 466 3698 535 imperium

469 558 640 611 finius
667 557 906 610 Croatia:
947 555 1330 609 tantummodo
1356 552 1567 609 Banum
1628 556 1798 611 fuisse
1856 557 2046 624 tradit,

468 648 624 719 regni
651 646 905 702 videlicet
935 644 1189 715 Ungariae
1214 661 1385 714 regno
1414 646 1686 716 adjuncti.
1716 648 2048 703 Croatarum

469 756 602 796 vero
632 756 827 794 nomen
865 739 1139 815 hodieque
1172 739 1549 794 notissimum.
1585 740 1733 797 Gens
1763 752 1845 796 est
1880 741 2056 811 perti-

468 849 574 886 nax
600 834 654 885 in
685 832 969 888 retinenda
1004 833 1263 901 religione
1281 848 1378 887 sua
1402 832 1735 888 Christiana.
1758 832 2055 904 Propterea

474 922 671 980 Turcis
699 938 821 979 esse
844 923 1060 979 subdita
1080 939 1202 979 cum
1229 924 1348 994 ejus
1376 923 1687 979 amittenda:
1706 925 1951 993 periculo
1975 942 2061 981 re-

473 1028 696 1081 cusans,
720 1014 786 1068 ad
809 1013 1021 1070 vicinos
1043 1016 1264 1084 migrat,
1282 1030 1641 1087 magnamque
1662 1032 1808 1073 nunc
1822 1017 2058 1073 Austrize

467 1105 828 1174 Moraviaeque
862 1117 1092 1173 partem,
1123 1107 1269 1177 agris
1308 1106 1552 1162 colendis
1581 1106 1765 1162 dedita
1799 1109 2055 1179 complct-

470 1196 745 1255 Cedrinus
774 1197 826 1252 in
861 1195 1063 1252 Basilio
1095 1198 1520 1267 Bulgaroetono,
1540 1200 1842 1254 Chorvatas
1877 1199 2057 1270 appel-

438 1278 588 1344 \laus
625 1307 638 1343 :
676 1288 931 1357 Finitimi
970 1302 1121 1356 sunt,
1149 1290 1350 1360 inquit,
1383 1289 1636 1361 Bulgaris
1659 1290 2058 1345 Chorvatarutn

471 1380 677 1449 populi,
707 1379 848 1449 quod
907 1394 1104 1434 nomen
1157 1380 1424 1443 Chorvat,
1452 1380 1537 1435 vel
1593 1379 1817 1443 llorvat,
1850 1379 2060 1448 aspira-

474 1472 625 1527 tione
656 1473 804 1540 forti,
835 1488 981 1527 nunc
1000 1474 1079 1528 eis
1107 1482 1191 1528 est
1225 1472 1390 1528 etiam
1416 1473 1471 1527 in
1498 1488 1622 1527 usu.
1653 1470 1848 1527 Cazteri
1885 1471 2059 1526 Graeci

473 1563 779 1621 Chrobatas
816 1565 931 1620 sive
958 1565 1263 1620 Chrovatas
1284 1565 1591 1619 nominant.
1616 1564 1681 1621 Et
1702 1563 1903 1619 alicubi
1929 1564 2031 1617 seri

473 1761 560 1806 tas
591 1750 815 1806 eosdem
851 1766 974 1807 esse
1009 1760 1258 1821 respectu
1289 1750 1545 1804 nimirum
1601 1750 1847 1818 ejusdem
1898 1750 2060 1818 origi-

472 1842 627 1899 niset
656 1840 855 1911 linguae
889 1841 1121 1896 Venedze
1149 1879 1164 1903 ,
1198 1854 1359 1909 quam
1393 1838 1447 1892 in
1478 1837 1682 1892 Serviis
1711 1836 2056 1891 demonstra-
2090 1827 2130 1883 Β

471 1936 653 1990 vimus
679 1935 856 2005 capite
884 1934 1161 1990 tricesimo
1191 1935 1407 2003 quinto.
1427 1932 1640 1987 Rursus
1667 1930 1731 1986 ab
1750 1929 2052 1985 Annalibus

474 2029 562 2083 his
589 2027 772 2083 Banus
812 2026 1125 2096 Ungarieus
1153 2029 1320 2081 etiam
1355 2024 1595 2080 Direnzil
1643 2023 1755 2078 Ban
1793 2023 2051 2077 nomina-

475 2131 586 2185 tur,
606 2122 771 2179 veluti
811 2120 988 2176 Drcnz
1012 2119 1112 2175 Cili
1146 2119 1279 2185 Ban,
1320 2118 1427 2173 hoc
1473 2126 1579 2183 est,
1638 2117 1882 2173 Drenzus
1903 2116 2055 2171 (lilia

476 2212 684 2269 Banus.
714 2214 928 2284 Quippe
979 2210 1374 2269 celeberrimus
1433 2210 1585 2266 Ciliae
1638 2210 1935 2265 comitatus
1986 2208 2053 2263 ad

475 2305 710 2360 Croatite
741 2304 1003 2361 Banatum
1044 2305 1348 2375 antiquitus
1406 2303 1731 2374 pertinebat,
1760 2310 1816 2358 et
1871 2300 2048 2356 Bauli-

473 2398 603 2453 nius
626 2410 888 2469 expresse
920 2398 1087 2454 tradit
1114 2399 1335 2454 bassam
1371 2396 1503 2468 (quo
1536 2396 1761 2450 nomine
1789 2392 2052 2462 Jacupem

476 2506 633 2561 agam
662 2490 938 2561 intelligit)
974 2491 1209 2561 primum
1263 2490 1513 2543 omnium
1555 2488 1658 2542 hoc
1694 2486 1836 2542 bello
1890 2484 2056 2539 Cilia-

475 2599 608 2639 num
638 2600 829 2651 agrum
849 2583 1206 2653 pOpulatione
1225 2581 1586 2636 deformasse.
1613 2579 1746 2635 Bani
1769 2576 2055 2649 proprium

477 2692 675 2732 nomen
704 2678 843 2746 apud
876 2692 997 2731 eum
1021 2677 1239 2746 legitur.
1263 2676 1550 2730 Emericus
1580 2673 1924 2735 Drenzcnus,
1947 2671 2057 2722 vir-

478 2768 563 2838 (ut
593 2768 709 2839 ipse
740 2768 964 2836 fatetur)
997 2784 1223 2823 summa
1253 2776 1361 2821 tam
1391 2767 1698 2831 ittdustriur,
1733 2780 1897 2834 quam
1925 2778 2056 2817 con-

483 2861 590 2917 silii
627 2860 757 2924 :qui
791 2859 1053 2915 suffectus
1083 2861 1335 2915 inlocnm
1365 2857 1594 2914 Joannis
1623 2856 1850 2912 Corvini
1898 2855 2054 2909 ducis

484 2966 514 3011 a
547 2950 822 3007 Vladislao
857 2966 984 3023 rege
1014 2950 1211 3006 fuerat.
1242 2951 1464 3017 Habuit,
1504 2959 1732 3004 auctore
1781 2947 2050 3013 Bonﬁnio,

478 3061 662 3101 secum
702 3045 882 3100 Battus
904 3053 1115 3114 septem
1149 3044 1378 3099 militum
1414 3042 1788 3098 tantummodo
1837 3040 2004 3094 millia
2039 3058 2053 3094 :

479 3140 675 3208 reliqui
710 3141 930 3194 rusticae
950 3138 1123 3208 plebis
1149 3136 1464 3199 inconditae,
1494 3151 1592 3190 nec
1626 3135 1793 3188 armis
1823 3140 2057 3188 assuetae

480 3232 798 3289 cohortibus
826 3232 1176 3289 constabant.
1219 3228 1434 3285 Accidit
1474 3228 1620 3281 aliud
1645 3226 1809 3281 etiam
1852 3224 2057 3279 malum

481 3325 625 3395 quod
651 3324 967 3379 Drenzenus
996 3335 1186 3377 contra
1212 3322 1544 3376 sententiam
1578 3320 1745 3373 animi
1806 3318 1890 3373 sui
1931 3332 2060 3371 coa-

481 3425 605 3472 ctus
633 3433 662 3471 a
692 3415 1031 3473 Brrnardino
1049 3413 1429 3483 Frangepano,
1449 3412 1742 3483 pugnavit:
1769 3411 1863 3483 qui
1882 3421 2061 3465 tamen

482 3526 513 3564 θ
545 3511 734 3581 przelio
761 3510 887 3580 fuga
920 3526 977 3564 se
1016 3510 1303 3564 subduxit.
1336 3507 1461 3565 [late
1483 3507 1649 3579 466
1682 3506 1894 3562 scilicet
1942 3513 2061 3559 erat

484 3603 575 3657 illa
604 3612 715 3657 tmn
744 3601 1043 3668 discordia,
1076 3609 1190 3655 tum
1231 3601 1376 3671 fuga,
1402 3615 1566 3671 quam
1614 3601 1841 3654 innuere
1869 3600 2064 3653 volunt

483 3694 898 3760 Annoles,cnm
936 3695 1116 3759 aiunt,
1176 3693 1600 3765 Ungarosipsos
1653 3694 1794 3749 inter
1861 3709 1920 3748 se
1949 3694 2067 3748 dis-

484 3786 810 3850 sentientes,
836 3787 1060 3855 fugisse.
1084 3786 1451 3843 Bernardiuus
1485 3796 1636 3856 pater
1682 3795 1802 3840 crat
1825 3785 2059 3842 Joannis

485 3876 632 3933 illius
661 3875 1029 3947 Frangepani,
1072 3894 1235 3948 quem
1273 3878 1560 3933 obsessum
1614 3876 1802 3933 fuisse
1865 3876 2057 3930 Brevia

485 3968 748 4025 diximus.
784 3970 982 4036 Filius,
1008 3973 1089 4025 vlr
1116 3972 1299 4035 fertis,
1326 3970 1497 4027 hostis
1523 3979 1702 4035 antea,
1726 3972 1809 4026 vel
1844 3969 2065 4026 rebellis

484 4063 693 4130 potius,
721 4063 824 4117 hac
850 4078 1032 4135 pugna
1076 4079 1251 4119 caesus
1279 4062 1559 4119 occubuit.

488 4206 613 4262 175.
655 4204 876 4260 Occasio
909 4214 958 4259 et
999 4222 1160 4259 causa
1214 4203 1339 4257 belli
1370 4201 1631 4272 annzilis
1685 4204 1932 4254 adversus
1965 4200 2066 4272 Ye-

562 4288 705 4331 uetos
732 4279 787 4330 in
820 4275 1214 4339 Peloponneso:
1243 4271 1535 4328 Ludovicus
1559 4272 1787 4326 Maurus
1818 4273 1927 4324 dua:
1952 4271 2063 4323 Me-

561 4348 884 4403 diolouensis
919 4348 1146 4402 Turcum
1174 4348 1228 4400 in
1268 4344 1488 4401 Venetos
1514 4345 1775 4399 concitat:
1796 4342 2066 4398 Iuebechti

558 4439 592 4473 a
636 4419 824 4474 Turcis
862 4423 1097 4474 obsessa.

2156 561 2560 630 spectantibus,
2590 569 2647 616 et
2674 576 2776 617 usu
2800 574 2902 615 suo
2936 559 3095 614 fidem
3132 560 3307 613 datam
3332 558 3477 613 llocci
3504 560 3699 624 faciant,

2158 668 2259 709 nec
2292 653 2460 708 ullum
2490 653 2894 723 promissorum
2948 650 3276 708 Christianis
3324 650 3577 707 factorum
3633 669 3683 707 ra

2161 752 2365 802 tionem
2404 747 2662 802 habeant.
2687 746 2898 802 Bellum
2929 745 3175 816 igiturin
3232 760 3326 800 eos
3380 745 3607 807 molitur,
3663 758 3705 800 et

2160 848 2457 910 praetentus
2514 853 2683 894 causa
2735 839 2938 909 cupide
3009 838 3448 893 occasiunculam
3517 838 3706 906 arripit,

2160 933 2305 1002 quod
2360 930 2552 987 Veneti
2615 931 3004 1002 protegendum
3069 931 3438 1001 suscepissent
3480 933 3707 985 comitem

2160 1026 2425 1081 Joannem
2462 1024 2884 1079 Cernovichium
2913 1024 3311 1093 (Cernovitsios
3339 1023 3589 1079 dicendos
3636 1038 3711 1078 os-

2164 1118 2443 1173 tendimus
2466 1132 2654 1187 supra,
2689 1117 2870 1187 capite
2902 1118 2996 1195 46,
3026 1125 3083 1172 et
3117 1117 3262 1172 hunc
3312 1116 3405 1170 alii
3446 1116 3710 1185 Georgium

2164 1211 2410 1275 vocant),
2445 1209 2641 1265 vicina:
2669 1209 2873 1266 Catsro
2901 1210 3129 1265 ditionis
3151 1209 3414 1281 regulum,
3443 1211 3526 1264 cui
3562 1208 3712 1276 plera-

2163 1317 2270 1371 que
2297 1300 2572 1370 Bajazites
2602 1301 2904 1357 ademerat.
2938 1300 3044 1356 Sed
3103 1301 3208 1355 alia
3268 1315 3460 1369 reapse
3515 1299 3715 1354 suberat

2163 1410 2494 1465 causa,qute
2530 1409 2669 1465 pene
2694 1402 2901 1449 certam
2934 1394 2984 1449 ei
3017 1409 3168 1462 spem
3205 1392 3444 1448 faciebat
3488 1390 3714 1461 ejiciendi

2166 1487 2405 1543 Venetos
2437 1502 2470 1542 e
2500 1485 2684 1542 Morea
2721 1486 2836 1542 sive
2864 1485 3265 1555 Peloponneso,
3295 1485 3351 1538 in
3409 1499 3513 1554 qua
3541 1483 3717 1537 multas

2080 1640 2082 1645 ν
2168 1592 2301 1631 sane
2327 1590 2554 1646 magnas
2578 1587 2634 1631 et
2667 1575 2910 1630 munitas
2941 1574 3106 1629 urbes
3169 1589 3435 1643 arcesque
3494 1572 3718 1641 posside-

475 1667 626 1726 ptum
660 1656 806 1727 apud
850 1659 998 1727 ipsos
1021 1657 1199 1726 legere
1228 1658 1474 1721 memini,
1501 1657 1723 1711 Servios
1740 1665 1794 1710 et
1816 1655 2028 1710 Chrova
2079 1652 2086 1689 ἵ

2168 1667 2320 1722 bant.
2349 1668 2561 1723 Etenim
2630 1667 2820 1725 Galliae
2864 1684 2959 1724 rex
3019 1668 3337 1724 Ludovicus
3387 1669 3719 1724 duodecimus

2170 1760 2506 1817 Ludovicum
2560 1760 2902 1831 Sphortiam,
2990 1770 3361 1832 cognomento
3422 1760 3719 1823 Maurumz'a

2159 1854 2447 1921 nigredine
2492 1852 2697 1916 vultus.
2730 1853 2935 1909 ducatu
2965 1854 3361 1911 Mediolancnsi
3386 1854 3719 1924 spoliaturus,

2159 1961 2322 2017 quem
2348 1945 2435 2001 sui
2461 1944 2601 2014 juris
2627 1945 2931 2007 asserebat,
2968 1944 3150 2001 fmdus
3175 1956 3369 2000 contra
3430 1944 3717 2014 Sphorliam

2160 2054 2285 2094 cum
2320 2039 2598 2109 republica
2637 2037 2843 2093 Veneta
2908 2045 3265 2108 percusserat
3344 2037 3414 2091 Ea
3466 2036 3720 2092 Gallorum

2160 2145 2283 2187 cum
2323 2131 2541 2187 Venetis
2568 2130 2959 2199 conjunctione
2989 2130 3214 2186 territus
3272 2129 3550 2201 Sphortia,
3597 2130 3724 2199 lega-

2162 2231 2277 2277 tum
2309 2221 2376 2277 ad
2408 2221 2705 2291 Bajazitem
2758 2221 2951 2283 mittit,
3003 2221 3095 2290 qui
3153 2229 3275 2293 tum
3309 2219 3616 2275 muneribus
3658 2221 3723 2281 ei,

2162 2328 2274 2372 tum
2306 2319 2472 2373 variis
2494 2317 2806 2373 rationibus
2849 2316 3240 2386 persuaderet,
3304 2326 3362 2371 ut
3396 2316 3584 2370 bellum
3628 2313 3721 2369 Vc-

2161 2412 2303 2465 netis
2326 2409 2578 2465 inferret.
2618 2410 2834 2478 Quippe
2876 2409 3124 2465 futurum
3157 2410 3363 2475 aiebat,
3390 2408 3724 2478 utoccupatis

2160 2500 2349 2557 Italico
2377 2501 2522 2557 bello
2562 2500 2803 2565 Venetis,
2865 2501 2981 2571 ipse
3034 2502 3188 2556 nullo
3257 2504 3483 2572 negotio
3536 2500 3722 2556 Grecis

2163 2595 2391 2648 urbibus
2425 2603 2478 2648 et
2509 2593 2730 2656 castris,
2757 2599 2812 2650 et
2838 2593 3034 2648 insulis
3063 2608 3159 2648 eos
3209 2602 3461 2649 exueret.
3491 2592 3594 2647 Hac
3620 2590 3725 2645 ille-

2161 2696 2281 2741 ctus
2326 2701 2421 2754 spe
2453 2684 2743 2754 Bajazites,
2777 2700 2806 2738 a
2834 2699 2968 2753 pace
3002 2698 3125 2738 eum
3158 2683 3383 2739 Venetis
3412 2684 3610 2742 sancita
3625 2680 3725 2736 dis-

2161 2780 2348 2835 cessit.
2381 2779 2459 2833 Ac
2489 2777 2589 2831 fuit
2624 2777 2874 2847 profecto
2902 2776 3127 2831 noxium
3184 2775 3409 2831 Venetis
3467 2775 3517 2830 id
3568 2773 3719 2827 Mauri

2164 2873 2397 2934 facinus,
2429 2872 2521 2925 sed
2547 2872 2767 2927 tandem
2801 2870 2919 2925 baac
2955 2871 3008 2925 in
3043 2872 3247 2940 ipsum,
3271 2868 3417 2939 quod
3442 2868 3543 2923 dici
3574 2866 3718 2926 solet,

2162 2977 2290 3016 cusa
2325 2961 2446 3015 faba
2464 2961 2618 3030 justo
2648 2960 2741 3015 Dei
2768 2961 2981 3028 judicio
3003 2961 3126 3017 fuit.
3159 2960 3301 3016 Nam
3326 2972 3379 3016 et
3406 2958 3715 3018 ambitionis,

2162 3062 2215 3106 et
2247 3053 2569 3121 injuriarnnt
2596 3054 2981 3122 multiplicium
3003 3070 3129 3124 erga
3144 3054 3413 3109 Joannem
3434 3054 3717 3109 Galeacium

2164 3142 2352 3201 fratris
2383 3145 2576 3209 lilium,
2610 3155 2666 3202 et
2710 3146 3055 3202 funestorum
3120 3149 3311 3217 patriae
3366 3148 3719 3203 consiliorum.

2166 3239 2366 3309 quibus
2387 3237 2572 3294 Gallos
2607 3240 2871 3295 adversus
2900 3239 3296 3308 Neapolitanos
3327 3255 3501 3309 reges,
3532 3238 3721 3292 Turcos

2167 3331 2433 3387 adversus
2472 3329 2710 3387 Venetos
2730 3334 3052 3397 commovit,
3082 3334 3318 3389 acerbas
3375 3333 3719 3400 deniquepua-

2171 3438 2270 3478 nas
2302 3423 2422 3477 luit.
2456 3422 2609 3489 Quod
2643 3423 2863 3492 quidem
2897 3424 2945 3478 ei
2976 3423 3198 3479 ettbtilis
3218 3433 3280 3478 et
3311 3422 3487 3491 argnti
3515 3421 3593 3474 vir
3648 3418 3721 3471 in-

2168 3516 2338 3584 genii,
2365 3515 2576 3586 legatus
2614 3514 2944 3570 Florentium
2975 3514 3320 3585 reipublicae,
3386 3514 3613 3569 futurum
3637 3508 3727 3561 ali-

2167 3604 2387 3673 quando
2413 3605 2756 3673 praedixerat.
2789 3602 3000 3674 Quippe
3034 3619 3158 3659 cum
3188 3606 3324 3661 huic
3350 3606 3416 3660 ad
3454 3620 3511 3659 se
3575 3601 3723 3655 misso

2167 3712 2301 3751 suos
2331 3706 2647 3767 arroganter
2671 3705 3004 3763 ostentaret,
3038 3698 3118 3751 uti
3151 3699 3480 3768 plerumque
3537 3692 3723 3749 solebat
3762 3764 3767 3773 .

2168 3797 2222 3843 et
2250 3804 2402 3858 opes,
2436 3799 2488 3844 et
2540 3790 2743 3859 ingenii
2796 3792 2982 3847 vires:
3034 3791 3179 3846 inter
3244 3791 3351 3846 alia
3413 3790 3632 3860 quodam
3675 3785 3721 3836 in

2168 3882 2410 3936 conclavi
2433 3882 2708 3951 depictum
2733 3884 2779 3937 ei
2813 3891 3085 3939 monstrat
3111 3884 3474 3939 simulacrum
3502 3878 3724 3934 mulieris

2170 3975 2371 4028 amictu
2404 3975 2772 4043 pulcherrimo
2804 3977 3037 4050 vestitae,
3074 3976 3129 4030 in
3183 3992 3301 4045 quo
3351 3990 3601 4046 expressa
3636 3968 3719 4024 mi-

2169 4067 2327 4122 rilico
2351 4066 2585 4121 artiﬁcio
2644 4077 2756 4122 tota
2801 4066 3251 4135 conspiciebatur
3306 4068 3479 4122 ltalia.
3520 4065 3724 4132 Propter

2172 4158 2312 4212 hanc
2340 4158 2622 4213 mulierem
2656 4158 2871 4213 astabat
2897 4156 3153 4227 Ethiops
3185 4173 3315 4215 curn
3349 4159 3608 4229 peniculo,
3631 4166 3726 4223 quo

2172 4266 2231 4305 se
2268 4251 2692 4319 ipsuminnuere
2726 4251 2968 4317 volebat,
3001 4252 3095 4321 qtti
3125 4260 3184 4305 et
3233 4251 3456 4307 Maurus
3478 4253 3629 4319 vulgo
3652 4250 3720 4300 vel

2174 4343 2427 4412 zEtltiops
2452 4344 2685 4409 audiret,
2718 4354 2770 4400 et
2818 4345 3204 4399 emblematum
3254 4345 3376 4399 loco
3438 4345 3625 4397 soleret
3658 4339 3721 4392 ttli

2173 4437 2257 4489 vt-l
2297 4436 2572 4502 peniculo,
2594 4451 2718 4491 cum
2759 4438 3122 4505 inscriptione
3171 4435 3390 4500 Latina,
3419 4447 3466 4490 et
3498 4437 3723 4488 meritae:

557 4535 874 4605 Naupactus
902 4535 1122 4590 Achaim
1149 4536 1423 4589 maritima
1442 4535 1639 4589 civitas
1669 4538 1773 4591 est.
1802 4529 2065 4598 Opinione
2100 4517 2141 4573 υ
2176 4538 2431 4599 tempore,
2460 4530 2544 4584 vel
2581 4533 2897 4585 ramttsculo
2923 4542 3035 4584 tres
3089 4532 3555 4599 complexorosas,
3608 4541 3717 4579 eum

485 4630 876 4695 quorumdam,
931 4627 1148 4683 Aitolire
1209 4626 1375 4680 Leoni
1424 4627 1686 4693 AuguSto.
1755 4623 1823 4676 ad
1879 4623 2060 4676 sinum

486 4720 1203 4786 quondamCarintltiacuut
1238 4729 1488 4772 vocatum
1517 4717 1640 4769 situ.
1669 4714 1866 4770 Naulis
1898 4713 2063 4782 vulgo

482 4810 597 4877 jam
660 4809 907 4878 Lepanto
966 4809 1190 4874 dicitur,
1234 4808 1509 4863 lnebechli
1568 4806 1783 4868 Turcis,
1835 4804 1976 4873 Quod
2034 4818 2065 4858 a

484 4898 738 4967 Nepanto
766 4899 919 4953 Marii
950 4899 1098 4969 Nigri
1127 4916 1236 4955 non
1283 4900 1478 4971 procul
1532 4900 1738 4956 recedit
1769 4916 1785 4953 :
1832 4898 2061 4961 Achaia,

485 4990 710 5047 Livadia
747 4993 1005 5060 :IEtolia,
1039 4994 1365 5064 Desputatus
1401 5014 1413 5049 :
1452 4994 1608 5050 sinus
1655 4992 2064 5057 Corinthiacus,

486 5087 680 5156 Colpo,
711 5088 824 5145 sive
861 5090 1021 5144 Goll‘o
1060 5090 1111 5141 di
1140 5088 1402 5159 Lepanto.
1454 5090 1589 5143 Erat
1641 5088 1751 5142 hoc
1794 5095 2063 5155 tempore,

486 5183 753 5236 nimirum
790 5199 937 5239 anno
965 5183 1288 5237 Christiano
1330 5182 1491 5256 H98,
1541 5180 1858 5249 Naupactus
1886 5180 1937 5232 in
1972 5192 2067 5246 po-

486 5281 685 5328 testate
709 5275 1036 5331 Venetorum
1064 5290 1094 5328 a
1118 5274 1206 5335 7t),
1231 5275 1354 5344 plus
1372 5274 1576 5352 minus,
1599 5272 1760 5326 annis
1779 5288 1794 5327 :
1813 5271 1903 5340 qui
1930 5269 2066 5322 mis-

484 5382 549 5421 so
577 5366 642 5419 ad
672 5367 967 5437 Bajazitem
1010 5366 1228 5421 Andrea
1272 5364 1537 5429 Zantano,
1585 5365 1765 5433 legato
1814 5377 1936 5425 suo,
1971 5378 2065 5429 pa-

486 5473 605 5514 cem
639 5459 688 5511 in
719 5474 905 5513 annos
927 5459 1000 5514 25
1039 5474 1161 5513 cum
1214 5473 1281 5513 eo
1345 5457 1606 5518 fecerant,
1658 5455 1823 5523 cujus
1879 5454 2063 5508 tabula

486 5547 755 5615 Bajazites
785 5548 1061 5618 scriptura
1100 5564 1295 5603 manus
1316 5563 1455 5613 suae,
1512 5562 1609 5616 pro
1652 5561 1804 5600 more
1863 5546 2064 5599 contir-

492 5646 685 5693 marat.
721 5637 1091 5692 Nihilominus
1116 5643 1201 5692 vix
1232 5639 1505 5708 appellere
1564 5637 1825 5692 Venetias
1851 5635 2061 5704 legatus

496 5732 690 5793 potuit,
725 5744 846 5781 cum
874 5730 1058 5782 datam
1095 5730 1317 5784 Venetis
1347 5731 1504 5783 tidem
1551 5729 1819 5800 Bajazites
1861 5728 2049 5781 violat.

492 5819 971 5890 Quippesibilogc
1003 5836 1097 5875 sua
1160 5821 1542 5878 Mahumetana
1606 5821 1848 5891 permitti
1874 5821 2062 5877 volunt

2058 6053 2080 6081 ἶ

2174 4623 2530 4694 inscriptione
2555 4622 2984 4679 Germanicamit
3002 4622 3134 4687 Zeti,
3153 4624 3204 4677 id
3223 4634 3327 4687 est,
3357 4639 3473 4676 cum
3496 4631 3722 4684 tempore.

2175 4716 2307 4782 Quae
2345 4716 2564 4784 quidem
2608 4717 2783 4783 ipsius
2802 4715 3128 4769 emblemata
3158 4717 3516 4786 symbolaque
3537 4711 3717 4781 passim

2176 4811 2229 4865 in
2262 4811 2561 4879 parietibus
2585 4819 2641 4865 et
2680 4810 2869 4864 aula-is
2894 4809 3209 4874 Mediolani,
3246 4808 3447 4871 Ticini,
3490 4801 3719 4862 Taurini,

2176 4903 2312 4971 apud
2345 4903 2727 4957 doctissimum
2766 4912 2818 4957 et
2846 4902 3120 4956 illustrem
3141 4902 3260 4971 ejus
3291 4903 3443 4955 urbis
3475 4894 3721 4963 archiepi-

2174 5008 2422 5064 scopum,
2459 4994 2850 5063 Hieronymum
2891 4995 3216 5052 ltovereum.
3243 5003 3297 5048 et
3331 4994 3454 5049 aliis
3492 4994 3543 5046 in
3600 4990 3717 5042 locis

2175 5090 2359 5144 videre
2384 5088 2629 5143 memini.
2661 5089 2791 5142 Erat
2845 5089 2934 5142 hic
2990 5087 3242 5155 Ethiops
3301 5086 3382 5141 ira
3437 5087 3623 5154 pirtns,
3671 5089 3716 5130 ιρι

2174 5177 2429 5247 peniculo
2457 5176 2749 5232 mulierise
2783 5190 2933 5230 veste
2989 5177 3265 5244 pulverem
3307 5189 3433 5227 cum
3483 5170 3718 5224 sordibus

2175 5273 2298 5327 aliis
2328 5280 2655 5341 extergeret.
2683 5270 2754 5324 Ea
2780 5270 2992 5339 pictura
3031 5271 3209 5339 legato
3236 5277 3559 5322 monstrata,
3596 5259 3711 5330 quid

2176 5366 2277 5434 ipsi
2310 5365 2377 5419 de
2406 5363 2505 5417 hac
2532 5362 2835 5425 videretur,
2871 5364 3195 5427 interrogat.
3235 5359 3372 5412 Tum
3400 5361 3443 5411 is
3477 5376 3488 5409 :
3516 5356 3571 5411 Ut
3600 5350 3712 5406 mihi

2174 5457 2395 5526 quidem
2429 5456 2663 5517 videtur,
2696 5455 2894 5523 inquit,
2924 5453 3010 5506 hic
3039 5451 3294 5520 .Etliinps
3332 5451 3721 5513 ιιυιγνιιιηιιοηιε

2175 5566 2297 5604 nem
2325 5549 2377 5602 in
2395 5563 2456 5603 se
2487 5548 2666 5617 ipsum
2702 5547 3006 5601 eouwrrit.
3042 5545 3197 5611 Quod
3233 5543 3466 5598 hominis
3501 5534 3715 5592 acutiilo

2177 5641 2452 5696 Ludovico
2479 5638 2668 5693 Mauro
2716 5639 3035 5692 vaticinium
3078 5638 3333 5703 deinceps
3382 5641 3569 5685 eventu
3591 5637 3712 5679 com-

2177 5732 2457 5802 probatum
2495 5730 2615 5785 fuit.
