4048 6208
359 357 477 422 *853

1504 371 1906 433 PANDECTE
1940 374 2137 438 HIST.
2183 377 2492 440 TURCIC.
2544 401 2550 407 '

3515 385 3644 448 est:

371 481 490 536 l76.
535 481 902 570 little'itechtinfs
953 489 1150 570 frustra
1215 489 1410 570 ,γεμιεεὶ
1436 509 1766 570 auc-currere
1825 513 1940 550 cum
1969 501 2017 562 Α
2047 498 2248 569 Tangri
2283 499 2498 556 Vereris
2517 514 2614 569 per
2639 499 2903 556 virtutem
2927 499 3150 559 Sinanis
3179 503 3382 570 bassae,
3403 503 3621 562 habiar-

533 550 704 606 Gallis
743 563 792 607 et
825 550 1076 624 Hispania
1103 561 1472 630 confwderatis
1512 567 1776 620 nituntur.

439 667 568 733 Quae
593 669 662 726 de
686 671 894 728 infelici
953 686 1153 732 conatu
1202 678 1516 735 removendi
1569 680 1826 752 Bajazitis
1874 684 1942 738 ab

369 760 657 818 obsidione
687 763 954 837 Naupacti
980 781 1205 827 narrant
1237 773 1496 840 Annales,
1529 775 1693 846 paulo
1745 774 1945 832 diluci-

369 854 494 910 dius
526 855 612 912 his
648 855 760 914 fere
795 862 980 918 verbis
1015 864 1407 935 Spanduginus
1440 873 1697 940 exposuit
1783 872 1942 926 Anno

372 946 571 1015 inquit,
626 949 924 1008 millesimo
983 956 1532 1027 quadringentesimo
1586 962 1944 1031 nonagesimo

370 1053 538 1104 nono,
574 1041 953 1103 Ferdinandus
991 1063 1083 1104 rex
1105 1048 1384 1120 Hispanus
1408 1057 1692 1123 occupatis
1725 1054 1941 1122 Naupa-

371 1137 481 1191 etio
505 1137 648 1192 bello
676 1138 915 1208 Venetis,
946 1156 1008 1196 ex
1035 1142 1150 1215 lege
1177 1142 1398 1200 fmderis
1459 1148 1701 1203 subsidia
1754 1151 1940 1218 misit;

371 1231 636 1299 auspiciis
657 1232 912 1289 Consalvi
945 1237 1053 1302 sui,
1083 1253 1249 1307 quem
1305 1239 1559 1309 Magnum
1589 1243 1940 1310 capitauenm

371 1323 660 1377 vocabant.
690 1323 743 1380 is
758 1326 1056 1397 adjunctus
1078 1331 1242 1386 classi
1267 1330 1511 1394 Venetae.
1530 1333 1940 1404 Cephalleniam

371 1414 606 1470 insulam
626 1414 818 1473 Turcis
843 1430 1083 1488 ereptam
1117 1426 1481 1492 recuperavit,
1513 1440 1636 1481 cum
1658 1427 1715 1480 S.
1759 1426 1943 1482 Maura

370 1509 515 1578 quod
553 1511 811 1579 oppidum
851 1511 906 1567 in
935 1513 1113 1568 insula
1153 1518 1499 1585 cognomine,
1556 1519 1742 1589 (prisci
1801 1520 1944 1575 Leu-

371 1603 559 1676 cadem
598 1606 887 1677 vocarunt)
918 1621 1028 1662 non
1072 1610 1263 1678 procul
1295 1608 1624 1681 aNaupacto
1656 1613 1945 1678 Patrisque

368 1695 532 1766 467
553 1697 743 1763 situm,
775 1698 844 1753 ab
863 1699 1105 1770 Augusto
1138 1710 1262 1771 post
1290 1702 1570 1758 Actiacam
1636 1705 1941 1772 victoriam,

368 1787 646 1858 Nicopolis
669 1792 876 1847 dictum
899 1791 1020 1847 fttit.
1053 1795 1296 1850 Adaucta
1321 1811 1541 1868 quoque
1567 1806 1698 1853 tunc
1739 1797 1942 1854 Veneta

2047 591 2165 661 begi
2197 591 2323 655 mei,
2359 591 2764 663 violentamque
2793 593 3180 662 genizarorum
3236 610 3481 652 meorum
3521 611 3619 651 ex.

2044 687 2454 757 pugnationem,
2487 688 2781 743 concessit.
2809 686 3022 753 Quibus
3050 689 3104 743 in
3139 689 3322 745 verbis
3363 689 3454 744 illa
3474 690 3620 744 Tur-

2045 781 2184 845 cica,
2204 779 2406 851 Taugri
2431 781 2670 845 Vereris,
2699 791 2795 836 aut
2819 779 3039 838 Verersi
3067 782 3270 852 potius,
3296 781 3464 838 Deum
3489 797 3620 854 pro-

2048 873 2240 944 pitium
2289 873 2617 945 significant.
2661 873 2831 930 Sinan
2887 889 3018 930 vero
3069 875 3252 942 bassa,
3309 873 3469 943 cujus
3529 877 3620 931 hic

2045 966 2251 1020 mentio
2282 965 2360 1030 fit,
2404 966 2572 1022 initio
2614 967 2910 1037 expugnati
2964 966 3112 1022 Cairi
3147 964 3318 1022 ductu
3371 966 3617 1030 Selimis,

2047 1056 2298 1129 Bajazitis
2333 1058 2452 1122 lilii,
2482 1073 2656 1114 caesus
2682 1073 2711 1113 a
2761 1058 3083 1114 Mamelucis
3132 1058 3424 1123 occubuit,
3481 1059 3622 1114 utin

2045 1149 2348 1204 Annalibus
2387 1164 2488 1206 suo
2521 1151 2640 1206 loco
2669 1159 2950 1222 sequetur.

2050 1263 2168 1318 173.
2191 1261 2246 1316 Μ
2253 1263 2435 1336 ilyft'tte
2453 1281 2498 1336 tt
2515 1263 2738 1336 Venetis,
2757 1275 2802 1318 et
2826 1264 3213 1333 couftederatis,
3235 1267 3388 1320 irrito
3405 1275 3621 1336 conatu,

2121 1333 2342 1388 tentata.
2379 1333 2615 1405 Philippi
2649 1334 2942 1389 Ravettani
2973 1337 3140 1406 reguli
3187 1337 3549 1416 naufragium.

2120 1426 2358 1481 Annales
2390 1427 2610 1482 Tureici
2643 1429 2908 1482 duntaxat
2937 1427 3354 1498 llispanicorum
3384 1430 3620 1485 auxilio-

2046 1534 2168 1573 rum
2205 1518 2523 1581 meminere.
2554 1532 2676 1588 qua:
2710 1518 2922 1574 scilicet
2966 1533 2996 1573 a
3028 1515 3374 1575 Ferdinando
3409 1522 3621 1592 Arago-

2049 1627 2177 1666 num
2208 1619 2262 1666 et
2291 1610 2542 1666 Casteilaa
2584 1625 2732 1680 rege,
2769 1611 2958 1666 Karuli
2989 1610 3030 1665 V
3083 1611 3324 1669 Caesaris
3357 1628 3459 1668 avo
3509 1629 3626 1668 ma~

2049 1714 2224 1768 terno,
2281 1705 2623 1774 suppeditata
2661 1704 2814 1761 fuere
2843 1703 3090 1772 Venetis,
3144 1705 3285 1761 duce
3314 1706 3622 1772 Consalvo,

2049 1797 2116 1852 de
2140 1812 2248 1866 quo
2274 1797 2530 1852 diximus.
2557 1796 2662 1852 Sed
2697 1806 2919 1853 constat
2949 1797 3053 1853 hoc
3106 1799 3271 1854 etiam
3307 1800 3461 1854 bello
3489 1799 3620 1855 Gal-

369 1881 562 1937 classis
585 1881 685 1937 fuit
713 1883 1071 1941 auxiliaribus
1097 1887 1330 1958 navigiis
1355 1888 1784 1946 aconfoederato
1815 1902 1941 1962 rege
1978 1873 2016 1928 Β
2048 1891 2150 1945 lica
2210 1887 2430 1944 Venetis
2481 1905 2508 1944 a
2570 1905 2695 1960 rege
2744 1890 3026 1948 Ludovico
3071 1894 3287 1949 venisse
3351 1894 3623 1960 subsidia,

371 1971 704 2029 Francorum
737 1976 1012 2032 Ludovico
1045 1977 1140 2034 ΧΠ
1170 1979 1338 2036 ductu
1393 1983 1565 2058 reguli
1623 1983 1942 2047 Ravestani,

371 2067 604 2136 Philippi
633 2068 925 2136 Clivensis,
958 2074 1050 2140 qui
1075 2071 1318 2127 Genuam
1355 2090 1453 2142 pro
1492 2089 1619 2146 rege
1652 2086 1784 2132 tunc
1845 2079 1942 2132 ad-

369 2161 738 2217 ministrabat.
782 2164 831 2218 is
867 2165 1052 2234 praglio
1080 2180 1203 2219 eum
1231 2165 1425 2223 Turcis
1447 2183 1941 2236 congressus,eum

371 2252 704 2308 Venetorum
726 2256 980 2312 triremes
1010 2257 1218 2310 nullum
1251 2259 1484 2328 navigiis
1503 2261 1620 2315 suis
1640 2262 1784 2317 ferre
1815 2263 1942 2318 sub-

370 2347 568 2401 sidium
625 2347 897 2404 vidisset:
962 2349 1299 2420 indignatus,
1331 2354 1445 2407 vela
1481 2354 1654 2409 ventis
1704 2354 1944 2419 dedit,et

370 2439 500 2494 inde
533 2440 845 2507 discedens,
865 2442 1164 2499 Massiliam
1197 2462 1449 2502 reversus
1473 2461 1574 2501 est.
1609 2449 1735 2502 Erat
1760 2461 1940 2503 autem

369 2527 588 2585 Venetae
616 2531 810 2588 classis
842 2534 1143 2605 imperator
1171 2538 1446 2593 Antonius
1468 2538 1784 2600 Grimanus.
1849 2539 1942 2610 qui

371 2631 679 2693 propterea,
712 2625 860 2694 quod
891 2629 1160 2698 pugnanti
1180 2629 1498 2687 Ravcstano
1539 2647 1652 2686 non
1723 2647 1946 2687 succur-

371 2723 539 2779 rcrat,
573 2726 623 2769 et
643 2717 883 2786 alioquin
913 2719 1076 2774 etiam
1109 2736 1168 2775 se
1198 2735 1437 2791 gesserat
1463 2725 1724 2790 segniter,
1753 2722 1945 2780 ferreis

364 2808 425 2861 in
457 2809 811 2876 compedibus
841 2808 1098 2868 Venetias
1126 2814 1331 2868 missus
1367 2813 1489 2869 fuit.
1519 2815 1705 2870 Nihilo
1762 2825 1942 2872 tamen

365 2899 550 2952 minus
581 2897 721 2954 idem
756 2913 942 2970 pOSIea
970 2901 1127 2960 ducis
1154 2906 1476 2976 dignitatem
1499 2907 1762 2962 obtinuit.

364 3014 493 3068 £77.
538 3015 776 3072 Methone
835 3016 1455 3104 CorouequcOannzitis
1519 3023 1571 3076 in
1629 3033 1942 3092 potestatem

1054 3100 1288 3144 veniunt.

2048 1982 2189 2036 duce
2225 1980 2480 2052 Philippo
2543 1981 2732 2051 regulo
2790 1981 3127 2046 Ravestano,
3164 1983 3506 2040 Clivensinm
3569 1987 3623 2040 in

2047 2070 2342 2125 Germania
2379 2071 2689 2142 principum
2724 2071 2935 2126 familia
2976 2081 3122 2138 nato,
3148 2074 3241 2143 qtti
3272 2075 3372 2130 hac
3397 2075 3625 2144 expedi.

2050 2163 2200 2216 tione
2257 2178 2446 2217 secum
2496 2164 2803 2218 adduxerat
2854 2163 3098 2220 Albaniae
3143 2166 3334 2222 ducem
3379 2167 3626 2230 Scotum,

2047 2269 2206 2323 quem
2262 2254 2574 2324 Albignium
2614 2254 2697 2310 vei
2727 2254 3018 2326 Obigninm
3048 2258 3291 2313 historia:
3317 2267 3538 2325 vocant,
3571 2268 3626 2313 et

2048 2344 2314 2401 infantem
2349 2345 2723 2403 Navarreuum
2761 2349 2864 2419 (sic
2897 2347 3141 2420 ilispano
3184 2364 3333 2404 more
3358 2351 3631 2406 secundo-

2047 2440 2211 2510 geniti
2231 2455 2416 2508 regum
2450 2440 2545 2494 filii
2574 2444 2974 2510 nominantur),
3006 2458 3132 2498 cum
3168 2458 3365 2512 magno
3395 2443 3623 2497 aliorum

2047 2530 2315 2586 nobilium
2362 2549 2393 2588 e
2433 2532 2608 2588 Callia
2648 2550 2898 2590 numero.
2942 2536 3078 2592 Tota
3117 2537 3312 2593 classis
3343 2536 3624 2591 hominum

2048 2625 2188 2679 bello
2222 2625 2540 2682 idoneorum
2581 2629 2647 2682 ad
2708 2629 2884 2685 l0000
2938 2630 3284 2694 continebat,
3335 2641 3393 2684 ut
3447 2628 3626 2698 Span-

2046 2716 2283 2787 dugiuus
2317 2718 2505 2775 refert.
2533 2719 2613 2775 Ab
2668 2721 2756 2776 his
2789 2721 3013 2777 obsessa
3044 2721 3148 2776 fuit
3177 2724 3310 2777 urbs
3338 2719 3498 2776 Lesbi
3523 2719 3626 2774 Mi-

2047 2810 2237 2879 tyline.
2276 2812 2566 2882 captisque
2597 2814 2880 2870 suburbiis
2903 2815 3201 2884 Oppugnati
3247 2814 3548 2869 terribilem
3571 2814 3624 2867 in

2048 2900 2267 2955 modum
2339 2904 2503 2966 muri,
2553 2904 2649 2958 sed
2701 2904 2927 2960 frustra.
2965 2904 3208 2974 Regulus
3259 2906 3624 2967 Ravestauus.

2046 3003 2334 3062 postquam
2373 2994 2662 3050 obsidione
2720 2997 2898 3050 soluta
2957 2996 3262 3052 discessum
3295 3011 3359 3052 ex
3421 2998 3624 3062 insula,

2047 3082 2298 3152 Magnum
2329 3084 2502 3141 Rhodi
2542 3086 2862 3157 Magistrum
2896 3103 3021 3144 cum
3054 3090 3123 3145 29
3157 3091 3387 3160 navigiis
3426 3106 3626 3162 exspe-

436 3175 658 3234 Nobiles
679 3178 733 3235 in
761 3179 950 3250 primis
977 3179 1335 3252 Peloponnesi
1367 3195 1495 3240 sunt
1527 3188 1690 3242 urbes
1727 3187 1782 3241 in
1805 3187 1940 3242 Mes.
1975 3210 2016 3268 ο
2049 3189 2202 3232 ctare
2234 3179 2451 3243 nolens,
2471 3179 2817 3250 naufragium
2844 3191 3066 3251 propter
3091 3184 3328 3238 insulam
3347 3184 3626 3253 Cerigunt,

360 3272 518 3328 senia
563 3273 870 3341 maritimae,
924 3274 1176 3331 Methone
1232 3285 1286 3332 et
1330 3279 1565 3344 Corone,
1614 3295 1735 3350 qua:
1783 3281 1944 3351 vulgo

361 3381 514 3420 nunc
550 3365 746 3422 Modon
776 3377 832 3423 et
862 3367 1042 3423 Coron
1091 3370 1463 3440 appellantur.
1500 3372 1800 3442 Utramque
1831 3389 1940 3426 non

361 3451 488 3507 sine
537 3453 784 3522 periculo
819 3456 1081 3513 vidimus.
1137 3458 1445 3515 Methonem
1498 3461 1811 3518 Nicoiaides
1849 3478 1945 3532 per

361 3558 610 3600 errorem
663 3548 889 3616 scripsit
926 3549 1055 3604 olim
1115 3551 1318 3606 dictam
1379 3552 1549 3609 fuisse
1587 3555 1942 3611 Mantineam.

360 3635 579 3706 Quippe
601 3648 757 3694 vetus
791 3640 1054 3697 Methonte
1087 3658 1287 3699 nomen
1317 3655 1422 3709 est,
1457 3655 1510 3702 et
1540 3647 1659 3716 ipsa
1691 3649 1888 3706 civitas
1913 3665 1942 3703 a

359 3727 568 3797 duplici
610 3729 902 3795 Mantinea,
934 3742 1044 3787 tam
1083 3735 1241 3791 sinus
1288 3736 1553 3808 Argolici,
1588 3741 1758 3810 (nunc
1790 3740 1946 3796 Man-

363 3819 548 3887 digna)
572 3837 738 3890 quam
786 3821 1034 3879 Arcadia
1065 3825 1232 3894 (nunc
1273 3825 1477 3898 Mandi)
1512 3831 1669 3900 longe
1703 3832 1941 3890 diversa.

363 3910 563 3967 Leonis
597 3913 824 3983 Augusti
862 3915 1084 3972 Novella
1125 3918 1194 3974 de
1247 3919 1507 3985 Thronis,
1546 3921 1835 3980 Methonen
1891 3937 1945 3980 et

359 4005 614 4061 (Turoncn
655 4009 782 4062 facit
810 4009 1178 4078 episcopatus,
1211 4027 1415 4082 eosque
1447 4013 1697 4070 Patrensi
1743 4026 1944 4072 metro-

361 4099 609 4168 politano
656 4101 709 4154 itt
743 4098 1124 4170 Peloponneso
1178 4105 1421 4174 subjicit.
1455 4106 1725 4163 Cteterum
1779 4112 1944 4180 paulo

360 4189 524 4244 aliter
549 4206 576 4243 a
599 4190 761 4247 Iovio
783 4203 1037 4248 narratur
1060 4211 1088 4250 a
1123 4195 1323 4252 Turcis
1354 4211 1620 4268 occupata
1656 4201 1935 4266 Methone,

359 4298 527 4353 quam
555 4285 646 4338 hic
671 4288 726 4340 in
757 4287 1086 4343 Annalibus.
1133 4289 1346 4360 Quippe
1382 4294 1548 4347 tradit
1583 4310 1702 4349 eam
1731 4298 1942 4351 incuria

361 4376 832 4446 prmsidiariorum
863 4381 914 4433 in
967 4382 1144 4437 hostis
1179 4391 1504 4452 potestatem
1550 4387 1785 4451 venisse,
1849 4390 1940 4458 qui

360 4483 588 4522 rumore
617 4471 684 4524 de
710 4471 977 4527 subsidiis
997 4481 1237 4541 quatuor
1260 4484 1355 4528 aut
1386 4492 1478 4531 sex
1503 4478 1822 4537 triremibus
1849 4483 1942 4535 ad-

362 4561 541 4615 vectis
574 4576 670 4629 per
711 4562 902 4617 urbem
941 4563 1136 4624 didito.
1192 4567 1405 4622 relictis
1437 4569 1775 4626 stationibus
1829 4573 1946 4626 suis
1983 4551 2024 4604 θ

360 4651 431 4706 ad
454 4663 673 4721 portum
703 4655 1105 4710 concurrerint.
1131 4657 1188 4711 id
1209 4671 1338 4712 vero
1363 4661 1717 4726 conspicatos
1739 4663 1946 4729 hostes,

362 4758 462 4813 spe
502 4746 697 4815 prtedte
727 4757 1057 4814 commotos,
1111 4750 1407 4807 accedente
1454 4750 1709 4821 Bajazitis
1743 4756 1944 4811 incita-

363 4843 541 4904 tione,
572 4854 694 4894 cum
730 4840 896 4896 variis
937 4842 1286 4912 prtemiorum
1326 4846 1639 4913 promissis.
1673 4847 1728 4901 in
1759 4849 1950 4902 urbem

367 4935 732 5003 desertasque
788 4934 1054 4990 stationes
1095 4935 1386 5004 irrupisse,
1448 4946 1777 5009 captamque
1812 4940 1948 4994 diri-

368 5026 580 5096 puisse.
622 5026 779 5093 Quod
833 5026 1034 5084 deintle
1089 5028 1408 5098 subjicitur,
1461 5045 1488 5083 a
1531 5031 1724 5086 Turcis
1762 5049 1950 5099 preces

370 5123 428 5175 in
481 5120 616 5175 urbe
645 5128 802 5190 capta
835 5121 1007 5175 fuisse
1049 5130 1367 5193 conceptas,
1417 5139 1536 5192 quae
1579 5125 1663 5178 die
1724 5123 1950 5179 Veneris

369 5211 561 5267 haberi
603 5211 864 5278 soleant,
922 5211 1013 5266 bis
1049 5226 1077 5264 a
1129 5209 1486 5281 Spandugiuo
1532 5213 1714 5267 verbis
1759 5213 1947 5268 itidem

369 5309 651 5366 narratur,
700 5317 821 5372 qua:
856 5301 1066 5356 reddita
1122 5301 1296 5355 lubuit
1355 5301 1621 5354 inserere.
1675 5298 1950 5354 Memoria:

376 5393 652 5464 proditum
689 5402 793 5458 est,
830 5394 1030 5463 inquit,
1059 5391 1330 5463 postridie
1364 5406 1527 5460 quam
1573 5401 1729 5460 capta
1755 5391 1951 5446 fuisset

372 5483 648 5548 Methone,
671 5485 958 5554 Bajazitem
994 5486 1220 5538 omnino
1241 5483 1476 5538 voluisse
1519 5482 1707 5535 urbem
1742 5481 1948 5552 ingredi

375 5578 441 5632 ad
467 5579 707 5648 agendas
749 5577 861 5631 Deo
895 5578 1100 5648 gratias
1125 5577 1180 5630 itt
1212 5578 1330 5646 ipso
1347 5574 1784 5631 Christianorum
1813 5583 1951 5629 tem-

373 5669 483 5738 pio.
512 5667 886 5737 Cumquejam
915 5667 1254 5738 pervenisset
1284 5671 1335 5719 in
1363 5676 1606 5734 pontem,
1633 5681 1743 5735 quo
1771 5675 1949 5721 trans-

377 5764 570 5818 eunda:
616 5762 767 5816 urbis
804 5771 956 5816 erant
1027 5761 1211 5824 fossze,
1255 5759 1632 5827 conspicatum
1677 5757 1946 5810 fossarum

381 5855 744 5921 altitudinem,
776 5856 979 5910 dixisse
1016 5873 1026 5910 :
1056 5853 1187 5908 Tant
1216 5853 1479 5907 munitam
1512 5852 1785 5906 civitatem
1816 5853 1946 5905 tuihi

2047 3284 2210 3339 quam
2273 3280 2486 3325 veteres
2537 3271 2828 3342 Cytheram
2884 3273 3093 3338 dixere,
3151 3275 3317 3328 fecit:
3379 3277 3630 3346 adeoque

2048 3361 2204 3429 pauci
2261 3377 2326 3414 ex
2387 3362 2455 3416 iis
2495 3363 2588 3430 qui
2621 3362 2854 3417 navibus
2885 3363 3040 3418 hisce
3074 3364 3436 3430 vehebantur,
3473 3366 3627 3421 inco-

2051 3455 2226 3509 lumes
2266 3464 2582 3509 evaserunt.
2632 3455 2711 3508 Ad
2753 3471 2812 3510 ea
2841 3470 2960 3526 quae
3018 3456 3240 3511 tradunt
3289 3458 3529 3514 Annales
3559 3459 3626 3512 de

2046 3547 2307 3618 plaeatoa
2343 3545 2588 3609 Venetis,
2628 3547 2989 3618 impetrandae
3022 3550 3172 3617 pacis
3209 3564 3402 3614 causa,
3435 3565 3627 3605 mune-

2048 3640 2198 3694 ribus
2216 3636 2472 3708 Bajazitis
2494 3641 2699 3708 animo,
2753 3639 3086 3706 addendum,
3111 3657 3206 3696 eos
3237 3656 3333 3710 per
3356 3642 3625 3698 Andream

2047 3733 2310 3799 Grittum,
2330 3742 2453 3804 post
2477 3734 2589 3788 haec
2616 3732 2860 3803 ipsorum
2884 3733 3104 3799 ducem,
3126 3733 3357 3802 Bajaziti
3382 3735 3439 3790 S.
3477 3735 3629 3789 Mau-

2049 3841 2162 3880 ram
2189 3842 2406 3896 quoque
2438 3825 2767 3892 restituisse,
2802 3826 2982 3880 locum
3018 3827 3289 3897 hodieque
3309 3827 3633 3882 Turcormn

2051 3918 2104 3972 in
2141 3926 2420 3986 potestate
2437 3917 2826 3983 constitutum,
2862 3917 3132 3987 longeque
3165 3918 3625 3973 munitissimum.

2053 4009 2364 4065 Leucadem
2400 4009 2488 4064 alii
2524 4009 2721 4080 priscis
2749 4010 2952 4065 dictam
2984 4010 3200 4076 volunt,
3231 4011 3322 4065 alii
3355 4007 3623 4064 Neritutu.

2048 4103 2388 4158 Sententiam
2417 4102 2660 4171 priorum
2689 4117 2754 4156 ex
2781 4109 3018 4172 prmtore
3044 4101 3266 4158 Graeciae
3296 4113 3488 4160 nostro
3505 4115 3629 4174 pro-

2050 4196 2182 4250 bare
2213 4193 2425 4265 liquido
2463 4194 2612 4248 licet.

2054 4309 2176 4365 179.
2204 4309 2474 4364 Secundus
2500 4306 2924 4374 Sophilariorum
2953 4320 3120 4361 motus
3149 4310 3400 4362 adversus
3433 4307 3624 4363 Osuiu-

2152 4383 2315 4444 nicos,
2353 4380 2540 4440 Scaclt.
2573 4378 2716 4441 Culi,
2749 4379 2934 4432 Scitnu
2969 4378 3108 4443 (ἔπιέ,
3155 4377 3302 4432 Kisel
3344 4381 3523 4432 bassa.

2123 4475 2196 4529 De
2261 4475 2483 4543 regione
2535 4471 2703 4527 Tckie
2757 4472 2872 4526 sive
2903 4469 3049 4525 Teke
3093 4471 3300 4526 dictum
3357 4472 3626 4542 superius,

2056 4581 2178 4635 cap.
2215 4565 2305 4620 57.
2339 4565 2523 4617 Altera
2561 4561 2664 4618 fuit
2715 4563 2828 4616 haec
2881 4561 3150 4618 adversus
3183 4560 3534 4628 Osmanidas,
3578 4573 3634 4618 et

2058 4667 2261 4709 sectam
2291 4655 2713 4711 (lsmanieorum
2747 4653 2967 4717 seditio,
2995 4653 3064 4707 ab
3105 4653 3177 4708 iis
3205 4653 3460 4721 excitata,
3491 4670 3632 4724 quos

2057 4749 2398 4818 Sophilarios
2421 4757 2474 4802 et
2510 4747 2729 4802 Kiseles
2759 4748 2952 4803 bassas
2986 4747 3268 4802 dixerunt.
3315 4747 3534 4818 Quippe
3565 4751 3632 4802 de

2058 4840 2230 4907 prima
2258 4839 2516 4907 superius
2546 4839 2850 4892 indicatum
2872 4853 2994 4908 cap.
3023 4839 3112 4894 8i.
3137 4839 3326 4894 .lovius
3349 4851 3628 4894 auctorem

2057 4927 2345 4981 seditionis
2375 4929 2610 4996 appellat
2639 4928 2970 5002 Techellem,
2998 4943 3027 4982 a
3051 4931 3244 4998 patria,
3274 4942 3411 5000 puto
3435 4949 3448 4984 :
3470 4930 3633 4986 Dres-

2060 5021 2207 5075 let'us
2269 5035 2391 5074 cum
2437 5021 2560 5075 aliis
2589 5019 2785 5085 Eliam,
2845 5022 2988 5075 nulla
3023 5021 3229 5076 ratione
3263 5038 3277 5075 :
3319 5023 3624 5076 Turcorum

2059 5112 2365 5167 Annalibus
2423 5113 2740 5168 Seachttli
2795 5113 3108 5167 nominatus
3164 5112 3335 5167 fuisse
3375 5112 3629 5177 refertur,

2058 5222 2188 5260 voce
2213 5206 2556 5276 significante
2583 5206 2778 5262 Scaehi
2813 5219 3054 5260 servum.
3088 5203 3152 5256 Et
3202 5202 3396 5258 Scachi
3437 5205 3626 5273 appel-

2059 5295 2261 5350 latione
2286 5296 2614 5365 intelligitur
2655 5295 2830 5350 Scaeh
2881 5294 3298 5359 isntail,reeens
3331 5293 3626 5349 Persarum

2062 5404 2228 5456 regno
2261 5388 2488 5457 petitus,
2517 5387 2584 5441 do
2615 5401 2728 5456 quo
2765 5385 2925 5456 paulo
2959 5385 3126 5455 “8
3157 5395 3283 5454 post
3329 5386 3630 5454 exposituti

2058 5481 2266 5552 prolixe
2299 5496 2509 5536 sumus.
2545 5481 2633 5533 Ait
2662 5477 2880 5552 Jovius,
2919 5493 3045 5532 eum
3085 5478 3260 5533 fuisse
3291 5478 3628 5548 discipulum

2056 5573 2331 5638 Arduelis,
2361 5574 2428 5627 de
2458 5588 2567 5638 quo
2604 5571 2787 5625 itidem
2823 5585 2944 5622 mox
2991 5569 3288 5623 dicendum
3326 5587 3340 5623 :
3376 5579 3502 5639 post
3537 5587 3634 5625 cu-

2054 5665 2143 5734 jus
2181 5666 2406 5729 cmdem,
2447 5663 2724 5732 Euphrate
2782 5661 3131 5722 transmisso,
3174 5661 3386 5716 venerit
3439 5663 3491 5716 in
3529 5663 3634 5718 Ar.

2059 5759 2292 5812 maniam
2329 5759 2615 5820 minetetu,
2651 5766 2696 5808 et
2731 5755 2784 5809 iu
2830 5755 3089 5823 spelunca
3123 5754 3357 5822 quadam
3396 5757 3460 5808 ad
3489 5759 3635 5810 radi-

2058 5870 2146 5907 ces
2203 5850 2476 5905 Atttitauri
2519 5849 2719 5906 montis
2775 5847 3123 5903 habitaverit.
3162 5846 3232 5900 lia
3271 5863 3462 5918 parum
3499 5861 3627 5904 vero
