  <div class='ocr_page' id='page_1' title='image "/cluster/home/n/w/nwhite01/storage/ocr_20150623/159/hvd.32044073502684/475.png"; bbox 0 0 4048 6208; ppageno 0'>
   <div class='ocr_carea' id='block_1_1' title="bbox 523 343 3711 424">
    <p class='ocr_par' dir='ltr' id='par_1_1' title="bbox 523 343 3711 424">
     <span class='ocr_line' id='line_1_1' title="bbox 523 343 3711 424; baseline 0.005 -17"><span class='ocrx_word' id='word_1_1' title='bbox 523 343 629 407; x_wconf 85' lang='grc'><strong>855</strong></span> <span class='ocrx_word' id='word_1_2' title='bbox 1570 366 1579 373; x_wconf 85' lang='lat'><strong><em>‘</em></strong></span> <span class='ocrx_word' id='word_1_3' title='bbox 1679 350 2001 414; x_wconf 72' lang='lat' dir='ltr'><strong>JOANNIS</strong></span> <span class='ocrx_word' id='word_1_4' title='bbox 2038 354 2505 418; x_wconf 80' lang='lat' dir='ltr'><strong>LEUNCLAVII</strong></span> <span class='ocrx_word' id='word_1_5' title='bbox 3626 358 3711 424; x_wconf 75' lang='lat'><strong>856</strong></span> 
     </span>
    </p>
   </div>
   <div class='ocr_carea' id='block_1_2' title="bbox 525 459 3714 537">
    <p class='ocr_par' dir='ltr' id='par_1_2' title="bbox 525 459 3714 537">
     <span class='ocr_line' id='line_1_2' title="bbox 525 459 3714 537; baseline 0.004 -24"><span class='ocrx_word' id='word_1_6' title='bbox 525 459 779 515; x_wconf 83' lang='lat' dir='ltr'><strong>videntur</strong></span> <span class='ocrx_word' id='word_1_7' title='bbox 804 469 1187 524; x_wconf 84' lang='lat' dir='ltr'><strong>consentanea,</strong></span> <span class='ocrx_word' id='word_1_8' title='bbox 1212 470 1324 516; x_wconf 90' lang='lat' dir='ltr'><strong>tum</strong></span> <span class='ocrx_word' id='word_1_9' title='bbox 1350 463 1494 531; x_wconf 88' lang='lat' dir='ltr'><strong>quod</strong></span> <span class='ocrx_word' id='word_1_10' title='bbox 1518 462 1660 519; x_wconf 80' lang='lat' dir='ltr'><strong>Teke</strong></span> <span class='ocrx_word' id='word_1_11' title='bbox 1675 467 1824 537; x_wconf 88' lang='lat' dir='ltr'><strong>regio</strong></span> <span class='ocrx_word' id='word_1_12' title='bbox 1872 468 2096 524; x_wconf 90' lang='lat' dir='ltr'><strong>minime</strong></span> <span class='ocrx_word' id='word_1_13' title='bbox 2125 476 2171 529; x_wconf 82' lang='lat' dir='ltr'><strong>A</strong></span> <span class='ocrx_word' id='word_1_14' title='bbox 2202 485 2317 523; x_wconf 87' lang='lat' dir='ltr'><strong>sam</strong></span> <span class='ocrx_word' id='word_1_15' title='bbox 2345 470 2622 524; x_wconf 86' lang='lat' dir='ltr'><strong>civitatem</strong></span> <span class='ocrx_word' id='word_1_16' title='bbox 2654 470 2851 526; x_wconf 89' lang='lat' dir='ltr'><strong>habeat</strong></span> <span class='ocrx_word' id='word_1_17' title='bbox 2883 470 3044 537; x_wconf 88' lang='lat' dir='ltr'><strong>Coni,</strong></span> <span class='ocrx_word' id='word_1_18' title='bbox 3074 470 3180 525; x_wconf 90' lang='lat' dir='ltr'><strong>hoc</strong></span> <span class='ocrx_word' id='word_1_19' title='bbox 3216 475 3322 531; x_wconf 89' lang='lat' dir='ltr'><strong>est.</strong></span> <span class='ocrx_word' id='word_1_20' title='bbox 3354 467 3600 526; x_wconf 84' lang='lat' dir='ltr'><strong>Iconium.</strong></span> <span class='ocrx_word' id='word_1_21' title='bbox 3629 475 3714 527; x_wconf 75' lang='lat' dir='ltr'><strong>lte-</strong></span> 
     </span>
    </p>
   </div>
   <div class='ocr_carea' id='block_1_3' title="bbox 524 550 3711 633">
    <p class='ocr_par' dir='ltr' id='par_1_3' title="bbox 524 550 3711 633">
     <span class='ocr_line' id='line_1_3' title="bbox 524 550 3711 633; baseline 0.003 -27"><span class='ocrx_word' id='word_1_22' title='bbox 524 552 598 606; x_wconf 84' lang='lat' dir='ltr'><strong>sit</strong></span> <span class='ocrx_word' id='word_1_23' title='bbox 621 550 877 607; x_wconf 84' lang='lat' dir='ltr'><strong>Armenia</strong></span> <span class='ocrx_word' id='word_1_24' title='bbox 909 553 1109 617; x_wconf 89' lang='lat' dir='ltr'><strong>minor,</strong></span> <span class='ocrx_word' id='word_1_25' title='bbox 1143 553 1240 607; x_wconf 78' lang='lat' dir='ltr'><strong>sed</strong></span> <span class='ocrx_word' id='word_1_26' title='bbox 1275 550 1509 625; x_wconf 84' lang='lat' dir='ltr'><strong>Phrygia</strong></span> <span class='ocrx_word' id='word_1_27' title='bbox 1541 556 1736 624; x_wconf 74' lang='lat' dir='ltr'><strong>major,</strong></span> <span class='ocrx_word' id='word_1_28' title='bbox 1772 567 1828 610; x_wconf 90' lang='lat' dir='ltr'><strong>ut</strong></span> <span class='ocrx_word' id='word_1_29' title='bbox 1878 568 2067 627; x_wconf 88' lang='lat' dir='ltr'><strong>aperte</strong></span> <span class='ocrx_word' id='word_1_30' title='bbox 2190 563 2339 617; x_wconf 91' lang='lat' dir='ltr'><strong>ctius</strong></span> <span class='ocrx_word' id='word_1_31' title='bbox 2370 560 2515 618; x_wconf 88' lang='lat' dir='ltr'><strong>hanc</strong></span> <span class='ocrx_word' id='word_1_32' title='bbox 2569 564 2804 618; x_wconf 91' lang='lat' dir='ltr'><strong>collocat</strong></span> <span class='ocrx_word' id='word_1_33' title='bbox 2834 564 2887 617; x_wconf 93' lang='lat' dir='ltr'><strong>in</strong></span> <span class='ocrx_word' id='word_1_34' title='bbox 2934 561 3237 633; x_wconf 84' lang='lat' dir='ltr'><strong>Lycaonia,</strong></span> <span class='ocrx_word' id='word_1_35' title='bbox 3281 577 3438 630; x_wconf 88' lang='lat' dir='ltr'><strong>quam</strong></span> <span class='ocrx_word' id='word_1_36' title='bbox 3478 562 3711 621; x_wconf 83' lang='lat' dir='ltr'><strong>Laonicus</strong></span> 
     </span>
    </p>
   </div>
   <div class='ocr_carea' id='block_1_4' title="bbox 522 642 3709 725">
    <p class='ocr_par' dir='ltr' id='par_1_4' title="bbox 522 642 3709 725">
     <span class='ocr_line' id='line_1_4' title="bbox 522 642 3709 725; baseline 0.003 -26"><span class='ocrx_word' id='word_1_37' title='bbox 522 643 696 699; x_wconf 89' lang='lat' dir='ltr'><strong>lector</strong></span> <span class='ocrx_word' id='word_1_38' title='bbox 722 659 788 697; x_wconf 81' lang='lat' dir='ltr'><strong>ex</strong></span> <span class='ocrx_word' id='word_1_39' title='bbox 820 642 952 712; x_wconf 81' lang='lat' dir='ltr'><strong>ipsis</strong></span> <span class='ocrx_word' id='word_1_40' title='bbox 980 644 1275 699; x_wconf 81' lang='lat' dir='ltr'><strong>Annalium</strong></span> <span class='ocrx_word' id='word_1_41' title='bbox 1300 646 1483 701; x_wconf 82' lang='lat' dir='ltr'><strong>verbis</strong></span> <span class='ocrx_word' id='word_1_42' title='bbox 1517 662 1748 702; x_wconf 86' lang='lat' dir='ltr'><strong>numero</strong></span> <span class='ocrx_word' id='word_1_43' title='bbox 1788 650 1857 704; x_wconf 84' lang='lat'><strong>57</strong></span> <span class='ocrx_word' id='word_1_44' title='bbox 1886 652 2089 707; x_wconf 89' lang='lat' dir='ltr'><strong>notatis</strong></span> <span class='ocrx_word' id='word_1_45' title='bbox 2187 654 2242 708; x_wconf 87' lang='lat' dir='ltr'><strong>itt</strong></span> <span class='ocrx_word' id='word_1_46' title='bbox 2271 654 2430 709; x_wconf 89' lang='lat' dir='ltr'><strong>Caria</strong></span> <span class='ocrx_word' id='word_1_47' title='bbox 2458 671 2475 720; x_wconf 87' lang='lat'><strong>;</strong></span> <span class='ocrx_word' id='word_1_48' title='bbox 2509 658 2574 710; x_wconf 86' lang='lat' dir='ltr'><strong>de</strong></span> <span class='ocrx_word' id='word_1_49' title='bbox 2603 670 2713 725; x_wconf 77' lang='lat' dir='ltr'><strong>quo</strong></span> <span class='ocrx_word' id='word_1_50' title='bbox 2735 671 2902 725; x_wconf 80' lang='lat' dir='ltr'><strong>supra</strong></span> <span class='ocrx_word' id='word_1_51' title='bbox 2940 670 3167 710; x_wconf 89' lang='lat' dir='ltr'><strong>numero</strong></span> <span class='ocrx_word' id='word_1_52' title='bbox 3192 654 3279 718; x_wconf 70' lang='lat'><strong>12,</strong></span> <span class='ocrx_word' id='word_1_53' title='bbox 3308 656 3523 709; x_wconf 82' lang='lat' dir='ltr'><strong>dictum.</strong></span> <span class='ocrx_word' id='word_1_54' title='bbox 3559 656 3709 723; x_wconf 84' lang='lat' dir='ltr'><strong>Addit,</strong></span> 
     </span>
    </p>
   </div>
   <div class='ocr_carea' id='block_1_5' title="bbox 522 733 3710 818">
    <p class='ocr_par' dir='ltr' id='par_1_5' title="bbox 522 733 3710 818">
     <span class='ocr_line' id='line_1_5' title="bbox 522 733 3710 818; baseline 0.005 -30"><span class='ocrx_word' id='word_1_55' title='bbox 522 733 821 807; x_wconf 84' lang='lat' dir='ltr'><strong>perspicit;</strong></span> <span class='ocrx_word' id='word_1_56' title='bbox 864 743 979 787; x_wconf 90' lang='lat' dir='ltr'><strong>tum</strong></span> <span class='ocrx_word' id='word_1_57' title='bbox 1010 735 1197 802; x_wconf 90' lang='lat' dir='ltr'><strong>etiam,</strong></span> <span class='ocrx_word' id='word_1_58' title='bbox 1251 736 1393 805; x_wconf 90' lang='lat' dir='ltr'><strong>quod</strong></span> <span class='ocrx_word' id='word_1_59' title='bbox 1420 752 1451 791; x_wconf 94' lang='lat' dir='ltr'><strong>e</strong></span> <span class='ocrx_word' id='word_1_60' title='bbox 1493 737 1676 794; x_wconf 83' lang='lat' dir='ltr'><strong>Persia</strong></span> <span class='ocrx_word' id='word_1_61' title='bbox 1710 742 1947 796; x_wconf 88' lang='lat' dir='ltr'><strong>venienti</strong></span> <span class='ocrx_word' id='word_1_62' title='bbox 1985 745 2087 798; x_wconf 88' lang='lat' dir='ltr'><strong>mi-</strong></span> <span class='ocrx_word' id='word_1_63' title='bbox 2188 750 2328 803; x_wconf 88' lang='lat' dir='ltr'><strong>hanc</strong></span> <span class='ocrx_word' id='word_1_64' title='bbox 2357 763 2479 803; x_wconf 87' lang='lat' dir='ltr'><strong>esse</strong></span> <span class='ocrx_word' id='word_1_65' title='bbox 2505 750 2768 818; x_wconf 81' lang='lat' dir='ltr'><strong>majorem</strong></span> <span class='ocrx_word' id='word_1_66' title='bbox 2803 749 2971 804; x_wconf 80' lang='lat' dir='ltr'><strong>totius</strong></span> <span class='ocrx_word' id='word_1_67' title='bbox 3020 749 3276 817; x_wconf 70' lang='lat' dir='ltr'><strong>Tui-quite</strong></span> <span class='ocrx_word' id='word_1_68' title='bbox 3320 748 3491 817; x_wconf 83' lang='lat' dir='ltr'><strong>regni,</strong></span> <span class='ocrx_word' id='word_1_69' title='bbox 3526 749 3617 802; x_wconf 74' lang='lat' dir='ltr'><strong>hoc</strong></span> <span class='ocrx_word' id='word_1_70' title='bbox 3642 760 3710 804; x_wconf 81' lang='lat' dir='ltr'><strong>est</strong></span> 
     </span>
    </p>
   </div>
   <div class='ocr_carea' id='block_1_6' title="bbox 429 824 3713 911">
    <p class='ocr_par' dir='ltr' id='par_1_6' title="bbox 429 824 3713 911">
     <span class='ocr_line' id='line_1_6' title="bbox 429 824 3713 911; baseline 0.004 -29"><span class='ocrx_word' id='word_1_71' title='bbox 429 888 436 896; x_wconf 62' lang='grc'><strong><em>,</em></strong></span> <span class='ocrx_word' id='word_1_72' title='bbox 522 828 667 881; x_wconf 87' lang='lat' dir='ltr'><strong>nime</strong></span> <span class='ocrx_word' id='word_1_73' title='bbox 692 824 964 895; x_wconf 81' lang='lat' dir='ltr'><strong>Bajazites</strong></span> <span class='ocrx_word' id='word_1_74' title='bbox 996 842 1225 882; x_wconf 84' lang='lat' dir='ltr'><strong>munera</strong></span> <span class='ocrx_word' id='word_1_75' title='bbox 1260 831 1560 898; x_wconf 78' lang='lat' dir='ltr'><strong>quotannis</strong></span> <span class='ocrx_word' id='word_1_76' title='bbox 1598 833 1868 889; x_wconf 87' lang='lat' dir='ltr'><strong>missurus</strong></span> <span class='ocrx_word' id='word_1_77' title='bbox 1896 836 2083 893; x_wconf 67' lang='lat' dir='ltr'><strong>fuerit.</strong></span> <span class='ocrx_word' id='word_1_78' title='bbox 2186 841 2554 910; x_wconf 70' lang='lat' dir='ltr'><strong>metropoiim.</strong></span> <span class='ocrx_word' id='word_1_79' title='bbox 2631 841 2907 911; x_wconf 86' lang='lat' dir='ltr'><strong>Briquiam</strong></span> <span class='ocrx_word' id='word_1_80' title='bbox 2982 840 3311 896; x_wconf 81' lang='lat' dir='ltr'><strong>Reineccius</strong></span> <span class='ocrx_word' id='word_1_81' title='bbox 3365 841 3713 910; x_wconf 81' lang='lat' dir='ltr'><strong>interpretatur</strong></span> 
     </span>
    </p>
   </div>
   <div class='ocr_carea' id='block_1_7' title="bbox 516 915 3713 1003">
    <p class='ocr_par' dir='ltr' id='par_1_7' title="bbox 516 915 3713 1003">
     <span class='ocr_line' id='line_1_7' title="bbox 516 915 3713 1003; baseline 0.003 -30"><span class='ocrx_word' id='word_1_82' title='bbox 516 915 650 973; x_wconf 88' lang='lat' dir='ltr'><strong>.Utnt</strong></span> <span class='ocrx_word' id='word_1_83' title='bbox 678 931 799 972; x_wconf 91' lang='lat' dir='ltr'><strong>sese</strong></span> <span class='ocrx_word' id='word_1_84' title='bbox 822 932 910 973; x_wconf 87' lang='lat' dir='ltr'><strong>res</strong></span> <span class='ocrx_word' id='word_1_85' title='bbox 937 918 1155 985; x_wconf 88' lang='lat' dir='ltr'><strong>habeat,</strong></span> <span class='ocrx_word' id='word_1_86' title='bbox 1176 919 1371 976; x_wconf 86' lang='lat' dir='ltr'><strong>Scacbi</strong></span> <span class='ocrx_word' id='word_1_87' title='bbox 1397 922 1614 992; x_wconf 87' lang='lat' dir='ltr'><strong>quidem</strong></span> <span class='ocrx_word' id='word_1_88' title='bbox 1638 925 1867 982; x_wconf 87' lang='lat' dir='ltr'><strong>lsmailis</strong></span> <span class='ocrx_word' id='word_1_89' title='bbox 1901 938 2082 996; x_wconf 83' lang='lat' dir='ltr'><strong>partes</strong></span> <span class='ocrx_word' id='word_1_90' title='bbox 2183 930 2429 1002; x_wconf 84' lang='lat' dir='ltr'><strong>Lyciam,</strong></span> <span class='ocrx_word' id='word_1_91' title='bbox 2452 948 2575 986; x_wconf 90' lang='lat' dir='ltr'><strong>cum</strong></span> <span class='ocrx_word' id='word_1_92' title='bbox 2611 932 2833 1002; x_wconf 87' lang='lat' dir='ltr'><strong>Briquia</strong></span> <span class='ocrx_word' id='word_1_93' title='bbox 2861 948 2957 985; x_wconf 82' lang='lat' dir='ltr'><strong>seu</strong></span> <span class='ocrx_word' id='word_1_94' title='bbox 2995 932 3231 1003; x_wconf 86' lang='lat' dir='ltr'><strong>Bryquia</strong></span> <span class='ocrx_word' id='word_1_95' title='bbox 3261 932 3332 986; x_wconf 85' lang='lat' dir='ltr'><strong>sit</strong></span> <span class='ocrx_word' id='word_1_96' title='bbox 3362 931 3601 1001; x_wconf 76' lang='lat' dir='ltr'><strong>Phrygia.</strong></span> <span class='ocrx_word' id='word_1_97' title='bbox 3630 933 3713 986; x_wconf 82' lang='lat' dir='ltr'><strong>Fa-</strong></span> 
     </span>
    </p>
   </div>
   <div class='ocr_carea' id='block_1_8' title="bbox 515 1008 3711 1094">
    <p class='ocr_par' dir='ltr' id='par_1_8' title="bbox 515 1008 3711 1094">
     <span class='ocr_line' id='line_1_8' title="bbox 515 1008 3711 1094; baseline 0.004 -33"><span class='ocrx_word' id='word_1_98' title='bbox 515 1008 801 1078; x_wconf 86' lang='lat' dir='ltr'><strong>amplexus</strong></span> <span class='ocrx_word' id='word_1_99' title='bbox 831 1008 953 1085; x_wconf 71' lang='lat' dir='ltr'><strong>fuit,</strong></span> <span class='ocrx_word' id='word_1_100' title='bbox 984 1010 1218 1080; x_wconf 85' lang='lat' dir='ltr'><strong>ideoque</strong></span> <span class='ocrx_word' id='word_1_101' title='bbox 1256 1011 1430 1067; x_wconf 86' lang='lat' dir='ltr'><strong>Scach</strong></span> <span class='ocrx_word' id='word_1_102' title='bbox 1465 1013 1585 1069; x_wconf 88' lang='lat' dir='ltr'><strong>Culi</strong></span> <span class='ocrx_word' id='word_1_103' title='bbox 1616 1017 1971 1073; x_wconf 84' lang='lat' dir='ltr'><strong>nominatus:</strong></span> <span class='ocrx_word' id='word_1_104' title='bbox 2012 1034 2079 1073; x_wconf 72' lang='lat' dir='ltr'><strong>ex</strong></span> <span class='ocrx_word' id='word_1_105' title='bbox 2182 1024 2257 1077; x_wconf 86' lang='lat' dir='ltr'><strong>cit</strong></span> <span class='ocrx_word' id='word_1_106' title='bbox 2296 1031 2474 1077; x_wconf 84' lang='lat' dir='ltr'><strong>autem</strong></span> <span class='ocrx_word' id='word_1_107' title='bbox 2499 1022 2751 1094; x_wconf 71' lang='lat' dir='ltr'><strong>Bryquias</strong></span> <span class='ocrx_word' id='word_1_108' title='bbox 2783 1024 3127 1092; x_wconf 89' lang='lat' dir='ltr'><strong>metropolitn</strong></span> <span class='ocrx_word' id='word_1_109' title='bbox 3175 1023 3460 1094; x_wconf 80' lang='lat' dir='ltr'><strong>Aythonus</strong></span> <span class='ocrx_word' id='word_1_110' title='bbox 3495 1021 3711 1076; x_wconf 82' lang='lat' dir='ltr'><strong>Zichiam</strong></span> 
     </span>
    </p>
   </div>
   <div class='ocr_carea' id='block_1_9' title="bbox 512 1099 3717 1184">
    <p class='ocr_par' dir='ltr' id='par_1_9' title="bbox 512 1099 3717 1184">
     <span class='ocr_line' id='line_1_9' title="bbox 512 1099 3717 1184; baseline 0.005 -32"><span class='ocrx_word' id='word_1_111' title='bbox 512 1114 624 1168; x_wconf 87' lang='lat' dir='ltr'><strong>quo</strong></span> <span class='ocrx_word' id='word_1_112' title='bbox 687 1099 877 1167; x_wconf 92' lang='lat' dir='ltr'><strong>Turci,</strong></span> <span class='ocrx_word' id='word_1_113' title='bbox 941 1102 1191 1171; x_wconf 89' lang='lat' dir='ltr'><strong>partibus</strong></span> <span class='ocrx_word' id='word_1_114' title='bbox 1237 1102 1656 1160; x_wconf 87' lang='lat' dir='ltr'><strong>Osmanidarum</strong></span> <span class='ocrx_word' id='word_1_115' title='bbox 1717 1107 2080 1174; x_wconf 81' lang='lat' dir='ltr'><strong>adhaerentes.</strong></span> <span class='ocrx_word' id='word_1_116' title='bbox 2181 1112 2424 1171; x_wconf 66' lang='lat' dir='ltr'><strong>Grazciae.</strong></span> <span class='ocrx_word' id='word_1_117' title='bbox 2455 1113 2548 1169; x_wconf 83' lang='lat' dir='ltr'><strong>Sic</strong></span> <span class='ocrx_word' id='word_1_118' title='bbox 2574 1115 2718 1169; x_wconf 86' lang='lat' dir='ltr'><strong>enim</strong></span> <span class='ocrx_word' id='word_1_119' title='bbox 2752 1115 3001 1184; x_wconf 78' lang='lat' dir='ltr'><strong>scripsit,</strong></span> <span class='ocrx_word' id='word_1_120' title='bbox 3041 1116 3267 1169; x_wconf 84' lang='lat' dir='ltr'><strong>nomine</strong></span> <span class='ocrx_word' id='word_1_121' title='bbox 3308 1115 3524 1169; x_wconf 68' lang='lat' dir='ltr'><strong>Graeciae</strong></span> <span class='ocrx_word' id='word_1_122' title='bbox 3545 1116 3717 1169; x_wconf 78' lang='lat' dir='ltr'><strong>Rom-</strong></span> 
     </span>
    </p>
   </div>
   <div class='ocr_carea' id='block_1_10' title="bbox 510 1189 3713 1274">
    <p class='ocr_par' dir='ltr' id='par_1_10' title="bbox 510 1189 3713 1274">
     <span class='ocr_line' id='line_1_10' title="bbox 510 1189 3713 1274; baseline 0.004 -29"><span class='ocrx_word' id='word_1_123' title='bbox 510 1189 693 1246; x_wconf 80' lang='lat' dir='ltr'><strong>fecere</strong></span> <span class='ocrx_word' id='word_1_124' title='bbox 747 1190 937 1247; x_wconf 88' lang='lat' dir='ltr'><strong>Scitan</strong></span> <span class='ocrx_word' id='word_1_125' title='bbox 983 1191 1124 1260; x_wconf 89' lang='lat' dir='ltr'><strong>Culi,</strong></span> <span class='ocrx_word' id='word_1_126' title='bbox 1161 1209 1294 1251; x_wconf 91' lang='lat' dir='ltr'><strong>voce</strong></span> <span class='ocrx_word' id='word_1_127' title='bbox 1323 1197 1664 1267; x_wconf 84' lang='lat' dir='ltr'><strong>signiticante</strong></span> <span class='ocrx_word' id='word_1_128' title='bbox 1717 1198 1932 1256; x_wconf 63' lang='lat' dir='ltr'><strong>Satanas</strong></span> <span class='ocrx_word' id='word_1_129' title='bbox 1995 1203 2078 1257; x_wconf 85' lang='lat' dir='ltr'><strong>vel</strong></span> <span class='ocrx_word' id='word_1_130' title='bbox 2179 1203 2329 1258; x_wconf 90' lang='lat' dir='ltr'><strong>niam</strong></span> <span class='ocrx_word' id='word_1_131' title='bbox 2392 1204 2701 1273; x_wconf 81' lang='lat' dir='ltr'><strong>intelligens</strong></span> <span class='ocrx_word' id='word_1_132' title='bbox 2758 1205 3080 1271; x_wconf 80' lang='lat' dir='ltr'><strong>Asiaticam,</strong></span> <span class='ocrx_word' id='word_1_133' title='bbox 3119 1204 3188 1260; x_wconf 91' lang='lat' dir='ltr'><strong>de</strong></span> <span class='ocrx_word' id='word_1_134' title='bbox 3220 1220 3328 1274; x_wconf 84' lang='lat' dir='ltr'><strong>qua</strong></span> <span class='ocrx_word' id='word_1_135' title='bbox 3355 1205 3554 1259; x_wconf 85' lang='lat' dir='ltr'><strong>dictum</strong></span> <span class='ocrx_word' id='word_1_136' title='bbox 3598 1202 3713 1258; x_wconf 60' lang='grc' dir='ltr'><strong>αὖ.</strong></span> 
     </span>
    </p>
   </div>
   <div class='ocr_carea' id='block_1_11' title="bbox 509 1283 3715 1366">
    <p class='ocr_par' dir='ltr' id='par_1_11' title="bbox 509 1283 3715 1366">
     <span class='ocr_line' id='line_1_11' title="bbox 509 1283 3715 1366; baseline 0.003 -30"><span class='ocrx_word' id='word_1_137' title='bbox 509 1283 710 1338; x_wconf 89' lang='lat' dir='ltr'><strong>diaboli</strong></span> <span class='ocrx_word' id='word_1_138' title='bbox 737 1299 953 1341; x_wconf 87' lang='lat' dir='ltr'><strong>servum</strong></span> <span class='ocrx_word' id='word_1_139' title='bbox 982 1288 1406 1356; x_wconf 89' lang='lat' dir='ltr'><strong>mancipiumve.</strong></span> <span class='ocrx_word' id='word_1_140' title='bbox 1446 1290 1727 1347; x_wconf 72' lang='lat' dir='ltr'><strong>Geufraaus</strong></span> <span class='ocrx_word' id='word_1_141' title='bbox 1756 1293 1952 1349; x_wconf 87' lang='lat' dir='ltr'><strong>alicubi</strong></span> <span class='ocrx_word' id='word_1_142' title='bbox 1981 1310 2078 1363; x_wconf 90' lang='lat' dir='ltr'><strong>pro</strong></span> <span class='ocrx_word' id='word_1_143' title='bbox 2180 1294 2427 1350; x_wconf 88' lang='lat' dir='ltr'><strong>Zichiam</strong></span> <span class='ocrx_word' id='word_1_144' title='bbox 2492 1296 2633 1350; x_wconf 91' lang='lat' dir='ltr'><strong>hanc</strong></span> <span class='ocrx_word' id='word_1_145' title='bbox 2675 1295 3001 1352; x_wconf 79' lang='lat' dir='ltr'><strong>Reineccius</strong></span> <span class='ocrx_word' id='word_1_146' title='bbox 3048 1296 3450 1366; x_wconf 84' lang='lat' dir='ltr'><strong>interpretatur</strong></span> <span class='ocrx_word' id='word_1_147' title='bbox 3480 1294 3715 1365; x_wconf 78' lang='lat' dir='ltr'><strong>Cydnam.</strong></span> 
     </span>
    </p>
   </div>
   <div class='ocr_carea' id='block_1_12' title="bbox 510 1377 3720 1459">
    <p class='ocr_par' dir='ltr' id='par_1_12' title="bbox 510 1377 3720 1459">
     <span class='ocr_line' id='line_1_12' title="bbox 510 1377 3720 1459; baseline 0.002 -29"><span class='ocrx_word' id='word_1_148' title='bbox 510 1377 633 1431; x_wconf 86' lang='lat' dir='ltr'><strong>Culi</strong></span> <span class='ocrx_word' id='word_1_149' title='bbox 689 1377 911 1448; x_wconf 85' lang='lat' dir='ltr'><strong>scripsit</strong></span> <span class='ocrx_word' id='word_1_150' title='bbox 941 1377 1175 1435; x_wconf 89' lang='lat' dir='ltr'><strong>Coullet.</strong></span> <span class='ocrx_word' id='word_1_151' title='bbox 1215 1382 1601 1452; x_wconf 86' lang='lat' dir='ltr'><strong>Spanduginus</strong></span> <span class='ocrx_word' id='word_1_152' title='bbox 1633 1386 1680 1438; x_wconf 88' lang='lat' dir='ltr'><strong>ei</strong></span> <span class='ocrx_word' id='word_1_153' title='bbox 1736 1387 2076 1455; x_wconf 87' lang='lat' dir='ltr'><strong>suppeditata</strong></span> <span class='ocrx_word' id='word_1_154' title='bbox 2176 1389 2339 1459; x_wconf 79' lang='lat' dir='ltr'><strong>Atqui</strong></span> <span class='ocrx_word' id='word_1_155' title='bbox 2374 1387 2611 1443; x_wconf 71' lang='lat' dir='ltr'><strong>Zicchiae</strong></span> <span class='ocrx_word' id='word_1_156' title='bbox 2660 1388 2934 1443; x_wconf 82' lang='lat' dir='ltr'><strong>Cedrinus</strong></span> <span class='ocrx_word' id='word_1_157' title='bbox 2967 1404 3190 1459; x_wconf 85' lang='lat' dir='ltr'><strong>quoque</strong></span> <span class='ocrx_word' id='word_1_158' title='bbox 3244 1387 3568 1443; x_wconf 82' lang='lat' dir='ltr'><strong>mentionem</strong></span> <span class='ocrx_word' id='word_1_159' title='bbox 3614 1385 3720 1441; x_wconf 74' lang='lat' dir='ltr'><strong>fecit</strong></span> 
     </span>
    </p>
   </div>
   <div class='ocr_carea' id='block_1_13' title="bbox 506 1466 3715 1547">
    <p class='ocr_par' dir='ltr' id='par_1_13' title="bbox 506 1466 3715 1547">
     <span class='ocr_line' id='line_1_13' title="bbox 506 1466 3715 1547; baseline 0.003 -27"><span class='ocrx_word' id='word_1_160' title='bbox 506 1466 680 1522; x_wconf 78' lang='lat' dir='ltr'><strong>fuisse</strong></span> <span class='ocrx_word' id='word_1_161' title='bbox 721 1470 888 1523; x_wconf 85' lang='lat' dir='ltr'><strong>tradit</strong></span> <span class='ocrx_word' id='word_1_162' title='bbox 924 1470 994 1525; x_wconf 86' lang='lat' dir='ltr'><strong>ab</strong></span> <span class='ocrx_word' id='word_1_163' title='bbox 1040 1470 1259 1527; x_wconf 88' lang='lat' dir='ltr'><strong>lsmaile</strong></span> <span class='ocrx_word' id='word_1_164' title='bbox 1293 1472 1504 1528; x_wconf 89' lang='lat' dir='ltr'><strong>Scacho</strong></span> <span class='ocrx_word' id='word_1_165' title='bbox 1547 1473 1732 1529; x_wconf 76' lang='lat'><strong>20000</strong></span> <span class='ocrx_word' id='word_1_166' title='bbox 1770 1476 2074 1541; x_wconf 86' lang='lat' dir='ltr'><strong>hominum,</strong></span> <span class='ocrx_word' id='word_1_167' title='bbox 2176 1482 2325 1537; x_wconf 90' lang='lat' dir='ltr'><strong>velut</strong></span> <span class='ocrx_word' id='word_1_168' title='bbox 2349 1481 2589 1536; x_wconf 79' lang='lat' dir='ltr'><strong>civitatis</strong></span> <span class='ocrx_word' id='word_1_169' title='bbox 2614 1481 2665 1535; x_wconf 92' lang='lat' dir='ltr'><strong>in</strong></span> <span class='ocrx_word' id='word_1_170' title='bbox 2694 1482 2823 1537; x_wconf 91' lang='lat' dir='ltr'><strong>Asia</strong></span> <span class='ocrx_word' id='word_1_171' title='bbox 2865 1482 3061 1537; x_wconf 89' lang='lat' dir='ltr'><strong>minori</strong></span> <span class='ocrx_word' id='word_1_172' title='bbox 3094 1482 3212 1536; x_wconf 69' lang='lat' dir='ltr'><strong>sita:</strong></span> <span class='ocrx_word' id='word_1_173' title='bbox 3246 1496 3261 1536; x_wconf 91' lang='lat'><strong>:</strong></span> <span class='ocrx_word' id='word_1_174' title='bbox 3299 1497 3423 1535; x_wconf 77' lang='lat' dir='ltr'><strong>eum</strong></span> <span class='ocrx_word' id='word_1_175' title='bbox 3468 1481 3519 1534; x_wconf 80' lang='lat' dir='ltr'><strong>in</strong></span> <span class='ocrx_word' id='word_1_176' title='bbox 3541 1479 3715 1547; x_wconf 74' lang='lat' dir='ltr'><strong>Capro-</strong></span> 
     </span>
    </p>
   </div>
   <div class='ocr_carea' id='block_1_14' title="bbox 506 1559 3721 1644">
    <p class='ocr_par' dir='ltr' id='par_1_14' title="bbox 506 1559 3721 1644">
     <span class='ocr_line' id='line_1_14' title="bbox 506 1559 3721 1644; baseline 0.005 -35"><span class='ocrx_word' id='word_1_177' title='bbox 506 1559 654 1625; x_wconf 81' lang='lat' dir='ltr'><strong>quod</strong></span> <span class='ocrx_word' id='word_1_178' title='bbox 689 1560 939 1625; x_wconf 86' lang='lat' dir='ltr'><strong>equidem</strong></span> <span class='ocrx_word' id='word_1_179' title='bbox 970 1577 1165 1617; x_wconf 81' lang='lat' dir='ltr'><strong>verum</strong></span> <span class='ocrx_word' id='word_1_180' title='bbox 1198 1580 1305 1617; x_wconf 92' lang='lat' dir='ltr'><strong>non</strong></span> <span class='ocrx_word' id='word_1_181' title='bbox 1343 1565 1601 1632; x_wconf 86' lang='lat' dir='ltr'><strong>arbitror,</strong></span> <span class='ocrx_word' id='word_1_182' title='bbox 1631 1582 1693 1621; x_wconf 81' lang='lat' dir='ltr'><strong>ex</strong></span> <span class='ocrx_word' id='word_1_183' title='bbox 1738 1567 1808 1623; x_wconf 91' lang='lat' dir='ltr'><strong>iis</strong></span> <span class='ocrx_word' id='word_1_184' title='bbox 1835 1585 1957 1638; x_wconf 76' lang='lat' dir='ltr'><strong>qute</strong></span> <span class='ocrx_word' id='word_1_185' title='bbox 1987 1570 2076 1626; x_wconf 93' lang='lat' dir='ltr'><strong>hic</strong></span> <span class='ocrx_word' id='word_1_186' title='bbox 2174 1587 2341 1643; x_wconf 80' lang='lat' dir='ltr'><strong>nymo</strong></span> <span class='ocrx_word' id='word_1_187' title='bbox 2376 1574 2547 1644; x_wconf 78' lang='lat' dir='ltr'><strong>frigus</strong></span> <span class='ocrx_word' id='word_1_188' title='bbox 2577 1572 2881 1627; x_wconf 89' lang='lat' dir='ltr'><strong>inauditum</strong></span> <span class='ocrx_word' id='word_1_189' title='bbox 2913 1571 3197 1626; x_wconf 72' lang='lat' dir='ltr'><strong>memoriae</strong></span> <span class='ocrx_word' id='word_1_190' title='bbox 3234 1569 3440 1639; x_wconf 85' lang='lat' dir='ltr'><strong>prodit,</strong></span> <span class='ocrx_word' id='word_1_191' title='bbox 3463 1582 3567 1638; x_wconf 90' lang='lat' dir='ltr'><strong>quo</strong></span> <span class='ocrx_word' id='word_1_192' title='bbox 3606 1582 3721 1621; x_wconf 82' lang='lat' dir='ltr'><strong>con-</strong></span> 
     </span>
    </p>
   </div>
   <div class='ocr_carea' id='block_1_15' title="bbox 506 1649 3717 1733">
    <p class='ocr_par' dir='ltr' id='par_1_15' title="bbox 506 1649 3717 1733">
     <span class='ocr_line' id='line_1_15' title="bbox 506 1649 3717 1733; baseline 0.001 -29"><span class='ocrx_word' id='word_1_193' title='bbox 506 1649 562 1704; x_wconf 92' lang='lat' dir='ltr'><strong>in</strong></span> <span class='ocrx_word' id='word_1_194' title='bbox 593 1652 902 1708; x_wconf 82' lang='lat' dir='ltr'><strong>Annalibus</strong></span> <span class='ocrx_word' id='word_1_195' title='bbox 940 1666 1267 1724; x_wconf 80' lang='lat' dir='ltr'><strong>sequuntur.</strong></span> <span class='ocrx_word' id='word_1_196' title='bbox 1300 1656 1469 1727; x_wconf 79' lang='lat' dir='ltr'><strong>Magis</strong></span> <span class='ocrx_word' id='word_1_197' title='bbox 1497 1666 1581 1713; x_wconf 90' lang='lat' dir='ltr'><strong>est</strong></span> <span class='ocrx_word' id='word_1_198' title='bbox 1626 1674 1756 1714; x_wconf 88' lang='lat' dir='ltr'><strong>vero</strong></span> <span class='ocrx_word' id='word_1_199' title='bbox 1783 1672 2075 1717; x_wconf 87' lang='lat' dir='ltr'><strong>consenta-</strong></span> <span class='ocrx_word' id='word_1_200' title='bbox 2173 1663 2368 1733; x_wconf 86' lang='lat' dir='ltr'><strong>gelatis</strong></span> <span class='ocrx_word' id='word_1_201' title='bbox 2396 1662 2652 1717; x_wconf 85' lang='lat' dir='ltr'><strong>amnibus</strong></span> <span class='ocrx_word' id='word_1_202' title='bbox 2705 1669 2761 1716; x_wconf 91' lang='lat' dir='ltr'><strong>et</strong></span> <span class='ocrx_word' id='word_1_203' title='bbox 2786 1661 2906 1732; x_wconf 89' lang='lat' dir='ltr'><strong>ipso</strong></span> <span class='ocrx_word' id='word_1_204' title='bbox 2944 1660 3105 1724; x_wconf 89' lang='lat' dir='ltr'><strong>mari,</strong></span> <span class='ocrx_word' id='word_1_205' title='bbox 3132 1659 3386 1729; x_wconf 78' lang='lat' dir='ltr'><strong>potuisse</strong></span> <span class='ocrx_word' id='word_1_206' title='bbox 3424 1667 3606 1712; x_wconf 76' lang='lat' dir='ltr'><strong>narrat</strong></span> <span class='ocrx_word' id='word_1_207' title='bbox 3641 1656 3717 1709; x_wconf 83' lang='lat' dir='ltr'><strong>iti-</strong></span> 
     </span>
    </p>
   </div>
   <div class='ocr_carea' id='block_1_16' title="bbox 505 1741 3715 1825">
    <p class='ocr_par' dir='ltr' id='par_1_16' title="bbox 505 1741 3715 1825">
     <span class='ocr_line' id='line_1_16' title="bbox 505 1741 3715 1825; baseline 0.003 -30"><span class='ocrx_word' id='word_1_208' title='bbox 505 1758 690 1806; x_wconf 88' lang='lat' dir='ltr'><strong>neum,</strong></span> <span class='ocrx_word' id='word_1_209' title='bbox 724 1743 868 1814; x_wconf 87' lang='lat' dir='ltr'><strong>quod</strong></span> <span class='ocrx_word' id='word_1_210' title='bbox 895 1741 1084 1801; x_wconf 83' lang='lat' dir='ltr'><strong>Jovius</strong></span> <span class='ocrx_word' id='word_1_211' title='bbox 1113 1746 1211 1813; x_wconf 88' lang='lat' dir='ltr'><strong>ait,</strong></span> <span class='ocrx_word' id='word_1_212' title='bbox 1245 1762 1342 1817; x_wconf 90' lang='lat' dir='ltr'><strong>per</strong></span> <span class='ocrx_word' id='word_1_213' title='bbox 1370 1747 1743 1805; x_wconf 85' lang='lat' dir='ltr'><strong>internuntios</strong></span> <span class='ocrx_word' id='word_1_214' title='bbox 1770 1751 1839 1805; x_wconf 88' lang='lat' dir='ltr'><strong>ab</strong></span> <span class='ocrx_word' id='word_1_215' title='bbox 1862 1750 2071 1809; x_wconf 88' lang='lat' dir='ltr'><strong>lsmaile</strong></span> <span class='ocrx_word' id='word_1_216' title='bbox 2098 1800 2143 1825; x_wconf 57' lang='grc' dir='ltr'><strong>η</strong></span> <span class='ocrx_word' id='word_1_217' title='bbox 2176 1770 2306 1810; x_wconf 89' lang='lat' dir='ltr'><strong>nere</strong></span> <span class='ocrx_word' id='word_1_218' title='bbox 2364 1755 2608 1825; x_wconf 89' lang='lat' dir='ltr'><strong>pedestri</strong></span> <span class='ocrx_word' id='word_1_219' title='bbox 2642 1770 2672 1809; x_wconf 93' lang='lat' dir='ltr'><strong>a</strong></span> <span class='ocrx_word' id='word_1_220' title='bbox 2701 1754 2925 1810; x_wconf 87' lang='lat' dir='ltr'><strong>Zicchia</strong></span> <span class='ocrx_word' id='word_1_221' title='bbox 2974 1752 3203 1808; x_wconf 86' lang='lat' dir='ltr'><strong>transiri</strong></span> <span class='ocrx_word' id='word_1_222' title='bbox 3262 1767 3417 1808; x_wconf 83' lang='lat' dir='ltr'><strong>mare</strong></span> <span class='ocrx_word' id='word_1_223' title='bbox 3464 1750 3528 1805; x_wconf 88' lang='lat' dir='ltr'><strong>ad</strong></span> <span class='ocrx_word' id='word_1_224' title='bbox 3557 1752 3715 1821; x_wconf 82' lang='lat' dir='ltr'><strong>ipsum</strong></span> 
     </span>
    </p>
   </div>
   <div class='ocr_carea' id='block_1_17' title="bbox 502 1800 3718 1915">
    <p class='ocr_par' dir='ltr' id='par_1_17' title="bbox 502 1800 3718 1915">
     <span class='ocr_line' id='line_1_17' title="bbox 502 1800 3718 1915; baseline 0 -27"><span class='ocrx_word' id='word_1_225' title='bbox 502 1833 887 1889; x_wconf 84' lang='lat' dir='ltr'><strong>conﬁrmatum</strong></span> <span class='ocrx_word' id='word_1_226' title='bbox 935 1837 992 1891; x_wconf 90' lang='lat' dir='ltr'><strong>in</strong></span> <span class='ocrx_word' id='word_1_227' title='bbox 1053 1839 1338 1908; x_wconf 89' lang='lat' dir='ltr'><strong>proposito</strong></span> <span class='ocrx_word' id='word_1_228' title='bbox 1380 1838 1568 1896; x_wconf 80' lang='lat' dir='ltr'><strong>fuisse.</strong></span> <span class='ocrx_word' id='word_1_229' title='bbox 1603 1840 1752 1897; x_wconf 83' lang='lat' dir='ltr'><strong>Kisel</strong></span> <span class='ocrx_word' id='word_1_230' title='bbox 1779 1841 1940 1898; x_wconf 88' lang='lat' dir='ltr'><strong>bassa</strong></span> <span class='ocrx_word' id='word_1_231' title='bbox 1991 1845 2069 1901; x_wconf 88' lang='lat' dir='ltr'><strong>si-</strong></span> <span class='ocrx_word' id='word_1_232' title='bbox 2098 1800 2144 1862; x_wconf 75' lang='grc' dir='ltr'><strong>Β</strong></span> <span class='ocrx_word' id='word_1_233' title='bbox 2173 1860 2346 1915; x_wconf 91' lang='lat' dir='ltr'><strong>usque</strong></span> <span class='ocrx_word' id='word_1_234' title='bbox 2366 1800 2699 1908; x_wconf 40' lang='lat' dir='ltr'><strong>lIIJanubium,</strong></span> <span class='ocrx_word' id='word_1_235' title='bbox 2722 1844 2778 1899; x_wconf 91' lang='lat' dir='ltr'><strong>id</strong></span> <span class='ocrx_word' id='word_1_236' title='bbox 2816 1852 2902 1900; x_wconf 79' lang='lat' dir='ltr'><strong>est</strong></span> <span class='ocrx_word' id='word_1_237' title='bbox 2965 1843 3032 1899; x_wconf 87' lang='lat' dir='ltr'><strong>ad</strong></span> <span class='ocrx_word' id='word_1_238' title='bbox 3079 1842 3220 1898; x_wconf 89' lang='lat' dir='ltr'><strong>ostia</strong></span> <span class='ocrx_word' id='word_1_239' title='bbox 3250 1842 3507 1905; x_wconf 90' lang='lat' dir='ltr'><strong>Danubii,</strong></span> <span class='ocrx_word' id='word_1_240' title='bbox 3542 1800 3649 1909; x_wconf 61' lang='lat' dir='ltr'><strong>quae</strong></span> <span class='ocrx_word' id='word_1_241' title='bbox 3673 1840 3718 1891; x_wconf 86' lang='lat' dir='ltr'><strong>in</strong></span> 
     </span>
    </p>
   </div>
   <div class='ocr_carea' id='block_1_18' title="bbox 498 1923 3717 2007">
    <p class='ocr_par' dir='ltr' id='par_1_18' title="bbox 498 1923 3717 2007">
     <span class='ocr_line' id='line_1_18' title="bbox 498 1923 3717 2007; baseline 0.001 -30"><span class='ocrx_word' id='word_1_242' title='bbox 498 1923 718 1992; x_wconf 74' lang='lat' dir='ltr'><strong>gnificat</strong></span> <span class='ocrx_word' id='word_1_243' title='bbox 750 1927 975 1980; x_wconf 86' lang='lat' dir='ltr'><strong>rubrum</strong></span> <span class='ocrx_word' id='word_1_244' title='bbox 998 1937 1179 1997; x_wconf 88' lang='lat' dir='ltr'><strong>caput.</strong></span> <span class='ocrx_word' id='word_1_245' title='bbox 1201 1926 1254 1981; x_wconf 91' lang='lat' dir='ltr'><strong>ld</strong></span> <span class='ocrx_word' id='word_1_246' title='bbox 1286 1943 1484 1983; x_wconf 86' lang='lat' dir='ltr'><strong>nomen</strong></span> <span class='ocrx_word' id='word_1_247' title='bbox 1503 1931 1779 1985; x_wconf 87' lang='lat' dir='ltr'><strong>Osmanici</strong></span> <span class='ocrx_word' id='word_1_248' title='bbox 1799 1932 2069 1991; x_wconf 88' lang='lat' dir='ltr'><strong>dederunt</strong></span> <span class='ocrx_word' id='word_1_249' title='bbox 2171 1935 2403 1991; x_wconf 83' lang='lat' dir='ltr'><strong>Thracia</strong></span> <span class='ocrx_word' id='word_1_250' title='bbox 2437 1948 2587 1992; x_wconf 88' lang='lat' dir='ltr'><strong>sunt.</strong></span> <span class='ocrx_word' id='word_1_251' title='bbox 2616 1935 2885 2007; x_wconf 74' lang='lat' dir='ltr'><strong>Bithynia:</strong></span> <span class='ocrx_word' id='word_1_252' title='bbox 2914 1934 3237 2003; x_wconf 87' lang='lat' dir='ltr'><strong>metropolis</strong></span> <span class='ocrx_word' id='word_1_253' title='bbox 3257 1933 3398 2004; x_wconf 85' lang='lat' dir='ltr'><strong>apud</strong></span> <span class='ocrx_word' id='word_1_254' title='bbox 3432 1933 3717 2003; x_wconf 82' lang='lat' dir='ltr'><strong>Aythonum</strong></span> 
     </span>
    </p>
   </div>
   <div class='ocr_carea' id='block_1_19' title="bbox 503 2014 3720 2094">
    <p class='ocr_par' dir='ltr' id='par_1_19' title="bbox 503 2014 3720 2094">
     <span class='ocr_line' id='line_1_19' title="bbox 503 2014 3720 2094; baseline 0.001 -22"><span class='ocrx_word' id='word_1_255' title='bbox 503 2014 606 2070; x_wconf 87' lang='lat' dir='ltr'><strong>hoc</strong></span> <span class='ocrx_word' id='word_1_256' title='bbox 630 2016 752 2085; x_wconf 87' lang='lat' dir='ltr'><strong>ipso</strong></span> <span class='ocrx_word' id='word_1_257' title='bbox 782 2025 1026 2084; x_wconf 87' lang='lat' dir='ltr'><strong>tempore</strong></span> <span class='ocrx_word' id='word_1_258' title='bbox 1054 2018 1419 2073; x_wconf 84' lang='lat' dir='ltr'><strong>sectatoribus</strong></span> <span class='ocrx_word' id='word_1_259' title='bbox 1450 2017 1680 2075; x_wconf 86' lang='lat' dir='ltr'><strong>lsmailis</strong></span> <span class='ocrx_word' id='word_1_260' title='bbox 1707 2020 1898 2077; x_wconf 85' lang='lat' dir='ltr'><strong>Scaehi</strong></span> <span class='ocrx_word' id='word_1_261' title='bbox 1941 2023 2095 2079; x_wconf 42' lang='lat' dir='ltr'><strong>Per-x</strong></span> <span class='ocrx_word' id='word_1_262' title='bbox 2171 2026 2432 2081; x_wconf 88' lang='lat' dir='ltr'><strong>scribitur</strong></span> <span class='ocrx_word' id='word_1_263' title='bbox 2477 2040 2600 2082; x_wconf 89' lang='lat' dir='ltr'><strong>esse</strong></span> <span class='ocrx_word' id='word_1_264' title='bbox 2629 2023 2855 2089; x_wconf 87' lang='lat' dir='ltr'><strong>Nichor,</strong></span> <span class='ocrx_word' id='word_1_265' title='bbox 2880 2040 3044 2094; x_wconf 90' lang='lat' dir='ltr'><strong>quam</strong></span> <span class='ocrx_word' id='word_1_266' title='bbox 3076 2022 3317 2078; x_wconf 81' lang='lat' dir='ltr'><strong>Nicaeam</strong></span> <span class='ocrx_word' id='word_1_267' title='bbox 3364 2035 3511 2093; x_wconf 90' lang='lat' dir='ltr'><strong>puto,</strong></span> <span class='ocrx_word' id='word_1_268' title='bbox 3547 2020 3720 2076; x_wconf 81' lang='lat' dir='ltr'><strong>Turcis</strong></span> 
     </span>
    </p>
   </div>
   <div class='ocr_carea' id='block_1_20' title="bbox 499 2110 3716 2189">
    <p class='ocr_par' dir='ltr' id='par_1_20' title="bbox 499 2110 3716 2189">
     <span class='ocr_line' id='line_1_20' title="bbox 499 2110 3716 2189; baseline 0.001 -27"><span class='ocrx_word' id='word_1_269' title='bbox 499 2122 709 2171; x_wconf 88' lang='lat' dir='ltr'><strong>sarum,</strong></span> <span class='ocrx_word' id='word_1_270' title='bbox 736 2124 765 2162; x_wconf 91' lang='lat' dir='ltr'><strong>a</strong></span> <span class='ocrx_word' id='word_1_271' title='bbox 797 2110 963 2164; x_wconf 90' lang='lat' dir='ltr'><strong>rubro</strong></span> <span class='ocrx_word' id='word_1_272' title='bbox 998 2110 1193 2178; x_wconf 86' lang='lat' dir='ltr'><strong>capitis</strong></span> <span class='ocrx_word' id='word_1_273' title='bbox 1223 2120 1576 2180; x_wconf 81' lang='lat' dir='ltr'><strong>tegutnento:</strong></span> <span class='ocrx_word' id='word_1_274' title='bbox 1616 2127 1727 2182; x_wconf 83' lang='lat' dir='ltr'><strong>quo</strong></span> <span class='ocrx_word' id='word_1_275' title='bbox 1756 2113 1823 2170; x_wconf 87' lang='lat' dir='ltr'><strong>de</strong></span> <span class='ocrx_word' id='word_1_276' title='bbox 1854 2114 2064 2185; x_wconf 87' lang='lat' dir='ltr'><strong>plenius</strong></span> <span class='ocrx_word' id='word_1_277' title='bbox 2168 2119 2313 2177; x_wconf 85' lang='lat' dir='ltr'><strong>lsnic</strong></span> <span class='ocrx_word' id='word_1_278' title='bbox 2342 2137 2357 2183; x_wconf 88' lang='lat'><strong>;</strong></span> <span class='ocrx_word' id='word_1_279' title='bbox 2386 2134 2494 2175; x_wconf 89' lang='lat' dir='ltr'><strong>non</strong></span> <span class='ocrx_word' id='word_1_280' title='bbox 2544 2118 2949 2182; x_wconf 84' lang='lat' dir='ltr'><strong>Nicomediam,</strong></span> <span class='ocrx_word' id='word_1_281' title='bbox 2992 2134 3115 2189; x_wconf 72' lang='lat' dir='ltr'><strong>quae</strong></span> <span class='ocrx_word' id='word_1_282' title='bbox 3167 2116 3368 2172; x_wconf 85' lang='lat' dir='ltr'><strong>Turcis</strong></span> <span class='ocrx_word' id='word_1_283' title='bbox 3402 2125 3485 2171; x_wconf 88' lang='lat' dir='ltr'><strong>est</strong></span> <span class='ocrx_word' id='word_1_284' title='bbox 3531 2113 3716 2169; x_wconf 87' lang='lat' dir='ltr'><strong>lsmid:</strong></span> 
     </span>
    </p>
   </div>
   <div class='ocr_carea' id='block_1_21' title="bbox 499 2201 3718 2272">
    <p class='ocr_par' dir='ltr' id='par_1_21' title="bbox 499 2201 3718 2272">
     <span class='ocr_line' id='line_1_21' title="bbox 499 2201 3718 2272; baseline -0.004 -1"><span class='ocrx_word' id='word_1_285' title='bbox 499 2201 767 2271; x_wconf 63' lang='lat' dir='ltr'><strong>agendum</strong></span> <span class='ocrx_word' id='word_1_286' title='bbox 808 2202 970 2270; x_wconf 63' lang='lat' dir='ltr'><strong>Paul“</strong></span> <span class='ocrx_word' id='word_1_287' title='bbox 1014 2211 1159 2272; x_wconf 74' lang='grc' dir='ltr'>Ροδί-</span> <span class='ocrx_word' id='word_1_288' title='bbox 2168 2227 2291 2267; x_wconf 92' lang='lat' dir='ltr'><strong>cum</strong></span> <span class='ocrx_word' id='word_1_289' title='bbox 2318 2212 2643 2267; x_wconf 81' lang='lat' dir='ltr'><strong>Reineccius</strong></span> <span class='ocrx_word' id='word_1_290' title='bbox 2673 2228 2738 2266; x_wconf 73' lang='lat' dir='ltr'><strong>ex</strong></span> <span class='ocrx_word' id='word_1_291' title='bbox 2762 2210 2968 2265; x_wconf 81' lang='lat' dir='ltr'><strong>Nichor</strong></span> <span class='ocrx_word' id='word_1_292' title='bbox 2995 2209 3161 2265; x_wconf 73' lang='lat' dir='ltr'><strong>faciat</strong></span> <span class='ocrx_word' id='word_1_293' title='bbox 3200 2208 3590 2263; x_wconf 83' lang='lat' dir='ltr'><strong>Nicomediam.</strong></span> <span class='ocrx_word' id='word_1_294' title='bbox 3623 2205 3718 2258; x_wconf 75' lang='lat' dir='ltr'><strong>Nec</strong></span> 
     </span>
    </p>
   </div>
   <div class='ocr_carea' id='block_1_22' title="bbox 500 2294 3716 2394">
    <p class='ocr_par' dir='ltr' id='par_1_22' title="bbox 500 2294 3716 2394">
     <span class='ocr_line' id='line_1_22' title="bbox 500 2294 3716 2394; baseline 0.001 -4"><span class='ocrx_word' id='word_1_295' title='bbox 500 2335 618 2394; x_wconf 78' lang='grc'><strong>180.</strong></span> <span class='ocrx_word' id='word_1_296' title='bbox 659 2338 864 2394; x_wconf 81' lang='lat' dir='ltr'><strong>Antali.</strong></span> <span class='ocrx_word' id='word_1_297' title='bbox 897 2337 1082 2390; x_wconf 76' lang='lat' dir='ltr'><strong>civitas</strong></span> <span class='ocrx_word' id='word_1_298' title='bbox 1144 2336 1408 2392; x_wconf 70' lang='lat' dir='ltr'><strong>Anatolio:</strong></span> <span class='ocrx_word' id='word_1_299' title='bbox 1438 2353 1457 2392; x_wconf 89' lang='lat'><strong><em>:</em></strong></span> <span class='ocrx_word' id='word_1_300' title='bbox 1489 2337 1794 2393; x_wconf 65' lang='lat' dir='ltr'><strong>Gratcorum</strong></span> <span class='ocrx_word' id='word_1_301' title='bbox 1845 2340 1973 2393; x_wconf 86' lang='lat' dir='ltr'><strong>anni</strong></span> <span class='ocrx_word' id='word_1_302' title='bbox 2031 2356 2065 2394; x_wconf 89' lang='lat' dir='ltr'><strong>a</strong></span> <span class='ocrx_word' id='word_1_303' title='bbox 2167 2304 2308 2372; x_wconf 61' lang='lat' dir='ltr'><strong>3pm]</strong></span> <span class='ocrx_word' id='word_1_304' title='bbox 2356 2302 2591 2358; x_wconf 58' lang='lat' dir='ltr'><strong>Leonem</strong></span> <span class='ocrx_word' id='word_1_305' title='bbox 2632 2305 2938 2373; x_wconf 60' lang='lat' dir='ltr'><strong>Augusu&#39;m</strong></span> <span class='ocrx_word' id='word_1_306' title='bbox 2976 2302 3158 2394; x_wconf 35' lang='lat' dir='ltr'><strong>mimis</strong></span> <span class='ocrx_word' id='word_1_307' title='bbox 3189 2310 3275 2394; x_wconf 49' lang='lat' dir='ltr'><strong>es}</strong></span> <span class='ocrx_word' id='word_1_308' title='bbox 3300 2298 3615 2394; x_wconf 45' lang='lat' dir='ltr'><strong>&quot;‘“T‘W’”?</strong></span> <span class='ocrx_word' id='word_1_309' title='bbox 3636 2294 3716 2394; x_wconf 51' lang='grc' dir='ltr'>Βεῖ</span> 
     </span>
    </p>
   </div>
   <div class='ocr_carea' id='block_1_23' title="bbox 565 2388 2163 2476">
    <p class='ocr_par' dir='ltr' id='par_1_23' title="bbox 565 2408 2062 2476">
     <span class='ocr_line' id='line_1_23' title="bbox 565 2408 2062 2476; baseline 0 -12"><span class='ocrx_word' id='word_1_310' title='bbox 565 2411 762 2464; x_wconf 82' lang='lat' dir='ltr'><strong>mundo</strong></span> <span class='ocrx_word' id='word_1_311' title='bbox 783 2409 1013 2472; x_wconf 75' lang='lat' dir='ltr'><strong>condito,</strong></span> <span class='ocrx_word' id='word_1_312' title='bbox 1042 2423 1273 2476; x_wconf 76' lang='lat' dir='ltr'><strong>quonam</strong></span> <span class='ocrx_word' id='word_1_313' title='bbox 1309 2408 1464 2461; x_wconf 84' lang='lat' dir='ltr'><strong>modo</strong></span> <span class='ocrx_word' id='word_1_314' title='bbox 1488 2426 1607 2462; x_wconf 82' lang='lat' dir='ltr'><strong>cum</strong></span> <span class='ocrx_word' id='word_1_315' title='bbox 1640 2410 1835 2463; x_wconf 72' lang='lat' dir='ltr'><strong>nostris</strong></span> <span class='ocrx_word' id='word_1_316' title='bbox 1879 2426 2062 2464; x_wconf 73' lang='lat' dir='ltr'><strong>conve-</strong></span> 
     </span>
    </p>
   </div>
   <div class='ocr_carea' id='block_1_24' title="bbox 2120 2388 3718 2476">
    <p class='ocr_par' dir='ltr' id='par_1_24' title="bbox 2167 2388 3718 2470">
     <span class='ocr_line' id='line_1_24' title="bbox 2167 2388 3718 2470; baseline -0.008 -18"><span class='ocrx_word' id='word_1_317' title='bbox 2167 2399 2370 2470; x_wconf 71' lang='lat' dir='ltr'><strong>thyniaa</strong></span> <span class='ocrx_word' id='word_1_318' title='bbox 2410 2396 2597 2451; x_wconf 65' lang='lat' dir='ltr'><strong>Nicaea</strong></span> <span class='ocrx_word' id='word_1_319' title='bbox 2658 2411 2820 2464; x_wconf 86' lang='lat' dir='ltr'><strong>quam</strong></span> <span class='ocrx_word' id='word_1_320' title='bbox 2854 2393 3197 2449; x_wconf 84' lang='lat' dir='ltr'><strong>Nicomedia.</strong></span> <span class='ocrx_word' id='word_1_321' title='bbox 3234 2392 3455 2447; x_wconf 84' lang='lat' dir='ltr'><strong>Cenech</strong></span> <span class='ocrx_word' id='word_1_322' title='bbox 3506 2388 3718 2460; x_wconf 82' lang='lat' dir='ltr'><strong>Aythoni</strong></span> 
     </span>
    </p>
   </div>
   <div class='ocr_carea' id='block_1_25' title="bbox 563 2478 2161 2557">
    <p class='ocr_par' dir='ltr' id='par_1_25' title="bbox 563 2478 2062 2557">
     <span class='ocr_line' id='line_1_25' title="bbox 563 2478 2062 2557; baseline -0.001 -22"><span class='ocrx_word' id='word_1_323' title='bbox 563 2483 736 2557; x_wconf 76' lang='lat' dir='ltr'><strong>niont.</strong></span> <span class='ocrx_word' id='word_1_324' title='bbox 784 2478 1019 2533; x_wconf 65' lang='lat' dir='ltr'><strong>Nomina</strong></span> <span class='ocrx_word' id='word_1_325' title='bbox 1059 2480 1299 2547; x_wconf 79' lang='lat' dir='ltr'><strong>quwdam</strong></span> <span class='ocrx_word' id='word_1_326' title='bbox 1330 2487 1533 2532; x_wconf 80' lang='lat' dir='ltr'><strong>vetusta</strong></span> <span class='ocrx_word' id='word_1_327' title='bbox 1553 2495 1669 2532; x_wconf 88' lang='lat' dir='ltr'><strong>cum</strong></span> <span class='ocrx_word' id='word_1_328' title='bbox 1686 2481 2062 2534; x_wconf 76' lang='lat' dir='ltr'><strong>recentioribus</strong></span> 
     </span>
    </p>
   </div>
   <div class='ocr_carea' id='block_1_26' title="bbox 2120 2478 3718 2557">
    <p class='ocr_par' dir='ltr' id='par_1_26' title="bbox 2166 2484 3718 2557">
     <span class='ocr_line' id='line_1_26' title="bbox 2166 2484 3718 2557; baseline -0.006 -15"><span class='ocrx_word' id='word_1_329' title='bbox 2166 2489 2489 2545; x_wconf 66' lang='lat' dir='ltr'><strong>Rvincccius</strong></span> <span class='ocrx_word' id='word_1_330' title='bbox 2521 2489 2913 2557; x_wconf 88' lang='lat' dir='ltr'><strong>interpretatur</strong></span> <span class='ocrx_word' id='word_1_331' title='bbox 2944 2488 3203 2552; x_wconf 86' lang='lat' dir='ltr'><strong>Pontum,</strong></span> <span class='ocrx_word' id='word_1_332' title='bbox 3238 2500 3372 2539; x_wconf 89' lang='lat' dir='ltr'><strong>cum</strong></span> <span class='ocrx_word' id='word_1_333' title='bbox 3410 2484 3576 2552; x_wconf 73' lang='lat' dir='ltr'><strong>ntagis</strong></span> <span class='ocrx_word' id='word_1_334' title='bbox 3608 2496 3718 2550; x_wconf 85' lang='lat' dir='ltr'><strong>pro-</strong></span> 
     </span>
    </p>
   </div>
   <div class='ocr_carea' id='block_1_27' title="bbox 563 2552 2161 2653">
    <p class='ocr_par' dir='ltr' id='par_1_27' title="bbox 563 2552 2083 2607">
     <span class='ocr_line' id='line_1_27' title="bbox 563 2552 2083 2607; baseline -0.003 -2"><span class='ocrx_word' id='word_1_335' title='bbox 563 2552 784 2607; x_wconf 79' lang='lat' dir='ltr'><strong>collota.</strong></span> <span class='ocrx_word' id='word_1_336' title='bbox 1990 2575 2083 2586; x_wconf 84' lang='lat'><strong>——--</strong></span> 
     </span>
    </p>
   </div>
   <div class='ocr_carea' id='block_1_28' title="bbox 2119 2552 3717 2653">
    <p class='ocr_par' dir='ltr' id='par_1_28' title="bbox 2165 2552 3717 2653">
     <span class='ocr_line' id='line_1_28' title="bbox 2165 2552 3717 2653; baseline -0.008 -17"><span class='ocrx_word' id='word_1_337' title='bbox 2165 2584 2281 2653; x_wconf 90' lang='lat' dir='ltr'><strong>prie</strong></span> <span class='ocrx_word' id='word_1_338' title='bbox 2303 2583 2383 2638; x_wconf 90' lang='lat' dir='ltr'><strong>sic</strong></span> <span class='ocrx_word' id='word_1_339' title='bbox 2412 2552 2809 2651; x_wconf 46' lang='lat' dir='ltr'><strong>dicatum-qua:</strong></span> <span class='ocrx_word' id='word_1_340' title='bbox 2832 2579 2960 2636; x_wconf 92' lang='lat' dir='ltr'><strong>olim</strong></span> <span class='ocrx_word' id='word_1_341' title='bbox 2989 2579 3210 2634; x_wconf 88' lang='lat' dir='ltr'><strong>Colchis</strong></span> <span class='ocrx_word' id='word_1_342' title='bbox 3240 2586 3384 2641; x_wconf 88' lang='lat' dir='ltr'><strong>erat.</strong></span> <span class='ocrx_word' id='word_1_343' title='bbox 3418 2584 3599 2647; x_wconf 87' lang='lat' dir='ltr'><strong>postea</strong></span> <span class='ocrx_word' id='word_1_344' title='bbox 3632 2571 3717 2625; x_wconf 86' lang='lat' dir='ltr'><strong>La-</strong></span> 
     </span>
    </p>
   </div>
   <div class='ocr_carea' id='block_1_29' title="bbox 569 2667 2167 2749">
    <p class='ocr_par' dir='ltr' id='par_1_29' title="bbox 569 2667 2167 2749">
     <span class='ocr_line' id='line_1_29' title="bbox 569 2667 2167 2749; baseline 0.011 -26"><span class='ocrx_word' id='word_1_345' title='bbox 569 2667 704 2734; x_wconf 70' lang='grc' dir='ltr'><strong>ρυω</strong></span> <span class='ocrx_word' id='word_1_346' title='bbox 736 2669 929 2728; x_wconf 88' lang='lat' dir='ltr'><strong>Turcis</strong></span> <span class='ocrx_word' id='word_1_347' title='bbox 958 2673 1046 2727; x_wconf 86' lang='lat' dir='ltr'><strong>hic</strong></span> <span class='ocrx_word' id='word_1_348' title='bbox 1090 2673 1274 2728; x_wconf 86' lang='lat' dir='ltr'><strong>Antali</strong></span> <span class='ocrx_word' id='word_1_349' title='bbox 1316 2684 1558 2742; x_wconf 86' lang='lat' dir='ltr'><strong>vocatur,</strong></span> <span class='ocrx_word' id='word_1_350' title='bbox 1584 2678 1784 2749; x_wconf 75' lang='lat' dir='ltr'><strong>priscis</strong></span> <span class='ocrx_word' id='word_1_351' title='bbox 1823 2691 1941 2737; x_wconf 85' lang='lat' dir='ltr'><strong>erat</strong></span> <span class='ocrx_word' id='word_1_352' title='bbox 1968 2685 2061 2738; x_wconf 83' lang='lat' dir='ltr'><strong>At-</strong></span> <span class='ocrx_word' id='word_1_353' title='bbox 2163 2694 2167 2730; x_wconf 75' lang='grc' dir='ltr'><strong><em>τ</em></strong></span> 
     </span>
    </p>
   </div>
   <div class='ocr_carea' id='block_1_30' title="bbox 2118 2667 3716 2749">
    <p class='ocr_par' dir='ltr' id='par_1_30' title="bbox 2163 2670 3716 2745">
     <span class='ocr_line' id='line_1_30' title="bbox 2163 2670 3716 2745; baseline -0.008 -15"><span class='ocrx_word' id='word_1_354' title='bbox 2163 2691 2351 2730; x_wconf 85' lang='lat' dir='ltr'><strong>zorum</strong></span> <span class='ocrx_word' id='word_1_355' title='bbox 2386 2675 2654 2745; x_wconf 89' lang='lat' dir='ltr'><strong>appellata</strong></span> <span class='ocrx_word' id='word_1_356' title='bbox 2702 2675 2875 2744; x_wconf 89' lang='lat' dir='ltr'><strong>regio,</strong></span> <span class='ocrx_word' id='word_1_357' title='bbox 2906 2674 3021 2727; x_wconf 83' lang='lat' dir='ltr'><strong>sive</strong></span> <span class='ocrx_word' id='word_1_358' title='bbox 3070 2671 3286 2734; x_wconf 87' lang='lat' dir='ltr'><strong>Lazice,</strong></span> <span class='ocrx_word' id='word_1_359' title='bbox 3322 2670 3480 2739; x_wconf 78' lang='lat' dir='ltr'><strong>cuius</strong></span> <span class='ocrx_word' id='word_1_360' title='bbox 3536 2677 3716 2720; x_wconf 89' lang='lat' dir='ltr'><strong>metro-</strong></span> 
     </span>
    </p>
   </div>
   <div class='ocr_carea' id='block_1_31' title="bbox 496 2756 3715 2837">
    <p class='ocr_par' dir='ltr' id='par_1_31' title="bbox 496 2756 3715 2837">
     <span class='ocr_line' id='line_1_31' title="bbox 496 2756 3715 2837; baseline -0.001 -27"><span class='ocrx_word' id='word_1_361' title='bbox 496 2758 645 2823; x_wconf 88' lang='lat' dir='ltr'><strong>talia,</strong></span> <span class='ocrx_word' id='word_1_362' title='bbox 678 2763 950 2829; x_wconf 89' lang='lat' dir='ltr'><strong>quondam</strong></span> <span class='ocrx_word' id='word_1_363' title='bbox 976 2763 1046 2819; x_wconf 89' lang='lat' dir='ltr'><strong>ab</strong></span> <span class='ocrx_word' id='word_1_364' title='bbox 1095 2764 1279 2817; x_wconf 81' lang='lat' dir='ltr'><strong>Attalo</strong></span> <span class='ocrx_word' id='word_1_365' title='bbox 1307 2781 1456 2836; x_wconf 89' lang='lat' dir='ltr'><strong>rege,</strong></span> <span class='ocrx_word' id='word_1_366' title='bbox 1489 2782 1598 2822; x_wconf 91' lang='lat' dir='ltr'><strong>uno</strong></span> <span class='ocrx_word' id='word_1_367' title='bbox 1633 2769 1700 2824; x_wconf 91' lang='lat' dir='ltr'><strong>de</strong></span> <span class='ocrx_word' id='word_1_368' title='bbox 1725 2772 2061 2827; x_wconf 88' lang='lat' dir='ltr'><strong>successori-</strong></span> <span class='ocrx_word' id='word_1_369' title='bbox 2162 2771 2302 2837; x_wconf 90' lang='lat' dir='ltr'><strong>polis</strong></span> <span class='ocrx_word' id='word_1_370' title='bbox 2323 2776 2407 2824; x_wconf 87' lang='lat' dir='ltr'><strong>est</strong></span> <span class='ocrx_word' id='word_1_371' title='bbox 2445 2766 2613 2822; x_wconf 87' lang='lat' dir='ltr'><strong>Leoni</strong></span> <span class='ocrx_word' id='word_1_372' title='bbox 2645 2766 2895 2836; x_wconf 85' lang='lat' dir='ltr'><strong>Augusto</strong></span> <span class='ocrx_word' id='word_1_373' title='bbox 2915 2763 3213 2831; x_wconf 86' lang='lat' dir='ltr'><strong>Trapezus,</strong></span> <span class='ocrx_word' id='word_1_374' title='bbox 3240 2778 3408 2833; x_wconf 86' lang='lat' dir='ltr'><strong>quam</strong></span> <span class='ocrx_word' id='word_1_375' title='bbox 3435 2762 3488 2815; x_wconf 91' lang='lat' dir='ltr'><strong>in</strong></span> <span class='ocrx_word' id='word_1_376' title='bbox 3513 2756 3715 2813; x_wconf 80' lang='lat' dir='ltr'><strong>Genecb</strong></span> 
     </span>
    </p>
   </div>
   <div class='ocr_carea' id='block_1_32' title="bbox 495 2850 3717 2930">
    <p class='ocr_par' dir='ltr' id='par_1_32' title="bbox 495 2850 3717 2930">
     <span class='ocr_line' id='line_1_32' title="bbox 495 2850 3717 2930; baseline -0 -26"><span class='ocrx_word' id='word_1_377' title='bbox 495 2850 594 2906; x_wconf 91' lang='lat' dir='ltr'><strong>bus</strong></span> <span class='ocrx_word' id='word_1_378' title='bbox 622 2852 920 2907; x_wconf 76' lang='lat' dir='ltr'><strong>Alexandri</strong></span> <span class='ocrx_word' id='word_1_379' title='bbox 957 2853 1161 2923; x_wconf 81' lang='lat' dir='ltr'><strong>Magni,</strong></span> <span class='ocrx_word' id='word_1_380' title='bbox 1192 2856 1436 2910; x_wconf 88' lang='lat' dir='ltr'><strong>condita.</strong></span> <span class='ocrx_word' id='word_1_381' title='bbox 1470 2857 1669 2915; x_wconf 88' lang='lat' dir='ltr'><strong>Leonis</strong></span> <span class='ocrx_word' id='word_1_382' title='bbox 1710 2861 2058 2930; x_wconf 86' lang='lat' dir='ltr'><strong>imperatoris</strong></span> <span class='ocrx_word' id='word_1_383' title='bbox 2161 2860 2636 2930; x_wconf 88' lang='lat' dir='ltr'><strong>ponitAythonus.</strong></span> <span class='ocrx_word' id='word_1_384' title='bbox 2658 2857 3514 2928; x_wconf 76' lang='lat' dir='ltr'><strong>Paphlagonia:civitatemvoeat</strong></span> <span class='ocrx_word' id='word_1_385' title='bbox 3536 2850 3717 2922; x_wconf 75' lang='lat' dir='ltr'><strong>Aytbo-</strong></span> 
     </span>
    </p>
   </div>
   <div class='ocr_carea' id='block_1_33' title="bbox 490 2942 3713 3020">
    <p class='ocr_par' dir='ltr' id='par_1_33' title="bbox 490 2942 3713 3020">
     <span class='ocr_line' id='line_1_33' title="bbox 490 2942 3713 3020; baseline -0.002 -23"><span class='ocrx_word' id='word_1_386' title='bbox 490 2942 713 2998; x_wconf 89' lang='lat' dir='ltr'><strong>Novella</strong></span> <span class='ocrx_word' id='word_1_387' title='bbox 740 2944 807 2999; x_wconf 90' lang='lat' dir='ltr'><strong>de</strong></span> <span class='ocrx_word' id='word_1_388' title='bbox 831 2945 1043 2999; x_wconf 90' lang='lat' dir='ltr'><strong>thronis</strong></span> <span class='ocrx_word' id='word_1_389' title='bbox 1078 2960 1198 2999; x_wconf 88' lang='lat' dir='ltr'><strong>eam</strong></span> <span class='ocrx_word' id='word_1_390' title='bbox 1230 2947 1461 3001; x_wconf 86' lang='lat' dir='ltr'><strong>collocat</strong></span> <span class='ocrx_word' id='word_1_391' title='bbox 1512 2949 1565 3001; x_wconf 92' lang='lat' dir='ltr'><strong>in</strong></span> <span class='ocrx_word' id='word_1_392' title='bbox 1618 2949 1916 3019; x_wconf 84' lang='lat' dir='ltr'><strong>Pamphilia</strong></span> <span class='ocrx_word' id='word_1_393' title='bbox 1969 2968 2057 3008; x_wconf 89' lang='lat' dir='ltr'><strong>se-</strong></span> <span class='ocrx_word' id='word_1_394' title='bbox 2160 2968 2266 3005; x_wconf 90' lang='lat' dir='ltr'><strong>nus</strong></span> <span class='ocrx_word' id='word_1_395' title='bbox 2292 2950 2622 3020; x_wconf 83' lang='lat' dir='ltr'><strong>Ginapolim,</strong></span> <span class='ocrx_word' id='word_1_396' title='bbox 2674 2965 2741 3004; x_wconf 83' lang='lat' dir='ltr'><strong>ex</strong></span> <span class='ocrx_word' id='word_1_397' title='bbox 2776 2965 2882 3018; x_wconf 89' lang='lat' dir='ltr'><strong>qua</strong></span> <span class='ocrx_word' id='word_1_398' title='bbox 2911 2948 3236 3003; x_wconf 82' lang='lat' dir='ltr'><strong>Reincccius</strong></span> <span class='ocrx_word' id='word_1_399' title='bbox 3267 2946 3401 3001; x_wconf 81' lang='lat' dir='ltr'><strong>fecit</strong></span> <span class='ocrx_word' id='word_1_400' title='bbox 3430 2946 3713 3001; x_wconf 81' lang='lat' dir='ltr'><strong>Germano-</strong></span> 
     </span>
    </p>
   </div>
   <div class='ocr_carea' id='block_1_34' title="bbox 490 3035 3706 3113">
    <p class='ocr_par' dir='ltr' id='par_1_34' title="bbox 490 3035 3706 3113">
     <span class='ocr_line' id='line_1_34' title="bbox 490 3035 3706 3113; baseline 0.001 -25"><span class='ocrx_word' id='word_1_401' title='bbox 490 3035 692 3097; x_wconf 86' lang='lat' dir='ltr'><strong>cunda,</strong></span> <span class='ocrx_word' id='word_1_402' title='bbox 723 3036 827 3090; x_wconf 85' lang='lat' dir='ltr'><strong>sub</strong></span> <span class='ocrx_word' id='word_1_403' title='bbox 855 3037 1139 3105; x_wconf 79' lang='lat' dir='ltr'><strong>metropoli</strong></span> <span class='ocrx_word' id='word_1_404' title='bbox 1173 3036 1347 3107; x_wconf 63' lang='lat' dir='ltr'><strong>Sylaeo</strong></span> <span class='ocrx_word' id='word_1_405' title='bbox 1383 3038 1497 3093; x_wconf 86' lang='lat' dir='ltr'><strong>sive</strong></span> <span class='ocrx_word' id='word_1_406' title='bbox 1527 3039 1719 3109; x_wconf 81' lang='lat' dir='ltr'><strong>Perga.</strong></span> <span class='ocrx_word' id='word_1_407' title='bbox 1750 3041 1923 3098; x_wconf 65' lang='lat' dir='ltr'><strong>Graeci</strong></span> <span class='ocrx_word' id='word_1_408' title='bbox 1957 3060 2055 3111; x_wconf 85' lang='lat' dir='ltr'><strong>po-</strong></span> <span class='ocrx_word' id='word_1_409' title='bbox 2162 3043 2531 3113; x_wconf 83' lang='lat' dir='ltr'><strong>polim.Atqui</strong></span> <span class='ocrx_word' id='word_1_410' title='bbox 2572 3042 2854 3110; x_wconf 81' lang='lat' dir='ltr'><strong>Ginapolis</strong></span> <span class='ocrx_word' id='word_1_411' title='bbox 2886 3041 3141 3110; x_wconf 82' lang='lat' dir='ltr'><strong>Aythoni,</strong></span> <span class='ocrx_word' id='word_1_412' title='bbox 3181 3040 3263 3093; x_wconf 84' lang='lat' dir='ltr'><strong>vel</strong></span> <span class='ocrx_word' id='word_1_413' title='bbox 3305 3038 3587 3105; x_wconf 76' lang='lat' dir='ltr'><strong>Ginopnlis</strong></span> <span class='ocrx_word' id='word_1_414' title='bbox 3619 3050 3706 3103; x_wconf 79' lang='lat' dir='ltr'><strong>p0-</strong></span> 
     </span>
    </p>
   </div>
   <div class='ocr_carea' id='block_1_35' title="bbox 487 3124 3714 3203">
    <p class='ocr_par' dir='ltr' id='par_1_35' title="bbox 487 3124 3714 3203">
     <span class='ocr_line' id='line_1_35' title="bbox 487 3124 3714 3203; baseline -0.001 -22"><span class='ocrx_word' id='word_1_415' title='bbox 487 3128 748 3183; x_wconf 81' lang='lat' dir='ltr'><strong>steriores</strong></span> <span class='ocrx_word' id='word_1_416' title='bbox 775 3128 1061 3203; x_wconf 68' lang='lat' dir='ltr'><strong>adnotant,</strong></span> <span class='ocrx_word' id='word_1_417' title='bbox 1090 3128 1289 3182; x_wconf 80' lang='lat' dir='ltr'><strong>factam</strong></span> <span class='ocrx_word' id='word_1_418' title='bbox 1325 3131 1665 3200; x_wconf 89' lang='lat' dir='ltr'><strong>metropolim</strong></span> <span class='ocrx_word' id='word_1_419' title='bbox 1694 3148 1840 3188; x_wconf 82' lang='lat' dir='ltr'><strong>anno</strong></span> <span class='ocrx_word' id='word_1_420' title='bbox 1868 3137 2053 3191; x_wconf 86' lang='lat' dir='ltr'><strong>mundi</strong></span> <span class='ocrx_word' id='word_1_421' title='bbox 2086 3135 2123 3189; x_wconf 90' lang='lat' dir='ltr'><strong>C</strong></span> <span class='ocrx_word' id='word_1_422' title='bbox 2158 3135 2289 3197; x_wconf 80' lang='lat' dir='ltr'><strong>tius,</strong></span> <span class='ocrx_word' id='word_1_423' title='bbox 2310 3133 2377 3189; x_wconf 88' lang='lat' dir='ltr'><strong>ad</strong></span> <span class='ocrx_word' id='word_1_424' title='bbox 2424 3133 2658 3188; x_wconf 87' lang='lat' dir='ltr'><strong>Pontum</strong></span> <span class='ocrx_word' id='word_1_425' title='bbox 2704 3132 2975 3187; x_wconf 79' lang='lat' dir='ltr'><strong>Euxinum</strong></span> <span class='ocrx_word' id='word_1_426' title='bbox 3011 3132 3139 3191; x_wconf 86' lang='lat' dir='ltr'><strong>sita.</strong></span> <span class='ocrx_word' id='word_1_427' title='bbox 3183 3131 3459 3199; x_wconf 78' lang='lat' dir='ltr'><strong>hodieque</strong></span> <span class='ocrx_word' id='word_1_428' title='bbox 3479 3124 3714 3197; x_wconf 88' lang='lat' dir='ltr'><strong>Ginopoli</strong></span> 
     </span>
    </p>
   </div>
   <div class='ocr_carea' id='block_1_36' title="bbox 486 3217 3709 3295">
    <p class='ocr_par' dir='ltr' id='par_1_36' title="bbox 486 3217 3709 3295">
     <span class='ocr_line' id='line_1_36' title="bbox 486 3217 3709 3295; baseline -0.002 -18"><span class='ocrx_word' id='word_1_429' title='bbox 486 3221 646 3287; x_wconf 67' lang='lat' dir='ltr'><strong>(i592,</strong></span> <span class='ocrx_word' id='word_1_430' title='bbox 676 3221 780 3274; x_wconf 86' lang='lat' dir='ltr'><strong>sub</strong></span> <span class='ocrx_word' id='word_1_431' title='bbox 809 3218 1088 3274; x_wconf 86' lang='lat' dir='ltr'><strong>Eustratio</strong></span> <span class='ocrx_word' id='word_1_432' title='bbox 1122 3220 1471 3276; x_wconf 69' lang='lat' dir='ltr'><strong>sanctissmto</strong></span> <span class='ocrx_word' id='word_1_433' title='bbox 1500 3222 1827 3293; x_wconf 86' lang='lat' dir='ltr'><strong>patriarcha,</strong></span> <span class='ocrx_word' id='word_1_434' title='bbox 1876 3225 2051 3293; x_wconf 88' lang='lat' dir='ltr'><strong>impe-</strong></span> <span class='ocrx_word' id='word_1_435' title='bbox 2158 3227 2490 3281; x_wconf 88' lang='lat' dir='ltr'><strong>nominatur.</strong></span> <span class='ocrx_word' id='word_1_436' title='bbox 2527 3225 2684 3295; x_wconf 83' lang='lat' dir='ltr'><strong>Apud</strong></span> <span class='ocrx_word' id='word_1_437' title='bbox 2712 3225 2943 3281; x_wconf 87' lang='lat' dir='ltr'><strong>Leonem</strong></span> <span class='ocrx_word' id='word_1_438' title='bbox 2976 3227 3279 3293; x_wconf 86' lang='lat' dir='ltr'><strong>Augustum</strong></span> <span class='ocrx_word' id='word_1_439' title='bbox 3322 3220 3600 3291; x_wconf 82' lang='lat' dir='ltr'><strong>innopolis</strong></span> <span class='ocrx_word' id='word_1_440' title='bbox 3630 3217 3709 3271; x_wconf 53' lang='lat' dir='ltr'><strong>dic</strong></span> 
     </span>
    </p>
   </div>
   <div class='ocr_carea' id='block_1_37' title="bbox 493 3311 3711 3389">
    <p class='ocr_par' dir='ltr' id='par_1_37' title="bbox 493 3311 3711 3389">
     <span class='ocr_line' id='line_1_37' title="bbox 493 3311 3711 3389; baseline -0.001 -23"><span class='ocrx_word' id='word_1_441' title='bbox 493 3313 689 3370; x_wconf 87' lang='lat' dir='ltr'><strong>ratoris</strong></span> <span class='ocrx_word' id='word_1_442' title='bbox 723 3313 898 3368; x_wconf 82' lang='lat' dir='ltr'><strong>Alexii</strong></span> <span class='ocrx_word' id='word_1_443' title='bbox 934 3313 1205 3369; x_wconf 88' lang='lat' dir='ltr'><strong>Comneni</strong></span> <span class='ocrx_word' id='word_1_444' title='bbox 1250 3314 1591 3369; x_wconf 86' lang='lat' dir='ltr'><strong>auctoritate.</strong></span> <span class='ocrx_word' id='word_1_445' title='bbox 1640 3314 1797 3380; x_wconf 83' lang='lat' dir='ltr'><strong>Quod</strong></span> <span class='ocrx_word' id='word_1_446' title='bbox 1832 3315 2049 3385; x_wconf 90' lang='lat' dir='ltr'><strong>quidem</strong></span> <span class='ocrx_word' id='word_1_447' title='bbox 2154 3319 2319 3385; x_wconf 91' lang='lat' dir='ltr'><strong>citur,</strong></span> <span class='ocrx_word' id='word_1_448' title='bbox 2343 3329 2397 3374; x_wconf 91' lang='lat' dir='ltr'><strong>et</strong></span> <span class='ocrx_word' id='word_1_449' title='bbox 2420 3319 2767 3389; x_wconf 84' lang='lat' dir='ltr'><strong>episcopatus</strong></span> <span class='ocrx_word' id='word_1_450' title='bbox 2794 3319 2919 3388; x_wconf 82' lang='lat' dir='ltr'><strong>ejus</strong></span> <span class='ocrx_word' id='word_1_451' title='bbox 2943 3317 3010 3372; x_wconf 89' lang='lat' dir='ltr'><strong>ad</strong></span> <span class='ocrx_word' id='word_1_452' title='bbox 3043 3316 3321 3388; x_wconf 75' lang='lat' dir='ltr'><strong>Cangram</strong></span> <span class='ocrx_word' id='word_1_453' title='bbox 3345 3311 3711 3386; x_wconf 65' lang='lat' dir='ltr'><strong>Paphlagonia</strong></span> 
     </span>
    </p>
   </div>
   <div class='ocr_carea' id='block_1_38' title="bbox 482 3405 2981 3480">
    <p class='ocr_par' dir='ltr' id='par_1_38' title="bbox 482 3405 2981 3480">
     <span class='ocr_line' id='line_1_38' title="bbox 482 3405 2981 3480; baseline 0.002 -19"><span class='ocrx_word' id='word_1_454' title='bbox 482 3405 758 3462; x_wconf 90' lang='lat' dir='ltr'><strong>accidisse</strong></span> <span class='ocrx_word' id='word_1_455' title='bbox 809 3406 1087 3462; x_wconf 85' lang='lat' dir='ltr'><strong>constabit</strong></span> <span class='ocrx_word' id='word_1_456' title='bbox 1143 3421 1291 3462; x_wconf 85' lang='lat' dir='ltr'><strong>anno</strong></span> <span class='ocrx_word' id='word_1_457' title='bbox 1324 3406 1643 3462; x_wconf 82' lang='lat' dir='ltr'><strong>Christiano</strong></span> <span class='ocrx_word' id='word_1_458' title='bbox 1698 3408 1859 3473; x_wconf 75' lang='grc'><strong>1084,</strong></span> <span class='ocrx_word' id='word_1_459' title='bbox 1904 3410 1949 3462; x_wconf 83' lang='lat' dir='ltr'><strong>si</strong></span> <span class='ocrx_word' id='word_1_460' title='bbox 1983 3409 2052 3464; x_wconf 90' lang='lat' dir='ltr'><strong>de</strong></span> <span class='ocrx_word' id='word_1_461' title='bbox 2151 3409 2407 3466; x_wconf 80' lang='lat' dir='ltr'><strong>refertur.</strong></span> <span class='ocrx_word' id='word_1_462' title='bbox 2444 3410 2549 3466; x_wconf 89' lang='lat' dir='ltr'><strong>Sed</strong></span> <span class='ocrx_word' id='word_1_463' title='bbox 2587 3411 2777 3465; x_wconf 89' lang='lat' dir='ltr'><strong>desino</strong></span> <span class='ocrx_word' id='word_1_464' title='bbox 2804 3411 2981 3480; x_wconf 89' lang='lat' dir='ltr'><strong>plura.</strong></span> 
     </span>
    </p>
   </div>
   <div class='ocr_carea' id='block_1_39' title="bbox 484 3494 2082 3592">
    <p class='ocr_par' dir='ltr' id='par_1_39' title="bbox 484 3494 2050 3555">
     <span class='ocr_line' id='line_1_39' title="bbox 484 3494 2050 3555; baseline 0.002 -4"><span class='ocrx_word' id='word_1_465' title='bbox 484 3498 752 3552; x_wconf 86' lang='lat' dir='ltr'><strong>sententia</strong></span> <span class='ocrx_word' id='word_1_466' title='bbox 803 3494 1116 3552; x_wconf 66' lang='lat' dir='ltr'><strong>Graecorum</strong></span> <span class='ocrx_word' id='word_1_467' title='bbox 1162 3498 1292 3551; x_wconf 90' lang='lat' dir='ltr'><strong>anni</strong></span> <span class='ocrx_word' id='word_1_468' title='bbox 1328 3513 1357 3551; x_wconf 89' lang='lat' dir='ltr'><strong>a</strong></span> <span class='ocrx_word' id='word_1_469' title='bbox 1394 3498 1615 3553; x_wconf 89' lang='lat' dir='ltr'><strong>condito</strong></span> <span class='ocrx_word' id='word_1_470' title='bbox 1662 3501 1862 3553; x_wconf 80' lang='lat' dir='ltr'><strong>mundo</strong></span> <span class='ocrx_word' id='word_1_471' title='bbox 1908 3499 2050 3555; x_wconf 78' lang='lat'><strong>5508</strong></span> 
     </span>
    </p>
   </div>
   <div class='ocr_carea' id='block_1_40' title="bbox 2114 3494 3712 3592">
    <p class='ocr_par' dir='ltr' id='par_1_40' title="bbox 2155 3518 3712 3592">
     <span class='ocr_line' id='line_1_40' title="bbox 2155 3518 3712 3592; baseline -0.004 -14"><span class='ocrx_word' id='word_1_472' title='bbox 2155 3522 2278 3579; x_wconf 74' lang='grc'><strong>181.</strong></span> <span class='ocrx_word' id='word_1_473' title='bbox 2329 3522 2563 3592; x_wconf 78' lang='lat' dir='ltr'><strong>Garagos</strong></span> <span class='ocrx_word' id='word_1_474' title='bbox 2618 3518 2808 3583; x_wconf 73' lang='lat' dir='ltr'><strong>bassa.</strong></span> <span class='ocrx_word' id='word_1_475' title='bbox 2870 3522 3199 3591; x_wconf 81' lang='lat' dir='ltr'><strong>beglerbegus</strong></span> <span class='ocrx_word' id='word_1_476' title='bbox 3257 3522 3530 3577; x_wconf 65' lang='lat' dir='ltr'><strong>Anatolio:</strong></span> <span class='ocrx_word' id='word_1_477' title='bbox 3582 3519 3712 3573; x_wconf 72' lang='lat' dir='ltr'><strong>rivus</strong></span> 
     </span>
    </p>
   </div>
   <div class='ocr_carea' id='block_1_41' title="bbox 485 3588 3193 3660">
    <p class='ocr_par' dir='ltr' id='par_1_41' title="bbox 485 3588 3193 3660">
     <span class='ocr_line' id='line_1_41' title="bbox 485 3588 3193 3660; baseline 0.001 -17"><span class='ocrx_word' id='word_1_478' title='bbox 485 3598 797 3643; x_wconf 89' lang='lat' dir='ltr'><strong>statuantur</strong></span> <span class='ocrx_word' id='word_1_479' title='bbox 821 3603 991 3657; x_wconf 90' lang='lat' dir='ltr'><strong>usque</strong></span> <span class='ocrx_word' id='word_1_480' title='bbox 1016 3588 1081 3643; x_wconf 89' lang='lat' dir='ltr'><strong>ad</strong></span> <span class='ocrx_word' id='word_1_481' title='bbox 1108 3589 1387 3644; x_wconf 87' lang='lat' dir='ltr'><strong>Christum</strong></span> <span class='ocrx_word' id='word_1_482' title='bbox 1415 3600 1600 3644; x_wconf 87' lang='lat' dir='ltr'><strong>natum</strong></span> <span class='ocrx_word' id='word_1_483' title='bbox 1629 3591 1822 3660; x_wconf 82' lang='lat' dir='ltr'><strong>elapsi,</strong></span> <span class='ocrx_word' id='word_1_484' title='bbox 1850 3605 2048 3645; x_wconf 87' lang='lat' dir='ltr'><strong>secun-</strong></span> <span class='ocrx_word' id='word_1_485' title='bbox 2474 3588 2490 3592; x_wconf 70' lang='grc'>⁷</span> <span class='ocrx_word' id='word_1_486' title='bbox 2666 3593 2789 3660; x_wconf 83' lang='lat' dir='ltr'><strong>palo</strong></span> <span class='ocrx_word' id='word_1_487' title='bbox 2842 3588 3193 3660; x_wconf 65' lang='lat' dir='ltr'><strong>trans/igitur.</strong></span> 
     </span>
    </p>
   </div>
   <div class='ocr_carea' id='block_1_42' title="bbox 480 3678 3709 3756">
    <p class='ocr_par' dir='ltr' id='par_1_42' title="bbox 480 3678 3709 3756">
     <span class='ocr_line' id='line_1_42' title="bbox 480 3678 3709 3756; baseline -0.002 -19"><span class='ocrx_word' id='word_1_488' title='bbox 480 3682 609 3737; x_wconf 89' lang='lat' dir='ltr'><strong>dum</strong></span> <span class='ocrx_word' id='word_1_489' title='bbox 660 3682 954 3737; x_wconf 86' lang='lat' dir='ltr'><strong>editionem</strong></span> <span class='ocrx_word' id='word_1_490' title='bbox 1011 3681 1079 3735; x_wconf 73' lang='lat'><strong>72</strong></span> <span class='ocrx_word' id='word_1_491' title='bbox 1137 3680 1521 3751; x_wconf 81' lang='lat' dir='ltr'><strong>interpretum.</strong></span> <span class='ocrx_word' id='word_1_492' title='bbox 1558 3682 1845 3754; x_wconf 88' lang='lat' dir='ltr'><strong>Aythonus</strong></span> <span class='ocrx_word' id='word_1_493' title='bbox 1881 3688 2042 3747; x_wconf 57' lang='lat' dir='ltr'><strong>Nata:</strong></span> <span class='ocrx_word' id='word_1_494' title='bbox 2221 3683 2397 3739; x_wconf 79' lang='lat' dir='ltr'><strong>Habes</strong></span> <span class='ocrx_word' id='word_1_495' title='bbox 2436 3684 2526 3740; x_wconf 91' lang='lat' dir='ltr'><strong>hic</strong></span> <span class='ocrx_word' id='word_1_496' title='bbox 2558 3685 2768 3756; x_wconf 88' lang='lat' dir='ltr'><strong>insigne</strong></span> <span class='ocrx_word' id='word_1_497' title='bbox 2787 3685 3132 3739; x_wconf 83' lang='lat' dir='ltr'><strong>crudelitatis</strong></span> <span class='ocrx_word' id='word_1_498' title='bbox 3168 3684 3485 3753; x_wconf 82' lang='lat' dir='ltr'><strong>exemplum</strong></span> <span class='ocrx_word' id='word_1_499' title='bbox 3517 3683 3570 3737; x_wconf 93' lang='lat' dir='ltr'><strong>in</strong></span> <span class='ocrx_word' id='word_1_500' title='bbox 3599 3678 3709 3733; x_wconf 86' lang='lat' dir='ltr'><strong>reli-</strong></span> 
     </span>
    </p>
   </div>
   <div class='ocr_carea' id='block_1_43' title="bbox 481 3769 3703 3848">
    <p class='ocr_par' dir='ltr' id='par_1_43' title="bbox 481 3769 3703 3848">
     <span class='ocr_line' id='line_1_43' title="bbox 481 3769 3703 3848; baseline -0.004 -19"><span class='ocrx_word' id='word_1_501' title='bbox 481 3776 630 3839; x_wconf 87' lang='lat' dir='ltr'><strong>liam,</strong></span> <span class='ocrx_word' id='word_1_502' title='bbox 663 3773 1011 3844; x_wconf 89' lang='lat' dir='ltr'><strong>transpositis</strong></span> <span class='ocrx_word' id='word_1_503' title='bbox 1042 3788 1073 3827; x_wconf 89' lang='lat' dir='ltr'><strong>a</strong></span> <span class='ocrx_word' id='word_1_504' title='bbox 1101 3772 1329 3827; x_wconf 89' lang='lat' dir='ltr'><strong>librario</strong></span> <span class='ocrx_word' id='word_1_505' title='bbox 1351 3774 1764 3843; x_wconf 87' lang='lat' dir='ltr'><strong>primislitteris</strong></span> <span class='ocrx_word' id='word_1_506' title='bbox 1785 3779 2044 3848; x_wconf 82' lang='lat' dir='ltr'><strong>appellat,</strong></span> <span class='ocrx_word' id='word_1_507' title='bbox 2146 3770 2316 3839; x_wconf 89' lang='lat' dir='ltr'><strong>giosis</strong></span> <span class='ocrx_word' id='word_1_508' title='bbox 2362 3769 2689 3834; x_wconf 89' lang='lat' dir='ltr'><strong>Turcorum,</strong></span> <span class='ocrx_word' id='word_1_509' title='bbox 2726 3772 2884 3837; x_wconf 87' lang='lat' dir='ltr'><strong>cujus</strong></span> <span class='ocrx_word' id='word_1_510' title='bbox 2941 3771 3121 3826; x_wconf 89' lang='lat' dir='ltr'><strong>obiter</strong></span> <span class='ocrx_word' id='word_1_511' title='bbox 3173 3773 3517 3825; x_wconf 75' lang='lat' dir='ltr'><strong>mentionem</strong></span> <span class='ocrx_word' id='word_1_512' title='bbox 3555 3780 3703 3836; x_wconf 81' lang='lat' dir='ltr'><strong>supra</strong></span> 
     </span>
    </p>
   </div>
   <div class='ocr_carea' id='block_1_44' title="bbox 479 3858 3707 3945">
    <p class='ocr_par' dir='ltr' id='par_1_44' title="bbox 479 3858 3707 3945">
     <span class='ocr_line' id='line_1_44' title="bbox 479 3858 3707 3945; baseline -0.001 -28"><span class='ocrx_word' id='word_1_513' title='bbox 479 3881 578 3936; x_wconf 92' lang='lat' dir='ltr'><strong>pro</strong></span> <span class='ocrx_word' id='word_1_514' title='bbox 604 3865 819 3921; x_wconf 84' lang='lat' dir='ltr'><strong>Antalia</strong></span> <span class='ocrx_word' id='word_1_515' title='bbox 852 3880 865 3919; x_wconf 86' lang='lat'><strong>:</strong></span> <span class='ocrx_word' id='word_1_516' title='bbox 907 3881 1021 3934; x_wconf 90' lang='lat' dir='ltr'><strong>quo</strong></span> <span class='ocrx_word' id='word_1_517' title='bbox 1070 3863 1191 3918; x_wconf 91' lang='lat' dir='ltr'><strong>loco</strong></span> <span class='ocrx_word' id='word_1_518' title='bbox 1226 3863 1550 3921; x_wconf 81' lang='lat' dir='ltr'><strong>Reineccius</strong></span> <span class='ocrx_word' id='word_1_519' title='bbox 1584 3875 1753 3933; x_wconf 90' lang='lat' dir='ltr'><strong>notat,</strong></span> <span class='ocrx_word' id='word_1_520' title='bbox 1797 3871 2044 3926; x_wconf 80' lang='lat' dir='ltr'><strong>scriben-</strong></span> <span class='ocrx_word' id='word_1_521' title='bbox 2147 3864 2398 3929; x_wconf 80' lang='lat' dir='ltr'><strong>fecimus.</strong></span> <span class='ocrx_word' id='word_1_522' title='bbox 2468 3881 2589 3936; x_wconf 86' lang='lat' dir='ltr'><strong>cap.</strong></span> <span class='ocrx_word' id='word_1_523' title='bbox 2623 3866 2713 3921; x_wconf 64' lang='grc'><strong>64.</strong></span> <span class='ocrx_word' id='word_1_524' title='bbox 2778 3864 3102 3919; x_wconf 82' lang='lat' dir='ltr'><strong>Transﬁxus</strong></span> <span class='ocrx_word' id='word_1_525' title='bbox 3134 3879 3163 3916; x_wconf 93' lang='lat' dir='ltr'><strong>a</strong></span> <span class='ocrx_word' id='word_1_526' title='bbox 3204 3862 3535 3945; x_wconf 63' lang='lat' dir='ltr'><strong>S‘achoculi</strong></span> <span class='ocrx_word' id='word_1_527' title='bbox 3598 3858 3707 3929; x_wconf 82' lang='lat' dir='ltr'><strong>palo</strong></span> 
     </span>
    </p>
   </div>
   <div class='ocr_carea' id='block_1_45' title="bbox 476 3950 3704 4034">
    <p class='ocr_par' dir='ltr' id='par_1_45' title="bbox 476 3950 3704 4034">
     <span class='ocr_line' id='line_1_45' title="bbox 476 3950 3704 4034; baseline -0.003 -21"><span class='ocrx_word' id='word_1_528' title='bbox 476 3964 603 4014; x_wconf 87' lang='lat' dir='ltr'><strong>dum</strong></span> <span class='ocrx_word' id='word_1_529' title='bbox 644 3976 742 4029; x_wconf 91' lang='lat' dir='ltr'><strong>pro</strong></span> <span class='ocrx_word' id='word_1_530' title='bbox 781 3958 990 4013; x_wconf 84' lang='lat' dir='ltr'><strong>Natalia</strong></span> <span class='ocrx_word' id='word_1_531' title='bbox 1034 3956 1341 4012; x_wconf 85' lang='lat' dir='ltr'><strong>Nacoliam.</strong></span> <span class='ocrx_word' id='word_1_532' title='bbox 1387 3958 1555 4028; x_wconf 79' lang='lat' dir='ltr'><strong>Atqui</strong></span> <span class='ocrx_word' id='word_1_533' title='bbox 1606 3958 1829 4015; x_wconf 87' lang='lat' dir='ltr'><strong>Nacolia</strong></span> <span class='ocrx_word' id='word_1_534' title='bbox 1883 3963 2043 4034; x_wconf 75' lang='lat' dir='ltr'><strong>longe</strong></span> <span class='ocrx_word' id='word_1_535' title='bbox 2144 3955 2251 4011; x_wconf 80' lang='lat' dir='ltr'><strong>fuit</strong></span> <span class='ocrx_word' id='word_1_536' title='bbox 2292 3959 2554 4012; x_wconf 74' lang='lat' dir='ltr'><strong>Anatolia:</strong></span> <span class='ocrx_word' id='word_1_537' title='bbox 2583 3958 2961 4026; x_wconf 80' lang='lat' dir='ltr'><strong>beglerbegus.</strong></span> <span class='ocrx_word' id='word_1_538' title='bbox 3002 3967 3060 4012; x_wconf 93' lang='lat' dir='ltr'><strong>ut</strong></span> <span class='ocrx_word' id='word_1_539' title='bbox 3083 3957 3330 4013; x_wconf 86' lang='lat' dir='ltr'><strong>Annales</strong></span> <span class='ocrx_word' id='word_1_540' title='bbox 3362 3956 3623 4012; x_wconf 82' lang='lat' dir='ltr'><strong>referunt.</strong></span> <span class='ocrx_word' id='word_1_541' title='bbox 3654 3950 3704 4005; x_wconf 83' lang='lat' dir='ltr'><strong>Ei</strong></span> 
     </span>
    </p>
   </div>
   <div class='ocr_carea' id='block_1_46' title="bbox 474 4050 3707 4125">
    <p class='ocr_par' dir='ltr' id='par_1_46' title="bbox 474 4050 3707 4125">
     <span class='ocr_line' id='line_1_46' title="bbox 474 4050 3707 4125; baseline -0.003 -17"><span class='ocrx_word' id='word_1_542' title='bbox 474 4057 645 4111; x_wconf 81' lang='lat' dir='ltr'><strong>distat</strong></span> <span class='ocrx_word' id='word_1_543' title='bbox 666 4056 736 4109; x_wconf 89' lang='lat' dir='ltr'><strong>ab</strong></span> <span class='ocrx_word' id='word_1_544' title='bbox 760 4055 996 4120; x_wconf 86' lang='lat' dir='ltr'><strong>Antalia,</strong></span> <span class='ocrx_word' id='word_1_545' title='bbox 1036 4052 1285 4125; x_wconf 64' lang='lat' dir='ltr'><strong>Phrygiae</strong></span> <span class='ocrx_word' id='word_1_546' title='bbox 1322 4053 1581 4107; x_wconf 90' lang='lat' dir='ltr'><strong>nimirum</strong></span> <span class='ocrx_word' id='word_1_547' title='bbox 1606 4054 1833 4124; x_wconf 85' lang='lat' dir='ltr'><strong>majoris</strong></span> <span class='ocrx_word' id='word_1_548' title='bbox 1868 4058 2040 4112; x_wconf 85' lang='lat' dir='ltr'><strong>medi-</strong></span> <span class='ocrx_word' id='word_1_549' title='bbox 2146 4064 2346 4105; x_wconf 67' lang='lat' dir='ltr'><strong>nomen</strong></span> <span class='ocrx_word' id='word_1_550' title='bbox 2380 4050 2887 4123; x_wconf 59' lang='lat' dir='ltr'><strong>dan1569&#39;l‘urci</strong></span> <span class='ocrx_word' id='word_1_551' title='bbox 2915 4051 3175 4121; x_wconf 87' lang='lat' dir='ltr'><strong>Caragos,</strong></span> <span class='ocrx_word' id='word_1_552' title='bbox 3207 4057 3266 4105; x_wconf 85' lang='lat' dir='ltr'><strong>ut</strong></span> <span class='ocrx_word' id='word_1_553' title='bbox 3287 4063 3483 4105; x_wconf 73' lang='lat' dir='ltr'><strong>nostro</strong></span> <span class='ocrx_word' id='word_1_554' title='bbox 3508 4058 3707 4119; x_wconf 87' lang='lat' dir='ltr'><strong>quoque</strong></span> 
     </span>
    </p>
   </div>
   <div class='ocr_carea' id='block_1_47' title="bbox 472 4139 3700 4214">
    <p class='ocr_par' dir='ltr' id='par_1_47' title="bbox 472 4139 3700 4214">
     <span class='ocr_line' id='line_1_47' title="bbox 472 4139 3700 4214; baseline -0.002 -14"><span class='ocrx_word' id='word_1_555' title='bbox 472 4159 723 4201; x_wconf 83' lang='lat' dir='ltr'><strong>terranea</strong></span> <span class='ocrx_word' id='word_1_556' title='bbox 779 4146 991 4213; x_wconf 86' lang='lat' dir='ltr'><strong>civitas,</strong></span> <span class='ocrx_word' id='word_1_557' title='bbox 1030 4146 1098 4201; x_wconf 86' lang='lat' dir='ltr'><strong>ad</strong></span> <span class='ocrx_word' id='word_1_558' title='bbox 1126 4144 1451 4214; x_wconf 89' lang='lat' dir='ltr'><strong>Sangarium</strong></span> <span class='ocrx_word' id='word_1_559' title='bbox 1491 4144 1691 4200; x_wconf 81' lang='lat' dir='ltr'><strong>ﬂumen</strong></span> <span class='ocrx_word' id='word_1_560' title='bbox 1721 4146 1825 4201; x_wconf 88' lang='lat' dir='ltr'><strong>sita</strong></span> <span class='ocrx_word' id='word_1_561' title='bbox 1861 4165 1875 4202; x_wconf 87' lang='lat'><strong>:</strong></span> <span class='ocrx_word' id='word_1_562' title='bbox 1913 4163 2037 4203; x_wconf 89' lang='lat' dir='ltr'><strong>cum</strong></span> <span class='ocrx_word' id='word_1_563' title='bbox 2144 4150 2391 4212; x_wconf 74' lang='lat' dir='ltr'><strong>tempore</strong></span> <span class='ocrx_word' id='word_1_564' title='bbox 2421 4143 2655 4198; x_wconf 75' lang='lat' dir='ltr'><strong>celebris</strong></span> <span class='ocrx_word' id='word_1_565' title='bbox 2689 4143 2791 4197; x_wconf 80' lang='lat' dir='ltr'><strong>fuit</strong></span> <span class='ocrx_word' id='word_1_566' title='bbox 2817 4142 3058 4212; x_wconf 86' lang='lat' dir='ltr'><strong>Caragos</strong></span> <span class='ocrx_word' id='word_1_567' title='bbox 3092 4140 3242 4207; x_wconf 73' lang='lat' dir='ltr'><strong>Bais,</strong></span> <span class='ocrx_word' id='word_1_568' title='bbox 3270 4158 3441 4213; x_wconf 89' lang='lat' dir='ltr'><strong>quem</strong></span> <span class='ocrx_word' id='word_1_569' title='bbox 3476 4143 3528 4196; x_wconf 87' lang='lat' dir='ltr'><strong>in</strong></span> <span class='ocrx_word' id='word_1_570' title='bbox 3570 4139 3700 4206; x_wconf 81' lang='lat' dir='ltr'><strong>Sup-</strong></span> 
     </span>
    </p>
   </div>
   <div class='ocr_carea' id='block_1_48' title="bbox 467 4234 3701 4307">
    <p class='ocr_par' dir='ltr' id='par_1_48' title="bbox 467 4234 3701 4307">
     <span class='ocr_line' id='line_1_48' title="bbox 467 4234 3701 4307; baseline -0.003 -12"><span class='ocrx_word' id='word_1_571' title='bbox 467 4239 537 4295; x_wconf 91' lang='lat' dir='ltr'><strong>de</strong></span> <span class='ocrx_word' id='word_1_572' title='bbox 572 4238 789 4294; x_wconf 87' lang='lat' dir='ltr'><strong>Antalia</strong></span> <span class='ocrx_word' id='word_1_573' title='bbox 817 4254 915 4294; x_wconf 90' lang='lat' dir='ltr'><strong>sua</strong></span> <span class='ocrx_word' id='word_1_574' title='bbox 942 4238 1125 4294; x_wconf 88' lang='lat' dir='ltr'><strong>statim</strong></span> <span class='ocrx_word' id='word_1_575' title='bbox 1157 4238 1414 4305; x_wconf 86' lang='lat' dir='ltr'><strong>subjiciat</strong></span> <span class='ocrx_word' id='word_1_576' title='bbox 1438 4239 1745 4307; x_wconf 86' lang='lat' dir='ltr'><strong>Aythonus,</strong></span> <span class='ocrx_word' id='word_1_577' title='bbox 1773 4255 1890 4294; x_wconf 90' lang='lat' dir='ltr'><strong>eam</strong></span> <span class='ocrx_word' id='word_1_578' title='bbox 1939 4256 2034 4295; x_wconf 79' lang='lat' dir='ltr'><strong>su-</strong></span> <span class='ocrx_word' id='word_1_579' title='bbox 2139 4235 2397 4305; x_wconf 88' lang='lat' dir='ltr'><strong>plementi</strong></span> <span class='ocrx_word' id='word_1_580' title='bbox 2433 4236 2745 4290; x_wconf 87' lang='lat' dir='ltr'><strong>narratione</strong></span> <span class='ocrx_word' id='word_1_581' title='bbox 2778 4235 2846 4290; x_wconf 87' lang='lat' dir='ltr'><strong>de</strong></span> <span class='ocrx_word' id='word_1_582' title='bbox 2882 4234 3023 4289; x_wconf 90' lang='lat' dir='ltr'><strong>bello</strong></span> <span class='ocrx_word' id='word_1_583' title='bbox 3055 4234 3258 4305; x_wconf 85' lang='lat' dir='ltr'><strong>Cyprio</strong></span> <span class='ocrx_word' id='word_1_584' title='bbox 3313 4242 3701 4289; x_wconf 72' lang='lat' dir='ltr'><strong>commemora-</strong></span> 
     </span>
    </p>
   </div>
   <div class='ocr_carea' id='block_1_49' title="bbox 469 4314 3699 4402">
    <p class='ocr_par' dir='ltr' id='par_1_49' title="bbox 469 4314 3699 4402">
     <span class='ocr_line' id='line_1_49' title="bbox 469 4314 3699 4402; baseline -0.005 -16"><span class='ocrx_word' id='word_1_585' title='bbox 469 4348 567 4402; x_wconf 86' lang='lat' dir='ltr'><strong>pra</strong></span> <span class='ocrx_word' id='word_1_586' title='bbox 610 4346 762 4388; x_wconf 87' lang='lat' dir='ltr'><strong>mare</strong></span> <span class='ocrx_word' id='word_1_587' title='bbox 784 4331 1006 4388; x_wconf 62' lang='lat' dir='ltr'><strong>Graeciae</strong></span> <span class='ocrx_word' id='word_1_588' title='bbox 1031 4331 1261 4401; x_wconf 83' lang='lat' dir='ltr'><strong>(Gallice</strong></span> <span class='ocrx_word' id='word_1_589' title='bbox 1287 4314 1550 4401; x_wconf 77' lang='lat' dir='ltr'><strong>loquitur,</strong></span> <span class='ocrx_word' id='word_1_590' title='bbox 1602 4348 1719 4399; x_wconf 83' lang='lat' dir='ltr'><strong>pro,</strong></span> <span class='ocrx_word' id='word_1_591' title='bbox 1763 4332 1827 4387; x_wconf 83' lang='lat' dir='ltr'><strong>ad</strong></span> <span class='ocrx_word' id='word_1_592' title='bbox 1860 4333 2030 4400; x_wconf 81' lang='lat' dir='ltr'><strong>mare)</strong></span> <span class='ocrx_word' id='word_1_593' title='bbox 2136 4326 2358 4392; x_wconf 89' lang='lat' dir='ltr'><strong>vimus;</strong></span> <span class='ocrx_word' id='word_1_594' title='bbox 2405 4327 2567 4397; x_wconf 91' lang='lat' dir='ltr'><strong>vulgo</strong></span> <span class='ocrx_word' id='word_1_595' title='bbox 2611 4326 2783 4381; x_wconf 91' lang='lat' dir='ltr'><strong>nostri</strong></span> <span class='ocrx_word' id='word_1_596' title='bbox 2855 4325 3215 4381; x_wconf 83' lang='lat' dir='ltr'><strong>Caracossam</strong></span> <span class='ocrx_word' id='word_1_597' title='bbox 3278 4324 3494 4380; x_wconf 78' lang='lat' dir='ltr'><strong>dixere.</strong></span> <span class='ocrx_word' id='word_1_598' title='bbox 3552 4319 3699 4375; x_wconf 81' lang='lat' dir='ltr'><strong>Jovio</strong></span> 
     </span>
    </p>
   </div>
   <div class='ocr_carea' id='block_1_50' title="bbox 467 4414 3699 4495">
    <p class='ocr_par' dir='ltr' id='par_1_50' title="bbox 467 4414 3699 4495">
     <span class='ocr_line' id='line_1_50' title="bbox 467 4414 3699 4495; baseline -0.003 -16"><span class='ocrx_word' id='word_1_599' title='bbox 467 4426 653 4481; x_wconf 85' lang='lat' dir='ltr'><strong>sitam.</strong></span> <span class='ocrx_word' id='word_1_600' title='bbox 708 4425 774 4481; x_wconf 81' lang='lat' dir='ltr'><strong>Et</strong></span> <span class='ocrx_word' id='word_1_601' title='bbox 844 4426 1011 4481; x_wconf 78' lang='lat' dir='ltr'><strong>maris</strong></span> <span class='ocrx_word' id='word_1_602' title='bbox 1073 4424 1298 4479; x_wconf 56' lang='grc' dir='ltr'><strong>ϐαθεῖαι</strong></span> <span class='ocrx_word' id='word_1_603' title='bbox 1372 4425 1643 4478; x_wconf 89' lang='lat' dir='ltr'><strong>vocabulo</strong></span> <span class='ocrx_word' id='word_1_604' title='bbox 1711 4425 2037 4495; x_wconf 77' lang='lat' dir='ltr'><strong>intelligitur</strong></span> <span class='ocrx_word' id='word_1_605' title='bbox 2137 4419 2368 4488; x_wconf 70' lang='lat' dir='ltr'><strong>(largius</strong></span> <span class='ocrx_word' id='word_1_606' title='bbox 2402 4419 2565 4475; x_wconf 86' lang='lat' dir='ltr'><strong>bassa</strong></span> <span class='ocrx_word' id='word_1_607' title='bbox 2601 4421 2942 4483; x_wconf 86' lang='lat' dir='ltr'><strong>nominatur,</strong></span> <span class='ocrx_word' id='word_1_608' title='bbox 2994 4426 3046 4473; x_wconf 90' lang='lat' dir='ltr'><strong>et</strong></span> <span class='ocrx_word' id='word_1_609' title='bbox 3088 4418 3262 4473; x_wconf 86' lang='lat' dir='ltr'><strong>eidem</strong></span> <span class='ocrx_word' id='word_1_610' title='bbox 3316 4418 3450 4472; x_wconf 88' lang='lat' dir='ltr'><strong>alibi</strong></span> <span class='ocrx_word' id='word_1_611' title='bbox 3483 4414 3699 4471; x_wconf 68' lang='lat' dir='ltr'><strong>Caraitts</strong></span> 
     </span>
    </p>
   </div>
   <div class='ocr_carea' id='block_1_51' title="bbox 463 4501 3702 4593">
    <p class='ocr_par' dir='ltr' id='par_1_51' title="bbox 463 4501 3702 4593">
     <span class='ocr_line' id='line_1_51' title="bbox 463 4501 3702 4593; baseline -0.006 -20"><span class='ocrx_word' id='word_1_612' title='bbox 463 4517 711 4589; x_wconf 60' lang='lat' dir='ltr'><strong>Egaum</strong></span> <span class='ocrx_word' id='word_1_613' title='bbox 738 4532 907 4593; x_wconf 72' lang='lat' dir='ltr'><strong>mare,</strong></span> <span class='ocrx_word' id='word_1_614' title='bbox 936 4517 1022 4572; x_wconf 85' lang='lat' dir='ltr'><strong>vel</strong></span> <span class='ocrx_word' id='word_1_615' title='bbox 1046 4516 1460 4586; x_wconf 83' lang='lat' dir='ltr'><strong>Archipelagus.</strong></span> <span class='ocrx_word' id='word_1_616' title='bbox 1492 4515 1655 4569; x_wconf 85' lang='lat' dir='ltr'><strong>Addit</strong></span> <span class='ocrx_word' id='word_1_617' title='bbox 1687 4517 1858 4580; x_wconf 89' lang='lat' dir='ltr'><strong>enim,</strong></span> <span class='ocrx_word' id='word_1_618' title='bbox 1885 4515 2033 4586; x_wconf 88' lang='lat' dir='ltr'><strong>quod</strong></span> <span class='ocrx_word' id='word_1_619' title='bbox 2067 4519 2111 4575; x_wconf 72' lang='grc' dir='ltr'>ο</span> <span class='ocrx_word' id='word_1_620' title='bbox 2140 4520 2244 4567; x_wconf 87' lang='lat' dir='ltr'><strong>est.</strong></span> <span class='ocrx_word' id='word_1_621' title='bbox 2275 4512 2539 4568; x_wconf 83' lang='lat' dir='ltr'><strong>Dissentit</strong></span> <span class='ocrx_word' id='word_1_622' title='bbox 2566 4513 2729 4568; x_wconf 86' lang='lat' dir='ltr'><strong>etiam</strong></span> <span class='ocrx_word' id='word_1_623' title='bbox 2753 4512 2807 4567; x_wconf 93' lang='lat' dir='ltr'><strong>in</strong></span> <span class='ocrx_word' id='word_1_624' title='bbox 2828 4510 3173 4581; x_wconf 77' lang='lat' dir='ltr'><strong>expositione</strong></span> <span class='ocrx_word' id='word_1_625' title='bbox 3192 4511 3442 4564; x_wconf 78' lang='lat' dir='ltr'><strong>historiae</strong></span> <span class='ocrx_word' id='word_1_626' title='bbox 3468 4501 3702 4563; x_wconf 66' lang='lat' dir='ltr'><strong>nonnihil</strong></span> 
     </span>
    </p>
   </div>
   <div class='ocr_carea' id='block_1_52' title="bbox 465 4601 3704 4679">
    <p class='ocr_par' dir='ltr' id='par_1_52' title="bbox 465 4601 3704 4679">
     <span class='ocr_line' id='line_1_52' title="bbox 465 4601 3704 4679; baseline -0.003 -17"><span class='ocrx_word' id='word_1_627' title='bbox 465 4610 579 4664; x_wconf 63' lang='lat' dir='ltr'><strong>haec</strong></span> <span class='ocrx_word' id='word_1_628' title='bbox 594 4609 792 4664; x_wconf 86' lang='lat' dir='ltr'><strong>civitas</strong></span> <span class='ocrx_word' id='word_1_629' title='bbox 820 4610 1081 4679; x_wconf 84' lang='lat' dir='ltr'><strong>respiciat</strong></span> <span class='ocrx_word' id='word_1_630' title='bbox 1132 4624 1363 4679; x_wconf 89' lang='lat' dir='ltr'><strong>regnum</strong></span> <span class='ocrx_word' id='word_1_631' title='bbox 1395 4607 1578 4677; x_wconf 81' lang='lat' dir='ltr'><strong>Cypri.</strong></span> <span class='ocrx_word' id='word_1_632' title='bbox 1613 4607 1825 4677; x_wconf 79' lang='lat' dir='ltr'><strong>Quippe</strong></span> <span class='ocrx_word' id='word_1_633' title='bbox 1851 4623 2033 4662; x_wconf 86' lang='lat' dir='ltr'><strong>verum</strong></span> <span class='ocrx_word' id='word_1_634' title='bbox 2141 4604 2209 4659; x_wconf 90' lang='lat' dir='ltr'><strong>ab</strong></span> <span class='ocrx_word' id='word_1_635' title='bbox 2239 4605 2564 4671; x_wconf 86' lang='lat' dir='ltr'><strong>Annalibus,</strong></span> <span class='ocrx_word' id='word_1_636' title='bbox 2593 4605 2685 4675; x_wconf 73' lang='lat' dir='ltr'><strong>qui</strong></span> <span class='ocrx_word' id='word_1_637' title='bbox 2740 4605 3072 4674; x_wconf 84' lang='lat' dir='ltr'><strong>Caragosam</strong></span> <span class='ocrx_word' id='word_1_638' title='bbox 3106 4612 3327 4671; x_wconf 87' lang='lat' dir='ltr'><strong>captum</strong></span> <span class='ocrx_word' id='word_1_639' title='bbox 3367 4601 3540 4656; x_wconf 82' lang='lat' dir='ltr'><strong>inisse</strong></span> <span class='ocrx_word' id='word_1_640' title='bbox 3586 4611 3704 4653; x_wconf 85' lang='lat' dir='ltr'><strong>nar-</strong></span> 
     </span>
    </p>
   </div>
   <div class='ocr_carea' id='block_1_53' title="bbox 465 4691 3703 4768">
    <p class='ocr_par' dir='ltr' id='par_1_53' title="bbox 465 4691 3703 4768">
     <span class='ocr_line' id='line_1_53' title="bbox 465 4691 3703 4768; baseline -0.004 -15"><span class='ocrx_word' id='word_1_641' title='bbox 465 4699 569 4753; x_wconf 88' lang='lat' dir='ltr'><strong>boc</strong></span> <span class='ocrx_word' id='word_1_642' title='bbox 620 4705 727 4763; x_wconf 90' lang='lat' dir='ltr'><strong>est,</strong></span> <span class='ocrx_word' id='word_1_643' title='bbox 759 4708 814 4754; x_wconf 91' lang='lat' dir='ltr'><strong>et</strong></span> <span class='ocrx_word' id='word_1_644' title='bbox 844 4698 914 4752; x_wconf 89' lang='lat' dir='ltr'><strong>ab</strong></span> <span class='ocrx_word' id='word_1_645' title='bbox 947 4697 1171 4763; x_wconf 79' lang='lat' dir='ltr'><strong>Attalia,</strong></span> <span class='ocrx_word' id='word_1_646' title='bbox 1199 4711 1366 4768; x_wconf 90' lang='lat' dir='ltr'><strong>quam</strong></span> <span class='ocrx_word' id='word_1_647' title='bbox 1407 4697 1687 4751; x_wconf 86' lang='lat' dir='ltr'><strong>Setteliam</strong></span> <span class='ocrx_word' id='word_1_648' title='bbox 1744 4697 1911 4752; x_wconf 91' lang='lat' dir='ltr'><strong>modo</strong></span> <span class='ocrx_word' id='word_1_649' title='bbox 1936 4713 2034 4751; x_wconf 76' lang='grc' dir='ltr'><strong>νο·</strong></span> <span class='ocrx_word' id='word_1_650' title='bbox 2140 4706 2286 4760; x_wconf 87' lang='lat' dir='ltr'><strong>rant,</strong></span> <span class='ocrx_word' id='word_1_651' title='bbox 2317 4706 2369 4751; x_wconf 92' lang='lat' dir='ltr'><strong>et</strong></span> <span class='ocrx_word' id='word_1_652' title='bbox 2394 4694 2657 4768; x_wconf 77' lang='lat' dir='ltr'><strong>Cutaigen</strong></span> <span class='ocrx_word' id='word_1_653' title='bbox 2682 4695 2787 4750; x_wconf 80' lang='lat' dir='ltr'><strong>add</strong></span> <span class='ocrx_word' id='word_1_654' title='bbox 2807 4704 3083 4759; x_wconf 68' lang='lat' dir='ltr'><strong>.ctum,et</strong></span> <span class='ocrx_word' id='word_1_655' title='bbox 3102 4693 3219 4748; x_wconf 88' lang='lat' dir='ltr'><strong>suis</strong></span> <span class='ocrx_word' id='word_1_656' title='bbox 3246 4692 3302 4746; x_wconf 91' lang='lat' dir='ltr'><strong>in</strong></span> <span class='ocrx_word' id='word_1_657' title='bbox 3331 4691 3537 4760; x_wconf 85' lang='lat' dir='ltr'><strong>oppido</strong></span> <span class='ocrx_word' id='word_1_658' title='bbox 3567 4702 3703 4742; x_wconf 67' lang='lat' dir='ltr'><strong>como</strong></span> 
     </span>
    </p>
   </div>
   <div class='ocr_carea' id='block_1_54' title="bbox 464 4781 3702 4859">
    <p class='ocr_par' dir='ltr' id='par_1_54' title="bbox 464 4781 3702 4859">
     <span class='ocr_line' id='line_1_54' title="bbox 464 4781 3702 4859; baseline -0.004 -14"><span class='ocrx_word' id='word_1_659' title='bbox 464 4798 617 4855; x_wconf 89' lang='lat' dir='ltr'><strong>cant,</strong></span> <span class='ocrx_word' id='word_1_660' title='bbox 649 4798 800 4845; x_wconf 91' lang='lat' dir='ltr'><strong>totus</strong></span> <span class='ocrx_word' id='word_1_661' title='bbox 831 4789 921 4844; x_wconf 86' lang='lat' dir='ltr'><strong>ille</strong></span> <span class='ocrx_word' id='word_1_662' title='bbox 971 4791 1126 4844; x_wconf 89' lang='lat' dir='ltr'><strong>sinus</strong></span> <span class='ocrx_word' id='word_1_663' title='bbox 1161 4789 1409 4858; x_wconf 65' lang='lat' dir='ltr'><strong>obiectus</strong></span> <span class='ocrx_word' id='word_1_664' title='bbox 1441 4788 1641 4859; x_wconf 87' lang='lat' dir='ltr'><strong>Cypro,</strong></span> <span class='ocrx_word' id='word_1_665' title='bbox 1697 4804 1842 4845; x_wconf 89' lang='lat' dir='ltr'><strong>nunc</strong></span> <span class='ocrx_word' id='word_1_666' title='bbox 1871 4787 2033 4844; x_wconf 87' lang='lat' dir='ltr'><strong>Golt‘o</strong></span> <span class='ocrx_word' id='word_1_667' title='bbox 2138 4794 2504 4842; x_wconf 87' lang='lat' dir='ltr'><strong>monstratum</strong></span> <span class='ocrx_word' id='word_1_668' title='bbox 2531 4805 2544 4842; x_wconf 92' lang='lat'><strong>:</strong></span> <span class='ocrx_word' id='word_1_669' title='bbox 2575 4801 2810 4857; x_wconf 86' lang='lat' dir='ltr'><strong>cumque</strong></span> <span class='ocrx_word' id='word_1_670' title='bbox 2833 4786 3166 4842; x_wconf 86' lang='lat' dir='ltr'><strong>deditionem</strong></span> <span class='ocrx_word' id='word_1_671' title='bbox 3208 4784 3475 4855; x_wconf 84' lang='lat' dir='ltr'><strong>oppidani</strong></span> <span class='ocrx_word' id='word_1_672' title='bbox 3536 4781 3702 4836; x_wconf 78' lang='lat' dir='ltr'><strong>facere</strong></span> 
     </span>
    </p>
   </div>
   <div class='ocr_carea' id='block_1_55' title="bbox 462 4869 3701 4949">
    <p class='ocr_par' dir='ltr' id='par_1_55' title="bbox 462 4869 3701 4949">
     <span class='ocr_line' id='line_1_55' title="bbox 462 4869 3701 4949; baseline -0.004 -11"><span class='ocrx_word' id='word_1_673' title='bbox 462 4882 515 4938; x_wconf 90' lang='lat' dir='ltr'><strong>di</strong></span> <span class='ocrx_word' id='word_1_674' title='bbox 552 4882 777 4938; x_wconf 88' lang='lat' dir='ltr'><strong>Settelia</strong></span> <span class='ocrx_word' id='word_1_675' title='bbox 804 4882 1140 4937; x_wconf 88' lang='lat' dir='ltr'><strong>nominatur.</strong></span> <span class='ocrx_word' id='word_1_676' title='bbox 1159 4882 1506 4937; x_wconf 85' lang='lat' dir='ltr'><strong>Belvacensis</strong></span> <span class='ocrx_word' id='word_1_677' title='bbox 1538 4881 1822 4935; x_wconf 86' lang='lat' dir='ltr'><strong>Satteliam</strong></span> <span class='ocrx_word' id='word_1_678' title='bbox 1859 4882 2032 4949; x_wconf 83' lang='lat' dir='ltr'><strong>scrip-</strong></span> <span class='ocrx_word' id='word_1_679' title='bbox 2138 4878 2368 4941; x_wconf 86' lang='lat' dir='ltr'><strong>nollent.</strong></span> <span class='ocrx_word' id='word_1_680' title='bbox 2409 4879 2464 4933; x_wconf 89' lang='lat' dir='ltr'><strong>in</strong></span> <span class='ocrx_word' id='word_1_681' title='bbox 2506 4894 2697 4934; x_wconf 89' lang='lat' dir='ltr'><strong>eorum</strong></span> <span class='ocrx_word' id='word_1_682' title='bbox 2733 4887 3031 4948; x_wconf 88' lang='lat' dir='ltr'><strong>conspectu</strong></span> <span class='ocrx_word' id='word_1_683' title='bbox 3073 4876 3197 4947; x_wconf 89' lang='lat' dir='ltr'><strong>palo</strong></span> <span class='ocrx_word' id='word_1_684' title='bbox 3230 4876 3586 4931; x_wconf 72' lang='lat' dir='ltr'><strong>transfixum.</strong></span> <span class='ocrx_word' id='word_1_685' title='bbox 3616 4869 3701 4924; x_wconf 82' lang='lat' dir='ltr'><strong>Jo-</strong></span> 
     </span>
    </p>
   </div>
   <div class='ocr_carea' id='block_1_56' title="bbox 461 4954 3697 5044">
    <p class='ocr_par' dir='ltr' id='par_1_56' title="bbox 461 4954 3697 5044">
     <span class='ocr_line' id='line_1_56' title="bbox 461 4954 3697 5044; baseline -0.005 -13"><span class='ocrx_word' id='word_1_686' title='bbox 461 4977 557 5040; x_wconf 82' lang='lat' dir='ltr'><strong>sit,</strong></span> <span class='ocrx_word' id='word_1_687' title='bbox 608 4974 894 5044; x_wconf 88' lang='lat' dir='ltr'><strong>eidemque</strong></span> <span class='ocrx_word' id='word_1_688' title='bbox 952 4974 1110 5029; x_wconf 87' lang='lat' dir='ltr'><strong>sinus</strong></span> <span class='ocrx_word' id='word_1_689' title='bbox 1152 4975 1242 5029; x_wconf 90' lang='lat' dir='ltr'><strong>ille</strong></span> <span class='ocrx_word' id='word_1_690' title='bbox 1275 4975 1442 5028; x_wconf 88' lang='lat' dir='ltr'><strong>maris</strong></span> <span class='ocrx_word' id='word_1_691' title='bbox 1484 4974 1788 5043; x_wconf 84' lang='lat' dir='ltr'><strong>appellatur</strong></span> <span class='ocrx_word' id='word_1_692' title='bbox 1827 4974 2031 5028; x_wconf 81' lang='lat' dir='ltr'><strong>Gantra</strong></span> <span class='ocrx_word' id='word_1_693' title='bbox 2135 4967 2255 5022; x_wconf 71' lang='lat' dir='ltr'><strong>vius</strong></span> <span class='ocrx_word' id='word_1_694' title='bbox 2290 4976 2470 5021; x_wconf 84' lang='lat' dir='ltr'><strong>autem</strong></span> <span class='ocrx_word' id='word_1_695' title='bbox 2494 4981 2659 5037; x_wconf 88' lang='lat' dir='ltr'><strong>prope</strong></span> <span class='ocrx_word' id='word_1_696' title='bbox 2685 4965 2817 5020; x_wconf 91' lang='lat' dir='ltr'><strong>dicit</strong></span> <span class='ocrx_word' id='word_1_697' title='bbox 2839 4965 3107 5028; x_wconf 80' lang='lat' dir='ltr'><strong>abfuisse,</strong></span> <span class='ocrx_word' id='word_1_698' title='bbox 3134 4970 3196 5018; x_wconf 93' lang='lat' dir='ltr'><strong>ut</strong></span> <span class='ocrx_word' id='word_1_699' title='bbox 3226 4971 3530 5029; x_wconf 76' lang='lat' dir='ltr'><strong>caperetur</strong></span> <span class='ocrx_word' id='word_1_700' title='bbox 3568 4954 3697 5016; x_wconf 79' lang='lat' dir='ltr'><strong>:sed</strong></span> 
     </span>
    </p>
   </div>
   <div class='ocr_carea' id='block_1_57' title="bbox 462 5052 3701 5133">
    <p class='ocr_par' dir='ltr' id='par_1_57' title="bbox 462 5052 3701 5133">
     <span class='ocr_line' id='line_1_57' title="bbox 462 5052 3701 5133; baseline -0.006 -11"><span class='ocrx_word' id='word_1_701' title='bbox 462 5066 729 5131; x_wconf 64' lang='lat' dir='ltr'><strong>Satteliaa,</strong></span> <span class='ocrx_word' id='word_1_702' title='bbox 788 5066 1062 5122; x_wconf 85' lang='lat' dir='ltr'><strong>voeabqu</strong></span> <span class='ocrx_word' id='word_1_703' title='bbox 1123 5065 1330 5121; x_wconf 86' lang='lat' dir='ltr'><strong>Gallico</strong></span> <span class='ocrx_word' id='word_1_704' title='bbox 1377 5064 1596 5133; x_wconf 76' lang='lat' dir='ltr'><strong>Goufre,</strong></span> <span class='ocrx_word' id='word_1_705' title='bbox 1665 5066 1809 5133; x_wconf 84' lang='lat' dir='ltr'><strong>quod</strong></span> <span class='ocrx_word' id='word_1_706' title='bbox 1872 5065 2033 5119; x_wconf 86' lang='lat' dir='ltr'><strong>hodie</strong></span> <span class='ocrx_word' id='word_1_707' title='bbox 2137 5058 2563 5113; x_wconf 85' lang='lat' dir='ltr'><strong>substractuma</strong></span> <span class='ocrx_word' id='word_1_708' title='bbox 2610 5056 2747 5123; x_wconf 89' lang='lat' dir='ltr'><strong>suis,</strong></span> <span class='ocrx_word' id='word_1_709' title='bbox 2789 5054 3035 5124; x_wconf 83' lang='lat' dir='ltr'><strong>Cutejam</strong></span> <span class='ocrx_word' id='word_1_710' title='bbox 3063 5053 3496 5123; x_wconf 85' lang='lat' dir='ltr'><strong>evasisse:qua</strong></span> <span class='ocrx_word' id='word_1_711' title='bbox 3556 5052 3701 5105; x_wconf 81' lang='lat' dir='ltr'><strong>dein-</strong></span> 
     </span>
    </p>
   </div>
   <div class='ocr_carea' id='block_1_58' title="bbox 459 5140 3696 5230">
    <p class='ocr_par' dir='ltr' id='par_1_58' title="bbox 459 5140 3696 5230">
     <span class='ocr_line' id='line_1_58' title="bbox 459 5140 3696 5230; baseline -0.007 -13"><span class='ocrx_word' id='word_1_712' title='bbox 459 5162 665 5217; x_wconf 70' lang='lat' dir='ltr'><strong>Graacis</strong></span> <span class='ocrx_word' id='word_1_713' title='bbox 715 5167 801 5216; x_wconf 90' lang='lat' dir='ltr'><strong>cst</strong></span> <span class='ocrx_word' id='word_1_714' title='bbox 838 5160 1077 5230; x_wconf 88' lang='lat' dir='ltr'><strong>Corpho,</strong></span> <span class='ocrx_word' id='word_1_715' title='bbox 1123 5158 1321 5229; x_wconf 89' lang='lat' dir='ltr'><strong>priscis</strong></span> <span class='ocrx_word' id='word_1_716' title='bbox 1379 5158 1617 5219; x_wconf 77' lang='grc' dir='ltr'><strong>Κόλπος,</strong></span> <span class='ocrx_word' id='word_1_717' title='bbox 1658 5156 1806 5211; x_wconf 82' lang='lat' dir='ltr'><strong>ltalis</strong></span> <span class='ocrx_word' id='word_1_718' title='bbox 1848 5156 2030 5223; x_wconf 79' lang='lat' dir='ltr'><strong>Collo,</strong></span> <span class='ocrx_word' id='word_1_719' title='bbox 2136 5163 2317 5217; x_wconf 66' lang='lat' dir='ltr'><strong>capsa</strong></span> <span class='ocrx_word' id='word_1_720' title='bbox 2350 5148 2622 5204; x_wconf 88' lang='lat' dir='ltr'><strong>seditiosis</strong></span> <span class='ocrx_word' id='word_1_721' title='bbox 2650 5156 2982 5217; x_wconf 78' lang='lat' dir='ltr'><strong>expugnata,</strong></span> <span class='ocrx_word' id='word_1_722' title='bbox 3012 5145 3174 5200; x_wconf 89' lang='lat' dir='ltr'><strong>etiam</strong></span> <span class='ocrx_word' id='word_1_723' title='bbox 3207 5145 3325 5214; x_wconf 90' lang='lat' dir='ltr'><strong>ipse</strong></span> <span class='ocrx_word' id='word_1_724' title='bbox 3368 5143 3609 5200; x_wconf 87' lang='lat' dir='ltr'><strong>hostium</strong></span> <span class='ocrx_word' id='word_1_725' title='bbox 3646 5140 3696 5194; x_wconf 92' lang='lat' dir='ltr'><strong>in</strong></span> 
     </span>
    </p>
   </div>
   <div class='ocr_carea' id='block_1_59' title="bbox 457 5230 3699 5318">
    <p class='ocr_par' dir='ltr' id='par_1_59' title="bbox 457 5230 3699 5318">
     <span class='ocr_line' id='line_1_59' title="bbox 457 5230 3699 5318; baseline -0.006 -11"><span class='ocrx_word' id='word_1_726' title='bbox 457 5252 672 5307; x_wconf 86' lang='lat' dir='ltr'><strong>Latinis</strong></span> <span class='ocrx_word' id='word_1_727' title='bbox 694 5254 871 5310; x_wconf 87' lang='lat' dir='ltr'><strong>sinus.</strong></span> <span class='ocrx_word' id='word_1_728' title='bbox 902 5252 1038 5318; x_wconf 86' lang='lat' dir='ltr'><strong>Quia</strong></span> <span class='ocrx_word' id='word_1_729' title='bbox 1063 5266 1197 5306; x_wconf 87' lang='lat' dir='ltr'><strong>vero</strong></span> <span class='ocrx_word' id='word_1_730' title='bbox 1219 5251 1271 5306; x_wconf 89' lang='lat' dir='ltr'><strong>in</strong></span> <span class='ocrx_word' id='word_1_731' title='bbox 1305 5251 1452 5304; x_wconf 89' lang='lat' dir='ltr'><strong>hunc</strong></span> <span class='ocrx_word' id='word_1_732' title='bbox 1472 5249 1706 5317; x_wconf 80' lang='lat' dir='ltr'><strong>Aythoni</strong></span> <span class='ocrx_word' id='word_1_733' title='bbox 1732 5250 1910 5303; x_wconf 83' lang='lat' dir='ltr'><strong>locum</strong></span> <span class='ocrx_word' id='word_1_734' title='bbox 1946 5250 2033 5303; x_wconf 78' lang='lat' dir='ltr'><strong>in-</strong></span> <span class='ocrx_word' id='word_1_735' title='bbox 2136 5254 2331 5295; x_wconf 85' lang='lat' dir='ltr'><strong>manus</strong></span> <span class='ocrx_word' id='word_1_736' title='bbox 2354 5239 2582 5294; x_wconf 82' lang='lat' dir='ltr'><strong>venerit.</strong></span> <span class='ocrx_word' id='word_1_737' title='bbox 2616 5241 2812 5293; x_wconf 88' lang='lat' dir='ltr'><strong>Postea</strong></span> <span class='ocrx_word' id='word_1_738' title='bbox 2832 5253 2959 5292; x_wconf 89' lang='lat' dir='ltr'><strong>vero</strong></span> <span class='ocrx_word' id='word_1_739' title='bbox 2995 5239 3059 5290; x_wconf 86' lang='lat' dir='ltr'><strong>ad</strong></span> <span class='ocrx_word' id='word_1_740' title='bbox 3084 5235 3406 5297; x_wconf 84' lang='lat' dir='ltr'><strong>Caraéssar.</strong></span> <span class='ocrx_word' id='word_1_741' title='bbox 3429 5230 3699 5305; x_wconf 81' lang='lat' dir='ltr'><strong>(Carachi-</strong></span> 
     </span>
    </p>
   </div>
   <div class='ocr_carea' id='block_1_60' title="bbox 457 5329 2055 5416">
    <p class='ocr_par' dir='ltr' id='par_1_60' title="bbox 457 5341 2023 5416">
     <span class='ocr_line' id='line_1_60' title="bbox 457 5341 2023 5416; baseline -0.004 -15"><span class='ocrx_word' id='word_1_742' title='bbox 457 5347 715 5412; x_wconf 89' lang='lat' dir='ltr'><strong>cidimus,</strong></span> <span class='ocrx_word' id='word_1_743' title='bbox 748 5345 1086 5416; x_wconf 82' lang='lat' dir='ltr'><strong>explicemus</strong></span> <span class='ocrx_word' id='word_1_744' title='bbox 1123 5343 1300 5399; x_wconf 90' lang='lat' dir='ltr'><strong>obiter</strong></span> <span class='ocrx_word' id='word_1_745' title='bbox 1325 5352 1380 5398; x_wconf 90' lang='lat' dir='ltr'><strong>et</strong></span> <span class='ocrx_word' id='word_1_746' title='bbox 1414 5341 1515 5396; x_wconf 78' lang='lat' dir='ltr'><strong>alia</strong></span> <span class='ocrx_word' id='word_1_747' title='bbox 1541 5344 1791 5411; x_wconf 59' lang='lat' dir='ltr'><strong>quadam</strong></span> <span class='ocrx_word' id='word_1_748' title='bbox 1822 5341 2023 5396; x_wconf 87' lang='lat' dir='ltr'><strong>ibidem</strong></span> 
     </span>
    </p>
   </div>
   <div class='ocr_carea' id='block_1_61' title="bbox 2099 5329 3697 5416">
    <p class='ocr_par' dir='ltr' id='par_1_61' title="bbox 2135 5329 3697 5399">
     <span class='ocr_line' id='line_1_61' title="bbox 2135 5329 3697 5399; baseline -0.008 -12"><span class='ocrx_word' id='word_1_749' title='bbox 2135 5347 2226 5387; x_wconf 89' lang='lat' dir='ltr'><strong>sar</strong></span> <span class='ocrx_word' id='word_1_750' title='bbox 2252 5332 2496 5387; x_wconf 84' lang='lat' dir='ltr'><strong>scribere</strong></span> <span class='ocrx_word' id='word_1_751' title='bbox 2541 5330 2753 5398; x_wconf 80' lang='lat' dir='ltr'><strong>debuit)</strong></span> <span class='ocrx_word' id='word_1_752' title='bbox 2801 5330 2853 5383; x_wconf 92' lang='lat' dir='ltr'><strong>in</strong></span> <span class='ocrx_word' id='word_1_753' title='bbox 2908 5329 3084 5384; x_wconf 88' lang='lat' dir='ltr'><strong>media</strong></span> <span class='ocrx_word' id='word_1_754' title='bbox 3120 5330 3229 5394; x_wconf 89' lang='lat' dir='ltr'><strong>via,</strong></span> <span class='ocrx_word' id='word_1_755' title='bbox 3259 5344 3369 5399; x_wconf 86' lang='lat' dir='ltr'><strong>qua</strong></span> <span class='ocrx_word' id='word_1_756' title='bbox 3416 5337 3697 5381; x_wconf 84' lang='lat' dir='ltr'><strong>transeun-</strong></span> 
     </span>
    </p>
   </div>
   <div class='ocr_carea' id='block_1_62' title="bbox 456 5422 3695 5509">
    <p class='ocr_par' dir='ltr' id='par_1_62' title="bbox 456 5422 3695 5509">
     <span class='ocr_line' id='line_1_62' title="bbox 456 5422 3695 5509; baseline -0.007 -16"><span class='ocrx_word' id='word_1_757' title='bbox 456 5440 633 5508; x_wconf 88' lang='lat' dir='ltr'><strong>posita</strong></span> <span class='ocrx_word' id='word_1_758' title='bbox 656 5440 932 5509; x_wconf 85' lang='lat' dir='ltr'><strong>regionem</strong></span> <span class='ocrx_word' id='word_1_759' title='bbox 966 5446 1020 5493; x_wconf 87' lang='lat' dir='ltr'><strong>et</strong></span> <span class='ocrx_word' id='word_1_760' title='bbox 1051 5438 1338 5494; x_wconf 88' lang='lat' dir='ltr'><strong>civitatum</strong></span> <span class='ocrx_word' id='word_1_761' title='bbox 1361 5436 1609 5491; x_wconf 85' lang='lat' dir='ltr'><strong>nomina.</strong></span> <span class='ocrx_word' id='word_1_762' title='bbox 1631 5434 1869 5491; x_wconf 71' lang='lat' dir='ltr'><strong>Primum</strong></span> <span class='ocrx_word' id='word_1_763' title='bbox 1891 5437 2029 5490; x_wconf 84' lang='lat' dir='ltr'><strong>an-</strong></span> <span class='ocrx_word' id='word_1_764' title='bbox 2134 5424 2260 5478; x_wconf 79' lang='lat' dir='ltr'><strong>dum</strong></span> <span class='ocrx_word' id='word_1_765' title='bbox 2294 5430 2410 5478; x_wconf 58' lang='lat' dir='ltr'><strong>erat</strong></span> <span class='ocrx_word' id='word_1_766' title='bbox 2441 5423 2523 5477; x_wconf 80' lang='grc' dir='ltr'><strong>ΑΙί</strong></span> <span class='ocrx_word' id='word_1_767' title='bbox 2572 5423 2766 5486; x_wconf 67' lang='lat' dir='ltr'><strong>b39538.</strong></span> <span class='ocrx_word' id='word_1_768' title='bbox 2801 5438 2925 5476; x_wconf 80' lang='lat' dir='ltr'><strong>cum</strong></span> <span class='ocrx_word' id='word_1_769' title='bbox 2962 5424 3203 5477; x_wconf 80' lang='lat' dir='ltr'><strong>exercitu</strong></span> <span class='ocrx_word' id='word_1_770' title='bbox 3241 5422 3477 5476; x_wconf 84' lang='lat' dir='ltr'><strong>rebelles</strong></span> <span class='ocrx_word' id='word_1_771' title='bbox 3519 5433 3695 5491; x_wconf 84' lang='lat' dir='ltr'><strong>perse-</strong></span> 
     </span>
    </p>
   </div>
   <div class='ocr_carea' id='block_1_63' title="bbox 457 5512 2055 5601">
    <p class='ocr_par' dir='ltr' id='par_1_63' title="bbox 457 5530 2031 5599">
     <span class='ocr_line' id='line_1_63' title="bbox 457 5530 2031 5599; baseline 0.002 -16"><span class='ocrx_word' id='word_1_772' title='bbox 457 5535 600 5598; x_wconf 64' lang='lat' dir='ltr'><strong>quia</strong></span> <span class='ocrx_word' id='word_1_773' title='bbox 628 5532 973 5587; x_wconf 89' lang='lat' dir='ltr'><strong>sultanorum</strong></span> <span class='ocrx_word' id='word_1_774' title='bbox 1009 5531 1178 5585; x_wconf 90' lang='lat' dir='ltr'><strong>lconii</strong></span> <span class='ocrx_word' id='word_1_775' title='bbox 1229 5544 1479 5599; x_wconf 82' lang='lat' dir='ltr'><strong>regnum,</strong></span> <span class='ocrx_word' id='word_1_776' title='bbox 1520 5530 1602 5584; x_wconf 90' lang='lat' dir='ltr'><strong>vel</strong></span> <span class='ocrx_word' id='word_1_777' title='bbox 1632 5530 1815 5584; x_wconf 82' lang='lat' dir='ltr'><strong>Asiam</strong></span> <span class='ocrx_word' id='word_1_778' title='bbox 1853 5531 2031 5586; x_wconf 84' lang='lat' dir='ltr'><strong>mino-</strong></span> 
     </span>
    </p>
   </div>
   <div class='ocr_carea' id='block_1_64' title="bbox 2095 5512 3693 5601">
    <p class='ocr_par' dir='ltr' id='par_1_64' title="bbox 2133 5512 3693 5601">
     <span class='ocr_line' id='line_1_64' title="bbox 2133 5512 3693 5601; baseline -0.006 -32"><span class='ocrx_word' id='word_1_779' title='bbox 2133 5515 2345 5585; x_wconf 85' lang='lat' dir='ltr'><strong>quenti,</strong></span> <span class='ocrx_word' id='word_1_780' title='bbox 2388 5514 2572 5569; x_wconf 84' lang='lat' dir='ltr'><strong>vivum</strong></span> <span class='ocrx_word' id='word_1_781' title='bbox 2616 5514 2684 5569; x_wconf 88' lang='lat' dir='ltr'><strong>ab</strong></span> <span class='ocrx_word' id='word_1_782' title='bbox 2721 5514 2801 5570; x_wconf 89' lang='lat' dir='ltr'><strong>eis</strong></span> <span class='ocrx_word' id='word_1_783' title='bbox 2829 5512 2953 5585; x_wconf 87' lang='lat' dir='ltr'><strong>palo</strong></span> <span class='ocrx_word' id='word_1_784' title='bbox 2985 5514 3305 5601; x_wconf 49' lang='lat' dir='ltr'><strong>transiigtum</strong></span> <span class='ocrx_word' id='word_1_785' title='bbox 3341 5532 3356 5567; x_wconf 88' lang='lat'><strong>:</strong></span> <span class='ocrx_word' id='word_1_786' title='bbox 3398 5523 3455 5566; x_wconf 91' lang='lat' dir='ltr'><strong>ut</strong></span> <span class='ocrx_word' id='word_1_787' title='bbox 3485 5529 3514 5567; x_wconf 89' lang='lat' dir='ltr'><strong>a</strong></span> <span class='ocrx_word' id='word_1_788' title='bbox 3549 5522 3693 5578; x_wconf 82' lang='lat' dir='ltr'><strong>tergo</strong></span> 
     </span>
    </p>
   </div>
   <div class='ocr_carea' id='block_1_65' title="bbox 459 5601 3691 5695">
    <p class='ocr_par' dir='ltr' id='par_1_65' title="bbox 459 5601 3691 5695">
     <span class='ocr_line' id='line_1_65' title="bbox 459 5601 3691 5695; baseline -0.001 -18"><span class='ocrx_word' id='word_1_789' title='bbox 459 5638 574 5680; x_wconf 86' lang='lat' dir='ltr'><strong>rem</strong></span> <span class='ocrx_word' id='word_1_790' title='bbox 607 5625 883 5695; x_wconf 89' lang='lat' dir='ltr'><strong>intelligit)</strong></span> <span class='ocrx_word' id='word_1_791' title='bbox 911 5623 1252 5694; x_wconf 84' lang='lat' dir='ltr'><strong>provinciam</strong></span> <span class='ocrx_word' id='word_1_792' title='bbox 1305 5623 1464 5678; x_wconf 90' lang='lat' dir='ltr'><strong>initio</strong></span> <span class='ocrx_word' id='word_1_793' title='bbox 1512 5631 1672 5676; x_wconf 73' lang='lat' dir='ltr'><strong>vocat</strong></span> <span class='ocrx_word' id='word_1_794' title='bbox 1706 5620 2025 5693; x_wconf 86' lang='lat' dir='ltr'><strong>Lygoniatn,</strong></span> <span class='ocrx_word' id='word_1_795' title='bbox 2132 5608 2490 5678; x_wconf 67' lang='grc' dir='ltr'><strong>δορυθηιὶϋυε</strong></span> <span class='ocrx_word' id='word_1_796' title='bbox 2526 5617 2632 5663; x_wconf 63' lang='grc' dir='ltr'>ιθηδ</span> <span class='ocrx_word' id='word_1_797' title='bbox 2670 5607 2814 5663; x_wconf 55' lang='lat' dir='ltr'><strong>[mdo</strong></span> <span class='ocrx_word' id='word_1_798' title='bbox 2845 5607 2979 5661; x_wconf 68' lang='grc' dir='ltr'>ιθιηί</span> <span class='ocrx_word' id='word_1_799' title='bbox 3012 5607 3112 5662; x_wconf 66' lang='lat' dir='ltr'><strong>Viri</strong></span> <span class='ocrx_word' id='word_1_800' title='bbox 3149 5604 3423 5675; x_wconf 63' lang='grc' dir='ltr'><strong>ευΡΡΠείο</strong></span> <span class='ocrx_word' id='word_1_801' title='bbox 3454 5601 3691 5658; x_wconf 71' lang='grc' dir='ltr'><strong>Ῐθτίηί¹¹ί’</strong></span> 
     </span>
    </p>
   </div>
   <div class='ocr_carea' id='block_1_66' title="bbox 458 5697 2056 5785">
    <p class='ocr_par' dir='ltr' id='par_1_66' title="bbox 458 5715 2028 5785">
     <span class='ocr_line' id='line_1_66' title="bbox 458 5715 2028 5785; baseline -0.004 -15"><span class='ocrx_word' id='word_1_802' title='bbox 458 5717 655 5771; x_wconf 83' lang='lat' dir='ltr'><strong>deinde</strong></span> <span class='ocrx_word' id='word_1_803' title='bbox 708 5720 910 5772; x_wconf 85' lang='lat' dir='ltr'><strong>rectius</strong></span> <span class='ocrx_word' id='word_1_804' title='bbox 953 5716 1288 5785; x_wconf 85' lang='lat' dir='ltr'><strong>Lyquoniam</strong></span> <span class='ocrx_word' id='word_1_805' title='bbox 1347 5715 1819 5783; x_wconf 85' lang='lat' dir='ltr'><strong>(pronuntiatione</strong></span> <span class='ocrx_word' id='word_1_806' title='bbox 1846 5715 2028 5771; x_wconf 79' lang='lat' dir='ltr'><strong>Gallo.</strong></span> 
     </span>
    </p>
   </div>
   <div class='ocr_carea' id='block_1_67' title="bbox 2090 5697 3688 5785">
    <p class='ocr_par' dir='ltr' id='par_1_67' title="bbox 2134 5697 3688 5769">
     <span class='ocr_line' id='line_1_67' title="bbox 2134 5697 3688 5769; baseline -0.004 -17"><span class='ocrx_word' id='word_1_807' title='bbox 2134 5715 2254 5753; x_wconf 89' lang='lat' dir='ltr'><strong>nem</strong></span> <span class='ocrx_word' id='word_1_808' title='bbox 2317 5707 2372 5754; x_wconf 83' lang='lat' dir='ltr'><strong>et</strong></span> <span class='ocrx_word' id='word_1_809' title='bbox 2406 5700 2689 5754; x_wconf 88' lang='lat' dir='ltr'><strong>horrorem</strong></span> <span class='ocrx_word' id='word_1_810' title='bbox 2755 5699 3090 5756; x_wconf 86' lang='lat' dir='ltr'><strong>incuterent.</strong></span> <span class='ocrx_word' id='word_1_811' title='bbox 3125 5699 3197 5755; x_wconf 88' lang='lat' dir='ltr'><strong>De</strong></span> <span class='ocrx_word' id='word_1_812' title='bbox 3228 5697 3497 5769; x_wconf 84' lang='lat' dir='ltr'><strong>Cutahige</strong></span> <span class='ocrx_word' id='word_1_813' title='bbox 3531 5706 3688 5765; x_wconf 85' lang='lat' dir='ltr'><strong>supra</strong></span> 
     </span>
    </p>
   </div>
   <div class='ocr_carea' id='block_1_68' title="bbox 457 5791 2710 5881">
    <p class='ocr_par' dir='ltr' id='par_1_68' title="bbox 457 5791 2710 5881">
     <span class='ocr_line' id='line_1_68' title="bbox 457 5791 2710 5881; baseline -0.003 -15"><span class='ocrx_word' id='word_1_814' title='bbox 457 5825 581 5867; x_wconf 78' lang='lat' dir='ltr'><strong>rum</strong></span> <span class='ocrx_word' id='word_1_815' title='bbox 616 5809 844 5867; x_wconf 73' lang='lat' dir='ltr'><strong>eﬂertur</strong></span> <span class='ocrx_word' id='word_1_816' title='bbox 870 5810 1129 5881; x_wconf 73' lang='lat' dir='ltr'><strong>Lyconis,</strong></span> <span class='ocrx_word' id='word_1_817' title='bbox 1157 5809 1209 5864; x_wconf 82' lang='lat' dir='ltr'><strong>id</strong></span> <span class='ocrx_word' id='word_1_818' title='bbox 1240 5817 1326 5865; x_wconf 87' lang='lat' dir='ltr'><strong>est</strong></span> <span class='ocrx_word' id='word_1_819' title='bbox 1386 5808 1817 5880; x_wconf 76' lang='lat' dir='ltr'><strong>Lycaonia)qua:</strong></span> <span class='ocrx_word' id='word_1_820' title='bbox 1855 5810 2025 5864; x_wconf 78' lang='lat' dir='ltr'><strong>iattto-</strong></span> <span class='ocrx_word' id='word_1_821' title='bbox 2131 5791 2335 5848; x_wconf 55' lang='lat' dir='ltr'><strong>dictum</strong></span> <span class='ocrx_word' id='word_1_822' title='bbox 2365 5831 2379 5855; x_wconf 77' lang='grc' dir='ltr'><strong>ι</strong></span> <span class='ocrx_word' id='word_1_823' title='bbox 2415 5793 2589 5862; x_wconf 60' lang='grc' dir='ltr'><strong>(θρίω</strong></span> <span class='ocrx_word' id='word_1_824' title='bbox 2622 5792 2710 5847; x_wconf 54' lang='lat'><strong>‘50-</strong></span> 
     </span>
    </p>
   </div>
  </div>
