4048 6208
299 352 404 416 857

1424 353 1827 416 PANDECTE
1867 357 2070 419 lllST.
2111 357 2424 419 TUllClC.

3431 355 3539 416 εδδ

304 468 430 523 182.
460 465 656 522 Corcut
689 483 722 520 a
755 467 1018 544 seditiosis
1039 468 1282 522 vincitur.
1319 468 1549 544 Diversae
1584 471 1876 526 Tureorum
1906 481 1950 534 A
1982 476 2286 544 provincia.
2325 473 2722 544 complectentc
2773 470 3238 540 Paphlagoniam,
3274 468 3542 523 Galatiam

786 539 1114 592 narrationes
1149 557 1180 591 a
1217 541 1428 594 nostris.

373 631 664 685 Carentem
702 631 756 683 in
799 629 1222 684 Osmauidarum
1260 633 1576 700 genealogia
1621 633 1871 701 quintum

301 726 492 780 ordine
523 725 780 792 Bajazitis
821 727 987 780 ﬁlium
1033 724 1283 788 fecimus,
1317 733 1373 778 et
1424 741 1742 794 germanum
1771 726 1870 780 Sc-

302 819 449 874 limis
489 819 742 884 fratrem,
799 821 890 889 qui
955 821 1217 889 deinceps
1293 820 1605 888 imperavit.
1655 817 1868 872 Etenim

302 911 552 967 eamdem
589 929 714 966 cum
762 911 967 967 Selime
1003 923 1228 967 matrem
1282 912 1495 965 habuit.
1531 911 1684 965 llunc
1730 912 1870 965 refe-

301 1020 429 1058 runt
461 1005 700 1059 Annales
732 1021 762 1059 a
800 1005 1092 1060 rebellibus
1129 1006 1182 1059 in
1213 1021 1390 1073 pugna
1425 1003 1591 1058 fuisse
1639 1017 1870 1072 supera-

301 1095 664 1150 tttnt.Jovitts
725 1113 852 1150 vero
918 1108 1215 1166 pugnatum
1267 1097 1341 1149 ait
1372 1098 1424 1150 in
1485 1097 1582 1150 hos
1642 1097 1872 1149 adverso

301 1187 494 1254 pr:elio
533 1187 746 1240 duobus
806 1201 834 1239 a
893 1188 1187 1254 nepotibus
1217 1185 1491 1251 Bajazitis,
1536 1186 1870 1239 Muchemete

301 1278 630 1334 Sciemseiai
659 1278 850 1344 (Sinan
908 1281 1121 1333 Schaclt
1167 1280 1371 1333 rectius
1428 1279 1783 1348 appellatur),
1818 1287 1871 1330 et

298 1369 517 1423 Orcane
566 1369 898 1437 Alempsaei,
932 1370 1058 1423 liliis
1115 1372 1292 1437 (paler
1353 1371 1502 1424 Alem
1541 1370 1621 1424 vel
1658 1370 1869 1422 Allama

299 1461 540 1523 Sebach,
577 1461 720 1514 ﬁlius
755 1459 977 1514 Urchau
1037 1462 1194 1514 nobis
1259 1470 1343 1515 est
1395 1464 1446 1514 in
1485 1461 1868 1531 genealogia):

301 1553 594 1607 Curcutem
622 1567 888 1620 expresse
911 1552 1110 1618 tradit,
1142 1568 1250 1606 non
1290 1569 1484 1607 ausum
1545 1551 1717 1607 fuisse
1745 1553 1868 1606 eum

299 1644 556 1699 Techelle
589 1645 875 1713 congredi.
929 1643 1058 1710 Qum
1089 1661 1221 1698 sane
1252 1659 1375 1697 vera
1440 1643 1575 1709 sint,
1620 1659 1717 1698 nec
1781 1661 1869 1706 ne,

301 1739 433 1791 mihi
460 1737 681 1806 quidem
715 1737 1028 1806 disceptare
1075 1752 1182 1790 non
1237 1737 1387 1789 lubet
1416 1754 1428 1789 :
1463 1734 1756 1788 indicanda
1792 1745 1870 1787 ta-

300 1846 424 1885 men
459 1829 666 1898 putavi,
702 1845 801 1883 ceu
853 1841 1108 1898 suspecta
1162 1839 1385 1897 propter
1444 1836 1654 1882 a-tatem
1707 1844 1870 1898 nepo-
1905 1813 1948 1871 Β

299 1935 438 1978 tum.
473 1923 604 1989 Quae
661 1924 798 1978 ditio
835 1925 907 1977 sit
934 1924 1270 1985 Aidinensis,
1324 1931 1606 1977 ostensqu
1641 1937 1871 1976 numero

301 2017 389 2070 l5.
429 2016 592 2069 Ducis
627 2016 770 2069 ﬁlius
801 2026 886 2070 est
921 2014 1238 2085 Ilerzecogli
1273 2016 1465 2080 bassa,
1505 2014 1572 2069 de
1603 2029 1712 2084 quo
1746 2013 1869 2068 die-

298 2117 414 2159 tum
453 2108 628 2175 rapite
659 2107 747 2160 l6!
788 2117 840 2160 et
872 2108 993 2163 162.

433 2221 556 2275 185.
599 2220 713 2274 Alis
762 2221 930 2274 δαείω
979 2230 1164 2274 contra
1227 2219 1438 2275 rebelles
1479 2224 1737 2292 expeditio

375 2311 722 2380 Quantopere
771 2311 1038 2364 creverint
1073 2312 1429 2378 perduellium
1493 2311 1657 2372 vires,
1691 2311 1771 2366 vel
1803 2328 1869 2366 ex

303 2422 374 2460 eo
395 2406 574 2474 colligi
631 2414 829 2473 potest,
867 2405 1011 2472 quod
1046 2404 1097 2456 iu
1136 2405 1232 2456 hos
1261 2404 1695 2472 proﬁciscentem
1730 2403 1868 2458 Alim

302 2499 524 2552 bassam
584 2499 804 2550 duxisse
832 2497 1217 2566 Spanduginus
1248 2496 1587 2566 aitequitum
1621 2511 1681 2550 et
1713 2498 1870 2550 Ana-

300 2592 434 2646 tolia
468 2590 828 2660 quadraginta
867 2589 1060 2654 millia,
1089 2590 1287 2659 quibus
1322 2590 1701 2657 genizarorum
1731 2604 1870 2658 qua-

301 2691 434 2737 tuor
461 2684 630 2736 millia
679 2683 946 2751 Bajazites
981 2683 1316 2751 adjnnxerit.
1367 2681 1654 2750 Niltiloque
1687 2682 1870 2736 minus

299 2776 620 2830 Acbmetem
649 2790 867 2844 quoque
917 2774 1178 2844 Bajazitis
1221 2775 1417 2837 ﬁlium,
1467 2789 1530 2828 ex
1574 2773 1868 2827 Atnasiana

300 2881 403 2920 sua
431 2865 710 2935 provincia
745 2865 994 2920 collectis
1026 2866 1221 2934 copiis,
1254 2866 1300 2918 ei
1338 2864 1588 2919 subsidio
1628 2864 1866 2920 venisse.

301 2979 430 3034 184.
458 2980 678 3036 Cheider
717 2981 870 3033 bassa
905 2997 1019 3033 cum
1044 2979 1201 3034 Zindi
1238 2979 1450 3034 Kemole
1487 2977 1865 3045 Srmgiacbego,

375 3053 539 3134 victus
582 3061 632 3104 et
691 3053 893 3104 occisus
949 3068 980 3104 η
1018 3051 1307 3116 seditiosis,
1342 3048 1653 3114 Zonchium,
1691 3048 1869 3103 Natta-

378 3139 572 3176 rmum.

375 3212 611 3266 Cheider
642 3211 832 3276 Bassa,
864 3211 1201 3266 Caramanize
1237 3212 1615 3284 heglerbegus,
1635 3229 1662 3268 a
1694 3213 1870 3283 Span-

299 3303 509 3372 dugino
539 3303 731 3358 Caidir
781 3306 1109 3373 appellatur,
1160 3317 1213 3358 et
1270 3306 1606 3359 domicilium
1645 3306 1698 3359 in
1742 3306 1874 3360 urbe

298 3395 510 3464 Coguo,
544 3395 628 3448 vel
679 3397 850 3449 lconii
911 3396 1169 3452 habuisse
1203 3398 1424 3451 dicitur.
1468 3396 1624 3451 Zindi
1682 3399 1872 3452 Kemal

300 3491 408 3557 beg
437 3487 614 3541 eidem
657 3487 860 3542 Camali
921 3489 1275 3553 nominatur,
1336 3497 1388 3542 et
1439 3491 1522 3543 vir
1579 3488 1874 3542 admodum

300 3580 567 3633 militaris
600 3579 770 3635 luisse
809 3581 1155 3649 prmdicatur.
1195 3580 1388 3635 Tradit
1421 3583 1566 3635 enim
1619 3580 1875 3650 Spandu-

302 3674 491 3740 ginus,
527 3672 670 3726 hunc
717 3673 858 3725 bello
890 3671 1148 3739 Bajazitis
1177 3681 1366 3728 contra
1394 3672 1629 3727 Venetos
1664 3673 1878 3744 cepisse

303 3764 595 3818 castellum
629 3763 823 3818 Morem
845 3765 956 3817 sive
1005 3763 1361 3834 Peloponnesi
1392 3766 1752 3830 maritimum,
1786 3765 1880 3817 ho-

303 3855 508 3924 dieque
560 3854 1019 3916 munitissimum,
1053 3868 1152 3907 nec
1187 3856 1370 3923 procul
1402 3871 1430 3909 a
1473 3857 1727 3909 Methone
1767 3855 1880 3910 dis-

310 3943 511 4006 situm,
563 3942 874 4011 quindecim
934 3941 1191 3997 videlicet
1271 3943 1596 3998 milliaribus
1652 3944 1880 4009 Grzecis,

303 4035 459 4104 quod
495 4050 523 4087 a
556 4036 735 4089 nautis
767 4036 915 4089 ltalis
951 4035 1276 4098 Zonchium,
1313 4036 1666 4105 Spandugiuo
1711 4037 1882 4090 Giun-

304 4126 519 4188 chium,
555 4123 758 4180 Graacis
799 4128 974 4180 nostri
1030 4127 1292 4195 temporis
1338 4126 1672 4181 Navarinum
1707 4142 1872 4181 voca-

306 4233 424 4283 tur,
453 4223 652 4291 priscis
685 4221 1084 4291 Coryphasium
1116 4222 1399 4277 Messenia:
1425 4222 1598 4277 fuisse
1619 4223 1880 4277 creditur:

305 4313 474 4368 Jovio
523 4324 700 4367 tamen
761 4312 974 4383 Pylum,
1024 4329 1189 4384 regna
1238 4313 1511 4377 Nestoris,
1552 4315 1880 4384 appellante.

307 4406 506 4475 Neque
532 4405 814 4460 castellum
858 4405 962 4459 hoc
1011 4404 1263 4459 Kemales
1304 4419 1400 4459 seu
1442 4405 1690 4460 Camales
1738 4405 1882 4458 dun-

1978 577 2030 619 et
2057 563 2461 633 Cappadociam
2500 581 2514 617 :
2558 561 2650 615 ubi
2715 561 3062 627 sangiacatus
3089 558 3145 609 hi
3205 557 3544 624 conjungun-

1978 667 2088 719 tur,
2123 657 2474 717 Caraehisar,
2503 654 2648 721 (vide
2675 661 2838 720 caput
2875 650 2994 709 Nl,
3022 660 3073 702 et
3094 647 3284 702 eodem
3315 661 3544 699 numero

1987 761 2200 805 text-um
2237 749 2565 810 Annalium,
2626 745 2770 798 hanc
2819 761 2845 796 a
2907 741 3245 795 Muchemete
3303 739 3543 792 secundo

1975 852 2192 911 captam
2220 841 2599 902 relerentium,
2628 854 2752 892 cum
2786 838 3048 890 adversus
3073 833 3538 888 Usumrhasanem

1974 938 2244 1006 pergeret)
2290 935 2484 988 Sasum
2524 933 2746 1000 (priscis
2802 930 3036 991 Sasima,
3083 928 3151 980 de
3212 923 3538 978 Nazianzeni

1973 1026 2149 1079 nostri
2222 1024 2378 1077 libris
2438 1023 2592 1090 nota)
2625 1062 2639 1082 ,
2687 1018 3005 1072 Tarabosan
3070 1020 3184 1071 sive
3240 1016 3540 1085 Trapezus.

1971 1116 2137 1172 Addit
2188 1114 2379 1170 Jovius
2415 1114 2519 1167 hoc
2569 1114 2688 1166 loco
2726 1112 3059 1164 mentionem
3096 1109 3300 1161 montis
3325 1109 3410 1161 cui
3445 1121 3542 1159 no-

1975 1225 2096 1263 men
2149 1209 2240 1261 dat
2265 1205 2480 1272 Olingo,
2515 1222 2613 1260 nec
2635 1220 2759 1258 cum
2789 1219 2985 1273 magno
3007 1203 3076 1256 ab
3104 1203 3311 1272 Ancyra
3337 1202 3541 1254 distare

1978 1301 2142 1354 tradit
2185 1300 2500 1353 intervallo.

1975 1463 2075 1518 186
2119 1461 2682 1529 Kiltaiu,Protogeros,
2707 1456 3054 1529 Primikirios.
3090 1452 3346 1529 Vloferlzi,
3381 1451 3538 1521 Vlcfe,

2254 1531 2549 1592 Timarion,
2583 1528 2908 1587 Timariotte,
2945 1524 3242 1578 Ramasnn.

2041 1664 2142 1729 Qui
2181 1663 2471 1731 praefectus
2507 1659 2883 1712 Vloleziorum
2948 1655 3036 1710 hic
3087 1656 3316 1712 dicitur.
3379 1668 3541 1708 voca-

1973 1758 2104 1811 bulo
2135 1755 2370 1809 Turcico
2406 1753 2600 1806 Kihaia
2659 1752 2999 1804 nominatur.
3031 1749 3088 1803 ld
3139 1747 3360 1816 proprie
3397 1746 3542 1798 vica—

1981 1848 2123 1902 rium
2177 1861 2273 1901 seu
2327 1846 2812 1905 locumtenentetn,
2879 1857 2976 1895 seu
3040 1842 3301 1907 legatum,
3375 1847 3542 1904 atque

1978 1942 2142 1994 etiam
2184 1937 2505 2008 praal'eetum
2538 1937 2676 1988 aulte
2709 1933 3014 2004 signiﬁcat.
3063 1932 3300 1998 Ideoque
3346 1928 3540 1981 Kihaia

1978 2032 2348 2088 Vloleziorum
2383 2039 2467 2083 est
2522 2029 2764 2080 vicarius
2801 2040 2896 2078 seu
2936 2024 3146 2092 legatus
3187 2021 3354 2081 illius,
3381 2032 3539 2084 quem

1977 2126 2342 2180 Vlol'eziorum
2377 2122 2593 2176 bassam
2627 2118 2926 2187 appellant.
2965 2113 3138 2168 Grmci
3196 2112 3538 2176 Protogerou

1978 2232 2127 2272 nunc
2166 2216 2376 2278 dicunt,
2407 2213 2501 2282 qui
2539 2211 2790 2275 catalogo
2846 2206 3173 2273 dignitatum
3207 2202 3287 2255 vel
3327 2200 3541 2253 ofﬁcio—

1978 2326 2099 2365 rum
2135 2308 2323 2379 palatii
2351 2305 2717 2374 πριμικήριος
2750 2303 2882 2369 ipsis
2917 2311 3023 2360 est,
3060 2296 3266 2350 nostris
3290 2295 3544 2360 primit-e-

1979 2405 2094 2457 rius
2157 2399 2521 2469 appellatione
2547 2402 2783 2448 vetusta.
2826 2392 2896 2445 Ει
2931 2392 3228 2454 Pt-otugero
3259 2384 3542 2438 Geulraaus

1977 2496 2232 2552 Protortz
2262 2503 2585 2560 corruptum
2648 2488 2824 2557 ponit,
2882 2492 2937 2538 et
2998 2478 3540 2551 sttperintentlentetu

1981 2590 2399 2658 interpretatur.
2441 2583 2653 2636 Nomen
2712 2577 3082 2632 \‘lol'eziorum
3147 2570 3416 2639 signiﬁcat
3446 2566 3542 2620 sti-

1979 2678 2315 2750 pendiarios,
2337 2674 2500 2746 470
2524 2674 2721 2742 quibus
2745 2669 2898 2722 Vlele
2917 2675 2996 2720 vel
3023 2661 3171 2716 Vlele
3197 2670 3542 2714 numeratur.

1979 2773 2120 2827 Sunt
2146 2769 2289 2823 enim
2319 2768 2426 2820 duo
2455 2762 2853 2832 stipendiorum
2882 2756 3023 2825 apud
3065 2753 3274 2806 Turcos
3307 2761 3502 2818 genera
3525 2785 3541 2808 ,

1977 2875 2208 2932 quorum
2253 2873 2418 2910 unum
2452 2865 2680 2907 vocatur
2715 2848 2882 2912 Vlel‘e,
2912 2848 3100 2898 Timar
3141 2841 3395 2893 alterum.
3420 2835 3544 2888 Vle-

1979 2929 2048 3015 ie.
2071 2950 2396 3020 stipendium
2417 2957 2517 3009 est,
2535 2942 2678 3014 quod
2703 2955 2849 2996 more
2868 2947 3053 2992 nostro
3072 2932 3333 2987 militibus
3351 2929 3431 2980 vel
3449 2943 3548 2979 au-

1976 3049 2097 3106 licis
2131 3019 2358 3102 solvitur
2393 3056 2421 3093 a
2454 3037 2812 3094 rationalibus
2851 3026 3320 3098 velqurestoribus
3354 3039 3366 3074 ε
3402 3019 3543 3088 apud

1895 3163 1940 3222 ο
1979 3155 2077 3195 nos
2100 3144 2436 3191 menstruum
2458 3132 2539 3185 vel
2561 3142 2824 3190 animum,
2842 3129 2983 3193 apud
3004 3119 3212 3174 Turcos
3230 3117 3281 3170 in
3302 3112 3546 3222 singulos

1975 3233 2112 3286 dies.
2149 3228 2262 3282 Hoc
2294 3227 2382 3295 qui
2421 3224 2699 3280 fruuntur,
2753 3213 3160 3269 Vleledziorum
3197 3221 3395 3260 nomen
3447 3202 3545 3254 ha-

1974 3325 2124 3376 bent.
2153 3291 2404 3373 Geul'rteo
2433 3323 2486 3368 et
2511 3309 2819 3365 Sansovino
2858 3311 2988 3357 sunt
3016 3297 3309 3366 OIOphagi.
3353 3291 3543 3345 Timar

1974 3422 2058 3468 est
2091 3409 2303 3480 pensio,
2327 3406 2411 3461 vel
2447 3401 2800 3474 stipendium,
2840 3397 2922 3448 vel
2984 3389 3197 3444 reditus
3232 3384 3544 3480 assignatus

1977 3505 2030 3558 in
2068 3472 2325 3572 praediis,
2374 3504 2426 3550 et
2457 3472 2901 3564 possessionibus
2957 3489 3266 3536 castrorum
3316 3472 3546 3542 oppido-

1977 3567 2119 3658 rum,
2163 3603 2449 3662 pagorum,
2509 3597 2764 3655 agrorum
2790 3617 2807 3642 .
2844 3576 2928 3630 vel
2975 3574 3028 3628 in
3068 3567 3546 3642 pereipiendisde-

1978 3687 2178 3744 cumis.
2206 3660 2398 3734 aliisve
2425 3675 2716 3736 fructibus,
2745 3668 2920 3725 Graeci
2952 3663 3208 3720 timarion
3248 3660 3544 3729 appellant,

1979 3794 2009 3832 a
2037 3776 2239 3846 quibus
2269 3773 2332 3827 ad
2362 3769 2578 3824 Turcos
2611 3778 2865 3819 manasse
2894 3773 3084 3814 vocem
3107 3756 3247 3807 hanc
3283 3753 3541 3806 arbitror.

1979 3870 2270 3939 Reperitur
2318 3863 2461 3934 apud
2505 3861 2902 3914 Damascenum
2939 3851 3212 3906 Studitam
3251 3846 3309 3939 in
3345 3851 3546 3911 marty-

1981 3938 2361 4019 rioi'l‘heodori
2405 3951 2613 4009 tribuni
2672 3949 2935 4008 militum,
2991 3944 3079 3998 cui
3127 3938 3347 3994 virtutis
3376 3945 3428 3988 et
3463 3950 3546 3987 re-

1983 4071 2102 4110 rum
2143 4052 2360 4107 fortiter
2407 4055 2686 4116 gestarum
2736 4040 2959 4094 nomine
3011 4041 3197 4089 narrat
3248 4045 3276 4083 a
3332 4026 3545 4083 Licinio

1982 4147 2227 4214 Augusto
2257 4141 2445 4192 datum
2499 4135 2672 4189 fuisse
2704 4147 2800 4202 pro
2837 4127 3059 4183 timario
3093 4133 3334 4177 castrum
3380 4117 3545 4170 Hera-

1983 4212 2135 4292 cleie.
2182 4233 2524 4298 Videturque
2553 4243 2656 4280 vox
2685 4241 2714 4278 a
2777 4222 2934 4278 Caeca
2961 4217 3120 4287 τιμὴ,
3146 4232 3248 4284 qua
3276 4212 3548 4280 signiﬁca-

1985 4338 2073 4381 tur
2102 4328 2298 4384 honor,
2336 4321 2584 4375 derivata
2611 4335 2624 4370 :
2654 4315 2798 4384 quod
2835 4307 3152 4382 huiusmodi
3181 4306 3417 4365 timaria,
3451 4317 3544 4352 ve-

1985 4417 2064 4471 lut
2101 4411 2422 4474 honoraria,
2469 4411 2585 4464 sive
2629 4403 2938 4467 beneﬁcia,,
2991 4398 3106 4453 sive
3159 4394 3388 4455 reditus,
3435 4391 3549 4445 sive

309 4507 468 4553 taxat
495 4500 847 4584 expugnavit,
882 4512 1067 4550 verum
1093 4497 1256 4550 etiam
1290 4512 1580 4566 oppressas
1601 4497 1878 4565 inopinato

1990 4506 2307 4578 pensiones,
2339 4501 2626 4556 honoratis
2666 4499 2910 4564 beneque
2941 4494 3009 4545 de
3056 4488 3333 4558 republica
3391 4481 3551 4536 meri-

311 4601 555 4660 quatuor
596 4593 848 4644 triremes
885 4589 1144 4651 Venetas,
1169 4603 1293 4642 cum
1341 4587 1472 4657 ipsis
1521 4589 1789 4643 militibus
1827 4598 1882 4643 et

312 4684 489 4741 sociis
524 4683 833 4747 navalibus,
866 4681 1066 4736 ibidem
1107 4682 1159 4734 in
1189 4692 1512 4748 potestatem
1546 4682 1773 4753 reda-git.

519 4797 646 4852 185.
685 4794 942 4849 Planities
979 4793 1164 4861 Zibuc,
1197 4807 1246 4848 et
1270 4793 1441 4855 Sittac,
1469 4795 1673 4849 eadem.

389 4890 565 4957 Quam
630 4888 721 4942 hic
771 4887 1011 4941 Annales
1058 4887 1341 4956 planitiem
1424 4887 1597 4941 Zibuc
1665 4895 1885 4950 vocant,

317 4981 714 5051 Spanduginus
741 4979 981 5048 appellat
1007 4995 1255 5048 campum
1292 4979 1473 5038 Sivac,
1518 4979 1739 5033 tametsi
1769 4994 1890 5032 eor-

317 5081 483 5142 rupte
526 5073 737 5142 legatur
791 5072 848 5124 in
928 5070 1096 5130 edito.
1149 5072 1458 5139 Campagna
1508 5070 1657 5124 detta
1705 5068 1887 5124 Sivas.

317 5167 534 5234 Quippe
567 5164 768 5219 civitas
801 5161 1025 5232 quidem
1059 5171 1142 5216 est
1181 5161 1363 5225 Sivas.
1421 5163 1486 5216 de
1538 5177 1643 5230 qua
1681 5161 1886 5215 dictum

321 5257 513 5322 capite
547 5256 580 5308 5
624 5273 638 5308 :
712 5255 806 5309 sed
852 5254 956 5307 hoc
987 5255 1208 5308 nomine
1259 5267 1482 5322 campus
1514 5263 1606 5306 aut
1639 5254 1891 5322 planities

325 5347 528 5401 nobilis
573 5347 628 5400 in
678 5346 931 5400 Anatolia
992 5346 1138 5414 quod
1192 5345 1445 5414 equidem
1476 5347 1668 5409 sciam,
1706 5347 1886 5398 nulla.

323 5439 672 5508 QuaprOpter
703 5454 766 5492 ex
798 5438 1107 5492 Annalibus
1127 5437 1283 5490 Sivac
1310 5437 1706 5505 reponendum,
1746 5435 1890 5505 quod

328 5533 474 5586 idem
509 5542 600 5584 est-
625 5531 738 5584 lere
765 5545 885 5582 cum
923 5529 1115 5583 Zihue.
1177 5528 1368 5583 Jovius
1427 5528 1542 5582 haec
1570 5529 1634 5580 ad
1666 5527 1893 5582 Galatia:

327 5638 554 5692 campos
614 5621 824 5685 retulit,
854 5621 943 5674 ubi
978 5621 1137 5674 sitam
1197 5620 1272 5672 ait
1301 5621 1613 5672 Caraessar.
1651 5618 1724 5671 Ea
1759 5617 1895 5670 Tur-

330 5715 414 5768 cis
449 5720 535 5767 est
564 5711 948 5774 Carachissar,
988 5711 1092 5764 hoc
1145 5717 1226 5764 est
1282 5725 1378 5762 arx
1443 5711 1624 5778 nigra,
1687 5725 1805 5776 qua:
1839 5708 1891 5760 in

336 5804 810 5876 beglerbegatibus
857 5802 1169 5858 collocatur
1201 5801 1255 5856 in
1307 5800 1540 5855 Amasis:
1595 5799 1894 5870 Toeatique

1990 4574 2059 4653 tis
2092 4597 2552 4652 coocederentur.
2612 4589 2874 4645 Timariis
2921 4585 3110 4640 donati
3156 4589 3415 4634 vocantur
3461 4574 3553 4628 Ti-

1986 4691 2254 4750 mariotte,
2282 4687 2368 4740 vel
2405 4682 2696 4745 Timarati,
2733 4680 2897 4734 etiam
2936 4677 3075 4745 apud
3133 4668 3550 4734 Chalcocontly-

1988 4783 2119 4838 lem.
2151 4782 2485 4837 Caramuses
2523 4775 2793 4845 signiﬁcat
2844 4773 3057 4839 nigrum
3092 4767 3314 4820 Mosem.
3345 4759 3551 4813 Rama-

1986 4875 2139 4931 Sanis
2169 4890 2371 4929 nomen
2402 4871 2547 4925 idem
2586 4879 2669 4924 est
2701 4883 2824 4922 cum
2884 4863 3200 4918 Ramadane
3241 4875 3255 4910 :
3284 4857 3427 4910 sicut
3459 4853 3554 4904 0t-

1988 4982 2140 5031 man,
2169 4966 2254 5019 vel
2282 4963 2490 5018 Odman
2526 4961 2668 5014 idem
2698 4975 2819 5012 cum
2855 4956 3114 5010 Osmane.

2224 5057 2348 5112 187.
2389 5053 2702 5115 Tebrisium,
2734 5051 3047 5111 Taurisium,
3073 5047 3378 5101 Caravana.

2059 5151 2393 5212 Tebrisium,
2450 5164 2596 5202 nunc
2653 5146 2873 5208 Tauris,
2930 5143 3221 5196 admodum
3279 5139 3363 5191 his
3395 5143 3553 5189 annis

1991 5244 2256 5318 innotuit,
2288 5243 2452 5298 etiam
2496 5239 2675 5309 vulgo,
2705 5236 3011 5290 Tureorum
3040 5231 3315 5299 stragibus
3348 5231 3556 5296 aliquot

1993 5340 2338 5393 nobilitatum
2377 5335 2504 5389 inde
2547 5348 2722 5403 usque
2763 5348 2791 5385 a
2833 5328 3038 5385 sultaui
3094 5325 3428 5380 Soleimanis
3473 5337 3558 5375 se-

1994 5431 2158 5485 cundi
2194 5427 2553 5496 temporibus.
2606 5424 2706 5488 Qui
2761 5421 3036 5474 Ecbatana
3098 5416 3284 5470 Hediae
3337 5421 3555 5475 vocant,

1995 5538 2184 5578 errare
2249 5529 2402 5590 puto,
2446 5533 2566 5572 cum
2612 5514 2882 5569 Cedrinus
2941 5525 3060 5565 eam
3096 5507 3422 5561 Taurezium
3458 5519 3554 5572 ap-

1995 5615 2228 5686 pellans,
2262 5609 2314 5665 in
2343 5607 2720 5665 Persarmenia
2753 5605 3008 5666 collocet,
3065 5617 3228 5671 quam
3288 5597 3556 5664 hodieque

1996 5706 2258 5774 majorem
2303 5702 2493 5757 dicunt
2545 5699 2884 5753 Armeniam.
2937 5695 2995 5749 ln
3038 5694 3206 5765 hujus
3247 5691 3556 5747 meditullio

1996 5797 2301 5853 Tebrisium
2337 5803 2481 5847 recte
2505 5790 2697 5846 Jovius
2728 5790 2902 5862 ponit,
2937 5798 2995 5843 ιιι
3047 5787 3186 5843 male
3220 5785 3556 5840 Cltalcoeou-
