4048 6208
597 319 704 384 85)

1801 345 2132 410 JOANNIS
2158 340 2626 422 LEUN’CLAViI
3671 362 3674 364 ’
3707 382 3786 447 tto

597 442 753 511 dyles
791 441 980 498 urbem
1031 443 1164 500 fecit
1203 447 1555 521 Assyriorum
1590 473 1604 511 :
1661 459 1854 530 cujus.»
1893 464 2169 537 interpres
2197 470 2245 530 Α
2275 470 2410 526 lent.
2452 471 2695 531 Docebat
2727 487 2912 533 autem
2951 479 3086 542 hrcc,
3129 487 3182 536 et
3211 484 3337 550 alia,
3379 488 3595 556 quodam
3648 495 3691 548 in
3713 511 3790 566 op-

597 533 876 566 Tutum-An
951 545 1004 566 ..ο
1060 539 1423 566 1'...I-:_:_.__--
1513 547 1610 566 σπι
1730 553 1742 566 .
2018 559 2030 566 _
2106 561 2118 566 -
2338 561 2348 566 -
2374 562 2386 566 _
2458 562 2485 566 _

596 533 898 600 Tabrezen,
951 545 1008 592 ut
1060 539 1427 620 Cedriuianns
1513 547 1865 620 Tabresium,
1921 533 2168 630 scripsit.

592 623 738 677 .lovii
776 631 1107 684 sententiam
1169 633 1284 690 haec
1339 638 1579 709 Aythoni
1628 645 1793 700 verba
1813 623 2167 708 conﬁrmant.

594 713 650 768 lu
692 714 951 771 Armenia
987 722 1196 789 majore
1235 726 1434 783 civitas
1478 728 1719 789 Taurisii
1759 735 2028 795 farnosior
2055 751 2166 810 est,

585 815 644 858 et
674 805 799 875 plus
827 809 954 864 aliis
993 813 1279 879 0pulenta.
1343 818 1484 876 Vide
1515 826 1765 892 quadarn
1827 829 1935 885 alia
1964 831 2033 886 de
2063 805 2167 890 hac

585 895 759 960 intra,
793 901 974 971 capite
1005 902 1112 959 206
1145 915 1356 964 notata.
1396 910 1696 972 Caravame
1729 918 1928 978 Turcis
1952 932 2010 979 et
2043 926 2166 984 aliis

579 989 964 1051 orientalibus
994 998 1211 1067 populis
1257 1012 1390 1058 sunt
1445 1006 1732 1064 hominum
1771 1016 1991 1082 agmina
2027 1033 2170 1076 non-

585 1096 875 1152 nunquam
931 1091 1192 1157 maxima,
1248 1106 1475 1168 propter
1506 1099 1766 1159 itinerum
1840 1107 2164 1178 discrimina

582 1188 650 1228 se
693 1178 1170 1249 conjungentium.
1230 1187 1425 1259 Neque
1478 1201 1690 1249 tantum
1732 1198 1836 1256 hoc
1869 1201 1986 1257 ﬁeri
2028 1206 2167 1263 solet

582 1265 658 1320 ab
691 1267 759 1322 iis
784 1271 878 1340 qui
910 1275 1178 1330 mercium
1218 1281 1298 1334 vel
1343 1283 1828 1347 dislrahendarum
1859 1309 2051 1363 causa,
2077 1301 2164 1356 vel

581 1366 1112 1437 comparandarum,
1140 1372 1249 1427 alio
1272 1376 1738 1451 proﬁciscuntur;
1779 1403 1965 1444 verum
1991 1393 2157 1448 etiam

583 1452 658 1508 ab
694 1454 822 1522 illis,
853 1459 948 1529 qui
969 1475 1065 1530 per
1083 1465 1412 1524 solitudines
1433 1471 1704 1543 Arabum,
1731 1479 1796 1531 ad
1828 1481 2155 1541 visitandam

584 1545 695 1599 voti
747 1549 830 1602 vel
873 1550 1153 1622 religionis
1196 1572 1324 1628 ergo
1376 1560 1660 1620 Meccham
1715 1575 2158 1642 peregrinantur.

583 1635 922 1697 Excrescunt
952 1645 1064 1702 haec
1095 1652 1334 1720 agmina,
1362 1670 1475 1724 prae
1494 1661 1874 1729 magnitudine
1905 1667 2159 1738 periculi,

585 1743 982 1802 nonnunquam
1035 1739 1102 1793 ad
1189 1743 1382 1814 viginti
1453 1749 1538 1804 vel
1587 1755 1812 1822 triginta
1871 1757 2156 1816 hominum

583 1823 777 1890 millia;
803 1827 986 1895 justus
1033 1842 1090 1889 ut
1124 1839 1401 1896 exercitus
1437 1856 1582 1906 esse,
1622 1848 1928 1914 praesertim
1963 1851 2034 1906 ob
2067 1867 2164 1908 ca-
2197 1830 2239 1887 Β

579 1917 852 1974 nrelorum
896 1925 1332 1998 multitudinem,
1371 1943 1426 1987 et
1471 1936 1709 1992 aliorum
1751 1941 2162 2015 iumentorum,

580 2018 704 2070 qum
761 2014 1036 2080 sagmaria
1085 2022 1534 2093 saginatariaque
1593 2028 1770 2084 Graeci
1823 2046 2043 2102 vocant,
2079 2037 2162 2091 vi-

580 2097 840 2158 deantur.

583 2211 708 2307 188ὶ
728 2213 1022 2307 Ecce/rgias
1043 2239 1133 2307 rex
1162 2223 1446 2307 Persarum
1472 2231 1684 2307 Isnrqil,
1707 2253 2045 2307 cognomento
2062 2241 2158 2298 So-

651 2285 866 2364 plrt'rrus.
891 2289 1161 2358 Sep/titur,
1188 2295 1530 2366 Euasserlur,
2062 2285 2160 2368 hoc

647 2355 879 2422 primum
932 2355 1166 2431 tempore
1215 2379 1358 2422 secta
1407 2355 2156 2441 Sopitilnri'orunivemstiterit:

664 2466 820 2527 Licet
877 2474 931 2528 in
972 2477 1268 2536 Annalium
1302 2488 1619 2556 Appendice
1647 2503 1856 2562 nostra,
1903 2499 1971 2554 de
1990 2500 2156 2555 disci-

577 2560 684 2618 diis
729 2572 1565 2648 sectarumMaliumetanarum,
1598 2560 1904 2645 Osmanicze
1957 2591 2155 2663 Sophi-

575 2668 790 2725 naeque,
829 2659 1148 2722 decennalis
1180 2669 1342 2724 initio
1383 2673 1535 2740 belli,
1570 2682 1717 2746 quod
1751 2681 1897 2736 inter
1929 2659 2153 2756 eos-ge-

578 2743 737 2808 ritur,
770 2753 1020 2818 quazdam
1063 2771 1209 2824 rara,
1251 2777 1350 2817 nec
1381 2764 1449 2818 ab
1486 2767 1610 2822 aliis
1651 2780 1778 2826 ante
1809 2756 1910 2829 nos
1946 2790 2154 2832 memo-

609 2837 673 2890 ia:
697 2839 912 2905 prodita
959 2849 1230 2915 complexi
1299 2867 1492 2910 sumus
1549 2877 1564 2914 :
1608 2862 1711 2918 hoc
1765 2875 1948 2921 tamen
2005 2869 2150 2937 loco,

575 2947 684 2999 quo
714 2935 944 3002 primam
993 2938 1228 2998 lsrnailis
1266 2945 1494 3017 Sophini
1536 2957 1869 3012 mentionem
1907 2961 2150 3020 Annales

573 3025 808 3093 faciunt,
840 3033 1032 3100 paucis
1073 3051 1136 3089 ea
1171 3042 1505 3109 consignare
1537 3046 1691 3113 libet,
1718 3065 1840 3120 qua:
1873 3054 1941 3108 ad
1970 3055 2145 3124 ipsius

528 3117 808 3200 Jsmailis
859 3125 1155 3194 originem,
1190 3133 1532 3204 principatus
1570 3139 1748 3205 initia,
1796 3157 2142 3216 progressus,
2170 3161 2217 3227 ρ

573 3226 661 3266 res
687 3222 869 3282 gestas
901 3217 1260 3279 illustrandas
1300 3229 1576 3294 pertinere
1616 3235 1956 3302 putabimus.
1988 3237 2150 3296 Pater

571 3299 807 3360 lsmailis
835 3306 1059 3379 Sophini
1094 3312 1194 3368 fuit
1249 3317 1496 3384 Erdebil,
1549 3299 1712 3392 quem
1748 3325 1938 3386 Jovius
1965 3340 2019 3388 et
2054 3335 2147 3389 alii

573 3409 769 3451 vocant
807 3400 1099 3458 A‘rdnelcm
1127 3407 1212 3462 vel
1264 3412 1634 3471 Hardut-llem.
1669 3417 1783 3475 lloc
1826 3423 1904 3476 illi
1937 3440 2148 3493 cogno-

571 3503 694 3540 men
755 3488 967 3548 faciunt
999 3507 1029 3548 a
1057 3495 1177 3552 loco
1212 3503 1451 3568 quodam
1491 3505 1717 3574 Persim,
1753 3512 1916 3578 cujus
1967 3515 2146 3570 domi-

569 3595 676 3634 nus
703 3590 796 3634 aut
839 3586 1058 3651 regulus
1117 3588 1323 3647 fuerit:
1361 3595 1540 3660 ipsunt
1583 3615 1716 3654 vero
1773 3619 1968 3660 nomen
2026 3608 2146 3676 ejus

567 3672 793 3726 tradunt
828 3673 998 3730 fuisse
1037 3677 1312 3738 Secaider.
1363 3687 1526 3742 Aiunt
1561 3701 1821 3758 pneterca
1873 3707 2141 3754 sectatum

572 3764 737 3818 vitam
772 3769 1106 3837 religiosam,
1141 3771 1315 3828 insrar
1340 3781 1689 3836 eremitarnm
1724 3787 1812 3840 vel
1837 3794 2141 3847 monacho-

568 3873 686 3910 rum
725 3869 1060 3917 nostrorum.
1118 3864 1354 3938 ideoque
1382 3870 1485 3928 Sec
1526 3875 1925 3948 interpretatur
1959 3883 2142 3954 Span-

567 3949 809 4022 duginus
841 3960 1282 4026 nuncabbatcm,
1319 3982 1465 4021 nunc
1503 3970 1795 4039 plehauum
1833 3977 1945 4032 sive
1976 3993 2140 4035 cura-

567 4051 707 4108 tum,
734 4055 790 4098 ttt
825 4047 984 4119 vulgo
1039 4049 1362 4121 loquuntur,
1403 4059 1506 4112 hoc
1533 4072 1636 4130 est,
1672 4066 1980 4122 animarum
2043 4086 2140 4127 Ctt-

565 4153 682 4193 ram
716 4153 1021 4210 gerentem.
1050 4145 1162 4215 Ego
1193 4166 1314 4204 vero
1350 4153 1401 4206 in
1440 4155 1703 4224 opinione
1734 4174 1851 4213 mea
1877 4164 2136 4231 persisw,

566 4249 730 4302 quam
769 4235 925 4289 initio
956 4235 1085 4292 belli
1118 4239 1325 4296 Persici
1360 4248 1620 4315 snperius
1654 4249 1708 4302 in
1743 4250 2137 4320 Supplemento

562 4325 855 4381 Annalium
880 4332 1132 4397 exposui,
1166 4339 1220 4386 et
1249 4333 1414 4402 cujus
1444 4345 1727 4392 auctorem
1774 4341 1950 4399 habeo
1997 4345 2135 4400 Mat-

561 4417 730 4469 thiam
782 4418 848 4473 de
906 4419 1064 4486 Faro,
1141 4426 1453 4480 Caesareum
1524 4429 2002 4502 Constantinopoli
2064 4439 2130 4493 ad

2294 561 2426 630 pido
2456 562 2778 631 Persarum,
2809 569 2898 623 cui
2942 587 3140 625 nomen
3190 571 3351 630 lieza.
3399 576 3549 633 Fama
3580 585 3685 638 novi
3716 587 3789 640 do-

2287 658 2481 724 ctoris,
2524 675 2789 728 novaeque
2841 665 3169 732 disciplina},
3206 669 3360 739 longe
3417 674 3612 745 lateque
3641 683 3789 747 didita,

2285 751 2554 808 ceni‘lnxit
2605 755 2672 810 ad
2737 755 3066 814 Seheichern
3117 763 3196 817 vel
3259 763 3512 822 lmarnum
3556 771 3788 832 Haidarem

2290 842 2486 912 ingens
2537 862 2567 902 e
2621 847 2808 904 Persia
2867 853 3176 926 vicinisque
3213 859 3517 927 regionibus
3564 865 3786 924 hominum

2282 936 2599 992 multitudo.
2632 941 2855 997 Primus
2887 953 3068 1000 autem
3108 965 3172 1003 ex
3202 954 3535 1022 magnatibus
3564 964 3612 1011 et
3632 961 3787 1030 regulis

2281 1023 2497 1083 Erdebil
2557 1047 2664 1087 non
2713 1033 2853 1089 hanc
2895 1036 3168 1095 duntaxat
3220 1041 3471 1098 liaidaris
3522 1051 3788 1103 sententiam

2279 1119 2701 1194 doctrinamque
2736 1130 3012 1198 probavit,
3066 1147 3256 1188 verum
3285 1137 3445 1190 etiam
3474 1153 3533 1192 cx
3575 1139 3673 1212 cjus
3692 1159 3793 1211 pra-

2277 1211 2480 1280 scripto
2500 1229 2559 1268 se
2587 1231 2809 1286 gerens,
2839 1223 3210 1290 patrocinium
3237 1241 3418 1284 causae
3460 1234 3695 1301 suscepit,
3720 1250 3793 1287 ea-

2280 1320 2386 1373 que
2417 1305 2577 1378 571
2617 1325 2674 1364 re
2713 1310 3088 1370 multitudinis
3124 1318 3340 1375 animos
3375 1321 3475 1376 sibi
3505 1323 3702 1379 miriﬁce
3725 1326 3796 1380 de-

2275 1397 2472 1455 vinxit.
2507 1399 2584 1454 lta
2625 1403 2884 1458 nimirum
2939 1407 3076 1463 alias
3109 1425 3328 1480 quoque
3363 1423 3564 1470 constat
3595 1415 3797 1471 homines

2272 1490 2610 1562 ingeniosos,
2635 1511 2786 1550 novae
2817 1498 3100 1570 religionis
3121 1520 3249 1561 usos
3281 1515 3557 1576 praetextu,
3579 1507 3796 1576 insignem

2273 1583 2342 1637 ad
2377 1590 2673 1655 potentiam
2711 1593 3052 1659 pervenisse.
3086 1593 3397 1667 Tantopere
3432 1599 3631 1670 quidem
3666 1599 3800 1654 Erde-

2272 1675 2370 1747 bil,
2393 1685 2688 1753 caeteroqui
2721 1701 2830 1740 non
2865 1687 3046 1757 magni
3083 1690 3324 1746 nominis
3353 1678 3578 1761 opumve
3603 1690 3796 1758 regulus,

2273 1771 2378 1827 hac
2415 1776 2540 1830 novi
2591 1776 2868 1848 dogmatis
2912 1781 3252 1849 professione
3279 1785 3490 1840 crevit:
3525 1795 3577 1838 ut
3599 1786 3640 1836 ei
3668 1783 3798 1836 ﬁliam

2269 1875 2427 1918 suam
2466 1881 2558 1920 rex
2601 1865 2895 1924 Persarum
2929 1870 3235 1938 Chasancs,
3271 1892 3432 1944 quem
3467 1891 3497 1930 a
3523 1876 3801 1946 proceritate

2268 1967 2495 2013 staturae
2539 1961 2878 2017 nominatum
2933 1963 3086 2021 Usun
3143 1966 3367 2025 Chasan
3406 1971 3645 2042 superius
3686 1969 3800 2023 iudi-

2267 2051 2542 2115 cavimus.
2582 2057 2938 2114 matrimonio
2989 2060 3237 2130 legitimo
3285 2065 3594 2134 copularet.
3626 2063 3796 2132 Quippe

2268 2141 2432 2197 tiliam
2463 2143 2728 2202 Martham
2749 2164 2811 2202 ex
2837 2149 3158 2208 .Ecaterina
3185 2154 3487 2210 Comnenia
3509 2162 3796 2225 susceperat.

2267 2252 2430 2304 quam
2457 2236 2629 2292 Camit
2651 2241 2716 2295 de
2751 2241 2901 2297 Cami
2935 2243 3105 2301 fuisse
3134 2247 3364 2310 dictam,
3402 2262 3505 2303 non
3537 2257 3668 2302 recte
3693 2248 3800 2330 scri-

2264 2337 2416 2397 ptum
2448 2333 2590 2398 apud
2623 2333 3046 2405 Spanduginnm
3084 2338 3313 2409 legitur.
3346 2341 3550 2396 Etenim
3585 2341 3798 2412 gentibus

2264 2419 2330 2474 iis
2359 2421 2560 2476 Carum
2601 2423 2667 2480 de
2709 2425 2965 2482 Cornnlni
3019 2432 3326 2488 vocabatur
3357 2478 3370 2502 ,
3407 2435 3583 2505 priore
3612 2436 3795 2489 nomine

2258 2523 2523 2581 corrupto
2578 2516 2646 2573 de
2699 2519 2892 2576 Graeco
2935 2523 3284 2594 zEcaterine,
3311 2529 3483 2584 altero
3515 2545 3635 2584 vero
3668 2529 3793 2581 lann-

2257 2603 2364 2658 iiiP.
2420 2604 2560 2662 Nam
2614 2609 2973 2682 Calojoannis
3033 2616 3332 2682 Contneni.
3371 2621 3640 2692 penultimi
3687 2619 3794 2673 Tra-

2256 2700 2640 2765 peznntiorum
2675 2703 3045 2776 imperatoris,
3091 2720 3210 2765 erat
3256 2713 3416 2794 filia,
3469 2729 3622 2784 quam
3658 2711 3794 2768 Calo-

2252 2791 2458 2861 joanne
2494 2809 2732 2865 mortuo,
2768 2801 2937 2856 frater
2983 2802 3347 2872 Calojoannis
3382 2791 3572 2870 David.
3603 2808 3793 2862 ultimus

2256 2883 2563 2952 Imperator
2588 2886 3012 2958 Trapezuntius,
3059 2893 3468 2954 Usumcbasani
3512 2897 3648 2953 dedit
3677 2913 3790 2951 uxo-

2254 2982 2394 3040 rem,
2434 2985 2491 3030 ut
2519 2978 2642 3054 ejus
2693 2984 2950 3050 praesidio
2989 2995 3184 3041 contra
3231 2990 3471 3044 nimium
3520 2991 3708 3044 vicinas
3750 2995 3792 3042 et

2255 3067 2484 3124 infestas
2516 3071 2618 3124 sibi
2671 3074 2814 3130 vires
2887 3079 3090 3132 sultani
3135 3079 3505 3138 Muchemctis
3549 3083 3694 3154 paulo
3722 3093 3790 3134 tu-

2251 3159 2359 3214 tior
2415 3172 2580 3216 esset.
2651 3165 2727 3219 Ex
2790 3167 2889 3223 hac
2947 3169 3384 3232 Usumchasanis
3442 3176 3546 3232 ﬁlia
3615 3175 3789 3230 Martha

2257 3259 2423 3305 natus
2461 3253 2836 3312 fuit‘Et‘dehili
2875 3259 3021 3317 ﬁlius
3059 3262 3268 3332 lsmail,
3303 3268 3372 3322 de
3404 3283 3512 3338 quo
3539 3283 3671 3322 nunc
3700 3265 3792 3336 agi-

2254 3356 2399 3398 mus.
2425 3343 2620 3402 llabuit
2650 3348 2706 3402 in
2737 3365 2902 3417 regno
2926 3368 3316 3413 successorem
3353 3371 3596 3416 mortuus
3623 3357 3790 3414 Usum-

2251 3435 2520 3496 chasancs
2574 3439 2834 3512 Jasupem
2874 3443 3045 3502 ﬁlium
3075 3489 3088 3510 ,
3122 3451 3216 3518 qui
3253 3453 3426 3526 vulgo
3460 3457 3525 3509 ab
3553 3451 3793 3509 historicis

2248 3526 2524 3599 Jacobbeg
2550 3571 2564 3596 ,
2597 3533 2669 3586 ab
2700 3535 3006 3593 Annalibus
3057 3540 3212 3596 hisce
3252 3547 3442 3600 sultan
3473 3545 3634 3616 Jacup
3669 3547 3791 3602 dein-

2250 3638 2380 3691 ceps
2431 3623 2486 3677 in
2543 3625 2665 3681 Vita
2729 3628 2932 3684 sultani
2990 3631 3331 3693 Soleimanis
3388 3639 3706 3696 nominatur.
3752 3637 3791 3694 is

2250 3723 2615 3784 protectorem
2642 3734 2796 3774 nova:
2820 3732 2984 3778 sectae
3005 3728 3281 3782 sororium
3314 3746 3476 3786 suum
3496 3731 3786 3795 Erdebilem,

2250 3806 2480 3862 miriﬁce
2517 3808 2627 3864 sibi
2659 3822 3003 3884 suspectum,
3038 3819 3186 3887 quod
3215 3833 3512 3880 vereretur
3543 3841 3608 3882 ne
3638 3825 3789 3896 regius

2246 3896 2447 3966 amnis,
2479 3910 2534 3955 et
2575 3909 2744 3958 tantae
2787 3908 3163 3967 multitudinis
3197 3911 3503 3974 devotione
3531 3918 3704 3983 fretus,
3729 3916 3788 3970 si-

2243 3988 2294 4042 bi
2347 4004 2574 4060 regnurn
2617 3996 2880 4067 eriperet,
2923 3999 3160 4060 interﬁci
3195 4011 3449 4064 curavit.
3487 4010 3663 4066 Evasit
3688 4023 3789 4064 cru-

2243 4081 2381 4140 delis
2416 4089 2676 4145 avunculi
2707 4106 2906 4148 manus
2938 4093 3130 4152 lsmail
3153 4099 3457 4158 admodum
3483 4104 3784 4162 adolescens.

2240 4177 2546 4234 octodecim
2587 4179 2669 4251 (ut
2711 4184 2962 4254 plerique
3005 4191 3250 4260 tradunt)
3283 4196 3336 4249 id
3367 4198 3628 4268 temporis
3657 4205 3788 4250 natus

2247 4285 2442 4339 annos,
2481 4289 2670 4342 seque,
2708 4277 2926 4335 Martha
2981 4294 3155 4338 matre
3199 4290 3442 4356 comite,
3473 4291 3692 4345 contulit
3734 4289 3786 4340 ad

2239 4364 2476 4418 amicum
2533 4377 2824 4436 paternum
2881 4372 3186 4443 Pircalem,
3219 4386 3477 4453 regulum
3509 4385 3718 4440 ditionis
3747 4393 3788 4436 et

2240 4456 2592 4512 castellorum
2642 4465 3019 4530 quorumdam
3049 4468 3116 4522 ad
3153 4486 3309 4528 mare
3363 4475 3640 4548 Caspium,
3667 4490 3788 4531 nunc

1896 4501 1906 4502 ,
2244 4501 2592 4512 πων--.-ιη
2685 4501 3019 4521 ειν-,υκιυαιιι
3049 4501 3116 4522 ιιι
3153 4501 3309 4528 nunc
3363 4501 3469 4530 uas
3510 4501 3640 4542 tum,
3667 4501 3788 4531 nun"

562 4501 783 4562 Portant
815 4507 1166 4567 Osmanicau!
1207 4513 1612 4586 Dragomanum
1645 4521 1726 4576 vel
1764 4525 2133 4594 interpretem:
2171 4514 2214 4568 θ
2239 4543 2471 4600 Cujzum
2520 4501 2712 4604 Denj‘zi
2770 4548 2996 4619 Turcis,
3048 4555 3227 4614 Bauer
3275 4501 3512 4618 cum":
3546 4563 3788 4619 Arabibus

557 4599 771 4657 diversa
804 4606 1010 4660 scilicet
1048 4608 1163 4661 haec
1194 4623 1315 4665 esse
1369 4614 1590 4666 nomina
1625 4613 1971 4673 diversarum
2008 4637 2135 4691 per-

558 4709 840 4758 sonarum.
876 4715 1110 4768 quorutn
1143 4718 1283 4757 unus
1312 4703 1472 4759 fuerit
1505 4705 1722 4764 Erdebil
1759 4721 1915 4782 pater
1943 4716 2134 4771 lsmai-

559 4786 649 4849 lis,
693 4787 894 4842 fantilia
925 4803 1086 4849 natus
1121 4795 1263 4862 apud
1302 4796 1500 4854 Persas
1533 4800 1756 4880 illustri,
1790 4807 2133 4880 ditionisque

556 4879 845 4948 cujusdam
879 4885 1122 4955 regulus:
1150 4890 1289 4944 alter
1320 4890 1552 4949 Scheich
1589 4879 1814 4964 Haidar,
1848 4918 1954 4956 non
1984 4906 2132 4974 prin-

556 4990 688 5045 ceps
720 4985 814 5030 aut
849 4978 1092 5046 regulus,
1127 4981 1220 5037 sed
1271 5002 1458 5041 revera
1517 4991 1588 5056 id,
1654 4993 1802 5063 quod
1833 4997 2128 5066 audiebat;

553 5070 813 5123 nimirum
857 5071 1144 5138 Scheiche,
1181 5076 1264 5129 vel
1300 5078 1473 5146 lman,
1506 5087 1750 5152 quorum
1788 5087 1921 5142 illud
1956 5090 2130 5145 homi-

553 5180 675 5216 nem
705 5164 1021 5234 religiosum
1054 5170 1309 5238 gentibus
1341 5174 1451 5230 il'lis
1507 5177 1804 5246 signiﬁcat,
1848 5180 1917 5236 ab
1972 5183 2130 5238 inno-

550 5256 729 5308 centia
769 5259 1250 5333 sanctimoniaque
1299 5266 1423 5320 vita:
1478 5285 1492 5322 :
1536 5269 1640 5325 hoc
1663 5287 1791 5329 vero
1822 5274 2124 5331 doctorem.

547 5345 762 5401 Etenim
797 5365 859 5403 ex
888 5355 1146 5420 Opinione
1175 5357 1296 5411 vitm
1326 5361 1584 5430 religiose
1631 5379 1695 5419 ac
1728 5366 1941 5421 duriter
1967 5378 2122 5435 actm,

552 5455 888 5498 consecutus
919 5446 1121 5514 aliquid
1157 5451 1298 5519 apud
1344 5455 1562 5522 vulgum
1601 5459 1984 5526 auctoritatis;
2026 5465 2123 5516 tri-

553 5533 657 5587 bus
679 5533 1003 5593 Mahnmetis
1031 5544 1307 5612 prophetze
1330 5548 1522 5612 sociis,
1551 5549 1876 5618 Ebubekire,
1900 5552 2120 5621 limere,

551 5625 902 5699 Osmancque
954 5635 1192 5703 rejectis,
1258 5637 1399 5692 Alim
1426 5651 1684 5710 quartum
1725 5645 2002 5716 propheta:
2035 5663 2124 5702 so-

550 5719 720 5782 cium,
763 5722 1119 5793 ejusdemque
1153 5734 1622 5802 consanguinettttt
1653 5745 1704 5790 et
1738 5753 1998 5807 generum
2039 5758 2120 5798 se-

551 5811 829 5880 quendutn
866 5818 918 5873 in
944 5822 1202 5879 omnbus
1235 5824 1565 5896 allirmabat,
1599 5828 1642 5885 si
1668 5831 1802 5886 salvi
1839 5849 1960 5888 csse
2010 5837 2116 5891 vcl-

2240 4638 2597 4706 appellatum,
2651 4657 2758 4713 quo
2807 4645 3062 4703 clausum
3102 4665 3254 4706 mare
3291 4654 3787 4725 signiﬁcatusztic

2237 4730 2505 4787 educatus
2555 4735 2739 4790 lsmail
2777 4752 2841 4793 ex
2891 4743 3214 4812 prazscripto
3244 4746 3532 4818 religionis
3555 4758 3786 4820 paterna.

2237 4822 2455 4877 tandem
2504 4829 2774 4884 exsﬁncto
2835 4848 2927 4902 per
2969 4849 3244 4890 venenum
3296 4855 3324 4896 a
3362 4840 3596 4912 conjuge
3626 4841 3785 4894 datum

2236 4912 2452 4970 sultano
2494 4915 2699 4990 Jacupe
2750 4927 3064 4993 avunculo,
3097 4929 3325 4985 domum
3369 4933 3597 4999 reverti,
3626 4943 3789 5005 pater-

2235 5018 2424 5076 n:eque
2450 5009 2672 5067 ditionis
2707 5016 3110 5088 litereditatem,
3130 5038 3254 5078 cum
3281 5027 3506 5097 oppidis
3523 5037 3574 5082 et
3593 5023 3787 5097 praediis

2235 5109 2497 5156 materna:
2553 5103 2698 5160 dotis
2744 5109 2967 5167 neruine
3016 5113 3121 5168 sibi
3158 5115 3386 5194 deditis,
3417 5119 3571 5175 adire
3597 5115 3786 5176 statuit.

2235 5187 2490 5247 Dominio
2527 5206 2778 5266 -patcrno
2833 5204 3060 5272 potitus,
3116 5223 3239 5264 mox
3301 5187 3539 5268 ulterius
3585 5223 3784 5283 ριόετεο

2231 5281 2422 5338 ditur:
2457 5296 2511 5342 et
2545 5294 2806 5349 trecentis
2845 5302 3228 5356 tantummodo
3251 5305 3492 5373 stipatus
3517 5304 3781 5362 militibus.

2231 5372 2541 5435 Somakiam
2587 5400 2726 5454 pene
2763 5391 3147 5461 prodigiosum
3188 5396 3244 5448 in
3287 5398 3513 5452 modum
3553 5404 3778 5465 ecetrpat.

2232 5465 2304 5520 Ea
2335 5469 2531 5527 civitas
2584 5484 2668 5532 cst
2727 5477 2934 5544 Mediae,
2974 5499 3139 5552 quam
3188 5489 3352 5542 modo
3389 5487 3672 5545 Sirvanum
3703 5502 3786 5540 vo-

2227 5570 2355 5614 cant
2381 5600 2396 5624 ,
2435 5580 2498 5619 ac
2531 5582 2723 5625 versus
2753 5573 3026 5632 Armenia:
3055 5579 3284 5648 majoris
3312 5579 3454 5638 ﬁnes
3486 5598 3604 5638 sese
3626 5579 3786 5650 porri-

2225 5659 2328 5730 git,
2357 5669 2409 5710 et
2444 5659 2681 5717 Laonico
2713 5661 3028 5732 Samachia,
3062 5668 3423 5739 Spandugino
3457 5670 3782 5726 Sutnacliics.

2225 5753 2530 5820 appellatur
2561 5770 2571 5804 :
2608 5757 2740 5809 tanti
2775 5758 2995 5825 quidem
3057 5763 3348 5824 momenti,
3381 5773 3439 5816 ιιι
3471 5779 3612 5817 anno
3640 5763 3784 5814 Chri-

2222 5848 2405 5897 suane
2467 5844 2597 5898 1585
2640 5849 2686 5902 ei
2735 5860 2906 5920 capta:
2974 5851 3366 5924 hcglcrbccum
3411 5854 3606 5911 Osmau
3637 5855 3783 5908 bassa
