4048 6208
264 346 366 410 861

1409 346 1819 409 PANDECTE
1876 347 2093 410 HlST.
2161 350 2473 412 'I‘l‘liClC.

3417 343 3531 406 862

266 462 602 535 ptachcrit.
660 462 796 517 lliue
844 462 1021 530 copiis
1088 475 1197 516 non
1256 476 1451 532 parum
1520 462 1771 517 adattctis
1801 468 1857 516 et
1886 465 1933 525 Δ
1960 482 2132 534 supra
2169 475 2424 520 notatum
2463 468 2643 534 capite
2684 464 2739 518 Ξ.
2773 464 3021 519 Scacltus
3042 464 3213 533 igitur
3243 461 3421 518 lsmail
3458 463 3531 515 ab

265 554 1216 618 inStructis,Tebrisium,cxtimam
1274 556 1562 610 Persarum
1618 556 1851 621 regiam,

266 665 392 703 sese
434 646 685 710 confert,
712 661 970 713 eamque,
994 661 1252 712 superato
1290 663 1411 717 rege
1448 648 1676 702 Alvantc
1697 687 1711 710 ,
1742 647 1855 701 sul-

270 742 389 797 tani
431 739 657 810 Jacupis
696 740 809 795 (ilio
832 751 885 794 et
912 756 1271 805 successore,
1296 744 1473 793 victor
1516 742 1568 795 iu
1619 750 1854 809 potesta-

267 843 379 890 tem
411 834 624 903 redigit.
664 832 868 885 lterum
901 847 1024 885 cum
1064 833 1295 886 Alvaute
1326 847 1686 898 congressus,
1743 845 1848 884 non

267 928 432 981 modo
460 926 713 993 superior
748 925 973 989 evadit,
1032 940 1221 977 verum
1262 925 1431 978 etiam
1472 924 1673 991 ipsum,
1725 938 1849 979 cum

265 1021 546 1075 exercitus
605 1017 796 1084 majori
840 1028 1035 1087 parte,
1093 1019 1350 1072 trucidat.
1407 1018 1536 1072 Inde
1584 1018 1847 1071 Mat-atem

264 1108 539 1171 Chanem,
572 1107 773 1178 (Horat
802 1107 980 1171 Chatt,
1014 1118 1068 1162 et
1106 1108 1282 1162 Norat
1312 1108 1575 1177 bcg,aliis
1599 1109 1852 1163 nomina-

263 1210 403 1268 tur,
458 1203 767 1270 Augustino
812 1200 1040 1256 Curioni
1088 1213 1279 1254 nostro
1336 1200 1643 1271 Mat-aberg,
1704 1203 1848 1269 quod

264 1295 490 1366 longius
522 1293 589 1348 ab
614 1294 828 1363 origine
855 1292 1084 1361 recedit)
1132 1294 1385 1349 Aluantis
1415 1293 1583 1347 occisi
1624 1292 1847 1348 fratrem

265 1397 597 1459 persecutus
620 1427 635 1450 ,
670 1389 787 1456 pari
821 1387 1189 1455 prosperitate
1220 1397 1466 1454 superat.
1488 1386 1539 1443 is
1572 1386 1755 1442 victus
1780 1386 1849 1442 ab

265 1483 512 1545 lsmaile,
546 1481 866 1550 Bagad‘atim
902 1494 1097 1533 versus
1128 1478 1365 1546 aufugit,
1388 1480 1707 1533 hodiernam
1739 1479 1847 1533 sci-

267 1578 400 1629 licet
432 1574 791 1649 Babylonem,
841 1582 1069 1641 prepter
1100 1571 1292 1625 ruinas
1323 1572 1519 1640 priscae
1551 1570 1847 1641 Babylonis

263 1669 451 1725 sitam.
489 1664 679 1720 Victor
711 1664 904 1720 urbem
952 1664 1138 1718 Sciras
1161 1704 1176 1730 ,
1215 1678 1498 1717 armorum
1536 1663 1719 1717 omnis
1750 1678 1847 1732 ge-

264 1762 423 1817 neris
445 1758 740 1820 ollicinam,
800 1771 830 1809 a
888 1756 1143 1810 Tebrisio
1189 1756 1379 1823 viginti
1404 1756 1615 1810 dierum
1650 1755 1845 1810 itinere

264 1854 567 1906 distantem
591 1890 609 1915 ,
634 1864 759 1904 cum
795 1847 1117 1902 victricibus
1151 1846 1326 1916 cepiis
1366 1848 1479 1900 adit
1502 1855 1555 1899 et
1585 1856 1841 1916 Occupat.

268 1944 348 1997 lbi
385 1944 603 1998 demum
671 1942 962 2011 insigniter
1023 1955 1185 1995 suum
1249 1942 1483 1992 armavit
1512 1941 1841 1997 exercitum.

266 2038 458 2093 Postea
492 2036 770 2106 negotium
792 2037 838 2089 ei
866 2035 966 2087 fuit.
1009 2050 1134 2089 cum
1183 2032 1282 2087 Ulu
1305 2034 1492 2088 Cltane
1517 2032 1842 2088 Tatarorum

264 2130 527 2197 Sicbeco,
564 2144 729 2198 quem
773 2128 1107 2183 instructum
1166 2126 1415 2181 exercitu
1468 2135 1841 2180 trecentorum

262 2222 500 2275 millium
548 2222 796 2290 equitum
821 2260 835 2283 ,
873 2218 1095 2290 aggredi
1133 2218 1320 2287 pra-lio
1360 2234 1466 2271 non
1517 2218 1792 2272 dubitavit
1823 2236 1839 2274 :

258 2333 377 2386 quo
430 2316 697 2387 singulari
765 2317 972 2370 virtute
1028 2316 1363 2383 fortunaque
1414 2314 1590 2368 victor
1644 2314 1840 2376 emisit,

257 2410 423 2464 hoste-
457 2423 623 2471 caaso,
654 2407 738 2463 vel
773 2408 826 2461 in
860 2409 1018 2461 turba
1054 2405 1220 2474 (quod
1252 2405 1342 2457 alii
1368 2406 1631 2474 tradunt)
1662 2420 1690 2457 a
1724 2406 1841 2459 suis

256 2516 553 2571 oppresso.
621 2499 1022 2568 suffocatoque.
1094 2497 1335 2553 Tandem
1373 2498 1439 2551 ad
1487 2507 1563 2550 tot
1596 2497 1840 2553 illustres

255 2596 329 2649 de
361 2595 614 2666 pluribus
642 2604 832 2665 partas
859 2591 1143 2655 victorias,
1205 2590 1253 2644 is
1315 2588 1594 2644 felicitatis
1626 2590 1841 2644 eximiae

254 2688 521 2744 cumulus
572 2684 825 2750 accessit,
874 2694 936 2739 ut
986 2684 1254 2737 moriente
1294 2684 1346 2735 itt
1394 2682 1588 2736 exsilio
1629 2680 1839 2735 Mutate

254 2780 477 2846 Ghanc,
507 2780 733 2849 Jacupis
767 2779 900 2844 lilio,
926 2788 980 2831 et
1018 2778 1211 2831 ultimo
1253 2776 1492 2840 mercde,
1530 2790 1643 2830 non
1672 2774 1839 2830 modo

252 2871 471 2927 Persici
506 2873 657 2942 regni
691 2872 1082 2941 possessione,
1113 2870 1341 2923 sublatis
1374 2870 1609 2936 aemulis,
1651 2871 1837 2939 quieta

252 2967 557 3039 potiretur,
593 2981 785 3022 verum
827 2965 992 3019 etiam
1028 2965 1244 3017 vicinos
1278 2967 1546 3032 quosdam
1580 2964 1834 3033 populos,

250 3075 317 3117 ac
353 3058 659 3129 praesertim
686 3058 1076 3127 Bagadatinos,
1095 3058 1149 3109 iu
1174 3056 1507 3112 deditionem
1531 3057 1828 3125 acciperet.

1960 561 2174 616 aemulis
2219 561 2548 625 Osntanicis,
2593 544 2834 628 aliisque
2894 559 3339 623 Mahumetanis,
3384 560 3533 610 velut

1959 660 2155 712 horum
2188 658 2604 725 antesignanus,
2625 665 2735 709 tant
2766 654 2959 723 Soplti.
2982 669 3143 723 quam
3180 653 3334 707 Kisel
3371 654 3529 706 bassa

1962 760 2193 805 vocatus
2231 750 2334 803 fuit
2365 766 2380 814 ;
2413 764 2478 803 ac
2501 748 2705 804 mansit
2735 749 2899 803 etiam
2925 748 3066 817 apud
3099 762 3198 799 nos
3225 747 3278 798 in
3310 746 3533 798 hodier-

1958 858 2089 898 ttutn
2148 856 2323 911 usque
2387 842 2527 895 diem
2564 855 2763 894 nomen
2814 841 2915 895 hoc
2963 839 3199 909 posteris
3232 840 3430 906 ipsius,
3472 848 3530 891 ttt

1958 935 2191 1004 Sephini
2226 934 2594 1003 appellentur.
2621 932 2728 987 Nec
2754 940 2935 985 tamen
2971 932 3026 985 in
3059 946 3122 983 ea
3164 945 3284 983 sum
3317 931 3530 997 opinio-

1955 1044 2023 1081 ne
2056 1043 2180 1081 cum
2214 1028 2362 1091 aliis,
2402 1036 2460 1079 ut
2516 1035 2645 1080 tunc
2681 1026 2921 1094 primum
2966 1031 3154 1077 natum
3198 1023 3301 1077 hoc
3333 1022 3532 1091 Sophi-

1956 1120 2223 1173 lariorum
2255 1117 2587 1173 vocabulum
2619 1126 2831 1185 putem.
2860 1115 3078 1185 Quippe
3103 1115 3377 1169 vetustius
3408 1130 3531 1169 esse

1953 1212 2296 1279 temporibus
2328 1209 2596 1274 lsmailis,
2625 1226 2689 1264 ex
2715 1208 3019 1264 Annalibus
3054 1208 3302 1264 Tureicis
3337 1217 3487 1276 paret
3513 1224 3529 1273 ;

1951 1304 2043 1373 qui
2076 1312 2341 1372 regnante
2363 1300 2707 1358 Muchemete
2742 1303 2926 1372 primo
2949 1344 2963 1367 ,
3007 1302 3264 1370 Bajazitis
3303 1316 3527 1368 proavo,

1951 1396 2251 1465 nonaginta
2304 1394 2515 1450 scilicet
2571 1395 2733 1448 annis
2810 1400 2937 1448 ante
2997 1391 3353 1447 Scachoculis
3386 1393 3528 1447 sedi-

1951 1492 2183 1553 tionem,
2233 1497 2287 1542 et
2316 1486 2555 1541 lsmailis
2592 1486 2907 1555 imperium,
2968 1485 3310 1555 Sopltilarios
3340 1485 3527 1539 itidem

1950 1583 2315 1636 tumultuatos
2340 1590 2799 1634 commemorant.
2820 1580 3013 1648 itaque
3044 1595 3174 1633 vero
3214 1588 3295 1633 est
3329 1579 3527 1636 simile,

1948 1680 2276 1734 Scheichem
2310 1678 2607 1734 liaidarem
2636 1695 2746 1734 non
2783 1680 2907 1734 novi
2942 1678 3217 1746 dogmatis
3248 1689 3527 1729 auctorem

1872 1769 2147 1870 Bfuisse,
2215 1770 2312 1823 sed
2371 1770 2615 1837 reliquas
2675 1764 2859 1839 potius
2922 1783 2985 1822 es
3050 1767 3306 1821 inccndio
3336 1765 3526 1823 veteri,

1952 1865 2221 1932 quasique
2273 1863 2485 1929 sopitas
2532 1863 2797 1917 hactenus
2860 1862 3155 1923 scintillas,
3188 1861 3371 1913 demto
3406 1872 3528 1911 sus-

1946 1959 2149 2011 citasse
2171 2001 2185 2023 ,
2220 1970 2562 2027 prorsusqtte
2595 1954 2760 2010 simili
2794 1954 3007 2008 ratione
3038 1952 3308 2006 Scachum
3338 1949 3529 2002 lsmai-

1948 2050 2051 2103 letn
2112 2048 2280 2115 Sophi
2358 2063 2560 2102 nomen
2602 2048 2671 2101 ah
2705 2047 2947 2102 inimicis
3002 2047 3221 2111 tulisse,
3260 2046 3527 2114 frequens

1945 2152 2103 2195 antea
2139 2141 2391 2209 plebeiis,
2440 2141 2534 2195 sed
2570 2148 2696 2194 ante
2730 2141 2908 2209 ipsum
2941 2140 3075 2193 nulli
3099 2140 3283 2194 datum
3319 2140 3455 2205 regi.

1948 2257 2067 2312 189.
2097 2256 2200 2321 Qui
2236 2255 2445 2311 (ἴυγξικὶ
2485 2256 2562 2306 vel
2596 2253 2903 2315 Coridschi,
2931 2255 3019 2323 qui
3048 2253 3362 2308 Turcomaui
3393 2254 3521 2309 Per.

2316 2327 2433 2379 sici.
2474 2325 2799 2392 Supplicium
2832 2324 3200 2379 Scachocuh’s.

2015 2419 2143 2474 Tria
2205 2427 2337 2474 sunt
2393 2419 2540 2490 apud
2599 2419 2794 2473 Persas
2864 2433 3064 2487 genera
3132 2418 3514 2471 militantium.

1946 2512 2111 2567 Primi
2140 2521 2412 2566 vocantur
2442 2512 2511 2565 ab
2544 2510 2625 2565 eis
2650 2510 3007 2575 Turcomani,
3041 2526 3277 2579 quorum
3305 2526 3365 2563 ea
3394 2526 3524 2565 con-

1942 2606 2081 2660 ditio
2146 2614 2253 2667 est,
2306 2619 2429 2672 quae
2456 2605 2790 2657 vasallorum
2826 2604 2966 2673 apud
3002 2619 3124 2668 nos,
3156 2619 3296 2671 quos
3334 2601 3521 2657 feuda-

1944 2698 2118 2751 tarios
2170 2694 2529 2765 appellamus.
2566 2693 2629 2747 Et
2682 2705 2807 2747 sunt
2844 2695 2986 2764 apud
3020 2710 3115 2749 eos
3146 2695 3303 2749 fetida
3340 2711 3523 2763 perpe-

1942 2799 2053 2855 tua,
2092 2804 2215 2858 qua:
2250 2803 2276 2840 a
2306 2788 2630 2857 parentibus
2660 2787 2723 2839 ad
2752 2787 2956 2841 liberos
2980 2797 3032 2842 et
3058 2798 3309 2858 posteros
3338 2788 3524 2838 devol-

1940 2890 2165 2946 runtur,
2202 2882 2430 2949 sequius
2487 2895 2549 2933 ac
2619 2878 2813 2934 Turris
2858 2888 2940 2933 est
2990 2880 3044 2931 in
3077 2895 3235 2944 ,usu.
3293 2879 3523 2943 Quoties

1940 2976 2106 3043 igitur
2128 2974 2179 3027 hi
2196 2975 2352 3041 jussu
2373 2972 2515 3042 regis
2536 2983 2858 3036 evocantur,
2882 2986 2948 3026 eo
2982 2986 3102 3024 cum
3135 2972 3382 3042 equitum
3422 2988 3524 3025 nu-

1939 3084 2093 3125 mero
2154 3072 2217 3122 se?
2266 3067 2378 3135 regi
2419 3067 2643 3131 sistunt,
2705 3082 2865 3135 quem
2931 3065 3198 3119 rationem
3235 3066 3519 3119 fcutlorum

251 3155 387 3210 Haec
422 3154 489 3208 de
522 3152 758 3209 lsmailis
790 3151 1023 3221 Sophini
1061 3150 1296 3219 origine,
1338 3163 1714 3217 prosperoque
1744 3162 1835 3203 re-

1944 3163 2213 3217 atldncere
2270 3167 2542 3212 tenentur.
2602 3159 2767 3211 Alteri
2837 3158 3091 3212 dicuntur
3154 3159 3365 3212 Corizzi
3431 3159 3514 3212 vel

250 3266 379 3306 rum
414 3262 704 3313 successu,
739 3260 850 3315 quo
880 3245 983 3299 sibi
1015 3246 1245 3313 suisque
1282 3258 1508 3311 regnum
1544 3242 1825 3297 Persicum

246 3340 489 3411 peperit,
521 3346 577 3393 et
599 3335 997 3399 constabilivit,
1046 3335 1312 3389 hactenus
1365 3334 1453 3389 hic
1503 3337 1827 3403 exponenda

246 3434 537 3489 duximus.
589 3429 725 3484 Nam
779 3429 918 3483 bella
964 3428 1225 3497 deinceps
1253 3442 1376 3481 cum
1410 3426 1740 3493 Osmanidis,
1764 3443 1827 3481 ac

247 3525 463 3581 Sel'nne
515 3521 819 3592 praesertim
873 3526 1047 3589 gesta,
1103 3533 1206 3573 suo
1255 3518 1380 3572 loco
1408 3518 1565 3573 nobis
1590 3518 1832 3573 Annales

246 3618 359 3691 ipsi
390 3616 621 3671 dabunt.
650 3614 733 3667 Ab
753 3611 1071 3668 Osmanidis
1104 3610 1153 3664 ei
1182 3608 1352 3679 Sophi
1374 3618 1829 3678 cognomentum,

246 3723 304 3771 et
333 3713 541 3769 Klselis
599 3713 795 3775 bassae,
855 3724 955 3778 per
1012 3707 1371 3777 ignominiam
1435 3706 1537 3760 fuit
1567 3706 1827 3760 inditum.

247 3808 469 3865 Priorls
519 3804 800 3858 notionem
852 3800 1136 3869 attigimus
1169 3814 1360 3869 supra,
1392 3800 1567 3869 capite
1594 3799 1684 3851 8|.
1711 3798 1829 3851 Non

245 3918 276 3957 a
314 3901 515 3957 Grzeco
542 3896 762 3966 Sophos
797 3890 1092 3948 deductum
1120 3900 1225 3957 est,
1249 3894 1394 3962 quod
1429 3900 1609 3945 tamen
1642 3892 1835 3945 existi-

243 4010 415 4051 mare
441 3991 714 4062 quosdam
740 3987 926 4053 video,
953 3984 1044 4055 qui
1075 4000 1103 4037 a
1134 3986 1423 4039 Persarum
1458 3982 1627 4053 Magis
1656 3996 1707 4038 et
1736 3984 1835 4038 So-

243 4089 381 4160 phis
417 4082 828 4155 antiquissimis
868 4086 1147 4148 sumptum
1180 4092 1376 4131 nomen
1404 4090 1703 4146 usurpasse
1734 4076 1835 4129 So-

240 4182 460 4254 pbinos
498 4164 687 4231 volunt
719 4191 735 4241 ;
789 4174 886 4230 sed
937 4189 967 4226 a
1025 4172 1219 4241 Sophi,
1257 4170 1491 4224 Arabica
1524 4185 1677 4232 voce,
1713 4185 1834 4238 qua:

243 4278 440 4330 lanam
497 4270 789 4339 signiﬁcat.
852 4266 1072 4335 Quippe
1123 4281 1247 4319 cum
1301 4264 1718 4322 Mahumetani,
1777 4271 1834 4315 et

245 4366 568 4438 pmsertim
602 4362 908 4424 Osmanici,
951 4375 1104 4413 more
1140 4359 1338 4420 veteri,
1376 4357 1654 4425 tulipauto
1688 4357 1836 4409 lineo

243 4456 608 4517 subtilissimi
644 4456 829 4523 operis
854 4461 1016 4522 caput
1043 4454 1347 4512 involvam,
1376 4464 1511 4502 nova
1548 4448 1697 4501 istzrc
1731 4447 1838 4500 So-

1936 3253 2249 3318 Coridschi,
2305 3252 2397 3320 qui
2444 3251 2738 3320 stipendiis
2770 3252 3027 3302 militant.
3076 3250 3140 3301 Et
3173 3251 3277 3301 alia
3310 3252 3516 3317 stipen-

1938 3349 2024 3402 dia
2060 3361 2251 3411 reapse
2275 3358 2383 3396 non
2416 3351 2543 3396 sunt
2570 3342 2708 3409 apud
2731 3342 2949 3405 Persas,
2976 3357 3138 3409 quam
3169 3356 3289 3405 qua:
3315 3342 3520 3393 Cra-cis

1938 3437 2246 3507 σιτηρέσια,
2290 3432 2551 3488 Romanis
2592 3448 2823 3487 annona:
2874 3433 3137 3486 militares
3163 3433 3521 3487 ltutltittztbzttt-

1940 3539 2070 3584 tttr:
2110 3544 2197 3583 res
2252 3528 2512 3580 nimirum
2560 3526 2625 3579 ad
2682 3525 2943 3579 alimenta
2990 3526 3360 3594 pertinentes,
3393 3542 3516 3578 cum

1938 3622 2118 3690 equis,
2153 3618 2395 3675 vestibus
2428 3657 2443 3678 .
2477 3619 2685 3681 armis,
2723 3619 2975 3672 tentoriis
3003 3660 3016 3683 ,
3061 3619 3301 3673 CZBiCl‘iS.
3337 3618 3511 3673 Tertii

1940 3722 2197 3769 constant
2254 3728 2283 3766 c
2344 3713 2518 3781 mpiis
2579 3713 2947 3766 auxiliaribus
3007 3711 3513 3767 confoederatornm

1942 3810 2407 3878 littitimartttttqttc
2434 3808 2703 3878 gentium,
2736 3811 3119 3862 Armeniorum
3155 3809 3424 3865 videlicet.
3454 3824 3517 3861 ac

1940 3901 2380 3981 Quorgianorum
2422 3921 2435 3956 :
2476 3902 2566 3968 qui
2607 3901 2925 3969 religionem
2982 3900 3351 3954 Christianam
3393 3915 3519 3969 pio-

1945 3993 2187 4059 litentur,
2224 3992 2275 4046 iu
2306 3988 2499 4045 Persas
2518 3993 2801 4059 propensi,
2840 3990 3037 4044 Turcis
3070 3991 3279 4043 infesti.
3307 3989 3516 4056 Vulgus

1943 4083 2107 4151 igitur
2133 4083 2386 4149 istorum,
2420 4084 2510 4150 qui
2538 4080 2919 4136 Scachoculim
2954 4084 3125 4137 secuti
3157 4082 3372 4149 ducem,
3408 4094 3514 4136 tam

1944 4175 2240 4229 crudeliter
2284 4176 2553 4228 hactenus
2604 4178 2834 4241 grassati
2872 4175 3077 4241 passim
3112 4176 3346 4237 fuerant,
3393 4194 3514 4230 sca-

1942 4270 2081 4319 rhas
2119 4265 2297 4319 ISntail
2329 4281 2425 4318 cett
2454 4266 2728 4332 mancipia
2760 4265 3046 4317 distribuit
3067 4266 3211 4319 inter
3262 4281 3519 4334 proceres

1944 4373 2093 4425 Suos,
2145 4375 2253 4427 quo
2304 4358 2525 4410 nomine
2600 4358 2824 4420 sultani,
2895 4357 3133 4420 Chanes,
3186 4359 3515 4412 Turcomani

1948 4449 2131 4505 Persis
2201 4452 2433 4504 veniunt
2466 4466 2479 4502 :
2533 4452 2713 4520 capite
2756 4467 2887 4505 vero
2915 4452 3311 4506 seditiosorum
3350 4454 3518 4505 truri-

245 4554 622 4625 philarioratm
689 4550 879 4617 religio
942 4546 1193 4615 praecipit
1224 4546 1370 4597 inter
1402 4543 1529 4606 alia,
1564 4556 1632 4595 ne
1671 4548 1833 4610 caput
1872 4555 1914 4609 ι)
1945 4543 2124 4597 danda
2202 4544 2470 4607 Corizzis,
2526 4546 2629 4598 hoc
2683 4552 2791 4605 cst.
2846 4545 3219 4613 stipendiariis
3253 4545 3519 4597 militibus

244 4648 406 4703 fastu
444 4644 682 4714 quodam
716 4642 875 4694 lineis
905 4638 1177 4707 ejusmodi
1242 4636 1413 4705 spiris
1456 4645 1704 4701 orm-tur,
1738 4635 1835 4688 sed

246 4748 310 4793 ut
364 4744 680 4807 tegumenta
738 4732 983 4800 capitum
1016 4744 1046 4781 e
1075 4729 1221 4790 lana,
1250 4742 1355 4780 nott
1391 4734 1585 4795 Magna
1626 4743 1683 4779 re
1720 4742 1843 4794 pre-

244 4829 339 4891 tii,
380 4825 769 4881 conficiantur.
807 4823 878 4877 Et
906 4820 1035 4890 quia
1068 4821 1285 4873 Ιςιημωη
1318 4819 1422 4872 hoc
1461 4827 1837 4887 tegumentum

244 4920 478 4990 capitis,
515 4931 623 4980 quo
657 4924 855 4985 prieter
886 4915 1120 4966 altorum
1179 4909 1688 4964 Mahumetanormn
1728 4925 1839 4962 mo-

246 5028 373 5067 rem
409 5010 465 5062 hi
508 5024 653 5061 ttunc
694 5016 929 5061 utuntur
962 5047 974 5070 ,
1012 5006 1184 5075 pliras
1231 5006 1393 5056 habet
1434 5004 1747 5067 duodecim,
1785 5012 1839 5057 et

247 5106 500 5158 Arabica
542 5118 638 5153 vox
704 5100 968 5163 Ettasser,
997 5100 1284 5151 duodecim
1319 5097 1591 5164 Stgnilicat
1627 5099 1835 5161 ;etiatu

247 5196 411 5250 aliud
446 5210 647 5248 nomen
699 5190 1211 5246 Enasset-lariorum
1257 5191 1534 5243 consecuti
1592 5199 1742 5255 sunt,
1775 5206 1838 5245 ac

247 5291 297 5343 si
333 5289 533 5344 Graeco
571 5286 841 5339 vorabulo
873 5285 1024 5338 dicas
1059 5280 1530 5351 Dodccaptychos,
1565 5295 1659 5335 aut
1694 5282 1839 5338 Lati-

251 5400 326 5437 no
384 5379 884 5446 Duodecimplices.
934 5376 1072 5430 Cum
1126 5375 1371 5443 denique
1429 5383 1646 5443 tegmen
1690 5376 1837 5444 ejus-

250 5476 404 5529 modi
478 5472 646 5525 rubro
701 5475 969 5523 duntaxat
1023 5468 1206 5521 colore
1241 5469 1468 5520 lini-tum
1501 5479 1711 5538 gestare
1748 5482 1835 5522 so-

252 5567 431 5627 leant,
467 5562 900 5615 Kiselbassilarii
926 5576 1145 5628 quoque
1181 5560 1311 5613 dicti
1347 5571 1468 5614 sunt
1501 5601 1514 5623 .
1550 5561 1713 5614 veluti
1746 5578 1837 5614 ca-

254 5659 369 5727 pita
408 5657 598 5709 rubra.
637 5654 893 5707 Solebant
932 5662 1109 5706 autem
1150 5664 1274 5704 ante
1311 5653 1424 5705 haec
1469 5652 1649 5705 \ocari
1702 5663 1836 5705 tctu-

252 5764 390 5819 pora
432 5747 611 5801 Persa:
640 5746 837 5799 Turcis
869 5745 1101 5798 Aiemini
1152 5745 1233 5796 vel
1278 5743 1520 5797 Aternini
1558 5743 1719 5814 472
1763 5744 1832 5795 si-

252 5853 350 5897 cut
390 5849 441 5894 et
468 5840 584 5911 ipsa
616 5840 763 5910 regio
793 5839 1087 5894 Pctsuum
1133 5836 1326 5893 iisdem
1364 5847 1445 5892 cst
1477 5838 1650 5901 .ticm,
1682 5839 1825 5907 quod

1947 4639 2084 4700 suis,
2112 4638 2335 4702 obiecit.
2369 4638 2485 4693 Hoc
2515 4638 2891 4699 memorabile,
2917 4638 3061 4706 quod
3097 4638 3234 4706 apud
3269 4638 3517 4705 Spandu.

1944 4731 2131 4798 ginum
2174 4729 2392 4797 legitur,
2432 4739 2719 4785 auctorem
2755 4740 2863 4785 tam
2899 4730 3057 4783 foedae
3091 4731 3389 4797 ινιιςωιιίίρ,
3425 4731 3515 4798 qui

1944 4834 2003 4872 sc
2050 4817 2462 4883 Srachoculim,
2511 4819 2665 4873 velut
2691 4820 2872 4874 scaclti
2908 4818 3241 4887 mancipium
3276 4819 3517 4887 appella-

1945 4920 2117 4970 verat,
2175 4912 2243 4963 ah
2300 4912 2424 4964 aliis
2473 4926 2604 4965 vero
2657 4913 2972 4967 nominatus
3020 4913 3089 4966 ob
3122 4912 3516 4963 immanitatem

1946 5004 2125 5057 fuerat
2186 5002 2370 5057 Scitatt
2430 5004 2546 5057 Cttli
2573 5047 2585 5067 ,
2621 5004 2737 5059 sive
2770 5003 2989 5060 Satanze
3023 5006 3375 5072 mancipium,
3406 5006 3516 5055 latt-

1942 5096 2111 5149 dabili
2144 5097 2454 5150 soveritatis
2496 5098 2755 5165 exemplo
2786 5101 2991 5161 vivum,
3023 5099 3090 5149 de
3126 5100 3397 5149 sClllt'lllla
3434 5112 3516 5145 rt:-

1942 5192 2026 5259 gis
2078 5190 2339 5255 lsmailis,
2398 5189 2451 5243 in
2525 5190 2773 5246 flammas
2828 5195 3137 5259 conjectum
3175 5201 3225 5242 et
3263 5196 3513 5241 exustum

1944 5284 2137 5339 fuisse.

1944 5419 2061 5473 190.
2092 5419 2266 5472 Motus
2289 5418 2501 5473 Selimis
2524 5422 2775 5474 adversus
2810 5430 3008 5486 patrem
3048 5420 3343 5487 Blrjazitem
3389 5422 3513 5473 Prc-

2010 5493 2147 5557 copit'
2200 5488 2407 5552 Τρίτῃ-ἰ,
2449 5489 2595 5544 Citati
2630 5491 2995 5556 Prccopiorum
3036 5491 3268 5543 Pultutt'a'
3302 5508 3387 5556 req
3430 5508 3513 5542 nm

2010 5561 2195 5681 gmbit,
2260 5559 2515 5631 Beligred
2576 5561 2643 5613 ad
2700 5577 2909 5613 amnem
2966 5558 3267 5624 Nesterem,
3301 5564 3512 5631 chumt

2044 5648 2184 5681 assa.

2044 5648 2184 5685 assa.

2012 5743 2334 5813 Dejecturtts
2395 5744 2621 5811 imperio
2682 5752 2885 5810 patrem
2940 5743 2975 5798 S
3015 5746 3190 5806 limrs,
3224 5761 3329 5797 non
3382 5745 3511 5797 'i'ta-

1938 5847 2167 5907 pczunte
2206 5854 2301 5907 pi-r
2356 5840 2537 5892 Asiam
2591 5839 2850 5893 lliil’Ol'Clll
2898 5840 3169 5909 profectus
3203 5839 3334 5902 fut,
3367 5838 3509 5905 qunti

1912 5990 1935 6011 \
