4048 6208
569 276 677 341 863

1770 279 2096 342 JOANNIS
2134 277 2607 342 LEUNCLAVII

3678 278 3765 347 861

574 398 821 451 futurum
880 395 1108 461 videret,
1148 403 1209 450 ut
1240 411 1270 450 a
1310 395 1599 460 fratribus,
1632 396 1902 452 Achmete
1938 397 2146 453 Coreu-
2172 398 2219 457 Δ
2248 395 2424 451 diare.
2461 397 2666 452 Contra
2710 391 3061 450 Christianos
3118 404 3362 462 pugnare
3415 390 3542 445 vis?
3582 389 3649 446 Do
3686 394 3766 447 tibi

574 498 759 558 teque,
789 490 889 544 hoc
920 492 972 543 in
1002 489 1197 542 itinere
1227 488 1589 558 impediretur
1614 506 1630 555 ;
1657 488 1752 543 sed
1787 488 1959 544 Calen
1982 528 1999 555 ,
2025 504 2148 557 qua:

574 582 782 635 nostris
824 589 912 635 est
962 579 1189 650 Capha,
1220 596 1318 635 ceu
1359 581 1563 634 dictum
1606 581 1785 650 capite
1816 579 1956 643 MS,
1999 587 2150 633 trans

574 688 723 726 mare
762 670 985 739 Nigrum
1049 674 1363 741 navigavit;
1405 687 1512 741 quo
1569 672 1693 726 loco
1750 682 1879 725 tunc
1932 669 2151 725 “eche-

578 764 735 818 metis
784 762 1111 819 Tatarorum
1149 765 1354 819 Chattis
1383 764 1547 818 filiam
1581 779 1690 819 non
1718 764 1873 819 duxit
1898 778 2148 828 uxorem,

578 854 656 906 uti
678 851 966 908 Geufrteus
989 854 1234 922 scripsit,
1260 870 1382 910 cum
1408 871 1473 909 ex
1501 871 1567 909 ea
1587 854 1755 908 lilium
1780 853 2149 909 Suleimanem

580 948 685 1000 hoc
734 945 855 1014 ipso
912 955 1157 1015 tempore
1199 948 1578 1002 novemderim
1612 948 1735 1018 plus
1766 946 1950 1002 minus
1978 960 2153 1002 annos

579 1045 791 1099 natum,
840 1036 1116 1102 haberet;
1158 1038 1252 1093 sed
1311 1039 1605 1093 auxiliares
1659 1054 1690 1092 a
1739 1054 1933 1095 socero
1964 1038 2152 1108 copias

581 1127 921 1196 impetravit,
975 1127 1177 1197 quibus
1232 1128 1535 1185 Mecbemet
1588 1129 1759 1183 Tatar
1791 1129 1966 1192 Cban.
1998 1139 2153 1199 pater

581 1219 751 1273 ﬁlium
811 1218 1081 1287 prtefccit,
1127 1221 1452 1290 Chanoglim
1488 1222 1556 1275 ab
1595 1223 1876 1277 historicis
1917 1220 2153 1292 appella-

582 1322 718 1375 tum,
771 1312 877 1365 hoc
928 1320 1010 1366 est
1052 1312 1259 1368 Chanis
1304 1315 1424 1369 sive
1455 1315 1602 1382 regis
1625 1314 1813 1369 Tatari
1844 1316 2041 1369 lilium.
2083 1313 2150 1369 Hi

584 1418 715 1456 vt‘ro
747 1404 931 1457 Tatari
967 1406 1232 1473 peculiari
1288 1407 1653 1476 appellatione
1701 1406 1950 1477 Procopii
1980 1407 2155 1462 nomi-

585 1505 811 1560 nantur,
838 1513 865 1549 a
893 1514 1026 1552 voce
1055 1497 1288 1568 Precop,
1315 1500 1660 1567 signiﬁcante
1693 1500 1920 1555 fossam.
1942 1501 2154 1570 Quippe

587 1589 773 1642 ductis
821 1588 873 1642 in
935 1588 1145 1643 Isthmo
1172 1605 1198 1639 a
1237 1590 1372 1642 mari
1408 1589 1475 1643 ad
1503 1605 1653 1644 mare
1692 1590 1881 1651 fossis,
1910 1606 1939 1644 a
1977 1592 2153 1645 conti-

587 1680 739 1733 nenti
773 1677 1064 1732 Tauricam
1091 1679 1496 1734 Chersonesum
1534 1681 1680 1735 velut
1706 1679 2030 1735 abscindere
2053 1694 2148 1734 co-

2258 489 2493 542 vicinam
2546 487 2779 560 Ungaris
2830 483 3230 540 Sememlriam.
3290 481 3392 537 ﬂic
3442 481 3769 548 Rhodus,hic

2257 579 2423 635 salta.
2471 578 2684 633 Dictum
2716 591 2847 631 vero
2883 576 3137 646 superius
3164 575 3229 629 de
3262 573 3599 636 Semendria,
3628 576 3770 641 capite

2258 669 2618 739 nonagesimo
2638 682 2805 723 nono.
2832 665 3082 721 Perrexit
3113 664 3235 719 inde
3268 662 3530 733 Zagoram
3558 660 3769 727 Sotiates,

2257 778 2421 832 quam
2478 762 2662 833 capite
2711 761 2990 816 tricesimo
3020 760 3179 815 tertio
3210 759 3447 813 diximus
3480 758 3771 826 sexagesimo

2257 858 2325 910 ab
2382 854 2777 924 Hadrianopoli
2809 853 3015 907 distare
3043 851 3302 906 milliario
3332 848 3536 904 Graeco.
3563 848 3650 901 ἰῆς
3674 862 3771 901 eunt

2259 949 2622 1019 Malcosoglis
2645 988 2660 1012 ,
2695 956 2754 1003 et
2796 948 2884 1002 alii
2914 946 3135 1017 quidam
3167 943 3442 1007 adierunt,
3471 941 3672 996 excitati
3703 957 3775 993 ru-

2261 1060 2415 1099 more
2446 1059 2545 1115 per
2574 1044 2755 1113 ipsum
2782 1055 2976 1112 sparso
2998 1082 3013 1107 ,
3048 1039 3115 1094 de
3147 1038 3290 1094 bello
3318 1035 3631 1093 Christianis
3661 1033 3775 1087 infe~

2259 1138 2456 1197 rendo,
2481 1149 2749 1203 suamque
2767 1133 2963 1187 Selimi
2979 1145 3201 1203 operam
3236 1128 3567 1184 obtulerunt.
3598 1124 3645 1180 is
3670 1140 3775 1179 vero

2261 1234 2502 1282 secretas
2561 1232 2623 1278 ttt
2670 1222 2845 1277 animi
2901 1222 2984 1276 sui
3041 1220 3409 1289 cogitationes
3462 1215 3781 1271 uoaniltileis

2261 1319 2522 1387 aperiret,
2556 1324 2714 1386 grata
2737 1315 2839 1370 sibi
2864 1312 3151 1383 respondit
3181 1312 3431 1381 ipsorum
3456 1323 3574 1365 esse
3612 1307 3779 1361 studia.

2262 1409 2548 1480 Siquidem
2577 1409 2643 1463 ad
2671 1407 2962 1477 imperium
2991 1403 3358 1475 pervenisset,
3382 1416 3490 1455 non
3514 1400 3660 1454 modo
3676 1399 3783 1452 lines

2259 1499 2533 1555 Osmanici
2570 1497 2718 1568 regni
2776 1492 3168 1567 prolataturum
3193 1531 3210 1556 ,
3250 1506 3439 1547 verum
3482 1491 3618 1560 ipsos
3655 1490 3784 1543 etiam

2260 1594 2546 1649 universos
2580 1589 2829 1645 maximis
2846 1589 3131 1642 beaturum
3160 1575 3513 1655 dignitatibus
3540 1593 3588 1635 et
3609 1576 3786 1651 opibus.

2264 1685 2381 1739 Hac
2423 1683 2639 1738 vafritie
2694 1680 2799 1737 sibi
2866 1681 3082 1735 animos
3119 1692 3312 1731 eorum
3351 1674 3683 1739 conciliabat,
3713 1673 3787 1741 qui

587 1771 701 1824 nati
726 1779 877 1825 sunt.
911 1768 1021 1836 Qui
1055 1786 1202 1823 nunc
1230 1770 1766 1840 Precopiisimperat
1786 1772 1962 1836 Citan,
1988 1785 2162 1840 nuper
2199 1755 2237 1807 Β
2268 1775 2568 1845 caeteroqui
2622 1788 2776 1827 more
2834 1772 3122 1826 hominum
3154 1768 3382 1823 mallent
3412 1766 3662 1822 orientem
3688 1765 3793 1819 ado-

592 1862 661 1917 ad
699 1863 933 1917 Comitia
980 1863 1368 1917 Polonicorum
1423 1862 1705 1926 ordinum,
1767 1862 2008 1917 creando
2038 1877 2164 1932 rege

591 1962 714 2023 post
751 1954 960 2007 obitum
993 1953 1255 2024 Stephani
1309 1954 1454 2023 regis
1517 1954 1722 2010 indicta
1748 1994 1766 2021 ,
1794 1969 1923 2008 suos
1954 1965 2008 2009 et
2036 1954 2154 2023 ipse

593 2045 801 2113 legatos
854 2044 1018 2107 misit,
1072 2045 1163 2114 qui
1219 2058 1442 2113 regnum
1476 2058 1576 2099 suo
1626 2046 1848 2098 nomine
1876 2043 2163 2098 ambirent.

599 2134 695 2189 liis
732 2136 785 2189 in
822 2135 1095 2190 mandatis
1155 2135 1376 2190 dederat
1406 2176 1421 2198 .
1471 2137 1705 2205 primum
1759 2137 1835 2190 uti
1869 2136 2165 2205 potentiam

600 2244 754 2282 suam
797 2228 1014 2282 Polonis
1056 2228 1409 2283 ostenderent
1437 2268 1453 2295 ,
1495 2229 1589 2299 qui
1642 2228 1915 2298 myriades
1957 2230 2169 2299 aliquot

600 2320 847 2387 equitum
897 2319 1013 2373 suis
1060 2327 1115 2374 et
1165 2319 1327 2373 terris
1374 2329 1578 2389 posset
1599 2319 1665 2373 ad
1696 2319 1944 2373 Polonia:
1977 2317 2169 2373 defert.

603 2411 816 2463 sionem
882 2409 1138 2465 educere.
1181 2409 1386 2469 Deinde
1421 2410 1650 2479 proponi
1676 2409 1865 2480 jussit,
1896 2407 2165 2478 frugalem

593 2501 889 2557 habituros
923 2517 1129 2570 regem,
1160 2504 1256 2569 qui
1291 2503 1492 2571 spretis
1518 2501 1646 2556 aliis
1679 2501 2017 2571 sumptuosis
2037 2515 2172 2571 epu-

604 2594 695 2659 lis,
732 2592 799 2647 ad
860 2610 919 2648 se
942 2593 1177 2649 dandam
1210 2594 1409 2649 famem
1440 2595 1712 2649 duntaxat
1740 2593 1998 2664 equinam
2026 2593 2170 2662 aequi

606 2685 849 2754 bonique
908 2686 1089 2741 iaciat.
1146 2686 1303 2752 Quod
1346 2687 1584 2755 denique
1620 2686 1938 2756 religionem
1974 2686 2173 2741 attine-

607 2783 729 2840 ret;
762 2774 1014 2856 Pontife}
1044 2776 1268 2846 (inquit)
1293 2785 1444 2841 tuus,
1468 2775 1720 2833 Pontifex
1745 2791 1931 2843 meus;
1967 2776 2173 2832 [.uthc-

609 2882 705 2921 rus
739 2876 890 2929 tuus,
915 2867 1193 2921 Lutherus
1228 2883 1380 2922 meus
1411 2876 1553 2923 esto.
1581 2867 1713 2933 Quae
1744 2868 1943 2937 legatio
1973 2882 2174 2938 magno

608 2975 734 3013 cum
777 2958 890 3012 risu
926 2958 1027 3013 fttit
1051 2968 1304 3028 excepta.
1342 2956 1448 3014 Sed
1482 2959 1547 3012 ad
1587 2956 1845 3013 Selitnem
1886 2967 1945 3015 ut
1983 2960 2175 3016 redea-

2268 1883 2392 1923 rare
2421 1867 2616 1934 solem,
2650 1879 2813 1935 quam
2847 1863 3213 1918 occidentem.

2341 1980 2466 2036 192.
2487 1978 2597 2035 Cur
2630 1976 2896 2047 Bajazim
2918 1970 3439 2039 Constantinopolim
3466 1966 3745 2039 properarit.

2338 2073 2500 2128 Putat
2554 2086 2617 2126 ea
2676 2072 2745 2125 de
2817 2083 2980 2124 causa
3052 2066 3445 2136 Spandugiuus
3505 2058 3793 2129 Bajaziteut.

2270 2164 2552 2218 intellecto
2622 2159 2843 2216 Selimis
2874 2158 3129 2224 adventu,
3175 2151 3564 2222 Hadri’anopoii
3616 2148 3792 2207 relicta.

2269 2252 2797 2322 Constantinopolim
2844 2263 3172 2320 properasse
3206 2289 3222 2314 ,
3260 2263 3331 2301 ne
3392 2244 3526 2299 filius
3571 2237 3797 2311 perceptis

2271 2348 2433 2418 regiis
2468 2344 2765 2409 thesauris,
2812 2357 2953 2413 quos
2986 2342 3163 2410 capite
3217 2338 3323 2395 159
3372 2328 3795 2399 Constantinopoli

2272 2439 2537 2496 custodiri
2571 2438 2809 2494 diximus
2844 2436 2899 2491 in
2927 2449 3054 2490 arce
3080 2432 3330 2489 Jedicula
3356 2430 3435 2487 vel
3462 2424 3795 2499 HeptapyrgiO.

2273 2532 2457 2588 nervis
2489 2530 2702 2585 scilicet
2732 2527 2862 2583 belli
2898 2528 3375 2598 gerendarumque
3422 2534 3590 2577 rerum
3629 2515 3798 2587 potitus

2274 2637 2446 2692 regno
2474 2634 2680 2692 patrem
2720 2626 2965 2675 exueret.
2997 2617 3075 2671 Ad
3126 2617 3271 2670 hanc
3300 2626 3512 2669 causam
3558 2604 3737 2664 accedit
3756 2608 3798 2657 et

2275 2716 2393 2780 illa,
2450 2715 2594 2782 quod
2646 2711 2847 2767 amissa
2911 2708 3126 2778 imperii
3182 2708 3334 2773 sede,
3396 2706 3470 2760 de
3510 2702 3619 2759 suis
3665 2697 3799 2753 rebus

2275 2817 2457 2862 actum
2498 2804 2771 2876 Bajazites
2802 2817 2929 2858 esse
2961 2801 3203 2857 videbat.

2280 2922 2382 2977 195
2451 2918 2621 2973 Locus
2677 2916 2768 2971 ubi

2819 2916 3003 2987 prwlio
3037 2928 3362 2987 congressas
3406 2918 3631 2987 cuneum
3652 2910 3808 2987 “patre

2348 2990 2564 3046 Selimes
2593 3026 2607 3049 .
2649 2973 2831 3049 Zorli:
2870 2986 3105 3041 Saranta
3136 2973 3439 3050 'Ecclisies,
3491 2977 3612 3033 Kirc
3647 2973 3798 3032 Olim.

615 3067 760 3118 mus,
784 3052 829 3108 is
878 3051 1062 3121 Capha
1120 3050 1430 3115 discedens,
1483 3049 1683 3105 Chilim
1743 3050 1898 3118 adiit,
1940 3052 2009 3107 de
2066 3065 2173 3122 qua
2203 3089 2259 3148 cf
2348 3057 2895 3129 Carabulgc,selimis
2932 3072 3115 3127 equum

614 3144 819 3197 dictuut
868 3143 1045 3212 capite
1105 3142 1207 3197 159
1236 3159 1250 3207 ς
1309 3142 1438 3198 hinc
1473 3142 1817 3215 Beligradum
1848 3146 2022 3202 venit.
2051 3143 2178 3200 Haec

615 3252 748 3292 vero
800 3253 907 3293 non
959 3245 1042 3292 est
1087 3236 1361 3306 Ungarica
1386 3234 1613 3291 Nandor
1652 3237 1797 3305 alba,
1825 3237 1912 3293 vel
1942 3237 2181 3309 Beligra-

615 3328 771 3395 dum,
807 3342 927 3397 quas
977 3328 1212 3382 necdum
1247 3327 1348 3379 hoc
1384 3335 1631 3395 tempore
1662 3325 1972 3383 Turcorum
1999 3330 2053 3382 in
2086 3342 2181 3398 po-

616 3427 871 3474 testatem
907 3427 1169 3486 venerat,
1195 3418 1263 3473 ab
1315 3416 1629 3473 Soleitttane
1678 3418 1941 3487 primum,
1960 3417 2181 3474 Selimis

616 3513 749 3577 filio,
791 3525 985 3565 novem
1046 3510 1309 3567 decemve
1369 3518 1495 3581 post
1551 3510 1711 3563 annis
1755 3518 2052 3579 occupata;
2086 3509 2181 3565 sed

617 3602 710 3657 illa
761 3599 1107 3666 Nesterallta,
1158 3617 1323 3670 quam
1386 3600 1631 3657 Nesteris
1676 3600 1743 3655 ad
1784 3601 1960 3656 amnis
1982 3603 2181 3657 ostium

619 3695 783 3748 sitam
816 3693 1118 3749 Goreccius
1161 3692 1423 3748 Polonlce
1451 3690 1741 3763 Bialogrod
1773 3692 2047 3761 indigitat,
2103 3691 2183 3746 uti

624 3789 895 3857 prolixius
946 3787 1258 3858 expositum
1314 3786 1555 3841 indicato
1598 3787 1779 3856 capite
1805 3784 1942 3840 159.
1970 3784 2185 3854 Seguau

622 3882 786 3937 bassa
824 3879 1018 3935 Turcis
1064 3888 1149 3935 est
1212 3877 1504 3949 praefectus
1546 3878 1924 3947 iumentorum
1973 3892 2188 3947 sagma-

624 3975 892 4029 tariorum
928 3975 981 4028 in
1012 3973 1259 4028 exercitu
1295 3973 1600 4039 maximus,
1629 3987 1867 4043 quorum
1895 3972 2189 4044 aliquoties

624 4064 766 4120 facta
793 4066 905 4135 jam
941 4067 1168 4121 mentio.
2193 4075 2230 4087 ”

632 4181 754 4236 191.
786 4180 895 4236 Cur
928 4178 1250 4251 Semendrite
1304 4179 1683 4251 Saugiaratum
1715 4179 1905 4237 Selimi
1941 4180 2055 4250 filio
2082 4178 2193 4234 Ba-

1174 4250 1373 4319 jazites
1406 4250 1670 4307 obtulerit.

693 4342 896 4408 Causa,
929 4359 1027 4399 cur
1053 4353 1206 4413 pater
1239 4342 1575 4398 Semcndrite
1603 4340 1980 4409 sangiacatum
2030 4338 2191 4411 573

624 4437 961 4494 concesserit
996 4437 1128 4505 lilio,
1187 4452 1295 4491 non
1350 4445 1435 4492 est
1480 4436 1536 4490 in
1572 4436 1877 4490 Annalibus
1913 4449 2194 4504 expressa.
2229 4430 2271 4484 D
2302 4444 2523 4501 amcam
2592 4441 2919 4512 beglerbego
3000 4438 3231 4495 subditi.

632 4529 900 4584 Nimirum
939 4529 1202 4603 impedire
1251 4529 1507 4584 Selimem
1541 4527 1789 4588 volebat.
1818 4542 1882 4582 ne
1909 4527 2198 4598 progrede-

626 4628 775 4675 retur
806 4621 1060 4681 ulterius,
1093 4629 1149 4673 et
1184 4621 1252 4675 ad
1279 4618 1495 4674 Portam
1530 4618 1779 4694 veniens,
1809 4619 2193 4689 genizarorum

627 4711 841 4767 animos
877 4711 1207 4766 fluctuantes
1260 4718 1314 4765 et
1363 4710 1575 4766 alienos
1603 4724 1633 4763 a
1661 4720 1835 4779 patre,
1880 4725 2004 4764 mox
2031 4708 2097 4764 ad
2134 4723 2197 4765 se

632 4802 976 4858 transferret.
1021 4802 1168 4859 Usus
1195 4803 1340 4858 enim
1373 4804 1555 4859 fuerat
1594 4810 1776 4859 astute
1819 4810 2037 4872 captato
2060 4816 2196 4872 prae-

630 4905 784 4950 textu
843 4894 990 4951 filius
1048 4896 1113 4949 ad
1166 4896 1504 4967 pailiandttm
1555 4896 1659 4950 hoc
1707 4894 1809 4949 iter
1839 4894 2195 4963 suum,an

630 4982 760 5037 hinc
810 4982 937 5037 inde
963 4982 1296 5053 publicarat.
1332 4984 1482 5038 adire
1517 4999 1575 5039 se
1608 4992 1840 5054 patrent,
1870 4984 1988 5053 ejus
2026 4983 2197 5037 hono-

629 5073 785 5128 randi
842 5087 1031 5140 causa,
1075 5073 1223 5143 quod
1265 5071 1433 5128 Turci
1469 5089 1689 5143 quoque
1721 5083 1918 5129 vocant
1956 5071 2198 5128 osculari

634 5182 907 5232 manum;
973 5169 1207 5240 indeque
1273 5185 1399 5225 ntox
1476 5184 1627 5223 arma
1685 5183 2082 5224 conversurum
2143 5168 2197 5223 iu

628 5255 1001 5323 Christianos,
1047 5258 1346 5328 praesertim
1388 5259 1662 5329 Ungaros.
1723 5256 1777 5311 Id
1828 5272 1958 5310 vero
1991 5256 2199 5327 plausi-

632 5347 741 5401 bile
787 5347 1030 5402 futurum
1078 5358 1197 5404 erat
1233 5350 1372 5421 apud
1410 5352 1720 5419 gettizaros,
1756 5358 1812 5403 et
1845 5350 1981 5403 alios
2016 5348 2195 5404 Porta:

636 5438 861 5504 milites,
895 5440 989 5509 qui
1022 5455 1146 5495 mox
1184 5441 1396 5507 Selimi,
1427 5457 1523 5497 ceu
1556 5442 1887 5511 propagandi
1928 5442 2076 5510 regni
2104 5458 2198 5495 cu-

637 5528 785 5597 pido,
839 5544 899 5585 se
929 5538 1075 5585 totos
1108 5533 1248 5586 haud
1276 5533 1441 5589 dubie
1470 5532 1650 5587 daturi
1680 5541 1861 5587 erant.
1890 5533 2077 5602 itaque
2100 5532 2201 5588 Se-

641 5619 945 5674 mendriam
980 5621 1032 5676 ei
1068 5630 1221 5690 pater
1246 5622 1427 5689 oii'ert,
1460 5622 1691 5695 Uttgaris
1717 5624 2044 5695 proximam,
2071 5640 2207 5693 qua-

644 5708 691 5764 si
732 5708 779 5763 si
809 5708 1017 5768 diceret
1052 5730 1065 5776 ;
1098 5710 1214 5770 Non
1270 5725 1354 5771 est
1382 5754 1399 5781 ,
1439 5715 1585 5787 quod
1625 5716 1694 5772 ad
1730 5725 1943 5787 portam
1975 5731 2200 5787 progre-

2349 3153 2589 3210 Narrant
2646 3152 2887 3208 Annales
2937 3160 2992 3205 et
3042 3149 3158 3213 alii,
3212 3164 3327 3203 non
3372 3144 3551 3217 procul
3595 3154 3623 3195 a
3668 3134 3805 3192 Zorio

2282 3245 2633 3302 concurrisse
2681 3243 2876 3314 patris,
2936 3243 3031 3313 qui
3087 3241 3327 3312 podagra
3394 3237 3633 3293 laborans
3668 3238 3805 3284 curm

2283 3339 2606 3404 vehebatur,
2654 3344 2709 3391 et
2745 3335 2841 3390 lilii
2881 3335 3092 3405 copias.
3143 3332 3295 3387 Zorli
3348 3345 3475 3385 vero
3522 3322 3696 3381 Turcis
3736 3323 3805 3372 est

2283 3430 2543 3500 oppidum
2598 3435 2757 3482 vetus
2795 3422 3093 3480 Tsuroiloe'
3138 3423 3223 3478 vel
3263 3420 3553 3484 Tauruius,
3607 3414 3670 3470 de
3716 3420 3802 3500 quo

2286 3499 2488 3579 dictum
2546 3537 2669 3591 cap.
2732 3517 2825 3573 26.
2879 3517 3069 3573 Jovius
3121 3517 3219 3581 ait,
3250 3517 3322 3571 ab
3365 3515 3468 3568 hac
3514 3499 3803 3566 memorabili

2287 3630 2465 3687 pugna
2497 3628 2693 3684 pagum
2722 3611 2893 3676 hunc,
2934 3610 3091 3679 prius
3125 3609 3424 3663 obscurum
3451 3612 3503 3659 et
3531 3595 3801 3693 ignobilem.

2289 3682 2387 3781 lld'
2419 3682 2590 3780 supra
2652 3706 2797 3761 dicto
2861 3702 3042 3772 capite
3090 3696 3473 3765 refutavimus)
3504 3703 3691 3781 nomen
3722 3682 3797 3735 ali-

2288 3777 2455 3872 quod,
2492 3777 2563 3855 vet
2611 3797 2956 3868 splendorem
3020 3793 3200 3848 fuisse
3245 3794 3610 3847 consecutum.
3663 3777 3799 3844 Span-

2288 3895 2524 3965 duginus
2579 3890 2752 3955 addit,
2791 3887 3042 3944 eumdem
3092 3885 3274 3939 locum
3349 3880 3609 3952 pertinere
3646 3873 3798 3926 versui

2290 3983 2655 4055 Quadraginta
2718 3980 3003 4037 ecclesias.
3078 3977 3134 4031 id
3189 3977 3354 4031 etiam
3430 3969 3665 4042 Oppidum
3733 3967 3797 4055 ett

2290 4048 2577 4139 Thraciae,
2624 4087 2773 4129 nunc
2823 4070 3027 4126 Gracia
3090 4069 3327 4123 Saranta
3377 4062 3611 4121 ecclisies
3653 4048 3797 4125 appel-

2291 4173 2461 4228 latum
2492 4167 2680 4239 (prisci
2735 4164 3145 4234 τεσσαράκοντα
3198 4158 3489 4230 ἐκκλησίας
3537 4139 3804 4209 dixissent).

2291 4262 2418 4317 Kirc
2448 4260 2623 4316 Clisse
2666 4256 2887 4320 Turcis,
2941 4255 3131 4310 eodem
3180 4251 3524 4323 significato:
3579 4239 3660 4297 ubi
3702 4247 3800 4291 tan-

2296 4351 2436 4423 giaci
2484 4347 2844 4405 Kirccliensis
2877 4347 3038 4402 hodie
3090 4345 3251 4400 sedes
3299 4351 3405 4411 est,
3435 4335 3670 4395 Rumeliz
3706 4326 3804 4423 sive

3321 4434 3541 4491 Selimes
3590 4420 3803 4500 ,ἀωίφκ

2302 4538 2489 4609 ρι-ωιίο
2535 4508 2733 4599 victus,
2768 4508 2894 4604 equi
2941 4530 3206 4588 beneficio
3236 4529 3417 4585 salvus
3452 4520 3612 4581 evasit
3640 4534 3653 4572 :
3678 4508 3803 4609 cui-ut:

2302 4600 2347 4686 si
2399 4644 2598 4685 nomen
2648 4600 3002 4684 etiam—scire
3047 4623 3237 4687 refert.
3285 4629 3348 4678 ut
3391 4620 3532 4674 illius
3562 4600 3806 4705 Alexandri

2302 4720 2623 4791 Bucephali,
2656 4717 2955 4774 notandum
2999 4732 3030 4771 e
3084 4712 3413 4784 Busbequio,
3437 4708 3627 4764 dictum
3668 4697 3807 4751 illis“

2301 4813 2629 4885 Carabulyc,
2669 4827 2803 4868 voce
2832 4812 3032 4866 nubem
3059 4810 3266 4880 nigram
3290 4803 3634 4877 significante.

2299 4908 2423 4964 191.
2468 4906 2686 4962 Selium
2741 4906 2908 4960 victus
2962 4903 3123 4972 Calen
3168 4901 3400 4971 aufugit,
3452 4893 3612 4959 υἱάσι
3655 4892 3805 4954 1³⁸9⁸⁸*

2836 4973 2888 5027 Ν
2893 4974 3125 5028 iscltauzt'
3155 4973 3331 5026 bassa.

2370 5066 2498 5136 Pagi
2528 5064 2716 5136 Migdte
2746 5078 2946 5119 nomen
2969 5063 3195 5118 annales
3226 5062 3326 5117 soli
3360 5057 3605 5115 referunt,
3636 5048 3805 5143 catt-ms

2300 5158 2365 5213 ad
2398 5133 2623 5228 Nigrum
2673 5172 2821 5211 mare
2852 5156 3108 5211 Selimem
3140 5152 3445 5224 profugisse
3487 5133 3803 5225 narrantibus.

2299 5249 2491 5319 Μίδεω
2521 5265 2651 5305 vero
2683 5249 2821 5305 situs
2850 5265 2917 5302 ex
2950 5263 3015 5303 eo
3049 5246 3353 5317 colligitur,
3384 5238 3500 5311 pagi
3528 5228 3806 5319 caeterodmfi

2295 5316 2489 5410 ignoti,
2526 5350 2580 5397 et
2607 5356 2876 5411 nusquam
2914 5341 3135 5409 proditi,
3167 5316 3309 5408 quod
3341 5323 3708 5403 Spandugiuus,
3747 5316 3807 5361 ³η

2299 5432 2555 5488 Selimem
2618 5449 2714 5503 per
2777 5431 3066 5486 Thraciam
3145 5427 3398 5499 fugiendo
3441 5419 3653 5472 Varuam
3708 5413 3808 5451 vrr-

2304 5540 2421 5591 sus,
2477 5524 2744 5580 Euxinum
2812 5526 3054 5595 p-~tiisse.
3113 5523 3447 5591 Quapropter
3508 5510 3660 5572 Μὶιιεθ
3717 5504 3803 5545 "ﬁ"

2307 5620 2497 5690 procul
2533 5620 2710 5674 aberit
2752 5635 2780 5672 a
2829 5620 3030 5681 Varua.
3084 5618 3151 5672 dc
3199 5631 3300 5685 ιιυλ
3357 5604 3586 5678 imperius
3617 5594 3804 5690 _‘““‘.""§Z

2308 5686 2487 5783 capite
2533 5713 2649 5769 115.
2687 5712 2839 5779 Quod
2874 5714 3033 5782 paulo
3068 5720 3187 5782 post
3228 5703 3469 5775 sequitur
3495 5678 3804 5750 Cadlicscheﬂ
