  <div class='ocr_page' id='page_1' title='image "/cluster/home/n/w/nwhite01/storage/ocr_20150623/159/hvd.32044073502684/480.png"; bbox 0 0 4048 6208; ppageno 0'>
   <div class='ocr_carea' id='block_1_1' title="bbox 251 284 362 346">
    <p class='ocr_par' dir='ltr' id='par_1_1' title="bbox 251 284 362 346">
     <span class='ocr_line' id='line_1_1' title="bbox 251 284 362 346; baseline 0 0"><span class='ocrx_word' id='word_1_1' title='bbox 251 284 362 346; x_wconf 78' lang='grc'><strong>865</strong></span> 
     </span>
    </p>
   </div>
   <div class='ocr_carea' id='block_1_2' title="bbox 1386 260 2362 343">
    <p class='ocr_par' dir='ltr' id='par_1_2' title="bbox 1386 260 2362 343">
     <span class='ocr_line' id='line_1_2' title="bbox 1386 260 2362 343; baseline -0.01 0"><span class='ocrx_word' id='word_1_2' title='bbox 1386 280 1784 343; x_wconf 86' lang='lat' dir='ltr'><strong>PANDECTE</strong></span> <span class='ocrx_word' id='word_1_3' title='bbox 1821 260 2023 343; x_wconf 73' lang='lat' dir='ltr'><strong>mer.</strong></span> <span class='ocrx_word' id='word_1_4' title='bbox 2055 275 2362 339; x_wconf 84' lang='lat' dir='ltr'><strong>TURCIC.</strong></span> 
     </span>
    </p>
   </div>
   <div class='ocr_carea' id='block_1_3' title="bbox 3393 272 3500 336">
    <p class='ocr_par' dir='ltr' id='par_1_3' title="bbox 3393 272 3500 336">
     <span class='ocr_line' id='line_1_3' title="bbox 3393 272 3500 336; baseline 0 -1"><span class='ocrx_word' id='word_1_5' title='bbox 3393 272 3500 336; x_wconf 77' lang='lat'><strong>8.66</strong></span> 
     </span>
    </p>
   </div>
   <div class='ocr_carea' id='block_1_4' title="bbox 250 383 3507 465">
    <p class='ocr_par' dir='ltr' id='par_1_4' title="bbox 250 383 3507 465">
     <span class='ocr_line' id='line_1_4' title="bbox 250 383 3507 465; baseline -0.004 -14"><span class='ocrx_word' id='word_1_6' title='bbox 250 412 478 457; x_wconf 86' lang='lat' dir='ltr'><strong>nomen.</strong></span> <span class='ocrx_word' id='word_1_7' title='bbox 504 395 838 450; x_wconf 83' lang='lat' dir='ltr'><strong>declaratum</strong></span> <span class='ocrx_word' id='word_1_8' title='bbox 869 409 1058 465; x_wconf 87' lang='lat' dir='ltr'><strong>supra.</strong></span> <span class='ocrx_word' id='word_1_9' title='bbox 1082 409 1199 465; x_wconf 92' lang='lat' dir='ltr'><strong>cap.</strong></span> <span class='ocrx_word' id='word_1_10' title='bbox 1232 394 1322 449; x_wconf 77' lang='lat'><strong>29.</strong></span> <span class='ocrx_word' id='word_1_11' title='bbox 1342 394 1638 449; x_wconf 84' lang='lat' dir='ltr'><strong>Nischanzi</strong></span> <span class='ocrx_word' id='word_1_12' title='bbox 1667 397 1828 450; x_wconf 87' lang='lat' dir='ltr'><strong>bassa</strong></span> <span class='ocrx_word' id='word_1_13' title='bbox 1858 406 1906 456; x_wconf 72' lang='grc' dir='ltr'><strong><em>Α</em></strong></span> <span class='ocrx_word' id='word_1_14' title='bbox 1933 393 2183 450; x_wconf 84' lang='lat' dir='ltr'><strong>stimulos</strong></span> <span class='ocrx_word' id='word_1_15' title='bbox 2214 390 2556 457; x_wconf 71' lang='lat' dir='ltr'><strong>ambitionis,</strong></span> <span class='ocrx_word' id='word_1_16' title='bbox 2586 389 2798 446; x_wconf 86' lang='lat' dir='ltr'><strong>alienos</strong></span> <span class='ocrx_word' id='word_1_17' title='bbox 2822 403 2854 444; x_wconf 87' lang='lat' dir='ltr'><strong>a</strong></span> <span class='ocrx_word' id='word_1_18' title='bbox 2886 385 3234 456; x_wconf 88' lang='lat' dir='ltr'><strong>professione</strong></span> <span class='ocrx_word' id='word_1_19' title='bbox 3264 383 3507 454; x_wconf 80' lang='lat' dir='ltr'><strong>philoso-</strong></span> 
     </span>
    </p>
   </div>
   <div class='ocr_carea' id='block_1_5' title="bbox 248 490 1835 557">
    <p class='ocr_par' dir='ltr' id='par_1_5' title="bbox 248 490 1835 557">
     <span class='ocr_line' id='line_1_5' title="bbox 248 490 1835 557; baseline -0.001 -13"><span class='ocrx_word' id='word_1_20' title='bbox 248 491 456 544; x_wconf 88' lang='lat' dir='ltr'><strong>dicitur</strong></span> <span class='ocrx_word' id='word_1_21' title='bbox 526 490 668 557; x_wconf 86' lang='lat' dir='ltr'><strong>apud</strong></span> <span class='ocrx_word' id='word_1_22' title='bbox 724 490 935 545; x_wconf 78' lang='lat' dir='ltr'><strong>Turcos</strong></span> <span class='ocrx_word' id='word_1_23' title='bbox 989 490 1035 545; x_wconf 93' lang='lat' dir='ltr'><strong>is</strong></span> <span class='ocrx_word' id='word_1_24' title='bbox 1082 491 1174 557; x_wconf 89' lang='lat' dir='ltr'><strong>qui</strong></span> <span class='ocrx_word' id='word_1_25' title='bbox 1232 490 1448 544; x_wconf 90' lang='lat' dir='ltr'><strong>litteras</strong></span> <span class='ocrx_word' id='word_1_26' title='bbox 1509 504 1722 548; x_wconf 90' lang='lat' dir='ltr'><strong>omnes.</strong></span> <span class='ocrx_word' id='word_1_27' title='bbox 1781 498 1835 542; x_wconf 90' lang='lat' dir='ltr'><strong>et</strong></span> 
     </span>
    </p>
   </div>
   <div class='ocr_carea' id='block_1_6' title="bbox 248 581 1827 653">
    <p class='ocr_par' dir='ltr' id='par_1_6' title="bbox 248 581 1827 653">
     <span class='ocr_line' id='line_1_6' title="bbox 248 581 1827 653; baseline -0.003 -16"><span class='ocrx_word' id='word_1_28' title='bbox 248 581 618 637; x_wconf 85' lang='lat' dir='ltr'><strong>instrumenta</strong></span> <span class='ocrx_word' id='word_1_29' title='bbox 656 592 930 653; x_wconf 85' lang='lat' dir='ltr'><strong>quotquot</strong></span> <span class='ocrx_word' id='word_1_30' title='bbox 986 584 1127 653; x_wconf 91' lang='lat' dir='ltr'><strong>apud</strong></span> <span class='ocrx_word' id='word_1_31' title='bbox 1166 583 1388 637; x_wconf 77' lang='lat' dir='ltr'><strong>Portam</strong></span> <span class='ocrx_word' id='word_1_32' title='bbox 1439 582 1827 651; x_wconf 80' lang='lat' dir='ltr'><strong>expediuntur,</strong></span> 
     </span>
    </p>
   </div>
   <div class='ocr_carea' id='block_1_7' title="bbox 259 672 1833 743">
    <p class='ocr_par' dir='ltr' id='par_1_7' title="bbox 259 672 1833 743">
     <span class='ocr_line' id='line_1_7' title="bbox 259 672 1833 743; baseline -0.001 -17"><span class='ocrx_word' id='word_1_33' title='bbox 259 672 557 741; x_wconf 86' lang='lat' dir='ltr'><strong>obsignat:</strong></span> <span class='ocrx_word' id='word_1_34' title='bbox 602 674 849 742; x_wconf 84' lang='lat' dir='ltr'><strong>adeoque</strong></span> <span class='ocrx_word' id='word_1_35' title='bbox 897 674 1035 743; x_wconf 89' lang='lat' dir='ltr'><strong>gerit</strong></span> <span class='ocrx_word' id='word_1_36' title='bbox 1095 675 1359 737; x_wconf 81' lang='lat' dir='ltr'><strong>cilicium.</strong></span> <span class='ocrx_word' id='word_1_37' title='bbox 1413 674 1653 742; x_wconf 85' lang='lat' dir='ltr'><strong>supremi</strong></span> <span class='ocrx_word' id='word_1_38' title='bbox 1697 687 1833 727; x_wconf 82' lang='lat' dir='ltr'><strong>cau-</strong></span> 
     </span>
    </p>
   </div>
   <div class='ocr_carea' id='block_1_8' title="bbox 247 760 1398 818">
    <p class='ocr_par' dir='ltr' id='par_1_8' title="bbox 247 760 1398 818">
     <span class='ocr_line' id='line_1_8' title="bbox 247 760 1398 818; baseline 0.001 -3"><span class='ocrx_word' id='word_1_39' title='bbox 247 760 465 816; x_wconf 89' lang='lat' dir='ltr'><strong>cellarii</strong></span> <span class='ocrx_word' id='word_1_40' title='bbox 499 762 701 817; x_wconf 89' lang='lat' dir='ltr'><strong>nostris</strong></span> <span class='ocrx_word' id='word_1_41' title='bbox 732 764 784 816; x_wconf 94' lang='lat' dir='ltr'><strong>in</strong></span> <span class='ocrx_word' id='word_1_42' title='bbox 813 763 955 818; x_wconf 90' lang='lat' dir='ltr'><strong>aulis</strong></span> <span class='ocrx_word' id='word_1_43' title='bbox 982 762 1161 817; x_wconf 79' lang='lat' dir='ltr'><strong>oﬂicio</strong></span> <span class='ocrx_word' id='word_1_44' title='bbox 1197 763 1398 817; x_wconf 87' lang='lat' dir='ltr'><strong>simile.</strong></span> 
     </span>
    </p>
   </div>
   <div class='ocr_carea' id='block_1_9' title="bbox 246 872 1827 946">
    <p class='ocr_par' dir='ltr' id='par_1_9' title="bbox 246 872 1827 946">
     <span class='ocr_line' id='line_1_9' title="bbox 246 872 1827 946; baseline 0.002 -19"><span class='ocrx_word' id='word_1_45' title='bbox 246 872 375 929; x_wconf 73' lang='grc'><strong>195.</strong></span> <span class='ocrx_word' id='word_1_46' title='bbox 410 875 672 928; x_wconf 77' lang='lat' dir='ltr'><strong>Acltmetis</strong></span> <span class='ocrx_word' id='word_1_47' title='bbox 698 876 975 929; x_wconf 75' lang='lat' dir='ltr'><strong>antbicntis</strong></span> <span class='ocrx_word' id='word_1_48' title='bbox 1004 886 1054 930; x_wconf 80' lang='lat' dir='ltr'><strong>et</strong></span> <span class='ocrx_word' id='word_1_49' title='bbox 1078 877 1373 931; x_wconf 73' lang='lat' dir='ltr'><strong>incedentis</strong></span> <span class='ocrx_word' id='word_1_50' title='bbox 1416 879 1689 946; x_wconf 77' lang='lat' dir='ltr'><strong>imperium</strong></span> <span class='ocrx_word' id='word_1_51' title='bbox 1724 879 1827 930; x_wconf 83' lang='lat' dir='ltr'><strong>du-</strong></span> 
     </span>
    </p>
   </div>
   <div class='ocr_carea' id='block_1_10' title="bbox 322 946 1831 1018">
    <p class='ocr_par' dir='ltr' id='par_1_10' title="bbox 322 946 1831 1018">
     <span class='ocr_line' id='line_1_10' title="bbox 322 946 1831 1018; baseline 0.003 -20"><span class='ocrx_word' id='word_1_52' title='bbox 322 946 470 998; x_wconf 80' lang='lat' dir='ltr'><strong>rities</strong></span> <span class='ocrx_word' id='word_1_53' title='bbox 497 961 623 1012; x_wconf 77' lang='lat' dir='ltr'><strong>erga</strong></span> <span class='ocrx_word' id='word_1_54' title='bbox 673 947 970 1014; x_wconf 76' lang='lat' dir='ltr'><strong>gcnizaros,</strong></span> <span class='ocrx_word' id='word_1_55' title='bbox 996 946 1290 1003; x_wconf 72' lang='lat' dir='ltr'><strong>crudelitas</strong></span> <span class='ocrx_word' id='word_1_56' title='bbox 1343 950 1397 1001; x_wconf 84' lang='lat' dir='ltr'><strong>iu</strong></span> <span class='ocrx_word' id='word_1_57' title='bbox 1437 948 1655 1018; x_wconf 80' lang='lat' dir='ltr'><strong>legatos.</strong></span> <span class='ocrx_word' id='word_1_58' title='bbox 1699 950 1831 1004; x_wconf 82' lang='lat' dir='ltr'><strong>Cor-</strong></span> 
     </span>
    </p>
   </div>
   <div class='ocr_carea' id='block_1_11' title="bbox 320 1018 1123 1084">
    <p class='ocr_par' dir='ltr' id='par_1_11' title="bbox 320 1018 1123 1084">
     <span class='ocr_line' id='line_1_11' title="bbox 320 1018 1123 1084; baseline 0.004 -18"><span class='ocrx_word' id='word_1_59' title='bbox 320 1027 462 1068; x_wconf 73' lang='lat' dir='ltr'><strong>cutes</strong></span> <span class='ocrx_word' id='word_1_60' title='bbox 516 1018 753 1083; x_wconf 79' lang='lat' dir='ltr'><strong>[rutrum</strong></span> <span class='ocrx_word' id='word_1_61' title='bbox 789 1019 1123 1084; x_wconf 78' lang='lat' dir='ltr'><strong>competitor.</strong></span> 
     </span>
    </p>
   </div>
   <div class='ocr_carea' id='block_1_12' title="bbox 318 1126 1831 1201">
    <p class='ocr_par' dir='ltr' id='par_1_12' title="bbox 318 1126 1831 1201">
     <span class='ocr_line' id='line_1_12' title="bbox 318 1126 1831 1201; baseline 0.003 -17"><span class='ocrx_word' id='word_1_62' title='bbox 318 1126 674 1184; x_wconf 78' lang='lat' dir='ltr'><strong>Ostendimus</strong></span> <span class='ocrx_word' id='word_1_63' title='bbox 719 1131 773 1185; x_wconf 93' lang='lat' dir='ltr'><strong>in</strong></span> <span class='ocrx_word' id='word_1_64' title='bbox 806 1128 1230 1186; x_wconf 86' lang='lat' dir='ltr'><strong>Osmanidarum</strong></span> <span class='ocrx_word' id='word_1_65' title='bbox 1285 1132 1620 1201; x_wconf 74' lang='lat' dir='ltr'><strong>genealogia.</strong></span> <span class='ocrx_word' id='word_1_66' title='bbox 1670 1132 1831 1188; x_wconf 84' lang='lat' dir='ltr'><strong>Sina-</strong></span> 
     </span>
    </p>
   </div>
   <div class='ocr_carea' id='block_1_13' title="bbox 243 1222 1830 1294">
    <p class='ocr_par' dir='ltr' id='par_1_13' title="bbox 243 1222 1830 1294">
     <span class='ocr_line' id='line_1_13' title="bbox 243 1222 1830 1294; baseline 0.004 -19"><span class='ocrx_word' id='word_1_67' title='bbox 243 1237 374 1275; x_wconf 81' lang='lat' dir='ltr'><strong>netn</strong></span> <span class='ocrx_word' id='word_1_68' title='bbox 418 1222 699 1285; x_wconf 82' lang='lat' dir='ltr'><strong>scachum,</strong></span> <span class='ocrx_word' id='word_1_69' title='bbox 731 1230 785 1277; x_wconf 88' lang='lat' dir='ltr'><strong>et</strong></span> <span class='ocrx_word' id='word_1_70' title='bbox 815 1223 1083 1277; x_wconf 82' lang='lat' dir='ltr'><strong>Allamam</strong></span> <span class='ocrx_word' id='word_1_71' title='bbox 1116 1224 1395 1287; x_wconf 86' lang='lat' dir='ltr'><strong>scachum,</strong></span> <span class='ocrx_word' id='word_1_72' title='bbox 1434 1225 1830 1294; x_wconf 87' lang='lat' dir='ltr'><strong>primogenitos</strong></span> 
     </span>
    </p>
   </div>
   <div class='ocr_carea' id='block_1_14' title="bbox 240 1312 1827 1384">
    <p class='ocr_par' dir='ltr' id='par_1_14' title="bbox 240 1312 1827 1384">
     <span class='ocr_line' id='line_1_14' title="bbox 240 1312 1827 1384; baseline 0.006 -20"><span class='ocrx_word' id='word_1_73' title='bbox 240 1312 507 1378; x_wconf 75' lang='lat' dir='ltr'><strong>Bajaaitis</strong></span> <span class='ocrx_word' id='word_1_74' title='bbox 567 1314 731 1378; x_wconf 84' lang='lat' dir='ltr'><strong>ﬁlios,</strong></span> <span class='ocrx_word' id='word_1_75' title='bbox 794 1323 922 1368; x_wconf 85' lang='lat' dir='ltr'><strong>ante</strong></span> <span class='ocrx_word' id='word_1_76' title='bbox 994 1325 1198 1384; x_wconf 81' lang='lat' dir='ltr'><strong>patrem</strong></span> <span class='ocrx_word' id='word_1_77' title='bbox 1258 1317 1563 1375; x_wconf 74' lang='lat' dir='ltr'><strong>exstinctos</strong></span> <span class='ocrx_word' id='word_1_78' title='bbox 1618 1315 1827 1373; x_wconf 88' lang='lat' dir='ltr'><strong>fuisse:</strong></span> 
     </span>
    </p>
   </div>
   <div class='ocr_carea' id='block_1_15' title="bbox 237 1406 1829 1476">
    <p class='ocr_par' dir='ltr' id='par_1_15' title="bbox 237 1406 1829 1476">
     <span class='ocr_line' id='line_1_15' title="bbox 237 1406 1829 1476; baseline 0.006 -21"><span class='ocrx_word' id='word_1_79' title='bbox 237 1420 482 1473; x_wconf 88' lang='lat' dir='ltr'><strong>quorum</strong></span> <span class='ocrx_word' id='word_1_80' title='bbox 561 1406 745 1469; x_wconf 89' lang='lat' dir='ltr'><strong>unius,</strong></span> <span class='ocrx_word' id='word_1_81' title='bbox 825 1408 1051 1476; x_wconf 76' lang='lat' dir='ltr'><strong>majoris</strong></span> <span class='ocrx_word' id='word_1_82' title='bbox 1117 1410 1334 1466; x_wconf 82' lang='lat' dir='ltr'><strong>scilicet</strong></span> <span class='ocrx_word' id='word_1_83' title='bbox 1391 1421 1546 1475; x_wconf 86' lang='lat' dir='ltr'><strong>natu,</strong></span> <span class='ocrx_word' id='word_1_84' title='bbox 1601 1410 1829 1465; x_wconf 89' lang='lat' dir='ltr'><strong>Sinanis</strong></span> 
     </span>
    </p>
   </div>
   <div class='ocr_carea' id='block_1_16' title="bbox 240 1498 1829 1569">
    <p class='ocr_par' dir='ltr' id='par_1_16' title="bbox 240 1498 1829 1569">
     <span class='ocr_line' id='line_1_16' title="bbox 240 1498 1829 1569; baseline 0.005 -20"><span class='ocrx_word' id='word_1_85' title='bbox 240 1498 454 1549; x_wconf 75' lang='lat' dir='ltr'><strong>obitum</strong></span> <span class='ocrx_word' id='word_1_86' title='bbox 494 1500 790 1566; x_wconf 79' lang='lat' dir='ltr'><strong>peracerbe</strong></span> <span class='ocrx_word' id='word_1_87' title='bbox 837 1508 993 1569; x_wconf 89' lang='lat' dir='ltr'><strong>pater</strong></span> <span class='ocrx_word' id='word_1_88' title='bbox 1044 1516 1109 1556; x_wconf 89' lang='lat' dir='ltr'><strong>ac</strong></span> <span class='ocrx_word' id='word_1_89' title='bbox 1174 1501 1269 1557; x_wconf 91' lang='lat' dir='ltr'><strong>diu</strong></span> <span class='ocrx_word' id='word_1_90' title='bbox 1326 1503 1483 1557; x_wconf 76' lang='lat' dir='ltr'><strong>luxit.</strong></span> <span class='ocrx_word' id='word_1_91' title='bbox 1525 1502 1746 1557; x_wconf 89' lang='lat' dir='ltr'><strong>Tertius</strong></span> <span class='ocrx_word' id='word_1_92' title='bbox 1798 1517 1829 1557; x_wconf 92' lang='lat' dir='ltr'><strong>e</strong></span> 
     </span>
    </p>
   </div>
   <div class='ocr_carea' id='block_1_17' title="bbox 240 1587 1828 1664">
    <p class='ocr_par' dir='ltr' id='par_1_17' title="bbox 240 1587 1828 1664">
     <span class='ocr_line' id='line_1_17' title="bbox 240 1587 1828 1664; baseline 0.004 -25"><span class='ocrx_word' id='word_1_93' title='bbox 240 1587 374 1641; x_wconf 84' lang='lat' dir='ltr'><strong>liliis</strong></span> <span class='ocrx_word' id='word_1_94' title='bbox 402 1598 517 1641; x_wconf 89' lang='lat' dir='ltr'><strong>erat</strong></span> <span class='ocrx_word' id='word_1_95' title='bbox 566 1587 886 1653; x_wconf 84' lang='lat' dir='ltr'><strong>Acbmetes,</strong></span> <span class='ocrx_word' id='word_1_96' title='bbox 936 1593 1172 1647; x_wconf 71' lang='lat' dir='ltr'><strong>Amasis:</strong></span> <span class='ocrx_word' id='word_1_97' title='bbox 1203 1593 1539 1663; x_wconf 73' lang='lat' dir='ltr'><strong>praefectus;</strong></span> <span class='ocrx_word' id='word_1_98' title='bbox 1589 1593 1683 1664; x_wconf 90' lang='lat' dir='ltr'><strong>qui</strong></span> <span class='ocrx_word' id='word_1_99' title='bbox 1736 1608 1828 1646; x_wconf 89' lang='lat' dir='ltr'><strong>ac-</strong></span> 
     </span>
    </p>
   </div>
   <div class='ocr_carea' id='block_1_18' title="bbox 239 1678 1818 1744">
    <p class='ocr_par' dir='ltr' id='par_1_18' title="bbox 239 1678 1818 1744">
     <span class='ocr_line' id='line_1_18' title="bbox 239 1678 1818 1744; baseline 0.004 -13"><span class='ocrx_word' id='word_1_100' title='bbox 239 1687 398 1744; x_wconf 69' lang='lat' dir='ltr'><strong>Cepta</strong></span> <span class='ocrx_word' id='word_1_101' title='bbox 427 1688 608 1732; x_wconf 84' lang='lat' dir='ltr'><strong>motus</strong></span> <span class='ocrx_word' id='word_1_102' title='bbox 663 1678 951 1735; x_wconf 85' lang='lat' dir='ltr'><strong>Selimiani</strong></span> <span class='ocrx_word' id='word_1_103' title='bbox 1010 1680 1153 1735; x_wconf 86' lang='lat' dir='ltr'><strong>fama</strong></span> <span class='ocrx_word' id='word_1_104' title='bbox 1208 1697 1334 1737; x_wconf 89' lang='lat' dir='ltr'><strong>cum</strong></span> <span class='ocrx_word' id='word_1_105' title='bbox 1372 1683 1553 1737; x_wconf 76' lang='lat'><strong>20000</strong></span> <span class='ocrx_word' id='word_1_106' title='bbox 1608 1694 1818 1738; x_wconf 88' lang='lat' dir='ltr'><strong>amato-</strong></span> 
     </span>
    </p>
   </div>
   <div class='ocr_carea' id='block_1_19' title="bbox 242 1771 1823 1849">
    <p class='ocr_par' dir='ltr' id='par_1_19' title="bbox 242 1771 1823 1849">
     <span class='ocr_line' id='line_1_19' title="bbox 242 1771 1823 1849; baseline 0.007 -27"><span class='ocrx_word' id='word_1_107' title='bbox 242 1784 366 1822; x_wconf 87' lang='lat' dir='ltr'><strong>rum</strong></span> <span class='ocrx_word' id='word_1_108' title='bbox 401 1785 497 1838; x_wconf 89' lang='lat' dir='ltr'><strong>per</strong></span> <span class='ocrx_word' id='word_1_109' title='bbox 545 1771 731 1824; x_wconf 78' lang='lat' dir='ltr'><strong>Asiam</strong></span> <span class='ocrx_word' id='word_1_110' title='bbox 786 1775 1053 1827; x_wconf 89' lang='lat' dir='ltr'><strong>minorem</strong></span> <span class='ocrx_word' id='word_1_111' title='bbox 1119 1776 1459 1841; x_wconf 86' lang='lat' dir='ltr'><strong>Scutarium.</strong></span> <span class='ocrx_word' id='word_1_112' title='bbox 1510 1793 1541 1832; x_wconf 91' lang='lat' dir='ltr'><strong>e</strong></span> <span class='ocrx_word' id='word_1_113' title='bbox 1595 1779 1823 1849; x_wconf 80' lang='lat' dir='ltr'><strong>regione</strong></span> 
     </span>
    </p>
   </div>
   <div class='ocr_carea' id='block_1_20' title="bbox 239 1859 1826 1943">
    <p class='ocr_par' dir='ltr' id='par_1_20' title="bbox 239 1859 1826 1943">
     <span class='ocr_line' id='line_1_20' title="bbox 239 1859 1826 1943; baseline 0.007 -26"><span class='ocrx_word' id='word_1_114' title='bbox 239 1859 759 1932; x_wconf 78' lang='lat' dir='ltr'><strong>Constantinopolis</strong></span> <span class='ocrx_word' id='word_1_115' title='bbox 779 1865 972 1926; x_wconf 88' lang='lat' dir='ltr'><strong>situm.</strong></span> <span class='ocrx_word' id='word_1_116' title='bbox 999 1870 1310 1933; x_wconf 87' lang='lat' dir='ltr'><strong>contendit,</strong></span> <span class='ocrx_word' id='word_1_117' title='bbox 1377 1879 1432 1925; x_wconf 93' lang='lat' dir='ltr'><strong>et</strong></span> <span class='ocrx_word' id='word_1_118' title='bbox 1459 1870 1643 1925; x_wconf 87' lang='lat' dir='ltr'><strong>audita</strong></span> <span class='ocrx_word' id='word_1_119' title='bbox 1668 1872 1826 1943; x_wconf 80' lang='lat' dir='ltr'><strong>geni-</strong></span> 
     </span>
    </p>
   </div>
   <div class='ocr_carea' id='block_1_21' title="bbox 242 1955 1825 2033">
    <p class='ocr_par' dir='ltr' id='par_1_21' title="bbox 242 1955 1825 2033">
     <span class='ocr_line' id='line_1_21' title="bbox 242 1955 1825 2033; baseline 0.007 -25"><span class='ocrx_word' id='word_1_120' title='bbox 242 1968 503 2009; x_wconf 78' lang='lat' dir='ltr'><strong>zarornm</strong></span> <span class='ocrx_word' id='word_1_121' title='bbox 526 1955 821 2026; x_wconf 90' lang='lat' dir='ltr'><strong>legatione,</strong></span> <span class='ocrx_word' id='word_1_122' title='bbox 864 1959 959 2027; x_wconf 90' lang='lat' dir='ltr'><strong>qui</strong></span> <span class='ocrx_word' id='word_1_123' title='bbox 992 1975 1051 2014; x_wconf 91' lang='lat' dir='ltr'><strong>se</strong></span> <span class='ocrx_word' id='word_1_124' title='bbox 1076 1970 1404 2031; x_wconf 89' lang='lat' dir='ltr'><strong>accepturos</strong></span> <span class='ocrx_word' id='word_1_125' title='bbox 1438 1961 1617 2031; x_wconf 89' lang='lat' dir='ltr'><strong>ipsius</strong></span> <span class='ocrx_word' id='word_1_126' title='bbox 1650 1963 1825 2033; x_wconf 90' lang='lat' dir='ltr'><strong>impe-</strong></span> 
     </span>
    </p>
   </div>
   <div class='ocr_carea' id='block_1_22' title="bbox 242 2044 1819 2121">
    <p class='ocr_par' dir='ltr' id='par_1_22' title="bbox 242 2044 1819 2121">
     <span class='ocr_line' id='line_1_22' title="bbox 242 2044 1819 2121; baseline 0.004 -21"><span class='ocrx_word' id='word_1_127' title='bbox 242 2044 387 2100; x_wconf 81' lang='lat' dir='ltr'><strong>rium</strong></span> <span class='ocrx_word' id='word_1_128' title='bbox 407 2048 755 2110; x_wconf 88' lang='lat' dir='ltr'><strong>nuntiabant.</strong></span> <span class='ocrx_word' id='word_1_129' title='bbox 775 2048 819 2103; x_wconf 91' lang='lat' dir='ltr'><strong>si</strong></span> <span class='ocrx_word' id='word_1_130' title='bbox 847 2048 1074 2118; x_wconf 83' lang='lat' dir='ltr'><strong>majores</strong></span> <span class='ocrx_word' id='word_1_131' title='bbox 1095 2066 1342 2106; x_wconf 82' lang='lat' dir='ltr'><strong>annonas</strong></span> <span class='ocrx_word' id='word_1_132' title='bbox 1363 2053 1608 2121; x_wconf 88' lang='lat' dir='ltr'><strong>polliceri</strong></span> <span class='ocrx_word' id='word_1_133' title='bbox 1633 2055 1819 2121; x_wconf 84' lang='lat' dir='ltr'><strong>vellet,</strong></span> 
     </span>
    </p>
   </div>
   <div class='ocr_carea' id='block_1_23' title="bbox 242 2138 1822 2217">
    <p class='ocr_par' dir='ltr' id='par_1_23' title="bbox 242 2138 1822 2217">
     <span class='ocr_line' id='line_1_23' title="bbox 242 2138 1822 2217; baseline 0.008 -26"><span class='ocrx_word' id='word_1_134' title='bbox 242 2138 440 2194; x_wconf 85' lang='lat' dir='ltr'><strong>durius</strong></span> <span class='ocrx_word' id='word_1_135' title='bbox 468 2140 773 2209; x_wconf 89' lang='lat' dir='ltr'><strong>respondit,</strong></span> <span class='ocrx_word' id='word_1_136' title='bbox 798 2142 946 2196; x_wconf 91' lang='lat' dir='ltr'><strong>nolle</strong></span> <span class='ocrx_word' id='word_1_137' title='bbox 971 2157 1055 2207; x_wconf 91' lang='lat' dir='ltr'><strong>se,</strong></span> <span class='ocrx_word' id='word_1_138' title='bbox 1077 2142 1188 2211; x_wconf 84' lang='lat' dir='ltr'><strong>jam</strong></span> <span class='ocrx_word' id='word_1_139' title='bbox 1218 2144 1563 2215; x_wconf 77' lang='lat' dir='ltr'><strong>designatum</strong></span> <span class='ocrx_word' id='word_1_140' title='bbox 1594 2161 1623 2200; x_wconf 92' lang='lat' dir='ltr'><strong>a</strong></span> <span class='ocrx_word' id='word_1_141' title='bbox 1661 2156 1822 2217; x_wconf 91' lang='lat' dir='ltr'><strong>patre</strong></span> 
     </span>
    </p>
   </div>
   <div class='ocr_carea' id='block_1_24' title="bbox 244 2233 1821 2307">
    <p class='ocr_par' dir='ltr' id='par_1_24' title="bbox 244 2233 1821 2307">
     <span class='ocr_line' id='line_1_24' title="bbox 244 2233 1821 2307; baseline 0.007 -23"><span class='ocrx_word' id='word_1_142' title='bbox 244 2243 650 2298; x_wconf 85' lang='lat' dir='ltr'><strong>successorem,</strong></span> <span class='ocrx_word' id='word_1_143' title='bbox 680 2233 748 2286; x_wconf 92' lang='lat' dir='ltr'><strong>ab</strong></span> <span class='ocrx_word' id='word_1_144' title='bbox 785 2233 917 2303; x_wconf 87' lang='lat' dir='ltr'><strong>ipsis</strong></span> <span class='ocrx_word' id='word_1_145' title='bbox 948 2233 1239 2304; x_wconf 87' lang='lat' dir='ltr'><strong>imperium</strong></span> <span class='ocrx_word' id='word_1_146' title='bbox 1295 2238 1471 2306; x_wconf 91' lang='lat' dir='ltr'><strong>pretio</strong></span> <span class='ocrx_word' id='word_1_147' title='bbox 1528 2239 1821 2307; x_wconf 91' lang='lat' dir='ltr'><strong>redimere,</strong></span> 
     </span>
    </p>
   </div>
   <div class='ocr_carea' id='block_1_25' title="bbox 244 2324 1823 2397">
    <p class='ocr_par' dir='ltr' id='par_1_25' title="bbox 244 2324 1823 2397">
     <span class='ocr_line' id='line_1_25' title="bbox 244 2324 1823 2397; baseline 0.008 -22"><span class='ocrx_word' id='word_1_148' title='bbox 244 2324 449 2393; x_wconf 82' lang='lat' dir='ltr'><strong>quibus</strong></span> <span class='ocrx_word' id='word_1_149' title='bbox 483 2325 564 2380; x_wconf 92' lang='lat' dir='ltr'><strong>vel</strong></span> <span class='ocrx_word' id='word_1_150' title='bbox 598 2326 785 2380; x_wconf 88' lang='lat' dir='ltr'><strong>invitis</strong></span> <span class='ocrx_word' id='word_1_151' title='bbox 814 2341 879 2380; x_wconf 90' lang='lat' dir='ltr'><strong>eo</strong></span> <span class='ocrx_word' id='word_1_152' title='bbox 906 2327 978 2382; x_wconf 85' lang='lat' dir='ltr'><strong>sit</strong></span> <span class='ocrx_word' id='word_1_153' title='bbox 1002 2329 1304 2397; x_wconf 77' lang='lat' dir='ltr'><strong>petiturus.</strong></span> <span class='ocrx_word' id='word_1_154' title='bbox 1332 2329 1429 2385; x_wconf 78' lang='lat' dir='ltr'><strong>llis</strong></span> <span class='ocrx_word' id='word_1_155' title='bbox 1462 2332 1645 2388; x_wconf 84' lang='lat' dir='ltr'><strong>verbis</strong></span> <span class='ocrx_word' id='word_1_156' title='bbox 1702 2335 1823 2389; x_wconf 88' lang='lat' dir='ltr'><strong>ani-</strong></span> 
     </span>
    </p>
   </div>
   <div class='ocr_carea' id='block_1_26' title="bbox 245 2418 1824 2494">
    <p class='ocr_par' dir='ltr' id='par_1_26' title="bbox 245 2418 1824 2494">
     <span class='ocr_line' id='line_1_26' title="bbox 245 2418 1824 2494; baseline 0.008 -21"><span class='ocrx_word' id='word_1_157' title='bbox 245 2434 368 2473; x_wconf 76' lang='lat' dir='ltr'><strong>mos</strong></span> <span class='ocrx_word' id='word_1_158' title='bbox 397 2418 790 2477; x_wconf 81' lang='lat' dir='ltr'><strong>Geuizarorum</strong></span> <span class='ocrx_word' id='word_1_159' title='bbox 823 2423 891 2477; x_wconf 89' lang='lat' dir='ltr'><strong>ab</strong></span> <span class='ocrx_word' id='word_1_160' title='bbox 926 2439 985 2479; x_wconf 90' lang='lat' dir='ltr'><strong>se</strong></span> <span class='ocrx_word' id='word_1_161' title='bbox 1020 2440 1251 2494; x_wconf 88' lang='lat' dir='ltr'><strong>prorsus</strong></span> <span class='ocrx_word' id='word_1_162' title='bbox 1311 2427 1597 2494; x_wconf 88' lang='lat' dir='ltr'><strong>alienavit,</strong></span> <span class='ocrx_word' id='word_1_163' title='bbox 1622 2438 1682 2484; x_wconf 93' lang='lat' dir='ltr'><strong>et</strong></span> <span class='ocrx_word' id='word_1_164' title='bbox 1716 2430 1824 2484; x_wconf 84' lang='lat' dir='ltr'><strong>im-</strong></span> 
     </span>
    </p>
   </div>
   <div class='ocr_carea' id='block_1_27' title="bbox 243 2511 1821 2591">
    <p class='ocr_par' dir='ltr' id='par_1_27' title="bbox 243 2511 1821 2591">
     <span class='ocr_line' id='line_1_27' title="bbox 243 2511 1821 2591; baseline 0.008 -28"><span class='ocrx_word' id='word_1_165' title='bbox 243 2511 486 2580; x_wconf 77' lang='lat' dir='ltr'><strong>prudens</strong></span> <span class='ocrx_word' id='word_1_166' title='bbox 513 2514 711 2568; x_wconf 71' lang='lat' dir='ltr'><strong>tenmlo</strong></span> <span class='ocrx_word' id='word_1_167' title='bbox 736 2514 925 2570; x_wconf 86' lang='lat' dir='ltr'><strong>Selimi</strong></span> <span class='ocrx_word' id='word_1_168' title='bbox 982 2517 1260 2587; x_wconf 76' lang='lat' dir='ltr'><strong>adjunxit.</strong></span> <span class='ocrx_word' id='word_1_169' title='bbox 1296 2516 1448 2584; x_wconf 86' lang='lat' dir='ltr'><strong>Quod</strong></span> <span class='ocrx_word' id='word_1_170' title='bbox 1512 2520 1605 2574; x_wconf 84' lang='lat' dir='ltr'><strong>ubi</strong></span> <span class='ocrx_word' id='word_1_171' title='bbox 1664 2532 1821 2591; x_wconf 87' lang='lat' dir='ltr'><strong>pater</strong></span> 
     </span>
    </p>
   </div>
   <div class='ocr_carea' id='block_1_28' title="bbox 243 2605 1822 2670">
    <p class='ocr_par' dir='ltr' id='par_1_28' title="bbox 243 2605 1822 2670">
     <span class='ocr_line' id='line_1_28' title="bbox 243 2605 1822 2670; baseline 0.009 -15"><span class='ocrx_word' id='word_1_172' title='bbox 243 2605 732 2670; x_wconf 89' lang='lat' dir='ltr'><strong>animadverteret.</strong></span> <span class='ocrx_word' id='word_1_173' title='bbox 767 2608 964 2662; x_wconf 83' lang='lat' dir='ltr'><strong>iisdem</strong></span> <span class='ocrx_word' id='word_1_174' title='bbox 1037 2610 1326 2665; x_wconf 86' lang='lat' dir='ltr'><strong>Achemeti</strong></span> <span class='ocrx_word' id='word_1_175' title='bbox 1390 2613 1822 2669; x_wconf 73' lang='lat' dir='ltr'><strong>reconciliandis</strong></span> 
     </span>
    </p>
   </div>
   <div class='ocr_carea' id='block_1_29' title="bbox 247 2694 1822 2772">
    <p class='ocr_par' dir='ltr' id='par_1_29' title="bbox 247 2694 1822 2772">
     <span class='ocr_line' id='line_1_29' title="bbox 247 2694 1822 2772; baseline 0.006 -22"><span class='ocrx_word' id='word_1_176' title='bbox 247 2694 426 2751; x_wconf 75' lang='lat'><strong>50000</strong></span> <span class='ocrx_word' id='word_1_177' title='bbox 459 2697 1007 2763; x_wconf 81' lang='lat' dir='ltr'><strong>sultaninorum,tilii</strong></span> <span class='ocrx_word' id='word_1_178' title='bbox 1063 2703 1303 2769; x_wconf 88' lang='lat' dir='ltr'><strong>nomine,</strong></span> <span class='ocrx_word' id='word_1_179' title='bbox 1368 2706 1642 2772; x_wconf 87' lang='lat' dir='ltr'><strong>promisit.</strong></span> <span class='ocrx_word' id='word_1_180' title='bbox 1698 2704 1822 2760; x_wconf 67' lang='lat' dir='ltr'><strong>llaec</strong></span> 
     </span>
    </p>
   </div>
   <div class='ocr_carea' id='block_1_30' title="bbox 245 2787 1819 2862">
    <p class='ocr_par' dir='ltr' id='par_1_30' title="bbox 245 2787 1819 2862">
     <span class='ocr_line' id='line_1_30' title="bbox 245 2787 1819 2862; baseline 0.006 -21"><span class='ocrx_word' id='word_1_181' title='bbox 245 2787 459 2842; x_wconf 82' lang='lat' dir='ltr'><strong>scilicet</strong></span> <span class='ocrx_word' id='word_1_182' title='bbox 492 2788 582 2844; x_wconf 90' lang='lat' dir='ltr'><strong>illa</strong></span> <span class='ocrx_word' id='word_1_183' title='bbox 605 2788 772 2862; x_wconf 64' lang='grc'><strong>474</strong></span> <span class='ocrx_word' id='word_1_184' title='bbox 797 2793 1032 2859; x_wconf 83' lang='lat' dir='ltr'><strong>pecunia</strong></span> <span class='ocrx_word' id='word_1_185' title='bbox 1067 2793 1197 2860; x_wconf 91' lang='lat' dir='ltr'><strong>fuit,</strong></span> <span class='ocrx_word' id='word_1_186' title='bbox 1229 2809 1393 2862; x_wconf 90' lang='lat' dir='ltr'><strong>quam</strong></span> <span class='ocrx_word' id='word_1_187' title='bbox 1421 2797 1649 2851; x_wconf 84' lang='lat' dir='ltr'><strong>annales</strong></span> <span class='ocrx_word' id='word_1_188' title='bbox 1674 2797 1819 2851; x_wconf 45' lang='lat' dir='ltr'><strong>Ach.</strong></span> 
     </span>
    </p>
   </div>
   <div class='ocr_carea' id='block_1_31' title="bbox 246 2881 1826 2948">
    <p class='ocr_par' dir='ltr' id='par_1_31' title="bbox 246 2881 1826 2948">
     <span class='ocr_line' id='line_1_31' title="bbox 246 2881 1826 2948; baseline 0.007 -16"><span class='ocrx_word' id='word_1_189' title='bbox 246 2888 450 2933; x_wconf 83' lang='lat' dir='ltr'><strong>metem</strong></span> <span class='ocrx_word' id='word_1_190' title='bbox 476 2881 614 2948; x_wconf 85' lang='lat' dir='ltr'><strong>patri</strong></span> <span class='ocrx_word' id='word_1_191' title='bbox 639 2884 859 2938; x_wconf 82' lang='lat' dir='ltr'><strong>misisse</strong></span> <span class='ocrx_word' id='word_1_192' title='bbox 892 2884 1165 2941; x_wconf 84' lang='lat' dir='ltr'><strong>referunt.</strong></span> <span class='ocrx_word' id='word_1_193' title='bbox 1198 2884 1337 2942; x_wconf 83' lang='lat' dir='ltr'><strong>Hinc</strong></span> <span class='ocrx_word' id='word_1_194' title='bbox 1378 2886 1563 2942; x_wconf 84' lang='lat' dir='ltr'><strong>Asiam</strong></span> <span class='ocrx_word' id='word_1_195' title='bbox 1592 2889 1641 2942; x_wconf 92' lang='lat' dir='ltr'><strong>vi</strong></span> <span class='ocrx_word' id='word_1_196' title='bbox 1661 2889 1826 2943; x_wconf 82' lang='lat' dir='ltr'><strong>suba-</strong></span> 
     </span>
    </p>
   </div>
   <div class='ocr_carea' id='block_1_32' title="bbox 249 2974 1821 3049">
    <p class='ocr_par' dir='ltr' id='par_1_32' title="bbox 249 2974 1821 3049">
     <span class='ocr_line' id='line_1_32' title="bbox 249 2974 1821 3049; baseline 0.007 -26"><span class='ocrx_word' id='word_1_197' title='bbox 249 2980 443 3028; x_wconf 83' lang='lat' dir='ltr'><strong>cturus</strong></span> <span class='ocrx_word' id='word_1_198' title='bbox 468 2974 782 3037; x_wconf 88' lang='lat' dir='ltr'><strong>Achmetes.</strong></span> <span class='ocrx_word' id='word_1_199' title='bbox 813 2978 1009 3030; x_wconf 88' lang='lat' dir='ltr'><strong>mortui</strong></span> <span class='ocrx_word' id='word_1_200' title='bbox 1068 2976 1256 3032; x_wconf 79' lang='lat' dir='ltr'><strong>fratris</strong></span> <span class='ocrx_word' id='word_1_201' title='bbox 1313 2980 1400 3034; x_wconf 91' lang='lat' dir='ltr'><strong>sui</strong></span> <span class='ocrx_word' id='word_1_202' title='bbox 1461 2979 1821 3049; x_wconf 67' lang='lat' dir='ltr'><strong>primogeniti</strong></span> 
     </span>
    </p>
   </div>
   <div class='ocr_carea' id='block_1_33' title="bbox 1939 480 3509 556">
    <p class='ocr_par' dir='ltr' id='par_1_33' title="bbox 1939 480 3509 556">
     <span class='ocr_line' id='line_1_33' title="bbox 1939 480 3509 556; baseline -0.004 -18"><span class='ocrx_word' id='word_1_203' title='bbox 1939 486 2053 555; x_wconf 88' lang='lat' dir='ltr'><strong>pbi,</strong></span> <span class='ocrx_word' id='word_1_204' title='bbox 2085 489 2259 541; x_wconf 89' lang='lat' dir='ltr'><strong>sensit</strong></span> <span class='ocrx_word' id='word_1_205' title='bbox 2291 487 2474 554; x_wconf 88' lang='lat' dir='ltr'><strong>:quod</strong></span> <span class='ocrx_word' id='word_1_206' title='bbox 2501 485 2626 556; x_wconf 82' lang='lat' dir='ltr'><strong>jure</strong></span> <span class='ocrx_word' id='word_1_207' title='bbox 2647 484 2751 539; x_wconf 88' lang='lat' dir='ltr'><strong>sibi</strong></span> <span class='ocrx_word' id='word_1_208' title='bbox 2807 492 3025 553; x_wconf 88' lang='lat' dir='ltr'><strong>putaret</strong></span> <span class='ocrx_word' id='word_1_209' title='bbox 3048 481 3342 550; x_wconf 90' lang='lat' dir='ltr'><strong>imperium</strong></span> <span class='ocrx_word' id='word_1_210' title='bbox 3413 480 3509 533; x_wconf 81' lang='lat' dir='ltr'><strong>de-</strong></span> 
     </span>
    </p>
   </div>
   <div class='ocr_carea' id='block_1_34' title="bbox 1936 567 3506 646">
    <p class='ocr_par' dir='ltr' id='par_1_34' title="bbox 1936 567 3506 646">
     <span class='ocr_line' id='line_1_34' title="bbox 1936 567 3506 646; baseline -0.006 -15"><span class='ocrx_word' id='word_1_211' title='bbox 1936 576 2073 639; x_wconf 86' lang='lat' dir='ltr'><strong>beri,</strong></span> <span class='ocrx_word' id='word_1_212' title='bbox 2098 578 2191 646; x_wconf 89' lang='lat' dir='ltr'><strong>qui</strong></span> <span class='ocrx_word' id='word_1_213' title='bbox 2252 575 2449 631; x_wconf 88' lang='lat' dir='ltr'><strong>fuisset</strong></span> <span class='ocrx_word' id='word_1_214' title='bbox 2474 585 2603 630; x_wconf 89' lang='lat' dir='ltr'><strong>ante</strong></span> <span class='ocrx_word' id='word_1_215' title='bbox 2656 584 2870 644; x_wconf 86' lang='lat' dir='ltr'><strong>patrem</strong></span> <span class='ocrx_word' id='word_1_216' title='bbox 2928 572 3316 640; x_wconf 76' lang='lat' dir='ltr'><strong>inauguratus.</strong></span> <span class='ocrx_word' id='word_1_217' title='bbox 3364 567 3506 633; x_wconf 76' lang='lat' dir='ltr'><strong>Quid</strong></span> 
     </span>
    </p>
   </div>
   <div class='ocr_carea' id='block_1_35' title="bbox 1934 660 3508 737">
    <p class='ocr_par' dir='ltr' id='par_1_35' title="bbox 1934 660 3508 737">
     <span class='ocr_line' id='line_1_35' title="bbox 1934 660 3508 737; baseline -0.008 -14"><span class='ocrx_word' id='word_1_218' title='bbox 1934 681 2115 724; x_wconf 85' lang='lat' dir='ltr'><strong>autem</strong></span> <span class='ocrx_word' id='word_1_219' title='bbox 2142 669 2404 735; x_wconf 81' lang='lat' dir='ltr'><strong>effecerit,</strong></span> <span class='ocrx_word' id='word_1_220' title='bbox 2432 669 2500 723; x_wconf 89' lang='lat' dir='ltr'><strong>ab</strong></span> <span class='ocrx_word' id='word_1_221' title='bbox 2539 668 2673 737; x_wconf 80' lang='lat' dir='ltr'><strong>ipsis</strong></span> <span class='ocrx_word' id='word_1_222' title='bbox 2729 664 3042 736; x_wconf 78' lang='lat' dir='ltr'><strong>expositum</strong></span> <span class='ocrx_word' id='word_1_223' title='bbox 3081 661 3284 732; x_wconf 86' lang='lat' dir='ltr'><strong>legitur</strong></span> <span class='ocrx_word' id='word_1_224' title='bbox 3320 660 3508 714; x_wconf 80' lang='lat' dir='ltr'><strong>Anna-</strong></span> 
     </span>
    </p>
   </div>
   <div class='ocr_carea' id='block_1_36' title="bbox 1936 763 2100 817">
    <p class='ocr_par' dir='ltr' id='par_1_36' title="bbox 1936 763 2100 817">
     <span class='ocr_line' id='line_1_36' title="bbox 1936 763 2100 817; baseline 0.006 -2"><span class='ocrx_word' id='word_1_225' title='bbox 1936 763 2100 817; x_wconf 83' lang='lat' dir='ltr'><strong>libus.</strong></span> 
     </span>
    </p>
   </div>
   <div class='ocr_carea' id='block_1_37' title="bbox 1938 864 3508 998">
    <p class='ocr_par' dir='ltr' id='par_1_37' title="bbox 1938 864 3508 998">
     <span class='ocr_line' id='line_1_37' title="bbox 1938 864 3508 998; baseline -0.009 -68"><span class='ocrx_word' id='word_1_226' title='bbox 1938 874 2264 932; x_wconf 75' lang='lat' dir='ltr'><strong>196.Zecme</strong></span> <span class='ocrx_word' id='word_1_227' title='bbox 2321 876 2511 939; x_wconf 82' lang='lat' dir='ltr'><strong>minor,</strong></span> <span class='ocrx_word' id='word_1_228' title='bbox 2545 873 2794 998; x_wconf 41' lang='lat' dir='ltr'><strong>filiaiam</strong></span> <span class='ocrx_word' id='word_1_229' title='bbox 2825 871 2933 927; x_wconf 79' lang='lat' dir='ltr'><strong>sive</strong></span> <span class='ocrx_word' id='word_1_230' title='bbox 2982 864 3421 949; x_wconf 61' lang='lat' dir='ltr'><strong>&#39;Pijtov,majus</strong></span> <span class='ocrx_word' id='word_1_231' title='bbox 3459 875 3508 917; x_wconf 77' lang='lat' dir='ltr'><strong>et</strong></span> 
     </span>
     <span class='ocr_line' id='line_1_38' title="bbox 2004 934 3508 998; baseline -0.008 0"><span class='ocrx_word' id='word_1_232' title='bbox 2004 948 2201 998; x_wconf 81' lang='lat' dir='ltr'><strong>minus.</strong></span> <span class='ocrx_word' id='word_1_233' title='bbox 2228 943 2509 998; x_wconf 77' lang='lat' dir='ltr'><strong>Melantias</strong></span> <span class='ocrx_word' id='word_1_234' title='bbox 2533 954 2583 996; x_wconf 84' lang='lat' dir='ltr'><strong>et</strong></span> <span class='ocrx_word' id='word_1_235' title='bbox 2667 943 2865 998; x_wconf 83' lang='lat' dir='ltr'><strong>elitias.</strong></span> <span class='ocrx_word' id='word_1_236' title='bbox 2890 940 3122 998; x_wconf 65' lang='lat' dir='ltr'><strong>Athyras</strong></span> <span class='ocrx_word' id='word_1_237' title='bbox 3149 940 3360 998; x_wconf 70' lang='lat' dir='ltr'><strong>ﬂuvius.</strong></span> <span class='ocrx_word' id='word_1_238' title='bbox 3380 934 3508 998; x_wconf 66' lang='lat' dir='ltr'><strong>(aly-</strong></span> 
     </span>
    </p>
   </div>
   <div class='ocr_carea' id='block_1_38' title="bbox 2004 934 3509 1020">
    <p class='ocr_par' dir='ltr' id='par_1_38' title="bbox 2004 934 3509 1020">
     <span class='ocr_line' id='line_1_39' title="bbox 2004 934 3509 1020; baseline -0.005 -22"><span class='ocrx_word' id='word_1_239' title='bbox 2004 948 2201 1020; x_wconf 64' lang='lat' dir='ltr'><strong>rninus,</strong></span> <span class='ocrx_word' id='word_1_240' title='bbox 2228 934 2584 1020; x_wconf 65' lang='lat' dir='ltr'><strong>Melantigset</strong></span> <span class='ocrx_word' id='word_1_241' title='bbox 2609 934 2865 1020; x_wconf 67' lang='lat' dir='ltr'><strong>Helitias.</strong></span> <span class='ocrx_word' id='word_1_242' title='bbox 2883 934 3122 1020; x_wconf 58' lang='lat' dir='ltr'><strong>magno</strong></span> <span class='ocrx_word' id='word_1_243' title='bbox 3148 938 3360 1020; x_wconf 58' lang='lat' dir='ltr'><strong>ﬂuidus.</strong></span> <span class='ocrx_word' id='word_1_244' title='bbox 3380 934 3509 1020; x_wconf 55' lang='lat' dir='ltr'><strong>(ily-</strong></span> 
     </span>
    </p>
   </div>
   <div class='ocr_carea' id='block_1_39' title="bbox 2002 1013 3505 1086">
    <p class='ocr_par' dir='ltr' id='par_1_39' title="bbox 2002 1013 3505 1086">
     <span class='ocr_line' id='line_1_40' title="bbox 2002 1013 3505 1086; baseline -0.009 -17"><span class='ocrx_word' id='word_1_245' title='bbox 2002 1014 2219 1086; x_wconf 74' lang='lat' dir='ltr'><strong>Itynero.</strong></span> <span class='ocrx_word' id='word_1_246' title='bbox 2241 1027 2418 1069; x_wconf 79' lang='lat' dir='ltr'><strong>votum</strong></span> <span class='ocrx_word' id='word_1_247' title='bbox 2444 1013 2785 1074; x_wconf 80' lang='lat' dir='ltr'><strong>Soleimanis,</strong></span> <span class='ocrx_word' id='word_1_248' title='bbox 2807 1013 3128 1081; x_wconf 77' lang='lat' dir='ltr'><strong>Athyrorum</strong></span> <span class='ocrx_word' id='word_1_249' title='bbox 3152 1013 3505 1075; x_wconf 78' lang='lat' dir='ltr'><strong>episcopatus.</strong></span> 
     </span>
    </p>
   </div>
   <div class='ocr_carea' id='block_1_40' title="bbox 2003 1120 3508 1198">
    <p class='ocr_par' dir='ltr' id='par_1_40' title="bbox 2003 1120 3508 1198">
     <span class='ocr_line' id='line_1_41' title="bbox 2003 1120 3508 1198; baseline -0.006 -15"><span class='ocrx_word' id='word_1_250' title='bbox 2003 1128 2209 1185; x_wconf 86' lang='lat' dir='ltr'><strong>Nomen</strong></span> <span class='ocrx_word' id='word_1_251' title='bbox 2241 1128 2437 1185; x_wconf 85' lang='lat' dir='ltr'><strong>Zecme</strong></span> <span class='ocrx_word' id='word_1_252' title='bbox 2467 1127 2924 1198; x_wconf 82' lang='lat' dir='ltr'><strong>significationem</strong></span> <span class='ocrx_word' id='word_1_253' title='bbox 2962 1124 3019 1180; x_wconf 91' lang='lat' dir='ltr'><strong>in</strong></span> <span class='ocrx_word' id='word_1_254' title='bbox 3053 1125 3240 1195; x_wconf 92' lang='lat' dir='ltr'><strong>lingua</strong></span> <span class='ocrx_word' id='word_1_255' title='bbox 3267 1120 3508 1177; x_wconf 82' lang='lat' dir='ltr'><strong>Turcica</strong></span> 
     </span>
    </p>
   </div>
   <div class='ocr_carea' id='block_1_41' title="bbox 1931 1214 3506 1294">
    <p class='ocr_par' dir='ltr' id='par_1_41' title="bbox 1931 1214 3506 1294">
     <span class='ocr_line' id='line_1_42' title="bbox 1931 1214 3506 1294; baseline -0.006 -16"><span class='ocrx_word' id='word_1_256' title='bbox 1931 1224 2141 1278; x_wconf 86' lang='lat' dir='ltr'><strong>nullam</strong></span> <span class='ocrx_word' id='word_1_257' title='bbox 2165 1223 2349 1278; x_wconf 82' lang='lat' dir='ltr'><strong>habet.</strong></span> <span class='ocrx_word' id='word_1_258' title='bbox 2415 1224 2821 1294; x_wconf 87' lang='lat' dir='ltr'><strong>Quaproptera</strong></span> <span class='ocrx_word' id='word_1_259' title='bbox 2891 1219 3100 1276; x_wconf 65' lang='lat' dir='ltr'><strong>Gracia</strong></span> <span class='ocrx_word' id='word_1_260' title='bbox 3165 1217 3231 1272; x_wconf 91' lang='lat' dir='ltr'><strong>ad</strong></span> <span class='ocrx_word' id='word_1_261' title='bbox 3290 1214 3506 1270; x_wconf 83' lang='lat' dir='ltr'><strong>Turcos</strong></span> 
     </span>
    </p>
   </div>
   <div class='ocr_carea' id='block_1_42' title="bbox 1934 1308 3502 1384">
    <p class='ocr_par' dir='ltr' id='par_1_42' title="bbox 1934 1308 3502 1384">
     <span class='ocr_line' id='line_1_43' title="bbox 1934 1308 3502 1384; baseline -0.005 -16"><span class='ocrx_word' id='word_1_262' title='bbox 1934 1316 2473 1383; x_wconf 86' lang='lat' dir='ltr'><strong>velutususcapione</strong></span> <span class='ocrx_word' id='word_1_263' title='bbox 2505 1316 2740 1384; x_wconf 84' lang='lat' dir='ltr'><strong>quadam</strong></span> <span class='ocrx_word' id='word_1_264' title='bbox 2803 1312 3122 1384; x_wconf 78' lang='lat' dir='ltr'><strong>pervenisse</strong></span> <span class='ocrx_word' id='word_1_265' title='bbox 3174 1308 3441 1375; x_wconf 83' lang='lat' dir='ltr'><strong>arbitror,</strong></span> <span class='ocrx_word' id='word_1_266' title='bbox 3469 1322 3502 1360; x_wconf 88' lang='lat' dir='ltr'><strong>a</strong></span> 
     </span>
    </p>
   </div>
   <div class='ocr_carea' id='block_1_43' title="bbox 1933 1402 3507 1479">
    <p class='ocr_par' dir='ltr' id='par_1_43' title="bbox 1933 1402 3507 1479">
     <span class='ocr_line' id='line_1_44' title="bbox 1933 1402 3507 1479; baseline -0.003 -18"><span class='ocrx_word' id='word_1_267' title='bbox 1933 1407 2171 1478; x_wconf 80' lang='lat' dir='ltr'><strong>Zeugma</strong></span> <span class='ocrx_word' id='word_1_268' title='bbox 2208 1408 2291 1463; x_wconf 88' lang='lat' dir='ltr'><strong>vel</strong></span> <span class='ocrx_word' id='word_1_269' title='bbox 2314 1408 2578 1479; x_wconf 85' lang='lat' dir='ltr'><strong>Zeugmin</strong></span> <span class='ocrx_word' id='word_1_270' title='bbox 2605 1409 2912 1463; x_wconf 82' lang='lat' dir='ltr'><strong>derivatum</strong></span> <span class='ocrx_word' id='word_1_271' title='bbox 2940 1425 2955 1462; x_wconf 87' lang='lat'><strong>:</strong></span> <span class='ocrx_word' id='word_1_272' title='bbox 3000 1406 3050 1461; x_wconf 89' lang='lat' dir='ltr'><strong>id</strong></span> <span class='ocrx_word' id='word_1_273' title='bbox 3079 1413 3186 1471; x_wconf 87' lang='lat' dir='ltr'><strong>est,</strong></span> <span class='ocrx_word' id='word_1_274' title='bbox 3220 1419 3249 1457; x_wconf 82' lang='lat' dir='ltr'><strong>a</strong></span> <span class='ocrx_word' id='word_1_275' title='bbox 3277 1402 3507 1472; x_wconf 83' lang='lat' dir='ltr'><strong>junctu-</strong></span> 
     </span>
    </p>
   </div>
   <div class='ocr_carea' id='block_1_44' title="bbox 1933 1493 3506 1568">
    <p class='ocr_par' dir='ltr' id='par_1_44' title="bbox 1933 1493 3506 1568">
     <span class='ocr_line' id='line_1_45' title="bbox 1933 1493 3506 1568; baseline -0.003 -17"><span class='ocrx_word' id='word_1_276' title='bbox 1933 1498 2009 1552; x_wconf 90' lang='lat' dir='ltr'><strong>ris</strong></span> <span class='ocrx_word' id='word_1_277' title='bbox 2035 1499 2305 1567; x_wconf 84' lang='lat' dir='ltr'><strong>pontium.</strong></span> <span class='ocrx_word' id='word_1_278' title='bbox 2341 1498 2542 1565; x_wconf 87' lang='lat' dir='ltr'><strong>quibus</strong></span> <span class='ocrx_word' id='word_1_279' title='bbox 2570 1499 2851 1568; x_wconf 86' lang='lat' dir='ltr'><strong>elegantes</strong></span> <span class='ocrx_word' id='word_1_280' title='bbox 2879 1498 2990 1552; x_wconf 90' lang='lat' dir='ltr'><strong>duo</strong></span> <span class='ocrx_word' id='word_1_281' title='bbox 3042 1495 3398 1567; x_wconf 86' lang='lat' dir='ltr'><strong>Pr0p0ntidis</strong></span> <span class='ocrx_word' id='word_1_282' title='bbox 3425 1493 3506 1549; x_wconf 56' lang='lat' dir='ltr'><strong>sic</strong></span> 
     </span>
    </p>
   </div>
   <div class='ocr_carea' id='block_1_45' title="bbox 1934 1587 3508 1659">
    <p class='ocr_par' dir='ltr' id='par_1_45' title="bbox 1934 1587 3508 1659">
     <span class='ocr_line' id='line_1_46' title="bbox 1934 1587 3508 1659; baseline -0.003 -15"><span class='ocrx_word' id='word_1_283' title='bbox 1934 1605 2037 1645; x_wconf 89' lang='lat' dir='ltr'><strong>nus</strong></span> <span class='ocrx_word' id='word_1_284' title='bbox 2066 1588 2181 1643; x_wconf 90' lang='lat' dir='ltr'><strong>illic</strong></span> <span class='ocrx_word' id='word_1_285' title='bbox 2208 1598 2551 1652; x_wconf 84' lang='lat' dir='ltr'><strong>sternuntur.</strong></span> <span class='ocrx_word' id='word_1_286' title='bbox 2604 1590 2657 1644; x_wconf 88' lang='lat' dir='ltr'><strong>i-n</strong></span> <span class='ocrx_word' id='word_1_287' title='bbox 2684 1604 2917 1659; x_wconf 87' lang='lat' dir='ltr'><strong>quorum</strong></span> <span class='ocrx_word' id='word_1_288' title='bbox 2940 1588 3175 1643; x_wconf 87' lang='lat' dir='ltr'><strong>alterum</strong></span> <span class='ocrx_word' id='word_1_289' title='bbox 3240 1587 3317 1641; x_wconf 91' lang='lat' dir='ltr'><strong>ad</strong></span> <span class='ocrx_word' id='word_1_290' title='bbox 3374 1587 3508 1641; x_wconf 86' lang='lat' dir='ltr'><strong>Zec-</strong></span> 
     </span>
    </p>
   </div>
   <div class='ocr_carea' id='block_1_46' title="bbox 1934 1677 3502 1750">
    <p class='ocr_par' dir='ltr' id='par_1_46' title="bbox 1934 1677 3502 1750">
     <span class='ocr_line' id='line_1_47' title="bbox 1934 1677 3502 1750; baseline -0.002 -17"><span class='ocrx_word' id='word_1_291' title='bbox 1934 1696 2055 1734; x_wconf 90' lang='lat' dir='ltr'><strong>men</strong></span> <span class='ocrx_word' id='word_1_292' title='bbox 2082 1681 2349 1734; x_wconf 88' lang='lat' dir='ltr'><strong>minorem</strong></span> <span class='ocrx_word' id='word_1_293' title='bbox 2376 1695 2437 1733; x_wconf 90' lang='lat' dir='ltr'><strong>se</strong></span> <span class='ocrx_word' id='word_1_294' title='bbox 2463 1678 2659 1735; x_wconf 87' lang='lat' dir='ltr'><strong>fluvius</strong></span> <span class='ocrx_word' id='word_1_295' title='bbox 2682 1680 2915 1750; x_wconf 81' lang='lat' dir='ltr'><strong>Athyras</strong></span> <span class='ocrx_word' id='word_1_296' title='bbox 2937 1678 3190 1734; x_wconf 69' lang='lat' dir='ltr'><strong>edundit.</strong></span> <span class='ocrx_word' id='word_1_297' title='bbox 3228 1677 3329 1731; x_wconf 87' lang='lat' dir='ltr'><strong>Est</strong></span> <span class='ocrx_word' id='word_1_298' title='bbox 3354 1677 3502 1731; x_wconf 91' lang='lat' dir='ltr'><strong>enim</strong></span> 
     </span>
    </p>
   </div>
   <div class='ocr_carea' id='block_1_47' title="bbox 1926 1768 3495 1840">
    <p class='ocr_par' dir='ltr' id='par_1_47' title="bbox 1926 1768 3495 1840">
     <span class='ocr_line' id='line_1_48' title="bbox 1926 1768 3495 1840; baseline -0.003 -14"><span class='ocrx_word' id='word_1_299' title='bbox 1926 1771 2123 1827; x_wconf 84' lang='lat' dir='ltr'><strong>Zecme</strong></span> <span class='ocrx_word' id='word_1_300' title='bbox 2160 1772 2364 1834; x_wconf 88' lang='lat' dir='ltr'><strong>minor,</strong></span> <span class='ocrx_word' id='word_1_301' title='bbox 2398 1770 2482 1825; x_wconf 88' lang='lat' dir='ltr'><strong>vel</strong></span> <span class='ocrx_word' id='word_1_302' title='bbox 2536 1770 3035 1840; x_wconf 86' lang='lat' dir='ltr'><strong>comepolichnion,</strong></span> <span class='ocrx_word' id='word_1_303' title='bbox 3067 1769 3152 1824; x_wconf 92' lang='lat' dir='ltr'><strong>vel</strong></span> <span class='ocrx_word' id='word_1_304' title='bbox 3176 1768 3495 1839; x_wconf 85' lang='lat' dir='ltr'><strong>oppidulum</strong></span> 
     </span>
    </p>
   </div>
   <div class='ocr_carea' id='block_1_48' title="bbox 1928 1861 3498 1929">
    <p class='ocr_par' dir='ltr' id='par_1_48' title="bbox 1928 1861 3498 1929">
     <span class='ocr_line' id='line_1_49' title="bbox 1928 1861 3498 1929; baseline -0.003 -9"><span class='ocrx_word' id='word_1_305' title='bbox 1928 1865 2084 1929; x_wconf 91' lang='lat' dir='ltr'><strong>illud,</strong></span> <span class='ocrx_word' id='word_1_306' title='bbox 2115 1864 2304 1919; x_wconf 87' lang='lat' dir='ltr'><strong>multis</strong></span> <span class='ocrx_word' id='word_1_307' title='bbox 2338 1864 2584 1918; x_wconf 80' lang='lat' dir='ltr'><strong>cinctum</strong></span> <span class='ocrx_word' id='word_1_308' title='bbox 2636 1863 3065 1928; x_wconf 73' lang='lat' dir='ltr'><strong>mmnibus;cui</strong></span> <span class='ocrx_word' id='word_1_309' title='bbox 3111 1876 3261 1917; x_wconf 90' lang='lat' dir='ltr'><strong>nunc</strong></span> <span class='ocrx_word' id='word_1_310' title='bbox 3322 1861 3498 1916; x_wconf 82' lang='lat' dir='ltr'><strong>Ponto</strong></span> 
     </span>
    </p>
   </div>
   <div class='ocr_carea' id='block_1_49' title="bbox 1926 1955 3501 2029">
    <p class='ocr_par' dir='ltr' id='par_1_49' title="bbox 1926 1955 3501 2029">
     <span class='ocr_line' id='line_1_50' title="bbox 1926 1955 3501 2029; baseline -0.003 -15"><span class='ocrx_word' id='word_1_311' title='bbox 1926 1957 2142 2029; x_wconf 85' lang='lat' dir='ltr'><strong>piccolo</strong></span> <span class='ocrx_word' id='word_1_312' title='bbox 2167 1970 2365 2012; x_wconf 73' lang='lat' dir='ltr'><strong>noiuen</strong></span> <span class='ocrx_word' id='word_1_313' title='bbox 2387 1965 2470 2012; x_wconf 88' lang='lat' dir='ltr'><strong>est</strong></span> <span class='ocrx_word' id='word_1_314' title='bbox 2495 1955 2767 2022; x_wconf 85' lang='lat' dir='ltr'><strong>Italicum,</strong></span> <span class='ocrx_word' id='word_1_315' title='bbox 2792 1973 2822 2011; x_wconf 89' lang='lat' dir='ltr'><strong>a</strong></span> <span class='ocrx_word' id='word_1_316' title='bbox 2859 1957 3056 2012; x_wconf 90' lang='lat' dir='ltr'><strong>minori</strong></span> <span class='ocrx_word' id='word_1_317' title='bbox 3107 1965 3297 2026; x_wconf 89' lang='lat' dir='ltr'><strong>ponte.</strong></span> <span class='ocrx_word' id='word_1_318' title='bbox 3334 1955 3501 2010; x_wconf 84' lang='lat' dir='ltr'><strong>Facta</strong></span> 
     </span>
    </p>
   </div>
   <div class='ocr_carea' id='block_1_50' title="bbox 1926 2049 3502 2122">
    <p class='ocr_par' dir='ltr' id='par_1_50' title="bbox 1926 2049 3502 2122">
     <span class='ocr_line' id='line_1_51' title="bbox 1926 2049 3502 2122; baseline -0.002 -17"><span class='ocrx_word' id='word_1_319' title='bbox 1926 2049 2032 2106; x_wconf 89' lang='lat' dir='ltr'><strong>fuit</strong></span> <span class='ocrx_word' id='word_1_320' title='bbox 2066 2051 2186 2122; x_wconf 89' lang='lat' dir='ltr'><strong>ejus</strong></span> <span class='ocrx_word' id='word_1_321' title='bbox 2222 2052 2430 2106; x_wconf 89' lang='lat' dir='ltr'><strong>mentio</strong></span> <span class='ocrx_word' id='word_1_322' title='bbox 2487 2064 2681 2121; x_wconf 86' lang='lat' dir='ltr'><strong>supra,</strong></span> <span class='ocrx_word' id='word_1_323' title='bbox 2763 2050 2946 2120; x_wconf 83' lang='lat' dir='ltr'><strong>capite</strong></span> <span class='ocrx_word' id='word_1_324' title='bbox 3002 2050 3267 2107; x_wconf 86' lang='lat' dir='ltr'><strong>vicesimo</strong></span> <span class='ocrx_word' id='word_1_325' title='bbox 3323 2060 3502 2104; x_wconf 77' lang='lat' dir='ltr'><strong>sexto.</strong></span> 
     </span>
    </p>
   </div>
   <div class='ocr_carea' id='block_1_51' title="bbox 1927 2142 3501 2215">
    <p class='ocr_par' dir='ltr' id='par_1_51' title="bbox 1927 2142 3501 2215">
     <span class='ocr_line' id='line_1_52' title="bbox 1927 2142 3501 2215; baseline -0.003 -16"><span class='ocrx_word' id='word_1_326' title='bbox 1927 2144 2108 2199; x_wconf 79' lang='lat' dir='ltr'><strong>Minor</strong></span> <span class='ocrx_word' id='word_1_327' title='bbox 2146 2153 2331 2200; x_wconf 89' lang='lat' dir='ltr'><strong>autem</strong></span> <span class='ocrx_word' id='word_1_328' title='bbox 2367 2144 2590 2211; x_wconf 74' lang='lat' dir='ltr'><strong>Zecme.</strong></span> <span class='ocrx_word' id='word_1_329' title='bbox 2649 2147 2797 2201; x_wconf 80' lang='lat' dir='ltr'><strong>sicut</strong></span> <span class='ocrx_word' id='word_1_330' title='bbox 2851 2153 2906 2200; x_wconf 92' lang='lat' dir='ltr'><strong>et</strong></span> <span class='ocrx_word' id='word_1_331' title='bbox 2979 2159 3119 2215; x_wconf 91' lang='lat' dir='ltr'><strong>pons</strong></span> <span class='ocrx_word' id='word_1_332' title='bbox 3177 2144 3380 2206; x_wconf 89' lang='lat' dir='ltr'><strong>minor.</strong></span> <span class='ocrx_word' id='word_1_333' title='bbox 3431 2142 3501 2196; x_wconf 86' lang='lat' dir='ltr'><strong>ad</strong></span> 
     </span>
    </p>
   </div>
   <div class='ocr_carea' id='block_1_52' title="bbox 1925 2236 3505 2309">
    <p class='ocr_par' dir='ltr' id='par_1_52' title="bbox 1925 2236 3505 2309">
     <span class='ocr_line' id='line_1_53' title="bbox 1925 2236 3505 2309; baseline -0.003 -14"><span class='ocrx_word' id='word_1_334' title='bbox 1925 2239 2224 2295; x_wconf 89' lang='lat' dir='ltr'><strong>discrimen</strong></span> <span class='ocrx_word' id='word_1_335' title='bbox 2248 2238 2475 2305; x_wconf 88' lang='lat' dir='ltr'><strong>majoris</strong></span> <span class='ocrx_word' id='word_1_336' title='bbox 2503 2238 2731 2303; x_wconf 85' lang='lat' dir='ltr'><strong>dicitur,</strong></span> <span class='ocrx_word' id='word_1_337' title='bbox 2778 2236 2992 2309; x_wconf 89' lang='lat' dir='ltr'><strong>longius</strong></span> <span class='ocrx_word' id='word_1_338' title='bbox 3015 2237 3084 2292; x_wconf 85' lang='lat' dir='ltr'><strong>ab</strong></span> <span class='ocrx_word' id='word_1_339' title='bbox 3119 2237 3254 2291; x_wconf 90' lang='lat' dir='ltr'><strong>urbe</strong></span> <span class='ocrx_word' id='word_1_340' title='bbox 3309 2249 3505 2291; x_wconf 86' lang='lat' dir='ltr'><strong>versus</strong></span> 
     </span>
    </p>
   </div>
   <div class='ocr_carea' id='block_1_53' title="bbox 1926 2327 3508 2403">
    <p class='ocr_par' dir='ltr' id='par_1_53' title="bbox 1926 2327 3508 2403">
     <span class='ocr_line' id='line_1_54' title="bbox 1926 2327 3508 2403; baseline -0.002 -18"><span class='ocrx_word' id='word_1_341' title='bbox 1926 2327 2209 2385; x_wconf 86' lang='lat' dir='ltr'><strong>Siliuriam</strong></span> <span class='ocrx_word' id='word_1_342' title='bbox 2238 2332 2519 2386; x_wconf 83' lang='lat' dir='ltr'><strong>distantis.</strong></span> <span class='ocrx_word' id='word_1_343' title='bbox 2543 2330 2886 2386; x_wconf 83' lang='lat' dir='ltr'><strong>Theodosius</strong></span> <span class='ocrx_word' id='word_1_344' title='bbox 2916 2329 3244 2403; x_wconf 83' lang='lat' dir='ltr'><strong>Zygomalas</strong></span> <span class='ocrx_word' id='word_1_345' title='bbox 3279 2329 3508 2400; x_wconf 83' lang='lat' dir='ltr'><strong>putabat</strong></span> 
     </span>
    </p>
   </div>
   <div class='ocr_carea' id='block_1_54' title="bbox 1926 2422 3507 2494">
    <p class='ocr_par' dir='ltr' id='par_1_54' title="bbox 1926 2422 3507 2494">
     <span class='ocr_line' id='line_1_55' title="bbox 1926 2422 3507 2494; baseline 0.002 -19"><span class='ocrx_word' id='word_1_346' title='bbox 1926 2424 2168 2493; x_wconf 87' lang='lat' dir='ltr'><strong>antiquis</strong></span> <span class='ocrx_word' id='word_1_347' title='bbox 2193 2424 2534 2493; x_wconf 87' lang='lat' dir='ltr'><strong>temporibus</strong></span> <span class='ocrx_word' id='word_1_348' title='bbox 2597 2424 2804 2480; x_wconf 90' lang='lat' dir='ltr'><strong>dictum</strong></span> <span class='ocrx_word' id='word_1_349' title='bbox 2868 2424 3038 2481; x_wconf 86' lang='lat' dir='ltr'><strong>fuisse</strong></span> <span class='ocrx_word' id='word_1_350' title='bbox 3085 2422 3330 2494; x_wconf 81' lang='grc' dir='ltr'><strong>Ῥήγιον,</strong></span> <span class='ocrx_word' id='word_1_351' title='bbox 3387 2424 3507 2479; x_wconf 87' lang='lat' dir='ltr'><strong>sive</strong></span> 
     </span>
    </p>
   </div>
   <div class='ocr_carea' id='block_1_55' title="bbox 1926 2514 3508 2587">
    <p class='ocr_par' dir='ltr' id='par_1_55' title="bbox 1926 2514 3508 2587">
     <span class='ocr_line' id='line_1_56' title="bbox 1926 2514 3508 2587; baseline 0.002 -19"><span class='ocrx_word' id='word_1_352' title='bbox 1926 2514 2217 2585; x_wconf 76' lang='lat' dir='ltr'><strong>Rhegium,</strong></span> <span class='ocrx_word' id='word_1_353' title='bbox 2252 2516 2430 2585; x_wconf 86' lang='lat' dir='ltr'><strong>majus</strong></span> <span class='ocrx_word' id='word_1_354' title='bbox 2458 2525 2513 2570; x_wconf 84' lang='lat' dir='ltr'><strong>et</strong></span> <span class='ocrx_word' id='word_1_355' title='bbox 2563 2518 2773 2580; x_wconf 89' lang='lat' dir='ltr'><strong>minus.</strong></span> <span class='ocrx_word' id='word_1_356' title='bbox 2803 2525 2859 2573; x_wconf 90' lang='lat' dir='ltr'><strong>et</strong></span> <span class='ocrx_word' id='word_1_357' title='bbox 2903 2526 3202 2587; x_wconf 90' lang='lat' dir='ltr'><strong>utrumque</strong></span> <span class='ocrx_word' id='word_1_358' title='bbox 3235 2517 3508 2572; x_wconf 82' lang='lat' dir='ltr'><strong>Constan—</strong></span> 
     </span>
    </p>
   </div>
   <div class='ocr_carea' id='block_1_56' title="bbox 1924 2605 3508 2676">
    <p class='ocr_par' dir='ltr' id='par_1_56' title="bbox 1924 2605 3508 2676">
     <span class='ocr_line' id='line_1_57' title="bbox 1924 2605 3508 2676; baseline 0.003 -17"><span class='ocrx_word' id='word_1_359' title='bbox 1924 2606 2026 2659; x_wconf 89' lang='lat' dir='ltr'><strong>tini</strong></span> <span class='ocrx_word' id='word_1_360' title='bbox 2062 2605 2241 2675; x_wconf 76' lang='lat' dir='ltr'><strong>Magni</strong></span> <span class='ocrx_word' id='word_1_361' title='bbox 2282 2621 2421 2676; x_wconf 89' lang='lat' dir='ltr'><strong>opus</strong></span> <span class='ocrx_word' id='word_1_362' title='bbox 2457 2607 2651 2664; x_wconf 87' lang='lat' dir='ltr'><strong>fuisse.</strong></span> <span class='ocrx_word' id='word_1_363' title='bbox 2708 2609 2871 2674; x_wconf 85' lang='lat' dir='ltr'><strong>Quod</strong></span> <span class='ocrx_word' id='word_1_364' title='bbox 2928 2612 2975 2666; x_wconf 89' lang='lat' dir='ltr'><strong>si</strong></span> <span class='ocrx_word' id='word_1_365' title='bbox 3028 2626 3217 2665; x_wconf 90' lang='lat' dir='ltr'><strong>verum</strong></span> <span class='ocrx_word' id='word_1_366' title='bbox 3278 2619 3386 2676; x_wconf 88' lang='lat' dir='ltr'><strong>est,</strong></span> <span class='ocrx_word' id='word_1_367' title='bbox 3448 2618 3508 2664; x_wconf 88' lang='lat' dir='ltr'><strong>ut</strong></span> 
     </span>
    </p>
   </div>
   <div class='ocr_carea' id='block_1_57' title="bbox 1925 2700 3504 2775">
    <p class='ocr_par' dir='ltr' id='par_1_57' title="bbox 1925 2700 3504 2775">
     <span class='ocr_line' id='line_1_58' title="bbox 1925 2700 3504 2775; baseline 0.004 -23"><span class='ocrx_word' id='word_1_368' title='bbox 1925 2700 2175 2769; x_wconf 84' lang='lat' dir='ltr'><strong>equidem</strong></span> <span class='ocrx_word' id='word_1_369' title='bbox 2213 2716 2321 2755; x_wconf 90' lang='lat' dir='ltr'><strong>non</strong></span> <span class='ocrx_word' id='word_1_370' title='bbox 2355 2701 2568 2767; x_wconf 84' lang='lat' dir='ltr'><strong>dubito,</strong></span> <span class='ocrx_word' id='word_1_371' title='bbox 2610 2702 2946 2775; x_wconf 84' lang='lat' dir='ltr'><strong>intelligetur</strong></span> <span class='ocrx_word' id='word_1_372' title='bbox 2999 2704 3193 2774; x_wconf 81' lang='lat' dir='ltr'><strong>Rhegii</strong></span> <span class='ocrx_word' id='word_1_373' title='bbox 3274 2705 3504 2760; x_wconf 87' lang='lat' dir='ltr'><strong>nomine</strong></span> 
     </span>
    </p>
   </div>
   <div class='ocr_carea' id='block_1_58' title="bbox 1925 2788 3504 2863">
    <p class='ocr_par' dir='ltr' id='par_1_58' title="bbox 1925 2788 3504 2863">
     <span class='ocr_line' id='line_1_59' title="bbox 1925 2788 3504 2863; baseline 0.005 -20"><span class='ocrx_word' id='word_1_374' title='bbox 1925 2788 2085 2845; x_wconf 86' lang='lat' dir='ltr'><strong>Parvi</strong></span> <span class='ocrx_word' id='word_1_375' title='bbox 2115 2790 2300 2848; x_wconf 90' lang='lat' dir='ltr'><strong>Pontis</strong></span> <span class='ocrx_word' id='word_1_376' title='bbox 2331 2792 2686 2863; x_wconf 78' lang='lat' dir='ltr'><strong>Oppidulum,</strong></span> <span class='ocrx_word' id='word_1_377' title='bbox 2725 2794 2842 2851; x_wconf 84' lang='lat' dir='ltr'><strong>sive</strong></span> <span class='ocrx_word' id='word_1_378' title='bbox 2894 2795 3107 2850; x_wconf 77' lang='lat' dir='ltr'><strong>Zecmae</strong></span> <span class='ocrx_word' id='word_1_379' title='bbox 3132 2796 3393 2860; x_wconf 86' lang='lat' dir='ltr'><strong>minoris.</strong></span> <span class='ocrx_word' id='word_1_380' title='bbox 3447 2797 3504 2851; x_wconf 89' lang='lat' dir='ltr'><strong>in</strong></span> 
     </span>
    </p>
   </div>
   <div class='ocr_carea' id='block_1_59' title="bbox 1928 2883 3504 2961">
    <p class='ocr_par' dir='ltr' id='par_1_59' title="bbox 1928 2883 3504 2961">
     <span class='ocr_line' id='line_1_60' title="bbox 1928 2883 3504 2961; baseline 0.006 -23"><span class='ocrx_word' id='word_1_381' title='bbox 1928 2883 2157 2939; x_wconf 85' lang='lat' dir='ltr'><strong>historia</strong></span> <span class='ocrx_word' id='word_1_382' title='bbox 2181 2884 2371 2940; x_wconf 64' lang='lat' dir='ltr'><strong>Graeca</strong></span> <span class='ocrx_word' id='word_1_383' title='bbox 2406 2888 2806 2958; x_wconf 75' lang='lat' dir='ltr'><strong>manuscripts.</strong></span> <span class='ocrx_word' id='word_1_384' title='bbox 2836 2890 2998 2944; x_wconf 90' lang='lat' dir='ltr'><strong>titulo</strong></span> <span class='ocrx_word' id='word_1_385' title='bbox 3029 2900 3276 2955; x_wconf 88' lang='lat' dir='ltr'><strong>carente.</strong></span> <span class='ocrx_word' id='word_1_386' title='bbox 3343 2892 3504 2961; x_wconf 84' lang='lat' dir='ltr'><strong>cujus</strong></span> 
     </span>
    </p>
   </div>
   <div class='ocr_carea' id='block_1_60' title="bbox 1925 2978 3503 3053">
    <p class='ocr_par' dir='ltr' id='par_1_60' title="bbox 1925 2978 3503 3053">
     <span class='ocr_line' id='line_1_61' title="bbox 1925 2978 3503 3053; baseline 0.005 -20"><span class='ocrx_word' id='word_1_387' title='bbox 1925 2978 2105 3033; x_wconf 91' lang='lat' dir='ltr'><strong>obiter</strong></span> <span class='ocrx_word' id='word_1_388' title='bbox 2167 2980 2520 3034; x_wconf 86' lang='lat' dir='ltr'><strong>meminimus</strong></span> <span class='ocrx_word' id='word_1_389' title='bbox 2566 2981 2746 3051; x_wconf 86' lang='lat' dir='ltr'><strong>capite</strong></span> <span class='ocrx_word' id='word_1_390' title='bbox 2792 2983 3028 3048; x_wconf 89' lang='lat' dir='ltr'><strong>decimo,</strong></span> <span class='ocrx_word' id='word_1_391' title='bbox 3084 3000 3208 3040; x_wconf 90' lang='lat' dir='ltr'><strong>cum</strong></span> <span class='ocrx_word' id='word_1_392' title='bbox 3270 2996 3503 3053; x_wconf 88' lang='lat' dir='ltr'><strong>narrat,</strong></span> 
     </span>
    </p>
   </div>
   <div class='ocr_carea' id='block_1_61' title="bbox 250 3063 3504 3150">
    <p class='ocr_par' dir='ltr' id='par_1_61' title="bbox 250 3063 3504 3150">
     <span class='ocr_line' id='line_1_62' title="bbox 250 3063 3504 3150; baseline 0.004 -33"><span class='ocrx_word' id='word_1_393' title='bbox 250 3063 472 3119; x_wconf 83' lang='lat' dir='ltr'><strong>Sinauis</strong></span> <span class='ocrx_word' id='word_1_394' title='bbox 501 3066 638 3120; x_wconf 79' lang='lat' dir='ltr'><strong>lllios</strong></span> <span class='ocrx_word' id='word_1_395' title='bbox 662 3067 1052 3123; x_wconf 78' lang='lat' dir='ltr'><strong>Mucbemetcm</strong></span> <span class='ocrx_word' id='word_1_396' title='bbox 1079 3079 1134 3123; x_wconf 91' lang='lat' dir='ltr'><strong>et</strong></span> <span class='ocrx_word' id='word_1_397' title='bbox 1186 3071 1497 3132; x_wconf 88' lang='lat' dir='ltr'><strong>Aladinem.</strong></span> <span class='ocrx_word' id='word_1_398' title='bbox 1536 3071 1822 3139; x_wconf 61' lang='lat' dir='ltr'><strong>Laranda&#39;,</strong></span> <span class='ocrx_word' id='word_1_399' title='bbox 1848 3084 1897 3150; x_wconf 73' lang='grc' dir='ltr'>ο</span> <span class='ocrx_word' id='word_1_400' title='bbox 1931 3070 2235 3139; x_wconf 85' lang='lat' dir='ltr'><strong>imperante</strong></span> <span class='ocrx_word' id='word_1_401' title='bbox 2267 3071 2580 3128; x_wconf 73' lang='lat' dir='ltr'><strong>Iustiniano</strong></span> <span class='ocrx_word' id='word_1_402' title='bbox 2602 3074 2802 3144; x_wconf 90' lang='lat' dir='ltr'><strong>primo,</strong></span> <span class='ocrx_word' id='word_1_403' title='bbox 2835 3076 2988 3146; x_wconf 90' lang='lat' dir='ltr'><strong>gravi</strong></span> <span class='ocrx_word' id='word_1_404' title='bbox 3027 3085 3187 3133; x_wconf 65' lang='lat' dir='ltr'><strong>terra;</strong></span> <span class='ocrx_word' id='word_1_405' title='bbox 3218 3088 3369 3135; x_wconf 88' lang='lat' dir='ltr'><strong>motu</strong></span> <span class='ocrx_word' id='word_1_406' title='bbox 3398 3093 3504 3134; x_wconf 91' lang='lat' dir='ltr'><strong>non</strong></span> 
     </span>
    </p>
   </div>
   <div class='ocr_carea' id='block_1_62' title="bbox 248 3156 1827 3230">
    <p class='ocr_par' dir='ltr' id='par_1_62' title="bbox 248 3156 1827 3230">
     <span class='ocr_line' id='line_1_63' title="bbox 248 3156 1827 3230; baseline 0.005 -19"><span class='ocrx_word' id='word_1_407' title='bbox 248 3156 589 3211; x_wconf 57' lang='lat' dir='ltr'><strong>Garamante</strong></span> <span class='ocrx_word' id='word_1_408' title='bbox 612 3162 833 3228; x_wconf 78' lang='lat' dir='ltr'><strong>Oppido,</strong></span> <span class='ocrx_word' id='word_1_409' title='bbox 868 3161 937 3215; x_wconf 89' lang='lat' dir='ltr'><strong>de</strong></span> <span class='ocrx_word' id='word_1_410' title='bbox 962 3177 1071 3230; x_wconf 90' lang='lat' dir='ltr'><strong>quo</strong></span> <span class='ocrx_word' id='word_1_411' title='bbox 1107 3163 1285 3230; x_wconf 84' lang='lat' dir='ltr'><strong>capite</strong></span> <span class='ocrx_word' id='word_1_412' title='bbox 1324 3162 1422 3216; x_wconf 79' lang='grc'>167</span> <span class='ocrx_word' id='word_1_413' title='bbox 1460 3164 1690 3226; x_wconf 79' lang='lat' dir='ltr'><strong>dictum.</strong></span> <span class='ocrx_word' id='word_1_414' title='bbox 1722 3165 1827 3219; x_wconf 75' lang='lat' dir='ltr'><strong>ob-</strong></span> 
     </span>
    </p>
   </div>
   <div class='ocr_carea' id='block_1_63' title="bbox 250 3250 1826 3324">
    <p class='ocr_par' dir='ltr' id='par_1_63' title="bbox 250 3250 1826 3324">
     <span class='ocr_line' id='line_1_64' title="bbox 250 3250 1826 3324; baseline 0.003 -19"><span class='ocrx_word' id='word_1_415' title='bbox 250 3250 397 3305; x_wconf 82' lang='lat' dir='ltr'><strong>sedit</strong></span> <span class='ocrx_word' id='word_1_416' title='bbox 421 3258 477 3304; x_wconf 86' lang='lat' dir='ltr'><strong>ct</strong></span> <span class='ocrx_word' id='word_1_417' title='bbox 504 3250 668 3319; x_wconf 89' lang='lat' dir='ltr'><strong>cepit.</strong></span> <span class='ocrx_word' id='word_1_418' title='bbox 706 3251 834 3317; x_wconf 81' lang='lat' dir='ltr'><strong>Ejus</strong></span> <span class='ocrx_word' id='word_1_419' title='bbox 867 3254 945 3306; x_wconf 85' lang='lat' dir='ltr'><strong>rei</strong></span> <span class='ocrx_word' id='word_1_420' title='bbox 980 3267 1147 3307; x_wconf 89' lang='lat' dir='ltr'><strong>causa</strong></span> <span class='ocrx_word' id='word_1_421' title='bbox 1173 3268 1297 3307; x_wconf 91' lang='lat' dir='ltr'><strong>cum</strong></span> <span class='ocrx_word' id='word_1_422' title='bbox 1332 3254 1577 3323; x_wconf 83' lang='lat' dir='ltr'><strong>graviter</strong></span> <span class='ocrx_word' id='word_1_423' title='bbox 1607 3267 1638 3307; x_wconf 91' lang='lat' dir='ltr'><strong>a</strong></span> <span class='ocrx_word' id='word_1_424' title='bbox 1670 3265 1826 3324; x_wconf 87' lang='lat' dir='ltr'><strong>patre</strong></span> 
     </span>
    </p>
   </div>
   <div class='ocr_carea' id='block_1_64' title="bbox 250 3344 1823 3416">
    <p class='ocr_par' dir='ltr' id='par_1_64' title="bbox 250 3344 1823 3416">
     <span class='ocr_line' id='line_1_65' title="bbox 250 3344 1823 3416; baseline 0.002 -20"><span class='ocrx_word' id='word_1_425' title='bbox 250 3358 350 3413; x_wconf 84' lang='lat' dir='ltr'><strong>per</strong></span> <span class='ocrx_word' id='word_1_426' title='bbox 370 3345 580 3411; x_wconf 88' lang='lat' dir='ltr'><strong>legatos</strong></span> <span class='ocrx_word' id='word_1_427' title='bbox 616 3344 1027 3414; x_wconf 87' lang='lat' dir='ltr'><strong>objurgaretur.</strong></span> <span class='ocrx_word' id='word_1_428' title='bbox 1064 3346 1353 3415; x_wconf 83' lang='lat' dir='ltr'><strong>legationis</strong></span> <span class='ocrx_word' id='word_1_429' title='bbox 1387 3347 1689 3416; x_wconf 86' lang='lat' dir='ltr'><strong>principem</strong></span> <span class='ocrx_word' id='word_1_430' title='bbox 1726 3362 1823 3401; x_wconf 81' lang='lat' dir='ltr'><strong>ca-</strong></span> 
     </span>
    </p>
   </div>
   <div class='ocr_carea' id='block_1_65' title="bbox 247 3436 1822 3509">
    <p class='ocr_par' dir='ltr' id='par_1_65' title="bbox 247 3436 1822 3509">
     <span class='ocr_line' id='line_1_66' title="bbox 247 3436 1822 3509; baseline 0.001 -20"><span class='ocrx_word' id='word_1_431' title='bbox 247 3437 366 3507; x_wconf 81' lang='lat' dir='ltr'><strong>pite</strong></span> <span class='ocrx_word' id='word_1_432' title='bbox 396 3438 640 3490; x_wconf 84' lang='lat' dir='ltr'><strong>trnucari</strong></span> <span class='ocrx_word' id='word_1_433' title='bbox 670 3436 858 3504; x_wconf 91' lang='lat' dir='ltr'><strong>jussit,</strong></span> <span class='ocrx_word' id='word_1_434' title='bbox 893 3438 1106 3492; x_wconf 58' lang='lat' dir='ltr'><strong>caeteris</strong></span> <span class='ocrx_word' id='word_1_435' title='bbox 1132 3454 1294 3492; x_wconf 88' lang='lat' dir='ltr'><strong>nares</strong></span> <span class='ocrx_word' id='word_1_436' title='bbox 1342 3449 1396 3493; x_wconf 91' lang='lat' dir='ltr'><strong>et</strong></span> <span class='ocrx_word' id='word_1_437' title='bbox 1433 3454 1596 3494; x_wconf 89' lang='lat' dir='ltr'><strong>aures</strong></span> <span class='ocrx_word' id='word_1_438' title='bbox 1628 3440 1822 3509; x_wconf 69' lang='lat' dir='ltr'><strong>praeci-</strong></span> 
     </span>
    </p>
   </div>
   <div class='ocr_carea' id='block_1_66' title="bbox 250 3525 1818 3585">
    <p class='ocr_par' dir='ltr' id='par_1_66' title="bbox 250 3525 1818 3585">
     <span class='ocr_line' id='line_1_67' title="bbox 250 3525 1818 3585; baseline 0.001 -4"><span class='ocrx_word' id='word_1_439' title='bbox 250 3528 353 3581; x_wconf 85' lang='lat' dir='ltr'><strong>dit.</strong></span> <span class='ocrx_word' id='word_1_440' title='bbox 385 3525 439 3579; x_wconf 90' lang='lat' dir='ltr'><strong>ld</strong></span> <span class='ocrx_word' id='word_1_441' title='bbox 479 3527 691 3582; x_wconf 83' lang='lat' dir='ltr'><strong>facinus</strong></span> <span class='ocrx_word' id='word_1_442' title='bbox 722 3529 973 3582; x_wconf 90' lang='lat' dir='ltr'><strong>omnium</strong></span> <span class='ocrx_word' id='word_1_443' title='bbox 1001 3528 1123 3582; x_wconf 90' lang='lat' dir='ltr'><strong>odia</strong></span> <span class='ocrx_word' id='word_1_444' title='bbox 1146 3530 1372 3584; x_wconf 82' lang='lat' dir='ltr'><strong>mirifice</strong></span> <span class='ocrx_word' id='word_1_445' title='bbox 1404 3533 1459 3584; x_wconf 88' lang='lat' dir='ltr'><strong>in</strong></span> <span class='ocrx_word' id='word_1_446' title='bbox 1492 3532 1818 3585; x_wconf 84' lang='lat' dir='ltr'><strong>Achmetetn</strong></span> 
     </span>
    </p>
   </div>
   <div class='ocr_carea' id='block_1_67' title="bbox 252 3618 1827 3691">
    <p class='ocr_par' dir='ltr' id='par_1_67' title="bbox 252 3618 1827 3691">
     <span class='ocr_line' id='line_1_68' title="bbox 252 3618 1827 3691; baseline 0.003 -20"><span class='ocrx_word' id='word_1_447' title='bbox 252 3618 531 3674; x_wconf 88' lang='lat' dir='ltr'><strong>accendit.</strong></span> <span class='ocrx_word' id='word_1_448' title='bbox 562 3619 641 3672; x_wconf 84' lang='lat' dir='ltr'><strong>Ac</strong></span> <span class='ocrx_word' id='word_1_449' title='bbox 704 3618 987 3672; x_wconf 84' lang='lat' dir='ltr'><strong>videamus</strong></span> <span class='ocrx_word' id='word_1_450' title='bbox 1044 3619 1298 3685; x_wconf 89' lang='lat' dir='ltr'><strong>obsecro,</strong></span> <span class='ocrx_word' id='word_1_451' title='bbox 1350 3636 1473 3691; x_wconf 78' lang='lat' dir='ltr'><strong>qua:</strong></span> <span class='ocrx_word' id='word_1_452' title='bbox 1530 3638 1714 3677; x_wconf 89' lang='lat' dir='ltr'><strong>rerum</strong></span> <span class='ocrx_word' id='word_1_453' title='bbox 1775 3623 1827 3676; x_wconf 89' lang='lat' dir='ltr'><strong>id</strong></span> 
     </span>
    </p>
   </div>
   <div class='ocr_carea' id='block_1_68' title="bbox 253 3710 1825 3784">
    <p class='ocr_par' dir='ltr' id='par_1_68' title="bbox 253 3710 1825 3784">
     <span class='ocr_line' id='line_1_69' title="bbox 253 3710 1825 3784; baseline 0.002 -19"><span class='ocrx_word' id='word_1_454' title='bbox 253 3710 517 3779; x_wconf 88' lang='lat' dir='ltr'><strong>temporis</strong></span> <span class='ocrx_word' id='word_1_455' title='bbox 571 3710 826 3765; x_wconf 87' lang='lat' dir='ltr'><strong>confusio</strong></span> <span class='ocrx_word' id='word_1_456' title='bbox 885 3712 1053 3765; x_wconf 91' lang='lat' dir='ltr'><strong>fuerit</strong></span> <span class='ocrx_word' id='word_1_457' title='bbox 1110 3714 1163 3766; x_wconf 93' lang='lat' dir='ltr'><strong>in</strong></span> <span class='ocrx_word' id='word_1_458' title='bbox 1220 3712 1520 3768; x_wconf 88' lang='lat' dir='ltr'><strong>Osmanico</strong></span> <span class='ocrx_word' id='word_1_459' title='bbox 1573 3714 1825 3784; x_wconf 85' lang='lat' dir='ltr'><strong>imperio.</strong></span> 
     </span>
    </p>
   </div>
   <div class='ocr_carea' id='block_1_69' title="bbox 253 3805 1825 3873">
    <p class='ocr_par' dir='ltr' id='par_1_69' title="bbox 253 3805 1825 3873">
     <span class='ocr_line' id='line_1_70' title="bbox 253 3805 1825 3873; baseline 0.003 -17"><span class='ocrx_word' id='word_1_460' title='bbox 253 3805 491 3870; x_wconf 84' lang='lat' dir='ltr'><strong>Quintus</strong></span> <span class='ocrx_word' id='word_1_461' title='bbox 522 3806 716 3859; x_wconf 86' lang='lat' dir='ltr'><strong>ordine</strong></span> <span class='ocrx_word' id='word_1_462' title='bbox 762 3806 1021 3860; x_wconf 86' lang='lat' dir='ltr'><strong>nascendi</strong></span> <span class='ocrx_word' id='word_1_463' title='bbox 1061 3807 1203 3860; x_wconf 68' lang='lat' dir='ltr'><strong>filius</strong></span> <span class='ocrx_word' id='word_1_464' title='bbox 1265 3808 1544 3873; x_wconf 83' lang='lat' dir='ltr'><strong>Bajazitis,</strong></span> <span class='ocrx_word' id='word_1_465' title='bbox 1597 3824 1722 3863; x_wconf 86' lang='lat' dir='ltr'><strong>raro</strong></span> <span class='ocrx_word' id='word_1_466' title='bbox 1774 3811 1825 3861; x_wconf 92' lang='lat' dir='ltr'><strong>in</strong></span> 
     </span>
    </p>
   </div>
   <div class='ocr_carea' id='block_1_70' title="bbox 253 3898 1829 3968">
    <p class='ocr_par' dir='ltr' id='par_1_70' title="bbox 253 3898 1829 3968">
     <span class='ocr_line' id='line_1_71' title="bbox 253 3898 1829 3968; baseline 0.001 -15"><span class='ocrx_word' id='word_1_467' title='bbox 253 3898 677 3953; x_wconf 85' lang='lat' dir='ltr'><strong>Osmanidarum</strong></span> <span class='ocrx_word' id='word_1_468' title='bbox 713 3898 920 3951; x_wconf 87' lang='lat' dir='ltr'><strong>familia</strong></span> <span class='ocrx_word' id='word_1_469' title='bbox 963 3900 1215 3968; x_wconf 72' lang='lat' dir='ltr'><strong>exemplo</strong></span> <span class='ocrx_word' id='word_1_470' title='bbox 1245 3898 1463 3955; x_wconf 84' lang='lat' dir='ltr'><strong>Selimis</strong></span> <span class='ocrx_word' id='word_1_471' title='bbox 1490 3917 1551 3954; x_wconf 77' lang='lat' dir='ltr'><strong>ex</strong></span> <span class='ocrx_word' id='word_1_472' title='bbox 1596 3915 1829 3968; x_wconf 88' lang='lat' dir='ltr'><strong>utroque</strong></span> 
     </span>
    </p>
   </div>
   <div class='ocr_carea' id='block_1_71' title="bbox 252 3989 1827 4063">
    <p class='ocr_par' dir='ltr' id='par_1_71' title="bbox 252 3989 1827 4063">
     <span class='ocr_line' id='line_1_72' title="bbox 252 3989 1827 4063; baseline -0.001 -18"><span class='ocrx_word' id='word_1_473' title='bbox 252 4003 481 4063; x_wconf 81' lang='lat' dir='ltr'><strong>parente</strong></span> <span class='ocrx_word' id='word_1_474' title='bbox 511 3992 701 4057; x_wconf 89' lang='lat' dir='ltr'><strong>frater,</strong></span> <span class='ocrx_word' id='word_1_475' title='bbox 732 3992 999 4047; x_wconf 85' lang='lat' dir='ltr'><strong>Corcutes</strong></span> <span class='ocrx_word' id='word_1_476' title='bbox 1024 3999 1164 4045; x_wconf 85' lang='lat' dir='ltr'><strong>erat.</strong></span> <span class='ocrx_word' id='word_1_477' title='bbox 1218 3992 1459 4056; x_wconf 83' lang='lat' dir='ltr'><strong>Quartus</strong></span> <span class='ocrx_word' id='word_1_478' title='bbox 1500 3990 1646 4044; x_wconf 88' lang='lat' dir='ltr'><strong>enim</strong></span> <span class='ocrx_word' id='word_1_479' title='bbox 1711 3989 1827 4043; x_wconf 84' lang='lat' dir='ltr'><strong>Mu-</strong></span> 
     </span>
    </p>
   </div>
   <div class='ocr_carea' id='block_1_72' title="bbox 252 4083 1825 4152">
    <p class='ocr_par' dir='ltr' id='par_1_72' title="bbox 252 4083 1825 4152">
     <span class='ocr_line' id='line_1_73' title="bbox 252 4083 1825 4152; baseline -0.002 -14"><span class='ocrx_word' id='word_1_480' title='bbox 252 4085 552 4150; x_wconf 81' lang='lat' dir='ltr'><strong>cltemetes,</strong></span> <span class='ocrx_word' id='word_1_481' title='bbox 587 4097 713 4139; x_wconf 88' lang='lat' dir='ltr'><strong>ante</strong></span> <span class='ocrx_word' id='word_1_482' title='bbox 744 4084 849 4137; x_wconf 91' lang='lat' dir='ltr'><strong>hoc</strong></span> <span class='ocrx_word' id='word_1_483' title='bbox 884 4092 1097 4152; x_wconf 82' lang='lat' dir='ltr'><strong>tempus</strong></span> <span class='ocrx_word' id='word_1_484' title='bbox 1126 4097 1154 4136; x_wconf 92' lang='lat' dir='ltr'><strong>a</strong></span> <span class='ocrx_word' id='word_1_485' title='bbox 1187 4083 1460 4151; x_wconf 85' lang='lat' dir='ltr'><strong>suspicaci</strong></span> <span class='ocrx_word' id='word_1_486' title='bbox 1520 4095 1672 4151; x_wconf 84' lang='lat' dir='ltr'><strong>patre</strong></span> <span class='ocrx_word' id='word_1_487' title='bbox 1701 4098 1825 4136; x_wconf 85' lang='lat' dir='ltr'><strong>cum</strong></span> 
     </span>
    </p>
   </div>
   <div class='ocr_carea' id='block_1_73' title="bbox 252 4174 1830 4244">
    <p class='ocr_par' dir='ltr' id='par_1_73' title="bbox 252 4174 1830 4244">
     <span class='ocr_line' id='line_1_74' title="bbox 252 4174 1830 4244; baseline -0.001 -14"><span class='ocrx_word' id='word_1_488' title='bbox 252 4175 574 4243; x_wconf 76' lang='lat' dir='ltr'><strong>incognitus</strong></span> <span class='ocrx_word' id='word_1_489' title='bbox 617 4187 671 4229; x_wconf 90' lang='lat' dir='ltr'><strong>et</strong></span> <span class='ocrx_word' id='word_1_490' title='bbox 707 4186 939 4244; x_wconf 87' lang='lat' dir='ltr'><strong>patrem,</strong></span> <span class='ocrx_word' id='word_1_491' title='bbox 970 4184 1022 4227; x_wconf 83' lang='lat' dir='ltr'><strong>et</strong></span> <span class='ocrx_word' id='word_1_492' title='bbox 1050 4174 1249 4228; x_wconf 87' lang='lat' dir='ltr'><strong>fratres</strong></span> <span class='ocrx_word' id='word_1_493' title='bbox 1270 4188 1399 4228; x_wconf 88' lang='lat' dir='ltr'><strong>suos</strong></span> <span class='ocrx_word' id='word_1_494' title='bbox 1437 4174 1684 4237; x_wconf 67' lang='lat' dir='ltr'><strong>adiisset,</strong></span> <span class='ocrx_word' id='word_1_495' title='bbox 1716 4191 1830 4228; x_wconf 87' lang='lat' dir='ltr'><strong>me-</strong></span> 
     </span>
    </p>
   </div>
   <div class='ocr_carea' id='block_1_74' title="bbox 252 4267 1832 4337">
    <p class='ocr_par' dir='ltr' id='par_1_74' title="bbox 252 4267 1832 4337">
     <span class='ocr_line' id='line_1_75' title="bbox 252 4267 1832 4337; baseline -0.002 -14"><span class='ocrx_word' id='word_1_496' title='bbox 252 4276 313 4323; x_wconf 83' lang='lat' dir='ltr'><strong>tu</strong></span> <span class='ocrx_word' id='word_1_497' title='bbox 348 4278 530 4322; x_wconf 88' lang='lat' dir='ltr'><strong>motus</strong></span> <span class='ocrx_word' id='word_1_498' title='bbox 570 4268 801 4337; x_wconf 88' lang='lat' dir='ltr'><strong>alicujus</strong></span> <span class='ocrx_word' id='word_1_499' title='bbox 832 4268 1051 4330; x_wconf 83' lang='lat' dir='ltr'><strong>secreti,</strong></span> <span class='ocrx_word' id='word_1_500' title='bbox 1081 4270 1290 4323; x_wconf 84' lang='lat' dir='ltr'><strong>veneno</strong></span> <span class='ocrx_word' id='word_1_501' title='bbox 1313 4267 1562 4321; x_wconf 84' lang='lat' dir='ltr'><strong>sublatus</strong></span> <span class='ocrx_word' id='word_1_502' title='bbox 1593 4282 1623 4319; x_wconf 87' lang='lat' dir='ltr'><strong>e</strong></span> <span class='ocrx_word' id='word_1_503' title='bbox 1650 4268 1832 4320; x_wconf 88' lang='lat' dir='ltr'><strong>medio</strong></span> 
     </span>
    </p>
   </div>
   <div class='ocr_carea' id='block_1_75' title="bbox 251 4358 1833 4422">
    <p class='ocr_par' dir='ltr' id='par_1_75' title="bbox 251 4358 1833 4422">
     <span class='ocr_line' id='line_1_76' title="bbox 251 4358 1833 4422; baseline -0.001 -7"><span class='ocrx_word' id='word_1_504' title='bbox 251 4360 457 4415; x_wconf 87' lang='lat' dir='ltr'><strong>fuerat.</strong></span> <span class='ocrx_word' id='word_1_505' title='bbox 492 4360 541 4413; x_wconf 87' lang='lat' dir='ltr'><strong>ls</strong></span> <span class='ocrx_word' id='word_1_506' title='bbox 579 4358 866 4422; x_wconf 77' lang='lat' dir='ltr'><strong>Corcutes.</strong></span> <span class='ocrx_word' id='word_1_507' title='bbox 898 4360 1171 4415; x_wconf 88' lang='lat' dir='ltr'><strong>moriente</strong></span> <span class='ocrx_word' id='word_1_508' title='bbox 1194 4376 1297 4415; x_wconf 90' lang='lat' dir='ltr'><strong>avo</strong></span> <span class='ocrx_word' id='word_1_509' title='bbox 1330 4359 1677 4414; x_wconf 88' lang='lat' dir='ltr'><strong>Muchemcte</strong></span> <span class='ocrx_word' id='word_1_510' title='bbox 1744 4376 1833 4414; x_wconf 85' lang='lat' dir='ltr'><strong>se-</strong></span> 
     </span>
    </p>
   </div>
   <div class='ocr_carea' id='block_1_76' title="bbox 1930 3165 3506 3240">
    <p class='ocr_par' dir='ltr' id='par_1_76' title="bbox 1930 3165 3506 3240">
     <span class='ocr_line' id='line_1_77' title="bbox 1930 3165 3506 3240; baseline 0.006 -23"><span class='ocrx_word' id='word_1_511' title='bbox 1930 3166 2117 3220; x_wconf 89' lang='lat' dir='ltr'><strong>urbem</strong></span> <span class='ocrx_word' id='word_1_512' title='bbox 2147 3165 2307 3219; x_wconf 91' lang='lat' dir='ltr'><strong>modo</strong></span> <span class='ocrx_word' id='word_1_513' title='bbox 2334 3166 2721 3233; x_wconf 88' lang='lat' dir='ltr'><strong>deformatam.</strong></span> <span class='ocrx_word' id='word_1_514' title='bbox 2769 3167 2864 3223; x_wconf 92' lang='lat' dir='ltr'><strong>sed</strong></span> <span class='ocrx_word' id='word_1_515' title='bbox 2900 3168 3016 3238; x_wconf 87' lang='lat' dir='ltr'><strong>ipsa</strong></span> <span class='ocrx_word' id='word_1_516' title='bbox 3043 3185 3266 3240; x_wconf 87' lang='lat' dir='ltr'><strong>quoque</strong></span> <span class='ocrx_word' id='word_1_517' title='bbox 3303 3174 3506 3227; x_wconf 89' lang='lat' dir='ltr'><strong>subur-</strong></span> 
     </span>
    </p>
   </div>
   <div class='ocr_carea' id='block_1_77' title="bbox 1928 3255 3504 3327">
    <p class='ocr_par' dir='ltr' id='par_1_77' title="bbox 1928 3255 3504 3327">
     <span class='ocr_line' id='line_1_78' title="bbox 1928 3255 3504 3327; baseline 0.007 -18"><span class='ocrx_word' id='word_1_518' title='bbox 1928 3255 2016 3309; x_wconf 89' lang='lat' dir='ltr'><strong>bia</strong></span> <span class='ocrx_word' id='word_1_519' title='bbox 2043 3272 2166 3311; x_wconf 91' lang='lat' dir='ltr'><strong>eum</strong></span> <span class='ocrx_word' id='word_1_520' title='bbox 2216 3256 2426 3327; x_wconf 82' lang='lat' dir='ltr'><strong>Rhegio</strong></span> <span class='ocrx_word' id='word_1_521' title='bbox 2480 3260 2744 3314; x_wconf 86' lang='lat' dir='ltr'><strong>subversa</strong></span> <span class='ocrx_word' id='word_1_522' title='bbox 2774 3270 2828 3314; x_wconf 90' lang='lat' dir='ltr'><strong>et</strong></span> <span class='ocrx_word' id='word_1_523' title='bbox 2886 3260 3089 3316; x_wconf 83' lang='lat' dir='ltr'><strong>abolita</strong></span> <span class='ocrx_word' id='word_1_524' title='bbox 3146 3261 3337 3321; x_wconf 86' lang='lat' dir='ltr'><strong>fuisse.</strong></span> <span class='ocrx_word' id='word_1_525' title='bbox 3386 3263 3504 3320; x_wconf 88' lang='lat' dir='ltr'><strong>Non</strong></span> 
     </span>
    </p>
   </div>
   <div class='ocr_carea' id='block_1_78' title="bbox 1929 3348 3507 3420">
    <p class='ocr_par' dir='ltr' id='par_1_78' title="bbox 1929 3348 3507 3420">
     <span class='ocr_line' id='line_1_79' title="bbox 1929 3348 3507 3420; baseline 0.004 -18"><span class='ocrx_word' id='word_1_526' title='bbox 1929 3348 2075 3402; x_wconf 89' lang='lat' dir='ltr'><strong>enim</strong></span> <span class='ocrx_word' id='word_1_527' title='bbox 2108 3348 2213 3402; x_wconf 90' lang='lat' dir='ltr'><strong>alia</strong></span> <span class='ocrx_word' id='word_1_528' title='bbox 2251 3349 2517 3403; x_wconf 89' lang='lat' dir='ltr'><strong>suburbia</strong></span> <span class='ocrx_word' id='word_1_529' title='bbox 2570 3350 3087 3420; x_wconf 86' lang='lat' dir='ltr'><strong>Constantinopolis</strong></span> <span class='ocrx_word' id='word_1_530' title='bbox 3150 3354 3360 3417; x_wconf 91' lang='lat' dir='ltr'><strong>habuit.</strong></span> <span class='ocrx_word' id='word_1_531' title='bbox 3411 3364 3507 3410; x_wconf 90' lang='lat' dir='ltr'><strong>aut</strong></span> 
     </span>
    </p>
   </div>
   <div class='ocr_carea' id='block_1_79' title="bbox 1931 3435 3508 3508">
    <p class='ocr_par' dir='ltr' id='par_1_79' title="bbox 1931 3435 3508 3508">
     <span class='ocr_line' id='line_1_80' title="bbox 1931 3435 3508 3508; baseline 0.006 -19"><span class='ocrx_word' id='word_1_532' title='bbox 1931 3435 2130 3491; x_wconf 88' lang='lat' dir='ltr'><strong>habere</strong></span> <span class='ocrx_word' id='word_1_533' title='bbox 2178 3440 2374 3505; x_wconf 90' lang='lat' dir='ltr'><strong>potuit,</strong></span> <span class='ocrx_word' id='word_1_534' title='bbox 2415 3453 2578 3506; x_wconf 88' lang='lat' dir='ltr'><strong>quam</strong></span> <span class='ocrx_word' id='word_1_535' title='bbox 2623 3455 2744 3505; x_wconf 66' lang='lat' dir='ltr'><strong>qua!</strong></span> <span class='ocrx_word' id='word_1_536' title='bbox 2771 3455 2963 3495; x_wconf 88' lang='lat' dir='ltr'><strong>versus</strong></span> <span class='ocrx_word' id='word_1_537' title='bbox 2998 3442 3193 3508; x_wconf 81' lang='lat' dir='ltr'><strong>duplex</strong></span> <span class='ocrx_word' id='word_1_538' title='bbox 3230 3445 3332 3498; x_wconf 90' lang='lat' dir='ltr'><strong>hoc</strong></span> <span class='ocrx_word' id='word_1_539' title='bbox 3364 3443 3508 3500; x_wconf 79' lang='lat' dir='ltr'><strong>Rhe-</strong></span> 
     </span>
    </p>
   </div>
   <div class='ocr_carea' id='block_1_80' title="bbox 1930 3530 3504 3605">
    <p class='ocr_par' dir='ltr' id='par_1_80' title="bbox 1930 3530 3504 3605">
     <span class='ocr_line' id='line_1_81' title="bbox 1930 3530 3504 3605; baseline 0.006 -23"><span class='ocrx_word' id='word_1_540' title='bbox 1930 3530 2102 3598; x_wconf 87' lang='lat' dir='ltr'><strong>gium.</strong></span> <span class='ocrx_word' id='word_1_541' title='bbox 2125 3539 2343 3599; x_wconf 91' lang='lat' dir='ltr'><strong>pontem</strong></span> <span class='ocrx_word' id='word_1_542' title='bbox 2387 3532 2651 3586; x_wconf 91' lang='lat' dir='ltr'><strong>minorem</strong></span> <span class='ocrx_word' id='word_1_543' title='bbox 2706 3541 2761 3587; x_wconf 93' lang='lat' dir='ltr'><strong>et</strong></span> <span class='ocrx_word' id='word_1_544' title='bbox 2793 3535 3055 3604; x_wconf 89' lang='lat' dir='ltr'><strong>majorem</strong></span> <span class='ocrx_word' id='word_1_545' title='bbox 3093 3535 3504 3605; x_wconf 88' lang='lat' dir='ltr'><strong>pertinuerunt,</strong></span> 
     </span>
    </p>
   </div>
   <div class='ocr_carea' id='block_1_81' title="bbox 1932 3621 3501 3692">
    <p class='ocr_par' dir='ltr' id='par_1_81' title="bbox 1932 3621 3501 3692">
     <span class='ocr_line' id='line_1_82' title="bbox 1932 3621 3501 3692; baseline 0.009 -20"><span class='ocrx_word' id='word_1_546' title='bbox 1932 3628 1991 3672; x_wconf 93' lang='lat' dir='ltr'><strong>ut</strong></span> <span class='ocrx_word' id='word_1_547' title='bbox 2028 3621 2298 3692; x_wconf 88' lang='lat' dir='ltr'><strong>hodieque</strong></span> <span class='ocrx_word' id='word_1_548' title='bbox 2331 3631 2598 3678; x_wconf 84' lang='lat' dir='ltr'><strong>testantur</strong></span> <span class='ocrx_word' id='word_1_549' title='bbox 2654 3625 3020 3681; x_wconf 60' lang='lat' dir='ltr'><strong>aedificiorum</strong></span> <span class='ocrx_word' id='word_1_550' title='bbox 3057 3630 3501 3686; x_wconf 72' lang='lat' dir='ltr'><strong>sulturbanorum</strong></span> 
     </span>
    </p>
   </div>
   <div class='ocr_carea' id='block_1_82' title="bbox 1933 3713 3506 3780">
    <p class='ocr_par' dir='ltr' id='par_1_82' title="bbox 1933 3713 3506 3780">
     <span class='ocr_line' id='line_1_83' title="bbox 1933 3713 3506 3780; baseline 0.007 -13"><span class='ocrx_word' id='word_1_551' title='bbox 1933 3713 2187 3769; x_wconf 78' lang='lat' dir='ltr'><strong>maximae</strong></span> <span class='ocrx_word' id='word_1_552' title='bbox 2217 3715 2303 3770; x_wconf 88' lang='lat' dir='ltr'><strong>vel</strong></span> <span class='ocrx_word' id='word_1_553' title='bbox 2348 3716 2541 3779; x_wconf 69' lang='lat' dir='ltr'><strong>ruinae,</strong></span> <span class='ocrx_word' id='word_1_554' title='bbox 2576 3717 2657 3770; x_wconf 86' lang='lat' dir='ltr'><strong>vel</strong></span> <span class='ocrx_word' id='word_1_555' title='bbox 2690 3718 2907 3774; x_wconf 86' lang='lat' dir='ltr'><strong>rudera.</strong></span> <span class='ocrx_word' id='word_1_556' title='bbox 2932 3719 3155 3776; x_wconf 65' lang='lat' dir='ltr'><strong>Graecus</strong></span> <span class='ocrx_word' id='word_1_557' title='bbox 3179 3723 3341 3777; x_wconf 89' lang='lat' dir='ltr'><strong>etiam</strong></span> <span class='ocrx_word' id='word_1_558' title='bbox 3369 3726 3506 3780; x_wconf 87' lang='lat' dir='ltr'><strong>scri-</strong></span> 
     </span>
    </p>
   </div>
   <div class='ocr_carea' id='block_1_83' title="bbox 1932 3807 3503 3883">
    <p class='ocr_par' dir='ltr' id='par_1_83' title="bbox 1932 3807 3503 3883">
     <span class='ocr_line' id='line_1_84' title="bbox 1932 3807 3503 3883; baseline 0.008 -26"><span class='ocrx_word' id='word_1_559' title='bbox 1932 3816 2057 3877; x_wconf 89' lang='lat' dir='ltr'><strong>ptor</strong></span> <span class='ocrx_word' id='word_1_560' title='bbox 2082 3807 2325 3861; x_wconf 70' lang='lat' dir='ltr'><strong>historiae</strong></span> <span class='ocrx_word' id='word_1_561' title='bbox 2356 3808 2614 3876; x_wconf 86' lang='lat' dir='ltr'><strong>Agathias</strong></span> <span class='ocrx_word' id='word_1_562' title='bbox 2660 3817 2869 3875; x_wconf 85' lang='lat' dir='ltr'><strong>noster,</strong></span> <span class='ocrx_word' id='word_1_563' title='bbox 2911 3810 3051 3866; x_wconf 92' lang='lat' dir='ltr'><strong>libro</strong></span> <span class='ocrx_word' id='word_1_564' title='bbox 3106 3814 3303 3883; x_wconf 89' lang='lat' dir='ltr'><strong>quinto</strong></span> <span class='ocrx_word' id='word_1_565' title='bbox 3348 3830 3503 3871; x_wconf 87' lang='lat' dir='ltr'><strong>men-</strong></span> 
     </span>
    </p>
   </div>
   <div class='ocr_carea' id='block_1_84' title="bbox 1932 3899 3507 3973">
    <p class='ocr_par' dir='ltr' id='par_1_84' title="bbox 1932 3899 3507 3973">
     <span class='ocr_line' id='line_1_85' title="bbox 1932 3899 3507 3973; baseline 0.007 -19"><span class='ocrx_word' id='word_1_566' title='bbox 1932 3899 2136 3954; x_wconf 82' lang='lat' dir='ltr'><strong>tionem</strong></span> <span class='ocrx_word' id='word_1_567' title='bbox 2167 3899 2354 3968; x_wconf 71' lang='lat' dir='ltr'><strong>Rhegii</strong></span> <span class='ocrx_word' id='word_1_568' title='bbox 2387 3900 2516 3954; x_wconf 84' lang='lat' dir='ltr'><strong>facit</strong></span> <span class='ocrx_word' id='word_1_569' title='bbox 2542 3939 2556 3962; x_wconf 93' lang='lat'><strong>.</strong></span> <span class='ocrx_word' id='word_1_570' title='bbox 2584 3902 2641 3955; x_wconf 87' lang='lat' dir='ltr'><strong>in</strong></span> <span class='ocrx_word' id='word_1_571' title='bbox 2695 3901 3067 3973; x_wconf 86' lang='lat' dir='ltr'><strong>descriptione</strong></span> <span class='ocrx_word' id='word_1_572' title='bbox 3121 3914 3279 3962; x_wconf 74' lang='lat' dir='ltr'><strong>terrae</strong></span> <span class='ocrx_word' id='word_1_573' title='bbox 3326 3918 3507 3965; x_wconf 87' lang='lat' dir='ltr'><strong>motus</strong></span> 
     </span>
    </p>
   </div>
   <div class='ocr_carea' id='block_1_85' title="bbox 1931 3991 3507 4069">
    <p class='ocr_par' dir='ltr' id='par_1_85' title="bbox 1931 3991 3507 4069">
     <span class='ocr_line' id='line_1_86' title="bbox 1931 3991 3507 4069; baseline 0.008 -24"><span class='ocrx_word' id='word_1_574' title='bbox 1931 3991 2199 4061; x_wconf 87' lang='lat' dir='ltr'><strong>ejusdem.</strong></span> <span class='ocrx_word' id='word_1_575' title='bbox 2237 3994 2325 4045; x_wconf 88' lang='lat' dir='ltr'><strong>ubi</strong></span> <span class='ocrx_word' id='word_1_576' title='bbox 2363 3991 2631 4063; x_wconf 86' lang='lat' dir='ltr'><strong>Rhegium</strong></span> <span class='ocrx_word' id='word_1_577' title='bbox 2679 3995 2832 4049; x_wconf 88' lang='lat' dir='ltr'><strong>addit</strong></span> <span class='ocrx_word' id='word_1_578' title='bbox 2884 3997 3122 4050; x_wconf 76' lang='grc' dir='ltr'><strong>ἐπίνειον</strong></span> <span class='ocrx_word' id='word_1_579' title='bbox 3171 4001 3319 4055; x_wconf 87' lang='lat' dir='ltr'><strong>urbis</strong></span> <span class='ocrx_word' id='word_1_580' title='bbox 3353 4016 3507 4069; x_wconf 81' lang='lat' dir='ltr'><strong>esse,</strong></span> 
     </span>
    </p>
   </div>
   <div class='ocr_carea' id='block_1_86' title="bbox 1932 4082 3502 4164">
    <p class='ocr_par' dir='ltr' id='par_1_86' title="bbox 1932 4082 3502 4164">
     <span class='ocr_line' id='line_1_87' title="bbox 1932 4082 3502 4164; baseline 0.009 -28"><span class='ocrx_word' id='word_1_581' title='bbox 1932 4082 1986 4137; x_wconf 88' lang='lat' dir='ltr'><strong>id</strong></span> <span class='ocrx_word' id='word_1_582' title='bbox 2016 4092 2101 4136; x_wconf 91' lang='lat' dir='ltr'><strong>est</strong></span> <span class='ocrx_word' id='word_1_583' title='bbox 2132 4083 2389 4151; x_wconf 74' lang='lat' dir='ltr'><strong>Oppidum</strong></span> <span class='ocrx_word' id='word_1_584' title='bbox 2428 4085 2828 4148; x_wconf 82' lang='lat' dir='ltr'><strong>suburbanum,</strong></span> <span class='ocrx_word' id='word_1_585' title='bbox 2882 4087 3025 4155; x_wconf 85' lang='lat' dir='ltr'><strong>quod</strong></span> <span class='ocrx_word' id='word_1_586' title='bbox 3066 4093 3361 4147; x_wconf 87' lang='lat' dir='ltr'><strong>stationem</strong></span> <span class='ocrx_word' id='word_1_587' title='bbox 3401 4111 3502 4164; x_wconf 87' lang='lat' dir='ltr'><strong>pro</strong></span> 
     </span>
    </p>
   </div>
   <div class='ocr_carea' id='block_1_87' title="bbox 1934 4173 3507 4258">
    <p class='ocr_par' dir='ltr' id='par_1_87' title="bbox 1934 4173 3507 4258">
     <span class='ocr_line' id='line_1_88' title="bbox 1934 4173 3507 4258; baseline 0.01 -32"><span class='ocrx_word' id='word_1_588' title='bbox 1934 4173 2166 4227; x_wconf 87' lang='lat' dir='ltr'><strong>navibus</strong></span> <span class='ocrx_word' id='word_1_589' title='bbox 2200 4173 2380 4228; x_wconf 89' lang='lat' dir='ltr'><strong>habet.</strong></span> <span class='ocrx_word' id='word_1_590' title='bbox 2420 4177 2573 4243; x_wconf 86' lang='lat' dir='ltr'><strong>Apud</strong></span> <span class='ocrx_word' id='word_1_591' title='bbox 2600 4176 3138 4248; x_wconf 80' lang='lat' dir='ltr'><strong>Costnographorutn</strong></span> <span class='ocrx_word' id='word_1_592' title='bbox 3200 4186 3507 4258; x_wconf 83' lang='lat' dir='ltr'><strong>principem</strong></span> 
     </span>
    </p>
   </div>
   <div class='ocr_carea' id='block_1_88' title="bbox 1935 4266 3505 4341">
    <p class='ocr_par' dir='ltr' id='par_1_88' title="bbox 1935 4266 3505 4341">
     <span class='ocr_line' id='line_1_89' title="bbox 1935 4266 3505 4341; baseline 0.01 -21"><span class='ocrx_word' id='word_1_593' title='bbox 1935 4266 2202 4320; x_wconf 81' lang='lat' dir='ltr'><strong>Ortelium</strong></span> <span class='ocrx_word' id='word_1_594' title='bbox 2228 4281 2294 4320; x_wconf 82' lang='lat' dir='ltr'><strong>ex</strong></span> <span class='ocrx_word' id='word_1_595' title='bbox 2332 4266 2601 4335; x_wconf 80' lang='lat' dir='ltr'><strong>Procopio</strong></span> <span class='ocrx_word' id='word_1_596' title='bbox 2621 4267 2902 4338; x_wconf 85' lang='lat' dir='ltr'><strong>Snidaque</strong></span> <span class='ocrx_word' id='word_1_597' title='bbox 2926 4275 3194 4341; x_wconf 87' lang='lat' dir='ltr'><strong>reperitur</strong></span> <span class='ocrx_word' id='word_1_598' title='bbox 3219 4276 3505 4335; x_wconf 83' lang='lat' dir='ltr'><strong>Melantias</strong></span> 
     </span>
    </p>
   </div>
   <div class='ocr_carea' id='block_1_89' title="bbox 1936 4356 3507 4428">
    <p class='ocr_par' dir='ltr' id='par_1_89' title="bbox 1936 4356 3507 4428">
     <span class='ocr_line' id='line_1_90' title="bbox 1936 4356 3507 4428; baseline 0.01 -17"><span class='ocrx_word' id='word_1_599' title='bbox 1936 4364 1991 4412; x_wconf 86' lang='lat' dir='ltr'><strong>et</strong></span> <span class='ocrx_word' id='word_1_600' title='bbox 2021 4356 2243 4423; x_wconf 82' lang='lat' dir='ltr'><strong>Melitia,</strong></span> <span class='ocrx_word' id='word_1_601' title='bbox 2274 4359 2394 4427; x_wconf 84' lang='lat' dir='ltr'><strong>pagi</strong></span> <span class='ocrx_word' id='word_1_602' title='bbox 2426 4373 2621 4414; x_wconf 87' lang='lat' dir='ltr'><strong>nomen</strong></span> <span class='ocrx_word' id='word_1_603' title='bbox 2658 4362 2711 4413; x_wconf 90' lang='lat' dir='ltr'><strong>in</strong></span> <span class='ocrx_word' id='word_1_604' title='bbox 2755 4357 3014 4428; x_wconf 87' lang='lat' dir='ltr'><strong>Thracia,</strong></span> <span class='ocrx_word' id='word_1_605' title='bbox 3045 4374 3262 4420; x_wconf 86' lang='lat' dir='ltr'><strong>centum</strong></span> <span class='ocrx_word' id='word_1_606' title='bbox 3293 4368 3507 4426; x_wconf 87' lang='lat' dir='ltr'><strong>duobus</strong></span> 
     </span>
    </p>
   </div>
   <div class='ocr_carea' id='block_1_90' title="bbox 252 4444 3506 4528">
    <p class='ocr_par' dir='ltr' id='par_1_90' title="bbox 252 4444 3506 4528">
     <span class='ocr_line' id='line_1_91' title="bbox 252 4444 3506 4528; baseline 0.002 -19"><span class='ocrx_word' id='word_1_607' title='bbox 252 4456 459 4519; x_wconf 80' lang='lat' dir='ltr'><strong>eundo,</strong></span> <span class='ocrx_word' id='word_1_608' title='bbox 494 4456 563 4507; x_wconf 88' lang='lat' dir='ltr'><strong>ab</strong></span> <span class='ocrx_word' id='word_1_609' title='bbox 594 4453 786 4508; x_wconf 88' lang='lat' dir='ltr'><strong>amicis</strong></span> <span class='ocrx_word' id='word_1_610' title='bbox 824 4453 1087 4522; x_wconf 87' lang='lat' dir='ltr'><strong>paternis,</strong></span> <span class='ocrx_word' id='word_1_611' title='bbox 1138 4454 1365 4508; x_wconf 86' lang='lat' dir='ltr'><strong>absente</strong></span> <span class='ocrx_word' id='word_1_612' title='bbox 1388 4460 1562 4522; x_wconf 87' lang='lat' dir='ltr'><strong>patre,</strong></span> <span class='ocrx_word' id='word_1_613' title='bbox 1595 4454 1834 4506; x_wconf 80' lang='lat' dir='ltr'><strong>colloca-</strong></span> <span class='ocrx_word' id='word_1_614' title='bbox 1861 4444 1914 4504; x_wconf 90' lang='lat' dir='ltr'><strong>D</strong></span> <span class='ocrx_word' id='word_1_615' title='bbox 1940 4447 2138 4502; x_wconf 78' lang='lat' dir='ltr'><strong>stadiis</strong></span> <span class='ocrx_word' id='word_1_616' title='bbox 2189 4463 2217 4502; x_wconf 92' lang='lat' dir='ltr'><strong>a</strong></span> <span class='ocrx_word' id='word_1_617' title='bbox 2244 4447 2520 4519; x_wconf 77' lang='lat' dir='ltr'><strong>Byzantio</strong></span> <span class='ocrx_word' id='word_1_618' title='bbox 2574 4452 2777 4515; x_wconf 88' lang='lat' dir='ltr'><strong>dissiti.</strong></span> <span class='ocrx_word' id='word_1_619' title='bbox 2831 4471 2992 4523; x_wconf 84' lang='lat' dir='ltr'><strong>quem</strong></span> <span class='ocrx_word' id='word_1_620' title='bbox 3036 4458 3271 4528; x_wconf 85' lang='lat' dir='ltr'><strong>Athyras</strong></span> <span class='ocrx_word' id='word_1_621' title='bbox 3328 4466 3506 4521; x_wconf 85' lang='lat' dir='ltr'><strong>amnis</strong></span> 
     </span>
    </p>
   </div>
   <div class='ocr_carea' id='block_1_91' title="bbox 255 4545 1834 4617">
    <p class='ocr_par' dir='ltr' id='par_1_91' title="bbox 255 4545 1834 4617">
     <span class='ocr_line' id='line_1_92' title="bbox 255 4545 1834 4617; baseline -0.001 -16"><span class='ocrx_word' id='word_1_622' title='bbox 255 4557 347 4602; x_wconf 85' lang='lat' dir='ltr'><strong>tus</strong></span> <span class='ocrx_word' id='word_1_623' title='bbox 381 4548 434 4601; x_wconf 90' lang='lat' dir='ltr'><strong>in</strong></span> <span class='ocrx_word' id='word_1_624' title='bbox 468 4549 675 4617; x_wconf 88' lang='lat' dir='ltr'><strong>regium</strong></span> <span class='ocrx_word' id='word_1_625' title='bbox 729 4546 1131 4602; x_wconf 83' lang='lat' dir='ltr'><strong>fueratsolium</strong></span> <span class='ocrx_word' id='word_1_626' title='bbox 1170 4563 1182 4599; x_wconf 94' lang='lat'><strong>:</strong></span> <span class='ocrx_word' id='word_1_627' title='bbox 1216 4562 1283 4599; x_wconf 88' lang='lat' dir='ltr'><strong>ne</strong></span> <span class='ocrx_word' id='word_1_628' title='bbox 1346 4546 1515 4600; x_wconf 88' lang='lat' dir='ltr'><strong>frater</strong></span> <span class='ocrx_word' id='word_1_629' title='bbox 1572 4545 1834 4615; x_wconf 84' lang='lat' dir='ltr'><strong>Bajazitis</strong></span> 
     </span>
    </p>
   </div>
   <div class='ocr_carea' id='block_1_92' title="bbox 255 4636 1835 4709">
    <p class='ocr_par' dir='ltr' id='par_1_92' title="bbox 255 4636 1835 4709">
     <span class='ocr_line' id='line_1_93' title="bbox 255 4636 1835 4709; baseline -0.002 -16"><span class='ocrx_word' id='word_1_630' title='bbox 255 4639 474 4703; x_wconf 80' lang='lat' dir='ltr'><strong>Zemes,</strong></span> <span class='ocrx_word' id='word_1_631' title='bbox 512 4640 662 4708; x_wconf 87' lang='lat' dir='ltr'><strong>prior</strong></span> <span class='ocrx_word' id='word_1_632' title='bbox 692 4640 1077 4709; x_wconf 85' lang='lat' dir='ltr'><strong>inauguratus,</strong></span> <span class='ocrx_word' id='word_1_633' title='bbox 1102 4636 1331 4706; x_wconf 86' lang='lat' dir='ltr'><strong>Bajaziti</strong></span> <span class='ocrx_word' id='word_1_634' title='bbox 1389 4653 1615 4706; x_wconf 86' lang='lat' dir='ltr'><strong>regnum</strong></span> <span class='ocrx_word' id='word_1_635' title='bbox 1646 4638 1835 4705; x_wconf 71' lang='lat' dir='ltr'><strong>prteri-</strong></span> 
     </span>
    </p>
   </div>
   <div class='ocr_carea' id='block_1_93' title="bbox 257 4730 1830 4804">
    <p class='ocr_par' dir='ltr' id='par_1_93' title="bbox 257 4730 1830 4804">
     <span class='ocr_line' id='line_1_94' title="bbox 257 4730 1830 4804; baseline -0.002 -19"><span class='ocrx_word' id='word_1_636' title='bbox 257 4746 433 4804; x_wconf 79' lang='lat' dir='ltr'><strong>peret.</strong></span> <span class='ocrx_word' id='word_1_637' title='bbox 461 4732 789 4787; x_wconf 85' lang='lat' dir='ltr'><strong>Advenienti</strong></span> <span class='ocrx_word' id='word_1_638' title='bbox 844 4732 1043 4786; x_wconf 87' lang='lat' dir='ltr'><strong>deinde</strong></span> <span class='ocrx_word' id='word_1_639' title='bbox 1085 4731 1633 4797; x_wconf 67' lang='lat' dir='ltr'><strong>Coustantinoliolim</strong></span> <span class='ocrx_word' id='word_1_640' title='bbox 1686 4730 1830 4799; x_wconf 88' lang='lat' dir='ltr'><strong>patri</strong></span> 
     </span>
    </p>
   </div>
   <div class='ocr_carea' id='block_1_94' title="bbox 254 4822 1831 4894">
    <p class='ocr_par' dir='ltr' id='par_1_94' title="bbox 254 4822 1831 4894">
     <span class='ocr_line' id='line_1_95' title="bbox 254 4822 1831 4894; baseline -0.002 -14"><span class='ocrx_word' id='word_1_641' title='bbox 254 4839 312 4881; x_wconf 84' lang='lat' dir='ltr'><strong>et</strong></span> <span class='ocrx_word' id='word_1_642' title='bbox 341 4827 596 4879; x_wconf 86' lang='lat' dir='ltr'><strong>abdicato</strong></span> <span class='ocrx_word' id='word_1_643' title='bbox 624 4825 758 4889; x_wconf 85' lang='lat' dir='ltr'><strong>lilio.</strong></span> <span class='ocrx_word' id='word_1_644' title='bbox 792 4825 1081 4894; x_wconf 90' lang='lat' dir='ltr'><strong>imperium</strong></span> <span class='ocrx_word' id='word_1_645' title='bbox 1114 4825 1169 4877; x_wconf 91' lang='lat' dir='ltr'><strong>in</strong></span> <span class='ocrx_word' id='word_1_646' title='bbox 1197 4839 1257 4878; x_wconf 91' lang='lat' dir='ltr'><strong>se</strong></span> <span class='ocrx_word' id='word_1_647' title='bbox 1285 4822 1670 4887; x_wconf 87' lang='lat' dir='ltr'><strong>transferenti,</strong></span> <span class='ocrx_word' id='word_1_648' title='bbox 1707 4838 1831 4877; x_wconf 85' lang='lat' dir='ltr'><strong>ces-</strong></span> 
     </span>
    </p>
   </div>
   <div class='ocr_carea' id='block_1_95' title="bbox 254 4918 1836 4988">
    <p class='ocr_par' dir='ltr' id='par_1_95' title="bbox 254 4918 1836 4988">
     <span class='ocr_line' id='line_1_96' title="bbox 254 4918 1836 4988; baseline -0.004 -13"><span class='ocrx_word' id='word_1_649' title='bbox 254 4930 407 4975; x_wconf 84' lang='lat' dir='ltr'><strong>serat</strong></span> <span class='ocrx_word' id='word_1_650' title='bbox 456 4931 644 4973; x_wconf 87' lang='lat' dir='ltr'><strong>teuero</strong></span> <span class='ocrx_word' id='word_1_651' title='bbox 702 4919 939 4988; x_wconf 80' lang='lat' dir='ltr'><strong>quodam</strong></span> <span class='ocrx_word' id='word_1_652' title='bbox 1023 4932 1211 4971; x_wconf 81' lang='lat' dir='ltr'><strong>arnore</strong></span> <span class='ocrx_word' id='word_1_653' title='bbox 1286 4918 1596 4985; x_wconf 89' lang='lat' dir='ltr'><strong>pietateque</strong></span> <span class='ocrx_word' id='word_1_654' title='bbox 1653 4926 1836 4969; x_wconf 90' lang='lat' dir='ltr'><strong>motus</strong></span> 
     </span>
    </p>
   </div>
   <div class='ocr_carea' id='block_1_96' title="bbox 253 5008 1835 5076">
    <p class='ocr_par' dir='ltr' id='par_1_96' title="bbox 253 5008 1835 5076">
     <span class='ocr_line' id='line_1_97' title="bbox 253 5008 1835 5076; baseline -0.005 -6"><span class='ocrx_word' id='word_1_655' title='bbox 253 5018 523 5070; x_wconf 77' lang='lat' dir='ltr'><strong>Corcutes</strong></span> <span class='ocrx_word' id='word_1_656' title='bbox 554 5033 571 5068; x_wconf 87' lang='lat'><strong>:</strong></span> <span class='ocrx_word' id='word_1_657' title='bbox 606 5028 732 5067; x_wconf 90' lang='lat' dir='ltr'><strong>cum</strong></span> <span class='ocrx_word' id='word_1_658' title='bbox 765 5013 869 5066; x_wconf 86' lang='lat' dir='ltr'><strong>hoc</strong></span> <span class='ocrx_word' id='word_1_659' title='bbox 902 5011 1123 5064; x_wconf 92' lang='lat' dir='ltr'><strong>nomine</strong></span> <span class='ocrx_word' id='word_1_660' title='bbox 1145 5010 1387 5063; x_wconf 87' lang='lat' dir='ltr'><strong>vicissim</strong></span> <span class='ocrx_word' id='word_1_661' title='bbox 1413 5015 1565 5076; x_wconf 86' lang='lat' dir='ltr'><strong>pater</strong></span> <span class='ocrx_word' id='word_1_662' title='bbox 1594 5008 1672 5061; x_wconf 91' lang='lat' dir='ltr'><strong>illi</strong></span> <span class='ocrx_word' id='word_1_663' title='bbox 1706 5022 1835 5076; x_wconf 84' lang='lat' dir='ltr'><strong>pro-</strong></span> 
     </span>
    </p>
   </div>
   <div class='ocr_carea' id='block_1_97' title="bbox 255 5099 1836 5172">
    <p class='ocr_par' dir='ltr' id='par_1_97' title="bbox 255 5099 1836 5172">
     <span class='ocr_line' id='line_1_98' title="bbox 255 5099 1836 5172; baseline -0.006 -10"><span class='ocrx_word' id='word_1_664' title='bbox 255 5109 526 5171; x_wconf 73' lang='lat' dir='ltr'><strong>misisset,</strong></span> <span class='ocrx_word' id='word_1_665' title='bbox 550 5121 610 5161; x_wconf 90' lang='lat' dir='ltr'><strong>se</strong></span> <span class='ocrx_word' id='word_1_666' title='bbox 643 5106 911 5158; x_wconf 89' lang='lat' dir='ltr'><strong>rationem</strong></span> <span class='ocrx_word' id='word_1_667' title='bbox 961 5103 1154 5172; x_wconf 89' lang='lat' dir='ltr'><strong>ipsius,</strong></span> <span class='ocrx_word' id='word_1_668' title='bbox 1190 5100 1245 5154; x_wconf 92' lang='lat' dir='ltr'><strong>in</strong></span> <span class='ocrx_word' id='word_1_669' title='bbox 1271 5099 1665 5154; x_wconf 88' lang='lat' dir='ltr'><strong>constituendo</strong></span> <span class='ocrx_word' id='word_1_670' title='bbox 1713 5112 1836 5152; x_wconf 89' lang='lat' dir='ltr'><strong>suc-</strong></span> 
     </span>
    </p>
   </div>
   <div class='ocr_carea' id='block_1_98' title="bbox 254 5190 1835 5265">
    <p class='ocr_par' dir='ltr' id='par_1_98' title="bbox 254 5190 1835 5265">
     <span class='ocr_line' id='line_1_99' title="bbox 254 5190 1835 5265; baseline -0.007 -10"><span class='ocrx_word' id='word_1_671' title='bbox 254 5216 503 5263; x_wconf 81' lang='lat' dir='ltr'><strong>cessore.</strong></span> <span class='ocrx_word' id='word_1_672' title='bbox 535 5214 696 5265; x_wconf 90' lang='lat' dir='ltr'><strong>supra</strong></span> <span class='ocrx_word' id='word_1_673' title='bbox 758 5198 900 5252; x_wconf 89' lang='lat' dir='ltr'><strong>lilios</strong></span> <span class='ocrx_word' id='word_1_674' title='bbox 962 5208 1191 5250; x_wconf 66' lang='lat' dir='ltr'><strong>caeteros</strong></span> <span class='ocrx_word' id='word_1_675' title='bbox 1246 5193 1592 5248; x_wconf 82' lang='lat' dir='ltr'><strong>habiturum.</strong></span> <span class='ocrx_word' id='word_1_676' title='bbox 1646 5190 1835 5245; x_wconf 86' lang='lat' dir='ltr'><strong>Eidem</strong></span> 
     </span>
    </p>
   </div>
   <div class='ocr_carea' id='block_1_99' title="bbox 253 5281 1839 5356">
    <p class='ocr_par' dir='ltr' id='par_1_99' title="bbox 253 5281 1839 5356">
     <span class='ocr_line' id='line_1_100' title="bbox 253 5281 1839 5356; baseline -0.007 -10"><span class='ocrx_word' id='word_1_677' title='bbox 253 5293 646 5346; x_wconf 76' lang='lat' dir='ltr'><strong>Castamonatn</strong></span> <span class='ocrx_word' id='word_1_678' title='bbox 674 5297 796 5356; x_wconf 86' lang='lat' dir='ltr'><strong>post</strong></span> <span class='ocrx_word' id='word_1_679' title='bbox 827 5286 1121 5351; x_wconf 86' lang='lat' dir='ltr'><strong>obtinenti,</strong></span> <span class='ocrx_word' id='word_1_680' title='bbox 1151 5285 1218 5339; x_wconf 90' lang='lat' dir='ltr'><strong>de</strong></span> <span class='ocrx_word' id='word_1_681' title='bbox 1263 5297 1370 5352; x_wconf 88' lang='lat' dir='ltr'><strong>qua</strong></span> <span class='ocrx_word' id='word_1_682' title='bbox 1418 5281 1623 5336; x_wconf 89' lang='lat' dir='ltr'><strong>dictum</strong></span> <span class='ocrx_word' id='word_1_683' title='bbox 1657 5282 1839 5350; x_wconf 90' lang='lat' dir='ltr'><strong>capite</strong></span> 
     </span>
    </p>
   </div>
   <div class='ocr_carea' id='block_1_100' title="bbox 255 5373 1841 5446">
    <p class='ocr_par' dir='ltr' id='par_1_100' title="bbox 255 5373 1841 5446">
     <span class='ocr_line' id='line_1_101' title="bbox 255 5373 1841 5446; baseline -0.008 -10"><span class='ocrx_word' id='word_1_684' title='bbox 255 5384 347 5446; x_wconf 78' lang='lat'><strong>06,</strong></span> <span class='ocrx_word' id='word_1_685' title='bbox 383 5397 414 5435; x_wconf 86' lang='lat' dir='ltr'><strong>a</strong></span> <span class='ocrx_word' id='word_1_686' title='bbox 441 5391 611 5435; x_wconf 87' lang='lat' dir='ltr'><strong>morte</strong></span> <span class='ocrx_word' id='word_1_687' title='bbox 644 5380 830 5435; x_wconf 88' lang='lat' dir='ltr'><strong>fratris</strong></span> <span class='ocrx_word' id='word_1_688' title='bbox 853 5377 1213 5433; x_wconf 78' lang='lat' dir='ltr'><strong>Muchemetis</strong></span> <span class='ocrx_word' id='word_1_689' title='bbox 1239 5374 1580 5443; x_wconf 82' lang='lat' dir='ltr'><strong>provinciam</strong></span> <span class='ocrx_word' id='word_1_690' title='bbox 1620 5373 1841 5442; x_wconf 79' lang='lat' dir='ltr'><strong>Magne-</strong></span> 
     </span>
    </p>
   </div>
   <div class='ocr_carea' id='block_1_101' title="bbox 256 5465 1838 5540">
    <p class='ocr_par' dir='ltr' id='par_1_101' title="bbox 256 5465 1838 5540">
     <span class='ocr_line' id='line_1_102' title="bbox 256 5465 1838 5540; baseline -0.009 -10"><span class='ocrx_word' id='word_1_691' title='bbox 256 5477 396 5532; x_wconf 79' lang='lat' dir='ltr'><strong>siam</strong></span> <span class='ocrx_word' id='word_1_692' title='bbox 454 5475 803 5540; x_wconf 89' lang='lat' dir='ltr'><strong>attribuerat,</strong></span> <span class='ocrx_word' id='word_1_693' title='bbox 880 5486 991 5526; x_wconf 89' lang='lat' dir='ltr'><strong>non</strong></span> <span class='ocrx_word' id='word_1_694' title='bbox 1051 5470 1249 5539; x_wconf 79' lang='lat' dir='ltr'><strong>exigua</strong></span> <span class='ocrx_word' id='word_1_695' title='bbox 1316 5467 1497 5538; x_wconf 68' lang='lat' dir='ltr'><strong>Lyciae</strong></span> <span class='ocrx_word' id='word_1_696' title='bbox 1550 5465 1838 5534; x_wconf 70' lang='lat' dir='ltr'><strong>Cat-imque</strong></span> 
     </span>
    </p>
   </div>
   <div class='ocr_carea' id='block_1_102' title="bbox 260 5558 1838 5638">
    <p class='ocr_par' dir='ltr' id='par_1_102' title="bbox 260 5558 1838 5638">
     <span class='ocr_line' id='line_1_103' title="bbox 260 5558 1838 5638; baseline -0.006 -18"><span class='ocrx_word' id='word_1_697' title='bbox 260 5579 420 5638; x_wconf 81' lang='lat' dir='ltr'><strong>parte</strong></span> <span class='ocrx_word' id='word_1_698' title='bbox 480 5566 795 5620; x_wconf 84' lang='lat' dir='ltr'><strong>adauctam.</strong></span> <span class='ocrx_word' id='word_1_699' title='bbox 861 5563 959 5618; x_wconf 87' lang='lat' dir='ltr'><strong>llic</strong></span> <span class='ocrx_word' id='word_1_700' title='bbox 1005 5576 1135 5632; x_wconf 92' lang='lat' dir='ltr'><strong>ergo</strong></span> <span class='ocrx_word' id='word_1_701' title='bbox 1186 5562 1479 5623; x_wconf 76' lang='lat' dir='ltr'><strong>Cor-cutes.</strong></span> <span class='ocrx_word' id='word_1_702' title='bbox 1534 5558 1838 5625; x_wconf 78' lang='lat' dir='ltr'><strong>caeteroqui</strong></span> 
     </span>
    </p>
   </div>
   <div class='ocr_carea' id='block_1_103' title="bbox 262 5649 1837 5724">
    <p class='ocr_par' dir='ltr' id='par_1_103' title="bbox 262 5649 1837 5724">
     <span class='ocr_line' id='line_1_104' title="bbox 262 5649 1837 5724; baseline -0.009 -8"><span class='ocrx_word' id='word_1_703' title='bbox 262 5660 461 5716; x_wconf 76' lang='lat' dir='ltr'><strong>studiis</strong></span> <span class='ocrx_word' id='word_1_704' title='bbox 508 5656 1022 5711; x_wconf 74' lang='lat' dir='ltr'><strong>Maliutnetanorum</strong></span> <span class='ocrx_word' id='word_1_705' title='bbox 1084 5652 1505 5724; x_wconf 88' lang='lat' dir='ltr'><strong>philosophicis,</strong></span> <span class='ocrx_word' id='word_1_706' title='bbox 1562 5661 1616 5705; x_wconf 90' lang='lat' dir='ltr'><strong>et</strong></span> <span class='ocrx_word' id='word_1_707' title='bbox 1665 5649 1837 5719; x_wconf 86' lang='lat' dir='ltr'><strong>quieti</strong></span> 
     </span>
    </p>
   </div>
   <div class='ocr_carea' id='block_1_104' title="bbox 256 5741 1838 5817">
    <p class='ocr_par' dir='ltr' id='par_1_104' title="bbox 256 5741 1838 5817">
     <span class='ocr_line' id='line_1_105' title="bbox 256 5741 1838 5817; baseline -0.007 -10"><span class='ocrx_word' id='word_1_708' title='bbox 256 5750 828 5817; x_wconf 82' lang='lat' dir='ltr'><strong>deditus,seditioues</strong></span> <span class='ocrx_word' id='word_1_709' title='bbox 854 5748 1130 5804; x_wconf 83' lang='lat' dir='ltr'><strong>fraternas</strong></span> <span class='ocrx_word' id='word_1_710' title='bbox 1178 5744 1554 5815; x_wconf 83' lang='lat' dir='ltr'><strong>conspicatus,</strong></span> <span class='ocrx_word' id='word_1_711' title='bbox 1619 5751 1672 5799; x_wconf 92' lang='lat' dir='ltr'><strong>et</strong></span> <span class='ocrx_word' id='word_1_712' title='bbox 1720 5741 1838 5812; x_wconf 83' lang='lat' dir='ltr'><strong>ipse</strong></span> 
     </span>
    </p>
   </div>
   <div class='ocr_carea' id='block_1_105' title="bbox 1937 4537 3504 4607">
    <p class='ocr_par' dir='ltr' id='par_1_105' title="bbox 1937 4537 3504 4607">
     <span class='ocr_line' id='line_1_106' title="bbox 1937 4537 3504 4607; baseline 0.011 -18"><span class='ocrx_word' id='word_1_713' title='bbox 1937 4537 2131 4600; x_wconf 87' lang='lat' dir='ltr'><strong>alluat,</strong></span> <span class='ocrx_word' id='word_1_714' title='bbox 2165 4553 2393 4607; x_wconf 89' lang='lat' dir='ltr'><strong>prorsus</strong></span> <span class='ocrx_word' id='word_1_715' title='bbox 2429 4540 2534 4593; x_wconf 89' lang='lat' dir='ltr'><strong>hoc</strong></span> <span class='ocrx_word' id='word_1_716' title='bbox 2561 4539 2628 4594; x_wconf 91' lang='lat' dir='ltr'><strong>de</strong></span> <span class='ocrx_word' id='word_1_717' title='bbox 2683 4540 2878 4597; x_wconf 84' lang='lat' dir='ltr'><strong>Zecme</strong></span> <span class='ocrx_word' id='word_1_718' title='bbox 2934 4545 3017 4598; x_wconf 90' lang='lat' dir='ltr'><strong>vel</strong></span> <span class='ocrx_word' id='word_1_719' title='bbox 3070 4544 3243 4604; x_wconf 84' lang='lat' dir='ltr'><strong>Ponte</strong></span> <span class='ocrx_word' id='word_1_720' title='bbox 3303 4550 3504 4605; x_wconf 78' lang='lat' dir='ltr'><strong>minori</strong></span> 
     </span>
    </p>
   </div>
   <div class='ocr_carea' id='block_1_106' title="bbox 1934 4629 3507 4706">
    <p class='ocr_par' dir='ltr' id='par_1_106' title="bbox 1934 4629 3507 4706">
     <span class='ocr_line' id='line_1_107' title="bbox 1934 4629 3507 4706; baseline 0.011 -25"><span class='ocrx_word' id='word_1_721' title='bbox 1934 4629 2338 4698; x_wconf 84' lang='lat' dir='ltr'><strong>accipiendum,</strong></span> <span class='ocrx_word' id='word_1_722' title='bbox 2373 4646 2401 4683; x_wconf 88' lang='lat' dir='ltr'><strong>a</strong></span> <span class='ocrx_word' id='word_1_723' title='bbox 2432 4630 2907 4702; x_wconf 81' lang='lat' dir='ltr'><strong>Constantinopoli</strong></span> <span class='ocrx_word' id='word_1_724' title='bbox 2950 4636 3265 4706; x_wconf 87' lang='lat' dir='ltr'><strong>quindecim</strong></span> <span class='ocrx_word' id='word_1_725' title='bbox 3308 4641 3507 4697; x_wconf 89' lang='lat' dir='ltr'><strong>millia-</strong></span> 
     </span>
    </p>
   </div>
   <div class='ocr_carea' id='block_1_107' title="bbox 1945 4722 3510 4797">
    <p class='ocr_par' dir='ltr' id='par_1_107' title="bbox 1945 4722 3510 4797">
     <span class='ocr_line' id='line_1_108' title="bbox 1945 4722 3510 4797; baseline 0.01 -22"><span class='ocrx_word' id='word_1_726' title='bbox 1945 4723 2104 4777; x_wconf 87' lang='lat' dir='ltr'><strong>ribus</strong></span> <span class='ocrx_word' id='word_1_727' title='bbox 2137 4722 2344 4778; x_wconf 66' lang='lat' dir='ltr'><strong>Graecis</strong></span> <span class='ocrx_word' id='word_1_728' title='bbox 2370 4725 2692 4793; x_wconf 87' lang='lat' dir='ltr'><strong>disjuucto;</strong></span> <span class='ocrx_word' id='word_1_729' title='bbox 2763 4742 2885 4797; x_wconf 68' lang='lat' dir='ltr'><strong>qua:</strong></span> <span class='ocrx_word' id='word_1_730' title='bbox 2938 4744 2966 4781; x_wconf 89' lang='lat' dir='ltr'><strong>a</strong></span> <span class='ocrx_word' id='word_1_731' title='bbox 3032 4738 3249 4785; x_wconf 88' lang='lat' dir='ltr'><strong>centum</strong></span> <span class='ocrx_word' id='word_1_732' title='bbox 3293 4735 3510 4790; x_wconf 86' lang='lat' dir='ltr'><strong>duobus</strong></span> 
     </span>
    </p>
   </div>
   <div class='ocr_carea' id='block_1_108' title="bbox 1938 4817 3508 4894">
    <p class='ocr_par' dir='ltr' id='par_1_108' title="bbox 1938 4817 3508 4894">
     <span class='ocr_line' id='line_1_109' title="bbox 1938 4817 3508 4894; baseline 0.01 -25"><span class='ocrx_word' id='word_1_733' title='bbox 1938 4817 2133 4871; x_wconf 73' lang='lat' dir='ltr'><strong>sradiis</strong></span> <span class='ocrx_word' id='word_1_734' title='bbox 2156 4817 2314 4882; x_wconf 90' lang='lat' dir='ltr'><strong>nihil,</strong></span> <span class='ocrx_word' id='word_1_735' title='bbox 2348 4828 2441 4870; x_wconf 91' lang='lat' dir='ltr'><strong>aut</strong></span> <span class='ocrx_word' id='word_1_736' title='bbox 2470 4833 2660 4886; x_wconf 80' lang='lat' dir='ltr'><strong>parum</strong></span> <span class='ocrx_word' id='word_1_737' title='bbox 2730 4819 2950 4875; x_wconf 89' lang='lat' dir='ltr'><strong>absunt.</strong></span> <span class='ocrx_word' id='word_1_738' title='bbox 2986 4824 3205 4894; x_wconf 64' lang='lat' dir='ltr'><strong>Athyras</strong></span> <span class='ocrx_word' id='word_1_739' title='bbox 3232 4824 3379 4880; x_wconf 84' lang='lat' dir='ltr'><strong>ﬂuvii</strong></span> <span class='ocrx_word' id='word_1_740' title='bbox 3408 4844 3508 4883; x_wconf 91' lang='lat' dir='ltr'><strong>no-</strong></span> 
     </span>
    </p>
   </div>
   <div class='ocr_carea' id='block_1_109' title="bbox 1939 4906 3509 4984">
    <p class='ocr_par' dir='ltr' id='par_1_109' title="bbox 1939 4906 3509 4984">
     <span class='ocr_line' id='line_1_110' title="bbox 1939 4906 3509 4984; baseline 0.007 -25"><span class='ocrx_word' id='word_1_741' title='bbox 1939 4924 2059 4961; x_wconf 88' lang='lat' dir='ltr'><strong>men</strong></span> <span class='ocrx_word' id='word_1_742' title='bbox 2095 4906 2181 4961; x_wconf 87' lang='lat' dir='ltr'><strong>hic</strong></span> <span class='ocrx_word' id='word_1_743' title='bbox 2206 4908 2255 4961; x_wconf 89' lang='lat' dir='ltr'><strong>in</strong></span> <span class='ocrx_word' id='word_1_744' title='bbox 2310 4910 2459 4977; x_wconf 84' lang='lat' dir='ltr'><strong>Aqua</strong></span> <span class='ocrx_word' id='word_1_745' title='bbox 2493 4909 2644 4962; x_wconf 79' lang='lat' dir='ltr'><strong>dulce</strong></span> <span class='ocrx_word' id='word_1_746' title='bbox 2699 4926 2843 4965; x_wconf 91' lang='lat' dir='ltr'><strong>nunc</strong></span> <span class='ocrx_word' id='word_1_747' title='bbox 2876 4912 3024 4969; x_wconf 75' lang='lat' dir='ltr'><strong>Italis</strong></span> <span class='ocrx_word' id='word_1_748' title='bbox 3088 4928 3169 4969; x_wconf 88' lang='lat' dir='ltr'><strong>est</strong></span> <span class='ocrx_word' id='word_1_749' title='bbox 3220 4927 3509 4984; x_wconf 91' lang='lat' dir='ltr'><strong>mutatum,</strong></span> 
     </span>
    </p>
   </div>
   <div class='ocr_carea' id='block_1_110' title="bbox 1938 4997 3511 5078">
    <p class='ocr_par' dir='ltr' id='par_1_110' title="bbox 1938 4997 3511 5078">
     <span class='ocr_line' id='line_1_111' title="bbox 1938 4997 3511 5078; baseline 0.006 -25"><span class='ocrx_word' id='word_1_750' title='bbox 1938 4997 2144 5053; x_wconf 68' lang='lat' dir='ltr'><strong>Graecis</strong></span> <span class='ocrx_word' id='word_1_751' title='bbox 2182 4999 2235 5053; x_wconf 89' lang='lat' dir='ltr'><strong>in</strong></span> <span class='ocrx_word' id='word_1_752' title='bbox 2273 4998 2586 5070; x_wconf 79' lang='lat' dir='ltr'><strong>Glykyuero.</strong></span> <span class='ocrx_word' id='word_1_753' title='bbox 2620 5002 2818 5057; x_wconf 87' lang='lat' dir='ltr'><strong>Pontes</strong></span> <span class='ocrx_word' id='word_1_754' title='bbox 2847 5007 3062 5071; x_wconf 88' lang='lat' dir='ltr'><strong>ambos,</strong></span> <span class='ocrx_word' id='word_1_755' title='bbox 3099 5018 3202 5059; x_wconf 88' lang='lat' dir='ltr'><strong>tam</strong></span> <span class='ocrx_word' id='word_1_756' title='bbox 3224 5008 3511 5078; x_wconf 80' lang='lat' dir='ltr'><strong>majorem,</strong></span> 
     </span>
    </p>
   </div>
   <div class='ocr_carea' id='block_1_111' title="bbox 1941 5092 3509 5159">
    <p class='ocr_par' dir='ltr' id='par_1_111' title="bbox 1941 5092 3509 5159">
     <span class='ocr_line' id='line_1_112' title="bbox 1941 5092 3509 5159; baseline 0.006 -17"><span class='ocrx_word' id='word_1_757' title='bbox 1941 5106 2105 5159; x_wconf 90' lang='lat' dir='ltr'><strong>quam</strong></span> <span class='ocrx_word' id='word_1_758' title='bbox 2138 5092 2428 5154; x_wconf 87' lang='lat' dir='ltr'><strong>minorem.</strong></span> <span class='ocrx_word' id='word_1_759' title='bbox 2468 5094 2799 5149; x_wconf 85' lang='lat' dir='ltr'><strong>milliaribus</strong></span> <span class='ocrx_word' id='word_1_760' title='bbox 2835 5097 3023 5151; x_wconf 86' lang='lat' dir='ltr'><strong>decem</strong></span> <span class='ocrx_word' id='word_1_761' title='bbox 3074 5097 3142 5150; x_wconf 88' lang='lat' dir='ltr'><strong>ab</strong></span> <span class='ocrx_word' id='word_1_762' title='bbox 3170 5114 3231 5152; x_wconf 88' lang='lat' dir='ltr'><strong>se</strong></span> <span class='ocrx_word' id='word_1_763' title='bbox 3278 5098 3509 5153; x_wconf 74' lang='lat' dir='ltr'><strong>invicem</strong></span> 
     </span>
    </p>
   </div>
   <div class='ocr_carea' id='block_1_112' title="bbox 1939 5183 3512 5253">
    <p class='ocr_par' dir='ltr' id='par_1_112' title="bbox 1939 5183 3512 5253">
     <span class='ocr_line' id='line_1_113' title="bbox 1939 5183 3512 5253; baseline 0.004 -16"><span class='ocrx_word' id='word_1_764' title='bbox 1939 5184 2188 5245; x_wconf 83' lang='lat' dir='ltr'><strong>tlissitos,</strong></span> <span class='ocrx_word' id='word_1_765' title='bbox 2233 5183 2486 5237; x_wconf 91' lang='lat' dir='ltr'><strong>sultanus</strong></span> <span class='ocrx_word' id='word_1_766' title='bbox 2521 5184 2885 5250; x_wconf 82' lang='lat' dir='ltr'><strong>Soleimanes,</strong></span> <span class='ocrx_word' id='word_1_767' title='bbox 2926 5203 3059 5241; x_wconf 80' lang='lat' dir='ltr'><strong>avus</strong></span> <span class='ocrx_word' id='word_1_768' title='bbox 3099 5187 3261 5253; x_wconf 88' lang='lat' dir='ltr'><strong>hujus</strong></span> <span class='ocrx_word' id='word_1_769' title='bbox 3278 5189 3512 5244; x_wconf 75' lang='lat' dir='ltr'><strong>Muralis</strong></span> 
     </span>
    </p>
   </div>
   <div class='ocr_carea' id='block_1_113' title="bbox 1942 5274 3489 5347">
    <p class='ocr_par' dir='ltr' id='par_1_113' title="bbox 1942 5274 3489 5347">
     <span class='ocr_line' id='line_1_114' title="bbox 1942 5274 3489 5347; baseline 0.005 -22"><span class='ocrx_word' id='word_1_770' title='bbox 1942 5274 2112 5339; x_wconf 89' lang='lat' dir='ltr'><strong>tertii,</strong></span> <span class='ocrx_word' id='word_1_771' title='bbox 2136 5274 2376 5327; x_wconf 80' lang='lat' dir='ltr'><strong>maximo</strong></span> <span class='ocrx_word' id='word_1_772' title='bbox 2406 5283 2627 5343; x_wconf 90' lang='lat' dir='ltr'><strong>sumptu</strong></span> <span class='ocrx_word' id='word_1_773' title='bbox 2682 5277 2874 5329; x_wconf 85' lang='lat' dir='ltr'><strong>refecit</strong></span> <span class='ocrx_word' id='word_1_774' title='bbox 2910 5295 2921 5329; x_wconf 94' lang='lat'>:</span> <span class='ocrx_word' id='word_1_775' title='bbox 2962 5279 3118 5342; x_wconf 81' lang='lat' dir='ltr'><strong>cujus</strong></span> <span class='ocrx_word' id='word_1_776' title='bbox 3150 5279 3369 5347; x_wconf 91' lang='lat' dir='ltr'><strong>quidem</strong></span> <span class='ocrx_word' id='word_1_777' title='bbox 3403 5295 3489 5335; x_wconf 91' lang='lat' dir='ltr'><strong>me</strong></span> 
     </span>
    </p>
   </div>
   <div class='ocr_carea' id='block_1_114' title="bbox 1942 5366 3485 5437">
    <p class='ocr_par' dir='ltr' id='par_1_114' title="bbox 1942 5366 3485 5437">
     <span class='ocr_line' id='line_1_115' title="bbox 1942 5366 3485 5437; baseline 0.005 -19"><span class='ocrx_word' id='word_1_778' title='bbox 1942 5366 2209 5419; x_wconf 86' lang='lat' dir='ltr'><strong>morabile</strong></span> <span class='ocrx_word' id='word_1_779' title='bbox 2234 5377 2419 5419; x_wconf 84' lang='lat' dir='ltr'><strong>votum</strong></span> <span class='ocrx_word' id='word_1_780' title='bbox 2451 5367 2575 5433; x_wconf 79' lang='lat' dir='ltr'><strong>fuit,</strong></span> <span class='ocrx_word' id='word_1_781' title='bbox 2606 5384 2715 5437; x_wconf 90' lang='lat' dir='ltr'><strong>quo</strong></span> <span class='ocrx_word' id='word_1_782' title='bbox 2750 5369 2851 5422; x_wconf 86' lang='lat' dir='ltr'><strong>tria</strong></span> <span class='ocrx_word' id='word_1_783' title='bbox 2884 5369 2987 5423; x_wconf 89' lang='lat' dir='ltr'><strong>sibi</strong></span> <span class='ocrx_word' id='word_1_784' title='bbox 3015 5371 3247 5425; x_wconf 79' lang='lat' dir='ltr'><strong>concedi</strong></span> <span class='ocrx_word' id='word_1_785' title='bbox 3309 5371 3485 5425; x_wconf 80' lang='lat' dir='ltr'><strong>divini</strong></span> 
     </span>
    </p>
   </div>
   <div class='ocr_carea' id='block_1_115' title="bbox 1943 5460 3511 5529">
    <p class='ocr_par' dir='ltr' id='par_1_115' title="bbox 1943 5460 3511 5529">
     <span class='ocr_line' id='line_1_116' title="bbox 1943 5460 3511 5529; baseline 0.003 -19"><span class='ocrx_word' id='word_1_786' title='bbox 1943 5467 2030 5510; x_wconf 86' lang='lat' dir='ltr'><strong>tus</strong></span> <span class='ocrx_word' id='word_1_787' title='bbox 2058 5460 2305 5526; x_wconf 88' lang='lat' dir='ltr'><strong>optabat,</strong></span> <span class='ocrx_word' id='word_1_788' title='bbox 2337 5470 2394 5511; x_wconf 91' lang='lat' dir='ltr'><strong>ut</strong></span> <span class='ocrx_word' id='word_1_789' title='bbox 2432 5470 2557 5513; x_wconf 90' lang='lat' dir='ltr'><strong>ante</strong></span> <span class='ocrx_word' id='word_1_790' title='bbox 2605 5468 2832 5512; x_wconf 74' lang='lat' dir='ltr'><strong>lllflf‘lclll</strong></span> <span class='ocrx_word' id='word_1_791' title='bbox 2900 5462 3209 5529; x_wconf 77' lang='lat' dir='ltr'><strong>perﬁceret.</strong></span> <span class='ocrx_word' id='word_1_792' title='bbox 3241 5462 3511 5526; x_wconf 85' lang='lat' dir='ltr'><strong>Primum,</strong></span> 
     </span>
    </p>
   </div>
   <div class='ocr_carea' id='block_1_116' title="bbox 1943 5551 3515 5624">
    <p class='ocr_par' dir='ltr' id='par_1_116' title="bbox 1943 5551 3515 5624">
     <span class='ocr_line' id='line_1_117' title="bbox 1943 5551 3515 5624; baseline 0.001 -19"><span class='ocrx_word' id='word_1_793' title='bbox 1943 5551 2395 5605; x_wconf 86' lang='lat' dir='ltr'><strong>instaurationem</strong></span> <span class='ocrx_word' id='word_1_794' title='bbox 2425 5554 2781 5622; x_wconf 81' lang='lat' dir='ltr'><strong>aqmeductus</strong></span> <span class='ocrx_word' id='word_1_795' title='bbox 2814 5554 3060 5617; x_wconf 79' lang='lat' dir='ltr'><strong>maximi,</strong></span> <span class='ocrx_word' id='word_1_796' title='bbox 3114 5570 3275 5624; x_wconf 87' lang='lat' dir='ltr'><strong>quem</strong></span> <span class='ocrx_word' id='word_1_797' title='bbox 3315 5556 3384 5607; x_wconf 90' lang='lat' dir='ltr'><strong>ab</strong></span> <span class='ocrx_word' id='word_1_798' title='bbox 3417 5571 3515 5607; x_wconf 87' lang='lat' dir='ltr'><strong>au-</strong></span> 
     </span>
    </p>
   </div>
   <div class='ocr_carea' id='block_1_117' title="bbox 1942 5642 3517 5711">
    <p class='ocr_par' dir='ltr' id='par_1_117' title="bbox 1942 5642 3517 5711">
     <span class='ocr_line' id='line_1_118' title="bbox 1942 5642 3517 5711; baseline 0.001 -13"><span class='ocrx_word' id='word_1_799' title='bbox 1942 5655 2094 5698; x_wconf 90' lang='lat' dir='ltr'><strong>ctore</strong></span> <span class='ocrx_word' id='word_1_800' title='bbox 2127 5642 2432 5711; x_wconf 82' lang='lat' dir='ltr'><strong>Valentem,</strong></span> <span class='ocrx_word' id='word_1_801' title='bbox 2475 5657 2569 5699; x_wconf 86' lang='lat' dir='ltr'><strong>aut</strong></span> <span class='ocrx_word' id='word_1_802' title='bbox 2614 5644 3018 5709; x_wconf 75' lang='lat' dir='ltr'><strong>Valentiauum,</strong></span> <span class='ocrx_word' id='word_1_803' title='bbox 3056 5644 3517 5700; x_wconf 80' lang='lat' dir='ltr'><strong>nortValentinia-</strong></span> 
     </span>
    </p>
   </div>
   <div class='ocr_carea' id='block_1_118' title="bbox 1946 5740 3519 5811">
    <p class='ocr_par' dir='ltr' id='par_1_118' title="bbox 1946 5740 3519 5811">
     <span class='ocr_line' id='line_1_119' title="bbox 1946 5740 3519 5811; baseline 0.001 -17"><span class='ocrx_word' id='word_1_804' title='bbox 1946 5754 2097 5806; x_wconf 86' lang='lat' dir='ltr'><strong>num,</strong></span> <span class='ocrx_word' id='word_1_805' title='bbox 2134 5747 2194 5794; x_wconf 89' lang='lat' dir='ltr'><strong>ut</strong></span> <span class='ocrx_word' id='word_1_806' title='bbox 2224 5741 2385 5811; x_wconf 73' lang='lat' dir='ltr'><strong>vulgo</strong></span> <span class='ocrx_word' id='word_1_807' title='bbox 2422 5740 2701 5810; x_wconf 86' lang='lat' dir='ltr'><strong>corruptis</strong></span> <span class='ocrx_word' id='word_1_808' title='bbox 2736 5741 2791 5794; x_wconf 89' lang='lat' dir='ltr'><strong>in</strong></span> <span class='ocrx_word' id='word_1_809' title='bbox 2828 5740 2983 5796; x_wconf 85' lang='lat' dir='ltr'><strong>libris</strong></span> <span class='ocrx_word' id='word_1_810' title='bbox 3008 5740 3228 5811; x_wconf 63' lang='lat' dir='ltr'><strong>legitur,</strong></span> <span class='ocrx_word' id='word_1_811' title='bbox 3268 5740 3519 5796; x_wconf 77' lang='lat' dir='ltr'><strong>historici</strong></span> 
     </span>
    </p>
   </div>
  </div>
