4048 6208
634 274 741 336 867

1840 268 2171 329 JUANNIS
2214 269 2687 333 LEUNCI.AVll
3728 276 3808 337 $08

634 387 895 439 dixerunt
925 399 941 437 :
981 381 1182 438 deinde
1207 382 1403 438 horum
1426 384 1676 451 pontium
1703 382 1756 435 in
1788 392 2025 451 utroque
2080 372 2205 436 sinu
2238 391 2283 445 Α.
2313 400 2454 453 quos
2493 386 2701 437 insilire
2737 384 2869 437 feles
2906 383 3106 441 solent.
3152 382 3360 453 quoties
3409 382 3643 437 alimenta
3689 392 3812 440 statis

638 480 837 539 maris,
873 492 1005 531 sane
1031 491 1196 545 quam
1229 476 1359 542 lato,
1396 476 1746 530 refectionem
1785 492 1799 528 :
1830 477 1981 530 urbis
2044 476 2168 531 deni
2192 506 2208 517 -

635 586 741 639 que.
770 569 1096 623 Viennensis
1146 567 1452 622 Austriaeas
1511 568 1958 635 Occupationem,
2042 582 2204 635 quam

639 664 890 716 maximis
914 660 1131 715 duabus
1170 660 1614 729 expeditionibus
1638 661 1705 714 ab
1751 675 1810 713 se
1854 660 2054 714 frustra
2090 669 2197 713 ten-

639 767 825 819 tatam,
850 769 1063 808 summa
1093 768 1216 806 cum
1244 753 1622 821 indignatione
1658 754 1933 806 recordari
1976 755 2205 808 solebat.

637 848 843 902 l‘rioris
873 848 1161 916 utriusque
1204 846 1315 901 voti
1382 845 1561 900 factus
1608 854 1692 899 est
1753 860 2001 914 compos,
2058 845 2209 913 regio

634 958 859 1011 prorsus
898 956 1064 1009 opere
1098 956 1194 1010 per
1228 938 1425 1009 viginti
1456 939 1578 1006 plus
1613 936 1795 989 minus
1823 937 2077 991 milliaria
2110 940 2207 992 de-

628 1037 809 1092 ductis
849 1037 902 1090 in
948 1036 1136 1089 urbem
1167 1048 1230 1087 ex
1258 1034 1379 1101 ipso
1449 1031 1696 1084 Danubio
1731 1030 1973 1098 copiosis
2028 1032 2208 1100 aquis,

626 1142 682 1181 ot
733 1130 1000 1182 ambobus
1063 1129 1361 1181 exstructis
1420 1125 1681 1193 pontibus
1722 1141 1736 1177 :
1772 1124 1933 1178 tertio
1981 1121 2206 1178 Numen

628 1221 965 1275 Christianis
1000 1220 1317 1289 propitium,
1352 1233 1420 1271 ne
1471 1218 1725 1286 tyrannis
1752 1217 1805 1269 in
1853 1217 2043 1270 intima
2070 1216 2205 1269 Ger-

630 1312 826 1365 maniae
878 1312 1088 1365 viseera
1128 1318 1459 1377 penetraret,
1504 1308 1686 1361 favere
1716 1308 1910 1362 noluit.
1967 1309 2207 1377 Athyro-

631 1420 747 1456 rtnn
774 1419 994 1473 quoque
1031 1402 1279 1455 meminit
1328 1400 1574 1469 episcopi
1609 1399 1721 1455 Leo
1756 1400 1986 1467 Sapiens
2040 1399 2203 1471 475

628 1500 927 1563 imperator
961 1495 1012 1548 in
1050 1493 1276 1548 Novella
1339 1494 1406 1548 de
1442 1494 1681 1557 thronis,
1722 1508 1955 1561 eumque
1986 1494 2210 1562 subjicit

627 1585 967 1640 lleracliensi
1003 1585 1426 1653 metropolitano
1448 1586 1500 1651 in
1530 1584 1785 1637 Thracia.
1812 1582 1944 1647 Qua:
1977 1585 2201 1652 quidem

626 1678 829 1747 Athyra
866 1676 1081 1729 diversa
1119 1690 1226 1728 non
1264 1682 1395 1728 sunt
1450 1674 1517 1726 ab
1544 1674 1693 1727 hisce
1724 1672 1940 1726 duobus
1965 1674 2203 1741 oppidis,

628 1744 748 1836 quas
780 1769 1042 1821 diximus.
1076 1767 1137 1820 Et
1186 1766 1511 1836 Zygomalas
1570 1765 1752 1834 ἄθυρα
1814 1766 1982 1826 dicta,
2058 1766 2207 1821 velut
2237 1744 2284 1807 Β

628 1860 832 1928 unum,
863 1859 1080 1913 volebat
1109 1873 1174 1911 ex
1214 1872 1279 1912 eo
1305 1859 1452 1927 quod
1508 1858 1582 1911 uti
1617 1868 1771 1922 tunc,
1800 1858 1873 1912 ita
1904 1858 2205 1926 superiori-

628 1951 733 2005 bus
760 1950 920 2003 etiam
975 1949 1217 2010 saaeulis,
1274 1949 1472 2017 oppida
1535 1948 1745 2002 fuerint
1807 1950 1976 2003 nullis
2034 1951 2210 2017 portis

629 2045 840 2108 clausa,
870 2058 973 2097 nec
1006 2042 1281 2097 moenibus
1312 2043 1511 2098 cincta.
1556 2043 1729 2113 Vulgo
1784 2044 2020 2110 denique
2047 2042 2201 2097 Gra«

628 2150 818 2190 corum
854 2135 1007 2196 illud,
1045 2136 1240 2195 πόντος
1276 2135 1476 2203 μέγας,
1537 2134 1662 2199 hoc,
1728 2135 1926 2195 πόντος
1988 2135 2208 2204 μικρὸς,

631 2230 952 2297 appellatur,
992 2241 1048 2283 ut
1081 2232 1244 2297 paulo
1294 2227 1649 2298 peritioribus
1682 2231 1906 2300 γέφυρα.
1966 2230 2203 2301 μεγάλη.

629 2332 684 2376 et
709 2322 927 2392 γέφυρα.
958 2323 1150 2393 μικρά.

629 2454 754 2510 197.
786 2446 1007 2509 Pratum
1038 2456 1412 2517 Cenibareum,
1441 2459 1812 2525 genizuromm
1856 2458 2208 2526 domicilium,

696 2531 966 2599 exeuntia;
993 2527 1344 2579 excubitor-ﬂ.
1380 2526 1519 2579 Loca
1566 2540 1707 2599 certe
1758 2531 2035 2596 pasrendis
2084 2533 2208 2599 feli-

702 2596 818 2661 bus,
836 2614 899 2650 ex
928 2596 1213 2650 Turcorum
1245 2600 1489 2651 instituto
1515 2637 1530 2661 ,
1553 2598 1748 2652 Cusluc
1771 2610 1817 2652 et
1844 2596 2212 2667 lkt'ndt',statre

700 2668 978 2735 pasrendis
1006 2669 1188 2720 iisdem
1225 2668 1388 2721 ltorw.

708 2782 1009 2837 Divertisse
1042 2782 1280 2835 traditur
1315 2782 1567 2842 Sclimrs,
1615 2781 1755 2835 haud
1804 2781 1969 2838 dubie
2015 2798 2211 2853 magno

632 2887 756 2927 cum
787 2874 1073 2937 comitatu,
1108 2875 1160 2926 in
1198 2873 1375 2925 locum
1414 2871 1586 2935 urbis,
1613 2874 1680 2927 ab
1712 2875 2017 2928 Annalibus
2042 2875 2213 2929 Geni-

632 2967 774 3021 baxe
805 2965 885 3020 vel
918 2964 1226 3020 Gcnibacze
1266 2965 1626 3030 neminatum,
1672 2965 1724 3020 id
1755 2973 1839 3020 est
1874 2967 1927 3019 in
1991 2967 2209 3021 hortum

634 3072 833 3113 novum
857 3073 871 3121 ;
899 3057 1058 3125 cujus
1082 3056 1135 3110 in
1159 3068 1335 3125 ptato,
1371 3056 1667 3110 multorum
1707 3056 2067 3111 tentoriorum
2110 3073 2208 3113 ca-

634 3150 779 3218 paci,
820 3148 1054 3203 'l‘urcico
1114 3164 1265 3202 more
1306 3147 1637 3202 commorari
1691 3148 1795 3202 sub
1826 3148 1918 3202 dio
1972 3159 2207 3216 poterat.

635 3238 782 3293 Idem
824 3256 1019 3293 notnen
1075 3249 1129 3293 et
1191 3238 1576 3308 Spanduginus
1626 3239 1905 3295 memoriae
1950 3240 2209 3309 prodidit.

634 3330 891 3385 Selimem
943 3330 1186 3385 referens
1247 3332 1541 3401 hospitium
1598 3333 1810 3398 cepisse
1858 3332 2089 3395 inloco,
2125 3332 2211 3386 cui

636 3437 834 3476 nomen
879 3423 949 3475 sit
984 3420 1298 3485 .lauibacza,
1352 3437 1457 3475 non
1516 3424 1701 3491 procul
1763 3437 1789 3474 a
1832 3423 2212 3491 genizarorum

635 3513 939 3566 domicilio.
977 3511 1193 3566 Dictum
1250 3514 1409 3581 paulo
1444 3522 1592 3576 ante,
1660 3513 1957 3569 Corcntein
1995 3531 2213 3584 quoque

632 3604 1165 3672 Constantinopolim
1202 3607 1534 3674 ingressum,
1569 3607 1712 3660 haud
1755 3608 1942 3675 procul
1980 3622 2010 3661 a
2036 3608 2214 3659 domi-

633 3696 762 3748 cilio
821 3696 1205 3763 genizarorum
1263 3699 1533 3765 delegisse
1564 3699 1668 3752 sibi
1709 3699 1889 3751 locum
1930 3700 2151 3768 hospitii
2194 3717 2209 3753 :

633 3788 779 3858 quod
823 3804 955 3844 sane
992 3805 1099 3859 quo
1139 3789 1343 3843 factum
1374 3791 1606 3845 consilio
1646 3792 1830 3854 fuerit,
1887 3806 2050 3845 nemo
2103 3809 2209 3846 non

636 3882 1042 3936 animadvertit.
1084 3880 1196 3935 lloc
1232 3884 1615 3951 genizarorum
1667 3884 2007 3937 domicilium
2065 3901 2210 3938 mes-

636 3973 753 4024 sita:
785 3972 1096 4041 proximum
1127 3982 1233 4039 est,
1257 3989 1417 4041 quam
1455 3975 1732 4027 memoria:
1763 3976 2075 4031 charissimi
2108 3977 2211 4031 sibi

632 4063 731 4117 lilii
763 4063 1120 4119 Muehemetis
1146 4062 1490 4120 Soleimaues
1520 4068 1801 4123 secundus
1824 4068 2119 4125 exstruxit.
2163 4067 2213 4124 is

630 4168 798 4213 natus
831 4176 895 4212 ex
939 4158 1113 4213 Rossa
1153 4160 1410 4231 conjuge,
1442 4178 1541 4215 ceu
1587 4162 1792 4216 dictum
1834 4163 1886 4215 in
1919 4164 2210 4216 Annalium

635 4252 1051 4323 Snpplemento,
1083 4252 1306 4305 Selimis
1360 4253 1398 4305 ll
1433 4252 1603 4307 frater
1660 4264 1786 4306 natu
1838 4254 2032 4321 major,
2069 4256 2211 4307 hami

635 4344 798 4397 dubie
820 4344 965 4414 patri
992 4358 1350 4399 successurus
1375 4356 1513 4408 erat,
1537 4346 1581 4400 si
1610 4361 1759 4415 stipe:
1777 4356 1890 4400 stes
1917 4348 1966 4399 ei
1998 4348 2210 4401 fuisset.

634 4436 745 4489 Nec
776 4436 904 4490 item
948 4436 1141 4506 procul
1176 4440 1332 4491 abest
1365 4453 1394 4490 a
1441 4438 1660 4491 messitu
1692 4438 1997 4491 Tui-corum
2038 4441 2210 4507 prima
2244 4442 2295 4502 ι)

625 4527 1128 4597 Constantinopoli,
1163 4544 1329 4598 quam
1381 4531 1433 4582 in
1489 4532 1671 4584 locum
1709 4531 1841 4584 tedis
1890 4540 2209 4585 sanctorum

632 4618 1003 4685 apostolorum
1046 4620 1416 4674 Muchemetes
1453 4620 1516 4682 li,
1562 4621 1696 4674 urbe
1720 4632 1903 4689 capta,
1944 4623 2208 4677 condidit.

640 4709 817 4775 Ipsum
886 4710 988 4762 hoc
1052 4711 1341 4765 aedificium
1408 4728 1506 4780 pro
1572 4713 1844 4778 genizaris
1875 4724 2210 4767 exstructum

636 4799 879 4849 arbitror
902 4799 968 4850 ad
992 4800 1352 4853 imitationem
1385 4801 1582 4854 veteris
1612 4812 1719 4853 tam
1752 4802 1803 4854 in
1841 4804 1972 4855 urbe
2008 4804 2209 4870 prisca,

637 4902 799 4951 quam
840 4903 1001 4949 nova,
1028 4890 1478 4954 prmtoriauarnm
1521 4891 1826 4945 cohortium
1859 4892 2209 4955 excubitorii,

638 4977 780 5047 quod
813 4979 1058 5033 historici
1093 4979 1265 5033 Graeci
1304 4982 1638 5035 recentiores
1674 4983 1984 5035 excubitum
2022 4992 2071 5035 et
2116 4996 2212 5035 ex-

635 5072 819 5124 cubila
885 5070 1161 5124 dixerunt.
1218 5072 1391 5125 Erant
1421 5074 1563 5126 enim
1600 5076 1731 5126 utin
1761 5077 1891 5129 urbe
1921 5077 2111 5134 veteri,
2138 5075 2216 5126 sic

636 5163 798 5214 etiam
833 5160 887 5213 in
922 5176 1059 5214 nova
1093 5162 1567 5223 Constantiniana,
1594 5164 1901 5217 cohortium
1935 5164 2213 5232 praztoria-

639 5270 854 5319 narum,
922 5256 1123 5322 quibus
1190 5252 1433 5323 genizari
1503 5265 1915 5319 SUtLCcSSCI‘UIll,
1979 5258 2214 5322 itemque

637 5347 942 5400 cohortium
973 5348 1328 5412 urbanarum,
1367 5358 1420 5400 et
1444 5349 1664 5417 vigilum
1689 5349 2070 5401 excubitoria.
2103 5346 2216 5401 Nec

636 5442 813 5492 locum
848 5440 1099 5508 equidem
1144 5442 1472 5494 cxcnhitorii
1528 5442 1982 5509 pratorianorum
2015 5450 2214 5495 γεω-ιε

638 5541 904 5583 mutatum
942 5532 1201 5596 arbitror,
1227 5532 1298 5585 ob
1354 5534 1800 5587 commoditatem
1836 5535 2018 5598 situs;
2055 5548 2212 5601 quem

637 5635 861 5686 norunt,
900 5628 992 5693 qui
1036 5624 1566 5695 Constantinopolim
1620 5626 1898 5678 viderunt.
1936 5624 2073 5678 Sunt
2110 5627 2217 5679 ihi-

636 5712 757 5765 dem
795 5713 935 5767 horti
973 5717 1128 5784 longe
1157 5717 1505 5784 amplissimi,
1561 5718 1888 5773 circumdati
1930 5720 2124 5785 muris,
2161 5720 2211 5774 in

2312 478 2465 532 horis
2498 494 2525 530 a
2569 479 3027 547 prmtereuntihus
3065 476 3258 530 Turcis
3297 484 3618 542 exspectant.
3645 479 3814 547 Quippe

2313 574 2417 629 sibi
2458 571 2797 643 persuadent
2834 573 3084 626 homines
3138 568 3497 639 superstitiosi
3531 582 3587 622 ac
3621 569 3813 633 barbari,

2314 682 2374 721 se
2406 668 2593 721 nescio
2644 666 2774 735 quid
2835 666 2975 735 apud
3034 664 3201 717 Deum
3234 660 3523 731 promereri
3566 662 3739 729 gratiae,
3781 664 3813 713 si

2312 758 2505 813 brutas
2561 759 2724 813 etiam
2779 758 2833 811 in
2867 758 3201 818 animantes,
3238 754 3388 821 feles,
3444 767 3617 816 canes,
3659 752 3814 821 pisces,

2312 853 2580 916 aviculas,
2614 851 3015 920 elecmosynam
3058 848 3361 905 conferant.
3398 846 3576 915 Itaque
3613 847 3813 898 volucres

2313 945 2393 999 eis
2426 959 2624 999 necare
2676 951 2867 1012 captas
2920 945 2985 994 ad
3040 942 3243 995 victum
3285 938 3468 1002 religio
3520 946 3614 1002 est,
3658 952 3815 1003 CaSqtte

2315 1036 2491 1104 pretio
2562 1033 2746 1102 potius
2822 1047 2923 1085 suo
2979 1030 3289 1096 redemptus
3357 1026 3580 1080 libertati
3633 1025 3815 1077 Italtlrull

2314 1128 2615 1180 restituunt
2674 1141 2688 1178 :
2746 1122 2998 1193 piscibus
3060 1119 3372 1175 devorando
3434 1117 3648 1171 frustula
3702 1117 3819 1181 panis

2310 1217 2625 1285 objiciunt:
2659 1230 2828 1270 canes
2875 1223 2930 1269 et
2982 1213 3117 1268 feles
3167 1212 3224 1266 in
3275 1210 3464 1281 plateis
3514 1206 3732 1275 publicis,
3771 1207 3819 1257 ad

2312 1320 2457 1361 certa
2484 1308 2601 1361 loca
2624 1307 2892 1377 quotidie,
2921 1306 3080 1361 statis
3098 1305 3247 1359 horis
3274 1302 3530 1373 gregatim
3554 1300 3821 1354 convenien-

2312 1411 2416 1467 tes,
2442 1416 2604 1471 pane,
2636 1401 2911 1457 carnibus.
2934 1400 3072 1453 cibis
3094 1399 3309 1454 caeteris
3339 1406 3577 1465 pascunt.
3600 1395 3657 1447 Et
3673 1394 3822 1445 ubst-r-

2310 1494 2426 1546 vari
2459 1509 2489 1545 a
2522 1490 2720 1545 felibus
2750 1494 2804 1543 in
2832 1489 2913 1542 bis
2943 1491 3076 1556 ipsis
3111 1492 3287 1544 muris
3315 1490 3620 1548 hortormn,
3656 1485 3711 1537 de
3735 1484 3825 1550 qui-

2312 1586 2413 1641 bus
2446 1585 2747 1656 loquimur,
2781 1586 2945 1638 horas
2975 1592 3146 1637 statas
3177 1591 3288 1636 tam
3321 1578 3555 1645 Cnsluci,
3601 1576 3721 1648 quod
3744 1590 3826 1627 iuc-

2312 1682 2461 1737 dium
2491 1687 2575 1735 est
2602 1679 2747 1733 inter
2774 1686 3027 1731 exortum
3086 1675 3218 1728 solis
3242 1682 3297 1727 et
3319 1671 3588 1725 meridiem
3614 1666 3828 1737 temporis

2315 1774 2691 1836 intervallum,
2760 1786 2923 1841 quam
2991 1766 3190 1828 lkindi,
3254 1766 3399 1836 quod
3459 1761 3714 1817 meridiem
3777 1759 3828 1811 ab

2313 1883 2517 1922 occasu
2551 1866 2690 1922 solis
2717 1879 2876 1933 reque
2903 1863 3080 1932 spatio
3115 1858 3329 1924 dividit,
3361 1855 3599 1925 equidem
3623 1852 3830 1919 frequen-

2314 1968 2399 2012 ter
2433 1960 2557 2015 illac
2590 1959 2661 2015 ad
2690 1958 3109 2029 patriareliium,
3152 1954 3411 2008 visitandi
3436 1948 3717 2021 Zygomalae
3755 1960 3831 1998 no-

2315 2056 2415 2111 stri
2451 2071 2616 2109 causa
2677 2054 2971 2116 transiens,
3007 2051 3374 2106 animadverti
3409 2065 3423 2102 :
3455 2058 3719 2113 coramque
3748 2040 3828 2093 ridi

2316 2149 2673 2202 mulierculas
2705 2145 3013 2201 bumilioris
3054 2152 3304 2207 statum,
3357 2155 3545 2195 carnes
3590 2152 3741 2197 assas,
3781 2148 3827 2185 et

2316 2240 2616 2309 npsopoliis
2648 2238 2917 2308 proximis
2974 2244 3210 2305 emptas,
3267 2243 3322 2287 et
3376 2230 3591 2302 perticis
3631 2224 3831 2289 oblongis

2317 2333 2526 2396 aliixas,
2551 2333 2749 2387 felibus
2782 2332 2951 2385 hosce
2976 2344 3161 2384 muros
3191 2326 3553 2383 insidentibus
3583 2321 3830 2392 porrigere.

2317 2442 2441 2481 cum
2475 2426 2659 2481 nescio
2715 2424 2847 2495 quid
2885 2424 3235 2494 precularum
3290 2421 3755 2475 admurmurarcut.
3785 2407 3830 2462 ln

2320 2520 2419 2573 bos
2451 2521 2617 2588 igitur
2649 2518 2861 2581 hortos,
2896 2516 3241 2571 excubitorio
3279 2514 3656 2570 Genizarorum
3686 2502 3832 2577 proxi-

2319 2628 2464 2677 mos,
2498 2613 2754 2667 sultanus
2785 2611 3020 2664 Selimes
3044 2609 3290 2663 divertit.

2319 2705 2420 2759 198
2486 2704 2558 2756 De
2592 2703 2873 2769 Mustapha
2909 2703 3082 2763 bassa,
3119 2700 3384 2770 Bajazitis
3433 2700 3721 2753 vezirazeme
3749 2689 3831 2743 Dii--

2533 2778 2717 2843 cagiuo
2755 2776 2830 2843 glt'
2859 2774 3113 2842 Bostangi
3150 2775 3335 2835 bassa,
3366 2772 3520 2837 Aigas
3546 2785 3655 2837 riga.

2389 2867 2519 2920 Erat
2552 2869 2639 2920 hic
2666 2867 2984 2935 MuStaphas
3015 2876 3181 2918 natus
3212 2866 3267 2917 in
3328 2864 3462 2916 urbe
3490 2856 3709 2918 Sereusi,
3736 2864 3833 2922 pro-

2315 2968 2435 3027 pter
2463 2957 2832 3025 Amphipolim
2867 2959 2993 3021 sita,
3033 2957 3100 3009 de
3118 2955 3333 3025 quibus
3371 2952 3635 3007 ambabus
3667 2948 3833 3001 dictum

2318 3051 2497 3119 capite
2520 3051 2589 3103 4'5
2621 3058 2672 3103 et
2717 3050 2804 3104 55.
2844 3048 3058 3103 Patrem
3099 3048 3295 3101 habuit
3336 3047 3659 3101 sacerdotem
3699 3034 3834 3092 Clui-

2318 3144 2481 3200 stiani
2516 3145 2652 3197 ritus
2682 3142 2957 3197 Graicum.
2979 3143 3042 3195 Et
3075 3141 3301 3194 Graecos
3334 3137 3630 3192 sacerdotes
3655 3133 3700 3185 in
3734 3143 3835 3182 con.

2313 3236 2467 3306 jugin
2503 3236 2686 3290 virere
2717 3251 2878 3290 nemo
2907 3251 3013 3287 non
3065 3235 3239 3287 novit.
3276 3230 3397 3285 Fuit
3427 3233 3511 3285 hic
3564 3222 3835 3291 Mustapha!

2319 3332 2403 3384 vir
2423 3338 2663 3387 astutus.
2697 3329 3032 3392 malitiosos,
3053 3327 3316 3380 vindicta:
3340 3338 3520 3381 tenax.
3546 3322 3717 3377 Statim
3742 3324 3835 3386 post

2320 3430 2549 3477 mortem
2584 3421 2839 3489 Bajazitis
2871 3436 2900 3472 a
2933 3424 3152 3473 sultano
3174 3418 3385 3487 _Selime
3414 3420 3513 3471 fuit
3544 3413 3835 3470 interfectus,

2319 3515 2395 3567 uti
2433 3530 2541 3568 non
2577 3516 2750 3566 multo
2783 3521 2906 3582 post
2940 3511 2993 3565 in
3033 3512 3343 3566 Annalibus
3393 3509 3647 3580 sequitur.
3689 3501 3835 3557 Jovius

2320 3608 2578 3662 Selimcm
2616 3623 2723 3659 nun
2764 3607 2929 3673 hujus
2962 3610 3229 3658 duntaxat
3296 3619 3453 3657 usum
3504 3612 3654 3669 opera
3685 3592 3835 3650 scribi!

2319 3702 2370 3755 in
2403 3701 2764 3769 opprimendo
2825 3707 2997 3768 patre,
3028 3698 3123 3752 Sed
3171 3698 3340 3751 etiam
3376 3689 3731 3765 Ducziginoglis
3757 3686 3835 3738 Bo-

2318 3798 2528 3865 stangis
2594 3795 2789 3856 bassze,
2822 3794 2937 3847 sive
2995 3792 3420 3846 hortulanorum
3486 3788 3723 3860 praefecti,
3770 3777 3834 3833 cui

2318 3897 2530 3943 secreto
2562 3888 2792 3941 Selimes
2850 3902 2949 3956 pro
2987 3886 3227 3955 perfidia!
3284 3886 3504 3955 praemio
3532 3883 3679 3936 tiliam
3716 3873 3834 3929 nubi-

2319 3983 2422 4036 lem
2457 3986 2708 4050 promisit
2739 3990 2790 4034 et
2811 3980 2996 4046 dedit;
3034 3991 3087 4033 et
3112 3981 3300 4048 Aiacis
3331 3982 3693 4048 genizarormu
3724 3972 3832 4035 Αςεν.

2318 4076 2461 4145 quod
2493 4074 2656 4128 Turci
2691 4090 2886 4127 nomen
2920 4090 3028 4127 non
3064 4076 3223 4141 Ajax.
3261 4076 3355 4129 sed
3402 4073 3556 4138 Aigas
3582 4064 3834 4123 enuntiant-

2319 4167 2392 4218 De
2424 4165 2778 4236 Ducaginogli
2809 4167 2969 4233 paulo
2999 4174 3120 4235 post
3144 4167 3385 4231 dicetur,
3420 4165 3593 4234 capite
3620 4159 3728 4211 2w.

2324 4256 2438 4311 199.
2482 4257 2591 4310 Cur
2626 4257 2963 4309 Dimotucum
2991 4258 3223 4309 secedere
3259 4251 3759 4325 Bajazitrsdmprrio

2390 4332 2547 4380 misso
2601 4328 2839 4380 voluerit.
2893 4327 3263 4396 litaugurandi
3311 4328 3508 4379 sultani
3560 4332 3837 4396 εξιτζνευιοιυᾳἶ

2394 4399 2781 4466 lmpemlornm
2844 4388 3075 4466 insigm'a
3142 4400 3218 4449 vel
3278 4399 3534 4468 symbolo.
3590 4388 3839 4461 Corouaitdi

2391 4471 2610 4522 alterius
2676 4465 3009 4535 imperatoris
3074 4469 3209 4519 ritus
3270 4465 3409 4532 apud
3466 4465 3838 4535 Ct'tt’ruS.P:'U”

2387 4542 2677 4607 superstite.
2710 4527 3245 4607 ΙΙιιρακοιμώμενοι.
3270 4527 3712 4604 Searaumngium,
3738 4527 3833 4580 Τεθ-

2387 4612 2600 4664 laudari.
2634 4610 2858 4677 ἅμϐων,
2902 4611 3288 4675 Δικηινήσιον.
3326 4607 3568 4661 Τιωιιηα.

2392 4702 2739 4755 Dimotucum
2774 4716 2803 4754 a
2838 4699 3034 4755 Turcis
3065 4700 3247 4755 vocari
3274 4700 3566 4761 civitatem,
3591 4708 3700 4764 qua:
3726 4688 3843 4744 Gor-

2324 4794 2402 4848 cis
2434 4792 2853 4861 Didymotichon
2886 4793 3121 4853 dicatur,
3156 4791 3459 4847 indicatum
3494 4804 3668 4858 supra,
3701 4782 3843 4849 capite

2319 4887 2409 4950 ‘23,
2445 4889 2726 4942 nonnullis
2763 4887 2962 4940 ibidem
3008 4886 3237 4954 adjectis
3268 4885 3336 4940 ad
3384 4886 3519 4939 hanc
3550 4897 3662 4951 qua:
3708 4874 3844 4945 perti-

2322 4994 2474 5037 nent.
2510 4981 2694 5037 Voluit
2730 4992 2910 5036 autem
2946 4997 3009 5036 eo
3043 4998 3101 5037 se
3132 4985 3385 5037 conferte
3419 4981 3689 5049 Bajaziles,
3717 4968 3840 5024 abdi-

2322 5083 2445 5128 cato
2480 5077 2731 5143 imperio,
2767 5075 2913 5141 quod
2947 5075 3066 5141 ejus
3097 5084 3239 5129 esset
3275 5074 3473 5143 patria.
3495 5071 3689 5137 Quippe
3713 5070 3841 5115 ηίιιυε

2320 5167 2483 5238 476
2515 5170 2624 5221 illic
2680 5167 2877 5221 fuerat.
2920 5168 2983 5221 Et
3047 5184 3208 5221 nemo
3263 5182 3370 5220 neu
3408 5168 3615 5218 occulto
3646 5156 3840 5226 qundam

2323 5261 2582 5314 instinctu
2632 5269 2843 5313 natura:
2895 5259 3199 5315 delectatur
3235 5262 3300 5313 iis
3340 5259 3608 5328 precipue
3639 5247 3841 5307 locis,ill

2324 5356 2517 5421 quibus
2547 5354 2846 5408 (:XSlStelttll
2884 5355 3195 5423 principqu
3230 5354 3443 5407 habuit.
3471 5353 3541 5404 Ea
3576 5356 3769 5415 quoque
3791 5340 3845 5389 th

2323 5462 2489 5499 eausa
2550 5446 2840 5514 Bajazites,
2900 5463 3024 5501 cum
3077 5458 3206 5501 ante
3260 5450 3573 5505 triennium,
3638 5433 3845 5489 videlicet

2322 5552 2466 5591 anno
2514 5538 2829 5591 Christiano
2888 5538 3042 5604 I509,
3075 5552 3231 5593 terra:
3265 5548 3443 5592 motus
3496 5530 3765 5589 horribilis.
3792 5522 3847 5573 ἀι)

2325 5644 2432 5696 quo
2475 5630 2634 5697 paulo
2685 5641 2810 5685 ante
2861 5632 3114 5701 legimus,
3158 5633 3210 5685 in
3254 5631 3333 5684 his
3388 5628 3690 5682 Annalibus.
3725 5617 3849 5669 0οη·

2325 5722 2734 5789 St“"llm’lwllm
2770 5733 2819 5778 rt
2854 5724 3299 5793 ,Diilymotichnm
3338 5737 3472 5791 pene
3513 5727 3643 5774 totas
3673 5706 3824 5765 diruis
