  <div class='ocr_page' id='page_1' title='image "/cluster/home/n/w/nwhite01/storage/ocr_20150623/159/hvd.32044073502684/482.png"; bbox 0 0 4048 6208; ppageno 0'>
   <div class='ocr_carea' id='block_1_1' title="bbox 232 273 340 333">
    <p class='ocr_par' dir='ltr' id='par_1_1' title="bbox 232 273 340 333">
     <span class='ocr_line' id='line_1_1' title="bbox 232 273 340 333; baseline 0 0"><span class='ocrx_word' id='word_1_1' title='bbox 232 273 340 333; x_wconf 78' lang='lat'><strong>869</strong></span> 
     </span>
    </p>
   </div>
   <div class='ocr_carea' id='block_1_2' title="bbox 1367 264 2347 333">
    <p class='ocr_par' dir='ltr' id='par_1_2' title="bbox 1367 264 2347 333">
     <span class='ocr_line' id='line_1_2' title="bbox 1367 264 2347 333; baseline -0.007 -7"><span class='ocrx_word' id='word_1_2' title='bbox 1367 266 1763 327; x_wconf 73' lang='lat' dir='ltr'><strong>PANDECTE</strong></span> <span class='ocrx_word' id='word_1_3' title='bbox 1808 265 2014 329; x_wconf 80' lang='lat' dir='ltr'><strong>HIST.</strong></span> <span class='ocrx_word' id='word_1_4' title='bbox 2056 264 2347 333; x_wconf 72' lang='lat' dir='ltr'><strong>TURCIC,</strong></span> 
     </span>
    </p>
   </div>
   <div class='ocr_carea' id='block_1_3' title="bbox 3388 251 3493 317">
    <p class='ocr_par' dir='ltr' id='par_1_3' title="bbox 3388 251 3493 317">
     <span class='ocr_line' id='line_1_3' title="bbox 3388 251 3493 317; baseline -0.029 0"><span class='ocrx_word' id='word_1_5' title='bbox 3388 251 3493 317; x_wconf 67' lang='lat'><strong>8&#39;70</strong></span> 
     </span>
    </p>
   </div>
   <div class='ocr_carea' id='block_1_4' title="bbox 233 367 3492 448">
    <p class='ocr_par' dir='ltr' id='par_1_4' title="bbox 233 367 3492 448">
     <span class='ocr_line' id='line_1_4' title="bbox 233 367 3492 448; baseline -0.006 -10"><span class='ocrx_word' id='word_1_6' title='bbox 233 395 319 438; x_wconf 82' lang='lat' dir='ltr'><strong>set</strong></span> <span class='ocrx_word' id='word_1_7' title='bbox 354 402 367 437; x_wconf 89' lang='lat'><strong>:</strong></span> <span class='ocrx_word' id='word_1_8' title='bbox 402 398 510 434; x_wconf 88' lang='lat' dir='ltr'><strong>non</strong></span> <span class='ocrx_word' id='word_1_9' title='bbox 567 379 1103 448; x_wconf 90' lang='lat' dir='ltr'><strong>Constantinopolim</strong></span> <span class='ocrx_word' id='word_1_10' title='bbox 1159 378 1318 431; x_wconf 89' lang='lat' dir='ltr'><strong>modo</strong></span> <span class='ocrx_word' id='word_1_11' title='bbox 1370 378 1583 442; x_wconf 87' lang='lat' dir='ltr'><strong>refecit,</strong></span> <span class='ocrx_word' id='word_1_12' title='bbox 1619 392 1809 430; x_wconf 89' lang='lat' dir='ltr'><strong>verum</strong></span> <span class='ocrx_word' id='word_1_13' title='bbox 1842 380 1885 438; x_wconf 80' lang='grc' dir='ltr'><strong>Α</strong></span> <span class='ocrx_word' id='word_1_14' title='bbox 1918 377 2079 441; x_wconf 81' lang='lat' dir='ltr'><strong>situs,</strong></span> <span class='ocrx_word' id='word_1_15' title='bbox 2151 386 2205 430; x_wconf 92' lang='lat' dir='ltr'><strong>et</strong></span> <span class='ocrx_word' id='word_1_16' title='bbox 2270 371 2479 429; x_wconf 88' lang='lat' dir='ltr'><strong>tribuni</strong></span> <span class='ocrx_word' id='word_1_17' title='bbox 2548 370 2765 439; x_wconf 88' lang='lat' dir='ltr'><strong>plebis,</strong></span> <span class='ocrx_word' id='word_1_18' title='bbox 2827 382 2931 421; x_wconf 88' lang='lat' dir='ltr'><strong>una</strong></span> <span class='ocrx_word' id='word_1_19' title='bbox 2988 382 3111 422; x_wconf 89' lang='lat' dir='ltr'><strong>cum</strong></span> <span class='ocrx_word' id='word_1_20' title='bbox 3180 367 3492 422; x_wconf 81' lang='lat' dir='ltr'><strong>tribtdilms.</strong></span> 
     </span>
    </p>
   </div>
   <div class='ocr_carea' id='block_1_5' title="bbox 236 471 1821 537">
    <p class='ocr_par' dir='ltr' id='par_1_5' title="bbox 236 471 1821 537">
     <span class='ocr_line' id='line_1_5' title="bbox 236 471 1821 537; baseline -0.004 -10"><span class='ocrx_word' id='word_1_21' title='bbox 236 478 403 529; x_wconf 66' lang='lat' dir='ltr'><strong>etiam</strong></span> <span class='ocrx_word' id='word_1_22' title='bbox 442 474 631 528; x_wconf 90' lang='lat' dir='ltr'><strong>decem</strong></span> <span class='ocrx_word' id='word_1_23' title='bbox 664 473 1014 537; x_wconf 71' lang='lat' dir='ltr'><strong>sarcinarum,</strong></span> <span class='ocrx_word' id='word_1_24' title='bbox 1054 472 1106 524; x_wconf 90' lang='lat' dir='ltr'><strong>id</strong></span> <span class='ocrx_word' id='word_1_25' title='bbox 1156 482 1242 525; x_wconf 88' lang='lat' dir='ltr'><strong>est</strong></span> <span class='ocrx_word' id='word_1_26' title='bbox 1272 471 1740 525; x_wconf 86' lang='lat' dir='ltr'><strong>mercenariorum</strong></span> <span class='ocrx_word' id='word_1_27' title='bbox 1767 476 1821 523; x_wconf 88' lang='lat' dir='ltr'><strong>et</strong></span> 
     </span>
    </p>
   </div>
   <div class='ocr_carea' id='block_1_6' title="bbox 236 561 1822 635">
    <p class='ocr_par' dir='ltr' id='par_1_6' title="bbox 236 561 1822 635">
     <span class='ocr_line' id='line_1_6' title="bbox 236 561 1822 635; baseline -0.003 -15"><span class='ocrx_word' id='word_1_28' title='bbox 236 568 493 635; x_wconf 84' lang='lat' dir='ltr'><strong>opiticum</strong></span> <span class='ocrx_word' id='word_1_29' title='bbox 534 566 722 629; x_wconf 82' lang='lat' dir='ltr'><strong>millia,</strong></span> <span class='ocrx_word' id='word_1_30' title='bbox 761 563 1196 634; x_wconf 84' lang='lat' dir='ltr'><strong>Didymotichum</strong></span> <span class='ocrx_word' id='word_1_31' title='bbox 1258 563 1404 618; x_wconf 86' lang='lat' dir='ltr'><strong>misit</strong></span> <span class='ocrx_word' id='word_1_32' title='bbox 1442 578 1456 614; x_wconf 91' lang='lat'><strong>:</strong></span> <span class='ocrx_word' id='word_1_33' title='bbox 1489 563 1581 631; x_wconf 88' lang='lat' dir='ltr'><strong>qui</strong></span> <span class='ocrx_word' id='word_1_34' title='bbox 1634 561 1822 631; x_wconf 64' lang='lat' dir='ltr'><strong>patriai</strong></span> 
     </span>
    </p>
   </div>
   <div class='ocr_carea' id='block_1_7' title="bbox 237 654 1817 726">
    <p class='ocr_par' dir='ltr' id='par_1_7' title="bbox 237 654 1817 726">
     <span class='ocr_line' id='line_1_7' title="bbox 237 654 1817 726; baseline -0.005 -14"><span class='ocrx_word' id='word_1_35' title='bbox 237 676 356 712; x_wconf 61' lang='lat' dir='ltr'><strong>suae</strong></span> <span class='ocrx_word' id='word_1_36' title='bbox 388 659 588 712; x_wconf 68' lang='lat' dir='ltr'><strong>Inmnia</strong></span> <span class='ocrx_word' id='word_1_37' title='bbox 646 656 912 726; x_wconf 85' lang='lat' dir='ltr'><strong>collapsa,</strong></span> <span class='ocrx_word' id='word_1_38' title='bbox 940 672 1065 707; x_wconf 76' lang='lat' dir='ltr'><strong>cum</strong></span> <span class='ocrx_word' id='word_1_39' title='bbox 1117 654 1360 709; x_wconf 64' lang='lat' dir='ltr'><strong>adificiis</strong></span> <span class='ocrx_word' id='word_1_40' title='bbox 1421 654 1817 716; x_wconf 84' lang='lat' dir='ltr'><strong>instaurarent,</strong></span> 
     </span>
    </p>
   </div>
   <div class='ocr_carea' id='block_1_8' title="bbox 236 746 1817 819">
    <p class='ocr_par' dir='ltr' id='par_1_8' title="bbox 236 746 1817 819">
     <span class='ocr_line' id='line_1_8' title="bbox 236 746 1817 819; baseline -0.003 -15"><span class='ocrx_word' id='word_1_41' title='bbox 236 752 313 804; x_wconf 84' lang='lat' dir='ltr'><strong>uti</strong></span> <span class='ocrx_word' id='word_1_42' title='bbox 375 749 768 819; x_wconf 76' lang='lat' dir='ltr'><strong>Spanduginus</strong></span> <span class='ocrx_word' id='word_1_43' title='bbox 830 749 1111 803; x_wconf 75' lang='lat' dir='ltr'><strong>memoria:</strong></span> <span class='ocrx_word' id='word_1_44' title='bbox 1174 746 1436 817; x_wconf 88' lang='lat' dir='ltr'><strong>prodidit.</strong></span> <span class='ocrx_word' id='word_1_45' title='bbox 1465 746 1583 812; x_wconf 88' lang='lat' dir='ltr'><strong>Quo</strong></span> <span class='ocrx_word' id='word_1_46' title='bbox 1636 756 1817 801; x_wconf 89' lang='lat' dir='ltr'><strong>autem</strong></span> 
     </span>
    </p>
   </div>
   <div class='ocr_carea' id='block_1_9' title="bbox 235 840 1817 908">
    <p class='ocr_par' dir='ltr' id='par_1_9' title="bbox 235 840 1817 908">
     <span class='ocr_line' id='line_1_9' title="bbox 235 840 1817 908; baseline -0.005 -9"><span class='ocrx_word' id='word_1_47' title='bbox 235 846 345 899; x_wconf 89' lang='lat' dir='ltr'><strong>ritu</strong></span> <span class='ocrx_word' id='word_1_48' title='bbox 389 844 591 897; x_wconf 89' lang='lat' dir='ltr'><strong>snltani</strong></span> <span class='ocrx_word' id='word_1_49' title='bbox 626 841 936 895; x_wconf 66' lang='lat' dir='ltr'><strong>Osmanidae</strong></span> <span class='ocrx_word' id='word_1_50' title='bbox 969 841 1199 895; x_wconf 83' lang='lat' dir='ltr'><strong>mortuis</strong></span> <span class='ocrx_word' id='word_1_51' title='bbox 1229 842 1499 908; x_wconf 84' lang='lat' dir='ltr'><strong>patrihus,</strong></span> <span class='ocrx_word' id='word_1_52' title='bbox 1527 840 1817 908; x_wconf 90' lang='lat' dir='ltr'><strong>imperium</strong></span> 
     </span>
    </p>
   </div>
   <div class='ocr_carea' id='block_1_10' title="bbox 236 932 1818 1004">
    <p class='ocr_par' dir='ltr' id='par_1_10' title="bbox 236 932 1818 1004">
     <span class='ocr_line' id='line_1_10' title="bbox 236 932 1818 1004; baseline -0.004 -15"><span class='ocrx_word' id='word_1_53' title='bbox 236 938 513 1004; x_wconf 80' lang='lat' dir='ltr'><strong>auspicari</strong></span> <span class='ocrx_word' id='word_1_54' title='bbox 542 936 779 997; x_wconf 87' lang='lat' dir='ltr'><strong>soleant,</strong></span> <span class='ocrx_word' id='word_1_55' title='bbox 839 933 1148 999; x_wconf 79' lang='lat' dir='ltr'><strong>expositum</strong></span> <span class='ocrx_word' id='word_1_56' title='bbox 1180 934 1230 985; x_wconf 94' lang='lat' dir='ltr'><strong>in</strong></span> <span class='ocrx_word' id='word_1_57' title='bbox 1282 932 1669 1001; x_wconf 84' lang='lat' dir='ltr'><strong>Supplemento</strong></span> <span class='ocrx_word' id='word_1_58' title='bbox 1703 932 1818 983; x_wconf 80' lang='lat' dir='ltr'><strong>Au-</strong></span> 
     </span>
    </p>
   </div>
   <div class='ocr_carea' id='block_1_11' title="bbox 236 1024 1820 1088">
    <p class='ocr_par' dir='ltr' id='par_1_11' title="bbox 236 1024 1820 1088">
     <span class='ocr_line' id='line_1_11' title="bbox 236 1024 1820 1088; baseline -0.002 -7"><span class='ocrx_word' id='word_1_59' title='bbox 236 1029 441 1082; x_wconf 85' lang='lat' dir='ltr'><strong>nalium</strong></span> <span class='ocrx_word' id='word_1_60' title='bbox 472 1036 684 1088; x_wconf 83' lang='lat' dir='ltr'><strong>nostro,</strong></span> <span class='ocrx_word' id='word_1_61' title='bbox 737 1026 802 1079; x_wconf 89' lang='lat' dir='ltr'><strong>ad</strong></span> <span class='ocrx_word' id='word_1_62' title='bbox 844 1041 1050 1079; x_wconf 88' lang='lat' dir='ltr'><strong>annum</strong></span> <span class='ocrx_word' id='word_1_63' title='bbox 1096 1025 1468 1079; x_wconf 88' lang='lat' dir='ltr'><strong>Christianum</strong></span> <span class='ocrx_word' id='word_1_64' title='bbox 1507 1025 1665 1079; x_wconf 76' lang='grc'><strong>1566.</strong></span> <span class='ocrx_word' id='word_1_65' title='bbox 1720 1024 1820 1078; x_wconf 87' lang='lat' dir='ltr'><strong>Hic</strong></span> 
     </span>
    </p>
   </div>
   <div class='ocr_carea' id='block_1_12' title="bbox 234 1119 1818 1193">
    <p class='ocr_par' dir='ltr' id='par_1_12' title="bbox 234 1119 1818 1193">
     <span class='ocr_line' id='line_1_12' title="bbox 234 1119 1818 1193; baseline -0.001 -20"><span class='ocrx_word' id='word_1_66' title='bbox 234 1123 442 1193; x_wconf 85' lang='lat' dir='ltr'><strong>quibus</strong></span> <span class='ocrx_word' id='word_1_67' title='bbox 491 1119 838 1174; x_wconf 59' lang='lat' dir='ltr'><strong>caeremoniis</strong></span> <span class='ocrx_word' id='word_1_68' title='bbox 914 1125 1206 1187; x_wconf 77' lang='lat' dir='ltr'><strong>superstes</strong></span> <span class='ocrx_word' id='word_1_69' title='bbox 1270 1127 1423 1187; x_wconf 75' lang='lat' dir='ltr'><strong>pater</strong></span> <span class='ocrx_word' id='word_1_70' title='bbox 1483 1119 1656 1171; x_wconf 86' lang='lat' dir='ltr'><strong>filium</strong></span> <span class='ocrx_word' id='word_1_71' title='bbox 1715 1119 1818 1172; x_wconf 86' lang='lat' dir='ltr'><strong>sibi</strong></span> 
     </span>
    </p>
   </div>
   <div class='ocr_carea' id='block_1_13' title="bbox 236 1196 1819 1280">
    <p class='ocr_par' dir='ltr' id='par_1_13' title="bbox 236 1196 1819 1280">
     <span class='ocr_line' id='line_1_13' title="bbox 236 1196 1819 1280; baseline -0.003 -11"><span class='ocrx_word' id='word_1_72' title='bbox 236 1215 614 1271; x_wconf 83' lang='lat' dir='ltr'><strong>substituerit,</strong></span> <span class='ocrx_word' id='word_1_73' title='bbox 665 1212 961 1265; x_wconf 85' lang='lat' dir='ltr'><strong>indicatur.</strong></span> <span class='ocrx_word' id='word_1_74' title='bbox 1016 1196 1231 1280; x_wconf 83' lang='lat' dir='ltr'><strong>Quippe</strong></span> <span class='ocrx_word' id='word_1_75' title='bbox 1294 1212 1405 1263; x_wconf 90' lang='lat' dir='ltr'><strong>filio</strong></span> <span class='ocrx_word' id='word_1_76' title='bbox 1460 1208 1601 1264; x_wconf 87' lang='lat' dir='ltr'><strong>tradi</strong></span> <span class='ocrx_word' id='word_1_77' title='bbox 1651 1214 1819 1265; x_wconf 79' lang='lat' dir='ltr'><strong>cistas</strong></span> 
     </span>
    </p>
   </div>
   <div class='ocr_carea' id='block_1_14' title="bbox 228 1304 1816 1374">
    <p class='ocr_par' dir='ltr' id='par_1_14' title="bbox 228 1304 1816 1374">
     <span class='ocr_line' id='line_1_14' title="bbox 228 1304 1816 1374; baseline 0.001 -18"><span class='ocrx_word' id='word_1_78' title='bbox 228 1305 417 1374; x_wconf 86' lang='lat' dir='ltr'><strong>jussit.</strong></span> <span class='ocrx_word' id='word_1_79' title='bbox 456 1304 657 1372; x_wconf 85' lang='lat' dir='ltr'><strong>quibus</strong></span> <span class='ocrx_word' id='word_1_80' title='bbox 692 1304 1032 1371; x_wconf 86' lang='lat' dir='ltr'><strong>imperatorii</strong></span> <span class='ocrx_word' id='word_1_81' title='bbox 1076 1304 1323 1357; x_wconf 86' lang='lat' dir='ltr'><strong>thesauri</strong></span> <span class='ocrx_word' id='word_1_82' title='bbox 1366 1304 1816 1357; x_wconf 89' lang='lat' dir='ltr'><strong>continebantur.</strong></span> 
     </span>
    </p>
   </div>
   <div class='ocr_carea' id='block_1_15' title="bbox 236 1392 1819 1460">
    <p class='ocr_par' dir='ltr' id='par_1_15' title="bbox 236 1392 1819 1460">
     <span class='ocr_line' id='line_1_15' title="bbox 236 1392 1819 1460; baseline -0.002 -13"><span class='ocrx_word' id='word_1_83' title='bbox 236 1393 440 1447; x_wconf 83' lang='lat' dir='ltr'><strong>Eorum</strong></span> <span class='ocrx_word' id='word_1_84' title='bbox 480 1408 605 1446; x_wconf 89' lang='lat' dir='ltr'><strong>vero</strong></span> <span class='ocrx_word' id='word_1_85' title='bbox 640 1394 860 1446; x_wconf 86' lang='lat' dir='ltr'><strong>nomine</strong></span> <span class='ocrx_word' id='word_1_86' title='bbox 895 1407 1001 1445; x_wconf 91' lang='lat' dir='ltr'><strong>non</strong></span> <span class='ocrx_word' id='word_1_87' title='bbox 1030 1393 1107 1446; x_wconf 92' lang='lat' dir='ltr'><strong>illi</strong></span> <span class='ocrx_word' id='word_1_88' title='bbox 1167 1394 1415 1451; x_wconf 85' lang='lat' dir='ltr'><strong>veniunt.</strong></span> <span class='ocrx_word' id='word_1_89' title='bbox 1448 1408 1589 1460; x_wconf 90' lang='lat' dir='ltr'><strong>quos</strong></span> <span class='ocrx_word' id='word_1_90' title='bbox 1622 1392 1819 1446; x_wconf 84' lang='lat' dir='ltr'><strong>adver-</strong></span> 
     </span>
    </p>
   </div>
   <div class='ocr_carea' id='block_1_16' title="bbox 236 1483 1821 1554">
    <p class='ocr_par' dir='ltr' id='par_1_16' title="bbox 236 1483 1821 1554">
     <span class='ocr_line' id='line_1_16' title="bbox 236 1483 1821 1554; baseline -0.002 -15"><span class='ocrx_word' id='word_1_91' title='bbox 236 1488 349 1539; x_wconf 87' lang='lat' dir='ltr'><strong>sari</strong></span> <span class='ocrx_word' id='word_1_92' title='bbox 381 1485 627 1539; x_wconf 81' lang='lat' dir='ltr'><strong>diximus</strong></span> <span class='ocrx_word' id='word_1_93' title='bbox 662 1484 718 1537; x_wconf 88' lang='lat' dir='ltr'><strong>in</strong></span> <span class='ocrx_word' id='word_1_94' title='bbox 748 1483 993 1539; x_wconf 82' lang='lat' dir='ltr'><strong>Jedicula</strong></span> <span class='ocrx_word' id='word_1_95' title='bbox 1033 1504 1045 1539; x_wconf 86' lang='lat'><strong>:</strong></span> <span class='ocrx_word' id='word_1_96' title='bbox 1079 1486 1172 1540; x_wconf 88' lang='lat' dir='ltr'><strong>sed</strong></span> <span class='ocrx_word' id='word_1_97' title='bbox 1201 1502 1320 1554; x_wconf 63' lang='lat' dir='ltr'><strong>qum</strong></span> <span class='ocrx_word' id='word_1_98' title='bbox 1347 1485 1519 1538; x_wconf 66' lang='lat' dir='ltr'><strong>Gnaei</strong></span> <span class='ocrx_word' id='word_1_99' title='bbox 1552 1485 1821 1539; x_wconf 77' lang='lat' dir='ltr'><strong>vocabant</strong></span> 
     </span>
    </p>
   </div>
   <div class='ocr_carea' id='block_1_17' title="bbox 234 1576 1814 1647">
    <p class='ocr_par' dir='ltr' id='par_1_17' title="bbox 234 1576 1814 1647">
     <span class='ocr_line' id='line_1_17' title="bbox 234 1576 1814 1647; baseline -0.001 -15"><span class='ocrx_word' id='word_1_100' title='bbox 234 1577 617 1647; x_wconf 89' lang='lat' dir='ltr'><strong>imperatoria,</strong></span> <span class='ocrx_word' id='word_1_101' title='bbox 638 1578 720 1631; x_wconf 87' lang='lat' dir='ltr'><strong>vel</strong></span> <span class='ocrx_word' id='word_1_102' title='bbox 738 1577 1018 1645; x_wconf 73' lang='grc' dir='ltr'><strong>κειμήλιοι,</strong></span> <span class='ocrx_word' id='word_1_103' title='bbox 1040 1577 1122 1630; x_wconf 83' lang='lat' dir='ltr'><strong>vel</strong></span> <span class='ocrx_word' id='word_1_104' title='bbox 1158 1577 1428 1646; x_wconf 78' lang='grc' dir='ltr'><strong>ἐπίσημα,</strong></span> <span class='ocrx_word' id='word_1_105' title='bbox 1446 1577 1528 1631; x_wconf 93' lang='lat' dir='ltr'><strong>vel</strong></span> <span class='ocrx_word' id='word_1_106' title='bbox 1549 1576 1814 1645; x_wconf 74' lang='grc' dir='ltr'><strong>σύμϐολα.</strong></span> 
     </span>
    </p>
   </div>
   <div class='ocr_carea' id='block_1_18' title="bbox 235 1668 1819 1738">
    <p class='ocr_par' dir='ltr' id='par_1_18' title="bbox 235 1668 1819 1738">
     <span class='ocr_line' id='line_1_18' title="bbox 235 1668 1819 1738; baseline 0 -14"><span class='ocrx_word' id='word_1_107' title='bbox 235 1668 330 1724; x_wconf 86' lang='lat' dir='ltr'><strong>Sic</strong></span> <span class='ocrx_word' id='word_1_108' title='bbox 362 1668 586 1723; x_wconf 70' lang='lat' dir='ltr'><strong>Graeciaa</strong></span> <span class='ocrx_word' id='word_1_109' title='bbox 616 1680 817 1738; x_wconf 67' lang='lat' dir='ltr'><strong>praetor</strong></span> <span class='ocrx_word' id='word_1_110' title='bbox 850 1671 946 1733; x_wconf 91' lang='lat' dir='ltr'><strong>ait,</strong></span> <span class='ocrx_word' id='word_1_111' title='bbox 997 1670 1213 1723; x_wconf 90' lang='lat' dir='ltr'><strong>venisse</strong></span> <span class='ocrx_word' id='word_1_112' title='bbox 1238 1680 1393 1737; x_wconf 85' lang='lat' dir='ltr'><strong>capta</strong></span> <span class='ocrx_word' id='word_1_113' title='bbox 1435 1671 1819 1724; x_wconf 83' lang='lat' dir='ltr'><strong>Constantino-</strong></span> 
     </span>
    </p>
   </div>
   <div class='ocr_carea' id='block_1_19' title="bbox 236 1760 1813 1830">
    <p class='ocr_par' dir='ltr' id='par_1_19' title="bbox 236 1760 1813 1830">
     <span class='ocr_line' id='line_1_19' title="bbox 236 1760 1813 1830; baseline 0.004 -18"><span class='ocrx_word' id='word_1_114' title='bbox 236 1761 347 1830; x_wconf 87' lang='lat' dir='ltr'><strong>poli</strong></span> <span class='ocrx_word' id='word_1_115' title='bbox 409 1760 723 1816; x_wconf 70' lang='lat' dir='ltr'><strong>Graecorum</strong></span> <span class='ocrx_word' id='word_1_116' title='bbox 797 1761 847 1815; x_wconf 91' lang='lat' dir='ltr'><strong>in</strong></span> <span class='ocrx_word' id='word_1_117' title='bbox 918 1776 1113 1815; x_wconf 67' lang='lat' dir='ltr'><strong>mantus</strong></span> <span class='ocrx_word' id='word_1_118' title='bbox 1158 1761 1509 1830; x_wconf 85' lang='lat' dir='ltr'><strong>imperatoria</strong></span> <span class='ocrx_word' id='word_1_119' title='bbox 1565 1761 1813 1818; x_wconf 88' lang='lat' dir='ltr'><strong>Balduini</strong></span> 
     </span>
    </p>
   </div>
   <div class='ocr_carea' id='block_1_20' title="bbox 235 1855 1819 1928">
    <p class='ocr_par' dir='ltr' id='par_1_20' title="bbox 235 1855 1819 1928">
     <span class='ocr_line' id='line_1_20' title="bbox 235 1855 1819 1928; baseline -0.001 -19"><span class='ocrx_word' id='word_1_120' title='bbox 235 1857 471 1911; x_wconf 87' lang='lat' dir='ltr'><strong>secundi</strong></span> <span class='ocrx_word' id='word_1_121' title='bbox 500 1855 765 1925; x_wconf 74' lang='lat' dir='ltr'><strong>symbols,</strong></span> <span class='ocrx_word' id='word_1_122' title='bbox 802 1871 923 1925; x_wconf 69' lang='lat' dir='ltr'><strong>qua:</strong></span> <span class='ocrx_word' id='word_1_123' title='bbox 950 1858 1167 1925; x_wconf 79' lang='lat' dir='ltr'><strong>quidem</strong></span> <span class='ocrx_word' id='word_1_124' title='bbox 1203 1856 1315 1909; x_wconf 65' lang='lat' dir='ltr'><strong>hare</strong></span> <span class='ocrx_word' id='word_1_125' title='bbox 1347 1856 1549 1910; x_wconf 80' lang='lat' dir='ltr'><strong>fuerint</strong></span> <span class='ocrx_word' id='word_1_126' title='bbox 1580 1874 1594 1910; x_wconf 87' lang='lat'><strong>:</strong></span> <span class='ocrx_word' id='word_1_127' title='bbox 1624 1856 1819 1928; x_wconf 74' lang='lat' dir='ltr'><strong>Calyp-</strong></span> 
     </span>
    </p>
   </div>
   <div class='ocr_carea' id='block_1_21' title="bbox 237 1945 1819 2017">
    <p class='ocr_par' dir='ltr' id='par_1_21' title="bbox 237 1945 1819 2017">
     <span class='ocr_line' id='line_1_21' title="bbox 237 1945 1819 2017; baseline 0.001 -14"><span class='ocrx_word' id='word_1_128' title='bbox 237 1959 345 2011; x_wconf 86' lang='lat' dir='ltr'><strong>tra,</strong></span> <span class='ocrx_word' id='word_1_129' title='bbox 373 1946 560 2003; x_wconf 66' lang='lat' dir='ltr'><strong>ferina:</strong></span> <span class='ocrx_word' id='word_1_130' title='bbox 586 1945 799 2001; x_wconf 79' lang='lat' dir='ltr'><strong>Latinis</strong></span> <span class='ocrx_word' id='word_1_131' title='bbox 832 1949 1055 2005; x_wconf 76' lang='lat' dir='ltr'><strong>usitatae</strong></span> <span class='ocrx_word' id='word_1_132' title='bbox 1080 1948 1328 2017; x_wconf 87' lang='lat' dir='ltr'><strong>(Latinos</strong></span> <span class='ocrx_word' id='word_1_133' title='bbox 1353 1949 1525 2003; x_wconf 73' lang='grc' dir='ltr'><strong>ϐπ·ωοί</strong></span> <span class='ocrx_word' id='word_1_134' title='bbox 1550 1950 1819 2004; x_wconf 84' lang='lat' dir='ltr'><strong>vocabant</strong></span> 
     </span>
    </p>
   </div>
   <div class='ocr_carea' id='block_1_22' title="bbox 237 2038 1816 2110">
    <p class='ocr_par' dir='ltr' id='par_1_22' title="bbox 237 2038 1816 2110">
     <span class='ocr_line' id='line_1_22' title="bbox 237 2038 1816 2110; baseline 0.001 -18"><span class='ocrx_word' id='word_1_135' title='bbox 237 2038 471 2110; x_wconf 91' lang='lat' dir='ltr'><strong>populos</strong></span> <span class='ocrx_word' id='word_1_136' title='bbox 506 2038 571 2090; x_wconf 88' lang='lat' dir='ltr'><strong>ad</strong></span> <span class='ocrx_word' id='word_1_137' title='bbox 620 2039 905 2107; x_wconf 85' lang='lat' dir='ltr'><strong>imperium</strong></span> <span class='ocrx_word' id='word_1_138' title='bbox 961 2039 1145 2093; x_wconf 79' lang='lat' dir='ltr'><strong>Romae</strong></span> <span class='ocrx_word' id='word_1_139' title='bbox 1200 2040 1402 2094; x_wconf 83' lang='lat' dir='ltr'><strong>veteris</strong></span> <span class='ocrx_word' id='word_1_140' title='bbox 1456 2041 1816 2107; x_wconf 85' lang='lat' dir='ltr'><strong>pertinentes,</strong></span> 
     </span>
    </p>
   </div>
   <div class='ocr_carea' id='block_1_23' title="bbox 238 2128 1815 2201">
    <p class='ocr_par' dir='ltr' id='par_1_23' title="bbox 238 2128 1815 2201">
     <span class='ocr_line' id='line_1_23' title="bbox 238 2128 1815 2201; baseline 0.001 -19"><span class='ocrx_word' id='word_1_141' title='bbox 238 2142 367 2183; x_wconf 86' lang='lat' dir='ltr'><strong>eum</strong></span> <span class='ocrx_word' id='word_1_142' title='bbox 399 2128 507 2183; x_wconf 88' lang='lat' dir='ltr'><strong>sibi</strong></span> <span class='ocrx_word' id='word_1_143' title='bbox 557 2128 930 2183; x_wconf 80' lang='lat' dir='ltr'><strong>Romanorum</strong></span> <span class='ocrx_word' id='word_1_144' title='bbox 970 2130 1394 2199; x_wconf 81' lang='lat' dir='ltr'><strong>appellationem</strong></span> <span class='ocrx_word' id='word_1_145' title='bbox 1449 2133 1815 2201; x_wconf 68' lang='lat' dir='ltr'><strong>arrogarenl),</strong></span> 
     </span>
    </p>
   </div>
   <div class='ocr_carea' id='block_1_24' title="bbox 238 2220 1819 2291">
    <p class='ocr_par' dir='ltr' id='par_1_24' title="bbox 238 2220 1819 2291">
     <span class='ocr_line' id='line_1_24' title="bbox 238 2220 1819 2291; baseline 0.003 -17"><span class='ocrx_word' id='word_1_146' title='bbox 238 2232 297 2274; x_wconf 91' lang='lat' dir='ltr'><strong>et</strong></span> <span class='ocrx_word' id='word_1_147' title='bbox 320 2220 617 2275; x_wconf 82' lang='lat' dir='ltr'><strong>unianibus</strong></span> <span class='ocrx_word' id='word_1_148' title='bbox 670 2220 936 2275; x_wconf 89' lang='lat' dir='ltr'><strong>distincta</strong></span> <span class='ocrx_word' id='word_1_149' title='bbox 986 2236 1113 2275; x_wconf 90' lang='lat' dir='ltr'><strong>cum</strong></span> <span class='ocrx_word' id='word_1_150' title='bbox 1155 2221 1342 2291; x_wconf 82' lang='lat' dir='ltr'><strong>lapillo</strong></span> <span class='ocrx_word' id='word_1_151' title='bbox 1406 2222 1559 2276; x_wconf 86' lang='lat' dir='ltr'><strong>rubri</strong></span> <span class='ocrx_word' id='word_1_152' title='bbox 1617 2223 1819 2278; x_wconf 90' lang='lat' dir='ltr'><strong>coloris</strong></span> 
     </span>
    </p>
   </div>
   <div class='ocr_carea' id='block_1_25' title="bbox 241 2310 1819 2380">
    <p class='ocr_par' dir='ltr' id='par_1_25' title="bbox 241 2310 1819 2380">
     <span class='ocr_line' id='line_1_25' title="bbox 241 2310 1819 2380; baseline 0.002 -18"><span class='ocrx_word' id='word_1_153' title='bbox 241 2310 299 2363; x_wconf 89' lang='lat' dir='ltr'><strong>in</strong></span> <span class='ocrx_word' id='word_1_154' title='bbox 333 2311 539 2365; x_wconf 83' lang='lat' dir='ltr'><strong>vertice</strong></span> <span class='ocrx_word' id='word_1_155' title='bbox 571 2311 766 2380; x_wconf 89' lang='lat' dir='ltr'><strong>capitis</strong></span> <span class='ocrx_word' id='word_1_156' title='bbox 799 2329 812 2364; x_wconf 91' lang='lat'>:</span> <span class='ocrx_word' id='word_1_157' title='bbox 843 2312 1236 2377; x_wconf 88' lang='lat' dir='ltr'><strong>calceameuta,</strong></span> <span class='ocrx_word' id='word_1_158' title='bbox 1264 2327 1427 2367; x_wconf 88' lang='lat' dir='ltr'><strong>cocco</strong></span> <span class='ocrx_word' id='word_1_159' title='bbox 1470 2314 1637 2367; x_wconf 90' lang='lat' dir='ltr'><strong>tincta</strong></span> <span class='ocrx_word' id='word_1_160' title='bbox 1665 2330 1676 2364; x_wconf 93' lang='lat'><strong>:</strong></span> <span class='ocrx_word' id='word_1_161' title='bbox 1710 2313 1819 2380; x_wconf 71' lang='lat' dir='ltr'><strong>gla-</strong></span> 
     </span>
    </p>
   </div>
   <div class='ocr_carea' id='block_1_26' title="bbox 239 2401 1820 2473">
    <p class='ocr_par' dir='ltr' id='par_1_26' title="bbox 239 2401 1820 2473">
     <span class='ocr_line' id='line_1_26' title="bbox 239 2401 1820 2473; baseline 0.001 -17"><span class='ocrx_word' id='word_1_162' title='bbox 239 2401 369 2458; x_wconf 85' lang='lat' dir='ltr'><strong>dius</strong></span> <span class='ocrx_word' id='word_1_163' title='bbox 393 2401 585 2473; x_wconf 77' lang='lat' dir='ltr'><strong>vagina</strong></span> <span class='ocrx_word' id='word_1_164' title='bbox 603 2401 669 2456; x_wconf 87' lang='lat' dir='ltr'><strong>de</strong></span> <span class='ocrx_word' id='word_1_165' title='bbox 695 2403 937 2458; x_wconf 83' lang='lat' dir='ltr'><strong>coccinei</strong></span> <span class='ocrx_word' id='word_1_166' title='bbox 968 2403 1172 2458; x_wconf 89' lang='lat' dir='ltr'><strong>coloris</strong></span> <span class='ocrx_word' id='word_1_167' title='bbox 1198 2404 1378 2459; x_wconf 86' lang='lat' dir='ltr'><strong>serico</strong></span> <span class='ocrx_word' id='word_1_168' title='bbox 1421 2404 1588 2467; x_wconf 87' lang='lat' dir='ltr'><strong>facta,</strong></span> <span class='ocrx_word' id='word_1_169' title='bbox 1647 2405 1786 2459; x_wconf 83' lang='lat' dir='ltr'><strong>vesti</strong></span> <span class='ocrx_word' id='word_1_170' title='bbox 1804 2433 1820 2446; x_wconf 88' lang='lat'><strong>-</strong></span> 
     </span>
    </p>
   </div>
   <div class='ocr_carea' id='block_1_27' title="bbox 244 2493 1824 2565">
    <p class='ocr_par' dir='ltr' id='par_1_27' title="bbox 244 2493 1824 2565">
     <span class='ocr_line' id='line_1_27' title="bbox 244 2493 1824 2565; baseline 0.001 -16"><span class='ocrx_word' id='word_1_171' title='bbox 244 2504 357 2549; x_wconf 90' lang='lat' dir='ltr'><strong>tus.</strong></span> <span class='ocrx_word' id='word_1_172' title='bbox 394 2493 527 2548; x_wconf 89' lang='lat' dir='ltr'><strong>Inde</strong></span> <span class='ocrx_word' id='word_1_173' title='bbox 554 2504 763 2563; x_wconf 78' lang='lat' dir='ltr'><strong>patrem</strong></span> <span class='ocrx_word' id='word_1_174' title='bbox 800 2493 1033 2549; x_wconf 89' lang='lat' dir='ltr'><strong>Selimes</strong></span> <span class='ocrx_word' id='word_1_175' title='bbox 1065 2496 1219 2562; x_wconf 78' lang='lat' dir='ltr'><strong>adiit,</strong></span> <span class='ocrx_word' id='word_1_176' title='bbox 1276 2496 1437 2565; x_wconf 88' lang='lat' dir='ltr'><strong>eique</strong></span> <span class='ocrx_word' id='word_1_177' title='bbox 1487 2512 1730 2561; x_wconf 82' lang='lat' dir='ltr'><strong>manum,</strong></span> <span class='ocrx_word' id='word_1_178' title='bbox 1766 2506 1824 2551; x_wconf 90' lang='lat' dir='ltr'><strong>ut</strong></span> 
     </span>
    </p>
   </div>
   <div class='ocr_carea' id='block_1_28' title="bbox 243 2584 1819 2654">
    <p class='ocr_par' dir='ltr' id='par_1_28' title="bbox 243 2584 1819 2654">
     <span class='ocr_line' id='line_1_28' title="bbox 243 2584 1819 2654; baseline 0.003 -17"><span class='ocrx_word' id='word_1_179' title='bbox 243 2584 540 2638; x_wconf 77' lang='lat' dir='ltr'><strong>Annalium</strong></span> <span class='ocrx_word' id='word_1_180' title='bbox 574 2584 743 2649; x_wconf 85' lang='lat' dir='ltr'><strong>liber;</strong></span> <span class='ocrx_word' id='word_1_181' title='bbox 776 2585 964 2654; x_wconf 88' lang='lat' dir='ltr'><strong>pedes,</strong></span> <span class='ocrx_word' id='word_1_182' title='bbox 990 2594 1046 2639; x_wconf 84' lang='grc' dir='ltr'><strong>ιιι</strong></span> <span class='ocrx_word' id='word_1_183' title='bbox 1072 2584 1261 2641; x_wconf 81' lang='lat' dir='ltr'><strong>Jovius</strong></span> <span class='ocrx_word' id='word_1_184' title='bbox 1294 2595 1502 2651; x_wconf 86' lang='lat' dir='ltr'><strong>narrat,</strong></span> <span class='ocrx_word' id='word_1_185' title='bbox 1531 2588 1819 2642; x_wconf 78' lang='lat' dir='ltr'><strong>osculatus</strong></span> 
     </span>
    </p>
   </div>
   <div class='ocr_carea' id='block_1_29' title="bbox 244 2677 1821 2742">
    <p class='ocr_par' dir='ltr' id='par_1_29' title="bbox 244 2677 1821 2742">
     <span class='ocr_line' id='line_1_29' title="bbox 244 2677 1821 2742; baseline 0 -9"><span class='ocrx_word' id='word_1_186' title='bbox 244 2677 527 2733; x_wconf 87' lang='lat' dir='ltr'><strong>est.ldem</strong></span> <span class='ocrx_word' id='word_1_187' title='bbox 558 2678 708 2732; x_wconf 84' lang='lat' dir='ltr'><strong>addit</strong></span> <span class='ocrx_word' id='word_1_188' title='bbox 762 2678 868 2733; x_wconf 89' lang='lat' dir='ltr'><strong>hoc</strong></span> <span class='ocrx_word' id='word_1_189' title='bbox 900 2679 972 2735; x_wconf 90' lang='lat' dir='ltr'><strong>ab</strong></span> <span class='ocrx_word' id='word_1_190' title='bbox 1026 2692 1092 2733; x_wconf 90' lang='lat' dir='ltr'><strong>eo</strong></span> <span class='ocrx_word' id='word_1_191' title='bbox 1150 2680 1349 2733; x_wconf 87' lang='lat' dir='ltr'><strong>factum</strong></span> <span class='ocrx_word' id='word_1_192' title='bbox 1414 2681 1672 2742; x_wconf 79' lang='lat' dir='ltr'><strong>maxima,</strong></span> <span class='ocrx_word' id='word_1_193' title='bbox 1728 2680 1821 2734; x_wconf 91' lang='lat' dir='ltr'><strong>sed</strong></span> 
     </span>
    </p>
   </div>
   <div class='ocr_carea' id='block_1_30' title="bbox 244 2770 1822 2829">
    <p class='ocr_par' dir='ltr' id='par_1_30' title="bbox 244 2770 1822 2829">
     <span class='ocr_line' id='line_1_30' title="bbox 244 2770 1822 2829; baseline 0.001 -2"><span class='ocrx_word' id='word_1_194' title='bbox 244 2770 502 2827; x_wconf 83' lang='lat' dir='ltr'><strong>simulata</strong></span> <span class='ocrx_word' id='word_1_195' title='bbox 533 2785 657 2823; x_wconf 88' lang='lat' dir='ltr'><strong>cum</strong></span> <span class='ocrx_word' id='word_1_196' title='bbox 691 2770 1098 2827; x_wconf 86' lang='lat' dir='ltr'><strong>submissionc:</strong></span> <span class='ocrx_word' id='word_1_197' title='bbox 1129 2787 1252 2825; x_wconf 84' lang='lat' dir='ltr'><strong>cum</strong></span> <span class='ocrx_word' id='word_1_198' title='bbox 1289 2774 1613 2828; x_wconf 84' lang='lat' dir='ltr'><strong>temeritatis</strong></span> <span class='ocrx_word' id='word_1_199' title='bbox 1644 2774 1822 2829; x_wconf 90' lang='lat' dir='ltr'><strong>obiter</strong></span> 
     </span>
    </p>
   </div>
   <div class='ocr_carea' id='block_1_31' title="bbox 246 2863 1823 2937">
    <p class='ocr_par' dir='ltr' id='par_1_31' title="bbox 246 2863 1823 2937">
     <span class='ocr_line' id='line_1_31' title="bbox 246 2863 1823 2937; baseline 0.004 -21"><span class='ocrx_word' id='word_1_200' title='bbox 246 2878 361 2917; x_wconf 69' lang='lat' dir='ltr'><strong>sua:</strong></span> <span class='ocrx_word' id='word_1_201' title='bbox 397 2863 608 2917; x_wconf 86' lang='lat' dir='ltr'><strong>veniam</strong></span> <span class='ocrx_word' id='word_1_202' title='bbox 648 2874 917 2932; x_wconf 86' lang='lat' dir='ltr'><strong>posceret.</strong></span> <span class='ocrx_word' id='word_1_203' title='bbox 952 2863 1075 2920; x_wconf 81' lang='lat' dir='ltr'><strong>Mox</strong></span> <span class='ocrx_word' id='word_1_204' title='bbox 1094 2866 1139 2919; x_wconf 88' lang='lat' dir='ltr'><strong>ei</strong></span> <span class='ocrx_word' id='word_1_205' title='bbox 1174 2875 1326 2934; x_wconf 90' lang='lat' dir='ltr'><strong>pater</strong></span> <span class='ocrx_word' id='word_1_206' title='bbox 1377 2882 1671 2937; x_wconf 79' lang='lat' dir='ltr'><strong>assurgens</strong></span> <span class='ocrx_word' id='word_1_207' title='bbox 1706 2870 1823 2937; x_wconf 78' lang='lat' dir='ltr'><strong>gla-</strong></span> 
     </span>
    </p>
   </div>
   <div class='ocr_carea' id='block_1_32' title="bbox 246 2954 1821 3025">
    <p class='ocr_par' dir='ltr' id='par_1_32' title="bbox 246 2954 1821 3025">
     <span class='ocr_line' id='line_1_32' title="bbox 246 2954 1821 3025; baseline 0.001 -14"><span class='ocrx_word' id='word_1_208' title='bbox 246 2956 338 3011; x_wconf 86' lang='lat' dir='ltr'><strong>dio</strong></span> <span class='ocrx_word' id='word_1_209' title='bbox 370 2955 512 3010; x_wconf 89' lang='lat' dir='ltr'><strong>latus</strong></span> <span class='ocrx_word' id='word_1_210' title='bbox 543 2954 734 3018; x_wconf 81' lang='lat' dir='ltr'><strong>cinxit,</strong></span> <span class='ocrx_word' id='word_1_211' title='bbox 784 2964 843 3009; x_wconf 91' lang='lat' dir='ltr'><strong>ut</strong></span> <span class='ocrx_word' id='word_1_212' title='bbox 884 2954 1074 3011; x_wconf 83' lang='lat' dir='ltr'><strong>Jovius</strong></span> <span class='ocrx_word' id='word_1_213' title='bbox 1124 2965 1392 3011; x_wconf 86' lang='lat' dir='ltr'><strong>memorat</strong></span> <span class='ocrx_word' id='word_1_214' title='bbox 1424 2974 1438 3010; x_wconf 89' lang='lat'><strong>:</strong></span> <span class='ocrx_word' id='word_1_215' title='bbox 1471 2965 1529 3011; x_wconf 91' lang='lat' dir='ltr'><strong>ut</strong></span> <span class='ocrx_word' id='word_1_216' title='bbox 1559 2960 1821 3025; x_wconf 82' lang='lat' dir='ltr'><strong>Annales,</strong></span> 
     </span>
    </p>
   </div>
   <div class='ocr_carea' id='block_1_33' title="bbox 1925 459 3501 539">
    <p class='ocr_par' dir='ltr' id='par_1_33' title="bbox 1925 459 3501 539">
     <span class='ocr_line' id='line_1_33' title="bbox 1925 459 3501 539; baseline -0.009 -14"><span class='ocrx_word' id='word_1_217' title='bbox 1925 469 2231 539; x_wconf 73' lang='lat' dir='ltr'><strong>Cepitergo</strong></span> <span class='ocrx_word' id='word_1_218' title='bbox 2276 466 2611 521; x_wconf 88' lang='lat' dir='ltr'><strong>secretarins</strong></span> <span class='ocrx_word' id='word_1_219' title='bbox 2645 464 2759 517; x_wconf 71' lang='lat' dir='ltr'><strong>haec</strong></span> <span class='ocrx_word' id='word_1_220' title='bbox 2805 477 2873 515; x_wconf 72' lang='lat' dir='ltr'><strong>es</strong></span> <span class='ocrx_word' id='word_1_221' title='bbox 2907 460 3255 526; x_wconf 84' lang='lat' dir='ltr'><strong>imperatoris</strong></span> <span class='ocrx_word' id='word_1_222' title='bbox 3277 459 3501 512; x_wconf 86' lang='lat' dir='ltr'><strong>decreto</strong></span> 
     </span>
    </p>
   </div>
   <div class='ocr_carea' id='block_1_34' title="bbox 1924 553 3503 630">
    <p class='ocr_par' dir='ltr' id='par_1_34' title="bbox 1924 553 3503 630">
     <span class='ocr_line' id='line_1_34' title="bbox 1924 553 3503 630; baseline -0.006 -15"><span class='ocrx_word' id='word_1_223' title='bbox 1924 563 2090 615; x_wconf 84' lang='lat' dir='ltr'><strong>verba</strong></span> <span class='ocrx_word' id='word_1_224' title='bbox 2119 561 2297 630; x_wconf 78' lang='lat' dir='ltr'><strong>legere</strong></span> <span class='ocrx_word' id='word_1_225' title='bbox 2330 577 2343 613; x_wconf 91' lang='lat'>:</span> <span class='ocrx_word' id='word_1_226' title='bbox 2382 557 2592 612; x_wconf 87' lang='lat' dir='ltr'><strong>Bardas</strong></span> <span class='ocrx_word' id='word_1_227' title='bbox 2624 556 2806 609; x_wconf 68' lang='lat' dir='ltr'><strong>Caesar</strong></span> <span class='ocrx_word' id='word_1_228' title='bbox 2839 555 3130 608; x_wconf 88' lang='lat' dir='ltr'><strong>adversmn</strong></span> <span class='ocrx_word' id='word_1_229' title='bbox 3163 568 3248 606; x_wconf 88' lang='lat' dir='ltr'><strong>me</strong></span> <span class='ocrx_word' id='word_1_230' title='bbox 3281 553 3503 618; x_wconf 81' lang='lat' dir='ltr'><strong>conspi-</strong></span> 
     </span>
    </p>
   </div>
   <div class='ocr_carea' id='block_1_35' title="bbox 1924 642 3498 716">
    <p class='ocr_par' dir='ltr' id='par_1_35' title="bbox 1924 642 3498 716">
     <span class='ocr_line' id='line_1_35' title="bbox 1924 642 3498 716; baseline -0.008 -10"><span class='ocrx_word' id='word_1_231' title='bbox 1924 655 2086 716; x_wconf 89' lang='lat' dir='ltr'><strong>ravit,</strong></span> <span class='ocrx_word' id='word_1_232' title='bbox 2135 660 2193 705; x_wconf 89' lang='lat' dir='ltr'><strong>ut</strong></span> <span class='ocrx_word' id='word_1_233' title='bbox 2254 652 2420 705; x_wconf 87' lang='lat' dir='ltr'><strong>vitam</strong></span> <span class='ocrx_word' id='word_1_234' title='bbox 2449 648 2582 701; x_wconf 89' lang='lat' dir='ltr'><strong>mihi</strong></span> <span class='ocrx_word' id='word_1_235' title='bbox 2633 646 2898 700; x_wconf 86' lang='lat' dir='ltr'><strong>adimeret</strong></span> <span class='ocrx_word' id='word_1_236' title='bbox 2938 658 3157 712; x_wconf 86' lang='lat' dir='ltr'><strong>:eaque</strong></span> <span class='ocrx_word' id='word_1_237' title='bbox 3206 642 3274 696; x_wconf 86' lang='lat' dir='ltr'><strong>de</strong></span> <span class='ocrx_word' id='word_1_238' title='bbox 3329 657 3498 696; x_wconf 84' lang='lat' dir='ltr'><strong>causa</strong></span> 
     </span>
    </p>
   </div>
   <div class='ocr_carea' id='block_1_36' title="bbox 1922 734 3499 803">
    <p class='ocr_par' dir='ltr' id='par_1_36' title="bbox 1922 734 3499 803">
     <span class='ocr_line' id='line_1_36' title="bbox 1922 734 3499 803; baseline -0.007 -4"><span class='ocrx_word' id='word_1_239' title='bbox 1922 754 2077 800; x_wconf 85' lang='lat' dir='ltr'><strong>extra</strong></span> <span class='ocrx_word' id='word_1_240' title='bbox 2112 745 2303 799; x_wconf 85' lang='lat' dir='ltr'><strong>urbem</strong></span> <span class='ocrx_word' id='word_1_241' title='bbox 2330 756 2413 794; x_wconf 89' lang='lat' dir='ltr'><strong>me</strong></span> <span class='ocrx_word' id='word_1_242' title='bbox 2452 739 2699 793; x_wconf 75' lang='lat' dir='ltr'><strong>abduxit.</strong></span> <span class='ocrx_word' id='word_1_243' title='bbox 2730 736 2884 803; x_wconf 87' lang='lat' dir='ltr'><strong>Quod</strong></span> <span class='ocrx_word' id='word_1_244' title='bbox 2935 736 3039 790; x_wconf 86' lang='lat' dir='ltr'><strong>nisi</strong></span> <span class='ocrx_word' id='word_1_245' title='bbox 3078 734 3399 803; x_wconf 84' lang='lat' dir='ltr'><strong>Symbatius</strong></span> <span class='ocrx_word' id='word_1_246' title='bbox 3433 748 3499 788; x_wconf 91' lang='lat' dir='ltr'><strong>ac</strong></span> 
     </span>
    </p>
   </div>
   <div class='ocr_carea' id='block_1_37' title="bbox 1922 827 3501 899">
    <p class='ocr_par' dir='ltr' id='par_1_37' title="bbox 1922 827 3501 899">
     <span class='ocr_line' id='line_1_37' title="bbox 1922 827 3501 899; baseline -0.008 -6"><span class='ocrx_word' id='word_1_247' title='bbox 1922 839 2157 893; x_wconf 87' lang='lat' dir='ltr'><strong>Basilius</strong></span> <span class='ocrx_word' id='word_1_248' title='bbox 2251 835 2516 889; x_wconf 85' lang='lat' dir='ltr'><strong>indicium</strong></span> <span class='ocrx_word' id='word_1_249' title='bbox 2632 831 2754 899; x_wconf 90' lang='lat' dir='ltr'><strong>ejus</strong></span> <span class='ocrx_word' id='word_1_250' title='bbox 2829 828 2907 884; x_wconf 88' lang='lat' dir='ltr'><strong>rei</strong></span> <span class='ocrx_word' id='word_1_251' title='bbox 2998 828 3132 883; x_wconf 88' lang='lat' dir='ltr'><strong>mihi</strong></span> <span class='ocrx_word' id='word_1_252' title='bbox 3220 827 3501 890; x_wconf 81' lang='lat' dir='ltr'><strong>fecissent,</strong></span> 
     </span>
    </p>
   </div>
   <div class='ocr_carea' id='block_1_38' title="bbox 1922 921 3502 1001">
    <p class='ocr_par' dir='ltr' id='par_1_38' title="bbox 1922 921 3502 1001">
     <span class='ocr_line' id='line_1_38' title="bbox 1922 921 3502 1001; baseline -0.008 -15"><span class='ocrx_word' id='word_1_253' title='bbox 1922 932 2174 1001; x_wconf 75' lang='lat' dir='ltr'><strong>equidem</strong></span> <span class='ocrx_word' id='word_1_254' title='bbox 2204 945 2310 983; x_wconf 91' lang='lat' dir='ltr'><strong>non</strong></span> <span class='ocrx_word' id='word_1_255' title='bbox 2353 928 2589 997; x_wconf 88' lang='lat' dir='ltr'><strong>amplius</strong></span> <span class='ocrx_word' id='word_1_256' title='bbox 2627 926 2681 980; x_wconf 90' lang='lat' dir='ltr'><strong>in</strong></span> <span class='ocrx_word' id='word_1_257' title='bbox 2716 939 2947 979; x_wconf 89' lang='lat' dir='ltr'><strong>numero</strong></span> <span class='ocrx_word' id='word_1_258' title='bbox 2978 928 3224 978; x_wconf 88' lang='lat' dir='ltr'><strong>vivorqu</strong></span> <span class='ocrx_word' id='word_1_259' title='bbox 3266 921 3502 976; x_wconf 70' lang='lat' dir='ltr'><strong>assiste-</strong></span> 
     </span>
    </p>
   </div>
   <div class='ocr_carea' id='block_1_39' title="bbox 1922 1016 3504 1093">
    <p class='ocr_par' dir='ltr' id='par_1_39' title="bbox 1922 1016 3504 1093">
     <span class='ocr_line' id='line_1_39' title="bbox 1922 1016 3504 1093; baseline -0.008 -13"><span class='ocrx_word' id='word_1_260' title='bbox 1922 1041 2060 1080; x_wconf 89' lang='lat' dir='ltr'><strong>rem.</strong></span> <span class='ocrx_word' id='word_1_261' title='bbox 2097 1026 2171 1076; x_wconf 80' lang='lat' dir='ltr'><strong>Ac</strong></span> <span class='ocrx_word' id='word_1_262' title='bbox 2204 1024 2365 1093; x_wconf 90' lang='lat' dir='ltr'><strong>periit</strong></span> <span class='ocrx_word' id='word_1_263' title='bbox 2396 1023 2488 1077; x_wconf 90' lang='lat' dir='ltr'><strong>ille</strong></span> <span class='ocrx_word' id='word_1_264' title='bbox 2518 1035 2614 1075; x_wconf 85' lang='lat' dir='ltr'><strong>sua</strong></span> <span class='ocrx_word' id='word_1_265' title='bbox 2681 1034 2814 1073; x_wconf 83' lang='lat' dir='ltr'><strong>sane</strong></span> <span class='ocrx_word' id='word_1_266' title='bbox 2852 1018 3035 1086; x_wconf 83' lang='lat' dir='ltr'><strong>culpa.</strong></span> <span class='ocrx_word' id='word_1_267' title='bbox 3073 1016 3335 1071; x_wconf 85' lang='lat' dir='ltr'><strong>Basilium</strong></span> <span class='ocrx_word' id='word_1_268' title='bbox 3369 1029 3504 1070; x_wconf 80' lang='lat' dir='ltr'><strong>vero</strong></span> 
     </span>
    </p>
   </div>
   <div class='ocr_carea' id='block_1_40' title="bbox 1922 1112 3504 1181">
    <p class='ocr_par' dir='ltr' id='par_1_40' title="bbox 1922 1112 3504 1181">
     <span class='ocr_line' id='line_1_40' title="bbox 1922 1112 3504 1181; baseline -0.008 -5"><span class='ocrx_word' id='word_1_269' title='bbox 1922 1120 2566 1181; x_wconf 82' lang='lat' dir='ltr'><strong>Parakimomenon,ceu</strong></span> <span class='ocrx_word' id='word_1_270' title='bbox 2618 1115 2785 1169; x_wconf 69' lang='lat' dir='ltr'><strong>fidum</strong></span> <span class='ocrx_word' id='word_1_271' title='bbox 2838 1112 2997 1176; x_wconf 89' lang='lat' dir='ltr'><strong>mihi,</strong></span> <span class='ocrx_word' id='word_1_272' title='bbox 3035 1112 3255 1181; x_wconf 82' lang='lat' dir='ltr'><strong>meique</strong></span> <span class='ocrx_word' id='word_1_273' title='bbox 3310 1124 3504 1165; x_wconf 84' lang='lat' dir='ltr'><strong>serva-</strong></span> 
     </span>
    </p>
   </div>
   <div class='ocr_carea' id='block_1_41' title="bbox 1923 1204 3504 1281">
    <p class='ocr_par' dir='ltr' id='par_1_41' title="bbox 1923 1204 3504 1281">
     <span class='ocr_line' id='line_1_41' title="bbox 1923 1204 3504 1281; baseline -0.006 -14"><span class='ocrx_word' id='word_1_274' title='bbox 1923 1223 2094 1268; x_wconf 79' lang='lat' dir='ltr'><strong>torem</strong></span> <span class='ocrx_word' id='word_1_275' title='bbox 2125 1211 2367 1281; x_wconf 91' lang='lat' dir='ltr'><strong>imperii,</strong></span> <span class='ocrx_word' id='word_1_276' title='bbox 2428 1210 2635 1280; x_wconf 87' lang='lat' dir='ltr'><strong>quique</strong></span> <span class='ocrx_word' id='word_1_277' title='bbox 2684 1222 2770 1261; x_wconf 89' lang='lat' dir='ltr'><strong>me</strong></span> <span class='ocrx_word' id='word_1_278' title='bbox 2807 1205 3062 1260; x_wconf 86' lang='lat' dir='ltr'><strong>liberavit</strong></span> <span class='ocrx_word' id='word_1_279' title='bbox 3089 1204 3158 1258; x_wconf 89' lang='lat' dir='ltr'><strong>ab</strong></span> <span class='ocrx_word' id='word_1_280' title='bbox 3190 1204 3369 1265; x_wconf 86' lang='lat' dir='ltr'><strong>hoste,</strong></span> <span class='ocrx_word' id='word_1_281' title='bbox 3438 1216 3504 1257; x_wconf 90' lang='lat' dir='ltr'><strong>ac</strong></span> 
     </span>
    </p>
   </div>
   <div class='ocr_carea' id='block_1_42' title="bbox 1923 1296 3503 1375">
    <p class='ocr_par' dir='ltr' id='par_1_42' title="bbox 1923 1296 3503 1375">
     <span class='ocr_line' id='line_1_42' title="bbox 1923 1296 3503 1375; baseline -0.007 -15"><span class='ocrx_word' id='word_1_282' title='bbox 1923 1305 2187 1375; x_wconf 78' lang='lat' dir='ltr'><strong>singulari</strong></span> <span class='ocrx_word' id='word_1_283' title='bbox 2248 1302 2448 1357; x_wconf 61' lang='lat' dir='ltr'><strong>afectu</strong></span> <span class='ocrx_word' id='word_1_284' title='bbox 2508 1301 2912 1369; x_wconf 84' lang='lat' dir='ltr'><strong>complectitur,</strong></span> <span class='ocrx_word' id='word_1_285' title='bbox 2968 1312 3090 1353; x_wconf 86' lang='lat' dir='ltr'><strong>esse</strong></span> <span class='ocrx_word' id='word_1_286' title='bbox 3144 1296 3269 1350; x_wconf 89' lang='lat' dir='ltr'><strong>volo</strong></span> <span class='ocrx_word' id='word_1_287' title='bbox 3302 1306 3503 1350; x_wconf 80' lang='lat' dir='ltr'><strong>custo-</strong></span> 
     </span>
    </p>
   </div>
   <div class='ocr_carea' id='block_1_43' title="bbox 1921 1388 3509 1463">
    <p class='ocr_par' dir='ltr' id='par_1_43' title="bbox 1921 1388 3509 1463">
     <span class='ocr_line' id='line_1_43' title="bbox 1921 1388 3509 1463; baseline -0.008 -9"><span class='ocrx_word' id='word_1_288' title='bbox 1921 1399 2043 1454; x_wconf 86' lang='lat' dir='ltr'><strong>dem</strong></span> <span class='ocrx_word' id='word_1_289' title='bbox 2082 1406 2136 1452; x_wconf 89' lang='lat' dir='ltr'><strong>et</strong></span> <span class='ocrx_word' id='word_1_290' title='bbox 2162 1407 2477 1451; x_wconf 85' lang='lat' dir='ltr'><strong>curatorem</strong></span> <span class='ocrx_word' id='word_1_291' title='bbox 2513 1393 2730 1463; x_wconf 84' lang='lat' dir='ltr'><strong>imperii</strong></span> <span class='ocrx_word' id='word_1_292' title='bbox 2787 1392 2893 1446; x_wconf 89' lang='lat' dir='ltr'><strong>mei</strong></span> <span class='ocrx_word' id='word_1_293' title='bbox 2926 1406 2942 1456; x_wconf 88' lang='lat'><strong>;</strong></span> <span class='ocrx_word' id='word_1_294' title='bbox 2981 1389 3305 1457; x_wconf 83' lang='lat' dir='ltr'><strong>faustisque,</strong></span> <span class='ocrx_word' id='word_1_295' title='bbox 3359 1388 3509 1441; x_wconf 83' lang='lat' dir='ltr'><strong>velut</strong></span> 
     </span>
    </p>
   </div>
   <div class='ocr_carea' id='block_1_44' title="bbox 1922 1480 3507 1559">
    <p class='ocr_par' dir='ltr' id='par_1_44' title="bbox 1922 1480 3507 1559">
     <span class='ocr_line' id='line_1_44' title="bbox 1922 1480 3507 1559; baseline -0.006 -16"><span class='ocrx_word' id='word_1_296' title='bbox 1922 1493 2333 1559; x_wconf 88' lang='lat' dir='ltr'><strong>imperatorem,</strong></span> <span class='ocrx_word' id='word_1_297' title='bbox 2361 1486 2860 1541; x_wconf 83' lang='lat' dir='ltr'><strong>acclamationibus</strong></span> <span class='ocrx_word' id='word_1_298' title='bbox 2912 1482 3167 1537; x_wconf 82' lang='lat' dir='ltr'><strong>salutari.</strong></span> <span class='ocrx_word' id='word_1_299' title='bbox 3199 1480 3339 1534; x_wconf 84' lang='lat' dir='ltr'><strong>Tum</strong></span> <span class='ocrx_word' id='word_1_300' title='bbox 3373 1491 3507 1533; x_wconf 86' lang='lat' dir='ltr'><strong>vero</strong></span> 
     </span>
    </p>
   </div>
   <div class='ocr_carea' id='block_1_45' title="bbox 1921 1570 3509 1650">
    <p class='ocr_par' dir='ltr' id='par_1_45' title="bbox 1921 1570 3509 1650">
     <span class='ocr_line' id='line_1_45' title="bbox 1921 1570 3509 1650; baseline -0.008 -16"><span class='ocrx_word' id='word_1_301' title='bbox 1921 1580 2157 1636; x_wconf 82' lang='lat' dir='ltr'><strong>Basilius</strong></span> <span class='ocrx_word' id='word_1_302' title='bbox 2186 1578 2403 1650; x_wconf 84' lang='lat' dir='ltr'><strong>Oppleri</strong></span> <span class='ocrx_word' id='word_1_303' title='bbox 2434 1578 2711 1649; x_wconf 84' lang='lat' dir='ltr'><strong>lacrymis.</strong></span> <span class='ocrx_word' id='word_1_304' title='bbox 2739 1574 2803 1629; x_wconf 87' lang='lat' dir='ltr'><strong>Et</strong></span> <span class='ocrx_word' id='word_1_305' title='bbox 2838 1575 3139 1644; x_wconf 86' lang='lat' dir='ltr'><strong>imperator</strong></span> <span class='ocrx_word' id='word_1_306' title='bbox 3164 1570 3442 1639; x_wconf 85' lang='lat' dir='ltr'><strong>demptam</strong></span> <span class='ocrx_word' id='word_1_307' title='bbox 3472 1581 3509 1622; x_wconf 77' lang='grc' dir='ltr'><strong>ο</strong></span> 
     </span>
    </p>
   </div>
   <div class='ocr_carea' id='block_1_46' title="bbox 1923 1661 3504 1745">
    <p class='ocr_par' dir='ltr' id='par_1_46' title="bbox 1923 1661 3504 1745">
     <span class='ocr_line' id='line_1_46' title="bbox 1923 1661 3504 1745; baseline -0.013 -14"><span class='ocrx_word' id='word_1_308' title='bbox 1923 1675 2105 1745; x_wconf 88' lang='lat' dir='ltr'><strong>capite</strong></span> <span class='ocrx_word' id='word_1_309' title='bbox 2156 1687 2260 1727; x_wconf 86' lang='lat' dir='ltr'><strong>suo</strong></span> <span class='ocrx_word' id='word_1_310' title='bbox 2306 1685 2568 1728; x_wconf 85' lang='lat' dir='ltr'><strong>coronam</strong></span> <span class='ocrx_word' id='word_1_311' title='bbox 2620 1669 2817 1725; x_wconf 82' lang='lat' dir='ltr'><strong>Photio</strong></span> <span class='ocrx_word' id='word_1_312' title='bbox 2857 1666 3183 1737; x_wconf 65' lang='lat' dir='ltr'><strong>patriarchae</strong></span> <span class='ocrx_word' id='word_1_313' title='bbox 3217 1661 3504 1734; x_wconf 80' lang='lat' dir='ltr'><strong>porrexit:</strong></span> 
     </span>
    </p>
   </div>
   <div class='ocr_carea' id='block_1_47' title="bbox 1925 1761 3507 1837">
    <p class='ocr_par' dir='ltr' id='par_1_47' title="bbox 1925 1761 3507 1837">
     <span class='ocr_line' id='line_1_47' title="bbox 1925 1761 3507 1837; baseline -0.011 -14"><span class='ocrx_word' id='word_1_314' title='bbox 1925 1769 2019 1837; x_wconf 91' lang='lat' dir='ltr'><strong>qui</strong></span> <span class='ocrx_word' id='word_1_315' title='bbox 2051 1783 2113 1823; x_wconf 88' lang='lat' dir='ltr'><strong>ea</strong></span> <span class='ocrx_word' id='word_1_316' title='bbox 2142 1780 2355 1821; x_wconf 85' lang='lat' dir='ltr'><strong>sacram</strong></span> <span class='ocrx_word' id='word_1_317' title='bbox 2387 1765 2452 1819; x_wconf 89' lang='lat' dir='ltr'><strong>ad</strong></span> <span class='ocrx_word' id='word_1_318' title='bbox 2479 1778 2728 1819; x_wconf 85' lang='lat' dir='ltr'><strong>mensam</strong></span> <span class='ocrx_word' id='word_1_319' title='bbox 2755 1761 3063 1828; x_wconf 87' lang='lat' dir='ltr'><strong>deportata,</strong></span> <span class='ocrx_word' id='word_1_320' title='bbox 3097 1771 3291 1828; x_wconf 83' lang='lat' dir='ltr'><strong>preces</strong></span> <span class='ocrx_word' id='word_1_321' title='bbox 3341 1765 3507 1824; x_wconf 80' lang='lat' dir='ltr'><strong>super</strong></span> 
     </span>
    </p>
   </div>
   <div class='ocr_carea' id='block_1_48' title="bbox 1925 1849 3507 1926">
    <p class='ocr_par' dir='ltr' id='par_1_48' title="bbox 1925 1849 3507 1926">
     <span class='ocr_line' id='line_1_48' title="bbox 1925 1849 3507 1926; baseline -0.01 -11"><span class='ocrx_word' id='word_1_322' title='bbox 1925 1862 2075 1916; x_wconf 91' lang='lat' dir='ltr'><strong>illam</strong></span> <span class='ocrx_word' id='word_1_323' title='bbox 2109 1858 2378 1926; x_wconf 77' lang='lat' dir='ltr'><strong>concepit.</strong></span> <span class='ocrx_word' id='word_1_324' title='bbox 2428 1855 2561 1910; x_wconf 84' lang='lat' dir='ltr'><strong>lude</strong></span> <span class='ocrx_word' id='word_1_325' title='bbox 2609 1854 3057 1925; x_wconf 87' lang='lat' dir='ltr'><strong>paludamentum</strong></span> <span class='ocrx_word' id='word_1_326' title='bbox 3099 1849 3333 1904; x_wconf 83' lang='lat' dir='ltr'><strong>attulere</strong></span> <span class='ocrx_word' id='word_1_327' title='bbox 3366 1860 3507 1916; x_wconf 75' lang='lat' dir='ltr'><strong>pra:-</strong></span> 
     </span>
    </p>
   </div>
   <div class='ocr_carea' id='block_1_49' title="bbox 1925 1940 3507 2024">
    <p class='ocr_par' dir='ltr' id='par_1_49' title="bbox 1925 1940 3507 2024">
     <span class='ocr_line' id='line_1_49' title="bbox 1925 1940 3507 2024; baseline -0.009 -16"><span class='ocrx_word' id='word_1_328' title='bbox 1925 1954 2108 2024; x_wconf 89' lang='lat' dir='ltr'><strong>positi.</strong></span> <span class='ocrx_word' id='word_1_329' title='bbox 2148 1962 2200 2004; x_wconf 90' lang='lat' dir='ltr'><strong>et</strong></span> <span class='ocrx_word' id='word_1_330' title='bbox 2225 1950 2579 2005; x_wconf 88' lang='lat' dir='ltr'><strong>calceameuti</strong></span> <span class='ocrx_word' id='word_1_331' title='bbox 2630 1947 2891 2001; x_wconf 85' lang='lat' dir='ltr'><strong>Basilium</strong></span> <span class='ocrx_word' id='word_1_332' title='bbox 2922 1943 3249 1999; x_wconf 86' lang='lat' dir='ltr'><strong>induerunt.</strong></span> <span class='ocrx_word' id='word_1_333' title='bbox 3294 1940 3370 2004; x_wconf 85' lang='lat' dir='ltr'><strong>Is,</strong></span> <span class='ocrx_word' id='word_1_334' title='bbox 3402 1941 3507 1994; x_wconf 84' lang='lat' dir='ltr'><strong>ab-</strong></span> 
     </span>
    </p>
   </div>
   <div class='ocr_carea' id='block_1_50' title="bbox 1921 2029 3507 2115">
    <p class='ocr_par' dir='ltr' id='par_1_50' title="bbox 1921 2029 3507 2115">
     <span class='ocr_line' id='line_1_50' title="bbox 1921 2029 3507 2115; baseline -0.009 -16"><span class='ocrx_word' id='word_1_335' title='bbox 1921 2046 2063 2115; x_wconf 90' lang='lat' dir='ltr'><strong>jecta</strong></span> <span class='ocrx_word' id='word_1_336' title='bbox 2128 2042 2434 2112; x_wconf 87' lang='lat' dir='ltr'><strong>chlamyde,</strong></span> <span class='ocrx_word' id='word_1_337' title='bbox 2470 2039 2536 2094; x_wconf 83' lang='lat' dir='ltr'><strong>ad</strong></span> <span class='ocrx_word' id='word_1_338' title='bbox 2608 2036 2959 2107; x_wconf 83' lang='lat' dir='ltr'><strong>imperatoris</strong></span> <span class='ocrx_word' id='word_1_339' title='bbox 3024 2034 3189 2104; x_wconf 83' lang='lat' dir='ltr'><strong>pedes</strong></span> <span class='ocrx_word' id='word_1_340' title='bbox 3246 2029 3507 2103; x_wconf 81' lang='lat' dir='ltr'><strong>procidit.</strong></span> 
     </span>
    </p>
   </div>
   <div class='ocr_carea' id='block_1_51' title="bbox 1925 2126 3511 2205">
    <p class='ocr_par' dir='ltr' id='par_1_51' title="bbox 1925 2126 3511 2205">
     <span class='ocr_line' id='line_1_51' title="bbox 1925 2126 3511 2205; baseline -0.009 -13"><span class='ocrx_word' id='word_1_341' title='bbox 1925 2137 2045 2192; x_wconf 82' lang='lat' dir='ltr'><strong>Mox</strong></span> <span class='ocrx_word' id='word_1_342' title='bbox 2091 2148 2269 2191; x_wconf 87' lang='lat' dir='ltr'><strong>autem</strong></span> <span class='ocrx_word' id='word_1_343' title='bbox 2302 2148 2560 2205; x_wconf 81' lang='lat' dir='ltr'><strong>egressus</strong></span> <span class='ocrx_word' id='word_1_344' title='bbox 2583 2132 2927 2203; x_wconf 82' lang='lat' dir='ltr'><strong>patriarcha.</strong></span> <span class='ocrx_word' id='word_1_345' title='bbox 2965 2129 3247 2197; x_wconf 84' lang='lat' dir='ltr'><strong>demptam</strong></span> <span class='ocrx_word' id='word_1_346' title='bbox 3289 2126 3443 2196; x_wconf 86' lang='lat' dir='ltr'><strong>prius</strong></span> <span class='ocrx_word' id='word_1_347' title='bbox 3476 2139 3511 2180; x_wconf 88' lang='lat' dir='ltr'><strong>e</strong></span> 
     </span>
    </p>
   </div>
   <div class='ocr_carea' id='block_1_52' title="bbox 1926 2219 3507 2303">
    <p class='ocr_par' dir='ltr' id='par_1_52' title="bbox 1926 2219 3507 2303">
     <span class='ocr_line' id='line_1_52' title="bbox 1926 2219 3507 2303; baseline -0.011 -14"><span class='ocrx_word' id='word_1_348' title='bbox 1926 2232 2105 2303; x_wconf 89' lang='lat' dir='ltr'><strong>capite</strong></span> <span class='ocrx_word' id='word_1_349' title='bbox 2164 2228 2515 2299; x_wconf 87' lang='lat' dir='ltr'><strong>imperatoris</strong></span> <span class='ocrx_word' id='word_1_350' title='bbox 2571 2239 2854 2287; x_wconf 84' lang='lat' dir='ltr'><strong>coronam,</strong></span> <span class='ocrx_word' id='word_1_351' title='bbox 2916 2223 3139 2292; x_wconf 89' lang='lat' dir='ltr'><strong>ipsimet</strong></span> <span class='ocrx_word' id='word_1_352' title='bbox 3189 2219 3507 2289; x_wconf 87' lang='lat' dir='ltr'><strong>Imperatori</strong></span> 
     </span>
    </p>
   </div>
   <div class='ocr_carea' id='block_1_53' title="bbox 1928 2310 3513 2392">
    <p class='ocr_par' dir='ltr' id='par_1_53' title="bbox 1928 2310 3513 2392">
     <span class='ocr_line' id='line_1_53' title="bbox 1928 2310 3513 2392; baseline -0.014 -7"><span class='ocrx_word' id='word_1_353' title='bbox 1928 2326 2184 2385; x_wconf 86' lang='lat' dir='ltr'><strong>reddidit.</strong></span> <span class='ocrx_word' id='word_1_354' title='bbox 2213 2324 2460 2392; x_wconf 78' lang='lat' dir='ltr'><strong>Cumque</strong></span> <span class='ocrx_word' id='word_1_355' title='bbox 2522 2328 2760 2389; x_wconf 88' lang='lat' dir='ltr'><strong>sceptra,</strong></span> <span class='ocrx_word' id='word_1_356' title='bbox 2810 2316 2877 2371; x_wconf 84' lang='lat' dir='ltr'><strong>de</strong></span> <span class='ocrx_word' id='word_1_357' title='bbox 2915 2329 3088 2378; x_wconf 88' lang='lat' dir='ltr'><strong>more,</strong></span> <span class='ocrx_word' id='word_1_358' title='bbox 3120 2312 3275 2368; x_wconf 78' lang='lat' dir='ltr'><strong>humi</strong></span> <span class='ocrx_word' id='word_1_359' title='bbox 3326 2310 3513 2380; x_wconf 86' lang='lat' dir='ltr'><strong>proci-</strong></span> 
     </span>
    </p>
   </div>
   <div class='ocr_carea' id='block_1_54' title="bbox 1927 2401 3517 2485">
    <p class='ocr_par' dir='ltr' id='par_1_54' title="bbox 1927 2401 3517 2485">
     <span class='ocr_line' id='line_1_54' title="bbox 1927 2401 3517 2485; baseline -0.014 -8"><span class='ocrx_word' id='word_1_360' title='bbox 1927 2422 2157 2485; x_wconf 87' lang='lat' dir='ltr'><strong>dissent,</strong></span> <span class='ocrx_word' id='word_1_361' title='bbox 2235 2402 2531 2471; x_wconf 67' lang='lat' dir='ltr'><strong>coronavit</strong></span> <span class='ocrx_word' id='word_1_362' title='bbox 2589 2410 2848 2466; x_wconf 83' lang='lat' dir='ltr'><strong>Basiliam</strong></span> <span class='ocrx_word' id='word_1_363' title='bbox 2922 2404 3175 2470; x_wconf 75' lang='lat' dir='ltr'><strong>Michael,</strong></span> <span class='ocrx_word' id='word_1_364' title='bbox 3246 2401 3517 2457; x_wconf 75' lang='lat' dir='ltr'><strong>omnibus</strong></span> 
     </span>
    </p>
   </div>
   <div class='ocr_carea' id='block_1_55' title="bbox 1930 2493 3507 2568">
    <p class='ocr_par' dir='ltr' id='par_1_55' title="bbox 1930 2493 3507 2568">
     <span class='ocr_line' id='line_1_55' title="bbox 1930 2493 3507 2568; baseline -0.013 0"><span class='ocrx_word' id='word_1_365' title='bbox 1930 2515 2105 2568; x_wconf 80' lang='lat' dir='ltr'><strong>fausta</strong></span> <span class='ocrx_word' id='word_1_366' title='bbox 2162 2524 2295 2564; x_wconf 88' lang='lat' dir='ltr'><strong>voce</strong></span> <span class='ocrx_word' id='word_1_367' title='bbox 2354 2503 2838 2561; x_wconf 84' lang='lat' dir='ltr'><strong>acclamantibus:</strong></span> <span class='ocrx_word' id='word_1_368' title='bbox 2880 2496 3131 2555; x_wconf 73' lang='lat' dir='ltr'><strong>Hichaeli</strong></span> <span class='ocrx_word' id='word_1_369' title='bbox 3183 2507 3237 2551; x_wconf 81' lang='lat' dir='ltr'><strong>et</strong></span> <span class='ocrx_word' id='word_1_370' title='bbox 3298 2493 3507 2549; x_wconf 72' lang='lat' dir='ltr'><strong>Basilio</strong></span> 
     </span>
    </p>
   </div>
   <div class='ocr_carea' id='block_1_56' title="bbox 1929 2587 3511 2673">
    <p class='ocr_par' dir='ltr' id='par_1_56' title="bbox 1929 2587 3511 2673">
     <span class='ocr_line' id='line_1_56' title="bbox 1929 2587 3511 2673; baseline -0.014 -14"><span class='ocrx_word' id='word_1_371' title='bbox 1929 2602 2189 2673; x_wconf 75' lang='lat' dir='ltr'><strong>angustis,</strong></span> <span class='ocrx_word' id='word_1_372' title='bbox 2225 2599 2379 2653; x_wconf 78' lang='lat' dir='ltr'><strong>multi</strong></span> <span class='ocrx_word' id='word_1_373' title='bbox 2411 2596 2560 2650; x_wconf 72' lang='lat' dir='ltr'><strong>antri.</strong></span> <span class='ocrx_word' id='word_1_374' title='bbox 2596 2593 2722 2648; x_wconf 71' lang='lat' dir='ltr'><strong>Haec</strong></span> <span class='ocrx_word' id='word_1_375' title='bbox 2755 2594 2853 2647; x_wconf 84' lang='lat' dir='ltr'><strong>abs</strong></span> <span class='ocrx_word' id='word_1_376' title='bbox 2877 2605 2935 2644; x_wconf 85' lang='lat' dir='ltr'><strong>re</strong></span> <span class='ocrx_word' id='word_1_377' title='bbox 2990 2587 3308 2659; x_wconf 68' lang='lat' dir='ltr'><strong>putavimus</strong></span> <span class='ocrx_word' id='word_1_378' title='bbox 3340 2598 3511 2654; x_wconf 77' lang='lat' dir='ltr'><strong>expo-</strong></span> 
     </span>
    </p>
   </div>
   <div class='ocr_carea' id='block_1_57' title="bbox 1930 2683 3512 2761">
    <p class='ocr_par' dir='ltr' id='par_1_57' title="bbox 1930 2683 3512 2761">
     <span class='ocr_line' id='line_1_57' title="bbox 1930 2683 3512 2761; baseline -0.015 -9"><span class='ocrx_word' id='word_1_379' title='bbox 1930 2695 2130 2757; x_wconf 82' lang='lat' dir='ltr'><strong>nenda,</strong></span> <span class='ocrx_word' id='word_1_380' title='bbox 2162 2707 2272 2761; x_wconf 91' lang='lat' dir='ltr'><strong>quo</strong></span> <span class='ocrx_word' id='word_1_381' title='bbox 2305 2688 2571 2745; x_wconf 85' lang='lat' dir='ltr'><strong>studiosis</strong></span> <span class='ocrx_word' id='word_1_382' title='bbox 2605 2683 3203 2754; x_wconf 45' lang='lat' dir='ltr'><strong>antiquorum‘rltuum</strong></span> <span class='ocrx_word' id='word_1_383' title='bbox 3233 2693 3350 2734; x_wconf 89' lang='lat' dir='ltr'><strong>rem</strong></span> <span class='ocrx_word' id='word_1_384' title='bbox 3384 2691 3512 2747; x_wconf 80' lang='lat' dir='ltr'><strong>gra-</strong></span> 
     </span>
    </p>
   </div>
   <div class='ocr_carea' id='block_1_58' title="bbox 1931 2770 3509 2847">
    <p class='ocr_par' dir='ltr' id='par_1_58' title="bbox 1931 2770 3509 2847">
     <span class='ocr_line' id='line_1_58' title="bbox 1931 2770 3509 2847; baseline -0.012 -7"><span class='ocrx_word' id='word_1_385' title='bbox 1931 2796 2038 2841; x_wconf 88' lang='lat' dir='ltr'><strong>tam</strong></span> <span class='ocrx_word' id='word_1_386' title='bbox 2080 2786 2408 2839; x_wconf 84' lang='lat' dir='ltr'><strong>faeeremus.</strong></span> <span class='ocrx_word' id='word_1_387' title='bbox 2441 2779 2785 2847; x_wconf 78' lang='lat' dir='ltr'><strong>Adjieiamus</strong></span> <span class='ocrx_word' id='word_1_388' title='bbox 2807 2785 2864 2832; x_wconf 87' lang='lat' dir='ltr'><strong>et</strong></span> <span class='ocrx_word' id='word_1_389' title='bbox 2891 2774 3196 2829; x_wconf 78' lang='lat' dir='ltr'><strong>difiicilinm</strong></span> <span class='ocrx_word' id='word_1_390' title='bbox 3224 2770 3509 2826; x_wconf 84' lang='lat' dir='ltr'><strong>intellectu</strong></span> 
     </span>
    </p>
   </div>
   <div class='ocr_carea' id='block_1_59' title="bbox 1930 2860 3525 2951">
    <p class='ocr_par' dir='ltr' id='par_1_59' title="bbox 1930 2860 3525 2951">
     <span class='ocr_line' id='line_1_59' title="bbox 1930 2860 3525 2951; baseline -0.013 -17"><span class='ocrx_word' id='word_1_391' title='bbox 1930 2878 2290 2951; x_wconf 90' lang='lat' dir='ltr'><strong>quorumdam</strong></span> <span class='ocrx_word' id='word_1_392' title='bbox 2353 2872 2803 2942; x_wconf 80' lang='lat' dir='ltr'><strong>explicationem.</strong></span> <span class='ocrx_word' id='word_1_393' title='bbox 2854 2865 3327 2933; x_wconf 75' lang='lat' dir='ltr'><strong>Scaramangium,</strong></span> <span class='ocrx_word' id='word_1_394' title='bbox 3378 2860 3525 2931; x_wconf 84' lang='lat' dir='ltr'><strong>quid-</strong></span> 
     </span>
    </p>
   </div>
   <div class='ocr_carea' id='block_1_60' title="bbox 1931 2951 3516 3033">
    <p class='ocr_par' dir='ltr' id='par_1_60' title="bbox 1931 2951 3516 3033">
     <span class='ocr_line' id='line_1_60' title="bbox 1931 2951 3516 3033; baseline -0.016 -9"><span class='ocrx_word' id='word_1_395' title='bbox 1931 2973 2025 3033; x_wconf 89' lang='lat' dir='ltr'><strong>sit,</strong></span> <span class='ocrx_word' id='word_1_396' title='bbox 2080 2968 2380 3021; x_wconf 87' lang='lat' dir='ltr'><strong>iudicatum</strong></span> <span class='ocrx_word' id='word_1_397' title='bbox 2420 2961 2602 3031; x_wconf 84' lang='lat' dir='ltr'><strong>capite</strong></span> <span class='ocrx_word' id='word_1_398' title='bbox 2645 2958 2766 3011; x_wconf 64' lang='grc' dir='ltr'><strong>ιη.</strong></span> <span class='ocrx_word' id='word_1_399' title='bbox 2826 2951 3327 3025; x_wconf 72' lang='grc' dir='ltr'><strong>Παρακοιμὼμινοι</strong></span> <span class='ocrx_word' id='word_1_400' title='bbox 3380 2954 3516 3004; x_wconf 76' lang='lat' dir='ltr'><strong>sunt</strong></span> 
     </span>
    </p>
   </div>
   <div class='ocr_carea' id='block_1_61' title="bbox 248 3042 1822 3133">
    <p class='ocr_par' dir='ltr' id='par_1_61' title="bbox 248 3046 1820 3133">
     <span class='ocr_line' id='line_1_61' title="bbox 248 3046 1820 3133; baseline 0.001 -30"><span class='ocrx_word' id='word_1_401' title='bbox 248 3048 388 3103; x_wconf 83' lang='lat' dir='ltr'><strong>solio</strong></span> <span class='ocrx_word' id='word_1_402' title='bbox 412 3047 607 3133; x_wconf 73' lang='lat' dir='ltr'><strong>sedere</strong></span> <span class='ocrx_word' id='word_1_403' title='bbox 627 3062 725 3101; x_wconf 91' lang='lat' dir='ltr'><strong>suo</strong></span> <span class='ocrx_word' id='word_1_404' title='bbox 750 3046 932 3113; x_wconf 86' lang='lat' dir='ltr'><strong>jussit.</strong></span> <span class='ocrx_word' id='word_1_405' title='bbox 967 3048 1280 3117; x_wconf 81' lang='lat' dir='ltr'><strong>Calyptram</strong></span> <span class='ocrx_word' id='word_1_406' title='bbox 1317 3050 1365 3102; x_wconf 91' lang='lat' dir='ltr'><strong>ei</strong></span> <span class='ocrx_word' id='word_1_407' title='bbox 1414 3050 1617 3103; x_wconf 84' lang='lat' dir='ltr'><strong>nullam</strong></span> <span class='ocrx_word' id='word_1_408' title='bbox 1648 3051 1820 3119; x_wconf 88' lang='lat' dir='ltr'><strong>impo-</strong></span> 
     </span>
    </p>
   </div>
   <div class='ocr_carea' id='block_1_62' title="bbox 1928 3042 3515 3133">
    <p class='ocr_par' dir='ltr' id='par_1_62' title="bbox 1932 3042 3515 3120">
     <span class='ocr_line' id='line_1_62' title="bbox 1932 3042 3515 3120; baseline -0.015 -4"><span class='ocrx_word' id='word_1_409' title='bbox 1932 3060 2104 3116; x_wconf 87' lang='lat' dir='ltr'><strong>intimi</strong></span> <span class='ocrx_word' id='word_1_410' title='bbox 2133 3054 2479 3117; x_wconf 85' lang='lat' dir='ltr'><strong>cubicularii,</strong></span> <span class='ocrx_word' id='word_1_411' title='bbox 2513 3052 2605 3120; x_wconf 88' lang='lat' dir='ltr'><strong>qui</strong></span> <span class='ocrx_word' id='word_1_412' title='bbox 2646 3048 3032 3119; x_wconf 69' lang='lat' dir='ltr'><strong>augustalibus</strong></span> <span class='ocrx_word' id='word_1_413' title='bbox 3064 3048 3118 3099; x_wconf 92' lang='lat' dir='ltr'><strong>in</strong></span> <span class='ocrx_word' id='word_1_414' title='bbox 3159 3042 3431 3099; x_wconf 84' lang='lat' dir='ltr'><strong>cubiculis</strong></span> <span class='ocrx_word' id='word_1_415' title='bbox 3457 3047 3515 3093; x_wconf 88' lang='lat' dir='ltr'><strong>et</strong></span> 
     </span>
    </p>
   </div>
   <div class='ocr_carea' id='block_1_63' title="bbox 247 3139 1823 3207">
    <p class='ocr_par' dir='ltr' id='par_1_63' title="bbox 247 3139 1823 3207">
     <span class='ocr_line' id='line_1_63' title="bbox 247 3139 1823 3207; baseline 0.002 -14"><span class='ocrx_word' id='word_1_416' title='bbox 247 3139 548 3207; x_wconf 87' lang='lat' dir='ltr'><strong>suit,quod</strong></span> <span class='ocrx_word' id='word_1_417' title='bbox 579 3154 641 3193; x_wconf 89' lang='lat' dir='ltr'><strong>ea</strong></span> <span class='ocrx_word' id='word_1_418' title='bbox 673 3139 977 3192; x_wconf 88' lang='lat' dir='ltr'><strong>&#39;l‘urcorum</strong></span> <span class='ocrx_word' id='word_1_419' title='bbox 1035 3140 1269 3194; x_wconf 87' lang='lat' dir='ltr'><strong>sultauis</strong></span> <span class='ocrx_word' id='word_1_420' title='bbox 1322 3141 1374 3193; x_wconf 91' lang='lat' dir='ltr'><strong>in</strong></span> <span class='ocrx_word' id='word_1_421' title='bbox 1437 3156 1540 3195; x_wconf 84' lang='lat' dir='ltr'><strong>usu</strong></span> <span class='ocrx_word' id='word_1_422' title='bbox 1578 3158 1684 3195; x_wconf 92' lang='lat' dir='ltr'><strong>non</strong></span> <span class='ocrx_word' id='word_1_423' title='bbox 1728 3144 1823 3207; x_wconf 86' lang='lat' dir='ltr'><strong>sit,</strong></span> 
     </span>
    </p>
   </div>
   <div class='ocr_carea' id='block_1_64' title="bbox 249 3231 1827 3303">
    <p class='ocr_par' dir='ltr' id='par_1_64' title="bbox 249 3231 1827 3303">
     <span class='ocr_line' id='line_1_64' title="bbox 249 3231 1827 3303; baseline 0.003 -19"><span class='ocrx_word' id='word_1_424' title='bbox 249 3232 527 3299; x_wconf 84' lang='lat' dir='ltr'><strong>tulipauto</strong></span> <span class='ocrx_word' id='word_1_425' title='bbox 590 3231 861 3285; x_wconf 80' lang='lat' dir='ltr'><strong>duntaxat</strong></span> <span class='ocrx_word' id='word_1_426' title='bbox 909 3239 1074 3303; x_wconf 89' lang='lat' dir='ltr'><strong>caput</strong></span> <span class='ocrx_word' id='word_1_427' title='bbox 1128 3232 1535 3287; x_wconf 85' lang='lat' dir='ltr'><strong>involventibus</strong></span> <span class='ocrx_word' id='word_1_428' title='bbox 1569 3250 1585 3288; x_wconf 88' lang='lat'><strong>:</strong></span> <span class='ocrx_word' id='word_1_429' title='bbox 1617 3234 1692 3288; x_wconf 88' lang='lat' dir='ltr'><strong>uti</strong></span> <span class='ocrx_word' id='word_1_430' title='bbox 1758 3250 1827 3289; x_wconf 89' lang='lat' dir='ltr'><strong>ne</strong></span> 
     </span>
    </p>
   </div>
   <div class='ocr_carea' id='block_1_65' title="bbox 248 3322 1827 3395">
    <p class='ocr_par' dir='ltr' id='par_1_65' title="bbox 248 3322 1827 3395">
     <span class='ocr_line' id='line_1_65' title="bbox 248 3322 1827 3395; baseline -0.001 -17"><span class='ocrx_word' id='word_1_431' title='bbox 248 3325 482 3378; x_wconf 73' lang='lat' dir='ltr'><strong>sultanaa</strong></span> <span class='ocrx_word' id='word_1_432' title='bbox 509 3322 729 3392; x_wconf 84' lang='lat' dir='ltr'><strong>quidem</strong></span> <span class='ocrx_word' id='word_1_433' title='bbox 789 3323 1034 3392; x_wconf 86' lang='lat' dir='ltr'><strong>ipsorum</strong></span> <span class='ocrx_word' id='word_1_434' title='bbox 1071 3325 1321 3394; x_wconf 77' lang='lat' dir='ltr'><strong>calyptra</strong></span> <span class='ocrx_word' id='word_1_435' title='bbox 1360 3340 1632 3379; x_wconf 88' lang='lat' dir='ltr'><strong>coronave</strong></span> <span class='ocrx_word' id='word_1_436' title='bbox 1688 3327 1827 3395; x_wconf 78' lang='lat' dir='ltr'><strong>regi-</strong></span> 
     </span>
    </p>
   </div>
   <div class='ocr_carea' id='block_1_66' title="bbox 247 3416 1822 3486">
    <p class='ocr_par' dir='ltr' id='par_1_66' title="bbox 247 3416 1822 3486">
     <span class='ocr_line' id='line_1_66' title="bbox 247 3416 1822 3486; baseline -0.001 -17"><span class='ocrx_word' id='word_1_437' title='bbox 247 3417 351 3471; x_wconf 85' lang='lat' dir='ltr'><strong>bus</strong></span> <span class='ocrx_word' id='word_1_438' title='bbox 382 3417 589 3470; x_wconf 90' lang='lat' dir='ltr'><strong>nostris</strong></span> <span class='ocrx_word' id='word_1_439' title='bbox 612 3416 1025 3486; x_wconf 84' lang='lat' dir='ltr'><strong>usitata,eaput</strong></span> <span class='ocrx_word' id='word_1_440' title='bbox 1078 3426 1298 3483; x_wconf 86' lang='lat' dir='ltr'><strong>ornant,</strong></span> <span class='ocrx_word' id='word_1_441' title='bbox 1332 3418 1429 3472; x_wconf 86' lang='lat' dir='ltr'><strong>sed</strong></span> <span class='ocrx_word' id='word_1_442' title='bbox 1481 3432 1606 3471; x_wconf 85' lang='lat' dir='ltr'><strong>vera</strong></span> <span class='ocrx_word' id='word_1_443' title='bbox 1642 3419 1822 3481; x_wconf 71' lang='lat' dir='ltr'><strong>taania,</strong></span> 
     </span>
    </p>
   </div>
   <div class='ocr_carea' id='block_1_67' title="bbox 247 3508 1825 3579">
    <p class='ocr_par' dir='ltr' id='par_1_67' title="bbox 247 3508 1825 3579">
     <span class='ocr_line' id='line_1_67' title="bbox 247 3508 1825 3579; baseline 0.001 -16"><span class='ocrx_word' id='word_1_444' title='bbox 247 3508 365 3563; x_wconf 80' lang='lat' dir='ltr'><strong>sive</strong></span> <span class='ocrx_word' id='word_1_445' title='bbox 402 3509 595 3574; x_wconf 87' lang='lat' dir='ltr'><strong>fascia,</strong></span> <span class='ocrx_word' id='word_1_446' title='bbox 625 3510 742 3564; x_wconf 82' lang='lat' dir='ltr'><strong>sive</strong></span> <span class='ocrx_word' id='word_1_447' title='bbox 765 3508 1095 3573; x_wconf 80' lang='lat' dir='ltr'><strong>diademate,</strong></span> <span class='ocrx_word' id='word_1_448' title='bbox 1123 3510 1294 3564; x_wconf 86' lang='lat' dir='ltr'><strong>variis</strong></span> <span class='ocrx_word' id='word_1_449' title='bbox 1324 3519 1378 3564; x_wconf 91' lang='lat' dir='ltr'><strong>et</strong></span> <span class='ocrx_word' id='word_1_450' title='bbox 1409 3510 1671 3578; x_wconf 71' lang='lat' dir='ltr'><strong>quuisiti</strong></span> <span class='ocrx_word' id='word_1_451' title='bbox 1706 3526 1825 3579; x_wconf 88' lang='lat' dir='ltr'><strong>pre-</strong></span> 
     </span>
    </p>
   </div>
   <div class='ocr_carea' id='block_1_68' title="bbox 247 3600 1822 3672">
    <p class='ocr_par' dir='ltr' id='par_1_68' title="bbox 247 3600 1822 3672">
     <span class='ocr_line' id='line_1_68' title="bbox 247 3600 1822 3672; baseline 0.002 -17"><span class='ocrx_word' id='word_1_452' title='bbox 247 3602 308 3655; x_wconf 87' lang='lat' dir='ltr'><strong>tii</strong></span> <span class='ocrx_word' id='word_1_453' title='bbox 341 3602 575 3671; x_wconf 80' lang='lat' dir='ltr'><strong>gemmis</strong></span> <span class='ocrx_word' id='word_1_454' title='bbox 610 3602 895 3663; x_wconf 88' lang='lat' dir='ltr'><strong>distincto,</strong></span> <span class='ocrx_word' id='word_1_455' title='bbox 930 3602 1075 3671; x_wconf 90' lang='lat' dir='ltr'><strong>quod</strong></span> <span class='ocrx_word' id='word_1_456' title='bbox 1116 3600 1184 3657; x_wconf 91' lang='lat' dir='ltr'><strong>ad</strong></span> <span class='ocrx_word' id='word_1_457' title='bbox 1242 3603 1485 3672; x_wconf 88' lang='lat' dir='ltr'><strong>sinciput</strong></span> <span class='ocrx_word' id='word_1_458' title='bbox 1516 3603 1822 3672; x_wconf 81' lang='lat' dir='ltr'><strong>colligatur.</strong></span> 
     </span>
    </p>
   </div>
   <div class='ocr_carea' id='block_1_69' title="bbox 248 3692 1824 3762">
    <p class='ocr_par' dir='ltr' id='par_1_69' title="bbox 248 3692 1824 3762">
     <span class='ocr_line' id='line_1_69' title="bbox 248 3692 1824 3762; baseline 0.004 -17"><span class='ocrx_word' id='word_1_459' title='bbox 248 3692 533 3762; x_wconf 79' lang='lat' dir='ltr'><strong>Ejusmodi</strong></span> <span class='ocrx_word' id='word_1_460' title='bbox 567 3693 816 3749; x_wconf 86' lang='lat' dir='ltr'><strong>diadema</strong></span> <span class='ocrx_word' id='word_1_461' title='bbox 842 3693 1168 3748; x_wconf 85' lang='lat' dir='ltr'><strong>conficiebat</strong></span> <span class='ocrx_word' id='word_1_462' title='bbox 1198 3692 1517 3749; x_wconf 88' lang='lat' dir='ltr'><strong>Germanus</strong></span> <span class='ocrx_word' id='word_1_463' title='bbox 1547 3695 1824 3751; x_wconf 82' lang='lat' dir='ltr'><strong>aurifaber</strong></span> 
     </span>
    </p>
   </div>
   <div class='ocr_carea' id='block_1_70' title="bbox 249 3781 1829 3856">
    <p class='ocr_par' dir='ltr' id='par_1_70' title="bbox 249 3781 1829 3856">
     <span class='ocr_line' id='line_1_70' title="bbox 249 3781 1829 3856; baseline 0.002 -19"><span class='ocrx_word' id='word_1_464' title='bbox 249 3784 305 3837; x_wconf 88' lang='lat' dir='ltr'><strong>in</strong></span> <span class='ocrx_word' id='word_1_465' title='bbox 329 3783 529 3854; x_wconf 88' lang='lat' dir='ltr'><strong>oppido</strong></span> <span class='ocrx_word' id='word_1_466' title='bbox 552 3781 765 3849; x_wconf 85' lang='lat' dir='ltr'><strong>Galata,</strong></span> <span class='ocrx_word' id='word_1_467' title='bbox 802 3784 1041 3840; x_wconf 77' lang='lat' dir='ltr'><strong>Joannes</strong></span> <span class='ocrx_word' id='word_1_468' title='bbox 1067 3783 1235 3851; x_wconf 78' lang='lat' dir='ltr'><strong>Saxo,</strong></span> <span class='ocrx_word' id='word_1_469' title='bbox 1267 3794 1432 3841; x_wconf 87' lang='lat' dir='ltr'><strong>natus</strong></span> <span class='ocrx_word' id='word_1_470' title='bbox 1455 3786 1599 3856; x_wconf 89' lang='lat' dir='ltr'><strong>apud</strong></span> <span class='ocrx_word' id='word_1_471' title='bbox 1635 3788 1829 3842; x_wconf 86' lang='lat' dir='ltr'><strong>Holsa-</strong></span> 
     </span>
    </p>
   </div>
   <div class='ocr_carea' id='block_1_71' title="bbox 247 3876 1826 3948">
    <p class='ocr_par' dir='ltr' id='par_1_71' title="bbox 247 3876 1826 3948">
     <span class='ocr_line' id='line_1_71' title="bbox 247 3876 1826 3948; baseline 0.003 -19"><span class='ocrx_word' id='word_1_472' title='bbox 247 3884 360 3938; x_wconf 89' lang='lat' dir='ltr'><strong>tos,</strong></span> <span class='ocrx_word' id='word_1_473' title='bbox 393 3876 519 3930; x_wconf 89' lang='lat' dir='ltr'><strong>huic</strong></span> <span class='ocrx_word' id='word_1_474' title='bbox 548 3877 800 3943; x_wconf 69' lang='lat' dir='ltr'><strong>sultanae,</strong></span> <span class='ocrx_word' id='word_1_475' title='bbox 844 3876 1074 3932; x_wconf 82' lang='lat' dir='ltr'><strong>Muratis</strong></span> <span class='ocrx_word' id='word_1_476' title='bbox 1107 3877 1173 3931; x_wconf 92' lang='lat' dir='ltr'><strong>lll</strong></span> <span class='ocrx_word' id='word_1_477' title='bbox 1220 3879 1460 3948; x_wconf 78' lang='lat' dir='ltr'><strong>conjugi,</strong></span> <span class='ocrx_word' id='word_1_478' title='bbox 1512 3894 1635 3933; x_wconf 91' lang='lat' dir='ltr'><strong>eum</strong></span> <span class='ocrx_word' id='word_1_479' title='bbox 1682 3879 1826 3933; x_wconf 71' lang='lat' dir='ltr'><strong>{ilius</strong></span> 
     </span>
    </p>
   </div>
   <div class='ocr_carea' id='block_1_72' title="bbox 249 3965 1827 4025">
    <p class='ocr_par' dir='ltr' id='par_1_72' title="bbox 249 3965 1827 4025">
     <span class='ocr_line' id='line_1_72' title="bbox 249 3965 1827 4025; baseline 0.004 -6"><span class='ocrx_word' id='word_1_480' title='bbox 249 3965 621 4022; x_wconf 76' lang='lat' dir='ltr'><strong>Mucbemctes</strong></span> <span class='ocrx_word' id='word_1_481' title='bbox 675 3968 1153 4023; x_wconf 80' lang='lat' dir='ltr'><strong>circumcidendus</strong></span> <span class='ocrx_word' id='word_1_482' title='bbox 1207 3978 1375 4025; x_wconf 87' lang='lat' dir='ltr'><strong>esset.</strong></span> <span class='ocrx_word' id='word_1_483' title='bbox 1429 3970 1642 4025; x_wconf 79' lang='lat' dir='ltr'><strong>Addere</strong></span> <span class='ocrx_word' id='word_1_484' title='bbox 1697 3970 1827 4025; x_wconf 88' lang='lat' dir='ltr'><strong>libet</strong></span> 
     </span>
    </p>
   </div>
   <div class='ocr_carea' id='block_1_73' title="bbox 251 4057 1824 4130">
    <p class='ocr_par' dir='ltr' id='par_1_73' title="bbox 251 4057 1824 4130">
     <span class='ocr_line' id='line_1_73' title="bbox 251 4057 1824 4130; baseline 0.007 -25"><span class='ocrx_word' id='word_1_485' title='bbox 251 4058 355 4108; x_wconf 80' lang='lat' dir='ltr'><strong>hoc</strong></span> <span class='ocrx_word' id='word_1_486' title='bbox 385 4057 501 4110; x_wconf 91' lang='lat' dir='ltr'><strong>loco</strong></span> <span class='ocrx_word' id='word_1_487' title='bbox 522 4059 682 4110; x_wconf 91' lang='lat' dir='ltr'><strong>ritum</strong></span> <span class='ocrx_word' id='word_1_488' title='bbox 706 4058 1009 4111; x_wconf 87' lang='lat' dir='ltr'><strong>coronaudi</strong></span> <span class='ocrx_word' id='word_1_489' title='bbox 1034 4061 1175 4127; x_wconf 84' lang='lat' dir='ltr'><strong>apud</strong></span> <span class='ocrx_word' id='word_1_490' title='bbox 1202 4059 1423 4113; x_wconf 64' lang='lat' dir='ltr'><strong>Graecos</strong></span> <span class='ocrx_word' id='word_1_491' title='bbox 1452 4062 1824 4130; x_wconf 86' lang='lat' dir='ltr'><strong>imperatoris,</strong></span> 
     </span>
    </p>
   </div>
   <div class='ocr_carea' id='block_1_74' title="bbox 250 4148 1827 4219">
    <p class='ocr_par' dir='ltr' id='par_1_74' title="bbox 250 4148 1827 4219">
     <span class='ocr_line' id='line_1_74' title="bbox 250 4148 1827 4219; baseline 0.005 -21"><span class='ocrx_word' id='word_1_492' title='bbox 250 4150 423 4217; x_wconf 81' lang='lat' dir='ltr'><strong>priori</strong></span> <span class='ocrx_word' id='word_1_493' title='bbox 450 4148 630 4203; x_wconf 88' lang='lat' dir='ltr'><strong>adhuc</strong></span> <span class='ocrx_word' id='word_1_494' title='bbox 669 4150 990 4218; x_wconf 87' lang='lat' dir='ltr'><strong>superstite,</strong></span> <span class='ocrx_word' id='word_1_495' title='bbox 1035 4167 1196 4219; x_wconf 86' lang='lat' dir='ltr'><strong>quem</strong></span> <span class='ocrx_word' id='word_1_496' title='bbox 1234 4152 1301 4206; x_wconf 91' lang='lat' dir='ltr'><strong>de</strong></span> <span class='ocrx_word' id='word_1_497' title='bbox 1358 4150 1550 4206; x_wconf 66' lang='lat' dir='ltr'><strong>Graeco</strong></span> <span class='ocrx_word' id='word_1_498' title='bbox 1584 4152 1827 4207; x_wconf 70' lang='lat' dir='ltr'><strong>historia?</strong></span> 
     </span>
    </p>
   </div>
   <div class='ocr_carea' id='block_1_75' title="bbox 252 4241 1823 4312">
    <p class='ocr_par' dir='ltr' id='par_1_75' title="bbox 252 4241 1823 4312">
     <span class='ocr_line' id='line_1_75' title="bbox 252 4241 1823 4312; baseline 0.004 -22"><span class='ocrx_word' id='word_1_499' title='bbox 252 4241 400 4291; x_wconf 77' lang='lat' dir='ltr'><strong>libro</strong></span> <span class='ocrx_word' id='word_1_500' title='bbox 439 4255 598 4292; x_wconf 89' lang='lat' dir='ltr'><strong>manu</strong></span> <span class='ocrx_word' id='word_1_501' title='bbox 637 4250 865 4295; x_wconf 82' lang='lat' dir='ltr'><strong>exarato</strong></span> <span class='ocrx_word' id='word_1_502' title='bbox 894 4242 1183 4311; x_wconf 80' lang='lat' dir='ltr'><strong>Symeonis</strong></span> <span class='ocrx_word' id='word_1_503' title='bbox 1218 4244 1461 4312; x_wconf 75' lang='lat' dir='ltr'><strong>magistri</strong></span> <span class='ocrx_word' id='word_1_504' title='bbox 1512 4244 1823 4299; x_wconf 76' lang='lat' dir='ltr'><strong>Ofiiciorum</strong></span> 
     </span>
    </p>
   </div>
   <div class='ocr_carea' id='block_1_76' title="bbox 244 4331 1822 4404">
    <p class='ocr_par' dir='ltr' id='par_1_76' title="bbox 244 4331 1822 4404">
     <span class='ocr_line' id='line_1_76' title="bbox 244 4331 1822 4404; baseline 0.004 -21"><span class='ocrx_word' id='word_1_505' title='bbox 244 4331 647 4385; x_wconf 76' lang='lat' dir='ltr'><strong>exscribemus.</strong></span> <span class='ocrx_word' id='word_1_506' title='bbox 683 4331 946 4402; x_wconf 86' lang='lat' dir='ltr'><strong>Loquitur</strong></span> <span class='ocrx_word' id='word_1_507' title='bbox 972 4343 1151 4387; x_wconf 90' lang='lat' dir='ltr'><strong>autem</strong></span> <span class='ocrx_word' id='word_1_508' title='bbox 1195 4336 1430 4404; x_wconf 74' lang='lat' dir='ltr'><strong>Symcon</strong></span> <span class='ocrx_word' id='word_1_509' title='bbox 1456 4337 1523 4391; x_wconf 88' lang='lat' dir='ltr'><strong>de</strong></span> <span class='ocrx_word' id='word_1_510' title='bbox 1543 4336 1822 4401; x_wconf 85' lang='lat' dir='ltr'><strong>Michaelc,</strong></span> 
     </span>
    </p>
   </div>
   <div class='ocr_carea' id='block_1_77' title="bbox 245 4422 1828 4495">
    <p class='ocr_par' dir='ltr' id='par_1_77' title="bbox 245 4422 1828 4495">
     <span class='ocr_line' id='line_1_77' title="bbox 245 4422 1828 4495; baseline 0.003 -20"><span class='ocrx_word' id='word_1_511' title='bbox 245 4422 541 4490; x_wconf 75' lang='lat' dir='ltr'><strong>Theophili</strong></span> <span class='ocrx_word' id='word_1_512' title='bbox 612 4423 672 4475; x_wconf 73' lang='grc' dir='ltr'><strong>Ρ.</strong></span> <span class='ocrx_word' id='word_1_513' title='bbox 728 4426 997 4494; x_wconf 70' lang='lat' dir='ltr'><strong>Augusto,</strong></span> <span class='ocrx_word' id='word_1_514' title='bbox 1066 4441 1227 4495; x_wconf 86' lang='lat' dir='ltr'><strong>quem</strong></span> <span class='ocrx_word' id='word_1_515' title='bbox 1291 4431 1658 4481; x_wconf 81' lang='lat' dir='ltr'><strong>temulentum</strong></span> <span class='ocrx_word' id='word_1_516' title='bbox 1711 4429 1828 4481; x_wconf 82' lang='lat' dir='ltr'><strong>sive</strong></span> 
     </span>
    </p>
   </div>
   <div class='ocr_carea' id='block_1_78' title="bbox 250 4515 1827 4586">
    <p class='ocr_par' dir='ltr' id='par_1_78' title="bbox 250 4515 1827 4586">
     <span class='ocr_line' id='line_1_78' title="bbox 250 4515 1827 4586; baseline 0.004 -20"><span class='ocrx_word' id='word_1_517' title='bbox 250 4515 490 4583; x_wconf 75' lang='grc' dir='ltr'><strong>μέθυσον</strong></span> <span class='ocrx_word' id='word_1_518' title='bbox 554 4526 751 4569; x_wconf 85' lang='lat' dir='ltr'><strong>vocant</strong></span> <span class='ocrx_word' id='word_1_519' title='bbox 816 4516 1082 4581; x_wconf 67' lang='lat' dir='ltr'><strong>historiae,</strong></span> <span class='ocrx_word' id='word_1_520' title='bbox 1153 4529 1272 4586; x_wconf 85' lang='lat' dir='ltr'><strong>post</strong></span> <span class='ocrx_word' id='word_1_521' title='bbox 1344 4519 1532 4574; x_wconf 74' lang='lat' dir='ltr'><strong>Barda:</strong></span> <span class='ocrx_word' id='word_1_522' title='bbox 1593 4521 1827 4574; x_wconf 69' lang='lat' dir='ltr'><strong>Caesaris</strong></span> 
     </span>
    </p>
   </div>
   <div class='ocr_carea' id='block_1_79' title="bbox 247 4608 1827 4681">
    <p class='ocr_par' dir='ltr' id='par_1_79' title="bbox 247 4608 1827 4681">
     <span class='ocr_line' id='line_1_79' title="bbox 247 4608 1827 4681; baseline 0.006 -24"><span class='ocrx_word' id='word_1_523' title='bbox 247 4608 507 4660; x_wconf 71' lang='lat' dir='ltr'><strong>avmicufi</strong></span> <span class='ocrx_word' id='word_1_524' title='bbox 540 4608 766 4671; x_wconf 58' lang='lat' dir='ltr'><strong>eadem,</strong></span> <span class='ocrx_word' id='word_1_525' title='bbox 800 4610 1056 4662; x_wconf 80' lang='lat' dir='ltr'><strong>Basiliutn</strong></span> <span class='ocrx_word' id='word_1_526' title='bbox 1112 4609 1462 4679; x_wconf 79' lang='lat' dir='ltr'><strong>Macedonem</strong></span> <span class='ocrx_word' id='word_1_527' title='bbox 1494 4612 1561 4666; x_wconf 87' lang='lat' dir='ltr'><strong>ad</strong></span> <span class='ocrx_word' id='word_1_528' title='bbox 1613 4614 1827 4681; x_wconf 88' lang='lat' dir='ltr'><strong>imperii</strong></span> 
     </span>
    </p>
   </div>
   <div class='ocr_carea' id='block_1_80' title="bbox 249 4701 1824 4774">
    <p class='ocr_par' dir='ltr' id='par_1_80' title="bbox 249 4701 1824 4774">
     <span class='ocr_line' id='line_1_80' title="bbox 249 4701 1824 4774; baseline 0.005 -23"><span class='ocrx_word' id='word_1_529' title='bbox 249 4704 574 4754; x_wconf 86' lang='lat' dir='ltr'><strong>societatem</strong></span> <span class='ocrx_word' id='word_1_530' title='bbox 614 4710 926 4769; x_wconf 77' lang='lat' dir='ltr'><strong>coeptante.</strong></span> <span class='ocrx_word' id='word_1_531' title='bbox 960 4701 1135 4757; x_wconf 82' lang='lat' dir='ltr'><strong>Verba</strong></span> <span class='ocrx_word' id='word_1_532' title='bbox 1168 4712 1296 4757; x_wconf 91' lang='lat' dir='ltr'><strong>sunt</strong></span> <span class='ocrx_word' id='word_1_533' title='bbox 1325 4705 1655 4774; x_wconf 84' lang='lat' dir='ltr'><strong>hujusmodi.</strong></span> <span class='ocrx_word' id='word_1_534' title='bbox 1689 4706 1824 4759; x_wconf 89' lang='lat' dir='ltr'><strong>Cum</strong></span> 
     </span>
    </p>
   </div>
   <div class='ocr_carea' id='block_1_81' title="bbox 251 4791 1830 4866">
    <p class='ocr_par' dir='ltr' id='par_1_81' title="bbox 251 4791 1830 4866">
     <span class='ocr_line' id='line_1_81' title="bbox 251 4791 1830 4866; baseline 0.006 -24"><span class='ocrx_word' id='word_1_535' title='bbox 251 4792 575 4856; x_wconf 72' lang='lat' dir='ltr'><strong>imperator,</strong></span> <span class='ocrx_word' id='word_1_536' title='bbox 610 4791 704 4855; x_wconf 87' lang='lat' dir='ltr'><strong>ait,</strong></span> <span class='ocrx_word' id='word_1_537' title='bbox 736 4792 789 4845; x_wconf 91' lang='lat' dir='ltr'><strong>in</strong></span> <span class='ocrx_word' id='word_1_538' title='bbox 815 4793 1171 4860; x_wconf 85' lang='lat' dir='ltr'><strong>processione</strong></span> <span class='ocrx_word' id='word_1_539' title='bbox 1202 4795 1466 4863; x_wconf 88' lang='lat' dir='ltr'><strong>prodiret,</strong></span> <span class='ocrx_word' id='word_1_540' title='bbox 1498 4799 1830 4866; x_wconf 87' lang='lat' dir='ltr'><strong>sequebatur</strong></span> 
     </span>
    </p>
   </div>
   <div class='ocr_carea' id='block_1_82' title="bbox 252 4880 1826 4959">
    <p class='ocr_par' dir='ltr' id='par_1_82' title="bbox 252 4880 1826 4959">
     <span class='ocr_line' id='line_1_82' title="bbox 252 4880 1826 4959; baseline 0.005 -29"><span class='ocrx_word' id='word_1_541' title='bbox 252 4897 279 4931; x_wconf 83' lang='lat' dir='ltr'><strong>a</strong></span> <span class='ocrx_word' id='word_1_542' title='bbox 315 4892 470 4949; x_wconf 68' lang='grc' dir='ltr'><strong>ιρι·ὅο</strong></span> <span class='ocrx_word' id='word_1_543' title='bbox 492 4880 725 4935; x_wconf 81' lang='lat' dir='ltr'><strong>Basilius</strong></span> <span class='ocrx_word' id='word_1_544' title='bbox 748 4894 968 4951; x_wconf 78' lang='lat' dir='ltr'><strong>gestans</strong></span> <span class='ocrx_word' id='word_1_545' title='bbox 990 4883 1335 4952; x_wconf 88' lang='lat' dir='ltr'><strong>imperatoris</strong></span> <span class='ocrx_word' id='word_1_546' title='bbox 1363 4892 1826 4959; x_wconf 77' lang='lat' dir='ltr'><strong>scaramangium,</strong></span> 
     </span>
    </p>
   </div>
   <div class='ocr_carea' id='block_1_83' title="bbox 249 4977 1830 5049">
    <p class='ocr_par' dir='ltr' id='par_1_83' title="bbox 249 4977 1830 5049">
     <span class='ocr_line' id='line_1_83' title="bbox 249 4977 1830 5049; baseline 0.008 -26"><span class='ocrx_word' id='word_1_547' title='bbox 249 4977 397 5039; x_wconf 80' lang='lat' dir='ltr'><strong>quod</strong></span> <span class='ocrx_word' id='word_1_548' title='bbox 432 4991 525 5037; x_wconf 83' lang='lat' dir='ltr'><strong>pro</strong></span> <span class='ocrx_word' id='word_1_549' title='bbox 554 4990 698 5028; x_wconf 86' lang='lat' dir='ltr'><strong>more</strong></span> <span class='ocrx_word' id='word_1_550' title='bbox 733 4977 1219 5045; x_wconf 76' lang='grc' dir='ltr'><strong>παρακοιμώμενοι</strong></span> <span class='ocrx_word' id='word_1_551' title='bbox 1254 4979 1481 5033; x_wconf 83' lang='lat' dir='ltr'><strong>faciunt.</strong></span> <span class='ocrx_word' id='word_1_552' title='bbox 1512 4981 1591 5034; x_wconf 80' lang='lat' dir='ltr'><strong>Ad</strong></span> <span class='ocrx_word' id='word_1_553' title='bbox 1627 4998 1830 5049; x_wconf 67' lang='lat' dir='ltr'><strong>augus-</strong></span> 
     </span>
    </p>
   </div>
   <div class='ocr_carea' id='block_1_84' title="bbox 248 5067 1830 5139">
    <p class='ocr_par' dir='ltr' id='par_1_84' title="bbox 248 5067 1830 5139">
     <span class='ocr_line' id='line_1_84' title="bbox 248 5067 1830 5139; baseline 0.004 -18"><span class='ocrx_word' id='word_1_554' title='bbox 248 5070 422 5121; x_wconf 63' lang='lat' dir='ltr'><strong>stalvs</strong></span> <span class='ocrx_word' id='word_1_555' title='bbox 442 5075 620 5119; x_wconf 88' lang='lat' dir='ltr'><strong>autem</strong></span> <span class='ocrx_word' id='word_1_556' title='bbox 659 5067 804 5121; x_wconf 81' lang='lat' dir='ltr'><strong>fores</strong></span> <span class='ocrx_word' id='word_1_557' title='bbox 839 5068 927 5121; x_wconf 92' lang='lat' dir='ltr'><strong>ubi</strong></span> <span class='ocrx_word' id='word_1_558' title='bbox 963 5069 1641 5139; x_wconf 88' lang='lat' dir='ltr'><strong>pervenissetimperator,</strong></span> <span class='ocrx_word' id='word_1_559' title='bbox 1673 5089 1830 5128; x_wconf 85' lang='lat' dir='ltr'><strong>coro-</strong></span> 
     </span>
    </p>
   </div>
   <div class='ocr_carea' id='block_1_85' title="bbox 250 5159 1826 5232">
    <p class='ocr_par' dir='ltr' id='par_1_85' title="bbox 250 5159 1826 5232">
     <span class='ocr_line' id='line_1_85' title="bbox 250 5159 1826 5232; baseline 0.004 -21"><span class='ocrx_word' id='word_1_560' title='bbox 250 5176 373 5211; x_wconf 79' lang='lat' dir='ltr'><strong>nam</strong></span> <span class='ocrx_word' id='word_1_561' title='bbox 409 5173 508 5225; x_wconf 89' lang='lat' dir='ltr'><strong>pro</strong></span> <span class='ocrx_word' id='word_1_562' title='bbox 546 5159 935 5227; x_wconf 80' lang='lat' dir='ltr'><strong>imperatorum</strong></span> <span class='ocrx_word' id='word_1_563' title='bbox 969 5161 1366 5214; x_wconf 88' lang='lat' dir='ltr'><strong>consuetudine</strong></span> <span class='ocrx_word' id='word_1_564' title='bbox 1402 5177 1506 5216; x_wconf 88' lang='lat' dir='ltr'><strong>non</strong></span> <span class='ocrx_word' id='word_1_565' title='bbox 1533 5164 1826 5232; x_wconf 86' lang='lat' dir='ltr'><strong>deposuit,</strong></span> 
     </span>
    </p>
   </div>
   <div class='ocr_carea' id='block_1_86' title="bbox 250 5248 1830 5325">
    <p class='ocr_par' dir='ltr' id='par_1_86' title="bbox 250 5248 1830 5325">
     <span class='ocr_line' id='line_1_86' title="bbox 250 5248 1830 5325; baseline 0.006 -22"><span class='ocrx_word' id='word_1_566' title='bbox 250 5253 345 5303; x_wconf 78' lang='lat' dir='ltr'><strong>sel</strong></span> <span class='ocrx_word' id='word_1_567' title='bbox 376 5251 517 5302; x_wconf 88' lang='lat' dir='ltr'><strong>intra</strong></span> <span class='ocrx_word' id='word_1_568' title='bbox 547 5248 744 5318; x_wconf 81' lang='lat' dir='ltr'><strong>januas</strong></span> <span class='ocrx_word' id='word_1_569' title='bbox 780 5265 966 5308; x_wconf 84' lang='lat' dir='ltr'><strong>sacras</strong></span> <span class='ocrx_word' id='word_1_570' title='bbox 1006 5268 1128 5307; x_wconf 90' lang='lat' dir='ltr'><strong>cum</strong></span> <span class='ocrx_word' id='word_1_571' title='bbox 1160 5268 1221 5308; x_wconf 86' lang='lat' dir='ltr'><strong>ea</strong></span> <span class='ocrx_word' id='word_1_572' title='bbox 1269 5254 1499 5309; x_wconf 70' lang='lat' dir='ltr'><strong>Michael</strong></span> <span class='ocrx_word' id='word_1_573' title='bbox 1553 5257 1830 5325; x_wconf 78' lang='lat' dir='ltr'><strong>ingressus</strong></span> 
     </span>
    </p>
   </div>
   <div class='ocr_carea' id='block_1_87' title="bbox 250 5343 1832 5415">
    <p class='ocr_par' dir='ltr' id='par_1_87' title="bbox 250 5343 1832 5415">
     <span class='ocr_line' id='line_1_87' title="bbox 250 5343 1832 5415; baseline 0.005 -19"><span class='ocrx_word' id='word_1_574' title='bbox 250 5354 356 5396; x_wconf 80' lang='lat' dir='ltr'><strong>est.</strong></span> <span class='ocrx_word' id='word_1_575' title='bbox 412 5343 473 5395; x_wconf 73' lang='lat' dir='ltr'><strong>Et</strong></span> <span class='ocrx_word' id='word_1_576' title='bbox 524 5359 748 5412; x_wconf 69' lang='lat' dir='ltr'><strong>corpore</strong></span> <span class='ocrx_word' id='word_1_577' title='bbox 802 5359 1095 5411; x_wconf 79' lang='lat' dir='ltr'><strong>converso,</strong></span> <span class='ocrx_word' id='word_1_578' title='bbox 1154 5357 1265 5402; x_wconf 83' lang='lat' dir='ltr'><strong>tres</strong></span> <span class='ocrx_word' id='word_1_579' title='bbox 1325 5351 1527 5415; x_wconf 74' lang='lat' dir='ltr'><strong>gradus</strong></span> <span class='ocrx_word' id='word_1_580' title='bbox 1581 5351 1832 5405; x_wconf 86' lang='lat' dir='ltr'><strong>ambonis</strong></span> 
     </span>
    </p>
   </div>
   <div class='ocr_carea' id='block_1_88' title="bbox 252 5438 1830 5501">
    <p class='ocr_par' dir='ltr' id='par_1_88' title="bbox 252 5438 1830 5501">
     <span class='ocr_line' id='line_1_88' title="bbox 252 5438 1830 5501; baseline 0.003 -10"><span class='ocrx_word' id='word_1_581' title='bbox 252 5448 551 5492; x_wconf 82' lang='lat' dir='ltr'><strong>coronatus</strong></span> <span class='ocrx_word' id='word_1_582' title='bbox 586 5438 852 5501; x_wconf 68' lang='lat' dir='ltr'><strong>ascendit,</strong></span> <span class='ocrx_word' id='word_1_583' title='bbox 884 5447 1067 5493; x_wconf 86' lang='lat' dir='ltr'><strong>stante</strong></span> <span class='ocrx_word' id='word_1_584' title='bbox 1103 5439 1334 5493; x_wconf 87' lang='lat' dir='ltr'><strong>inferius</strong></span> <span class='ocrx_word' id='word_1_585' title='bbox 1367 5440 1567 5495; x_wconf 82' lang='lat' dir='ltr'><strong>Basilio</strong></span> <span class='ocrx_word' id='word_1_586' title='bbox 1604 5441 1830 5495; x_wconf 80' lang='lat' dir='ltr'><strong>Paraki-</strong></span> 
     </span>
    </p>
   </div>
   <div class='ocr_carea' id='block_1_89' title="bbox 254 5530 1830 5603">
    <p class='ocr_par' dir='ltr' id='par_1_89' title="bbox 254 5530 1830 5603">
     <span class='ocr_line' id='line_1_89' title="bbox 254 5530 1830 5603; baseline 0.003 -19"><span class='ocrx_word' id='word_1_587' title='bbox 254 5546 532 5585; x_wconf 86' lang='lat' dir='ltr'><strong>momeno.</strong></span> <span class='ocrx_word' id='word_1_588' title='bbox 563 5530 706 5584; x_wconf 86' lang='lat' dir='ltr'><strong>Infra</strong></span> <span class='ocrx_word' id='word_1_589' title='bbox 744 5530 1005 5584; x_wconf 76' lang='lat' dir='ltr'><strong>Basilium</strong></span> <span class='ocrx_word' id='word_1_590' title='bbox 1040 5531 1218 5585; x_wconf 86' lang='lat' dir='ltr'><strong>stabat</strong></span> <span class='ocrx_word' id='word_1_591' title='bbox 1264 5531 1372 5585; x_wconf 85' lang='lat' dir='ltr'><strong>Leo</strong></span> <span class='ocrx_word' id='word_1_592' title='bbox 1426 5534 1641 5597; x_wconf 85' lang='lat' dir='ltr'><strong>Castor,</strong></span> <span class='ocrx_word' id='word_1_593' title='bbox 1676 5535 1766 5603; x_wconf 85' lang='lat' dir='ltr'><strong>qui</strong></span> <span class='ocrx_word' id='word_1_594' title='bbox 1800 5549 1830 5588; x_wconf 88' lang='lat' dir='ltr'><strong>a</strong></span> 
     </span>
    </p>
   </div>
   <div class='ocr_carea' id='block_1_90' title="bbox 255 5624 1828 5696">
    <p class='ocr_par' dir='ltr' id='par_1_90' title="bbox 255 5624 1828 5696">
     <span class='ocr_line' id='line_1_90' title="bbox 255 5624 1828 5696; baseline 0.004 -22"><span class='ocrx_word' id='word_1_595' title='bbox 255 5624 485 5679; x_wconf 79' lang='lat' dir='ltr'><strong>secretis</strong></span> <span class='ocrx_word' id='word_1_596' title='bbox 522 5633 658 5688; x_wconf 88' lang='lat' dir='ltr'><strong>erat,</strong></span> <span class='ocrx_word' id='word_1_597' title='bbox 691 5625 1020 5679; x_wconf 85' lang='lat' dir='ltr'><strong>sententiam</strong></span> <span class='ocrx_word' id='word_1_598' title='bbox 1069 5627 1329 5694; x_wconf 88' lang='lat' dir='ltr'><strong>scriptam</strong></span> <span class='ocrx_word' id='word_1_599' title='bbox 1377 5629 1609 5696; x_wconf 85' lang='lat' dir='ltr'><strong>(tomum</strong></span> <span class='ocrx_word' id='word_1_600' title='bbox 1656 5629 1828 5683; x_wconf 48' lang='lat' dir='ltr'><strong>Gra‘ci</strong></span> 
     </span>
    </p>
   </div>
   <div class='ocr_carea' id='block_1_91' title="bbox 255 5718 1830 5794">
    <p class='ocr_par' dir='ltr' id='par_1_91' title="bbox 255 5718 1830 5794">
     <span class='ocr_line' id='line_1_91' title="bbox 255 5718 1830 5794; baseline 0.008 -26"><span class='ocrx_word' id='word_1_601' title='bbox 255 5719 471 5789; x_wconf 81' lang='lat' dir='ltr'><strong>vocant)</strong></span> <span class='ocrx_word' id='word_1_602' title='bbox 510 5733 670 5772; x_wconf 87' lang='lat' dir='ltr'><strong>manu</strong></span> <span class='ocrx_word' id='word_1_603' title='bbox 706 5728 921 5783; x_wconf 84' lang='lat' dir='ltr'><strong>tenens,</strong></span> <span class='ocrx_word' id='word_1_604' title='bbox 951 5728 1005 5774; x_wconf 87' lang='lat' dir='ltr'><strong>et</strong></span> <span class='ocrx_word' id='word_1_605' title='bbox 1047 5718 1275 5776; x_wconf 78' lang='lat' dir='ltr'><strong>Michael</strong></span> <span class='ocrx_word' id='word_1_606' title='bbox 1317 5720 1560 5778; x_wconf 81' lang='lat' dir='ltr'><strong>Anurius</strong></span> <span class='ocrx_word' id='word_1_607' title='bbox 1617 5739 1830 5794; x_wconf 62' lang='lat' dir='ltr'><strong>pt&#39;mpoo</strong></span> 
     </span>
    </p>
   </div>
   <div class='ocr_carea' id='block_1_92' title="bbox 1861 4410 1907 4467">
    <p class='ocr_par' dir='ltr' id='par_1_92' title="bbox 1861 4410 1907 4467">
     <span class='ocr_line' id='line_1_92' title="bbox 1861 4410 1907 4467; baseline 0 0"><span class='ocrx_word' id='word_1_608' title='bbox 1861 4410 1907 4467; x_wconf 76' lang='grc' dir='ltr'><strong>υ</strong></span> 
     </span>
    </p>
   </div>
   <div class='ocr_carea' id='block_1_93' title="bbox 1934 3134 3510 3222">
    <p class='ocr_par' dir='ltr' id='par_1_93' title="bbox 1934 3134 3510 3222">
     <span class='ocr_line' id='line_1_93' title="bbox 1934 3134 3510 3222; baseline -0.014 -15"><span class='ocrx_word' id='word_1_609' title='bbox 1934 3153 2034 3222; x_wconf 90' lang='lat' dir='ltr'><strong>ipsi</strong></span> <span class='ocrx_word' id='word_1_610' title='bbox 2073 3158 2297 3219; x_wconf 86' lang='lat' dir='ltr'><strong>propter</strong></span> <span class='ocrx_word' id='word_1_611' title='bbox 2328 3148 2695 3216; x_wconf 87' lang='lat' dir='ltr'><strong>imperatores</strong></span> <span class='ocrx_word' id='word_1_612' title='bbox 2727 3140 3100 3204; x_wconf 84' lang='lat' dir='ltr'><strong>dormiebant,</strong></span> <span class='ocrx_word' id='word_1_613' title='bbox 3131 3137 3211 3191; x_wconf 87' lang='lat' dir='ltr'><strong>uti</strong></span> <span class='ocrx_word' id='word_1_614' title='bbox 3270 3134 3510 3205; x_wconf 88' lang='lat' dir='ltr'><strong>Symeon</strong></span> 
     </span>
    </p>
   </div>
   <div class='ocr_carea' id='block_1_94' title="bbox 1932 3228 3513 3303">
    <p class='ocr_par' dir='ltr' id='par_1_94' title="bbox 1932 3228 3513 3303">
     <span class='ocr_line' id='line_1_94' title="bbox 1932 3228 3513 3303; baseline -0.012 -5"><span class='ocrx_word' id='word_1_615' title='bbox 1932 3246 2018 3299; x_wconf 92' lang='lat' dir='ltr'><strong>hic</strong></span> <span class='ocrx_word' id='word_1_616' title='bbox 2053 3251 2242 3296; x_wconf 85' lang='lat' dir='ltr'><strong>noster</strong></span> <span class='ocrx_word' id='word_1_617' title='bbox 2277 3240 2423 3293; x_wconf 86' lang='lat' dir='ltr'><strong>haud</strong></span> <span class='ocrx_word' id='word_1_618' title='bbox 2477 3239 2652 3291; x_wconf 87' lang='lat' dir='ltr'><strong>multo</strong></span> <span class='ocrx_word' id='word_1_619' title='bbox 2702 3244 2824 3303; x_wconf 90' lang='lat' dir='ltr'><strong>post</strong></span> <span class='ocrx_word' id='word_1_620' title='bbox 2870 3232 3117 3286; x_wconf 82' lang='lat' dir='ltr'><strong>declarat</strong></span> <span class='ocrx_word' id='word_1_621' title='bbox 3151 3230 3203 3282; x_wconf 91' lang='lat' dir='ltr'><strong>in</strong></span> <span class='ocrx_word' id='word_1_622' title='bbox 3258 3228 3513 3296; x_wconf 77' lang='lat' dir='ltr'><strong>descrip-</strong></span> 
     </span>
    </p>
   </div>
   <div class='ocr_carea' id='block_1_95' title="bbox 1931 3320 3508 3396">
    <p class='ocr_par' dir='ltr' id='par_1_95' title="bbox 1931 3320 3508 3396">
     <span class='ocr_line' id='line_1_95' title="bbox 1931 3320 3508 3396; baseline -0.011 -6"><span class='ocrx_word' id='word_1_623' title='bbox 1931 3338 2077 3391; x_wconf 85' lang='lat' dir='ltr'><strong>tione</strong></span> <span class='ocrx_word' id='word_1_624' title='bbox 2110 3336 2274 3389; x_wconf 83' lang='lat' dir='ltr'><strong>caedis</strong></span> <span class='ocrx_word' id='word_1_625' title='bbox 2309 3331 2595 3385; x_wconf 81' lang='lat' dir='ltr'><strong>Michaelis</strong></span> <span class='ocrx_word' id='word_1_626' title='bbox 2624 3326 2878 3396; x_wconf 67' lang='lat' dir='ltr'><strong>Augusti.</strong></span> <span class='ocrx_word' id='word_1_627' title='bbox 2909 3324 3041 3378; x_wconf 86' lang='lat' dir='ltr'><strong>Tale</strong></span> <span class='ocrx_word' id='word_1_628' title='bbox 3077 3336 3223 3376; x_wconf 89' lang='lat' dir='ltr'><strong>nunc</strong></span> <span class='ocrx_word' id='word_1_629' title='bbox 3270 3320 3508 3374; x_wconf 79' lang='lat' dir='ltr'><strong>oﬂicium</strong></span> 
     </span>
    </p>
   </div>
   <div class='ocr_carea' id='block_1_96' title="bbox 1929 3412 3510 3497">
    <p class='ocr_par' dir='ltr' id='par_1_96' title="bbox 1929 3412 3510 3497">
     <span class='ocr_line' id='line_1_96' title="bbox 1929 3412 3510 3497; baseline -0.013 -11"><span class='ocrx_word' id='word_1_630' title='bbox 1929 3444 2011 3487; x_wconf 89' lang='lat' dir='ltr'><strong>est</strong></span> <span class='ocrx_word' id='word_1_631' title='bbox 2041 3429 2178 3497; x_wconf 84' lang='lat' dir='ltr'><strong>apud</strong></span> <span class='ocrx_word' id='word_1_632' title='bbox 2213 3429 2517 3480; x_wconf 89' lang='lat' dir='ltr'><strong>&#39;l‘urcorum</strong></span> <span class='ocrx_word' id='word_1_633' title='bbox 2567 3422 2847 3474; x_wconf 89' lang='lat' dir='ltr'><strong>sultanmn</strong></span> <span class='ocrx_word' id='word_1_634' title='bbox 2870 3417 2990 3486; x_wconf 87' lang='lat' dir='ltr'><strong>ejus</strong></span> <span class='ocrx_word' id='word_1_635' title='bbox 3026 3412 3379 3476; x_wconf 88' lang='lat' dir='ltr'><strong>cubicularii,</strong></span> <span class='ocrx_word' id='word_1_636' title='bbox 3417 3412 3510 3478; x_wconf 89' lang='lat' dir='ltr'><strong>qui</strong></span> 
     </span>
    </p>
   </div>
   <div class='ocr_carea' id='block_1_97' title="bbox 1928 3505 3512 3580">
    <p class='ocr_par' dir='ltr' id='par_1_97' title="bbox 1928 3505 3512 3580">
     <span class='ocr_line' id='line_1_97' title="bbox 1928 3505 3512 3580; baseline -0.014 -1"><span class='ocrx_word' id='word_1_637' title='bbox 1928 3521 2239 3579; x_wconf 78' lang='lat' dir='ltr'><strong>Chioltadar</strong></span> <span class='ocrx_word' id='word_1_638' title='bbox 2272 3526 2365 3571; x_wconf 90' lang='lat' dir='ltr'><strong>aut</strong></span> <span class='ocrx_word' id='word_1_639' title='bbox 2401 3515 2688 3568; x_wconf 82' lang='lat' dir='ltr'><strong>Tzohadar</strong></span> <span class='ocrx_word' id='word_1_640' title='bbox 2756 3510 3082 3580; x_wconf 83' lang='lat' dir='ltr'><strong>appellatur.</strong></span> <span class='ocrx_word' id='word_1_641' title='bbox 3148 3506 3198 3560; x_wconf 86' lang='lat' dir='ltr'><strong>Is</strong></span> <span class='ocrx_word' id='word_1_642' title='bbox 3256 3505 3402 3560; x_wconf 89' lang='lat' dir='ltr'><strong>enim</strong></span> <span class='ocrx_word' id='word_1_643' title='bbox 3455 3514 3512 3559; x_wconf 89' lang='lat' dir='ltr'><strong>et</strong></span> 
     </span>
    </p>
   </div>
   <div class='ocr_carea' id='block_1_98' title="bbox 1929 3597 3511 3669">
    <p class='ocr_par' dir='ltr' id='par_1_98' title="bbox 1929 3597 3511 3669">
     <span class='ocr_line' id='line_1_98' title="bbox 1929 3597 3511 3669; baseline -0.011 0"><span class='ocrx_word' id='word_1_644' title='bbox 1929 3618 2070 3669; x_wconf 90' lang='lat' dir='ltr'><strong>intra</strong></span> <span class='ocrx_word' id='word_1_645' title='bbox 2117 3609 2322 3666; x_wconf 84' lang='lat' dir='ltr'><strong>snltani</strong></span> <span class='ocrx_word' id='word_1_646' title='bbox 2360 3607 2677 3662; x_wconf 86' lang='lat' dir='ltr'><strong>cubiculum</strong></span> <span class='ocrx_word' id='word_1_647' title='bbox 2732 3611 2893 3656; x_wconf 89' lang='lat' dir='ltr'><strong>noctu</strong></span> <span class='ocrx_word' id='word_1_648' title='bbox 2949 3600 3213 3655; x_wconf 79' lang='lat' dir='ltr'><strong>excubias</strong></span> <span class='ocrx_word' id='word_1_649' title='bbox 3271 3597 3401 3667; x_wconf 79' lang='lat' dir='ltr'><strong>agit,</strong></span> <span class='ocrx_word' id='word_1_650' title='bbox 3456 3605 3511 3652; x_wconf 87' lang='lat' dir='ltr'><strong>et</strong></span> 
     </span>
    </p>
   </div>
   <div class='ocr_carea' id='block_1_99' title="bbox 1929 3691 3506 3777">
    <p class='ocr_par' dir='ltr' id='par_1_99' title="bbox 1929 3691 3506 3777">
     <span class='ocr_line' id='line_1_99' title="bbox 1929 3691 3506 3777; baseline -0.011 -16"><span class='ocrx_word' id='word_1_651' title='bbox 1929 3705 2167 3777; x_wconf 83' lang='lat' dir='ltr'><strong>pluviam</strong></span> <span class='ocrx_word' id='word_1_652' title='bbox 2196 3701 2397 3759; x_wconf 90' lang='lat' dir='ltr'><strong>snltani</strong></span> <span class='ocrx_word' id='word_1_653' title='bbox 2428 3706 2637 3753; x_wconf 80' lang='lat' dir='ltr'><strong>vestem</strong></span> <span class='ocrx_word' id='word_1_654' title='bbox 2674 3703 2875 3765; x_wconf 77' lang='lat' dir='ltr'><strong>gestat,</strong></span> <span class='ocrx_word' id='word_1_655' title='bbox 2906 3702 2964 3747; x_wconf 83' lang='lat' dir='ltr'><strong>ut</strong></span> <span class='ocrx_word' id='word_1_656' title='bbox 2999 3691 3506 3755; x_wconf 81' lang='lat' dir='ltr'><strong>Parakimomenos,</strong></span> 
     </span>
    </p>
   </div>
   <div class='ocr_carea' id='block_1_100' title="bbox 1929 3789 3504 3872">
    <p class='ocr_par' dir='ltr' id='par_1_100' title="bbox 1929 3789 3504 3872">
     <span class='ocr_line' id='line_1_100' title="bbox 1929 3789 3504 3872; baseline -0.011 -16"><span class='ocrx_word' id='word_1_657' title='bbox 1929 3817 2049 3872; x_wconf 74' lang='lat' dir='ltr'><strong>qua:</strong></span> <span class='ocrx_word' id='word_1_658' title='bbox 2078 3796 2521 3865; x_wconf 75' lang='lat' dir='ltr'><strong>scaramangium</strong></span> <span class='ocrx_word' id='word_1_659' title='bbox 2560 3794 2649 3846; x_wconf 84' lang='lat' dir='ltr'><strong>hic</strong></span> <span class='ocrx_word' id='word_1_660' title='bbox 2678 3798 2927 3845; x_wconf 69' lang='lat' dir='ltr'><strong>vocatur.</strong></span> <span class='ocrx_word' id='word_1_661' title='bbox 2968 3789 3046 3842; x_wconf 82' lang='lat' dir='ltr'><strong>Ac</strong></span> <span class='ocrx_word' id='word_1_662' title='bbox 3072 3793 3504 3850; x_wconf 88' lang='lat' dir='ltr'><strong>noruntomnes,</strong></span> 
     </span>
    </p>
   </div>
   <div class='ocr_carea' id='block_1_101' title="bbox 1929 3875 3504 3966">
    <p class='ocr_par' dir='ltr' id='par_1_101' title="bbox 1929 3875 3504 3966">
     <span class='ocr_line' id='line_1_101' title="bbox 1929 3875 3504 3966; baseline -0.015 -17"><span class='ocrx_word' id='word_1_663' title='bbox 1929 3896 2021 3966; x_wconf 91' lang='lat' dir='ltr'><strong>qui</strong></span> <span class='ocrx_word' id='word_1_664' title='bbox 2058 3895 2277 3947; x_wconf 77' lang='lat' dir='ltr'><strong>Portam</strong></span> <span class='ocrx_word' id='word_1_665' title='bbox 2315 3888 2574 3943; x_wconf 84' lang='lat' dir='ltr'><strong>viderunt</strong></span> <span class='ocrx_word' id='word_1_666' title='bbox 2625 3884 2999 3943; x_wconf 85' lang='lat' dir='ltr'><strong>Osmauicam,</strong></span> <span class='ocrx_word' id='word_1_667' title='bbox 3070 3893 3173 3932; x_wconf 87' lang='lat' dir='ltr'><strong>nou</strong></span> <span class='ocrx_word' id='word_1_668' title='bbox 3230 3875 3504 3929; x_wconf 84' lang='lat' dir='ltr'><strong>sultauum</strong></span> 
     </span>
    </p>
   </div>
   <div class='ocr_carea' id='block_1_102' title="bbox 1928 3973 3507 4040">
    <p class='ocr_par' dir='ltr' id='par_1_102' title="bbox 1928 3973 3507 4040">
     <span class='ocr_line' id='line_1_102' title="bbox 1928 3973 3507 4040; baseline -0.016 0"><span class='ocrx_word' id='word_1_669' title='bbox 1928 3984 2089 4040; x_wconf 90' lang='lat' dir='ltr'><strong>modo</strong></span> <span class='ocrx_word' id='word_1_670' title='bbox 2132 3979 2383 4036; x_wconf 88' lang='lat' dir='ltr'><strong>comitari</strong></span> <span class='ocrx_word' id='word_1_671' title='bbox 2442 3975 2871 4035; x_wconf 88' lang='lat' dir='ltr'><strong>cubicularium,</strong></span> <span class='ocrx_word' id='word_1_672' title='bbox 2921 3973 3012 4037; x_wconf 92' lang='lat' dir='ltr'><strong>qui</strong></span> <span class='ocrx_word' id='word_1_673' title='bbox 3058 3982 3257 4022; x_wconf 85' lang='lat' dir='ltr'><strong>sereno</strong></span> <span class='ocrx_word' id='word_1_674' title='bbox 3285 3979 3507 4035; x_wconf 91' lang='lat' dir='ltr'><strong>quoque</strong></span> 
     </span>
    </p>
   </div>
   <div class='ocr_carea' id='block_1_103' title="bbox 1929 4060 3511 4137">
    <p class='ocr_par' dir='ltr' id='par_1_103' title="bbox 1929 4060 3511 4137">
     <span class='ocr_line' id='line_1_103' title="bbox 1929 4060 3511 4137; baseline -0.015 -6"><span class='ocrx_word' id='word_1_675' title='bbox 1929 4076 2070 4131; x_wconf 85' lang='lat' dir='ltr'><strong>coelo</strong></span> <span class='ocrx_word' id='word_1_676' title='bbox 2096 4072 2536 4135; x_wconf 70' lang='lat' dir='ltr'><strong>scaramaugium</strong></span> <span class='ocrx_word' id='word_1_677' title='bbox 2574 4068 2696 4137; x_wconf 89' lang='lat' dir='ltr'><strong>ejus</strong></span> <span class='ocrx_word' id='word_1_678' title='bbox 2731 4072 2909 4135; x_wconf 81' lang='lat' dir='ltr'><strong>gestat</strong></span> <span class='ocrx_word' id='word_1_679' title='bbox 2939 4080 2952 4115; x_wconf 89' lang='lat'><strong>:</strong></span> <span class='ocrx_word' id='word_1_680' title='bbox 2984 4062 3079 4116; x_wconf 87' lang='lat' dir='ltr'><strong>sed</strong></span> <span class='ocrx_word' id='word_1_681' title='bbox 3106 4075 3299 4115; x_wconf 85' lang='lat' dir='ltr'><strong>omnes</strong></span> <span class='ocrx_word' id='word_1_682' title='bbox 3341 4060 3511 4112; x_wconf 83' lang='lat' dir='ltr'><strong>etiam</strong></span> 
     </span>
    </p>
   </div>
   <div class='ocr_carea' id='block_1_104' title="bbox 1929 4154 3517 4235">
    <p class='ocr_par' dir='ltr' id='par_1_104' title="bbox 1929 4154 3517 4235">
     <span class='ocr_line' id='line_1_104' title="bbox 1929 4154 3517 4235; baseline -0.011 -14"><span class='ocrx_word' id='word_1_683' title='bbox 1929 4165 2174 4235; x_wconf 90' lang='lat' dir='ltr'><strong>quotidie</strong></span> <span class='ocrx_word' id='word_1_684' title='bbox 2242 4164 2434 4217; x_wconf 87' lang='lat' dir='ltr'><strong>bassas</strong></span> <span class='ocrx_word' id='word_1_685' title='bbox 2498 4175 2561 4215; x_wconf 86' lang='lat' dir='ltr'><strong>ac</strong></span> <span class='ocrx_word' id='word_1_686' title='bbox 2624 4159 2825 4227; x_wconf 74' lang='lat' dir='ltr'><strong>hegos,</strong></span> <span class='ocrx_word' id='word_1_687' title='bbox 2909 4154 3351 4223; x_wconf 88' lang='lat' dir='ltr'><strong>quotiescunque</strong></span> <span class='ocrx_word' id='word_1_688' title='bbox 3413 4164 3517 4220; x_wconf 88' lang='lat' dir='ltr'><strong>per</strong></span> 
     </span>
    </p>
   </div>
   <div class='ocr_carea' id='block_1_105' title="bbox 1932 4242 3512 4316">
    <p class='ocr_par' dir='ltr' id='par_1_105' title="bbox 1932 4242 3512 4316">
     <span class='ocr_line' id='line_1_105' title="bbox 1932 4242 3512 4316; baseline -0.011 -6"><span class='ocrx_word' id='word_1_689' title='bbox 1932 4257 2123 4310; x_wconf 88' lang='lat' dir='ltr'><strong>urbem</strong></span> <span class='ocrx_word' id='word_1_690' title='bbox 2161 4253 2226 4307; x_wconf 85' lang='lat' dir='ltr'><strong>ad</strong></span> <span class='ocrx_word' id='word_1_691' title='bbox 2286 4250 2505 4304; x_wconf 87' lang='lat' dir='ltr'><strong>Portam</strong></span> <span class='ocrx_word' id='word_1_692' title='bbox 2566 4248 2838 4316; x_wconf 87' lang='lat' dir='ltr'><strong>equitant,</strong></span> <span class='ocrx_word' id='word_1_693' title='bbox 2892 4245 3095 4299; x_wconf 84' lang='lat' dir='ltr'><strong>habere</strong></span> <span class='ocrx_word' id='word_1_694' title='bbox 3147 4242 3512 4312; x_wconf 88' lang='lat' dir='ltr'><strong>pedisequum</strong></span> 
     </span>
    </p>
   </div>
   <div class='ocr_carea' id='block_1_106' title="bbox 1932 4333 3529 4415">
    <p class='ocr_par' dir='ltr' id='par_1_106' title="bbox 1932 4333 3529 4415">
     <span class='ocr_line' id='line_1_106' title="bbox 1932 4333 3529 4415; baseline -0.013 -11"><span class='ocrx_word' id='word_1_695' title='bbox 1932 4364 2127 4412; x_wconf 88' lang='lat' dir='ltr'><strong>unum,</strong></span> <span class='ocrx_word' id='word_1_696' title='bbox 2154 4349 2244 4415; x_wconf 91' lang='lat' dir='ltr'><strong>qui</strong></span> <span class='ocrx_word' id='word_1_697' title='bbox 2289 4353 2492 4401; x_wconf 83' lang='lat' dir='ltr'><strong>vestem</strong></span> <span class='ocrx_word' id='word_1_698' title='bbox 2525 4342 2686 4411; x_wconf 66' lang='grc'><strong>477</strong></span> <span class='ocrx_word' id='word_1_699' title='bbox 2720 4336 3035 4408; x_wconf 85' lang='lat' dir='ltr'><strong>hujusmodi</strong></span> <span class='ocrx_word' id='word_1_700' title='bbox 3067 4342 3263 4406; x_wconf 87' lang='lat' dir='ltr'><strong>portat,</strong></span> <span class='ocrx_word' id='word_1_701' title='bbox 3293 4333 3529 4388; x_wconf 57' lang='lat' dir='ltr'><strong>caneris</strong></span> 
     </span>
    </p>
   </div>
   <div class='ocr_carea' id='block_1_107' title="bbox 1933 4430 3515 4512">
    <p class='ocr_par' dir='ltr' id='par_1_107' title="bbox 1933 4430 3515 4512">
     <span class='ocr_line' id='line_1_107' title="bbox 1933 4430 3515 4512; baseline -0.014 -13"><span class='ocrx_word' id='word_1_702' title='bbox 1933 4439 2454 4512; x_wconf 78' lang='lat' dir='ltr'><strong>superinjiciendam</strong></span> <span class='ocrx_word' id='word_1_703' title='bbox 2525 4432 2910 4495; x_wconf 83' lang='lat' dir='ltr'><strong>vestimentis,</strong></span> <span class='ocrx_word' id='word_1_704' title='bbox 2979 4430 3023 4483; x_wconf 93' lang='lat' dir='ltr'><strong>si</strong></span> <span class='ocrx_word' id='word_1_705' title='bbox 3105 4443 3229 4482; x_wconf 87' lang='lat' dir='ltr'><strong>aere</strong></span> <span class='ocrx_word' id='word_1_706' title='bbox 3300 4435 3515 4479; x_wconf 82' lang='lat' dir='ltr'><strong>mutato</strong></span> 
     </span>
    </p>
   </div>
   <div class='ocr_carea' id='block_1_108' title="bbox 1933 4519 3511 4601">
    <p class='ocr_par' dir='ltr' id='par_1_108' title="bbox 1933 4519 3511 4601">
     <span class='ocr_line' id='line_1_108' title="bbox 1933 4519 3511 4601; baseline -0.012 -14"><span class='ocrx_word' id='word_1_707' title='bbox 1933 4534 2072 4587; x_wconf 88' lang='lat' dir='ltr'><strong>forte</strong></span> <span class='ocrx_word' id='word_1_708' title='bbox 2110 4533 2280 4601; x_wconf 89' lang='lat' dir='ltr'><strong>pluat.</strong></span> <span class='ocrx_word' id='word_1_709' title='bbox 2326 4528 2589 4582; x_wconf 79' lang='lat' dir='ltr'><strong>Ambonis</strong></span> <span class='ocrx_word' id='word_1_710' title='bbox 2652 4540 2850 4578; x_wconf 91' lang='lat' dir='ltr'><strong>nomen</strong></span> <span class='ocrx_word' id='word_1_711' title='bbox 2913 4524 2965 4576; x_wconf 90' lang='lat' dir='ltr'><strong>in</strong></span> <span class='ocrx_word' id='word_1_712' title='bbox 3012 4520 3232 4590; x_wconf 83' lang='lat' dir='ltr'><strong>templis</strong></span> <span class='ocrx_word' id='word_1_713' title='bbox 3287 4519 3511 4573; x_wconf 69' lang='lat' dir='ltr'><strong>Gnaeo-</strong></span> 
     </span>
    </p>
   </div>
   <div class='ocr_carea' id='block_1_109' title="bbox 1934 4613 3514 4685">
    <p class='ocr_par' dir='ltr' id='par_1_109' title="bbox 1934 4613 3514 4685">
     <span class='ocr_line' id='line_1_109' title="bbox 1934 4613 3514 4685; baseline -0.011 -6"><span class='ocrx_word' id='word_1_714' title='bbox 1934 4642 2051 4679; x_wconf 89' lang='lat' dir='ltr'><strong>rum</strong></span> <span class='ocrx_word' id='word_1_715' title='bbox 2090 4625 2157 4677; x_wconf 89' lang='lat' dir='ltr'><strong>ab</strong></span> <span class='ocrx_word' id='word_1_716' title='bbox 2190 4620 2537 4679; x_wconf 87' lang='lat' dir='ltr'><strong>ascendendo</strong></span> <span class='ocrx_word' id='word_1_717' title='bbox 2566 4618 2769 4672; x_wconf 88' lang='lat' dir='ltr'><strong>factum</strong></span> <span class='ocrx_word' id='word_1_718' title='bbox 2801 4623 2904 4680; x_wconf 84' lang='lat' dir='ltr'><strong>est,</strong></span> <span class='ocrx_word' id='word_1_719' title='bbox 2939 4614 3084 4685; x_wconf 86' lang='lat' dir='ltr'><strong>quod</strong></span> <span class='ocrx_word' id='word_1_720' title='bbox 3121 4613 3324 4682; x_wconf 74' lang='lat' dir='ltr'><strong>gradus</strong></span> <span class='ocrx_word' id='word_1_721' title='bbox 3357 4626 3514 4665; x_wconf 80' lang='lat' dir='ltr'><strong>cont-</strong></span> 
     </span>
    </p>
   </div>
   <div class='ocr_carea' id='block_1_110' title="bbox 1934 4702 3523 4784">
    <p class='ocr_par' dir='ltr' id='par_1_110' title="bbox 1934 4702 3523 4784">
     <span class='ocr_line' id='line_1_110' title="bbox 1934 4702 3523 4784; baseline -0.007 -18"><span class='ocrx_word' id='word_1_722' title='bbox 1934 4716 2120 4784; x_wconf 76' lang='lat' dir='ltr'><strong>plures</strong></span> <span class='ocrx_word' id='word_1_723' title='bbox 2152 4713 2369 4767; x_wconf 83' lang='lat' dir='ltr'><strong>haheat.</strong></span> <span class='ocrx_word' id='word_1_724' title='bbox 2408 4709 2474 4763; x_wconf 89' lang='lat' dir='ltr'><strong>Et</strong></span> <span class='ocrx_word' id='word_1_725' title='bbox 2503 4719 2655 4764; x_wconf 73' lang='lat' dir='ltr'><strong>extra</strong></span> <span class='ocrx_word' id='word_1_726' title='bbox 2688 4716 2958 4763; x_wconf 84' lang='lat' dir='ltr'><strong>secretum</strong></span> <span class='ocrx_word' id='word_1_727' title='bbox 2986 4720 3016 4759; x_wconf 91' lang='lat' dir='ltr'><strong>a</strong></span> <span class='ocrx_word' id='word_1_728' title='bbox 3054 4706 3266 4774; x_wconf 84' lang='lat' dir='ltr'><strong>reliquo</strong></span> <span class='ocrx_word' id='word_1_729' title='bbox 3311 4702 3523 4772; x_wconf 81' lang='lat' dir='ltr'><strong>templo</strong></span> 
     </span>
    </p>
   </div>
   <div class='ocr_carea' id='block_1_111' title="bbox 1933 4787 3529 4868">
    <p class='ocr_par' dir='ltr' id='par_1_111' title="bbox 1933 4787 3529 4868">
     <span class='ocr_line' id='line_1_111' title="bbox 1933 4787 3529 4868; baseline -0.008 -11"><span class='ocrx_word' id='word_1_730' title='bbox 1933 4805 2240 4858; x_wconf 77' lang='lat' dir='ltr'><strong>sacrarium</strong></span> <span class='ocrx_word' id='word_1_731' title='bbox 2268 4803 2351 4855; x_wconf 87' lang='lat' dir='ltr'><strong>vel</strong></span> <span class='ocrx_word' id='word_1_732' title='bbox 2400 4787 2790 4868; x_wconf 73' lang='grc' dir='ltr'><strong>ὒυσιαστήριον</strong></span> <span class='ocrx_word' id='word_1_733' title='bbox 2827 4808 2933 4861; x_wconf 90' lang='lat' dir='ltr'><strong>est,</strong></span> <span class='ocrx_word' id='word_1_734' title='bbox 2985 4811 3097 4866; x_wconf 86' lang='lat' dir='ltr'><strong>quo</strong></span> <span class='ocrx_word' id='word_1_735' title='bbox 3128 4811 3314 4849; x_wconf 82' lang='lat' dir='ltr'><strong>mensa</strong></span> <span class='ocrx_word' id='word_1_736' title='bbox 3357 4808 3529 4847; x_wconf 66' lang='lat' dir='ltr'><strong>sacra</strong></span> 
     </span>
    </p>
   </div>
   <div class='ocr_carea' id='block_1_112' title="bbox 1933 4884 3509 4957">
    <p class='ocr_par' dir='ltr' id='par_1_112' title="bbox 1933 4884 3509 4957">
     <span class='ocr_line' id='line_1_112' title="bbox 1933 4884 3509 4957; baseline -0.008 -9"><span class='ocrx_word' id='word_1_737' title='bbox 1933 4895 2270 4957; x_wconf 87' lang='lat' dir='ltr'><strong>continetur,</strong></span> <span class='ocrx_word' id='word_1_738' title='bbox 2335 4891 2610 4945; x_wconf 87' lang='lat' dir='ltr'><strong>sacerdoti</strong></span> <span class='ocrx_word' id='word_1_739' title='bbox 2684 4892 2956 4942; x_wconf 78' lang='lat' dir='ltr'><strong>duntaxat</strong></span> <span class='ocrx_word' id='word_1_740' title='bbox 3017 4886 3287 4940; x_wconf 85' lang='lat' dir='ltr'><strong>adeunda.</strong></span> <span class='ocrx_word' id='word_1_741' title='bbox 3352 4884 3509 4949; x_wconf 86' lang='lat' dir='ltr'><strong>Quod</strong></span> 
     </span>
    </p>
   </div>
   <div class='ocr_carea' id='block_1_113' title="bbox 1934 4978 3508 5059">
    <p class='ocr_par' dir='ltr' id='par_1_113' title="bbox 1934 4978 3508 5059">
     <span class='ocr_line' id='line_1_113' title="bbox 1934 4978 3508 5059; baseline -0.008 -20"><span class='ocrx_word' id='word_1_742' title='bbox 1934 4988 2379 5059; x_wconf 86' lang='lat' dir='ltr'><strong>paludamentum</strong></span> <span class='ocrx_word' id='word_1_743' title='bbox 2416 4983 2550 5046; x_wconf 70' lang='lat' dir='ltr'><strong>dixi,</strong></span> <span class='ocrx_word' id='word_1_744' title='bbox 2592 4982 2847 5052; x_wconf 81' lang='lat' dir='ltr'><strong>Synteoui</strong></span> <span class='ocrx_word' id='word_1_745' title='bbox 2902 4980 3224 5050; x_wconf 81' lang='grc' dir='ltr'><strong>δικητήσιον</strong></span> <span class='ocrx_word' id='word_1_746' title='bbox 3267 4978 3508 5045; x_wconf 86' lang='lat' dir='ltr'><strong>appella-</strong></span> 
     </span>
    </p>
   </div>
   <div class='ocr_carea' id='block_1_114' title="bbox 1937 5073 3507 5145">
    <p class='ocr_par' dir='ltr' id='par_1_114' title="bbox 1937 5073 3507 5145">
     <span class='ocr_line' id='line_1_114' title="bbox 1937 5073 3507 5145; baseline -0.009 -12"><span class='ocrx_word' id='word_1_747' title='bbox 1937 5093 2043 5133; x_wconf 86' lang='lat' dir='ltr'><strong>tur.</strong></span> <span class='ocrx_word' id='word_1_748' title='bbox 2070 5079 2199 5132; x_wconf 87' lang='lat' dir='ltr'><strong>Scio</strong></span> <span class='ocrx_word' id='word_1_749' title='bbox 2225 5078 2676 5145; x_wconf 67' lang='lat' dir='ltr'><strong>paludamentum</strong></span> <span class='ocrx_word' id='word_1_750' title='bbox 2709 5090 2832 5128; x_wconf 80' lang='lat' dir='ltr'><strong>esse</strong></span> <span class='ocrx_word' id='word_1_751' title='bbox 2862 5086 3067 5127; x_wconf 85' lang='lat' dir='ltr'><strong>vestem</strong></span> <span class='ocrx_word' id='word_1_752' title='bbox 3114 5073 3507 5139; x_wconf 87' lang='lat' dir='ltr'><strong>imperatorum</strong></span> 
     </span>
    </p>
   </div>
   <div class='ocr_carea' id='block_1_115' title="bbox 1933 5162 3512 5238">
    <p class='ocr_par' dir='ltr' id='par_1_115' title="bbox 1933 5162 3512 5238">
     <span class='ocr_line' id='line_1_115' title="bbox 1933 5162 3512 5238; baseline -0.007 -12"><span class='ocrx_word' id='word_1_753' title='bbox 1933 5182 2293 5236; x_wconf 88' lang='lat' dir='ltr'><strong>castrensem,</strong></span> <span class='ocrx_word' id='word_1_754' title='bbox 2336 5187 2457 5238; x_wconf 65' lang='lat' dir='ltr'><strong>qua:</strong></span> <span class='ocrx_word' id='word_1_755' title='bbox 2488 5170 2842 5238; x_wconf 80' lang='lat' dir='ltr'><strong>exprimendo</strong></span> <span class='ocrx_word' id='word_1_756' title='bbox 2884 5166 3136 5221; x_wconf 64' lang='lat' dir='ltr'><strong>DikiliSiO</strong></span> <span class='ocrx_word' id='word_1_757' title='bbox 3193 5179 3298 5217; x_wconf 90' lang='lat' dir='ltr'><strong>non</strong></span> <span class='ocrx_word' id='word_1_758' title='bbox 3348 5162 3512 5216; x_wconf 88' lang='lat' dir='ltr'><strong>satis-</strong></span> 
     </span>
    </p>
   </div>
   <div class='ocr_carea' id='block_1_116' title="bbox 1934 5260 3507 5321">
    <p class='ocr_par' dir='ltr' id='par_1_116' title="bbox 1934 5260 3507 5321">
     <span class='ocr_line' id='line_1_116' title="bbox 1934 5260 3507 5321; baseline -0.01 -3"><span class='ocrx_word' id='word_1_759' title='bbox 1934 5265 2100 5320; x_wconf 73' lang='lat' dir='ltr'><strong>faciat</strong></span> <span class='ocrx_word' id='word_1_760' title='bbox 2134 5282 2147 5317; x_wconf 88' lang='lat'>:</span> <span class='ocrx_word' id='word_1_761' title='bbox 2185 5264 2279 5318; x_wconf 89' lang='lat' dir='ltr'><strong>sed</strong></span> <span class='ocrx_word' id='word_1_762' title='bbox 2300 5279 2422 5316; x_wconf 88' lang='lat' dir='ltr'><strong>cum</strong></span> <span class='ocrx_word' id='word_1_763' title='bbox 2450 5263 2595 5314; x_wconf 87' lang='lat' dir='ltr'><strong>aliud</strong></span> <span class='ocrx_word' id='word_1_764' title='bbox 2632 5262 2680 5313; x_wconf 92' lang='lat' dir='ltr'><strong>in</strong></span> <span class='ocrx_word' id='word_1_765' title='bbox 2694 5260 2876 5314; x_wconf 84' lang='lat' dir='ltr'><strong>venire</strong></span> <span class='ocrx_word' id='word_1_766' title='bbox 2907 5272 3104 5312; x_wconf 88' lang='lat' dir='ltr'><strong>nomen</strong></span> <span class='ocrx_word' id='word_1_767' title='bbox 3129 5271 3233 5308; x_wconf 87' lang='lat' dir='ltr'><strong>non</strong></span> <span class='ocrx_word' id='word_1_768' title='bbox 3262 5267 3507 5321; x_wconf 82' lang='lat' dir='ltr'><strong>possem,</strong></span> 
     </span>
    </p>
   </div>
   <div class='ocr_carea' id='block_1_117' title="bbox 1937 5349 3509 5424">
    <p class='ocr_par' dir='ltr' id='par_1_117' title="bbox 1937 5349 3509 5424">
     <span class='ocr_line' id='line_1_117' title="bbox 1937 5349 3509 5424; baseline -0.01 -11"><span class='ocrx_word' id='word_1_769' title='bbox 1937 5362 2038 5413; x_wconf 85' lang='lat' dir='ltr'><strong>hoc</strong></span> <span class='ocrx_word' id='word_1_770' title='bbox 2065 5359 2138 5409; x_wconf 87' lang='lat' dir='ltr'><strong>uti</strong></span> <span class='ocrx_word' id='word_1_771' title='bbox 2168 5358 2345 5410; x_wconf 86' lang='lat' dir='ltr'><strong>libuit.</strong></span> <span class='ocrx_word' id='word_1_772' title='bbox 2376 5356 2702 5424; x_wconf 73' lang='grc' dir='ltr'><strong>Δικητήςιον</strong></span> <span class='ocrx_word' id='word_1_773' title='bbox 2735 5368 2863 5407; x_wconf 84' lang='lat' dir='ltr'><strong>vero</strong></span> <span class='ocrx_word' id='word_1_774' title='bbox 2884 5352 2961 5405; x_wconf 81' lang='lat' dir='ltr'><strong>sic</strong></span> <span class='ocrx_word' id='word_1_775' title='bbox 3012 5349 3142 5402; x_wconf 85' lang='lat' dir='ltr'><strong>mihi</strong></span> <span class='ocrx_word' id='word_1_776' title='bbox 3174 5357 3300 5401; x_wconf 88' lang='lat' dir='ltr'><strong>sunt</strong></span> <span class='ocrx_word' id='word_1_777' title='bbox 3332 5349 3509 5399; x_wconf 86' lang='lat' dir='ltr'><strong>inter-</strong></span> 
     </span>
    </p>
   </div>
   <div class='ocr_carea' id='block_1_118' title="bbox 1935 5441 3509 5520">
    <p class='ocr_par' dir='ltr' id='par_1_118' title="bbox 1935 5441 3509 5520">
     <span class='ocr_line' id='line_1_118' title="bbox 1935 5441 3509 5520; baseline -0.009 -15"><span class='ocrx_word' id='word_1_778' title='bbox 1935 5451 2131 5520; x_wconf 86' lang='lat' dir='ltr'><strong>pretati</strong></span> <span class='ocrx_word' id='word_1_779' title='bbox 2158 5449 2353 5509; x_wconf 70' lang='lat' dir='ltr'><strong>Graeci,</strong></span> <span class='ocrx_word' id='word_1_780' title='bbox 2384 5458 2441 5501; x_wconf 88' lang='lat' dir='ltr'><strong>nt</strong></span> <span class='ocrx_word' id='word_1_781' title='bbox 2465 5459 2529 5503; x_wconf 85' lang='lat' dir='ltr'><strong>eo</strong></span> <span class='ocrx_word' id='word_1_782' title='bbox 2556 5446 2852 5517; x_wconf 81' lang='lat' dir='ltr'><strong>significari</strong></span> <span class='ocrx_word' id='word_1_783' title='bbox 2886 5444 3134 5497; x_wconf 87' lang='lat' dir='ltr'><strong>dicerent</strong></span> <span class='ocrx_word' id='word_1_784' title='bbox 3154 5441 3509 5510; x_wconf 80' lang='grc' dir='ltr'><strong>ἐπιμάνδυον,</strong></span> 
     </span>
    </p>
   </div>
   <div class='ocr_carea' id='block_1_119' title="bbox 1935 5535 3510 5611">
    <p class='ocr_par' dir='ltr' id='par_1_119' title="bbox 1935 5535 3510 5611">
     <span class='ocr_line' id='line_1_119' title="bbox 1935 5535 3510 5611; baseline -0.01 -11"><span class='ocrx_word' id='word_1_785' title='bbox 1935 5548 2047 5600; x_wconf 83' lang='lat' dir='ltr'><strong>sive</strong></span> <span class='ocrx_word' id='word_1_786' title='bbox 2080 5543 2569 5611; x_wconf 87' lang='lat' dir='ltr'><strong>supramantellum</strong></span> <span class='ocrx_word' id='word_1_787' title='bbox 2606 5540 2985 5611; x_wconf 84' lang='lat' dir='ltr'><strong>(adhibeamus</strong></span> <span class='ocrx_word' id='word_1_788' title='bbox 3013 5539 3156 5591; x_wconf 87' lang='lat' dir='ltr'><strong>enim</strong></span> <span class='ocrx_word' id='word_1_789' title='bbox 3192 5552 3349 5589; x_wconf 82' lang='lat' dir='ltr'><strong>voces</strong></span> <span class='ocrx_word' id='word_1_790' title='bbox 3381 5535 3510 5587; x_wconf 81' lang='lat' dir='ltr'><strong>har-</strong></span> 
     </span>
    </p>
   </div>
   <div class='ocr_carea' id='block_1_120' title="bbox 1938 5628 3512 5703">
    <p class='ocr_par' dir='ltr' id='par_1_120' title="bbox 1938 5628 3512 5703">
     <span class='ocr_line' id='line_1_120' title="bbox 1938 5628 3512 5703; baseline -0.008 -12"><span class='ocrx_word' id='word_1_791' title='bbox 1938 5638 2118 5701; x_wconf 86' lang='lat' dir='ltr'><strong>haras,</strong></span> <span class='ocrx_word' id='word_1_792' title='bbox 2154 5647 2211 5689; x_wconf 90' lang='lat' dir='ltr'><strong>ut</strong></span> <span class='ocrx_word' id='word_1_793' title='bbox 2261 5634 2673 5703; x_wconf 72' lang='lat' dir='ltr'><strong>intelligantur),</strong></span> <span class='ocrx_word' id='word_1_794' title='bbox 2714 5633 2873 5701; x_wconf 86' lang='lat' dir='ltr'><strong>quale</strong></span> <span class='ocrx_word' id='word_1_795' title='bbox 2907 5630 3230 5700; x_wconf 86' lang='lat' dir='ltr'><strong>superinijei</strong></span> <span class='ocrx_word' id='word_1_796' title='bbox 3276 5628 3512 5698; x_wconf 85' lang='lat' dir='ltr'><strong>patriar-</strong></span> 
     </span>
    </p>
   </div>
   <div class='ocr_carea' id='block_1_121' title="bbox 1935 5721 3512 5795">
    <p class='ocr_par' dir='ltr' id='par_1_121' title="bbox 1935 5721 3512 5795">
     <span class='ocr_line' id='line_1_121' title="bbox 1935 5721 3512 5795; baseline -0.008 -10"><span class='ocrx_word' id='word_1_797' title='bbox 1935 5730 2054 5793; x_wconf 83' lang='lat' dir='ltr'><strong>chis</strong></span> <span class='ocrx_word' id='word_1_798' title='bbox 2105 5731 2158 5782; x_wconf 93' lang='lat' dir='ltr'><strong>in</strong></span> <span class='ocrx_word' id='word_1_799' title='bbox 2216 5728 2412 5783; x_wconf 86' lang='lat' dir='ltr'><strong>soliqu</strong></span> <span class='ocrx_word' id='word_1_800' title='bbox 2477 5725 2788 5795; x_wconf 88' lang='lat' dir='ltr'><strong>pontificale</strong></span> <span class='ocrx_word' id='word_1_801' title='bbox 2843 5723 3185 5780; x_wconf 86' lang='lat' dir='ltr'><strong>collocandis</strong></span> <span class='ocrx_word' id='word_1_802' title='bbox 3242 5721 3401 5789; x_wconf 84' lang='lat' dir='ltr'><strong>solet,</strong></span> <span class='ocrx_word' id='word_1_803' title='bbox 3449 5725 3512 5774; x_wconf 87' lang='lat' dir='ltr'><strong>ut</strong></span> 
     </span>
    </p>
   </div>
  </div>
