  <div class='ocr_page' id='page_1' title='image "/cluster/home/n/w/nwhite01/storage/ocr_20150623/159/hvd.32044073502684/483.png"; bbox 0 0 4048 6208; ppageno 0'>
   <div class='ocr_carea' id='block_1_1' title="bbox 609 252 715 317">
    <p class='ocr_par' dir='ltr' id='par_1_1' title="bbox 609 252 715 317">
     <span class='ocr_line' id='line_1_1' title="bbox 609 252 715 317; baseline 0.028 -3"><span class='ocrx_word' id='word_1_1' title='bbox 609 252 715 317; x_wconf 69' lang='grc'><strong>871</strong></span> 
     </span>
    </p>
   </div>
   <div class='ocr_carea' id='block_1_2' title="bbox 612 448 2191 521">
    <p class='ocr_par' dir='ltr' id='par_1_2' title="bbox 612 448 2191 521">
     <span class='ocr_line' id='line_1_2' title="bbox 612 448 2191 521; baseline -0.008 -5"><span class='ocrx_word' id='word_1_2' title='bbox 612 462 763 516; x_wconf 76' lang='lat' dir='ltr'><strong>lices.</strong></span> <span class='ocrx_word' id='word_1_3' title='bbox 798 458 1068 515; x_wconf 81' lang='lat' dir='ltr'><strong>Casiolam</strong></span> <span class='ocrx_word' id='word_1_4' title='bbox 1122 452 1403 510; x_wconf 68' lang='lat' dir='ltr'><strong>memoriae</strong></span> <span class='ocrx_word' id='word_1_5' title='bbox 1456 449 1696 521; x_wconf 73' lang='lat' dir='ltr'><strong>prodidit</strong></span> <span class='ocrx_word' id='word_1_6' title='bbox 1758 448 2025 515; x_wconf 87' lang='lat' dir='ltr'><strong>lsidorus,</strong></span> <span class='ocrx_word' id='word_1_7' title='bbox 2068 464 2191 519; x_wconf 64' lang='lat' dir='ltr'><strong>quae</strong></span> 
     </span>
    </p>
   </div>
   <div class='ocr_carea' id='block_1_3' title="bbox 615 544 2193 624">
    <p class='ocr_par' dir='ltr' id='par_1_3' title="bbox 615 544 2193 624">
     <span class='ocr_line' id='line_1_3' title="bbox 615 544 2193 624; baseline -0.007 -16"><span class='ocrx_word' id='word_1_8' title='bbox 615 556 724 608; x_wconf 87' lang='lat' dir='ltr'><strong>huc</strong></span> <span class='ocrx_word' id='word_1_9' title='bbox 747 561 880 624; x_wconf 90' lang='lat' dir='ltr'><strong>puto</strong></span> <span class='ocrx_word' id='word_1_10' title='bbox 910 551 1161 620; x_wconf 82' lang='lat' dir='ltr'><strong>quadrat.</strong></span> <span class='ocrx_word' id='word_1_11' title='bbox 1214 546 1331 600; x_wconf 85' lang='lat' dir='ltr'><strong>Tali</strong></span> <span class='ocrx_word' id='word_1_12' title='bbox 1385 544 1697 600; x_wconf 93' lang='lat' dir='ltr'><strong>vestimenti</strong></span> <span class='ocrx_word' id='word_1_13' title='bbox 1737 557 1937 612; x_wconf 83' lang='lat' dir='ltr'><strong>genere</strong></span> <span class='ocrx_word' id='word_1_14' title='bbox 1971 550 2193 597; x_wconf 88' lang='lat' dir='ltr'><strong>nostros</strong></span> 
     </span>
    </p>
   </div>
   <div class='ocr_carea' id='block_1_4' title="bbox 612 636 2192 712">
    <p class='ocr_par' dir='ltr' id='par_1_4' title="bbox 612 636 2192 712">
     <span class='ocr_line' id='line_1_4' title="bbox 612 636 2192 712; baseline -0.008 -12"><span class='ocrx_word' id='word_1_15' title='bbox 612 649 775 700; x_wconf 90' lang='lat' dir='ltr'><strong>etiam</strong></span> <span class='ocrx_word' id='word_1_16' title='bbox 801 646 1157 712; x_wconf 88' lang='lat' dir='ltr'><strong>imperatores</strong></span> <span class='ocrx_word' id='word_1_17' title='bbox 1190 639 1364 699; x_wconf 88' lang='lat' dir='ltr'><strong>indui.</strong></span> <span class='ocrx_word' id='word_1_18' title='bbox 1429 652 1554 693; x_wconf 87' lang='lat' dir='ltr'><strong>cum</strong></span> <span class='ocrx_word' id='word_1_19' title='bbox 1624 636 2049 706; x_wconf 87' lang='lat' dir='ltr'><strong>inaugurantur,</strong></span> <span class='ocrx_word' id='word_1_20' title='bbox 2106 636 2192 704; x_wconf 82' lang='lat' dir='ltr'><strong>ip-</strong></span> 
     </span>
    </p>
   </div>
   <div class='ocr_carea' id='block_1_5' title="bbox 613 723 2188 798">
    <p class='ocr_par' dir='ltr' id='par_1_5' title="bbox 613 723 2188 798">
     <span class='ocr_line' id='line_1_5' title="bbox 613 723 2188 798; baseline -0.008 -9"><span class='ocrx_word' id='word_1_21' title='bbox 613 736 776 789; x_wconf 90' lang='lat' dir='ltr'><strong>simet</strong></span> <span class='ocrx_word' id='word_1_22' title='bbox 826 732 1084 786; x_wconf 79' lang='lat' dir='ltr'><strong>vidimus.</strong></span> <span class='ocrx_word' id='word_1_23' title='bbox 1145 729 1347 798; x_wconf 85' lang='lat' dir='ltr'><strong>Estque</strong></span> <span class='ocrx_word' id='word_1_24' title='bbox 1411 726 1673 781; x_wconf 76' lang='lat' dir='ltr'><strong>notabilis</strong></span> <span class='ocrx_word' id='word_1_25' title='bbox 1709 726 1854 795; x_wconf 85' lang='lat' dir='ltr'><strong>apud</strong></span> <span class='ocrx_word' id='word_1_26' title='bbox 1903 723 2188 779; x_wconf 84' lang='lat' dir='ltr'><strong>Zozimum</strong></span> 
     </span>
    </p>
   </div>
   <div class='ocr_carea' id='block_1_6' title="bbox 611 814 2188 897">
    <p class='ocr_par' dir='ltr' id='par_1_6' title="bbox 611 814 2188 897">
     <span class='ocr_line' id='line_1_6' title="bbox 611 814 2188 897; baseline -0.006 -18"><span class='ocrx_word' id='word_1_27' title='bbox 611 833 862 879; x_wconf 88' lang='lat' dir='ltr'><strong>nostrum</strong></span> <span class='ocrx_word' id='word_1_28' title='bbox 889 824 1066 897; x_wconf 76' lang='lat' dir='ltr'><strong>locus,</strong></span> <span class='ocrx_word' id='word_1_29' title='bbox 1089 822 1179 874; x_wconf 84' lang='lat' dir='ltr'><strong>tibi</strong></span> <span class='ocrx_word' id='word_1_30' title='bbox 1204 820 1372 873; x_wconf 91' lang='lat' dir='ltr'><strong>tradit</strong></span> <span class='ocrx_word' id='word_1_31' title='bbox 1390 819 1495 872; x_wconf 91' lang='lat' dir='ltr'><strong>hoc</strong></span> <span class='ocrx_word' id='word_1_32' title='bbox 1514 826 1804 888; x_wconf 85' lang='lat' dir='ltr'><strong>prepterea</strong></span> <span class='ocrx_word' id='word_1_33' title='bbox 1824 814 2024 870; x_wconf 78' lang='lat' dir='ltr'><strong>factum</strong></span> <span class='ocrx_word' id='word_1_34' title='bbox 2046 814 2188 884; x_wconf 86' lang='lat' dir='ltr'><strong>apud</strong></span> 
     </span>
    </p>
   </div>
   <div class='ocr_carea' id='block_1_7' title="bbox 608 910 2191 984">
    <p class='ocr_par' dir='ltr' id='par_1_7' title="bbox 608 910 2191 984">
     <span class='ocr_line' id='line_1_7' title="bbox 608 910 2191 984; baseline -0.008 -10"><span class='ocrx_word' id='word_1_35' title='bbox 608 919 913 981; x_wconf 84' lang='lat' dir='ltr'><strong>Romanos,</strong></span> <span class='ocrx_word' id='word_1_36' title='bbox 951 926 1010 970; x_wconf 92' lang='lat' dir='ltr'><strong>ut</strong></span> <span class='ocrx_word' id='word_1_37' title='bbox 1042 915 1445 984; x_wconf 68' lang='lat' dir='ltr'><strong>intelligeretur</strong></span> <span class='ocrx_word' id='word_1_38' title='bbox 1479 910 1839 980; x_wconf 85' lang='lat' dir='ltr'><strong>imperatores</strong></span> <span class='ocrx_word' id='word_1_39' title='bbox 1870 910 2034 964; x_wconf 84' lang='lat' dir='ltr'><strong>etiam</strong></span> <span class='ocrx_word' id='word_1_40' title='bbox 2067 923 2191 963; x_wconf 85' lang='lat' dir='ltr'><strong>esse</strong></span> 
     </span>
    </p>
   </div>
   <div class='ocr_carea' id='block_1_8' title="bbox 609 1000 2192 1083">
    <p class='ocr_par' dir='ltr' id='par_1_8' title="bbox 609 1000 2192 1083">
     <span class='ocr_line' id='line_1_8' title="bbox 609 1000 2192 1083; baseline -0.008 -17"><span class='ocrx_word' id='word_1_41' title='bbox 609 1011 897 1083; x_wconf 77' lang='lat' dir='ltr'><strong>pontiﬁces</strong></span> <span class='ocrx_word' id='word_1_42' title='bbox 935 1010 1232 1072; x_wconf 76' lang='lat' dir='ltr'><strong>maximos,</strong></span> <span class='ocrx_word' id='word_1_43' title='bbox 1294 1004 1762 1076; x_wconf 84' lang='lat' dir='ltr'><strong>quemadmodum</strong></span> <span class='ocrx_word' id='word_1_44' title='bbox 1840 1002 1897 1055; x_wconf 92' lang='lat' dir='ltr'><strong>in</strong></span> <span class='ocrx_word' id='word_1_45' title='bbox 1978 1000 2192 1055; x_wconf 85' lang='lat' dir='ltr'><strong>numis-</strong></span> 
     </span>
    </p>
   </div>
   <div class='ocr_carea' id='block_1_9' title="bbox 609 1093 2190 1173">
    <p class='ocr_par' dir='ltr' id='par_1_9' title="bbox 609 1093 2190 1173">
     <span class='ocr_line' id='line_1_9' title="bbox 609 1093 2190 1173; baseline -0.01 -14"><span class='ocrx_word' id='word_1_46' title='bbox 609 1107 774 1161; x_wconf 87' lang='lat' dir='ltr'><strong>matis</strong></span> <span class='ocrx_word' id='word_1_47' title='bbox 802 1117 1021 1173; x_wconf 90' lang='lat' dir='ltr'><strong>quoque</strong></span> <span class='ocrx_word' id='word_1_48' title='bbox 1049 1116 1108 1157; x_wconf 88' lang='lat' dir='ltr'><strong>se</strong></span> <span class='ocrx_word' id='word_1_49' title='bbox 1142 1099 1523 1155; x_wconf 80' lang='lat' dir='ltr'><strong>nominabant.</strong></span> <span class='ocrx_word' id='word_1_50' title='bbox 1552 1095 1780 1151; x_wconf 88' lang='lat' dir='ltr'><strong>Calceos</strong></span> <span class='ocrx_word' id='word_1_51' title='bbox 1821 1093 1937 1149; x_wconf 91' lang='lat' dir='ltr'><strong>sive</strong></span> <span class='ocrx_word' id='word_1_52' title='bbox 1972 1093 2190 1148; x_wconf 80' lang='lat' dir='ltr'><strong>calcea-</strong></span> 
     </span>
    </p>
   </div>
   <div class='ocr_carea' id='block_1_10' title="bbox 610 1185 2193 1260">
    <p class='ocr_par' dir='ltr' id='par_1_10' title="bbox 610 1185 2193 1260">
     <span class='ocr_line' id='line_1_10' title="bbox 610 1185 2193 1260; baseline -0.007 -11"><span class='ocrx_word' id='word_1_53' title='bbox 610 1203 820 1257; x_wconf 84' lang='lat' dir='ltr'><strong>menta,</strong></span> <span class='ocrx_word' id='word_1_54' title='bbox 856 1192 1097 1247; x_wconf 79' lang='lat' dir='ltr'><strong>Tzankia</strong></span> <span class='ocrx_word' id='word_1_55' title='bbox 1127 1191 1268 1246; x_wconf 79' lang='lat' dir='ltr'><strong>dixit</strong></span> <span class='ocrx_word' id='word_1_56' title='bbox 1292 1190 1555 1260; x_wconf 84' lang='lat' dir='ltr'><strong>Symeon,</strong></span> <span class='ocrx_word' id='word_1_57' title='bbox 1588 1186 1791 1255; x_wconf 86' lang='lat' dir='ltr'><strong>quibus</strong></span> <span class='ocrx_word' id='word_1_58' title='bbox 1832 1185 2193 1254; x_wconf 83' lang='lat' dir='ltr'><strong>imperatores</strong></span> 
     </span>
    </p>
   </div>
   <div class='ocr_carea' id='block_1_11' title="bbox 609 1276 2191 1347">
    <p class='ocr_par' dir='ltr' id='par_1_11' title="bbox 609 1276 2191 1347">
     <span class='ocr_line' id='line_1_11' title="bbox 609 1276 2191 1347; baseline -0.007 -5"><span class='ocrx_word' id='word_1_59' title='bbox 609 1289 690 1343; x_wconf 90' lang='lat' dir='ltr'><strong>uti</strong></span> <span class='ocrx_word' id='word_1_60' title='bbox 724 1287 965 1342; x_wconf 83' lang='lat' dir='ltr'><strong>coccinei</strong></span> <span class='ocrx_word' id='word_1_61' title='bbox 1010 1284 1216 1339; x_wconf 89' lang='lat' dir='ltr'><strong>coloris</strong></span> <span class='ocrx_word' id='word_1_62' title='bbox 1247 1283 1523 1337; x_wconf 85' lang='lat' dir='ltr'><strong>solebant.</strong></span> <span class='ocrx_word' id='word_1_63' title='bbox 1581 1277 1865 1347; x_wconf 66' lang='lat' dir='ltr'><strong>Praepositi</strong></span> <span class='ocrx_word' id='word_1_64' title='bbox 1923 1276 2191 1346; x_wconf 87' lang='lat' dir='ltr'><strong>simplici-</strong></span> 
     </span>
    </p>
   </div>
   <div class='ocr_carea' id='block_1_12' title="bbox 612 1370 2187 1445">
    <p class='ocr_par' dir='ltr' id='par_1_12' title="bbox 612 1370 2187 1445">
     <span class='ocr_line' id='line_1_12' title="bbox 612 1370 2187 1445; baseline -0.01 -10"><span class='ocrx_word' id='word_1_65' title='bbox 612 1389 695 1435; x_wconf 85' lang='lat' dir='ltr'><strong>ter</strong></span> <span class='ocrx_word' id='word_1_66' title='bbox 729 1380 818 1435; x_wconf 89' lang='lat' dir='ltr'><strong>hic</strong></span> <span class='ocrx_word' id='word_1_67' title='bbox 844 1384 1134 1442; x_wconf 86' lang='lat' dir='ltr'><strong>vocantur,</strong></span> <span class='ocrx_word' id='word_1_68' title='bbox 1171 1389 1311 1445; x_wconf 92' lang='lat' dir='ltr'><strong>quos</strong></span> <span class='ocrx_word' id='word_1_69' title='bbox 1338 1373 1481 1441; x_wconf 88' lang='lat' dir='ltr'><strong>apud</strong></span> <span class='ocrx_word' id='word_1_70' title='bbox 1532 1370 1875 1438; x_wconf 80' lang='lat' dir='ltr'><strong>antiquiores</strong></span> <span class='ocrx_word' id='word_1_71' title='bbox 1905 1381 2187 1423; x_wconf 89' lang='lat' dir='ltr'><strong>sacrorum</strong></span> 
     </span>
    </p>
   </div>
   <div class='ocr_carea' id='block_1_13' title="bbox 608 1458 2189 1539">
    <p class='ocr_par' dir='ltr' id='par_1_13' title="bbox 608 1458 2189 1539">
     <span class='ocr_line' id='line_1_13' title="bbox 608 1458 2189 1539; baseline -0.008 -15"><span class='ocrx_word' id='word_1_72' title='bbox 608 1472 693 1527; x_wconf 88' lang='lat' dir='ltr'><strong>vel</strong></span> <span class='ocrx_word' id='word_1_73' title='bbox 769 1469 1143 1539; x_wconf 87' lang='lat' dir='ltr'><strong>augustalium</strong></span> <span class='ocrx_word' id='word_1_74' title='bbox 1223 1464 1604 1519; x_wconf 90' lang='lat' dir='ltr'><strong>cubiculorum</strong></span> <span class='ocrx_word' id='word_1_75' title='bbox 1682 1460 2004 1531; x_wconf 65' lang='lat' dir='ltr'><strong>praepositos</strong></span> <span class='ocrx_word' id='word_1_76' title='bbox 2081 1458 2189 1513; x_wconf 85' lang='lat' dir='ltr'><strong>diei</strong></span> 
     </span>
    </p>
   </div>
   <div class='ocr_carea' id='block_1_14' title="bbox 608 1550 2186 1617">
    <p class='ocr_par' dir='ltr' id='par_1_14' title="bbox 608 1550 2186 1617">
     <span class='ocr_line' id='line_1_14' title="bbox 608 1550 2186 1617; baseline -0.008 -1"><span class='ocrx_word' id='word_1_77' title='bbox 608 1563 860 1617; x_wconf 85' lang='lat' dir='ltr'><strong>videmus</strong></span> <span class='ocrx_word' id='word_1_78' title='bbox 923 1562 977 1616; x_wconf 90' lang='lat' dir='ltr'><strong>in</strong></span> <span class='ocrx_word' id='word_1_79' title='bbox 1036 1557 1363 1614; x_wconf 83' lang='lat' dir='ltr'><strong>Justinianei</strong></span> <span class='ocrx_word' id='word_1_80' title='bbox 1420 1553 1665 1616; x_wconf 87' lang='lat' dir='ltr'><strong>Codicis,</strong></span> <span class='ocrx_word' id='word_1_81' title='bbox 1717 1561 1774 1606; x_wconf 86' lang='lat' dir='ltr'><strong>et</strong></span> <span class='ocrx_word' id='word_1_82' title='bbox 1832 1550 2186 1606; x_wconf 86' lang='lat' dir='ltr'><strong>historiarum</strong></span> 
     </span>
    </p>
   </div>
   <div class='ocr_carea' id='block_1_15' title="bbox 609 1641 2186 1725">
    <p class='ocr_par' dir='ltr' id='par_1_15' title="bbox 609 1641 2186 1725">
     <span class='ocr_line' id='line_1_15' title="bbox 609 1641 2186 1725; baseline -0.01 -14"><span class='ocrx_word' id='word_1_83' title='bbox 609 1656 788 1711; x_wconf 85' lang='lat' dir='ltr'><strong>libris.</strong></span> <span class='ocrx_word' id='word_1_84' title='bbox 824 1654 1048 1725; x_wconf 82' lang='lat' dir='ltr'><strong>Sceptra</strong></span> <span class='ocrx_word' id='word_1_85' title='bbox 1081 1660 1211 1707; x_wconf 86' lang='lat' dir='ltr'><strong>sunt</strong></span> <span class='ocrx_word' id='word_1_86' title='bbox 1267 1648 1470 1714; x_wconf 88' lang='lat' dir='ltr'><strong>baculi,</strong></span> <span class='ocrx_word' id='word_1_87' title='bbox 1525 1646 1879 1714; x_wconf 68' lang='lat' dir='ltr'><strong>magistratus</strong></span> <span class='ocrx_word' id='word_1_88' title='bbox 1913 1641 2186 1713; x_wconf 81' lang='lat' dir='ltr'><strong>symbola.</strong></span> 
     </span>
    </p>
   </div>
   <div class='ocr_carea' id='block_1_16' title="bbox 608 1736 2187 1813">
    <p class='ocr_par' dir='ltr' id='par_1_16' title="bbox 608 1736 2187 1813">
     <span class='ocr_line' id='line_1_16' title="bbox 608 1736 2187 1813; baseline -0.009 -13"><span class='ocrx_word' id='word_1_89' title='bbox 608 1743 721 1801; x_wconf 82' lang='lat' dir='ltr'><strong>Nec</strong></span> <span class='ocrx_word' id='word_1_90' title='bbox 762 1746 1140 1813; x_wconf 82' lang='lat' dir='ltr'><strong>intelliguntur</strong></span> <span class='ocrx_word' id='word_1_91' title='bbox 1200 1742 1291 1795; x_wconf 89' lang='lat' dir='ltr'><strong>hic</strong></span> <span class='ocrx_word' id='word_1_92' title='bbox 1326 1741 1500 1810; x_wconf 85' lang='lat' dir='ltr'><strong>ipsius</strong></span> <span class='ocrx_word' id='word_1_93' title='bbox 1538 1736 1889 1807; x_wconf 80' lang='lat' dir='ltr'><strong>imperatoris</strong></span> <span class='ocrx_word' id='word_1_94' title='bbox 1948 1742 2187 1803; x_wconf 88' lang='lat' dir='ltr'><strong>sceptra,</strong></span> 
     </span>
    </p>
   </div>
   <div class='ocr_carea' id='block_1_17' title="bbox 609 1826 2188 1905">
    <p class='ocr_par' dir='ltr' id='par_1_17' title="bbox 609 1826 2188 1905">
     <span class='ocr_line' id='line_1_17' title="bbox 609 1826 2188 1905; baseline -0.01 -9"><span class='ocrx_word' id='word_1_95' title='bbox 609 1840 705 1896; x_wconf 91' lang='lat' dir='ltr'><strong>sed</strong></span> <span class='ocrx_word' id='word_1_96' title='bbox 737 1837 1045 1894; x_wconf 83' lang='lat' dir='ltr'><strong>oﬂicialium</strong></span> <span class='ocrx_word' id='word_1_97' title='bbox 1088 1852 1103 1889; x_wconf 87' lang='lat'><strong>:</strong></span> <span class='ocrx_word' id='word_1_98' title='bbox 1143 1848 1266 1905; x_wconf 75' lang='lat' dir='ltr'><strong>qua:</strong></span> <span class='ocrx_word' id='word_1_99' title='bbox 1296 1831 1441 1903; x_wconf 89' lang='lat' dir='ltr'><strong>apud</strong></span> <span class='ocrx_word' id='word_1_100' title='bbox 1482 1830 1704 1886; x_wconf 66' lang='lat' dir='ltr'><strong>Graecos</strong></span> <span class='ocrx_word' id='word_1_101' title='bbox 1737 1827 1936 1898; x_wconf 88' lang='lat' dir='ltr'><strong>deponi</strong></span> <span class='ocrx_word' id='word_1_102' title='bbox 2004 1826 2188 1892; x_wconf 91' lang='lat' dir='ltr'><strong>solita,</strong></span> 
     </span>
    </p>
   </div>
   <div class='ocr_carea' id='block_1_18' title="bbox 608 1923 2188 2000">
    <p class='ocr_par' dir='ltr' id='par_1_18' title="bbox 608 1923 2188 2000">
     <span class='ocr_line' id='line_1_18' title="bbox 608 1923 2188 2000; baseline -0.008 -10"><span class='ocrx_word' id='word_1_103' title='bbox 608 1950 734 1990; x_wconf 89' lang='lat' dir='ltr'><strong>cum</strong></span> <span class='ocrx_word' id='word_1_104' title='bbox 762 1947 941 1989; x_wconf 90' lang='lat' dir='ltr'><strong>novus</strong></span> <span class='ocrx_word' id='word_1_105' title='bbox 967 1932 1266 2000; x_wconf 85' lang='lat' dir='ltr'><strong>imperator</strong></span> <span class='ocrx_word' id='word_1_106' title='bbox 1296 1928 1739 1997; x_wconf 74' lang='lat' dir='ltr'><strong>inauguraretur,</strong></span> <span class='ocrx_word' id='word_1_107' title='bbox 1780 1923 2038 1993; x_wconf 80' lang='lat' dir='ltr'><strong>superius</strong></span> <span class='ocrx_word' id='word_1_108' title='bbox 2063 1936 2188 1993; x_wconf 89' lang='lat' dir='ltr'><strong>eap.</strong></span> 
     </span>
    </p>
   </div>
   <div class='ocr_carea' id='block_1_19' title="bbox 610 2015 2193 2091">
    <p class='ocr_par' dir='ltr' id='par_1_19' title="bbox 610 2015 2193 2091">
     <span class='ocr_line' id='line_1_19' title="bbox 610 2015 2193 2091; baseline -0.01 -7"><span class='ocrx_word' id='word_1_109' title='bbox 610 2028 714 2084; x_wconf 75' lang='grc'><strong>175</strong></span> <span class='ocrx_word' id='word_1_110' title='bbox 774 2026 1139 2083; x_wconf 89' lang='lat' dir='ltr'><strong>monuimus:</strong></span> <span class='ocrx_word' id='word_1_111' title='bbox 1177 2022 1431 2091; x_wconf 86' lang='lat' dir='ltr'><strong>idemque</strong></span> <span class='ocrx_word' id='word_1_112' title='bbox 1468 2034 1587 2075; x_wconf 86' lang='lat' dir='ltr'><strong>mos</strong></span> <span class='ocrx_word' id='word_1_113' title='bbox 1641 2018 1785 2088; x_wconf 86' lang='lat' dir='ltr'><strong>apud</strong></span> <span class='ocrx_word' id='word_1_114' title='bbox 1831 2017 2043 2071; x_wconf 90' lang='lat' dir='ltr'><strong>Turcos</strong></span> <span class='ocrx_word' id='word_1_115' title='bbox 2094 2015 2193 2069; x_wconf 80' lang='lat' dir='ltr'><strong>lio-</strong></span> 
     </span>
    </p>
   </div>
   <div class='ocr_carea' id='block_1_20' title="bbox 608 2106 2193 2185">
    <p class='ocr_par' dir='ltr' id='par_1_20' title="bbox 608 2106 2193 2185">
     <span class='ocr_line' id='line_1_20' title="bbox 608 2106 2193 2185; baseline -0.01 -9"><span class='ocrx_word' id='word_1_116' title='bbox 608 2122 698 2176; x_wconf 87' lang='lat' dir='ltr'><strong>die</strong></span> <span class='ocrx_word' id='word_1_117' title='bbox 757 2118 1045 2181; x_wconf 87' lang='lat' dir='ltr'><strong>retinetur,</strong></span> <span class='ocrx_word' id='word_1_118' title='bbox 1111 2127 1348 2185; x_wconf 85' lang='lat' dir='ltr'><strong>quorum</strong></span> <span class='ocrx_word' id='word_1_119' title='bbox 1413 2110 1679 2181; x_wconf 86' lang='lat' dir='ltr'><strong>genizari,</strong></span> <span class='ocrx_word' id='word_1_120' title='bbox 1747 2119 1802 2165; x_wconf 91' lang='lat' dir='ltr'><strong>et</strong></span> <span class='ocrx_word' id='word_1_121' title='bbox 1857 2108 1945 2162; x_wconf 91' lang='lat' dir='ltr'><strong>alii</strong></span> <span class='ocrx_word' id='word_1_122' title='bbox 1987 2106 2193 2162; x_wconf 79' lang='lat' dir='ltr'><strong>ofﬁcia-</strong></span> 
     </span>
    </p>
   </div>
   <div class='ocr_carea' id='block_1_21' title="bbox 608 2197 2188 2277">
    <p class='ocr_par' dir='ltr' id='par_1_21' title="bbox 608 2197 2188 2277">
     <span class='ocr_line' id='line_1_21' title="bbox 608 2197 2188 2277; baseline -0.009 -10"><span class='ocrx_word' id='word_1_123' title='bbox 608 2212 709 2277; x_wconf 86' lang='lat' dir='ltr'><strong>les,</strong></span> <span class='ocrx_word' id='word_1_124' title='bbox 738 2224 863 2266; x_wconf 86' lang='lat' dir='ltr'><strong>eum</strong></span> <span class='ocrx_word' id='word_1_125' title='bbox 887 2222 1066 2263; x_wconf 89' lang='lat' dir='ltr'><strong>novus</strong></span> <span class='ocrx_word' id='word_1_126' title='bbox 1095 2206 1354 2261; x_wconf 87' lang='lat' dir='ltr'><strong>sultanus</strong></span> <span class='ocrx_word' id='word_1_127' title='bbox 1374 2201 1555 2258; x_wconf 78' lang='lat' dir='ltr'><strong>Porta:</strong></span> <span class='ocrx_word' id='word_1_128' title='bbox 1583 2199 1824 2256; x_wconf 88' lang='lat' dir='ltr'><strong>saraium</strong></span> <span class='ocrx_word' id='word_1_129' title='bbox 1854 2197 2188 2270; x_wconf 68' lang='lat' dir='ltr'><strong>ingrediens,</strong></span> 
     </span>
    </p>
   </div>
   <div class='ocr_carea' id='block_1_22' title="bbox 611 2289 2192 2372">
    <p class='ocr_par' dir='ltr' id='par_1_22' title="bbox 611 2289 2192 2372">
     <span class='ocr_line' id='line_1_22' title="bbox 611 2289 2192 2372; baseline -0.011 -14"><span class='ocrx_word' id='word_1_130' title='bbox 611 2317 837 2372; x_wconf 77' lang='lat' dir='ltr'><strong>regnum</strong></span> <span class='ocrx_word' id='word_1_131' title='bbox 874 2315 1035 2356; x_wconf 85' lang='lat' dir='ltr'><strong>suum</strong></span> <span class='ocrx_word' id='word_1_132' title='bbox 1061 2296 1430 2368; x_wconf 85' lang='lat' dir='ltr'><strong>auspicatur;</strong></span> <span class='ocrx_word' id='word_1_133' title='bbox 1467 2292 1697 2349; x_wconf 89' lang='lat' dir='ltr'><strong>baculos</strong></span> <span class='ocrx_word' id='word_1_134' title='bbox 1749 2304 1877 2346; x_wconf 87' lang='lat' dir='ltr'><strong>suos</strong></span> <span class='ocrx_word' id='word_1_135' title='bbox 1908 2289 2192 2359; x_wconf 87' lang='lat' dir='ltr'><strong>deponunt</strong></span> 
     </span>
    </p>
   </div>
   <div class='ocr_carea' id='block_1_23' title="bbox 608 2383 2033 2463">
    <p class='ocr_par' dir='ltr' id='par_1_23' title="bbox 608 2383 2033 2463">
     <span class='ocr_line' id='line_1_23' title="bbox 608 2383 2033 2463; baseline -0.011 -11"><span class='ocrx_word' id='word_1_136' title='bbox 608 2412 673 2452; x_wconf 80' lang='lat' dir='ltr'><strong>es</strong></span> <span class='ocrx_word' id='word_1_137' title='bbox 707 2408 892 2461; x_wconf 86' lang='lat' dir='ltr'><strong>causa,</strong></span> <span class='ocrx_word' id='word_1_138' title='bbox 922 2407 1086 2463; x_wconf 88' lang='lat' dir='ltr'><strong>quam</strong></span> <span class='ocrx_word' id='word_1_139' title='bbox 1124 2389 1368 2445; x_wconf 90' lang='lat' dir='ltr'><strong>indicato</strong></span> <span class='ocrx_word' id='word_1_140' title='bbox 1394 2386 1575 2456; x_wconf 83' lang='lat' dir='ltr'><strong>capite</strong></span> <span class='ocrx_word' id='word_1_141' title='bbox 1606 2383 2033 2440; x_wconf 89' lang='lat' dir='ltr'><strong>declaravimus.</strong></span> 
     </span>
    </p>
   </div>
   <div class='ocr_carea' id='block_1_24' title="bbox 606 2500 2190 2570">
    <p class='ocr_par' dir='ltr' id='par_1_24' title="bbox 606 2500 2190 2570">
     <span class='ocr_line' id='line_1_24' title="bbox 606 2500 2190 2570; baseline -0.011 -2"><span class='ocrx_word' id='word_1_142' title='bbox 606 2513 736 2570; x_wconf 66' lang='lat'><strong>900.</strong></span> <span class='ocrx_word' id='word_1_143' title='bbox 775 2511 953 2565; x_wconf 67' lang='lat' dir='ltr'><strong>Porta:</strong></span> <span class='ocrx_word' id='word_1_144' title='bbox 974 2504 1183 2562; x_wconf 83' lang='lat' dir='ltr'><strong><em>XXIII</em></strong></span> <span class='ocrx_word' id='word_1_145' title='bbox 1217 2505 1363 2559; x_wconf 83' lang='lat' dir='ltr'><strong>urbis</strong></span> <span class='ocrx_word' id='word_1_146' title='bbox 1415 2500 2045 2570; x_wconf 72' lang='lat' dir='ltr'><strong>Constantinopolitanw,</strong></span> <span class='ocrx_word' id='word_1_147' title='bbox 2071 2513 2190 2552; x_wconf 81' lang='lat' dir='ltr'><strong>cum</strong></span> 
     </span>
    </p>
   </div>
   <div class='ocr_carea' id='block_1_25' title="bbox 677 2568 2192 2644">
    <p class='ocr_par' dir='ltr' id='par_1_25' title="bbox 677 2568 2192 2644">
     <span class='ocr_line' id='line_1_25' title="bbox 677 2568 2192 2644; baseline -0.01 -7"><span class='ocrx_word' id='word_1_148' title='bbox 677 2583 857 2637; x_wconf 81' lang='lat' dir='ltr'><strong>multis</strong></span> <span class='ocrx_word' id='word_1_149' title='bbox 903 2577 1350 2644; x_wconf 76' lang='lat' dir='ltr'><strong>memorabilibus,</strong></span> <span class='ocrx_word' id='word_1_150' title='bbox 1391 2582 1441 2630; x_wconf 81' lang='lat' dir='ltr'><strong>et</strong></span> <span class='ocrx_word' id='word_1_151' title='bbox 1486 2571 1556 2627; x_wconf 80' lang='lat' dir='ltr'><strong>ad</strong></span> <span class='ocrx_word' id='word_1_152' title='bbox 1590 2572 1847 2627; x_wconf 76' lang='lat' dir='ltr'><strong>historias</strong></span> <span class='ocrx_word' id='word_1_153' title='bbox 1892 2568 2192 2640; x_wconf 78' lang='lat' dir='ltr'><strong>intelligen-</strong></span> 
     </span>
    </p>
   </div>
   <div class='ocr_carea' id='block_1_26' title="bbox 681 2648 1161 2708">
    <p class='ocr_par' dir='ltr' id='par_1_26' title="bbox 681 2648 1161 2708">
     <span class='ocr_line' id='line_1_26' title="bbox 681 2648 1161 2708; baseline -0.013 0"><span class='ocrx_word' id='word_1_154' title='bbox 681 2655 777 2708; x_wconf 87' lang='lat' dir='ltr'><strong>das</strong></span> <span class='ocrx_word' id='word_1_155' title='bbox 828 2648 1161 2706; x_wconf 78' lang='lat' dir='ltr'><strong>necessariis.</strong></span> 
     </span>
    </p>
   </div>
   <div class='ocr_carea' id='block_1_27' title="bbox 676 2758 2186 2834">
    <p class='ocr_par' dir='ltr' id='par_1_27' title="bbox 676 2758 2186 2834">
     <span class='ocr_line' id='line_1_27' title="bbox 676 2758 2186 2834; baseline -0.006 -14"><span class='ocrx_word' id='word_1_156' title='bbox 676 2768 816 2834; x_wconf 84' lang='lat' dir='ltr'><strong>Quia</strong></span> <span class='ocrx_word' id='word_1_157' title='bbox 848 2780 955 2821; x_wconf 90' lang='lat' dir='ltr'><strong>non</strong></span> <span class='ocrx_word' id='word_1_158' title='bbox 1006 2772 1216 2820; x_wconf 89' lang='lat' dir='ltr'><strong>tantum</strong></span> <span class='ocrx_word' id='word_1_159' title='bbox 1260 2763 1351 2817; x_wconf 90' lang='lat' dir='ltr'><strong>hic</strong></span> <span class='ocrx_word' id='word_1_160' title='bbox 1399 2758 1940 2830; x_wconf 71' lang='lat' dir='ltr'><strong>Hadrianopolitana:</strong></span> <span class='ocrx_word' id='word_1_161' title='bbox 1992 2764 2186 2828; x_wconf 76' lang='lat' dir='ltr'><strong>portae,</strong></span> 
     </span>
    </p>
   </div>
   <div class='ocr_carea' id='block_1_28' title="bbox 606 2848 2189 2925">
    <p class='ocr_par' dir='ltr' id='par_1_28' title="bbox 606 2848 2189 2925">
     <span class='ocr_line' id='line_1_28' title="bbox 606 2848 2189 2925; baseline -0.007 -11"><span class='ocrx_word' id='word_1_162' title='bbox 606 2857 701 2914; x_wconf 79' lang='lat' dir='ltr'><strong>sed</strong></span> <span class='ocrx_word' id='word_1_163' title='bbox 740 2857 970 2911; x_wconf 81' lang='lat' dir='ltr'><strong>aliarum</strong></span> <span class='ocrx_word' id='word_1_164' title='bbox 1023 2869 1241 2925; x_wconf 88' lang='lat' dir='ltr'><strong>quoque</strong></span> <span class='ocrx_word' id='word_1_165' title='bbox 1283 2853 1565 2920; x_wconf 84' lang='lat' dir='ltr'><strong>deinceps,</strong></span> <span class='ocrx_word' id='word_1_166' title='bbox 1601 2852 1658 2906; x_wconf 89' lang='lat' dir='ltr'><strong>in</strong></span> <span class='ocrx_word' id='word_1_167' title='bbox 1692 2851 1799 2905; x_wconf 89' lang='lat' dir='ltr'><strong>vita</strong></span> <span class='ocrx_word' id='word_1_168' title='bbox 1857 2848 2189 2906; x_wconf 85' lang='lat' dir='ltr'><strong>Soleimanis</strong></span> 
     </span>
    </p>
   </div>
   <div class='ocr_carea' id='block_1_29' title="bbox 609 2940 2190 3024">
    <p class='ocr_par' dir='ltr' id='par_1_29' title="bbox 609 2940 2190 3024">
     <span class='ocr_line' id='line_1_29' title="bbox 609 2940 2190 3024; baseline -0.006 -22"><span class='ocrx_word' id='word_1_169' title='bbox 609 2947 677 3024; x_wconf 62' lang='lat' dir='ltr'><strong>ll,</strong></span> <span class='ocrx_word' id='word_1_170' title='bbox 712 2947 769 3001; x_wconf 89' lang='lat' dir='ltr'><strong>tit</strong></span> <span class='ocrx_word' id='word_1_171' title='bbox 803 2945 1034 3011; x_wconf 88' lang='lat' dir='ltr'><strong>mentio,</strong></span> <span class='ocrx_word' id='word_1_172' title='bbox 1091 2944 1267 3014; x_wconf 85' lang='lat' dir='ltr'><strong>placet</strong></span> <span class='ocrx_word' id='word_1_173' title='bbox 1300 2956 1410 2998; x_wconf 91' lang='lat' dir='ltr'><strong>uno</strong></span> <span class='ocrx_word' id='word_1_174' title='bbox 1470 2942 1592 2996; x_wconf 92' lang='lat' dir='ltr'><strong>loco</strong></span> <span class='ocrx_word' id='word_1_175' title='bbox 1647 2940 1812 2996; x_wconf 88' lang='lat' dir='ltr'><strong>simul</strong></span> <span class='ocrx_word' id='word_1_176' title='bbox 1863 2953 2190 2995; x_wconf 87' lang='lat' dir='ltr'><strong>enumerare</strong></span> 
     </span>
    </p>
   </div>
   <div class='ocr_carea' id='block_1_30' title="bbox 611 3032 2189 3113">
    <p class='ocr_par' dir='ltr' id='par_1_30' title="bbox 611 3032 2189 3113">
     <span class='ocr_line' id='line_1_30' title="bbox 611 3032 2189 3113; baseline -0.001 -24"><span class='ocrx_word' id='word_1_177' title='bbox 611 3052 802 3113; x_wconf 73' lang='lat' dir='ltr'><strong>portas</strong></span> <span class='ocrx_word' id='word_1_178' title='bbox 857 3038 1012 3094; x_wconf 89' lang='lat' dir='ltr'><strong>urbis</strong></span> <span class='ocrx_word' id='word_1_179' title='bbox 1040 3051 1255 3102; x_wconf 87' lang='lat' dir='ltr'><strong>omnes,</strong></span> <span class='ocrx_word' id='word_1_180' title='bbox 1293 3050 1358 3091; x_wconf 89' lang='lat' dir='ltr'><strong>ac</strong></span> <span class='ocrx_word' id='word_1_181' title='bbox 1388 3033 1636 3104; x_wconf 89' lang='lat' dir='ltr'><strong>singulas</strong></span> <span class='ocrx_word' id='word_1_182' title='bbox 1694 3032 1840 3088; x_wconf 87' lang='lat' dir='ltr'><strong>velut</strong></span> <span class='ocrx_word' id='word_1_183' title='bbox 1886 3033 1958 3087; x_wconf 93' lang='lat' dir='ltr'><strong>ob</strong></span> <span class='ocrx_word' id='word_1_184' title='bbox 2000 3032 2189 3088; x_wconf 88' lang='lat' dir='ltr'><strong>oculos</strong></span> 
     </span>
    </p>
   </div>
   <div class='ocr_carea' id='block_1_31' title="bbox 610 3124 2185 3199">
    <p class='ocr_par' dir='ltr' id='par_1_31' title="bbox 610 3124 2185 3199">
     <span class='ocr_line' id='line_1_31' title="bbox 610 3124 2185 3199; baseline -0.006 -11"><span class='ocrx_word' id='word_1_185' title='bbox 610 3133 808 3189; x_wconf 85' lang='lat' dir='ltr'><strong>ordine</strong></span> <span class='ocrx_word' id='word_1_186' title='bbox 836 3131 1146 3187; x_wconf 83' lang='lat' dir='ltr'><strong>collocare:</strong></span> <span class='ocrx_word' id='word_1_187' title='bbox 1176 3129 1321 3199; x_wconf 91' lang='lat' dir='ltr'><strong>quod</strong></span> <span class='ocrx_word' id='word_1_188' title='bbox 1346 3142 1525 3198; x_wconf 81' lang='lat' dir='ltr'><strong>operae</strong></span> <span class='ocrx_word' id='word_1_189' title='bbox 1568 3126 1805 3195; x_wconf 87' lang='lat' dir='ltr'><strong>pretium</strong></span> <span class='ocrx_word' id='word_1_190' title='bbox 1838 3140 1938 3180; x_wconf 88' lang='lat' dir='ltr'><strong>nos</strong></span> <span class='ocrx_word' id='word_1_191' title='bbox 1960 3124 2046 3180; x_wconf 90' lang='lat' dir='ltr'><strong>his</strong></span> <span class='ocrx_word' id='word_1_192' title='bbox 2086 3141 2185 3179; x_wconf 78' lang='lat' dir='ltr'><strong>ex-</strong></span> 
     </span>
    </p>
   </div>
   <div class='ocr_carea' id='block_1_32' title="bbox 610 3216 2190 3291">
    <p class='ocr_par' dir='ltr' id='par_1_32' title="bbox 610 3216 2190 3291">
     <span class='ocr_line' id='line_1_32' title="bbox 610 3216 2190 3291; baseline -0.004 -12"><span class='ocrx_word' id='word_1_193' title='bbox 610 3224 879 3291; x_wconf 64' lang='lat' dir='ltr'><strong>ponendis</strong></span> <span class='ocrx_word' id='word_1_194' title='bbox 918 3223 1159 3277; x_wconf 80' lang='lat' dir='ltr'><strong>facturos</strong></span> <span class='ocrx_word' id='word_1_195' title='bbox 1208 3220 1616 3283; x_wconf 81' lang='lat' dir='ltr'><strong>existimemus,</strong></span> <span class='ocrx_word' id='word_1_196' title='bbox 1655 3216 1750 3287; x_wconf 90' lang='lat' dir='ltr'><strong>qui</strong></span> <span class='ocrx_word' id='word_1_197' title='bbox 1814 3232 2190 3286; x_wconf 68' lang='lat' dir='ltr'><strong>saepenumero</strong></span> 
     </span>
    </p>
   </div>
   <div class='ocr_carea' id='block_1_33' title="bbox 610 3307 2187 3382">
    <p class='ocr_par' dir='ltr' id='par_1_33' title="bbox 610 3307 2187 3382">
     <span class='ocr_line' id='line_1_33' title="bbox 610 3307 2187 3382; baseline -0.003 -17"><span class='ocrx_word' id='word_1_198' title='bbox 610 3311 854 3382; x_wconf 76' lang='lat' dir='ltr'><strong>lcgenlis</strong></span> <span class='ocrx_word' id='word_1_199' title='bbox 907 3310 1176 3373; x_wconf 87' lang='lat' dir='ltr'><strong>historiis,</strong></span> <span class='ocrx_word' id='word_1_200' title='bbox 1217 3310 1289 3365; x_wconf 92' lang='lat' dir='ltr'><strong>ob</strong></span> <span class='ocrx_word' id='word_1_201' title='bbox 1333 3310 1525 3363; x_wconf 87' lang='lat' dir='ltr'><strong>harum</strong></span> <span class='ocrx_word' id='word_1_202' title='bbox 1586 3316 1694 3361; x_wconf 90' lang='lat' dir='ltr'><strong>tam</strong></span> <span class='ocrx_word' id='word_1_203' title='bbox 1743 3307 2187 3377; x_wconf 85' lang='lat' dir='ltr'><strong>appellationum,</strong></span> 
     </span>
    </p>
   </div>
   <div class='ocr_carea' id='block_1_34' title="bbox 607 3399 2190 3475">
    <p class='ocr_par' dir='ltr' id='par_1_34' title="bbox 607 3399 2190 3475">
     <span class='ocr_line' id='line_1_34' title="bbox 607 3399 2190 3475; baseline -0.003 -18"><span class='ocrx_word' id='word_1_204' title='bbox 607 3420 770 3473; x_wconf 86' lang='lat' dir='ltr'><strong>quam</strong></span> <span class='ocrx_word' id='word_1_205' title='bbox 807 3407 946 3459; x_wconf 89' lang='lat' dir='ltr'><strong>situs</strong></span> <span class='ocrx_word' id='word_1_206' title='bbox 1009 3402 1436 3475; x_wconf 65' lang='lat' dir='ltr'><strong>ignorationem,</strong></span> <span class='ocrx_word' id='word_1_207' title='bbox 1496 3399 1727 3453; x_wconf 83' lang='lat' dir='ltr'><strong>miriﬁce</strong></span> <span class='ocrx_word' id='word_1_208' title='bbox 1786 3415 1885 3453; x_wconf 86' lang='lat' dir='ltr'><strong>nos</strong></span> <span class='ocrx_word' id='word_1_209' title='bbox 1945 3400 2190 3468; x_wconf 83' lang='lat' dir='ltr'><strong>torqueri</strong></span> 
     </span>
    </p>
   </div>
   <div class='ocr_carea' id='block_1_35' title="bbox 612 3488 2191 3561">
    <p class='ocr_par' dir='ltr' id='par_1_35' title="bbox 612 3488 2191 3561">
     <span class='ocr_line' id='line_1_35' title="bbox 612 3488 2191 3561; baseline -0.001 -15"><span class='ocrx_word' id='word_1_210' title='bbox 612 3495 987 3548; x_wconf 77' lang='lat' dir='ltr'><strong>meminimus.</strong></span> <span class='ocrx_word' id='word_1_211' title='bbox 1019 3492 1130 3547; x_wconf 81' lang='lat' dir='ltr'><strong>Nec</strong></span> <span class='ocrx_word' id='word_1_212' title='bbox 1193 3492 1369 3561; x_wconf 90' lang='lat' dir='ltr'><strong>ipsum</strong></span> <span class='ocrx_word' id='word_1_213' title='bbox 1400 3488 1636 3559; x_wconf 89' lang='lat' dir='ltr'><strong>Gyllium</strong></span> <span class='ocrx_word' id='word_1_214' title='bbox 1691 3492 2044 3545; x_wconf 82' lang='lat' dir='ltr'><strong>recensendis</strong></span> <span class='ocrx_word' id='word_1_215' title='bbox 2106 3491 2191 3544; x_wconf 89' lang='lat' dir='ltr'><strong>his</strong></span> 
     </span>
    </p>
   </div>
   <div class='ocr_carea' id='block_1_36' title="bbox 608 3583 2194 3654">
    <p class='ocr_par' dir='ltr' id='par_1_36' title="bbox 608 3583 2194 3654">
     <span class='ocr_line' id='line_1_36' title="bbox 608 3583 2194 3654; baseline -0.001 -15"><span class='ocrx_word' id='word_1_216' title='bbox 608 3586 888 3650; x_wconf 80' lang='lat' dir='ltr'><strong>oinnibus,</strong></span> <span class='ocrx_word' id='word_1_217' title='bbox 920 3594 976 3640; x_wconf 90' lang='lat' dir='ltr'><strong>et</strong></span> <span class='ocrx_word' id='word_1_218' title='bbox 1009 3593 1156 3639; x_wconf 80' lang='lat' dir='ltr'><strong>recte</strong></span> <span class='ocrx_word' id='word_1_219' title='bbox 1186 3583 1552 3654; x_wconf 84' lang='lat' dir='ltr'><strong>appellandis,</strong></span> <span class='ocrx_word' id='word_1_220' title='bbox 1588 3583 1669 3636; x_wconf 88' lang='lat' dir='ltr'><strong>vel</strong></span> <span class='ocrx_word' id='word_1_221' title='bbox 1703 3597 1769 3636; x_wconf 78' lang='lat' dir='ltr'><strong>ex</strong></span> <span class='ocrx_word' id='word_1_222' title='bbox 1805 3584 2033 3637; x_wconf 88' lang='lat' dir='ltr'><strong>semisse</strong></span> <span class='ocrx_word' id='word_1_223' title='bbox 2086 3584 2194 3638; x_wconf 90' lang='lat' dir='ltr'><strong>lec-</strong></span> 
     </span>
    </p>
   </div>
   <div class='ocr_carea' id='block_1_37' title="bbox 611 3676 2190 3744">
    <p class='ocr_par' dir='ltr' id='par_1_37' title="bbox 611 3676 2190 3744">
     <span class='ocr_line' id='line_1_37' title="bbox 611 3676 2190 3744; baseline 0.001 -13"><span class='ocrx_word' id='word_1_224' title='bbox 611 3678 717 3731; x_wconf 77' lang='lat' dir='ltr'><strong>tori</strong></span> <span class='ocrx_word' id='word_1_225' title='bbox 748 3677 945 3732; x_wconf 81' lang='lat' dir='ltr'><strong>fecisse</strong></span> <span class='ocrx_word' id='word_1_226' title='bbox 974 3678 1145 3743; x_wconf 86' lang='lat' dir='ltr'><strong>satis;</strong></span> <span class='ocrx_word' id='word_1_227' title='bbox 1208 3677 1529 3731; x_wconf 86' lang='lat' dir='ltr'><strong>iatebuntur</strong></span> <span class='ocrx_word' id='word_1_228' title='bbox 1562 3676 1620 3741; x_wconf 88' lang='lat' dir='ltr'><strong>ii,</strong></span> <span class='ocrx_word' id='word_1_229' title='bbox 1677 3678 1768 3744; x_wconf 90' lang='lat' dir='ltr'><strong>qui</strong></span> <span class='ocrx_word' id='word_1_230' title='bbox 1816 3687 2001 3731; x_wconf 76' lang='lat' dir='ltr'><strong>nostra</strong></span> <span class='ocrx_word' id='word_1_231' title='bbox 2066 3693 2190 3732; x_wconf 90' lang='lat' dir='ltr'><strong>cum</strong></span> 
     </span>
    </p>
   </div>
   <div class='ocr_carea' id='block_1_38' title="bbox 610 3767 2193 3842">
    <p class='ocr_par' dir='ltr' id='par_1_38' title="bbox 610 3767 2193 3842">
     <span class='ocr_line' id='line_1_38' title="bbox 610 3767 2193 3842; baseline -0.003 -15"><span class='ocrx_word' id='word_1_232' title='bbox 610 3771 881 3842; x_wconf 83' lang='lat' dir='ltr'><strong>Gyllianis</strong></span> <span class='ocrx_word' id='word_1_233' title='bbox 904 3769 1156 3825; x_wconf 78' lang='lat' dir='ltr'><strong>conferre</strong></span> <span class='ocrx_word' id='word_1_234' title='bbox 1185 3768 1479 3825; x_wconf 90' lang='lat' dir='ltr'><strong>voluerint.</strong></span> <span class='ocrx_word' id='word_1_235' title='bbox 1516 3767 1849 3836; x_wconf 75' lang='lat' dir='ltr'><strong>Incipiemus</strong></span> <span class='ocrx_word' id='word_1_236' title='bbox 1905 3777 2087 3824; x_wconf 91' lang='lat' dir='ltr'><strong>autem</strong></span> <span class='ocrx_word' id='word_1_237' title='bbox 2126 3771 2193 3823; x_wconf 88' lang='lat' dir='ltr'><strong>ab</strong></span> 
     </span>
    </p>
   </div>
   <div class='ocr_carea' id='block_1_39' title="bbox 613 3861 2193 3933">
    <p class='ocr_par' dir='ltr' id='par_1_39' title="bbox 613 3861 2193 3933">
     <span class='ocr_line' id='line_1_39' title="bbox 613 3861 2193 3933; baseline 0.001 -17"><span class='ocrx_word' id='word_1_238' title='bbox 613 3865 813 3933; x_wconf 90' lang='lat' dir='ltr'><strong>angulo</strong></span> <span class='ocrx_word' id='word_1_239' title='bbox 835 3862 989 3917; x_wconf 91' lang='lat' dir='ltr'><strong>urbis</strong></span> <span class='ocrx_word' id='word_1_240' title='bbox 1022 3862 1298 3928; x_wconf 89' lang='lat' dir='ltr'><strong>orientali,</strong></span> <span class='ocrx_word' id='word_1_241' title='bbox 1339 3862 1391 3916; x_wconf 92' lang='lat' dir='ltr'><strong>in</strong></span> <span class='ocrx_word' id='word_1_242' title='bbox 1420 3876 1528 3931; x_wconf 90' lang='lat' dir='ltr'><strong>quo</strong></span> <span class='ocrx_word' id='word_1_243' title='bbox 1561 3861 1731 3918; x_wconf 90' lang='lat' dir='ltr'><strong>situm</strong></span> <span class='ocrx_word' id='word_1_244' title='bbox 1789 3876 1915 3917; x_wconf 85' lang='lat' dir='ltr'><strong>esse</strong></span> <span class='ocrx_word' id='word_1_245' title='bbox 1968 3863 2193 3932; x_wconf 89' lang='lat' dir='ltr'><strong>genisa-</strong></span> 
     </span>
    </p>
   </div>
   <div class='ocr_carea' id='block_1_40' title="bbox 610 3954 2192 4025">
    <p class='ocr_par' dir='ltr' id='par_1_40' title="bbox 610 3954 2192 4025">
     <span class='ocr_line' id='line_1_40' title="bbox 610 3954 2192 4025; baseline -0.002 -13"><span class='ocrx_word' id='word_1_246' title='bbox 610 3956 812 4015; x_wconf 82' lang='lat' dir='ltr'><strong>raiutn,</strong></span> <span class='ocrx_word' id='word_1_247' title='bbox 842 3956 955 4010; x_wconf 89' lang='lat' dir='ltr'><strong>sive</strong></span> <span class='ocrx_word' id='word_1_248' title='bbox 987 3955 1278 4025; x_wconf 85' lang='lat' dir='ltr'><strong>palatium,</strong></span> <span class='ocrx_word' id='word_1_249' title='bbox 1312 3969 1564 4008; x_wconf 86' lang='lat' dir='ltr'><strong>arcemve</strong></span> <span class='ocrx_word' id='word_1_250' title='bbox 1606 3954 1960 4020; x_wconf 83' lang='lat' dir='ltr'><strong>sultauiuam,</strong></span> <span class='ocrx_word' id='word_1_251' title='bbox 2026 3969 2192 4024; x_wconf 86' lang='lat' dir='ltr'><strong>supe-</strong></span> 
     </span>
    </p>
   </div>
   <div class='ocr_carea' id='block_1_41' title="bbox 612 4045 2190 4116">
    <p class='ocr_par' dir='ltr' id='par_1_41' title="bbox 612 4045 2190 4116">
     <span class='ocr_line' id='line_1_41' title="bbox 612 4045 2190 4116; baseline -0.003 -13"><span class='ocrx_word' id='word_1_252' title='bbox 612 4050 730 4103; x_wconf 87' lang='lat' dir='ltr'><strong>rius</strong></span> <span class='ocrx_word' id='word_1_253' title='bbox 760 4046 863 4102; x_wconf 79' lang='lat' dir='ltr'><strong>l59</strong></span> <span class='ocrx_word' id='word_1_254' title='bbox 890 4062 1014 4116; x_wconf 89' lang='lat' dir='ltr'><strong>cap.</strong></span> <span class='ocrx_word' id='word_1_255' title='bbox 1051 4046 1422 4102; x_wconf 73' lang='lat' dir='ltr'><strong>ostendimus:</strong></span> <span class='ocrx_word' id='word_1_256' title='bbox 1451 4054 1507 4102; x_wconf 88' lang='lat' dir='ltr'><strong>et</strong></span> <span class='ocrx_word' id='word_1_257' title='bbox 1532 4046 1585 4100; x_wconf 92' lang='lat' dir='ltr'><strong>in</strong></span> <span class='ocrx_word' id='word_1_258' title='bbox 1610 4047 1789 4100; x_wconf 89' lang='lat' dir='ltr'><strong>littore</strong></span> <span class='ocrx_word' id='word_1_259' title='bbox 1812 4046 1968 4100; x_wconf 89' lang='lat' dir='ltr'><strong>sinus</strong></span> <span class='ocrx_word' id='word_1_260' title='bbox 2020 4045 2190 4100; x_wconf 87' lang='lat' dir='ltr'><strong>Cera-</strong></span> 
     </span>
    </p>
   </div>
   <div class='ocr_carea' id='block_1_42' title="bbox 614 4136 2193 4208">
    <p class='ocr_par' dir='ltr' id='par_1_42' title="bbox 614 4136 2193 4208">
     <span class='ocr_line' id='line_1_42' title="bbox 614 4136 2193 4208; baseline -0.001 -14"><span class='ocrx_word' id='word_1_261' title='bbox 614 4141 735 4203; x_wconf 93' lang='lat' dir='ltr'><strong>tiui,</strong></span> <span class='ocrx_word' id='word_1_262' title='bbox 771 4138 1299 4208; x_wconf 72' lang='lat' dir='ltr'><strong>Constantinopolim</strong></span> <span class='ocrx_word' id='word_1_263' title='bbox 1355 4153 1385 4193; x_wconf 88' lang='lat' dir='ltr'><strong>a</strong></span> <span class='ocrx_word' id='word_1_264' title='bbox 1426 4137 1610 4194; x_wconf 81' lang='lat' dir='ltr'><strong>Galata</strong></span> <span class='ocrx_word' id='word_1_265' title='bbox 1669 4138 2073 4200; x_wconf 77' lang='lat' dir='ltr'><strong>iutersecantis,</strong></span> <span class='ocrx_word' id='word_1_266' title='bbox 2126 4136 2193 4193; x_wconf 89' lang='lat' dir='ltr'><strong>de</strong></span> 
     </span>
    </p>
   </div>
   <div class='ocr_carea' id='block_1_43' title="bbox 611 4231 2191 4304">
    <p class='ocr_par' dir='ltr' id='par_1_43' title="bbox 611 4231 2191 4304">
     <span class='ocr_line' id='line_1_43' title="bbox 611 4231 2191 4304; baseline -0.001 -20"><span class='ocrx_word' id='word_1_267' title='bbox 611 4249 722 4304; x_wconf 87' lang='lat' dir='ltr'><strong>quo</strong></span> <span class='ocrx_word' id='word_1_268' title='bbox 754 4232 961 4288; x_wconf 90' lang='lat' dir='ltr'><strong>dictum</strong></span> <span class='ocrx_word' id='word_1_269' title='bbox 996 4246 1120 4303; x_wconf 87' lang='lat' dir='ltr'><strong>cap.</strong></span> <span class='ocrx_word' id='word_1_270' title='bbox 1150 4231 1269 4296; x_wconf 70' lang='grc'><strong>127,</strong></span> <span class='ocrx_word' id='word_1_271' title='bbox 1309 4240 1531 4302; x_wconf 78' lang='lat' dir='ltr'><strong>propter</strong></span> <span class='ocrx_word' id='word_1_272' title='bbox 1562 4232 1714 4287; x_wconf 87' lang='lat' dir='ltr'><strong>urbis</strong></span> <span class='ocrx_word' id='word_1_273' title='bbox 1767 4233 2034 4287; x_wconf 89' lang='lat' dir='ltr'><strong>orientale</strong></span> <span class='ocrx_word' id='word_1_274' title='bbox 2068 4248 2191 4302; x_wconf 86' lang='lat' dir='ltr'><strong>par-</strong></span> 
     </span>
    </p>
   </div>
   <div class='ocr_carea' id='block_1_44' title="bbox 612 4325 2187 4396">
    <p class='ocr_par' dir='ltr' id='par_1_44' title="bbox 612 4325 2187 4396">
     <span class='ocr_line' id='line_1_44' title="bbox 612 4325 2187 4396; baseline -0.001 -16"><span class='ocrx_word' id='word_1_275' title='bbox 612 4326 732 4392; x_wconf 88' lang='lat' dir='ltr'><strong>tim,</strong></span> <span class='ocrx_word' id='word_1_276' title='bbox 793 4327 988 4396; x_wconf 85' lang='lat' dir='ltr'><strong>partim</strong></span> <span class='ocrx_word' id='word_1_277' title='bbox 1044 4325 1472 4396; x_wconf 81' lang='lat' dir='ltr'><strong>septentrionale</strong></span> <span class='ocrx_word' id='word_1_278' title='bbox 1550 4325 1694 4380; x_wconf 85' lang='lat' dir='ltr'><strong>latus</strong></span> <span class='ocrx_word' id='word_1_279' title='bbox 1751 4326 2187 4395; x_wconf 81' lang='lat' dir='ltr'><strong>progrediendo,</strong></span> 
     </span>
    </p>
   </div>
   <div class='ocr_carea' id='block_1_45' title="bbox 611 4416 2192 4489">
    <p class='ocr_par' dir='ltr' id='par_1_45' title="bbox 611 4416 2192 4489">
     <span class='ocr_line' id='line_1_45' title="bbox 611 4416 2192 4489; baseline 0.001 -20"><span class='ocrx_word' id='word_1_280' title='bbox 611 4432 901 4488; x_wconf 85' lang='lat' dir='ltr'><strong>pergemus</strong></span> <span class='ocrx_word' id='word_1_281' title='bbox 934 4417 1003 4471; x_wconf 87' lang='lat' dir='ltr'><strong>ad</strong></span> <span class='ocrx_word' id='word_1_282' title='bbox 1033 4418 1290 4488; x_wconf 90' lang='lat' dir='ltr'><strong>angulum</strong></span> <span class='ocrx_word' id='word_1_283' title='bbox 1320 4416 1694 4489; x_wconf 80' lang='lat' dir='ltr'><strong>Pentapyrgii,</strong></span> <span class='ocrx_word' id='word_1_284' title='bbox 1726 4418 1819 4487; x_wconf 89' lang='lat' dir='ltr'><strong>qui</strong></span> <span class='ocrx_word' id='word_1_285' title='bbox 1874 4426 2022 4473; x_wconf 90' lang='lat' dir='ltr'><strong>recta</strong></span> <span class='ocrx_word' id='word_1_286' title='bbox 2069 4432 2192 4470; x_wconf 87' lang='lat' dir='ltr'><strong>ver-</strong></span> 
     </span>
    </p>
   </div>
   <div class='ocr_carea' id='block_1_46' title="bbox 612 4510 2192 4579">
    <p class='ocr_par' dir='ltr' id='par_1_46' title="bbox 612 4510 2192 4579">
     <span class='ocr_line' id='line_1_46' title="bbox 612 4510 2192 4579; baseline -0.001 -14"><span class='ocrx_word' id='word_1_287' title='bbox 612 4526 708 4565; x_wconf 89' lang='lat' dir='ltr'><strong>sus</strong></span> <span class='ocrx_word' id='word_1_288' title='bbox 737 4510 1054 4579; x_wconf 86' lang='lat' dir='ltr'><strong>aquilonem</strong></span> <span class='ocrx_word' id='word_1_289' title='bbox 1097 4518 1330 4578; x_wconf 89' lang='lat' dir='ltr'><strong>spectat,</strong></span> <span class='ocrx_word' id='word_1_290' title='bbox 1383 4519 1439 4564; x_wconf 89' lang='lat' dir='ltr'><strong>ct</strong></span> <span class='ocrx_word' id='word_1_291' title='bbox 1486 4524 1515 4562; x_wconf 88' lang='lat' dir='ltr'><strong>a</strong></span> <span class='ocrx_word' id='word_1_292' title='bbox 1560 4526 1669 4579; x_wconf 92' lang='lat' dir='ltr'><strong>quo</strong></span> <span class='ocrx_word' id='word_1_293' title='bbox 1725 4510 1862 4564; x_wconf 90' lang='lat' dir='ltr'><strong>muri</strong></span> <span class='ocrx_word' id='word_1_294' title='bbox 1917 4519 2192 4579; x_wconf 65' lang='lat' dir='ltr'><strong>portaeque</strong></span> 
     </span>
    </p>
   </div>
   <div class='ocr_carea' id='block_1_47' title="bbox 613 4600 2191 4671">
    <p class='ocr_par' dir='ltr' id='par_1_47' title="bbox 613 4600 2191 4671">
     <span class='ocr_line' id='line_1_47' title="bbox 613 4600 2191 4671; baseline 0.002 -18"><span class='ocrx_word' id='word_1_295' title='bbox 613 4602 1272 4670; x_wconf 68' lang='lat' dir='ltr'><strong>terrestresincipientes,</strong></span> <span class='ocrx_word' id='word_1_296' title='bbox 1311 4600 1377 4654; x_wconf 90' lang='lat' dir='ltr'><strong>ad</strong></span> <span class='ocrx_word' id='word_1_297' title='bbox 1411 4604 1671 4669; x_wconf 83' lang='lat' dir='ltr'><strong>angulum</strong></span> <span class='ocrx_word' id='word_1_298' title='bbox 1713 4616 1770 4654; x_wconf 85' lang='lat' dir='ltr'><strong>se</strong></span> <span class='ocrx_word' id='word_1_299' title='bbox 1809 4602 2027 4655; x_wconf 88' lang='lat' dir='ltr'><strong>tertium</strong></span> <span class='ocrx_word' id='word_1_300' title='bbox 2068 4618 2191 4671; x_wconf 85' lang='lat' dir='ltr'><strong>por-</strong></span> 
     </span>
    </p>
   </div>
   <div class='ocr_carea' id='block_1_48' title="bbox 614 4690 2191 4763">
    <p class='ocr_par' dir='ltr' id='par_1_48' title="bbox 614 4690 2191 4763">
     <span class='ocr_line' id='line_1_48' title="bbox 614 4690 2191 4763; baseline 0.002 -17"><span class='ocrx_word' id='word_1_301' title='bbox 614 4694 818 4761; x_wconf 81' lang='lat' dir='ltr'><strong>rigunt,</strong></span> <span class='ocrx_word' id='word_1_302' title='bbox 861 4693 1005 4747; x_wconf 83' lang='lat' dir='ltr'><strong>arcis</strong></span> <span class='ocrx_word' id='word_1_303' title='bbox 1068 4691 1413 4763; x_wconf 81' lang='lat' dir='ltr'><strong>Heptapyrgii</strong></span> <span class='ocrx_word' id='word_1_304' title='bbox 1468 4692 1550 4745; x_wconf 85' lang='lat' dir='ltr'><strong>vel</strong></span> <span class='ocrx_word' id='word_1_305' title='bbox 1586 4690 1849 4746; x_wconf 75' lang='lat' dir='ltr'><strong>Jedicula:</strong></span> <span class='ocrx_word' id='word_1_306' title='bbox 1883 4700 2191 4749; x_wconf 87' lang='lat' dir='ltr'><strong>structuras</strong></span> 
     </span>
    </p>
   </div>
   <div class='ocr_carea' id='block_1_49' title="bbox 610 4783 2193 4854">
    <p class='ocr_par' dir='ltr' id='par_1_49' title="bbox 610 4783 2193 4854">
     <span class='ocr_line' id='line_1_49' title="bbox 610 4783 2193 4854; baseline 0.002 -18"><span class='ocrx_word' id='word_1_307' title='bbox 610 4784 996 4853; x_wconf 72' lang='lat' dir='ltr'><strong>complexum:</strong></span> <span class='ocrx_word' id='word_1_308' title='bbox 1032 4783 1175 4837; x_wconf 88' lang='lat' dir='ltr'><strong>unde</strong></span> <span class='ocrx_word' id='word_1_309' title='bbox 1203 4799 1394 4838; x_wconf 89' lang='lat' dir='ltr'><strong>versus</strong></span> <span class='ocrx_word' id='word_1_310' title='bbox 1449 4784 1709 4854; x_wconf 79' lang='lat' dir='ltr'><strong>angulum</strong></span> <span class='ocrx_word' id='word_1_311' title='bbox 1755 4785 1991 4854; x_wconf 89' lang='lat' dir='ltr'><strong>primum</strong></span> <span class='ocrx_word' id='word_1_312' title='bbox 2023 4786 2073 4838; x_wconf 89' lang='lat' dir='ltr'><strong>in</strong></span> <span class='ocrx_word' id='word_1_313' title='bbox 2108 4785 2193 4839; x_wconf 82' lang='lat' dir='ltr'><strong>lit—</strong></span> 
     </span>
    </p>
   </div>
   <div class='ocr_carea' id='block_1_50' title="bbox 616 4873 2187 4942">
    <p class='ocr_par' dir='ltr' id='par_1_50' title="bbox 616 4873 2187 4942">
     <span class='ocr_line' id='line_1_50' title="bbox 616 4873 2187 4942; baseline 0.002 -15"><span class='ocrx_word' id='word_1_314' title='bbox 616 4885 735 4929; x_wconf 88' lang='lat' dir='ltr'><strong>tore</strong></span> <span class='ocrx_word' id='word_1_315' title='bbox 764 4873 1116 4942; x_wconf 87' lang='lat' dir='ltr'><strong>Propontidis</strong></span> <span class='ocrx_word' id='word_1_316' title='bbox 1150 4874 1500 4940; x_wconf 80' lang='lat' dir='ltr'><strong>reﬂectendo,</strong></span> <span class='ocrx_word' id='word_1_317' title='bbox 1534 4884 1704 4928; x_wconf 91' lang='lat' dir='ltr'><strong>totam</strong></span> <span class='ocrx_word' id='word_1_318' title='bbox 1739 4876 1954 4931; x_wconf 86' lang='lat' dir='ltr'><strong>scilicet</strong></span> <span class='ocrx_word' id='word_1_319' title='bbox 2002 4877 2187 4931; x_wconf 86' lang='lat' dir='ltr'><strong>urbem</strong></span> 
     </span>
    </p>
   </div>
   <div class='ocr_carea' id='block_1_51' title="bbox 612 4966 1913 5035">
    <p class='ocr_par' dir='ltr' id='par_1_51' title="bbox 612 4966 1913 5035">
     <span class='ocr_line' id='line_1_51' title="bbox 612 4966 1913 5035; baseline -0.001 -13"><span class='ocrx_word' id='word_1_320' title='bbox 612 4966 1052 5031; x_wconf 83' lang='lat' dir='ltr'><strong>circumibimus,</strong></span> <span class='ocrx_word' id='word_1_321' title='bbox 1078 4966 1363 5035; x_wconf 87' lang='lat' dir='ltr'><strong>portisque</strong></span> <span class='ocrx_word' id='word_1_322' title='bbox 1393 4969 1511 5023; x_wconf 89' lang='lat' dir='ltr'><strong>suis</strong></span> <span class='ocrx_word' id='word_1_323' title='bbox 1549 4968 1913 5022; x_wconf 85' lang='lat' dir='ltr'><strong>includemus.</strong></span> 
     </span>
    </p>
   </div>
   <div class='ocr_carea' id='block_1_52' title="bbox 686 5057 2187 5127">
    <p class='ocr_par' dir='ltr' id='par_1_52' title="bbox 686 5057 2187 5127">
     <span class='ocr_line' id='line_1_52' title="bbox 686 5057 2187 5127; baseline 0.003 -17"><span class='ocrx_word' id='word_1_324' title='bbox 686 5057 777 5111; x_wconf 79' lang='lat' dir='ltr'><strong>Est</strong></span> <span class='ocrx_word' id='word_1_325' title='bbox 800 5059 965 5127; x_wconf 87' lang='lat' dir='ltr'><strong>igitur</strong></span> <span class='ocrx_word' id='word_1_326' title='bbox 997 5058 1171 5126; x_wconf 90' lang='lat' dir='ltr'><strong>prima</strong></span> <span class='ocrx_word' id='word_1_327' title='bbox 1216 5058 1519 5111; x_wconf 88' lang='lat' dir='ltr'><strong>secundum</strong></span> <span class='ocrx_word' id='word_1_328' title='bbox 1580 5060 1793 5113; x_wconf 72' lang='lat' dir='ltr'><strong>radices</strong></span> <span class='ocrx_word' id='word_1_329' title='bbox 1827 5061 2187 5127; x_wconf 90' lang='lat' dir='ltr'><strong>promontorii</strong></span> 
     </span>
    </p>
   </div>
   <div class='ocr_carea' id='block_1_53' title="bbox 610 5152 2189 5225">
    <p class='ocr_par' dir='ltr' id='par_1_53' title="bbox 610 5152 2189 5225">
     <span class='ocr_line' id='line_1_53' title="bbox 610 5152 2189 5225; baseline 0.002 -18"><span class='ocrx_word' id='word_1_330' title='bbox 610 5156 755 5208; x_wconf 74' lang='lat' dir='ltr'><strong>arcis</strong></span> <span class='ocrx_word' id='word_1_331' title='bbox 790 5153 1079 5207; x_wconf 81' lang='lat' dir='ltr'><strong>sultanina:</strong></span> <span class='ocrx_word' id='word_1_332' title='bbox 1112 5162 1288 5222; x_wconf 89' lang='lat' dir='ltr'><strong>porta,</strong></span> <span class='ocrx_word' id='word_1_333' title='bbox 1315 5168 1436 5221; x_wconf 71' lang='lat' dir='ltr'><strong>quae</strong></span> <span class='ocrx_word' id='word_1_334' title='bbox 1468 5152 1672 5207; x_wconf 83' lang='lat' dir='ltr'><strong>Graecis</strong></span> <span class='ocrx_word' id='word_1_335' title='bbox 1703 5164 1969 5225; x_wconf 78' lang='lat' dir='ltr'><strong>quotquot</strong></span> <span class='ocrx_word' id='word_1_336' title='bbox 2017 5155 2189 5210; x_wconf 88' lang='lat' dir='ltr'><strong>videri</strong></span> 
     </span>
    </p>
   </div>
   <div class='ocr_carea' id='block_1_54' title="bbox 610 5243 2190 5316">
    <p class='ocr_par' dir='ltr' id='par_1_54' title="bbox 610 5243 2190 5316">
     <span class='ocr_line' id='line_1_54' title="bbox 610 5243 2190 5316; baseline 0.003 -17"><span class='ocrx_word' id='word_1_337' title='bbox 610 5245 900 5314; x_wconf 86' lang='lat' dir='ltr'><strong>peritiores</strong></span> <span class='ocrx_word' id='word_1_338' title='bbox 930 5245 1141 5308; x_wconf 88' lang='lat' dir='ltr'><strong>volunt,</strong></span> <span class='ocrx_word' id='word_1_339' title='bbox 1191 5252 1346 5314; x_wconf 90' lang='lat' dir='ltr'><strong>porta</strong></span> <span class='ocrx_word' id='word_1_340' title='bbox 1380 5243 1568 5299; x_wconf 71' lang='lat' dir='ltr'><strong>Heraea</strong></span> <span class='ocrx_word' id='word_1_341' title='bbox 1605 5245 1825 5315; x_wconf 72' lang='grc' dir='ltr'><strong>(ὡραῖα)</strong></span> <span class='ocrx_word' id='word_1_342' title='bbox 1873 5246 2036 5316; x_wconf 81' lang='lat' dir='ltr'><strong>vulgo</strong></span> <span class='ocrx_word' id='word_1_343' title='bbox 2078 5248 2190 5303; x_wconf 79' lang='lat' dir='ltr'><strong>Au-</strong></span> 
     </span>
    </p>
   </div>
   <div class='ocr_carea' id='block_1_55' title="bbox 613 5336 2188 5406">
    <p class='ocr_par' dir='ltr' id='par_1_55' title="bbox 613 5336 2188 5406">
     <span class='ocr_line' id='line_1_55' title="bbox 613 5336 2188 5406; baseline 0.001 -14"><span class='ocrx_word' id='word_1_344' title='bbox 613 5353 719 5392; x_wconf 63' lang='lat' dir='ltr'><strong>ram</strong></span> <span class='ocrx_word' id='word_1_345' title='bbox 749 5336 1135 5391; x_wconf 91' lang='lat' dir='ltr'><strong>dicitur.lllud</strong></span> <span class='ocrx_word' id='word_1_346' title='bbox 1191 5351 1219 5389; x_wconf 91' lang='lat' dir='ltr'><strong>a</strong></span> <span class='ocrx_word' id='word_1_347' title='bbox 1273 5337 1679 5406; x_wconf 82' lang='lat' dir='ltr'><strong>pulchritudine</strong></span> <span class='ocrx_word' id='word_1_348' title='bbox 1733 5337 1934 5392; x_wconf 79' lang='lat' dir='ltr'><strong>factum</strong></span> <span class='ocrx_word' id='word_1_349' title='bbox 1993 5354 2188 5394; x_wconf 90' lang='lat' dir='ltr'><strong>nomen</strong></span> 
     </span>
    </p>
   </div>
   <div class='ocr_carea' id='block_1_56' title="bbox 610 5428 2191 5500">
    <p class='ocr_par' dir='ltr' id='par_1_56' title="bbox 610 5428 2191 5500">
     <span class='ocr_line' id='line_1_56' title="bbox 610 5428 2191 5500; baseline 0 -17"><span class='ocrx_word' id='word_1_350' title='bbox 610 5438 714 5493; x_wconf 80' lang='lat' dir='ltr'><strong>est,</strong></span> <span class='ocrx_word' id='word_1_351' title='bbox 749 5430 852 5482; x_wconf 88' lang='lat' dir='ltr'><strong>hoc</strong></span> <span class='ocrx_word' id='word_1_352' title='bbox 883 5444 912 5482; x_wconf 90' lang='lat' dir='ltr'><strong>a</strong></span> <span class='ocrx_word' id='word_1_353' title='bbox 939 5430 1074 5483; x_wconf 80' lang='lat' dir='ltr'><strong>vicis</strong></span> <span class='ocrx_word' id='word_1_354' title='bbox 1109 5439 1162 5485; x_wconf 89' lang='lat' dir='ltr'><strong>et</strong></span> <span class='ocrx_word' id='word_1_355' title='bbox 1182 5428 1428 5485; x_wconf 69' lang='lat' dir='ltr'><strong>aediliciis</strong></span> <span class='ocrx_word' id='word_1_356' title='bbox 1454 5429 1834 5495; x_wconf 74' lang='lat' dir='ltr'><strong>llehrzenrum,</strong></span> <span class='ocrx_word' id='word_1_357' title='bbox 1857 5430 1985 5485; x_wconf 87' lang='lat' dir='ltr'><strong>huic</strong></span> <span class='ocrx_word' id='word_1_358' title='bbox 2022 5438 2191 5500; x_wconf 77' lang='lat' dir='ltr'><strong>portae</strong></span> 
     </span>
    </p>
   </div>
   <div class='ocr_carea' id='block_1_57' title="bbox 612 5518 2187 5590">
    <p class='ocr_par' dir='ltr' id='par_1_57' title="bbox 612 5518 2187 5590">
     <span class='ocr_line' id='line_1_57' title="bbox 612 5518 2187 5590; baseline 0.001 -17"><span class='ocrx_word' id='word_1_359' title='bbox 612 5520 898 5588; x_wconf 76' lang='lat' dir='ltr'><strong>proximis.</strong></span> <span class='ocrx_word' id='word_1_360' title='bbox 929 5518 1192 5573; x_wconf 77' lang='lat' dir='ltr'><strong>Neutrum</strong></span> <span class='ocrx_word' id='word_1_361' title='bbox 1226 5529 1407 5575; x_wconf 89' lang='lat' dir='ltr'><strong>tamen</strong></span> <span class='ocrx_word' id='word_1_362' title='bbox 1460 5537 1645 5575; x_wconf 88' lang='lat' dir='ltr'><strong>verum</strong></span> <span class='ocrx_word' id='word_1_363' title='bbox 1672 5520 1790 5590; x_wconf 88' lang='lat' dir='ltr'><strong>ejus</strong></span> <span class='ocrx_word' id='word_1_364' title='bbox 1822 5529 1907 5576; x_wconf 89' lang='lat' dir='ltr'><strong>est</strong></span> <span class='ocrx_word' id='word_1_365' title='bbox 1966 5536 2187 5585; x_wconf 86' lang='lat' dir='ltr'><strong>nomen,</strong></span> 
     </span>
    </p>
   </div>
   <div class='ocr_carea' id='block_1_58' title="bbox 610 5610 2189 5681">
    <p class='ocr_par' dir='ltr' id='par_1_58' title="bbox 610 5610 2189 5681">
     <span class='ocr_line' id='line_1_58' title="bbox 610 5610 2189 5681; baseline 0.001 -18"><span class='ocrx_word' id='word_1_366' title='bbox 610 5625 736 5663; x_wconf 82' lang='lat' dir='ltr'><strong>cum</strong></span> <span class='ocrx_word' id='word_1_367' title='bbox 764 5621 916 5681; x_wconf 86' lang='lat' dir='ltr'><strong>porta</strong></span> <span class='ocrx_word' id='word_1_368' title='bbox 943 5610 1121 5665; x_wconf 86' lang='lat' dir='ltr'><strong>Neorii</strong></span> <span class='ocrx_word' id='word_1_369' title='bbox 1153 5612 1225 5666; x_wconf 87' lang='lat' dir='ltr'><strong>sit</strong></span> <span class='ocrx_word' id='word_1_370' title='bbox 1252 5612 1566 5681; x_wconf 84' lang='lat' dir='ltr'><strong>appellanda</strong></span> <span class='ocrx_word' id='word_1_371' title='bbox 1590 5630 1602 5665; x_wconf 92' lang='lat'>:</span> <span class='ocrx_word' id='word_1_372' title='bbox 1637 5611 1782 5680; x_wconf 90' lang='lat' dir='ltr'><strong>quod</strong></span> <span class='ocrx_word' id='word_1_373' title='bbox 1814 5612 1939 5667; x_wconf 82' lang='lat' dir='ltr'><strong>istic</strong></span> <span class='ocrx_word' id='word_1_374' title='bbox 1960 5614 2189 5680; x_wconf 76' lang='grc' dir='ltr'>νεώριον</span> 
     </span>
    </p>
   </div>
   <div class='ocr_carea' id='block_1_59' title="bbox 615 5701 2183 5775">
    <p class='ocr_par' dir='ltr' id='par_1_59' title="bbox 615 5701 2183 5775">
     <span class='ocr_line' id='line_1_59' title="bbox 615 5701 2183 5775; baseline 0.003 -20"><span class='ocrx_word' id='word_1_375' title='bbox 615 5702 730 5758; x_wconf 87' lang='lat' dir='ltr'><strong>sive</strong></span> <span class='ocrx_word' id='word_1_376' title='bbox 758 5704 948 5759; x_wconf 85' lang='lat' dir='ltr'><strong>navale</strong></span> <span class='ocrx_word' id='word_1_377' title='bbox 978 5703 1250 5774; x_wconf 84' lang='lat' dir='ltr'><strong>quondam</strong></span> <span class='ocrx_word' id='word_1_378' title='bbox 1284 5701 1470 5771; x_wconf 79' lang='lat' dir='ltr'><strong>fuerit,</strong></span> <span class='ocrx_word' id='word_1_379' title='bbox 1506 5705 1581 5760; x_wconf 90' lang='lat' dir='ltr'><strong>uti</strong></span> <span class='ocrx_word' id='word_1_380' title='bbox 1611 5703 1819 5775; x_wconf 83' lang='lat' dir='ltr'><strong>Gyllius</strong></span> <span class='ocrx_word' id='word_1_381' title='bbox 1863 5703 2025 5760; x_wconf 88' lang='lat' dir='ltr'><strong>etiam</strong></span> <span class='ocrx_word' id='word_1_382' title='bbox 2059 5717 2183 5774; x_wconf 78' lang='lat' dir='ltr'><strong>pro—</strong></span> 
     </span>
    </p>
   </div>
   <div class='ocr_carea' id='block_1_60' title="bbox 1818 238 2645 301">
    <p class='ocr_par' dir='ltr' id='par_1_60' title="bbox 1818 238 2645 301">
     <span class='ocr_line' id='line_1_60' title="bbox 1818 238 2645 301; baseline -0.002 0"><span class='ocrx_word' id='word_1_383' title='bbox 1818 238 2144 301; x_wconf 80' lang='lat' dir='ltr'><strong>JOANNIS</strong></span> <span class='ocrx_word' id='word_1_384' title='bbox 2178 238 2645 300; x_wconf 71' lang='lat' dir='ltr'><strong>LEUNCLAVII</strong></span> 
     </span>
    </p>
   </div>
   <div class='ocr_carea' id='block_1_61' title="bbox 610 355 2199 436">
    <p class='ocr_par' dir='ltr' id='par_1_61' title="bbox 610 355 2199 436">
     <span class='ocr_line' id='line_1_61' title="bbox 610 355 2199 436; baseline -0.006 -15"><span class='ocrx_word' id='word_1_385' title='bbox 610 366 967 436; x_wconf 77' lang='lat' dir='ltr'><strong>intelligatur,</strong></span> <span class='ocrx_word' id='word_1_386' title='bbox 1030 364 1133 419; x_wconf 87' lang='lat' dir='ltr'><strong>hoc</strong></span> <span class='ocrx_word' id='word_1_387' title='bbox 1172 362 1414 426; x_wconf 90' lang='lat' dir='ltr'><strong>indutos,</strong></span> <span class='ocrx_word' id='word_1_388' title='bbox 1463 356 1573 429; x_wconf 77' lang='lat' dir='ltr'><strong>iam</strong></span> <span class='ocrx_word' id='word_1_389' title='bbox 1611 355 1789 412; x_wconf 77' lang='lat' dir='ltr'><strong>factos</strong></span> <span class='ocrx_word' id='word_1_390' title='bbox 1843 372 1970 412; x_wconf 85' lang='lat' dir='ltr'><strong>esse</strong></span> <span class='ocrx_word' id='word_1_391' title='bbox 2023 358 2199 426; x_wconf 88' lang='lat' dir='ltr'><strong>ponti-</strong></span> 
     </span>
    </p>
   </div>
   <div class='ocr_carea' id='block_1_62' title="bbox 3713 247 3798 310">
    <p class='ocr_par' dir='ltr' id='par_1_62' title="bbox 3713 247 3798 310">
     <span class='ocr_line' id='line_1_62' title="bbox 3713 247 3798 310; baseline -0.012 -1"><span class='ocrx_word' id='word_1_392' title='bbox 3713 247 3798 310; x_wconf 73' lang='lat'><strong>872</strong></span> 
     </span>
    </p>
   </div>
   <div class='ocr_carea' id='block_1_63' title="bbox 2226 357 3802 432">
    <p class='ocr_par' dir='ltr' id='par_1_63' title="bbox 2226 357 3802 432">
     <span class='ocr_line' id='line_1_63' title="bbox 2226 357 3802 432; baseline 0.005 -21"><span class='ocrx_word' id='word_1_393' title='bbox 2226 360 2280 422; x_wconf 73' lang='grc' dir='ltr'>Α</span> <span class='ocrx_word' id='word_1_394' title='bbox 2306 357 2415 412; x_wconf 87' lang='lat' dir='ltr'><strong>bat.</strong></span> <span class='ocrx_word' id='word_1_395' title='bbox 2452 357 2774 412; x_wconf 75' lang='lat' dir='ltr'><strong>Leonardus</strong></span> <span class='ocrx_word' id='word_1_396' title='bbox 2810 358 3066 413; x_wconf 81' lang='lat' dir='ltr'><strong>Citiensis</strong></span> <span class='ocrx_word' id='word_1_397' title='bbox 3097 358 3423 429; x_wconf 87' lang='lat' dir='ltr'><strong>imperialem</strong></span> <span class='ocrx_word' id='word_1_398' title='bbox 3453 372 3645 432; x_wconf 84' lang='lat' dir='ltr'><strong>portam</strong></span> <span class='ocrx_word' id='word_1_399' title='bbox 3674 378 3802 422; x_wconf 82' lang='lat' dir='ltr'><strong>vorat</strong></span> 
     </span>
    </p>
   </div>
   <div class='ocr_carea' id='block_1_64' title="bbox 2298 446 3802 523">
    <p class='ocr_par' dir='ltr' id='par_1_64' title="bbox 2298 446 3802 523">
     <span class='ocr_line' id='line_1_64' title="bbox 2298 446 3802 523; baseline -0.001 -22"><span class='ocrx_word' id='word_1_400' title='bbox 2298 446 2354 501; x_wconf 87' lang='lat' dir='ltr'><strong>in</strong></span> <span class='ocrx_word' id='word_1_401' title='bbox 2381 447 2686 504; x_wconf 88' lang='lat' dir='ltr'><strong>obsidionis</strong></span> <span class='ocrx_word' id='word_1_402' title='bbox 2723 448 2930 504; x_wconf 75' lang='lat' dir='ltr'><strong>ultima:</strong></span> <span class='ocrx_word' id='word_1_403' title='bbox 2957 450 3214 517; x_wconf 85' lang='lat' dir='ltr'><strong>historia,</strong></span> <span class='ocrx_word' id='word_1_404' title='bbox 3250 451 3393 504; x_wconf 90' lang='lat' dir='ltr'><strong>velut</strong></span> <span class='ocrx_word' id='word_1_405' title='bbox 3422 452 3525 507; x_wconf 88' lang='lat' dir='ltr'><strong>arci</strong></span> <span class='ocrx_word' id='word_1_406' title='bbox 3579 454 3802 523; x_wconf 80' lang='lat' dir='ltr'><strong>Augusta.</strong></span> 
     </span>
    </p>
   </div>
   <div class='ocr_carea' id='block_1_65' title="bbox 2295 536 3800 616">
    <p class='ocr_par' dir='ltr' id='par_1_65' title="bbox 2295 536 3800 616">
     <span class='ocr_line' id='line_1_65' title="bbox 2295 536 3800 616; baseline 0.007 -24"><span class='ocrx_word' id='word_1_407' title='bbox 2295 536 2330 592; x_wconf 90' lang='lat' dir='ltr'><strong>li</strong></span> <span class='ocrx_word' id='word_1_408' title='bbox 2370 540 2696 608; x_wconf 67' lang='lat' dir='ltr'><strong>proximam.</strong></span> <span class='ocrx_word' id='word_1_409' title='bbox 2728 540 2891 595; x_wconf 65' lang='lat' dir='ltr'><strong>Juxta</strong></span> <span class='ocrx_word' id='word_1_410' title='bbox 2932 552 3142 608; x_wconf 88' lang='lat' dir='ltr'><strong>portam</strong></span> <span class='ocrx_word' id='word_1_411' title='bbox 3174 544 3313 597; x_wconf 87' lang='lat' dir='ltr'><strong>hanc</strong></span> <span class='ocrx_word' id='word_1_412' title='bbox 3352 553 3427 598; x_wconf 87' lang='lat' dir='ltr'><strong>est</strong></span> <span class='ocrx_word' id='word_1_413' title='bbox 3456 545 3587 599; x_wconf 81' lang='lat' dir='ltr'><strong>scala</strong></span> <span class='ocrx_word' id='word_1_414' title='bbox 3617 545 3800 616; x_wconf 82' lang='lat' dir='ltr'><strong>Syceua,</strong></span> 
     </span>
    </p>
   </div>
   <div class='ocr_carea' id='block_1_66' title="bbox 2295 632 3802 704">
    <p class='ocr_par' dir='ltr' id='par_1_66' title="bbox 2295 632 3802 704">
     <span class='ocr_line' id='line_1_66' title="bbox 2295 632 3802 704; baseline 0.006 -20"><span class='ocrx_word' id='word_1_415' title='bbox 2295 632 2670 701; x_wconf 79' lang='lat' dir='ltr'><strong>trajertusque</strong></span> <span class='ocrx_word' id='word_1_416' title='bbox 2709 633 2978 704; x_wconf 84' lang='lat' dir='ltr'><strong>Syceuus,</strong></span> <span class='ocrx_word' id='word_1_417' title='bbox 3038 634 3120 689; x_wconf 85' lang='lat' dir='ltr'><strong>vel</strong></span> <span class='ocrx_word' id='word_1_418' title='bbox 3176 634 3380 690; x_wconf 61' lang='lat' dir='ltr'><strong>Galatae</strong></span> <span class='ocrx_word' id='word_1_419' title='bbox 3419 651 3638 702; x_wconf 81' lang='lat' dir='ltr'><strong>perama,</strong></span> <span class='ocrx_word' id='word_1_420' title='bbox 3690 639 3802 693; x_wconf 83' lang='lat' dir='ltr'><strong>sicut</strong></span> 
     </span>
    </p>
   </div>
   <div class='ocr_carea' id='block_1_67' title="bbox 2294 722 3801 785">
    <p class='ocr_par' dir='ltr' id='par_1_67' title="bbox 2294 722 3801 785">
     <span class='ocr_line' id='line_1_67' title="bbox 2294 722 3801 785; baseline 0.004 -7"><span class='ocrx_word' id='word_1_421' title='bbox 2294 722 2468 779; x_wconf 66' lang='lat' dir='ltr'><strong>Graeci</strong></span> <span class='ocrx_word' id='word_1_422' title='bbox 2487 736 2704 779; x_wconf 86' lang='lat' dir='ltr'><strong>vocant.</strong></span> <span class='ocrx_word' id='word_1_423' title='bbox 2736 724 2792 779; x_wconf 90' lang='lat' dir='ltr'><strong>lu</strong></span> <span class='ocrx_word' id='word_1_424' title='bbox 2820 734 2935 781; x_wconf 91' lang='lat' dir='ltr'><strong>toto</strong></span> <span class='ocrx_word' id='word_1_425' title='bbox 2959 728 3082 782; x_wconf 90' lang='lat' dir='ltr'><strong>sinu</strong></span> <span class='ocrx_word' id='word_1_426' title='bbox 3108 727 3272 781; x_wconf 90' lang='lat' dir='ltr'><strong>multa</strong></span> <span class='ocrx_word' id='word_1_427' title='bbox 3303 729 3650 783; x_wconf 84' lang='lat' dir='ltr'><strong>navicularum</strong></span> <span class='ocrx_word' id='word_1_428' title='bbox 3672 731 3801 785; x_wconf 79' lang='lat' dir='ltr'><strong>millia</strong></span> 
     </span>
    </p>
   </div>
   <div class='ocr_carea' id='block_1_68' title="bbox 2294 817 3803 891">
    <p class='ocr_par' dir='ltr' id='par_1_68' title="bbox 2294 817 3803 891">
     <span class='ocr_line' id='line_1_68' title="bbox 2294 817 3803 891; baseline 0.005 -23"><span class='ocrx_word' id='word_1_429' title='bbox 2294 817 2668 884; x_wconf 79' lang='lat' dir='ltr'><strong>reperiuntur,</strong></span> <span class='ocrx_word' id='word_1_430' title='bbox 2709 828 2763 873; x_wconf 90' lang='lat' dir='ltr'><strong>et</strong></span> <span class='ocrx_word' id='word_1_431' title='bbox 2816 820 2968 889; x_wconf 89' lang='lat' dir='ltr'><strong>plura</strong></span> <span class='ocrx_word' id='word_1_432' title='bbox 3022 820 3241 890; x_wconf 90' lang='lat' dir='ltr'><strong>quidem</strong></span> <span class='ocrx_word' id='word_1_433' title='bbox 3297 821 3543 891; x_wconf 90' lang='lat' dir='ltr'><strong>opinione</strong></span> <span class='ocrx_word' id='word_1_434' title='bbox 3582 838 3803 891; x_wconf 76' lang='lat' dir='ltr'><strong>quorum-</strong></span> 
     </span>
    </p>
   </div>
   <div class='ocr_carea' id='block_1_69' title="bbox 2293 906 3806 985">
    <p class='ocr_par' dir='ltr' id='par_1_69' title="bbox 2293 906 3806 985">
     <span class='ocr_line' id='line_1_69' title="bbox 2293 906 3806 985; baseline 0.007 -23"><span class='ocrx_word' id='word_1_435' title='bbox 2293 906 2443 975; x_wconf 85' lang='lat' dir='ltr'><strong>dam,</strong></span> <span class='ocrx_word' id='word_1_436' title='bbox 2474 910 3038 977; x_wconf 86' lang='lat' dir='ltr'><strong>quamGundularum</strong></span> <span class='ocrx_word' id='word_1_437' title='bbox 3082 912 3323 970; x_wconf 80' lang='lat' dir='ltr'><strong>Venetiis</strong></span> <span class='ocrx_word' id='word_1_438' title='bbox 3373 916 3605 985; x_wconf 83' lang='lat' dir='ltr'><strong>:quibus</strong></span> <span class='ocrx_word' id='word_1_439' title='bbox 3654 918 3806 984; x_wconf 84' lang='lat' dir='ltr'><strong>ingens</strong></span> 
     </span>
    </p>
   </div>
   <div class='ocr_carea' id='block_1_70' title="bbox 2296 1000 3804 1077">
    <p class='ocr_par' dir='ltr' id='par_1_70' title="bbox 2296 1000 3804 1077">
     <span class='ocr_line' id='line_1_70' title="bbox 2296 1000 3804 1077; baseline 0.007 -23"><span class='ocrx_word' id='word_1_440' title='bbox 2296 1000 2575 1055; x_wconf 89' lang='lat' dir='ltr'><strong>hominum</strong></span> <span class='ocrx_word' id='word_1_441' title='bbox 2606 1003 2898 1060; x_wconf 89' lang='lat' dir='ltr'><strong>multitudo</strong></span> <span class='ocrx_word' id='word_1_442' title='bbox 2924 1006 3155 1077; x_wconf 84' lang='lat' dir='ltr'><strong>singulis</strong></span> <span class='ocrx_word' id='word_1_443' title='bbox 3190 1012 3476 1064; x_wconf 89' lang='lat' dir='ltr'><strong>momentis</strong></span> <span class='ocrx_word' id='word_1_444' title='bbox 3505 1018 3641 1064; x_wconf 84' lang='lat' dir='ltr'><strong>trans</strong></span> <span class='ocrx_word' id='word_1_445' title='bbox 3663 1010 3804 1064; x_wconf 89' lang='lat' dir='ltr'><strong>sinum</strong></span> 
     </span>
    </p>
   </div>
   <div class='ocr_carea' id='block_1_71' title="bbox 2292 1094 3805 1167">
    <p class='ocr_par' dir='ltr' id='par_1_71' title="bbox 2292 1094 3805 1167">
     <span class='ocr_line' id='line_1_71' title="bbox 2292 1094 3805 1167; baseline 0.003 -18"><span class='ocrx_word' id='word_1_446' title='bbox 2292 1094 2632 1163; x_wconf 89' lang='lat' dir='ltr'><strong>Ceratinum,</strong></span> <span class='ocrx_word' id='word_1_447' title='bbox 2688 1108 2743 1152; x_wconf 91' lang='lat' dir='ltr'><strong>et</strong></span> <span class='ocrx_word' id='word_1_448' title='bbox 2768 1108 2921 1155; x_wconf 90' lang='lat' dir='ltr'><strong>trans</strong></span> <span class='ocrx_word' id='word_1_449' title='bbox 2978 1098 3315 1167; x_wconf 80' lang='lat' dir='ltr'><strong>Bosphorum</strong></span> <span class='ocrx_word' id='word_1_450' title='bbox 3348 1099 3414 1154; x_wconf 86' lang='lat' dir='ltr'><strong>ah</strong></span> <span class='ocrx_word' id='word_1_451' title='bbox 3471 1101 3593 1155; x_wconf 87' lang='lat' dir='ltr'><strong>urbe</strong></span> <span class='ocrx_word' id='word_1_452' title='bbox 3620 1101 3805 1165; x_wconf 84' lang='lat' dir='ltr'><strong>vehitur,</strong></span> 
     </span>
    </p>
   </div>
   <div class='ocr_carea' id='block_1_72' title="bbox 2295 1190 3805 1261">
    <p class='ocr_par' dir='ltr' id='par_1_72' title="bbox 2295 1190 3805 1261">
     <span class='ocr_line' id='line_1_72' title="bbox 2295 1190 3805 1261; baseline 0.002 -18"><span class='ocrx_word' id='word_1_453' title='bbox 2295 1203 2361 1243; x_wconf 88' lang='lat' dir='ltr'><strong>ac</strong></span> <span class='ocrx_word' id='word_1_454' title='bbox 2391 1190 2445 1243; x_wconf 91' lang='lat' dir='ltr'><strong>in</strong></span> <span class='ocrx_word' id='word_1_455' title='bbox 2479 1190 2665 1245; x_wconf 88' lang='lat' dir='ltr'><strong>urbem</strong></span> <span class='ocrx_word' id='word_1_456' title='bbox 2698 1192 2999 1248; x_wconf 88' lang='lat' dir='ltr'><strong>revehitur.</strong></span> <span class='ocrx_word' id='word_1_457' title='bbox 3046 1193 3180 1261; x_wconf 73' lang='lat' dir='ltr'><strong>Ipsae</strong></span> <span class='ocrx_word' id='word_1_458' title='bbox 3211 1192 3471 1247; x_wconf 65' lang='lat' dir='ltr'><strong>navicula)</strong></span> <span class='ocrx_word' id='word_1_459' title='bbox 3498 1200 3598 1246; x_wconf 79' lang='lat' dir='ltr'><strong>tam</strong></span> <span class='ocrx_word' id='word_1_460' title='bbox 3631 1191 3805 1256; x_wconf 75' lang='lat' dir='ltr'><strong>Turcis.</strong></span> 
     </span>
    </p>
   </div>
   <div class='ocr_carea' id='block_1_73' title="bbox 2295 1281 3809 1359">
    <p class='ocr_par' dir='ltr' id='par_1_73' title="bbox 2295 1281 3809 1359">
     <span class='ocr_line' id='line_1_73' title="bbox 2295 1281 3809 1359; baseline 0.005 -28"><span class='ocrx_word' id='word_1_461' title='bbox 2295 1295 2458 1349; x_wconf 88' lang='lat' dir='ltr'><strong>quam</strong></span> <span class='ocrx_word' id='word_1_462' title='bbox 2499 1281 2701 1341; x_wconf 71' lang='lat' dir='ltr'><strong>Graecis</strong></span> <span class='ocrx_word' id='word_1_463' title='bbox 2736 1292 2790 1337; x_wconf 89' lang='lat' dir='ltr'><strong>et</strong></span> <span class='ocrx_word' id='word_1_464' title='bbox 2820 1284 2962 1359; x_wconf 65' lang='lat' dir='ltr'><strong>aliis,</strong></span> <span class='ocrx_word' id='word_1_465' title='bbox 2992 1284 3061 1337; x_wconf 87' lang='lat' dir='ltr'><strong>ab</strong></span> <span class='ocrx_word' id='word_1_466' title='bbox 3095 1300 3218 1350; x_wconf 89' lang='lat' dir='ltr'><strong>usu,</strong></span> <span class='ocrx_word' id='word_1_467' title='bbox 3244 1299 3404 1354; x_wconf 90' lang='lat' dir='ltr'><strong>quem</strong></span> <span class='ocrx_word' id='word_1_468' title='bbox 3440 1284 3489 1338; x_wconf 94' lang='lat' dir='ltr'><strong>in</strong></span> <span class='ocrx_word' id='word_1_469' title='bbox 3519 1285 3809 1353; x_wconf 86' lang='lat' dir='ltr'><strong>transjicien-</strong></span> 
     </span>
    </p>
   </div>
   <div class='ocr_carea' id='block_1_74' title="bbox 2295 1372 3529 1447">
    <p class='ocr_par' dir='ltr' id='par_1_74' title="bbox 2295 1372 3529 1447">
     <span class='ocr_line' id='line_1_74' title="bbox 2295 1372 3529 1447; baseline 0.005 -22"><span class='ocrx_word' id='word_1_470' title='bbox 2295 1372 2365 1427; x_wconf 90' lang='lat' dir='ltr'><strong>do</strong></span> <span class='ocrx_word' id='word_1_471' title='bbox 2388 1384 2670 1442; x_wconf 68' lang='lat' dir='ltr'><strong>praestant,</strong></span> <span class='ocrx_word' id='word_1_472' title='bbox 2708 1376 2949 1431; x_wconf 73' lang='lat' dir='ltr'><strong>Peranna:</strong></span> <span class='ocrx_word' id='word_1_473' title='bbox 2970 1378 3133 1447; x_wconf 79' lang='lat' dir='ltr'><strong>vulgo</strong></span> <span class='ocrx_word' id='word_1_474' title='bbox 3159 1377 3529 1432; x_wconf 89' lang='lat' dir='ltr'><strong>nominantur.</strong></span> 
     </span>
    </p>
   </div>
   <div class='ocr_carea' id='block_1_75' title="bbox 2368 1464 3812 1536">
    <p class='ocr_par' dir='ltr' id='par_1_75' title="bbox 2368 1464 3812 1536">
     <span class='ocr_line' id='line_1_75' title="bbox 2368 1464 3812 1536; baseline 0 -16"><span class='ocrx_word' id='word_1_475' title='bbox 2368 1464 2620 1520; x_wconf 84' lang='lat' dir='ltr'><strong>Secunda</strong></span> <span class='ocrx_word' id='word_1_476' title='bbox 2650 1469 2847 1524; x_wconf 86' lang='lat' dir='ltr'><strong>Turcis</strong></span> <span class='ocrx_word' id='word_1_477' title='bbox 2894 1469 3226 1524; x_wconf 79' lang='lat' dir='ltr'><strong>Balucbazar</strong></span> <span class='ocrx_word' id='word_1_478' title='bbox 3256 1481 3502 1535; x_wconf 83' lang='lat' dir='ltr'><strong>vocatur,</strong></span> <span class='ocrx_word' id='word_1_479' title='bbox 3551 1485 3577 1523; x_wconf 88' lang='lat' dir='ltr'><strong>a</strong></span> <span class='ocrx_word' id='word_1_480' title='bbox 3599 1469 3701 1522; x_wconf 89' lang='lat' dir='ltr'><strong>l&#39;oro</strong></span> <span class='ocrx_word' id='word_1_481' title='bbox 3728 1468 3812 1536; x_wconf 85' lang='lat' dir='ltr'><strong>pis-</strong></span> 
     </span>
    </p>
   </div>
   <div class='ocr_carea' id='block_1_76' title="bbox 2293 1558 3811 1632">
    <p class='ocr_par' dir='ltr' id='par_1_76' title="bbox 2293 1558 3811 1632">
     <span class='ocr_line' id='line_1_76' title="bbox 2293 1558 3811 1632; baseline -0.001 -19"><span class='ocrx_word' id='word_1_482' title='bbox 2293 1559 2466 1613; x_wconf 88' lang='lat' dir='ltr'><strong>cario.</strong></span> <span class='ocrx_word' id='word_1_483' title='bbox 2496 1558 2692 1625; x_wconf 74' lang='lat' dir='ltr'><strong>Gmci,</strong></span> <span class='ocrx_word' id='word_1_484' title='bbox 2720 1561 2849 1617; x_wconf 91' lang='lat' dir='ltr'><strong>licet</strong></span> <span class='ocrx_word' id='word_1_485' title='bbox 2881 1562 3052 1616; x_wconf 86' lang='lat' dir='ltr'><strong>altera</strong></span> <span class='ocrx_word' id='word_1_486' title='bbox 3084 1561 3325 1618; x_wconf 89' lang='lat' dir='ltr'><strong>dictione</strong></span> <span class='ocrx_word' id='word_1_487' title='bbox 3358 1564 3513 1632; x_wconf 81' lang='lat' dir='ltr'><strong>vulgo</strong></span> <span class='ocrx_word' id='word_1_488' title='bbox 3543 1569 3811 1616; x_wconf 86' lang='lat' dir='ltr'><strong>nuncutsn-</strong></span> 
     </span>
    </p>
   </div>
   <div class='ocr_carea' id='block_1_77' title="bbox 2294 1651 3813 1725">
    <p class='ocr_par' dir='ltr' id='par_1_77' title="bbox 2294 1651 3813 1725">
     <span class='ocr_line' id='line_1_77' title="bbox 2294 1651 3813 1725; baseline 0.001 -20"><span class='ocrx_word' id='word_1_489' title='bbox 2294 1660 2402 1715; x_wconf 88' lang='lat' dir='ltr'><strong>tur,</strong></span> <span class='ocrx_word' id='word_1_490' title='bbox 2429 1661 2482 1707; x_wconf 88' lang='lat' dir='ltr'><strong>et</strong></span> <span class='ocrx_word' id='word_1_491' title='bbox 2509 1651 2771 1708; x_wconf 81' lang='lat' dir='ltr'><strong>Pazarion</strong></span> <span class='ocrx_word' id='word_1_492' title='bbox 2803 1654 2919 1711; x_wconf 86' lang='lat' dir='ltr'><strong>sive</strong></span> <span class='ocrx_word' id='word_1_493' title='bbox 2953 1654 3141 1709; x_wconf 83' lang='lat' dir='ltr'><strong>Pazari</strong></span> <span class='ocrx_word' id='word_1_494' title='bbox 3184 1654 3361 1710; x_wconf 78' lang='lat' dir='ltr'><strong>forum</strong></span> <span class='ocrx_word' id='word_1_495' title='bbox 3411 1655 3681 1725; x_wconf 88' lang='lat' dir='ltr'><strong>appellent,</strong></span> <span class='ocrx_word' id='word_1_496' title='bbox 3708 1668 3813 1707; x_wconf 81' lang='lat' dir='ltr'><strong>voce</strong></span> 
     </span>
    </p>
   </div>
   <div class='ocr_carea' id='block_1_78' title="bbox 2293 1746 3814 1804">
    <p class='ocr_par' dir='ltr' id='par_1_78' title="bbox 2293 1746 3814 1804">
     <span class='ocr_line' id='line_1_78' title="bbox 2293 1746 3814 1804; baseline -0.001 -4"><span class='ocrx_word' id='word_1_497' title='bbox 2293 1746 2633 1802; x_wconf 86' lang='lat' dir='ltr'><strong>Damasceno</strong></span> <span class='ocrx_word' id='word_1_498' title='bbox 2662 1748 2894 1803; x_wconf 72' lang='lat' dir='ltr'><strong>Studita:</strong></span> <span class='ocrx_word' id='word_1_499' title='bbox 2924 1747 3178 1804; x_wconf 84' lang='lat' dir='ltr'><strong>familiari</strong></span> <span class='ocrx_word' id='word_1_500' title='bbox 3204 1766 3220 1803; x_wconf 87' lang='lat'><strong>:</strong></span> <span class='ocrx_word' id='word_1_501' title='bbox 3286 1758 3464 1804; x_wconf 88' lang='lat' dir='ltr'><strong>tamen</strong></span> <span class='ocrx_word' id='word_1_502' title='bbox 3501 1749 3698 1803; x_wconf 85' lang='lat' dir='ltr'><strong>nomine</strong></span> <span class='ocrx_word' id='word_1_503' title='bbox 3723 1762 3814 1800; x_wconf 79' lang='lat' dir='ltr'><strong>ma-</strong></span> 
     </span>
    </p>
   </div>
   <div class='ocr_carea' id='block_1_79' title="bbox 2291 1839 3815 1913">
    <p class='ocr_par' dir='ltr' id='par_1_79' title="bbox 2291 1839 3815 1913">
     <span class='ocr_line' id='line_1_79' title="bbox 2291 1839 3815 1913; baseline -0.001 -20"><span class='ocrx_word' id='word_1_504' title='bbox 2291 1839 2375 1911; x_wconf 85' lang='lat' dir='ltr'><strong>gis</strong></span> <span class='ocrx_word' id='word_1_505' title='bbox 2408 1840 2671 1907; x_wconf 81' lang='lat' dir='ltr'><strong>originem</strong></span> <span class='ocrx_word' id='word_1_506' title='bbox 2695 1840 2939 1896; x_wconf 65' lang='lat' dir='ltr'><strong>Grmcam</strong></span> <span class='ocrx_word' id='word_1_507' title='bbox 2963 1845 3234 1912; x_wconf 87' lang='lat' dir='ltr'><strong>sapiente,</strong></span> <span class='ocrx_word' id='word_1_508' title='bbox 3264 1842 3612 1913; x_wconf 74' lang='grc' dir='ltr'><strong>ψαροπωλετα</strong></span> <span class='ocrx_word' id='word_1_509' title='bbox 3638 1855 3815 1910; x_wconf 84' lang='lat' dir='ltr'><strong>quoque</strong></span> 
     </span>
    </p>
   </div>
   <div class='ocr_carea' id='block_1_80' title="bbox 2290 1933 3811 2006">
    <p class='ocr_par' dir='ltr' id='par_1_80' title="bbox 2290 1933 3811 2006">
     <span class='ocr_line' id='line_1_80' title="bbox 2290 1933 3811 2006; baseline 0.001 -19"><span class='ocrx_word' id='word_1_510' title='bbox 2290 1942 2631 2000; x_wconf 87' lang='lat' dir='ltr'><strong>nuncupant,</strong></span> <span class='ocrx_word' id='word_1_511' title='bbox 2657 1948 2685 1987; x_wconf 92' lang='lat' dir='ltr'><strong>a</strong></span> <span class='ocrx_word' id='word_1_512' title='bbox 2740 1933 3098 1990; x_wconf 87' lang='lat' dir='ltr'><strong>distractione</strong></span> <span class='ocrx_word' id='word_1_513' title='bbox 3136 1935 3393 2006; x_wconf 85' lang='lat' dir='ltr'><strong>piscium.</strong></span> <span class='ocrx_word' id='word_1_514' title='bbox 3435 1934 3633 2005; x_wconf 84' lang='lat' dir='ltr'><strong>Quippe</strong></span> <span class='ocrx_word' id='word_1_515' title='bbox 3670 1934 3811 2005; x_wconf 79' lang='grc' dir='ltr'>ψαρὶα</span> 
     </span>
    </p>
   </div>
   <div class='ocr_carea' id='block_1_81' title="bbox 2295 2024 2804 2095">
    <p class='ocr_par' dir='ltr' id='par_1_81' title="bbox 2295 2024 2804 2095">
     <span class='ocr_line' id='line_1_81' title="bbox 2295 2024 2804 2095; baseline 0.008 -19"><span class='ocrx_word' id='word_1_516' title='bbox 2295 2024 2469 2095; x_wconf 81' lang='lat' dir='ltr'><strong>pisces</strong></span> <span class='ocrx_word' id='word_1_517' title='bbox 2508 2024 2804 2094; x_wconf 88' lang='lat' dir='ltr'><strong>appellant.</strong></span> 
     </span>
    </p>
   </div>
   <div class='ocr_carea' id='block_1_82' title="bbox 2364 2116 3811 2191">
    <p class='ocr_par' dir='ltr' id='par_1_82' title="bbox 2364 2116 3811 2191">
     <span class='ocr_line' id='line_1_82' title="bbox 2364 2116 3811 2191; baseline 0 -21"><span class='ocrx_word' id='word_1_518' title='bbox 2364 2116 2551 2172; x_wconf 83' lang='lat' dir='ltr'><strong>Tertia</strong></span> <span class='ocrx_word' id='word_1_519' title='bbox 2582 2116 2851 2173; x_wconf 84' lang='lat' dir='ltr'><strong>Gemiscle</strong></span> <span class='ocrx_word' id='word_1_520' title='bbox 2886 2117 3065 2187; x_wconf 90' lang='lat' dir='ltr'><strong>vulgo,</strong></span> <span class='ocrx_word' id='word_1_521' title='bbox 3090 2117 3271 2190; x_wconf 86' lang='lat' dir='ltr'><strong>Gyllio</strong></span> <span class='ocrx_word' id='word_1_522' title='bbox 3286 2120 3556 2191; x_wconf 83' lang='lat' dir='ltr'><strong>Gemicapi</strong></span> <span class='ocrx_word' id='word_1_523' title='bbox 3600 2119 3811 2175; x_wconf 83' lang='lat' dir='ltr'><strong>nomina-</strong></span> 
     </span>
    </p>
   </div>
   <div class='ocr_carea' id='block_1_83' title="bbox 2291 2213 3814 2282">
    <p class='ocr_par' dir='ltr' id='par_1_83' title="bbox 2291 2213 3814 2282">
     <span class='ocr_line' id='line_1_83' title="bbox 2291 2213 3814 2282; baseline 0.001 -18"><span class='ocrx_word' id='word_1_524' title='bbox 2291 2217 2402 2273; x_wconf 92' lang='lat' dir='ltr'><strong>tur,</strong></span> <span class='ocrx_word' id='word_1_525' title='bbox 2438 2224 2542 2263; x_wconf 89' lang='lat' dir='ltr'><strong>non</strong></span> <span class='ocrx_word' id='word_1_526' title='bbox 2577 2218 2723 2265; x_wconf 85' lang='lat' dir='ltr'><strong>recte</strong></span> <span class='ocrx_word' id='word_1_527' title='bbox 2757 2218 2959 2267; x_wconf 80' lang='lat' dir='ltr'><strong>tamen.</strong></span> <span class='ocrx_word' id='word_1_528' title='bbox 2993 2213 3131 2267; x_wconf 85' lang='lat' dir='ltr'><strong>Nam</strong></span> <span class='ocrx_word' id='word_1_529' title='bbox 3198 2213 3405 2269; x_wconf 88' lang='lat' dir='ltr'><strong>Gemisi</strong></span> <span class='ocrx_word' id='word_1_530' title='bbox 3443 2214 3644 2277; x_wconf 88' lang='lat' dir='ltr'><strong>Schele,</strong></span> <span class='ocrx_word' id='word_1_531' title='bbox 3689 2213 3814 2282; x_wconf 78' lang='lat' dir='ltr'><strong>quasi</strong></span> 
     </span>
    </p>
   </div>
   <div class='ocr_carea' id='block_1_84' title="bbox 2291 2299 3816 2366">
    <p class='ocr_par' dir='ltr' id='par_1_84' title="bbox 2291 2299 3816 2366">
     <span class='ocr_line' id='line_1_84' title="bbox 2291 2299 3816 2366; baseline 0.002 -10"><span class='ocrx_word' id='word_1_532' title='bbox 2291 2300 2439 2356; x_wconf 89' lang='lat' dir='ltr'><strong>scala</strong></span> <span class='ocrx_word' id='word_1_533' title='bbox 2476 2299 2772 2366; x_wconf 83' lang='lat' dir='ltr'><strong>fructuum,</strong></span> <span class='ocrx_word' id='word_1_534' title='bbox 2796 2304 2899 2358; x_wconf 90' lang='lat' dir='ltr'><strong>dici</strong></span> <span class='ocrx_word' id='word_1_535' title='bbox 2933 2304 3191 2360; x_wconf 87' lang='lat' dir='ltr'><strong>debebat.</strong></span> <span class='ocrx_word' id='word_1_536' title='bbox 3250 2306 3317 2361; x_wconf 83' lang='lat' dir='ltr'><strong>Et</strong></span> <span class='ocrx_word' id='word_1_537' title='bbox 3369 2307 3565 2363; x_wconf 89' lang='lat' dir='ltr'><strong>scalam</strong></span> <span class='ocrx_word' id='word_1_538' title='bbox 3617 2306 3816 2360; x_wconf 75' lang='lat' dir='ltr'><strong>diximus</strong></span> 
     </span>
    </p>
   </div>
   <div class='ocr_carea' id='block_1_85' title="bbox 2290 2393 3817 2470">
    <p class='ocr_par' dir='ltr' id='par_1_85' title="bbox 2290 2393 3817 2470">
     <span class='ocr_line' id='line_1_85' title="bbox 2290 2393 3817 2470; baseline 0.003 -23"><span class='ocrx_word' id='word_1_539' title='bbox 2290 2393 2552 2462; x_wconf 90' lang='lat' dir='ltr'><strong>appellari</strong></span> <span class='ocrx_word' id='word_1_540' title='bbox 2582 2393 2791 2470; x_wconf 70' lang='lat' dir='ltr'><strong>locum,</strong></span> <span class='ocrx_word' id='word_1_541' title='bbox 2825 2396 2918 2451; x_wconf 89' lang='lat' dir='ltr'><strong>ubi</strong></span> <span class='ocrx_word' id='word_1_542' title='bbox 2952 2396 3020 2452; x_wconf 91' lang='lat' dir='ltr'><strong>de</strong></span> <span class='ocrx_word' id='word_1_543' title='bbox 3052 2397 3291 2468; x_wconf 86' lang='lat' dir='ltr'><strong>navigiis</strong></span> <span class='ocrx_word' id='word_1_544' title='bbox 3345 2399 3682 2455; x_wconf 82' lang='lat' dir='ltr'><strong>cxstenditur.</strong></span> <span class='ocrx_word' id='word_1_545' title='bbox 3728 2396 3817 2465; x_wconf 50' lang='lat' dir='ltr'><strong>Ap.</strong></span> 
     </span>
    </p>
   </div>
   <div class='ocr_carea' id='block_1_86' title="bbox 2290 2485 3818 2560">
    <p class='ocr_par' dir='ltr' id='par_1_86' title="bbox 2290 2485 3818 2560">
     <span class='ocr_line' id='line_1_86' title="bbox 2290 2485 3818 2560; baseline 0.003 -21"><span class='ocrx_word' id='word_1_546' title='bbox 2290 2485 2502 2555; x_wconf 91' lang='lat' dir='ltr'><strong>pellunt</strong></span> <span class='ocrx_word' id='word_1_547' title='bbox 2536 2496 2718 2542; x_wconf 89' lang='lat' dir='ltr'><strong>autem</strong></span> <span class='ocrx_word' id='word_1_548' title='bbox 2782 2488 2872 2543; x_wconf 92' lang='lat' dir='ltr'><strong>hic</strong></span> <span class='ocrx_word' id='word_1_549' title='bbox 2930 2505 3098 2546; x_wconf 87' lang='lat' dir='ltr'><strong>naves</strong></span> <span class='ocrx_word' id='word_1_550' title='bbox 3156 2500 3372 2549; x_wconf 71' lang='lat' dir='ltr'><strong>onustae</strong></span> <span class='ocrx_word' id='word_1_551' title='bbox 3424 2490 3592 2547; x_wconf 90' lang='lat' dir='ltr'><strong>omnis</strong></span> <span class='ocrx_word' id='word_1_552' title='bbox 3641 2488 3818 2560; x_wconf 86' lang='lat' dir='ltr'><strong>generis</strong></span> 
     </span>
    </p>
   </div>
   <div class='ocr_carea' id='block_1_87' title="bbox 2290 2574 3817 2647">
    <p class='ocr_par' dir='ltr' id='par_1_87' title="bbox 2290 2574 3817 2647">
     <span class='ocr_line' id='line_1_87' title="bbox 2290 2574 3817 2647; baseline -0.001 -16"><span class='ocrx_word' id='word_1_553' title='bbox 2290 2574 2585 2641; x_wconf 80' lang='lat' dir='ltr'><strong>fructibus,</strong></span> <span class='ocrx_word' id='word_1_554' title='bbox 2622 2588 2783 2647; x_wconf 91' lang='lat' dir='ltr'><strong>prout</strong></span> <span class='ocrx_word' id='word_1_555' title='bbox 2810 2580 2937 2634; x_wconf 81' lang='lat' dir='ltr'><strong>anni</strong></span> <span class='ocrx_word' id='word_1_556' title='bbox 2975 2587 3224 2647; x_wconf 88' lang='lat' dir='ltr'><strong>tempora</strong></span> <span class='ocrx_word' id='word_1_557' title='bbox 3253 2581 3464 2637; x_wconf 80' lang='lat' dir='ltr'><strong>ferunt:</strong></span> <span class='ocrx_word' id='word_1_558' title='bbox 3496 2582 3606 2635; x_wconf 90' lang='lat' dir='ltr'><strong>uvis</strong></span> <span class='ocrx_word' id='word_1_559' title='bbox 3628 2578 3817 2643; x_wconf 83' lang='lat' dir='ltr'><strong>scilicet,</strong></span> 
     </span>
    </p>
   </div>
   <div class='ocr_carea' id='block_1_88' title="bbox 2290 2669 3817 2745">
    <p class='ocr_par' dir='ltr' id='par_1_88' title="bbox 2290 2669 3817 2745">
     <span class='ocr_line' id='line_1_88' title="bbox 2290 2669 3817 2745; baseline 0 -22"><span class='ocrx_word' id='word_1_560' title='bbox 2290 2669 2493 2739; x_wconf 91' lang='lat' dir='ltr'><strong>pomis,</strong></span> <span class='ocrx_word' id='word_1_561' title='bbox 2562 2673 2718 2741; x_wconf 89' lang='lat' dir='ltr'><strong>piris,</strong></span> <span class='ocrx_word' id='word_1_562' title='bbox 2755 2672 2892 2736; x_wconf 65' lang='lat' dir='ltr'><strong>(iris,</strong></span> <span class='ocrx_word' id='word_1_563' title='bbox 2924 2673 3096 2739; x_wconf 87' lang='lat' dir='ltr'><strong>oriza,</strong></span> <span class='ocrx_word' id='word_1_564' title='bbox 3136 2676 3374 2731; x_wconf 67' lang='lat' dir='ltr'><strong>caeteris.</strong></span> <span class='ocrx_word' id='word_1_565' title='bbox 3408 2674 3564 2745; x_wconf 80' lang='lat' dir='ltr'><strong>Gyllii</strong></span> <span class='ocrx_word' id='word_1_566' title='bbox 3612 2672 3817 2729; x_wconf 81' lang='lat' dir='ltr'><strong>Gemica-</strong></span> 
     </span>
    </p>
   </div>
   <div class='ocr_carea' id='block_1_89' title="bbox 2290 2764 3816 2837">
    <p class='ocr_par' dir='ltr' id='par_1_89' title="bbox 2290 2764 3816 2837">
     <span class='ocr_line' id='line_1_89' title="bbox 2290 2764 3816 2837; baseline 0.001 -22"><span class='ocrx_word' id='word_1_567' title='bbox 2290 2764 2342 2832; x_wconf 91' lang='lat' dir='ltr'><strong>pi</strong></span> <span class='ocrx_word' id='word_1_568' title='bbox 2377 2774 2645 2818; x_wconf 86' lang='lat' dir='ltr'><strong>mutatum</strong></span> <span class='ocrx_word' id='word_1_569' title='bbox 2674 2765 2727 2819; x_wconf 92' lang='lat' dir='ltr'><strong>in</strong></span> <span class='ocrx_word' id='word_1_570' title='bbox 2766 2765 3117 2833; x_wconf 86' lang='lat' dir='ltr'><strong>Gemisicapi,</strong></span> <span class='ocrx_word' id='word_1_571' title='bbox 3175 2768 3446 2837; x_wconf 77' lang='lat' dir='ltr'><strong>signiﬁcat</strong></span> <span class='ocrx_word' id='word_1_572' title='bbox 3478 2778 3670 2837; x_wconf 87' lang='lat' dir='ltr'><strong>portam</strong></span> <span class='ocrx_word' id='word_1_573' title='bbox 3698 2766 3816 2819; x_wconf 80' lang='lat' dir='ltr'><strong>truc-</strong></span> 
     </span>
    </p>
   </div>
   <div class='ocr_carea' id='block_1_90' title="bbox 2293 2858 3816 2930">
    <p class='ocr_par' dir='ltr' id='par_1_90' title="bbox 2293 2858 3816 2930">
     <span class='ocr_line' id='line_1_90' title="bbox 2293 2858 3816 2930; baseline 0.003 -21"><span class='ocrx_word' id='word_1_574' title='bbox 2293 2864 2469 2910; x_wconf 89' lang='lat' dir='ltr'><strong>tuum.</strong></span> <span class='ocrx_word' id='word_1_575' title='bbox 2499 2858 2673 2913; x_wconf 70' lang='lat' dir='ltr'><strong>Grmei</strong></span> <span class='ocrx_word' id='word_1_576' title='bbox 2707 2874 2924 2928; x_wconf 89' lang='lat' dir='ltr'><strong>quoque</strong></span> <span class='ocrx_word' id='word_1_577' title='bbox 2961 2859 3324 2914; x_wconf 82' lang='lat' dir='ltr'><strong>Caraviomm</strong></span> <span class='ocrx_word' id='word_1_578' title='bbox 3382 2870 3585 2930; x_wconf 89' lang='lat' dir='ltr'><strong>portam</strong></span> <span class='ocrx_word' id='word_1_579' title='bbox 3635 2867 3816 2923; x_wconf 76' lang='lat' dir='ltr'><strong>voeant,</strong></span> 
     </span>
    </p>
   </div>
   <div class='ocr_carea' id='block_1_91' title="bbox 2293 2950 3815 3022">
    <p class='ocr_par' dir='ltr' id='par_1_91' title="bbox 2293 2950 3815 3022">
     <span class='ocr_line' id='line_1_91' title="bbox 2293 2950 3815 3022; baseline -0.001 -20"><span class='ocrx_word' id='word_1_580' title='bbox 2293 2950 2494 3017; x_wconf 83' lang='lat' dir='ltr'><strong>quibus</strong></span> <span class='ocrx_word' id='word_1_581' title='bbox 2525 2950 2766 3022; x_wconf 77' lang='grc' dir='ltr'><strong>καράϐια</strong></span> <span class='ocrx_word' id='word_1_582' title='bbox 2799 2960 2927 3006; x_wconf 91' lang='lat' dir='ltr'><strong>sunt</strong></span> <span class='ocrx_word' id='word_1_583' title='bbox 2959 2966 3145 3019; x_wconf 84' lang='lat' dir='ltr'><strong>naves,</strong></span> <span class='ocrx_word' id='word_1_584' title='bbox 3197 2954 3465 3008; x_wconf 89' lang='lat' dir='ltr'><strong>vocabulo</strong></span> <span class='ocrx_word' id='word_1_585' title='bbox 3512 2951 3815 3007; x_wconf 79' lang='lat' dir='ltr'><strong>Basilicarum</strong></span> 
     </span>
    </p>
   </div>
   <div class='ocr_carea' id='block_1_92' title="bbox 2217 3042 3813 3117">
    <p class='ocr_par' dir='ltr' id='par_1_92' title="bbox 2217 3042 3813 3117">
     <span class='ocr_line' id='line_1_92' title="bbox 2217 3042 3813 3117; baseline 0.002 -22"><span class='ocrx_word' id='word_1_586' title='bbox 2217 3058 2261 3117; x_wconf 70' lang='grc' dir='ltr'>α</span> <span class='ocrx_word' id='word_1_587' title='bbox 2295 3043 2456 3096; x_wconf 86' lang='lat' dir='ltr'><strong>etiam</strong></span> <span class='ocrx_word' id='word_1_588' title='bbox 2486 3042 2741 3112; x_wconf 71' lang='lat' dir='ltr'><strong>epitomze</strong></span> <span class='ocrx_word' id='word_1_589' title='bbox 2768 3054 2967 3101; x_wconf 73' lang='lat' dir='ltr'><strong>nostrae</strong></span> <span class='ocrx_word' id='word_1_590' title='bbox 3002 3046 3227 3113; x_wconf 89' lang='lat' dir='ltr'><strong>usitato,</strong></span> <span class='ocrx_word' id='word_1_591' title='bbox 3266 3047 3558 3117; x_wconf 59' lang='lat' dir='ltr'><strong>praesertim</strong></span> <span class='ocrx_word' id='word_1_592' title='bbox 3586 3044 3648 3101; x_wconf 86' lang='lat' dir='ltr'><strong>ad</strong></span> <span class='ocrx_word' id='word_1_593' title='bbox 3672 3044 3813 3114; x_wconf 72' lang='lat' dir='ltr'><strong>legem</strong></span> 
     </span>
    </p>
   </div>
   <div class='ocr_carea' id='block_1_93' title="bbox 2294 3134 2858 3204">
    <p class='ocr_par' dir='ltr' id='par_1_93' title="bbox 2294 3134 2858 3204">
     <span class='ocr_line' id='line_1_93' title="bbox 2294 3134 2858 3204; baseline 0.004 -15"><span class='ocrx_word' id='word_1_594' title='bbox 2294 3134 2562 3199; x_wconf 79' lang='lat' dir='ltr'><strong>Rhodiam</strong></span> <span class='ocrx_word' id='word_1_595' title='bbox 2597 3135 2665 3189; x_wconf 90' lang='lat' dir='ltr'><strong>de</strong></span> <span class='ocrx_word' id='word_1_596' title='bbox 2686 3136 2858 3204; x_wconf 81' lang='lat' dir='ltr'><strong>jactu.</strong></span> 
     </span>
    </p>
   </div>
   <div class='ocr_carea' id='block_1_94' title="bbox 2365 3225 3815 3303">
    <p class='ocr_par' dir='ltr' id='par_1_94' title="bbox 2365 3225 3815 3303">
     <span class='ocr_line' id='line_1_94' title="bbox 2365 3225 3815 3303; baseline 0.008 -27"><span class='ocrx_word' id='word_1_597' title='bbox 2365 3227 2568 3293; x_wconf 79' lang='lat' dir='ltr'><strong>Quarta</strong></span> <span class='ocrx_word' id='word_1_598' title='bbox 2611 3226 2806 3285; x_wconf 83' lang='lat' dir='ltr'><strong>Turcis</strong></span> <span class='ocrx_word' id='word_1_599' title='bbox 2842 3238 2917 3284; x_wconf 85' lang='lat' dir='ltr'><strong>est</strong></span> <span class='ocrx_word' id='word_1_600' title='bbox 2957 3230 3041 3285; x_wconf 79' lang='lat' dir='ltr'><strong>vel</strong></span> <span class='ocrx_word' id='word_1_601' title='bbox 3094 3228 3285 3287; x_wconf 91' lang='lat' dir='ltr'><strong>Ontun</strong></span> <span class='ocrx_word' id='word_1_602' title='bbox 3318 3232 3510 3303; x_wconf 88' lang='lat' dir='ltr'><strong>capisi,</strong></span> <span class='ocrx_word' id='word_1_603' title='bbox 3564 3230 3639 3286; x_wconf 86' lang='lat' dir='ltr'><strong>vel</strong></span> <span class='ocrx_word' id='word_1_604' title='bbox 3686 3225 3815 3300; x_wconf 67' lang='grc'><strong>678</strong></span> 
     </span>
    </p>
   </div>
   <div class='ocr_carea' id='block_1_95' title="bbox 2295 3321 3814 3392">
    <p class='ocr_par' dir='ltr' id='par_1_95' title="bbox 2295 3321 3814 3392">
     <span class='ocr_line' id='line_1_95' title="bbox 2295 3321 3814 3392; baseline -0.003 -17"><span class='ocrx_word' id='word_1_605' title='bbox 2295 3321 2495 3375; x_wconf 88' lang='lat' dir='ltr'><strong>Ontum</strong></span> <span class='ocrx_word' id='word_1_606' title='bbox 2554 3321 2781 3376; x_wconf 87' lang='lat' dir='ltr'><strong>schele:</strong></span> <span class='ocrx_word' id='word_1_607' title='bbox 2843 3337 3077 3390; x_wconf 88' lang='lat' dir='ltr'><strong>quorum</strong></span> <span class='ocrx_word' id='word_1_608' title='bbox 3134 3324 3271 3381; x_wconf 89' lang='lat' dir='ltr'><strong>illud</strong></span> <span class='ocrx_word' id='word_1_609' title='bbox 3329 3327 3546 3382; x_wconf 88' lang='lat' dir='ltr'><strong>denotat</strong></span> <span class='ocrx_word' id='word_1_610' title='bbox 3588 3324 3814 3392; x_wconf 83' lang='lat' dir='ltr'><strong>lignorum</strong></span> 
     </span>
    </p>
   </div>
   <div class='ocr_carea' id='block_1_96' title="bbox 2297 3408 3814 3487">
    <p class='ocr_par' dir='ltr' id='par_1_96' title="bbox 2297 3408 3814 3487">
     <span class='ocr_line' id='line_1_96' title="bbox 2297 3408 3814 3487; baseline 0.001 -23"><span class='ocrx_word' id='word_1_611' title='bbox 2297 3411 2711 3466; x_wconf 68' lang='lat' dir='ltr'><strong>si-alam.Gt-:eci</strong></span> <span class='ocrx_word' id='word_1_612' title='bbox 2747 3412 2828 3467; x_wconf 90' lang='lat' dir='ltr'><strong>vel</strong></span> <span class='ocrx_word' id='word_1_613' title='bbox 2875 3413 3048 3479; x_wconf 80' lang='grc' dir='ltr'><strong>ξύλων</strong></span> <span class='ocrx_word' id='word_1_614' title='bbox 3103 3415 3315 3485; x_wconf 80' lang='grc' dir='ltr'>πόρταν</span> <span class='ocrx_word' id='word_1_615' title='bbox 3375 3414 3698 3487; x_wconf 80' lang='lat' dir='ltr'><strong>disjunctive,</strong></span> <span class='ocrx_word' id='word_1_616' title='bbox 3750 3408 3814 3461; x_wconf 74' lang='lat' dir='ltr'><strong>vel</strong></span> 
     </span>
    </p>
   </div>
   <div class='ocr_carea' id='block_1_97' title="bbox 2298 3502 3815 3573">
    <p class='ocr_par' dir='ltr' id='par_1_97' title="bbox 2298 3502 3815 3573">
     <span class='ocr_line' id='line_1_97' title="bbox 2298 3502 3815 3573; baseline -0.001 -19"><span class='ocrx_word' id='word_1_617' title='bbox 2298 3502 2634 3572; x_wconf 71' lang='grc' dir='ltr'><strong>ξυλοπόρταν</strong></span> <span class='ocrx_word' id='word_1_618' title='bbox 2664 3506 2970 3573; x_wconf 89' lang='lat' dir='ltr'><strong>composite</strong></span> <span class='ocrx_word' id='word_1_619' title='bbox 3016 3514 3235 3562; x_wconf 86' lang='lat' dir='ltr'><strong>vocant.</strong></span> <span class='ocrx_word' id='word_1_620' title='bbox 3280 3507 3433 3562; x_wconf 91' lang='lat' dir='ltr'><strong>Dicta</strong></span> <span class='ocrx_word' id='word_1_621' title='bbox 3474 3522 3593 3561; x_wconf 90' lang='lat' dir='ltr'><strong>vero</strong></span> <span class='ocrx_word' id='word_1_622' title='bbox 3626 3503 3815 3558; x_wconf 73' lang='lat' dir='ltr'><strong>iuithac</strong></span> 
     </span>
    </p>
   </div>
   <div class='ocr_carea' id='block_1_98' title="bbox 2295 3592 3816 3668">
    <p class='ocr_par' dir='ltr' id='par_1_98' title="bbox 2295 3592 3816 3668">
     <span class='ocr_line' id='line_1_98' title="bbox 2295 3592 3816 3668; baseline 0.001 -21"><span class='ocrx_word' id='word_1_623' title='bbox 2295 3595 2563 3662; x_wconf 81' lang='lat' dir='ltr'><strong>lignorum</strong></span> <span class='ocrx_word' id='word_1_624' title='bbox 2588 3594 2703 3649; x_wconf 88' lang='lat' dir='ltr'><strong>sive</strong></span> <span class='ocrx_word' id='word_1_625' title='bbox 2732 3604 2909 3664; x_wconf 85' lang='lat' dir='ltr'><strong>porta,</strong></span> <span class='ocrx_word' id='word_1_626' title='bbox 2958 3596 3075 3652; x_wconf 91' lang='lat' dir='ltr'><strong>sive</strong></span> <span class='ocrx_word' id='word_1_627' title='bbox 3103 3600 3275 3665; x_wconf 82' lang='lat' dir='ltr'><strong>scala,</strong></span> <span class='ocrx_word' id='word_1_628' title='bbox 3325 3615 3433 3654; x_wconf 86' lang='lat' dir='ltr'><strong>non</strong></span> <span class='ocrx_word' id='word_1_629' title='bbox 3460 3599 3596 3668; x_wconf 90' lang='lat' dir='ltr'><strong>quod</strong></span> <span class='ocrx_word' id='word_1_630' title='bbox 3622 3599 3718 3667; x_wconf 85' lang='lat' dir='ltr'><strong>ipsa</strong></span> <span class='ocrx_word' id='word_1_631' title='bbox 3764 3592 3816 3645; x_wconf 78' lang='lat' dir='ltr'><strong>sit</strong></span> 
     </span>
    </p>
   </div>
   <div class='ocr_carea' id='block_1_99' title="bbox 2295 3686 3813 3760">
    <p class='ocr_par' dir='ltr' id='par_1_99' title="bbox 2295 3686 3813 3760">
     <span class='ocr_line' id='line_1_99' title="bbox 2295 3686 3813 3760; baseline 0.003 -20"><span class='ocrx_word' id='word_1_632' title='bbox 2295 3686 2497 3755; x_wconf 86' lang='lat' dir='ltr'><strong>lignea,</strong></span> <span class='ocrx_word' id='word_1_633' title='bbox 2529 3703 2690 3756; x_wconf 84' lang='lat' dir='ltr'><strong>quam</strong></span> <span class='ocrx_word' id='word_1_634' title='bbox 2725 3688 2951 3758; x_wconf 88' lang='lat' dir='ltr'><strong>reliquis</strong></span> <span class='ocrx_word' id='word_1_635' title='bbox 2981 3690 3215 3744; x_wconf 90' lang='lat' dir='ltr'><strong>similem</strong></span> <span class='ocrx_word' id='word_1_636' title='bbox 3252 3707 3346 3760; x_wconf 87' lang='lat' dir='ltr'><strong>per</strong></span> <span class='ocrx_word' id='word_1_637' title='bbox 3375 3693 3551 3745; x_wconf 89' lang='lat' dir='ltr'><strong>omnia</strong></span> <span class='ocrx_word' id='word_1_638' title='bbox 3604 3689 3813 3745; x_wconf 63' lang='lat' dir='ltr'><strong>vidimus,</strong></span> 
     </span>
    </p>
   </div>
   <div class='ocr_carea' id='block_1_100' title="bbox 2296 3778 3810 3854">
    <p class='ocr_par' dir='ltr' id='par_1_100' title="bbox 2296 3778 3810 3854">
     <span class='ocr_line' id='line_1_100' title="bbox 2296 3778 3810 3854; baseline -0.003 -21"><span class='ocrx_word' id='word_1_639' title='bbox 2296 3778 2349 3833; x_wconf 90' lang='lat' dir='ltr'><strong>id</strong></span> <span class='ocrx_word' id='word_1_640' title='bbox 2379 3788 2463 3833; x_wconf 88' lang='lat' dir='ltr'><strong>est</strong></span> <span class='ocrx_word' id='word_1_641' title='bbox 2490 3779 2780 3848; x_wconf 84' lang='lat' dir='ltr'><strong>lapideam,</strong></span> <span class='ocrx_word' id='word_1_642' title='bbox 2820 3781 2914 3835; x_wconf 89' lang='lat' dir='ltr'><strong>sed</strong></span> <span class='ocrx_word' id='word_1_643' title='bbox 2941 3782 3086 3851; x_wconf 88' lang='lat' dir='ltr'><strong>quod</strong></span> <span class='ocrx_word' id='word_1_644' title='bbox 3118 3782 3226 3837; x_wconf 91' lang='lat' dir='ltr'><strong>huc</strong></span> <span class='ocrx_word' id='word_1_645' title='bbox 3253 3784 3464 3854; x_wconf 86' lang='lat' dir='ltr'><strong>navigia</strong></span> <span class='ocrx_word' id='word_1_646' title='bbox 3496 3784 3638 3853; x_wconf 88' lang='lat' dir='ltr'><strong>lignis</strong></span> <span class='ocrx_word' id='word_1_647' title='bbox 3658 3785 3810 3832; x_wconf 76' lang='lat' dir='ltr'><strong>onusta</strong></span> 
     </span>
    </p>
   </div>
   <div class='ocr_carea' id='block_1_101' title="bbox 2297 3867 3811 3943">
    <p class='ocr_par' dir='ltr' id='par_1_101' title="bbox 2297 3867 3811 3943">
     <span class='ocr_line' id='line_1_101' title="bbox 2297 3867 3811 3943; baseline -0.007 -18"><span class='ocrx_word' id='word_1_648' title='bbox 2297 3870 2510 3925; x_wconf 90' lang='lat' dir='ltr'><strong>soleant</strong></span> <span class='ocrx_word' id='word_1_649' title='bbox 2546 3870 2844 3940; x_wconf 88' lang='lat' dir='ltr'><strong>appellere.</strong></span> <span class='ocrx_word' id='word_1_650' title='bbox 2889 3872 3010 3937; x_wconf 89' lang='lat' dir='ltr'><strong>Quo</strong></span> <span class='ocrx_word' id='word_1_651' title='bbox 3042 3873 3200 3927; x_wconf 86' lang='lat' dir='ltr'><strong>nobis</strong></span> <span class='ocrx_word' id='word_1_652' title='bbox 3256 3873 3488 3943; x_wconf 81' lang='lat' dir='ltr'><strong>ineptior</strong></span> <span class='ocrx_word' id='word_1_653' title='bbox 3519 3871 3669 3927; x_wconf 86' lang='lat' dir='ltr'><strong>videri</strong></span> <span class='ocrx_word' id='word_1_654' title='bbox 3693 3867 3811 3919; x_wconf 78' lang='lat' dir='ltr'><strong>debet</strong></span> 
     </span>
    </p>
   </div>
   <div class='ocr_carea' id='block_1_102' title="bbox 2299 3962 3808 4036">
    <p class='ocr_par' dir='ltr' id='par_1_102' title="bbox 2299 3962 3808 4036">
     <span class='ocr_line' id='line_1_102' title="bbox 2299 3962 3808 4036; baseline 0.003 -22"><span class='ocrx_word' id='word_1_655' title='bbox 2299 3962 2568 4032; x_wconf 88' lang='lat' dir='ltr'><strong>interpres</strong></span> <span class='ocrx_word' id='word_1_656' title='bbox 2599 3963 2821 4019; x_wconf 85' lang='lat' dir='ltr'><strong>Laonici</strong></span> <span class='ocrx_word' id='word_1_657' title='bbox 2856 3964 3119 4031; x_wconf 87' lang='lat' dir='ltr'><strong>Gallicus,</strong></span> <span class='ocrx_word' id='word_1_658' title='bbox 3152 3967 3248 4036; x_wconf 91' lang='lat' dir='ltr'><strong>qui</strong></span> <span class='ocrx_word' id='word_1_659' title='bbox 3281 3983 3389 4021; x_wconf 93' lang='lat' dir='ltr'><strong>non</strong></span> <span class='ocrx_word' id='word_1_660' title='bbox 3448 3966 3598 4021; x_wconf 91' lang='lat' dir='ltr'><strong>modo</strong></span> <span class='ocrx_word' id='word_1_661' title='bbox 3626 3970 3808 4031; x_wconf 64' lang='lat' dir='ltr'><strong>portam,</strong></span> 
     </span>
    </p>
   </div>
   <div class='ocr_carea' id='block_1_103' title="bbox 2297 4054 3809 4131">
    <p class='ocr_par' dir='ltr' id='par_1_103' title="bbox 2297 4054 3809 4131">
     <span class='ocr_line' id='line_1_103' title="bbox 2297 4054 3809 4131; baseline -0.006 -22"><span class='ocrx_word' id='word_1_662' title='bbox 2297 4054 2390 4109; x_wconf 88' lang='lat' dir='ltr'><strong>sed</strong></span> <span class='ocrx_word' id='word_1_663' title='bbox 2424 4055 2588 4109; x_wconf 87' lang='lat' dir='ltr'><strong>etiam</strong></span> <span class='ocrx_word' id='word_1_664' title='bbox 2624 4057 2882 4125; x_wconf 89' lang='lat' dir='ltr'><strong>palatium</strong></span> <span class='ocrx_word' id='word_1_665' title='bbox 2925 4058 3163 4127; x_wconf 88' lang='lat' dir='ltr'><strong>ligneum</strong></span> <span class='ocrx_word' id='word_1_666' title='bbox 3193 4063 3245 4115; x_wconf 92' lang='lat' dir='ltr'><strong>in</strong></span> <span class='ocrx_word' id='word_1_667' title='bbox 3282 4063 3369 4117; x_wconf 91' lang='lat' dir='ltr'><strong>illa</strong></span> <span class='ocrx_word' id='word_1_668' title='bbox 3403 4061 3657 4131; x_wconf 86' lang='lat' dir='ltr'><strong>quondam</strong></span> <span class='ocrx_word' id='word_1_669' title='bbox 3700 4066 3809 4107; x_wconf 83' lang='lat' dir='ltr'><strong>mar-</strong></span> 
     </span>
    </p>
   </div>
   <div class='ocr_carea' id='block_1_104' title="bbox 2297 4147 3805 4220">
    <p class='ocr_par' dir='ltr' id='par_1_104' title="bbox 2297 4147 3805 4220">
     <span class='ocr_line' id='line_1_104' title="bbox 2297 4147 3805 4220; baseline -0.002 -21"><span class='ocrx_word' id='word_1_670' title='bbox 2297 4161 2480 4200; x_wconf 85' lang='lat' dir='ltr'><strong>morea</strong></span> <span class='ocrx_word' id='word_1_671' title='bbox 2509 4147 2981 4219; x_wconf 87' lang='lat' dir='ltr'><strong>Constantinopoli</strong></span> <span class='ocrx_word' id='word_1_672' title='bbox 3008 4151 3210 4220; x_wconf 80' lang='lat' dir='ltr'><strong>lingere</strong></span> <span class='ocrx_word' id='word_1_673' title='bbox 3242 4155 3344 4208; x_wconf 78' lang='lat' dir='ltr'><strong>fuit</strong></span> <span class='ocrx_word' id='word_1_674' title='bbox 3366 4169 3544 4209; x_wconf 89' lang='lat' dir='ltr'><strong>ausus.</strong></span> <span class='ocrx_word' id='word_1_675' title='bbox 3577 4148 3805 4216; x_wconf 83' lang='lat' dir='ltr'><strong>Quodnam</strong></span> 
     </span>
    </p>
   </div>
   <div class='ocr_carea' id='block_1_105' title="bbox 2296 4239 3807 4314">
    <p class='ocr_par' dir='ltr' id='par_1_105' title="bbox 2296 4239 3807 4314">
     <span class='ocr_line' id='line_1_105' title="bbox 2296 4239 3807 4314; baseline 0 -24"><span class='ocrx_word' id='word_1_676' title='bbox 2296 4251 2427 4291; x_wconf 91' lang='lat' dir='ltr'><strong>vero</strong></span> <span class='ocrx_word' id='word_1_677' title='bbox 2456 4239 2718 4307; x_wconf 88' lang='lat' dir='ltr'><strong>palatium</strong></span> <span class='ocrx_word' id='word_1_678' title='bbox 2768 4241 2899 4296; x_wconf 88' lang='lat' dir='ltr'><strong>illud</strong></span> <span class='ocrx_word' id='word_1_679' title='bbox 2928 4242 3243 4314; x_wconf 74' lang='lat' dir='ltr'><strong>Xyloportte</strong></span> <span class='ocrx_word' id='word_1_680' title='bbox 3272 4246 3434 4301; x_wconf 81' lang='lat' dir='ltr'><strong>fuerit</strong></span> <span class='ocrx_word' id='word_1_681' title='bbox 3464 4247 3523 4300; x_wconf 91' lang='lat' dir='ltr'><strong>de</strong></span> <span class='ocrx_word' id='word_1_682' title='bbox 3572 4258 3668 4313; x_wconf 81' lang='lat' dir='ltr'><strong>quo</strong></span> <span class='ocrx_word' id='word_1_683' title='bbox 3706 4239 3807 4293; x_wconf 80' lang='lat' dir='ltr'><strong>Lao-</strong></span> 
     </span>
    </p>
   </div>
   <div class='ocr_carea' id='block_1_106' title="bbox 2296 4329 3763 4408">
    <p class='ocr_par' dir='ltr' id='par_1_106' title="bbox 2296 4329 3763 4408">
     <span class='ocr_line' id='line_1_106' title="bbox 2296 4329 3763 4408; baseline 0.005 -26"><span class='ocrx_word' id='word_1_684' title='bbox 2296 4329 2454 4384; x_wconf 89' lang='lat' dir='ltr'><strong>nicns</strong></span> <span class='ocrx_word' id='word_1_685' title='bbox 2485 4331 2728 4400; x_wconf 86' lang='lat' dir='ltr'><strong>loquitur</strong></span> <span class='ocrx_word' id='word_1_686' title='bbox 2753 4373 2768 4397; x_wconf 93' lang='lat'><strong>,</strong></span> <span class='ocrx_word' id='word_1_687' title='bbox 2800 4335 2852 4387; x_wconf 89' lang='lat' dir='ltr'><strong>in</strong></span> <span class='ocrx_word' id='word_1_688' title='bbox 2888 4337 3175 4391; x_wconf 80' lang='lat' dir='ltr'><strong>undecima</strong></span> <span class='ocrx_word' id='word_1_689' title='bbox 3207 4348 3363 4408; x_wconf 87' lang='lat' dir='ltr'><strong>porta</strong></span> <span class='ocrx_word' id='word_1_690' title='bbox 3390 4336 3763 4392; x_wconf 76' lang='lat' dir='ltr'><strong>declarabimus-</strong></span> 
     </span>
    </p>
   </div>
   <div class='ocr_carea' id='block_1_107' title="bbox 2226 4402 3807 4500">
    <p class='ocr_par' dir='ltr' id='par_1_107' title="bbox 2226 4402 3807 4500">
     <span class='ocr_line' id='line_1_107' title="bbox 2226 4402 3807 4500; baseline -0.004 -24"><span class='ocrx_word' id='word_1_691' title='bbox 2226 4402 2267 4454; x_wconf 69' lang='grc' dir='ltr'><strong>υ</strong></span> <span class='ocrx_word' id='word_1_692' title='bbox 2367 4420 2570 4486; x_wconf 87' lang='lat' dir='ltr'><strong>Quinta</strong></span> <span class='ocrx_word' id='word_1_693' title='bbox 2626 4423 2825 4482; x_wconf 89' lang='lat' dir='ltr'><strong>Turcis</strong></span> <span class='ocrx_word' id='word_1_694' title='bbox 2906 4428 3106 4482; x_wconf 88' lang='lat' dir='ltr'><strong>dicitur</strong></span> <span class='ocrx_word' id='word_1_695' title='bbox 3173 4402 3480 4496; x_wconf 66' lang='lat' dir='ltr'><strong>Unkahani,</strong></span> <span class='ocrx_word' id='word_1_696' title='bbox 3519 4427 3648 4500; x_wconf 89' lang='lat' dir='ltr'><strong>quod</strong></span> <span class='ocrx_word' id='word_1_697' title='bbox 3674 4419 3807 4478; x_wconf 68' lang='grc' dir='ltr'><strong>(ἔτπυί</strong></span> 
     </span>
    </p>
   </div>
   <div class='ocr_carea' id='block_1_108' title="bbox 2296 4508 3807 4583">
    <p class='ocr_par' dir='ltr' id='par_1_108' title="bbox 2296 4508 3807 4583">
     <span class='ocr_line' id='line_1_108' title="bbox 2296 4508 3807 4583; baseline 0.001 -19"><span class='ocrx_word' id='word_1_698' title='bbox 2296 4511 2548 4567; x_wconf 88' lang='lat' dir='ltr'><strong>scribunt</strong></span> <span class='ocrx_word' id='word_1_699' title='bbox 2601 4511 2964 4583; x_wconf 79' lang='lat' dir='ltr'><strong>Unkampani.</strong></span> <span class='ocrx_word' id='word_1_700' title='bbox 3016 4518 3210 4574; x_wconf 87' lang='lat' dir='ltr'><strong>eadem</strong></span> <span class='ocrx_word' id='word_1_701' title='bbox 3271 4530 3449 4574; x_wconf 84' lang='lat' dir='ltr'><strong>tamen</strong></span> <span class='ocrx_word' id='word_1_702' title='bbox 3497 4534 3611 4575; x_wconf 85' lang='lat' dir='ltr'><strong>eum</strong></span> <span class='ocrx_word' id='word_1_703' title='bbox 3655 4508 3807 4568; x_wconf 74' lang='lat' dir='ltr'><strong>Turris</strong></span> 
     </span>
    </p>
   </div>
   <div class='ocr_carea' id='block_1_109' title="bbox 2296 4605 3807 4681">
    <p class='ocr_par' dir='ltr' id='par_1_109' title="bbox 2296 4605 3807 4681">
     <span class='ocr_line' id='line_1_109' title="bbox 2296 4605 3807 4681; baseline -0.001 -24"><span class='ocrx_word' id='word_1_704' title='bbox 2296 4605 2762 4671; x_wconf 90' lang='lat' dir='ltr'><strong>pronuntiatione.</strong></span> <span class='ocrx_word' id='word_1_705' title='bbox 2809 4607 3272 4678; x_wconf 79' lang='grc' dir='ltr'><strong>Ἀλευροπωλεῖον</strong></span> <span class='ocrx_word' id='word_1_706' title='bbox 3301 4626 3513 4681; x_wconf 70' lang='lat' dir='ltr'><strong>quoque</strong></span> <span class='ocrx_word' id='word_1_707' title='bbox 3540 4607 3807 4665; x_wconf 65' lang='lat' dir='ltr'><strong>Grarcissua</strong></span> 
     </span>
    </p>
   </div>
   <div class='ocr_carea' id='block_1_110' title="bbox 2296 4694 3808 4769">
    <p class='ocr_par' dir='ltr' id='par_1_110' title="bbox 2296 4694 3808 4769">
     <span class='ocr_line' id='line_1_110' title="bbox 2296 4694 3808 4769; baseline -0.008 -5"><span class='ocrx_word' id='word_1_708' title='bbox 2296 4694 2478 4763; x_wconf 75' lang='lat' dir='ltr'><strong>li&quot;Sua</strong></span> <span class='ocrx_word' id='word_1_709' title='bbox 2514 4707 2756 4764; x_wconf 85' lang='lat' dir='ltr'><strong>vocatur,</strong></span> <span class='ocrx_word' id='word_1_710' title='bbox 2789 4700 2931 4769; x_wconf 90' lang='lat' dir='ltr'><strong>quod</strong></span> <span class='ocrx_word' id='word_1_711' title='bbox 2974 4702 3049 4757; x_wconf 89' lang='lat' dir='ltr'><strong>ibi</strong></span> <span class='ocrx_word' id='word_1_712' title='bbox 3108 4703 3299 4758; x_wconf 73' lang='lat' dir='ltr'><strong>farina:</strong></span> <span class='ocrx_word' id='word_1_713' title='bbox 3331 4704 3638 4759; x_wconf 86' lang='lat' dir='ltr'><strong>vendantur.</strong></span> <span class='ocrx_word' id='word_1_714' title='bbox 3668 4694 3808 4765; x_wconf 78' lang='lat' dir='ltr'><strong>Gyllio</strong></span> 
     </span>
    </p>
   </div>
   <div class='ocr_carea' id='block_1_111' title="bbox 2296 4788 2830 4861">
    <p class='ocr_par' dir='ltr' id='par_1_111' title="bbox 2296 4788 2830 4861">
     <span class='ocr_line' id='line_1_111' title="bbox 2296 4788 2830 4861; baseline 0.009 -19"><span class='ocrx_word' id='word_1_715' title='bbox 2296 4788 2553 4843; x_wconf 83' lang='lat' dir='ltr'><strong>scribitur</strong></span> <span class='ocrx_word' id='word_1_716' title='bbox 2581 4790 2830 4861; x_wconf 80' lang='lat' dir='ltr'><strong>Utncapi.</strong></span> 
     </span>
    </p>
   </div>
   <div class='ocr_carea' id='block_1_112' title="bbox 2369 4878 3809 4959">
    <p class='ocr_par' dir='ltr' id='par_1_112' title="bbox 2369 4878 3809 4959">
     <span class='ocr_line' id='line_1_112' title="bbox 2369 4878 3809 4959; baseline 0.008 -24"><span class='ocrx_word' id='word_1_717' title='bbox 2369 4880 2533 4959; x_wconf 47' lang='grc' dir='ltr'><strong>ᾢιω</strong></span> <span class='ocrx_word' id='word_1_718' title='bbox 2560 4884 2875 4938; x_wconf 89' lang='lat' dir='ltr'><strong>nominatur</strong></span> <span class='ocrx_word' id='word_1_719' title='bbox 2899 4903 2928 4939; x_wconf 89' lang='lat' dir='ltr'><strong>a</strong></span> <span class='ocrx_word' id='word_1_720' title='bbox 2964 4886 3159 4944; x_wconf 86' lang='lat' dir='ltr'><strong>Turcis</strong></span> <span class='ocrx_word' id='word_1_721' title='bbox 3192 4888 3420 4943; x_wconf 74' lang='lat' dir='ltr'><strong>Tsubaii</strong></span> <span class='ocrx_word' id='word_1_722' title='bbox 3465 4885 3651 4957; x_wconf 76' lang='lat' dir='ltr'><strong>Capisi.</strong></span> <span class='ocrx_word' id='word_1_723' title='bbox 3694 4878 3809 4946; x_wconf 75' lang='grc' dir='ltr'><strong>αιιοι¹</strong></span> 
     </span>
    </p>
   </div>
   <div class='ocr_carea' id='block_1_113' title="bbox 2294 4970 3806 5054">
    <p class='ocr_par' dir='ltr' id='par_1_113' title="bbox 2294 4970 3806 5054">
     <span class='ocr_line' id='line_1_113' title="bbox 2294 4970 3806 5054; baseline 0.002 -27"><span class='ocrx_word' id='word_1_724' title='bbox 2294 4970 2502 5027; x_wconf 79' lang='lat' dir='ltr'><strong>Graecis</strong></span> <span class='ocrx_word' id='word_1_725' title='bbox 2530 4975 2793 5029; x_wconf 85' lang='lat' dir='ltr'><strong>scribitur</strong></span> <span class='ocrx_word' id='word_1_726' title='bbox 2826 4976 3108 5046; x_wconf 86' lang='lat' dir='ltr'><strong>Tzumpali</strong></span> <span class='ocrx_word' id='word_1_727' title='bbox 3140 4981 3452 5054; x_wconf 67' lang='lat' dir='ltr'><strong>capisi,nec</strong></span> <span class='ocrx_word' id='word_1_728' title='bbox 3477 4990 3641 5032; x_wconf 88' lang='lat' dir='ltr'><strong>tamen</strong></span> <span class='ocrx_word' id='word_1_729' title='bbox 3664 4971 3806 5030; x_wconf 72' lang='lat' dir='ltr'><strong>aliter.</strong></span> 
     </span>
    </p>
   </div>
   <div class='ocr_carea' id='block_1_114' title="bbox 2295 5064 3808 5135">
    <p class='ocr_par' dir='ltr' id='par_1_114' title="bbox 2295 5064 3808 5135">
     <span class='ocr_line' id='line_1_114' title="bbox 2295 5064 3808 5135; baseline 0.012 -25"><span class='ocrx_word' id='word_1_730' title='bbox 2295 5077 2457 5129; x_wconf 80' lang='lat' dir='ltr'><strong>quam</strong></span> <span class='ocrx_word' id='word_1_731' title='bbox 2494 5078 2521 5115; x_wconf 82' lang='lat' dir='ltr'><strong>a</strong></span> <span class='ocrx_word' id='word_1_732' title='bbox 2551 5064 2747 5117; x_wconf 84' lang='lat' dir='ltr'><strong>Turcis</strong></span> <span class='ocrx_word' id='word_1_733' title='bbox 2780 5066 3096 5121; x_wconf 74' lang='lat' dir='ltr'><strong>enuntiatur</strong></span> <span class='ocrx_word' id='word_1_734' title='bbox 3118 5109 3131 5130; x_wconf 92' lang='lat'><strong>,</strong></span> <span class='ocrx_word' id='word_1_735' title='bbox 3162 5071 3233 5122; x_wconf 85' lang='lat' dir='ltr'><strong>ob</strong></span> <span class='ocrx_word' id='word_1_736' title='bbox 3264 5070 3529 5124; x_wconf 72' lang='lat' dir='ltr'><strong>dullicilem</strong></span> <span class='ocrx_word' id='word_1_737' title='bbox 3565 5064 3682 5135; x_wconf 78' lang='lat' dir='ltr'><strong>ipsis</strong></span> <span class='ocrx_word' id='word_1_738' title='bbox 3710 5071 3808 5127; x_wconf 69' lang='grc' dir='ltr'><strong>βτ⁰⁶</strong></span> 
     </span>
    </p>
   </div>
   <div class='ocr_carea' id='block_1_115' title="bbox 2295 5148 3811 5230">
    <p class='ocr_par' dir='ltr' id='par_1_115' title="bbox 2295 5148 3811 5230">
     <span class='ocr_line' id='line_1_115' title="bbox 2295 5148 3811 5230; baseline 0 -25"><span class='ocrx_word' id='word_1_739' title='bbox 2295 5152 2554 5208; x_wconf 87' lang='lat' dir='ltr'><strong>lationem</strong></span> <span class='ocrx_word' id='word_1_740' title='bbox 2585 5154 2859 5230; x_wconf 59' lang='lat' dir='ltr'><strong>litteraéB,</strong></span> <span class='ocrx_word' id='word_1_741' title='bbox 2893 5162 2959 5208; x_wconf 89' lang='lat' dir='ltr'><strong>de</strong></span> <span class='ocrx_word' id='word_1_742' title='bbox 2987 5174 3093 5225; x_wconf 85' lang='lat' dir='ltr'><strong>qua</strong></span> <span class='ocrx_word' id='word_1_743' title='bbox 3121 5158 3325 5213; x_wconf 87' lang='lat' dir='ltr'><strong>dictum</strong></span> <span class='ocrx_word' id='word_1_744' title='bbox 3357 5158 3527 5225; x_wconf 80' lang='lat' dir='ltr'><strong>capite</strong></span> <span class='ocrx_word' id='word_1_745' title='bbox 3556 5156 3636 5211; x_wconf 86' lang='lat'><strong>9|.</strong></span> <span class='ocrx_word' id='word_1_746' title='bbox 3668 5148 3811 5219; x_wconf 75' lang='lat' dir='ltr'><strong>Gyllio</strong></span> 
     </span>
    </p>
   </div>
   <div class='ocr_carea' id='block_1_116' title="bbox 2296 5246 3807 5320">
    <p class='ocr_par' dir='ltr' id='par_1_116' title="bbox 2296 5246 3807 5320">
     <span class='ocr_line' id='line_1_116' title="bbox 2296 5246 3807 5320; baseline 0.001 -21"><span class='ocrx_word' id='word_1_747' title='bbox 2296 5246 2602 5315; x_wconf 83' lang='lat' dir='ltr'><strong>appellatur</strong></span> <span class='ocrx_word' id='word_1_748' title='bbox 2625 5248 2804 5304; x_wconf 71' lang='lat' dir='ltr'><strong>Jubali</strong></span> <span class='ocrx_word' id='word_1_749' title='bbox 2840 5249 2994 5320; x_wconf 86' lang='lat' dir='ltr'><strong>Capi,</strong></span> <span class='ocrx_word' id='word_1_750' title='bbox 3035 5252 3414 5307; x_wconf 89' lang='lat' dir='ltr'><strong>enuntiatione</strong></span> <span class='ocrx_word' id='word_1_751' title='bbox 3440 5250 3649 5313; x_wconf 83' lang='lat' dir='ltr'><strong>Gallica,</strong></span> <span class='ocrx_word' id='word_1_752' title='bbox 3710 5251 3807 5309; x_wconf 66' lang='grc' dir='ltr'><strong>τινε</strong></span> 
     </span>
    </p>
   </div>
   <div class='ocr_carea' id='block_1_117' title="bbox 2292 5333 3808 5412">
    <p class='ocr_par' dir='ltr' id='par_1_117' title="bbox 2292 5333 3808 5412">
     <span class='ocr_line' id='line_1_117' title="bbox 2292 5333 3808 5412; baseline -0.008 -19"><span class='ocrx_word' id='word_1_753' title='bbox 2292 5337 2491 5393; x_wconf 76' lang='lat' dir='ltr'><strong>Italica:</strong></span> <span class='ocrx_word' id='word_1_754' title='bbox 2519 5339 2769 5394; x_wconf 84' lang='lat' dir='ltr'><strong>Cbiubali</strong></span> <span class='ocrx_word' id='word_1_755' title='bbox 2802 5342 2885 5394; x_wconf 88' lang='lat' dir='ltr'><strong>vel</strong></span> <span class='ocrx_word' id='word_1_756' title='bbox 2919 5339 3129 5396; x_wconf 83' lang='lat' dir='ltr'><strong>Ziubali</strong></span> <span class='ocrx_word' id='word_1_757' title='bbox 3156 5344 3467 5412; x_wconf 76' lang='lat' dir='ltr'><strong>respondet,</strong></span> <span class='ocrx_word' id='word_1_758' title='bbox 3487 5338 3633 5395; x_wconf 88' lang='lat' dir='ltr'><strong>modo</strong></span> <span class='ocrx_word' id='word_1_759' title='bbox 3661 5333 3808 5389; x_wconf 84' lang='lat' dir='ltr'><strong>tribus</strong></span> 
     </span>
    </p>
   </div>
   <div class='ocr_carea' id='block_1_118' title="bbox 2294 5422 3812 5505">
    <p class='ocr_par' dir='ltr' id='par_1_118' title="bbox 2294 5422 3812 5505">
     <span class='ocr_line' id='line_1_118' title="bbox 2294 5422 3812 5505; baseline -0.008 -20"><span class='ocrx_word' id='word_1_760' title='bbox 2294 5430 2517 5502; x_wconf 86' lang='lat' dir='ltr'><strong>syllabis</strong></span> <span class='ocrx_word' id='word_1_761' title='bbox 2543 5430 2824 5486; x_wconf 76' lang='lat' dir='ltr'><strong>eﬂ&#39;eratur.</strong></span> <span class='ocrx_word' id='word_1_762' title='bbox 2850 5432 2966 5500; x_wconf 82' lang='lat' dir='ltr'><strong>ipsa</strong></span> <span class='ocrx_word' id='word_1_763' title='bbox 2998 5449 3103 5489; x_wconf 77' lang='lat' dir='ltr'><strong>vos</strong></span> <span class='ocrx_word' id='word_1_764' title='bbox 3136 5436 3410 5504; x_wconf 77' lang='lat' dir='ltr'><strong>signiﬁcat</strong></span> <span class='ocrx_word' id='word_1_765' title='bbox 3434 5442 3626 5505; x_wconf 86' lang='lat' dir='ltr'><strong>portam</strong></span> <span class='ocrx_word' id='word_1_766' title='bbox 3652 5422 3812 5480; x_wconf 84' lang='lat' dir='ltr'><strong>vitris-</strong></span> 
     </span>
    </p>
   </div>
   <div class='ocr_carea' id='block_1_119' title="bbox 2293 5512 3811 5593">
    <p class='ocr_par' dir='ltr' id='par_1_119' title="bbox 2293 5512 3811 5593">
     <span class='ocr_line' id='line_1_119' title="bbox 2293 5512 3811 5593; baseline -0.003 -17"><span class='ocrx_word' id='word_1_767' title='bbox 2293 5522 2451 5576; x_wconf 90' lang='lat' dir='ltr'><strong>riam.</strong></span> <span class='ocrx_word' id='word_1_768' title='bbox 2487 5522 2694 5593; x_wconf 85' lang='lat' dir='ltr'><strong>Quippe</strong></span> <span class='ocrx_word' id='word_1_769' title='bbox 2716 5523 2952 5578; x_wconf 91' lang='lat' dir='ltr'><strong>vidimus</strong></span> <span class='ocrx_word' id='word_1_770' title='bbox 2986 5525 3111 5580; x_wconf 90' lang='lat' dir='ltr'><strong>istic</strong></span> <span class='ocrx_word' id='word_1_771' title='bbox 3140 5526 3403 5592; x_wconf 77' lang='lat' dir='ltr'><strong>omcinas,</strong></span> <span class='ocrx_word' id='word_1_772' title='bbox 3458 5526 3507 5581; x_wconf 91' lang='lat' dir='ltr'><strong>in</strong></span> <span class='ocrx_word' id='word_1_773' title='bbox 3542 5520 3715 5592; x_wconf 84' lang='lat' dir='ltr'><strong>quibus</strong></span> <span class='ocrx_word' id='word_1_774' title='bbox 3745 5512 3811 5566; x_wconf 81' lang='lat' dir='ltr'><strong>vi-</strong></span> 
     </span>
    </p>
   </div>
   <div class='ocr_carea' id='block_1_120' title="bbox 2291 5609 3807 5675">
    <p class='ocr_par' dir='ltr' id='par_1_120' title="bbox 2291 5609 3807 5675">
     <span class='ocr_line' id='line_1_120' title="bbox 2291 5609 3807 5675; baseline -0.003 -6"><span class='ocrx_word' id='word_1_775' title='bbox 2291 5621 2373 5669; x_wconf 89' lang='lat' dir='ltr'><strong>tra</strong></span> <span class='ocrx_word' id='word_1_776' title='bbox 2407 5615 2788 5670; x_wconf 83' lang='lat' dir='ltr'><strong>coniiciuntur.</strong></span> <span class='ocrx_word' id='word_1_777' title='bbox 2828 5616 2951 5671; x_wconf 79' lang='lat' dir='ltr'><strong>Fuit</strong></span> <span class='ocrx_word' id='word_1_778' title='bbox 3004 5619 3061 5673; x_wconf 90' lang='lat' dir='ltr'><strong>in</strong></span> <span class='ocrx_word' id='word_1_779' title='bbox 3097 5620 3228 5675; x_wconf 89' lang='lat' dir='ltr'><strong>urbe</strong></span> <span class='ocrx_word' id='word_1_780' title='bbox 3277 5618 3444 5673; x_wconf 84' lang='lat' dir='ltr'><strong>Roma</strong></span> <span class='ocrx_word' id='word_1_781' title='bbox 3502 5614 3651 5670; x_wconf 85' lang='lat' dir='ltr'><strong>veteri</strong></span> <span class='ocrx_word' id='word_1_782' title='bbox 3680 5609 3807 5662; x_wconf 76' lang='lat' dir='ltr'><strong>vicus</strong></span> 
     </span>
    </p>
   </div>
   <div class='ocr_carea' id='block_1_121' title="bbox 2293 5705 3806 5775">
    <p class='ocr_par' dir='ltr' id='par_1_121' title="bbox 2293 5705 3806 5775">
     <span class='ocr_line' id='line_1_121' title="bbox 2293 5705 3806 5775; baseline -0.003 -14"><span class='ocrx_word' id='word_1_783' title='bbox 2293 5705 2594 5775; x_wconf 84' lang='lat' dir='ltr'><strong>vitriarius,</strong></span> <span class='ocrx_word' id='word_1_784' title='bbox 2622 5707 2711 5762; x_wconf 90' lang='lat' dir='ltr'><strong>ubi</strong></span> <span class='ocrx_word' id='word_1_785' title='bbox 2742 5707 2952 5765; x_wconf 85' lang='lat' dir='ltr'><strong>scilicet</strong></span> <span class='ocrx_word' id='word_1_786' title='bbox 2986 5710 3221 5767; x_wconf 71' lang='lat' dir='ltr'><strong>taberna:</strong></span> <span class='ocrx_word' id='word_1_787' title='bbox 3274 5709 3620 5765; x_wconf 88' lang='lat' dir='ltr'><strong>vitriariorum</strong></span> <span class='ocrx_word' id='word_1_788' title='bbox 3655 5705 3806 5758; x_wconf 73' lang='lat' dir='ltr'><strong>erant.</strong></span> 
     </span>
    </p>
   </div>
   <div class='ocr_carea' id='block_1_122' title="bbox 2216 1701 2265 1762">
    <p class='ocr_par' dir='ltr' id='par_1_122' title="bbox 2216 1701 2265 1762">
     <span class='ocr_line' id='line_1_122' title="bbox 2216 1701 2265 1762; baseline 0 0"><span class='ocrx_word' id='word_1_789' title='bbox 2216 1701 2265 1762; x_wconf 83' lang='grc' dir='ltr'><strong>Β</strong></span> 
     </span>
    </p>
   </div>
  </div>
