4048 6208
329 324 471 427 ἐπ’
512 352 517 355 ’
570 323 575 329 ’

1488 344 1890 410 PANDECTE
1926 308 2127 400 lilST.
2164 340 2473 401 runctc.

3442 344 3443 347 ‘
3474 328 3578 392 8ῗᾶ

338 490 396 533 ut
429 493 490 530 ex
530 475 680 529 urbis
716 472 937 541 antiqua
974 468 1340 540 descriptione
1376 475 1544 536 paret.
1578 465 1725 517 Talis
1750 462 1902 513 vicus
1934 468 1976 521 Α
2010 474 2150 512 nunc
2181 457 2454 512 Marhleva
2482 468 2533 512 et
2557 458 2931 515 Chartaricon.
2960 467 3015 507 ut
3058 452 3355 507 indicatum
3393 464 3578 516 supra,

339 570 520 622 adhuc
549 563 1020 632 Constantinopoli
1048 575 1265 631 quoque
1312 567 1580 627 superest,
1636 555 1791 621 cujus
1828 554 1907 604 iit-

340 663 417 714 fra
450 678 516 712 nu
540 667 598 710 nt
622 673 653 708 ο
679 657 735 708 Iit
763 656 812 707 in
840 655 929 707 illo
954 662 1147 723 magno
1178 652 1277 705 sub
1306 650 1613 703 Soleituane
1637 644 1909 704 incendio,

338 752 481 823 quod
514 748 709 803 accidit
736 762 880 800 anno
907 745 1219 800 Christiano
1246 743 1400 797 1540.
1432 740 1697 823 δθιιλνριο
1732 747 1813 789 est
1838 737 1906 786 si-

342 821 785 906 mile,vitriarias
815 836 1060 890 oﬂicinas
1091 821 1562 899 Constantinopoli
1596 829 1763 883 fuisse
1785 842 1913 880 con-

343 938 559 989 stitutas
607 931 676 984 ob
722 926 1099 982 incendiormn
1152 935 1352 980 metunt
1400 931 1551 976 extra
1616 918 1826 976 urbem.
1862 926 1914 969 et

347 1028 447 1078 hoc
473 1022 743 1092 pneclpue
762 1020 903 1081 loco,
927 1017 1017 1085 qui
1044 1018 1113 1071 ad
1139 1016 1316 1069 sinum
1342 1014 1657 1067 Ceratinum
1683 1009 1913 1078 positus.

346 1116 586 1169 abundat
616 1112 771 1180 aquis
796 1110 862 1163 ad
886 1107 1366 1179 exstinguenda,si
1392 1118 1511 1174 qua:
1541 1103 1673 1156 forte
1704 1100 1908 1154 orireu~

347 1214 456 1266 tur,
486 1200 758 1254 incendia.

424 1294 663 1359 Septima
697 1296 922 1343 vocatur
952 1285 1117 1357 Ilagia
1157 1286 1350 1353 eapisi.
1389 1283 1532 1352 quod
1556 1281 1781 1352 hybrida
1829 1297 1919 1331 Vti-

350 1399 412 1436 ee
441 1378 837 1435 TurcolGrreca
898 1379 1169 1445 signiticet
1227 1383 1436 1441 portam
1483 1382 1751 1427 sanctam.
1813 1370 1919 1441 Ego

352 1485 531 1527 tamen
560 1474 698 1524 inea
731 1484 850 1523 sum
888 1469 1169 1536 opinione.
1226 1474 1285 1519 ut
1339 1464 1647 1517 existimem
1716 1464 1920 1516 rectius

352 1565 608 1634 appellari
642 1563 802 1628 ἁγίας
857 1560 1094 1627 καπισή,
1138 1560 1241 1611 hoc
1275 1566 1377 1619 est,
1424 1566 1630 1624 portam
1696 1562 1917 1617 sancte,

356 1654 605 1706 videlicet
660 1649 978 1704 Theodosia:
1026 1648 1230 1714 :cujus
1306 1647 1564 1713 templum
1615 1658 1646 1698 e
1704 1645 1921 1714 regione

361 1756 509 1799 trans
568 1744 746 1798 sinum
808 1742 935 1803 vidi,
993 1750 1148 1795 vetus
1183 1749 1236 1793 et
1286 1738 1549 1808 elegantis
1606 1748 1915 1800 Structurze,

2015 553 2189 619 capite
2222 552 2341 611 139,
2369 552 2459 619 qui
2478 551 2697 619 quidem
2730 548 2794 627 ad
2822 548 3081 602 Sanctum
3108 544 3429 597 Mamautem
3451 556 3582 607 pou-

2014 643 2410 711 tejultguntttr.
2450 644 3022 711 IIagiultazariutartttn
3057 654 3155 693 vox
3186 639 3408 691 denotat
3435 634 3582 686 inco-

2017 738 2091 788 las
2125 737 2351 804 emporii
2404 736 2589 791 Saneti
2629 734 2933 789 Mamantis.
2995 732 3265 787 Caeterum
3321 730 3384 783 ad
3448 729 3584 782 hanc

2017 839 2223 894 portam
2282 810 2638 895 Ilagiobazari
2693 826 2973 883 secundus
3026 833 3108 878 est
3146 822 3300 877 urbis
3354 820 3586 887 angulus

2018 934 2207 973 versus
2240 928 2436 973 terram
2471 919 2867 981 continentem,
2926 917 3015 971 ubi
3050 916 3259 969 scilicet
3311 914 3585 980 incipiunt

2018 1024 2187 1079 portae
2221 1011 2475 1080 murique
2501 1016 2832 1072 terrestres,
2894 1008 2973 1062 sic
3019 1006 3174 1066 dicti.
3222 1004 3364 1075 quod
3409 1018 3507 1058 nec
3558 1019 3587 1055 a

2017 1104 2138 1155 sinu
2195 1101 2469 1164 Ceratino,
2529 1115 2631 1155 nec
2679 1117 2707 1153 a
2754 1098 3092 1167 Propontide
3144 1098 3440 1157 alluautur,
3488 1094 3581 1148 sed

2020 1209 2209 1249 versus
2238 1194 2526 1249 Thraciam
2559 1193 2793 1261 porrecti
2824 1192 2953 1246 sint.
2990 1192 3213 1246 Veteres
3246 1191 3336 1244 hic
3360 1192 3587 1242 alteram

2020 1296 2316 1353 posuerunt
2345 1284 2496 1338 urbis
2522 1283 2846 1352 acropollm,
2891 1285 3037 1336 velut
3089 1283 3141 1335 iu
3176 1283 3298 1348 ejus
3326 1280 3588 1334 extremi-

2021 1388 2130 1432 tate
2170 1378 2328 1433 sitam
2357 1376 2621 1438 secunda,
2666 1388 2911 1444 reSpectu
2967 1378 3172 1445 primm,
3210 1392 3333 1444 qnte
3388 1375 3593 1443 Byzan-

2021 1470 2092 1520 tis
2119 1482 2298 1519 arcem
2324 1466 2588 1525 continet,
2624 1475 2679 1517 ut
2716 1476 2999 1521 ostensum
3044 1480 3162 1535 cap.
3218 1466 3335 1519 I39.
3377 1468 3439 1518 Et
3496 1468 3594 1519 ha-

1996 1558 2179 1625 bebat
2210 1558 2295 1611 hic
2317 1558 2549 1628 angulus
2573 1557 2701 1611 olim
2731 1572 2931 1618 arce-ru,
2958 1558 3156 1610 dictam
3179 1558 3594 1627 Pontepyrgiou.

2023 1666 2050 1703 τι
2086 1651 2323 1718 quinque
2355 1650 2619 1715 turribus,
2642 1650 2724 1703 vel
2748 1648 3118 1720 Maguaurem,
3151 1652 3231 1703 vel
3289 1652 3384 1718 τῆς
3447 1651 3596 1714 ξυλο-

2025 1742 2244 1811 κέρκω,
2277 1748 2326 1793 et
2362 1740 2617 1807 palatium
2646 1738 2854 1807 Xylinzr.
2879 1749 3046 1808 portat
3078 1740 3221 1808 apud
3256 1742 3597 1795 Chalcocou-

361 1852 501 1889 nunc
534 1843 930 1888 commutatum
965 1835 1016 1886 in
1048 1834 1353 1893 messitam,
1389 1846 1508 1900 qua:
1533 1829 1920 1883 Casanis.bas-
1953 1832 1992 1886 Β
2022 1833 2223 1902 dylem,
2256 1833 2412 1900 cujus
2438 1834 2758 1899 interpretes
2813 1833 3007 1886 vitiose
3054 1832 3394 1899 scripserunt
3430 1832 3597 1903 Xyllze

359 1944 433 1983 sa:
463 1926 687 1989 dicitur,
731 1934 789 1978 ut
826 1939 989 1993 supra
1022 1923 1330 1993 expositum
1359 1937 1476 1990 cap.
1512 1920 1636 1975 1‘28.
1663 1920 1765 1975 Per
1786 1920 1923 1974 hanc

363 2020 505 2072 enim
549 2027 758 2088 portam
800 2013 1180 2084 ingrediuntur
1238 2016 1447 2074 urbem,
1501 2011 1593 2081 qui
1649 2024 1678 2061 a
1740 2019 1924 2064 saneta

363 2111 670 2165 Theodosia
704 2109 950 2173 veniunt,
979 2107 1071 2161 ubi
1105 2105 1410 2174 frequentia
1444 2118 1565 2157 cum
1596 2102 1729 2156 vicis
1758 2102 1923 2157 :edifl-

362 2204 445 2257 cia
482 2210 629 2256 sunt.

436 2292 638 2347 Octava
695 2290 893 2344 dicitur
939 2288 1194 2344 Phanarii
1248 2300 1424 2359 porta,
1476 2299 1562 2347 vel
1607 2290 1925 2361 simpliciter

364 2382 670 2435 Phanarion
694 2398 706 2434 :
733 2380 890 2448 cujus
917 2379 1065 2435 vocis
1099 2381 1374 2435 notionem
1392 2378 1599 2451 'supra,
1642 2380 1743 2436 I28
1780 2378 1926 2447 capi-

362 2485 434 2535 te,
461 2474 561 2527 sub
586 2474 768 2535 finem,
804 2472 1164 2528 ostendimus.

435 2561 585 2616 Nona
621 2562 1080 2632 Diplophanariun
1103 2563 1430 2632 appellatur,
1460 2570 1515 2616 et
1565 2562 1642 2616 uti
1677 2562 1924 2632 geminas

362 2656 417 2724 (a
448 2655 648 2723 quibus
678 2669 877 2709 nomen
907 2653 1137 2723 accepit)
1170 2662 1375 2719 turres,
1406 2654 1485 2709 sic
1522 2653 1684 2707 etiam
1744 2660 1926 2721 portas

365 2751 500 2800 duas
535 2747 717 2802 habet.

437 2836 654 2892 Decima
684 2836 845 2906 vulgo
871 2836 1077 2893 Graecis
1104 2847 1259 2907 porta
1281 2835 1533 2906 Κυνηγοῦ
1565 2836 1681 2891 sive
1704 2834 1925 2907 Kynigi,

366 2927 463 2979 sed
492 2926 687 2979 rectius
706 2934 859 2995 porta
893 2926 1167 2993 Κυνηγίου
1199 2932 1460 2988 vocatur;
1489 2932 1543 2977 et
1566 2922 1844 2991 κυνήγιον
1871 2920 1926 2973 in

369 3017 609 3071 basilicis
628 3017 742 3071 suis
766 3016 937 3070 Graeci
964 3024 1246 3071 verterunt
1269 3029 1389 3070 eum
1423 3014 1606 3068 locum
1632 3012 1805 3081 urbis,
1832 3011 1927 3081 qui

371 3108 630 3161 Itomauis
653 3107 980 3174 temporibus
1005 3107 1184 3161 Arena
1206 3107 1524 3169 dicebatur:
1553 3106 1643 3160 ubi
1676 3104 1929 3160 videlicet

368 3200 452 3252 vel
472 3187 715 3273 homines
730 3214 848 3252 cum
866 3197 1015 3260 feris,
1034 3198 1114 3251 vel
1139 3198 1277 3255 inter
1296 3212 1353 3251 se
1370 3193 1893 3252 ferarcommitteban
1908 3221 1925 3236 -

372 3302 480 3343 tur.
515 3290 779 3361 Kynigiou
814 3292 881 3343 ad
916 3288 1249 3343 Vlacheruas
1279 3286 1537 3352 refertur,
1589 3288 1739 3341 locus
1778 3286 1929 3342 scili-

370 3395 456 3437 cet
493 3385 784 3451 depressus
821 3392 876 3435 et
915 3394 1216 3445 concavus,
1260 3378 1350 3433 ubi
1383 3376 1755 3446 patriarchion
1815 3382 1933 3429 erat

372 3483 505 3521 mea:
530 3467 981 3538 peregrinationis
1012 3476 1279 3535 tempore,
1310 3464 1455 3532 quod
1493 3462 1595 3515 hoc
1620 3474 1764 3515 anno
1794 3460 1931 3515 1581

372 3559 605 3628 pecunia
636 3558 866 3612 redemit
894 3574 922 3609 a
953 3555 1157 3611 Graecis
1225 3556 1481 3609 sultanus
1542 3551 1784 3607 Murates
1843 3550 1932 3615 Ill,

374 3660 434 3703 ut
495 3650 618 3704 istic
675 3649 977 3711 messitam,
1039 3648 1126 3701 sui
1206 3646 1447 3700 nominis
1499 3653 1935 3709 monumentum,

372 3742 593 3796 condat.
654 3738 709 3793 Id
770 3740 1034 3806 hactenus
1098 3751 1240 3806 saepe
1303 3744 1599 3800 tentatum,
1658 3736 1940 3805 impedivit

375 3802 990 3897 Turr-orumMuphtis,‘
1021 3826 1112 3895 qui
1166 3802 1362 3879 debere
1416 3823 1681 3878 Muratem
1735 3802 1942 3878 diceret

378 3925 527 3990 prius
558 3938 620 3974 ex
654 3920 856 3988 ereptis
916 3919 1113 3971 seacho
1176 3928 1442 3971 terrarum
1497 3916 1659 3972 terris
1728 3930 1943 3970 annuos

378 4015 612 4067 messitae
636 4011 910 4067 struenda
936 4010 1145 4062 reditus
1176 4010 1532 4062 constituere.
1592 4008 1794 4063 Crtecis
1826 4007 1944 4060 rui-

378 4118 569 4158 nosam
647 4102 993 4157 Constantini
1049 4101 1305 4170 palatium
1365 4099 1605 4154 vicissim
1669 4098 1943 4153 concessit

378 4196 756 4251 adificandum
797 4194 852 4246 in
880 4206 1039 4247 usum
1070 4202 1179 4245 tam
1212 4190 1550 4260 patriarchii,
1580 4206 1744 4260 quam
1778 4191 1947 4259 patri-

381 4288 615 4344 archalis
647 4286 911 4355 ecclesiae,
962 4285 1029 4341 de
1088 4300 1196 4357 quo
1247 4298 1372 4340 mox
1432 4285 1633 4361 aliquid
1688 4284 1949 4339 indicabi-

381 4397 524 4437 mus.

2026 1924 2313 1993 palatium,
2349 1936 2398 1978 et
2430 1924 2587 1993 pejus
2619 1923 2956 1993 interpretati
2994 1934 3124 1976 sunt
3160 1923 3439 1992 ligneum.
3477 1923 3597 1977 llrcc

2026 2027 2206 2093 autem
2235 2016 2456 2069 nomina
2499 2014 2812 2083 frequenter
2845 2016 2899 2068 in
2955 2015 3205 2070 historiis
3258 2016 3596 2076 Graecorum.

2027 2105 2275 2170 Zonarrc,
2312 2106 2557 2169 Cedrini.
2590 2106 2849 2171 aliorum,
2910 2115 3230 2161 occurrunt.
3298 2106 3601 2171 Eaplieatio

2014 2199 2290 2273 prolixior
2347 2198 2572 2261 alterius
2630 2198 2735 2251 loci
2788 2198 2973 2251 fuerit.
3035 2200 3191 2267 Apud
3257 2198 3599 2254 Leanardum

2027 2291 2497 2360 archiepiscopum
2526 2290 2817 2346 Chiensem
2846 2292 3101 2361 leguntur
3151 2295 3203 2348 in
3230 2295 3495 2363 epistola,
3532 2298 3604 2349 de

2028 2391 2182 2451 capta
2221 2378 2718 2449 Constantinopoli.
2748 2389 2929 2437 turres
2962 2383 3275 2443 Aveniades
3327 2402 3340 2437 :
3379 2388 3445 2441 de
3477 2390 3603 2454 qui-

2028 2474 2128 2528 bus
2149 2472 2517 2542 interrogatus
2540 2486 2571 2526 a
2603 2486 2689 2529 me
2718 2472 3063 2541 Zygomalas,
3102 2491 3352 2543 quaenam
3384 2478 3601 2531 scilicet

2028 2574 2231 2643 essent.
2263 2562 2650 2637 respondebat,
2684 2563 2856 2635 ‘79
2882 2566 3142 2625 dicendas
3181 2582 3303 2622 esse
3324 2584 3433 2622 non
3471 2570 3607 2622 Ave—

2029 2658 2243 2723 niadas,
2279 2660 2372 2713 sed
2405 2667 2585 2712 turres
2617 2658 2935 2721 Anemanis,
2974 2658 3135 2727 cujus
3157 2667 3240 2714 est
3264 2661 3316 2714 in
3356 2661 3602 2714 historiis

2029 2747 2343 2810 Graecorum
2406 2748 2615 2804 mentio
2673 2749 2992 2817 :planeque
3044 2750 3280 2813 volebat,
3339 2750 3434 2805 has
3489 2749 3607 2803 illas

2029 2854 2149 2895 esse
2175 2841 2419 2908 quinque
2457 2850 2669 2901 turres.
2701 2840 2755 2893 in
2794 2840 2962 2895 altera
2998 2839 3153 2894 urbis
3182 2842 3445 2911 acrupoli,
3473 2858 3610 2910 qtras

2030 2930 2269 2989 diximus
2297 2931 2633 3002 Petitopyrgii
2699 2946 2896 2985 nomen
2931 2931 3150 2985 habere.
3198 2932 3250 2985 Id
3286 2942 3465 2986 autem
3522 2951 3609 2985 ve—

2032 3038 2152 3077 rum
2191 3038 2335 3088 esse,
2368 3024 2451 3078 vel
2505 3037 2574 3076 ex
2623 3022 2723 3077 hoc
2783 3022 3127 3091 intelligitur.
3168 3025 3311 3093 quod
3357 3024 3611 3081 Citiensis

2032 3102 2277 3171 turribus
2306 3117 2555 3186 adiungit
2640 3114 3024 3187 Xyl0portam,
3074 3133 3195 3186 qua:
3228 3132 3257 3172 a
3314 3121 3609 3191 Xyioporta

2035 3208 2201 3278 priori
2280 3210 2521 3269 diversa,
2584 3208 2859 3263 veteribus
2908 3209 3237 3276 ξυλὸκερκος
3317 3212 3461 3267 dicta
3510 3213 3611 3266 fuit

2040 3306 2323 3366 propterea
2351 3295 2496 3365 quod
2526 3296 2766 3351 artifices
2814 3311 2933 3349 eam
2988 3307 3280 3360 struentes,
3334 3317 3523 3369 niagua
3558 3305 3609 3355 in

2040 3384 2393 3439 fundamento
2424 3400 2578 3454 aqure
2617 3398 2830 3456 reperta
2888 3389 3067 3455 copia.
3126 3389 3297 3457 tignis
3362 3392 3612 3460 plurimis

2040 3488 2103 3528 ac
2134 3473 2269 3541 palis
2314 3474 2366 3549 iu
2394 3490 2534 3543 aqua
2590 3476 2784 3531 defixis
2820 3478 3028 3546 lapides
3082 3478 3392 3547 iniecerint,
3448 3492 3611 3551 atque

2041 3564 2114 3618 ita
2140 3565 2357 3629 demum
2383 3564 2595 3625 adiﬁcii
2633 3565 3043 3621 fundamentum
3070 3568 3285 3623 firmum
3310 3570 3615 3635 effecerint,

2044 3665 2101 3711 ut
2134 3664 2216 3712 est
2250 3656 2313 3727 in
2342 3657 2481 3712 libro
2504 3657 2582 3712 De
2611 3658 2848 3727 (adiﬁciis
2888 3660 3055 3715 urbis.
3090 3659 3201 3716 Nec
3248 3662 3347 3716 abs
3375 3679 3434 3718 re
3495 3667 3619 3734 quis

2043 3746 2245 3803 dixerit
2268 3749 2440 3804 videri
2475 3750 2734 3817 palatium
2759 3750 3074 3823 Xyloporta:
3137 3755 3318 3822 potius
3367 3757 3618 3811 scriben-

2045 3838 2175 3893 dum
2204 3834 2493 3910 Xylokeiki
2526 3842 2789 3910 palatium
2818 3844 3153 3913 :scriptoris
3176 3845 3400 3899 librario
3430 3861 3617 3901 vocem

2048 3932 2421 3986 obscuriorem
2447 3932 2606 3998 hanc.
2630 3948 2757 3994 cvm
2791 3936 2993 3997 notiori
3026 3935 3345 4007 Xyloportas
3372 3950 3620 3992 commu-

2050 4030 2219 4077 tante.

2121 4111 2453 4181 Duodecimn
2488 4106 2687 4172 Turcis
2720 4126 2805 4171 est
2834 4115 2960 4186 Egri
2991 4118 3135 4187 capi,
3199 4130 3319 4186 ipse
3351 4134 3451 4171 vox
3486 4121 3622 4171 ohli-

2051 4220 2212 4275 quam
2246 4214 2458 4274 portam
2483 4208 2777 4277 significat.
2822 4210 2885 4263 Et
2912 4223 3106 4277 reapse
3142 4213 3241 4264 sic
3282 4219 3618 4264 exstructam

2052 4297 2313 4365 vidimus,
2362 4309 2420 4353 ut
2460 4300 2514 4353 in
2563 4314 2685 4355 eam
2722 4316 2830 4355 non
2862 4302 3099 4365 direao.
3144 4303 3239 4356 sed
3295 4316 3358 4357 ex
3396 4304 3621 4371 uhliquo

2055 4399 2238 4455 pateat
2275 4389 2481 4443 aditus.
2540 4389 2809 4444 Leonardi
2859 4390 3112 4445 Citiensis
3141 4393 3395 4459 epistola,
3459 4409 3620 4460 quam

456 4470 753 4526 Undecima
785 4471 1097 4526 nominatur
1127 4472 1403 4537 veteribus
1440 4467 1797 4541 Xylokerkos,
1822 4485 1935 4525 eaut

2058 4482 2320 4545 diximus,
2350 4482 2683 4551 Caligaream
2736 4494 2917 4547 vocat,
2971 4482 3147 4536 (ἔτιεοί
3183 4483 3620 4551 Caligariorum.

382 4581 441 4619 sa
477 4564 636 4633 paulo
664 4572 787 4632 post
811 4564 1154 4632 exponenda,
1184 4576 1326 4616 nmtc
1357 4572 1539 4616 autem
1603 4561 1952 4632 Ilagiobazari

383 4665 558 4725 porta,
596 4668 693 4721 per
725 4669 886 4724 quam
914 4655 1120 4708 scilicet
1188 4654 1566 4721 ingrediuntur
1617 4654 1803 4706 urbem
1854 4651 1957 4703 Ila-

380 4747 783 4817 giobazariotaa,
810 4753 963 4800 trans
1012 4745 1191 4799 sinum
1247 4745 1578 4807 habitantes,
1642 4762 1672 4798 e
1738 4748 1958 4815 regione

386 4839 547 4908 hujus
564 4848 751 4909 portae.
770 4838 979 4891 Nomen
998 4837 1349 4907 Ilagiol:a7.ari
1371 4838 1635 4906 significat
1660 4838 1738 4891 vel
1757 4838 1955 4899 sancti,

385 4933 467 4985 vel
494 4942 738 4985 sanetum
762 4930 1153 4998 emporium.Et
1171 4933 1397 4998 emporii
1426 4946 1552 4984 voce
1576 4928 1809 5001 Symeou
1829 4938 1961 4997 quti-

383 5024 761 5094 qucMagister
787 5038 907 5078 cum
938 5026 1059 5079 aliis
1097 5025 1298 5079 Graecis
1321 5025 1488 5077 utitur
1510 5038 1605 5093 pro
1630 5024 1791 5075 nullis
1811 5024 1956 5074 clau-

385 5132 452 5171 so
482 5118 668 5186 portis,
693 5127 785 5169 aut
802 5118 965 5171 nullis
983 5119 1162 5171 cincto
1185 5116 1353 5170 nutris
1369 5117 1643 5185 oppidulo.
1667 5104 1848 5167 Sancri
1870 5129 1963 5182 pu-

387 5213 497 5262 tius
528 5208 835 5262 existimem
871 5208 1157 5263 dicemlum
1204 5198 1960 5277 entporlttut,utintelligatur

383 5303 687 5370 emporium
714 5301 887 5355 sancti
921 5301 1233 5362 Mamantis,
1298 5300 1442 5369 quod
1500 5301 1627 5353 olim
1684 5309 1957 5351 monaste-

387 5394 528 5445 rium
593 5394 825 5462 iusigne,
889 5393 1151 5461 palatium
1208 5387 1493 5463 augustale
1545 5389 1957 5445 celeberriunun

385 5486 439 5537 in
474 5484 743 5549 liiStoriis,
775 5496 992 5553 pontem
1022 5485 1256 5555 denique
1309 5500 1417 5537 non
1448 5474 1627 5536 minus
1697 5482 1958 5541 nobilem,

384 5576 571 5629 Sancti
634 5575 921 5631 Mamantis
979 5578 1307 5645 appellatum
1375 5570 1583 5628 habuit.
1662 5572 1755 5623 llic
1812 5572 1955 5622 enim

386 5665 677 5721 rﬂuttdttttt
732 5683 851 5723 sese
910 5670 961 5720 in
1029 5678 1330 5721 extremum
1396 5667 1705 5721 Ceratinuru
1776 5664 1955 5717 sinum

387 5759 633 5813 celebres
661 5759 731 5810 illi
763 5760 959 5826 priscis
1004 5760 1203 5812 Iluvioli
1264 5758 1508 5826 CYtlltI'IIS
1564 5765 1617 5811 et
1667 5756 1955 5826 Barbyses,

671 5854 937 5912 Ριτιιυι.
973 5854 1061 5913 (in
1124 5849 1335 5912 CLIX.

2064 4574 2155 4629 Sic
2183 4585 2367 4628 autem
2394 4590 2423 4628 a
2450 4574 2742 4643 Caligariis
2765 4574 2883 4628 sive
2914 4573 3198 4627 sutoribus
3223 4582 3308 4629 est
3331 4574 3621 4643 appellata.

2061 4667 2153 4735 qui
2185 4667 2560 4723 calceameuta
2594 4664 2825 4731 faciunt,
2866 4681 2896 4719 ιι
2939 4666 3134 4721 Turcis
3182 4668 3459 4720 nominata
3494 4666 3625 4720 Pas-

2063 4757 2360 4827 sumaggia.
2398 4756 2543 4811 Inter
2574 4759 2715 4810 haue
2757 4768 2812 4811 et
2846 4759 3094 4827 proxime
3148 4766 3468 4829 aequantem
3503 4774 3626 4827 por-

2063 4860 2170 4903 tam
2199 4849 2365 4903 situm
2397 4858 2483 4903 est
2512 4848 2577 4901 ad
2607 4849 2755 4917 ipsos
2801 4864 3010 4915 muros,
3039 4851 3151 4905 alto
3198 4851 3339 4917 loco,
3359 4852 3617 4919 palatium

2063 4950 2213 4992 vetus
2242 4938 2723 5003 Blachernianum,
2752 4942 2899 5007 quod
2936 4941 3285 4994 Constantini
3306 4940 3424 5006 iam
3466 4942 3626 5005 vulgo

2062 5040 2275 5099 vocant,
2320 5029 2407 5085 ubi
2453 5029 2707 5087 solebant
2755 5030 3030 5098 elephanti
3061 5031 3327 5089 hactenus
3360 5027 3454 5083 ali.
3512 5027 3627 5080 lluc

2056 5122 2167 5189 jam
2204 5121 2481 5189 pra'terito
2522 5136 2667 5174 anno
2702 5120 2945 5175 Hecates
2976 5122 3041 5174 III
3070 5120 3277 5174 Graecis
3308 5120 3429 5174 loco
3463 5120 3626 5185 patri-

2061 5210 2231 5283 archii
2262 5212 2560 5277 concessit.
2605 5219 2664 5269 ut
2698 5213 2863 5281 paulo
2899 5222 3028 5266 ante
3066 5211 3327 5264 diximus.
3353 5210 3623 5264 Creterqu

2061 5303 2329 5373 reperitur
2354 5303 2411 5357 in
2442 5303 2649 5361 Graecis
2671 5304 2915 5359 historiis
2946 5303 3108 5371 huius
3138 5312 3311 5371 portae
3328 5303 3624 5371 Caligario-

2060 5408 2176 5445 rum
2199 5408 2393 5447 nomen
2421 5394 2721 5462 antiquius,
2759 5393 2917 5448 Porta
2957 5394 3193 5461 Kapsta,
3225 5397 3340 5447 sive
3362 5394 3624 5461 obliqua:

2064 5487 2208 5556 quod
2234 5488 2581 5554 interpretati
2606 5487 2770 5542 Turci
2802 5486 3058 5541 videntur
3078 5502 3171 5555 per
3198 5485 3319 5554 Εειί
3349 5486 3493 5553 capi.
3526 5481 3627 5538 llr-

2062 5580 2142 5633 his
2173 5590 2352 5631 tamen
2408 5580 2762 5633 mdiﬁciorum
2789 5579 2926 5632 liber
2952 5578 3193 5631 Charsizc
3213 5586 3424 5645 portam
3454 5576 3627 5628 voluit

2059 5673 2257 5725 dictam
2319 5674 2386 5724 ab
2450 5681 2673 5726 auctore
2731 5671 2811 5723 vel
2872 5669 3153 5723 conditore
3216 5668 3468 5727 Charsia,
3532 5668 3629 5732 qui

2064 5759 2271 5812 utentis
2308 5760 2490 5814 colore
2531 5760 2732 5813 Veneto
2757 5758 3012 5813 factionis
3042 5757 3225 5810 fuerit.
3264 5756 3399 5809 Nam
3436 5755 3628 5809 factio-

3150 5848 3229 5908 :28

2451 5884 2525 5909 σφα.
2560 5890 2577 5899 ,λ
2602 5890 2619 5895 ..

2622 5900 2629 5913 ι

2426 5919 2471 5943 εμπ
2530 5940 2535 5941 γ
2606 5919 2645 5937 ιλ-
2676 5938 2685 5943 .
