4048 6208
505 374 613 435 875

1704 366 2041 428 JOANNIS
2085 367 2557 429 LEUNCLAVII
3612 370 3698 433 876

508 509 606 549 nes
631 491 770 547 olim
805 495 1040 559 quatuor
1083 493 1240 540 erant
1271 482 1325 536 in
1375 480 1740 552 hippodromo
1777 484 2068 537 decertan-
2106 493 2149 547 Α
2182 485 2392 548 turbent,
2417 484 2510 552 qui
2551 482 2708 552 juxta
2741 482 2923 535 sinum
2951 479 3265 536 Cera-trinum
3304 496 3330 534 a
3380 477 3700 553 Pentrpyrgio

509 589 644 640 tium
676 583 1016 652 equis,quos
1048 577 1282 642 κέλητας
1307 574 1582 630 Pindarus
1637 575 1798 640 dixit,
1840 575 2077 644 singulis

509 678 671 747 bigis,
703 675 882 743 trigis,
907 669 1221 740 quadrigis;
1249 668 1318 723 ita
1361 666 1637 722 distincta:
1685 667 1986 730 coloribus,
2018 676 2079 721 ut

510 768 720 836 βένετοι
749 765 830 818 vel
861 761 1105 826 caerulei,
1130 760 1317 812 λευκοὶ
1376 759 1460 814 vel
1506 758 1635 824 albi,
1687 758 1941 827 πράσινοι
1981 772 2077 813 seu

510 859 733 920 virides,
761 854 966 925 ρούσιοι
994 868 1092 908 seu
1132 851 1321 919 rubri,
1352 851 1689 906 dicerentur.

581 950 801 1004 Decima
837 947 992 1001 tertia
1023 953 1107 1000 est
1138 944 1250 1011 illa,
1279 943 1441 1013 cujus
1493 943 1601 998 hoc
1640 942 1919 997 annalium
1954 942 2076 996 loco

511 1042 571 1096 ﬁt
600 1040 826 1102 mentio,
855 1053 1085 1108 qumque
1113 1036 1272 1091 nobis
1326 1035 1673 1090 occasionem
1733 1035 1965 1103 primam
1998 1050 2078 1089 re-

509 1131 775 1187 censendi
800 1140 993 1200 portas
1021 1129 1174 1184 urbis
1207 1127 1459 1198 praebuit.
1491 1125 1727 1181 Vocatur
1760 1134 1943 1179 autem
1972 1126 2077 1180 iia-

511 1223 978 1293 drianOpoiitana,
1015 1219 1159 1288 quod
1180 1219 1562 1289 Hadrianopoli
1600 1227 1748 1273 recta
1775 1213 2077 1281 venientes,

512 1316 705 1370 urbem
733 1312 942 1384 ingredi
970 1326 1068 1380 per
1089 1325 1213 1367 eam
1231 1309 1470 1364 soleant.
1503 1308 1562 1363 in
1598 1308 1702 1364 hac
1731 1318 1887 1380 porta
1916 1311 2080 1379 periit

511 1421 816 1479 appressus
846 1403 1128 1460 hominum
1163 1403 1326 1459 turba
1354 1400 1752 1458 Constantinus
1779 1400 2072 1472 Dragases,

512 1501 736 1556 ultimus
780 1496 1090 1552 Graecorum
1124 1495 1444 1564 imperator.
1977 1507 1986 1515 ·

585 1591 848 1662 Sequitur
879 1588 1090 1644 decima
1123 1596 1343 1658 quarta,
1374 1588 1583 1643 recenti
1635 1587 1904 1644 vocabulo
1937 1589 2078 1643 Tur-

511 1684 630 1739 cico
661 1684 806 1737 dicta
831 1681 948 1750 Top
980 1680 1175 1748 capisi,
1211 1694 1322 1749 quo
1357 1679 1699 1750 signiﬁcatur
1730 1689 1888 1751 porta
1921 1681 2078 1735 bom-

513 1773 923 1838 bardaria,sive
953 1779 1347 1826 tormentorum
1382 1769 1726 1825 bellicorum.
1753 1770 1928 1826 Graeci
1953 1777 2078 1825 ante

513 1875 727 1936 captam
765 1879 794 1916 a
829 1862 1085 1916 Barbarie
1116 1861 1332 1927 urbem,
1365 1861 1726 1915 nominabant
1751 1862 1808 1915 S.
1842 1860 2080 1917 Romani

515 1967 751 2026 portam,
811 1954 956 2009 sicut
984 1961 1038 2008 et
1073 1952 1390 2007 Leonardus
1447 1953 1702 2008 Chiensis
1751 1962 1805 2007 et
1856 1951 2090 2008 Chalce-

513 2047 776 2116 condyles
818 2053 1131 2100 testantur:
1175 2043 1337 2113 cujus
1373 2051 1556 2098 tamen
1599 2045 1876 2114 interpres
1909 2037 2088 2100 Galli-

513 2151 611 2191 cus
636 2152 703 2190 ex
734 2134 922 2191 Sancti
974 2131 1202 2188 [tertiani
1234 2141 1388 2201 porta
1441 2131 1618 2188 facere
1653 2142 1860 2202 portam
1892 2131 2090 2186 Itoma-

515 2241 640 2280 nam
675 2225 778 2280 fuit
801 2240 992 2280 ausus.
1019 2225 1060 2278 Α
1099 2224 1415 2278 bombardis
1447 2239 1569 2278 eam
1605 2223 1816 2278 Turcos
1848 2223 2089 2279 arbitror

515 2317 844 2390 appellasse,
871 2315 1014 2386 quod
1041 2315 1349 2371 obsidionis
1387 2323 1636 2386 tempore
1665 2322 1938 2372 tormenta
1969 2315 2083 2373 bei-

514 2411 617 2466 lica
658 2411 935 2480 praecipue
968 2407 1176 2463 iuerint
1209 2407 1338 2462 huio
1371 2408 1648 2478 opposita.

583 2501 840 2561 Proxima
901 2499 1208 2556 secundum
1272 2499 1415 2556 hanc
1472 2507 1558 2555 est
1607 2500 1819 2557 decima
1871 2501 2087 2572 quinta,

516 2593 715 2650 Turcis
742 2592 878 2651 Geni
911 2591 1060 2661 capi,
1110 2589 1316 2650 Graecis
1342 2594 1440 2648 vta.
1461 2591 1660 2664 πόρτα,
1685 2592 1832 2665 quod
1872 2603 2084 2666 portam

515 2699 710 2742 novam
747 2683 1047 2755 signiﬁcat.

589 2774 722 2833 inde
751 2777 1070 2845 pervenitur
1099 2777 1166 2831 ad
1191 2777 1464 2832 decimam
1529 2784 1763 2844 sextam,
1833 2780 2089 2837 videlicet

517 2867 764 2940 Silyvrim
791 2869 874 2924 vel
903 2867 1166 2939 Selybrim
1196 2877 1434 2936 portam,
1458 2883 1581 2939 quae
1607 2884 1637 2922 a
1675 2869 1871 2938 priscis
1899 2875 2078 2944 χρυσῆ

517 2968 693 3028 porta,
723 2958 809 3016 vel
841 2973 1007 3013 aurea
1042 2967 1196 3027 porta
1228 2957 1636 3023 nominabatur,
1691 2966 1744 3012 et
1788 2968 1942 3030 porta
1967 2959 2089 3014 ion-

518 3051 606 3104 tis.
643 3049 775 3104 Nam
822 3058 977 3104 extra
1007 3060 1221 3119 portam
1274 3050 1416 3103 hanc
1471 3057 1558 3104 est
1618 3048 1894 3121 hodieque
1937 3051 2082 3120 ions,

514 3141 610 3210 qui
649 3141 1005 3247 .xpuloottqﬁ
1045 3139 1127 3247 vel
1147 3153 1370 3247 Laure!»
1402 3138 1524 3196 fons
1557 3153 1588 3196 a
1621 3138 2085 3247 GraecisOantiquo
2113 3174 2158 3235 ο

517 3232 738 3292 nomine
771 3229 994 3296 dicitur,
1025 3229 1264 3288 celebris
1305 3229 1359 3284 in
1405 3243 1596 3284 eorum
1630 3229 1898 3298 historiis,
1963 3247 2086 3304 qua

517 3337 894 3393 saepenumero
920 3321 1106 3392 palatii
1140 3321 1323 3391 πηγῆς
1376 3320 1493 3376 sive
1525 3321 1694 3378 fontis
1747 3323 2083 3381 mentionem

520 3416 745 3481 iaciunt,
782 3422 836 3470 et
872 3415 1062 3483 templi
1093 3413 1338 3484 Deiparm
1373 3414 1599 3485 virginis
1633 3415 1701 3470 ad
1754 3417 1940 3487 πηγήν
1974 3419 2086 3473 sive

518 3506 746 3566 fontem.
803 3503 1080 3574 interpres
1121 3504 1349 3559 Cedrini
1407 3506 1731 3577 plerumque
1792 3507 1970 3579 Pegen
2031 3517 2086 3571 et

517 3599 572 3656 in
611 3598 750 3666 Pege
785 3595 1049 3652 reddidit.
1086 3595 1342 3651 )Editlcia
1373 3612 1524 3652 nunc
1551 3598 1735 3654 diruta
1764 3611 1913 3666 sunt,
1963 3602 2085 3655 fun-

518 3686 794 3746 damentis
821 3686 1002 3742 adhuc
1047 3685 1396 3741 exstantibus
1443 3695 1497 3741 et
1555 3687 1677 3758 ipso
1707 3687 1892 3746 fonte:
1922 3707 2084 3761 quem

518 3779 788 3849 hodieque
834 3777 1149 3836 Graecorum
1180 3778 1378 3848 vulgus
1432 3782 1786 3852 χρυσεοπηγήν
1827 3786 2084 3854 appellat,

515 3875 570 3926 et
600 3868 838 3924 invisere
870 3880 1068 3934 magno
1098 3880 1395 3931 emcursu,
1450 3878 1604 3922 certo
1631 3870 1759 3923 anni
1815 3878 2085 3942 tempore,

517 3959 679 4023 veluti
701 3959 749 4014 si
783 3957 1028 4027 Deipam
1056 3956 1282 4025 virginis
1312 3959 1574 4027 templum
1602 3960 1782 4015 adhuc
1808 3962 2088 4019 incolume

518 4057 710 4113 staret,
738 4048 1047 4104 consuevit.
1082 4046 1266 4102 Aurea
1313 4059 1470 4116 porta
1502 4066 1649 4106 nunc
1676 4052 1842 4106 etiam
1877 4053 2086 4124 reliqua

517 4139 872 4208 conspicitur,
894 4138 989 4194 sed
1007 4138 1311 4200 obstructa,
1338 4153 1440 4194 nec
1462 4139 1515 4195 id
1533 4143 1675 4210 quod
1697 4143 1873 4209 audit,
1895 4156 2084 4200 aurea:

516 4231 650 4288 satis
679 4229 902 4298 elegans
936 4235 1138 4290 tamen.
1187 4241 1485 4297 expressos
1517 4243 1548 4283 e
1600 4245 1874 4285 marmore
1907 4233 2087 4288 conti-

515 4337 653 4382 nens
680 4334 882 4392 agones
925 4319 1040 4378 sive
1095 4318 1316 4376 labores
1347 4320 1624 4389 Herculis,
1679 4323 1915 4377 artiiicio
1975 4338 2084 4377 non

515 4413 744 4483 vulgari.
1277 4432 1279 4435 ί

2184 576 2476 644 incipiens,
2509 576 2574 628 ad
2605 574 3029 647 ileptapyrgium
3055 575 3211 646 juxta
3241 575 3596 646 Propontidem
3623 581 3698 632 dc-

2181 671 2335 726 sinit.

2249 779 2423 850 igitur
2453 778 2952 851 licptapyrgianum
2990 779 3103 850 jam
3137 779 3336 850 angulo
3393 780 3592 851 navigio
3614 780 3703 836 cir-

2180 872 2508 938 eutnvectis,
2539 873 2712 942 prima
2745 880 2966 944 propter
2999 885 3181 926 arcem
3208 871 3262 927 in
3295 871 3459 925 latere
3485 871 3707 928 meridio-

2181 961 2290 1017 naii
2353 963 2510 1033 porta
2577 979 2639 1022 se
2703 964 2861 1019 nobis
2921 962 3098 1028 oiiert,
3165 961 3457 1032 cmteroqui
3508 977 3707 1017 numero

2181 1057 2390 1111 decima
2424 1058 2676 1127 septima,
2700 1070 2868 1126 quam
2900 1055 2970 1112 ab
3003 1069 3129 1110 arce
3153 1056 3331 1111 vicina
3363 1065 3565 1124 portam
3595 1056 3710 1108 ἑπτὰ

2179 1147 2470 1214 γουλάδων,
2491 1148 2542 1201 id
2561 1158 2668 1212 est,
2695 1157 2900 1217 septem
2931 1147 3190 1212 turrium,
3205 1160 3340 1202 voce
3360 1146 3709 1206 mistobarbara

2181 1236 2488 1292 nominant.
2520 1235 2949 1294 Observavimus
3003 1235 3058 1292 in
3120 1235 3223 1290 hac
3254 1233 3493 1292 Graecam
3543 1235 3714 1296 inscri-

2179 1327 2450 1396 ptionem,
2479 1342 2641 1398 quam
2665 1326 2917 1384 dabimus
2933 1326 3086 1384 alibi.

2250 1440 2564 1501 Secundum
2597 1442 2741 1498 hanc
2769 1440 3019 1511 proxima
3053 1441 3308 1511 sequitur
3332 1449 3515 1496 octava
3537 1440 3718 1496 decima

2179 1541 2356 1602 porta.
2397 1532 2634 1590 Turcico
2667 1533 2934 1589 vocabulo
2959 1533 3112 1589 Narli
3135 1533 3259 1603 capi
3302 1534 3490 1590 dicta:
3527 1548 3625 1604 quo
3649 1533 3716 1586 ni-

2180 1622 2382 1680 mirum
2409 1625 2700 1694 appellunt
2732 1640 2800 1680 ex
2843 1625 3044 1684 insul-is
3078 1626 3300 1696 navigia
3357 1625 3510 1682 malis
3543 1627 3718 1688 aureis,

2181 1725 2276 1767 seu
2313 1711 2556 1780 grauatis
2610 1713 2809 1784 (ῥοῖδια
2869 1729 3016 1770 nunc
3052 1712 3224 1770 Graeci
3276 1715 3489 1782 vocant)
3530 1725 3717 1771 onusta.

2111 1830 2154 1888 η
2249 1801 2470 1860 Decima
2500 1818 2643 1862 nona
2689 1812 2912 1862 vocatur
2944 1805 3350 1862 Psomatiorunt
3382 1819 3548 1878 porta.
3578 1807 3678 1861 Lm.
3698 1823 3718 1861 r

2189 1902 2373 1952 exalat
2432 1896 2576 1963 apud
2601 1896 2818 1954 Graecos
2858 1899 3297 1970 manuscriptus,
3327 1899 3492 1971 480
3522 1898 3584 1954 de
3615 1900 3722 1952 trdi-

2192 1987 2330 2047 iiciis
2376 1988 2550 2056 urbis,
2589 2005 2752 2059 quem
2794 1990 3082 2047 habemus.
3137 1991 3200 2045 in
3253 2005 3322 2046 eo
3368 2006 3554 2046 nomen
3585 2001 3724 2058 porta:

2188 2079 2449 2144 Psamatii
2482 2081 2780 2150 reperitur,
2837 2087 2894 2136 et
2923 2080 3186 2151 palatium
3228 2081 3508 2146 Psamatii,
3546 2090 3596 2135 et
3640 2096 3724 2149 γη-

2192 2172 2496 2240 ρωκομεῖον
2546 2171 2833 2238 Psamatii,
2867 2187 2978 2244 quo
3022 2173 3218 2229 domus
3271 2173 3597 2245 signiﬁcatur
3643 2188 3726 2227 ex-

2187 2269 2401 2325 structa
2428 2263 2686 2324 curandis
2719 2272 2773 2320 et
2803 2264 3016 2321 alendis
3055 2266 3303 2323 senibus.
3327 2265 3587 2336 Origincm
3620 2281 3727 2318 vero

2190 2351 2430 2417 nominis
2465 2350 2728 2414 Psatnat‘ii
2761 2353 2992 2424 legimus
3023 2355 3166 2410 hanc
3223 2354 3287 2410 in
3349 2357 3534 2411 eodem
3586 2355 3727 2416 libro,

2189 2444 2411 2499 stetisse
2435 2445 2648 2499 scilicet
2671 2445 2803 2499 olim
2840 2446 2945 2501 hoc
2979 2446 3033 2499 in
3098 2447 3219 2501 loco
3271 2445 3526 2502 Psamatii
3576 2445 3728 2516 quod-

2188 2533 2314 2590 dam
2345 2535 2730 2601 simulacrutn,
2791 2539 2938 2604 quod
2973 2537 3331 2597 deastrorum
3392 2541 3564 2595 cultor
3604 2539 3729 2609 quis-

2188 2627 2334 2696 piam
2357 2641 2458 2683 ceu
2482 2628 2645 2688 deum
2677 2629 2931 2686 coluerit.
2952 2629 3307 2692 Christianos
3350 2648 3476 2689 vero
3507 2632 3732 2700 frequen-

2189 2725 2274 2772 ter
2295 2718 2569 2773 hominem
2601 2720 2669 2775 ab
2696 2735 2759 2774 eo
2797 2721 3025 2776 colendo
3047 2722 3435 2789 dehortantes,
3459 2725 3732 2794 appellasse

2189 2811 2545 2870 simulacrum
2594 2813 2750 2880 illud,
2787 2814 2935 2880 quod
2999 2815 3117 2885 ipse
3152 2826 3534 2881 veneraretur,
3587 2816 3728 2869 deum

2186 2903 2570 2973 ψενματέῖνον,
2618 2907 2673 2962 id
2707 2916 2812 2974 est,
2861 2906 3060 2963 falsum
3121 2917 3176 2964 et
3226 2910 3500 2974 ﬁctilium,
3558 2909 3733 2978 quique

2187 3010 2390 3060 nomen
2425 2997 2559 3054 illud
2602 3001 2951 3056 mentiretur.
2987 3001 3068 3056 Ab
3119 3001 3224 3056 hoc
3292 3005 3458 3073 igitur
3493 3005 3627 3058 idolo
3658 3001 3730 3055 dci

2189 3084 2377 3148 ﬁctitii
2423 3088 2615 3144 volunt
2655 3089 2759 3159 ipsi
2809 3089 2931 3144 loco
2986 3105 3184 3146 nomen
3220 3092 3481 3158 inditum,
3519 3100 3573 3145 ut
3623 3089 3733 3144 Psa-

2723 3182 2776 3236 id
2827 3189 2931 3249 est,
2978 3182 3156 3238 iictitii
3205 3183 3298 3240 dei
3357 3185 3537 3239 locus:
3591 3180 3733 3249 vulgo

2185 3267 2379 3328 Psama
2413 3272 2647 3339 dicente,
2703 3287 2802 3342 pro
2846 3273 3054 3344 ψεῧμα,
3095 3275 3241 3345 quod
3275 3285 3360 3333 est
3394 3277 3732 3332 mendacium.

2185 3363 2419 3434 Propter
2453 3364 2594 3421 hanc
2641 3379 2773 3420 vero
2822 3375 3032 3436 portam
3087 3367 3356 3422 Psamatii
3407 3368 3662 3437 quondam
3691 3373 3734 3418 et

2187 3454 2446 3526 palatium
2476 3467 2592 3510 erat
2623 3466 2677 3511 et
2727 3459 3129 3528 γηρωκομεῐον,
3163 3466 3222 3512 ut
3248 3459 3526 3516 diximus:
3553 3472 3736 3512 utrum-

2187 3562 2295 3616 que
2334 3546 2590 3602 Psamatii
2643 3565 2837 3604 nomen
2897 3551 2967 3604 ob
3025 3551 3287 3606 viciniam
3327 3553 3554 3614 habens,
3603 3559 3651 3604 ct
3680 3549 3736 3601 ab

2188 3633 2394 3691 Helena
2435 3638 2703 3707 Augusta,
2735 3645 2908 3695 matre
2940 3639 3296 3697 Constantini
3356 3643 3554 3713 Magni,
3609 3642 3737 3696 urbis

2189 3727 2511 3792 conditoris,
2540 3737 2902 3785 exstructum.
2931 3731 3378 3791 Christianorum
3406 3739 3591 3806 vulgus
3616 3735 3735 3788 hanc

2191 3830 2402 3888 portam
2439 3835 2585 3876 riunc
2632 3823 2810 3877 etiam
2855 3821 2964 3879 San
3027 3826 3260 3882 Mattltia
3323 3839 3506 3896 vocat,
3543 3828 3737 3883 nomine

2189 3921 2448 3980 corrupto
2465 3929 2529 3966 ex
2562 3913 2862 3970 Psamatia.

2261 4044 2530 4104 Vicesima
2592 4049 2796 4108 Grecis
2837 4053 3166 4111 Contoscalii
3222 4066 3388 4128 porta
3447 4061 3659 4114 dicitur.
3689 4054 3781 4108 ln'

2191 4136 2332 4192 libro
2370 4137 2438 4195 de
2497 4141 2650 4200 urbis
2683 4143 2932 4201 aediﬁciis
2970 4146 3127 4204 locus
3180 4147 3274 4206 hic
3333 4148 3735 4206 Contoscaliaon

2190 4231 2500 4300 appellatur
2529 4242 2582 4288 et
2609 4248 2771 4290 causa
2796 4237 3039 4292 nominis
3069 4238 3356 4308 adjicitur.
3396 4240 3608 4298 Etenim
3637 4240 3738 4308 ipsa

2192 4329 2344 4388 porta
2385 4320 2522 4376 velut
2556 4324 2699 4377 intra
2731 4326 2914 4380 sinum
2954 4329 3244 4400 quemdam
3287 4332 3536 4388 abscedit
3565 4341 3737 4386 versus

2194 4412 2403 4477 urbem,
2433 4414 2578 4470 etab
2604 4415 2770 4469 altera
2813 4424 2968 4486 parte
3018 4419 3333 4488 proximum
3388 4423 3492 4482 sibi
3543 4428 3735 4490 portum

586 4505 699 4559 iloc
751 4504 864 4573 jam
929 4501 1049 4562 loco
1094 4509 1412 4569 perventum
1445 4509 1551 4567 est,
1606 4504 1675 4556 ab
1701 4504 1904 4574 angulo
1934 4506 2085 4562 urbis
2116 4523 2161 4581 ι)
2194 4499 2356 4556 habet
2386 4517 2482 4570 pro
2517 4504 2857 4571 triremibus,
2889 4505 2943 4562 in
2974 4522 3124 4564 mare
3177 4524 3237 4566 se
3285 4511 3668 4580 porrigentem.
3693 4513 3739 4558 ιι

515 4599 780 4661 secundo,
807 4603 1026 4664 propter
1059 4608 1246 4648 muros
1272 4593 1422 4648 urbis
1449 4601 1744 4648 terrestres
1764 4596 2086 4651 circumara-

517 4687 774 4748 bulando,
793 4685 863 4746 ad
889 4684 1200 4753 oppositum
1222 4682 1349 4740 huic
1372 4681 1626 4751 angulum
1651 4683 1806 4737 urbis
1827 4685 2042 4739 tertium
2068 4700 2084 4739 :

515 4780 632 4848 qui,
655 4780 796 4840 sicut
829 4777 1106 4834 secundus
1158 4777 1250 4830 ille
1281 4775 1348 4832 ad
1385 4776 1568 4830 sinum
1623 4776 1940 4832 Ceratinum
1996 4795 2086 4834 ex-

516 4882 754 4926 tremum
785 4871 928 4933 situs
960 4878 1066 4934 est,
1105 4869 1182 4930 ita
1232 4879 1281 4924 et
1313 4870 1429 4940 ipse
1470 4872 1704 4940 pertinet
1734 4873 1799 4926 ad
1845 4872 2087 4944 PrOpon-

518 4963 718 5016 tidem:
753 4969 810 5020 ut
833 4959 1093 5031 deinceps
1119 4959 1264 5014 latus
1285 4960 1436 5014 urbis
1461 4961 1731 5029 reliquum
1766 4965 1902 5016 mari
1929 4965 2088 5018 allui-

519 5066 631 5120 tur,
659 5067 832 5124 usque
857 5053 924 5111 ad
960 5051 1406 5122 promontorium
1461 5051 1740 5120 Byzantis,
1798 5053 1882 5108 vel
1937 5053 2089 5109 urbis

519 5147 778 5214 anguium
811 5144 1070 5215 primum.
1098 5142 1182 5197 Ab
1204 5143 1307 5198 hoc
1331 5140 1478 5196 enim
1516 5141 1717 5212 angulo
1741 5143 1917 5211 primo
1943 5144 2086 5200 latus

517 5241 670 5299 urbis
699 5253 890 5304 unum,
923 5234 1180 5292 videlicet
1211 5232 1552 5304 aquilonare,
1596 5248 1627 5287 a
1656 5235 1790 5288 mari
1841 5233 2086 5290 Geratini

519 5333 675 5390 sinus
709 5329 960 5393 eiiicitur,
988 5344 1165 5400 usque
1193 5326 1265 5382 ad
1313 5325 1574 5396 anguium
1604 5326 1904 5381 secundum
1944 5325 2085 5382 Pen-

518 5427 896 5497 tepyrgianum
943 5440 956 5476 :
989 5437 1188 5478 rursus
1226 5419 1298 5476 ab
1345 5421 1514 5474 altera
1551 5428 1704 5491 parte
1737 5434 1888 5474 mare
1947 5421 2087 5476 Pro-

519 5518 762 5586 pontidis
797 5517 1098 5572 secundum
1125 5514 1271 5569 latus
1303 5513 1480 5576 urbis,
1501 5519 1557 5566 et
1586 5511 1945 5566 meridionaie
1968 5513 2090 5581 qui-

515 5612 638 5665 deut
699 5608 901 5670 cilicii.
963 5620 1139 5675 usque
1189 5605 1256 5658 ad
1336 5607 1554 5659 tertium
1609 5603 1762 5655 urbis
1825 5605 2086 5672 angulum

514 5701 1046 5770 ileptapyrgianum:
1085 5698 1424 5752 occidentale
1484 5709 1614 5748 vero
1653 5694 1878 5748 tertium
1943 5697 2084 5752 latus

517 5796 583 5846 ab
613 5791 865 5845 omnibus
891 5789 1047 5858 aquis
1085 5789 1348 5852 innnunc,
1385 5788 1626 5840 terrestri
1685 5803 1842 5841 muto
1877 5787 2079 5843 claudit

1718 5931 1766 5994 at

2195 4605 2355 4643 muro
2378 4594 2799 4651 circumdatum.
2833 4597 2880 4650 Is
2912 4607 3104 4668 portus
3134 4599 3263 4654 olim
3300 4615 3429 4658 cum
3452 4607 3739 4671 pararetur.

2189 4683 2504 4751 pra-fectum
2538 4685 2710 4741 fuisse
2740 4689 2961 4744 tradunt
2988 4690 3170 4764 operis
3214 4693 3369 4750 velut
3394 4693 3740 4764 ὲργοδιώκιτιν

2188 4774 2536 4844 Agallianum
2569 4777 2968 4834 Turmarcbum
3027 4782 3104 4853 (id
3139 4792 3336 4844 turmae
3371 4786 3563 4844 ducem
3586 4785 3740 4848 signi-

2190 4871 2336 4934 ﬁcat,
2373 4871 2479 4924 hoc
2510 4878 2613 4936 est,
2643 4872 2896 4940 legionis,
2930 4888 3028 4932 sex
3058 4874 3345 4936 hominum
3376 4878 3549 4936 millia
3603 4889 3742 4932 com-

2191 4959 2501 5028 plectemis,
2541 4969 2598 5013 ut
2628 4970 2712 5017 est
2746 4961 2888 5032 apud
2907 4961 3148 5018 Leonem
3180 4965 3494 5038 Augustum
3531 4967 3583 5021 iu
3617 4964 3744 5019 libro

2188 5050 2264 5104 De
2287 5050 2490 5106 bellicis
2517 5054 2912 5124 apparatibus),
2940 5055 3030 5125 qui
3064 5070 3371 5126 cognomen
3397 5053 3746 5114 Constoscelil

2191 5143 2447 5199 habuerit
2484 5159 2511 5197 a
2552 5143 2815 5199 brevibus
2849 5145 3020 5200 tibiis.
3069 5147 3498 5202 Gambacurtam
3529 5147 3641 5204 itali
3670 5146 3747 5198 di-

2190 5243 2398 5290 cerent.
2427 5235 2512 5288 Ab
2536 5234 2639 5290 hoc
2667 5234 2998 5304 appellatam
3043 5235 3200 5290 aiunt
3223 5249 3441 5306 portam
3471 5239 3747 5298 Gomosca-

2192 5326 2386 5391 linam,
2420 5323 2584 5378 veluti
2622 5326 3078 5381 contoscelinam.
3116 5327 3228 5399 Ego
3272 5343 3408 5384 vero
3435 5317 3747 5400 pace‘Gra-

2189 5431 2380 5472 corum
2439 5415 2674 5470 dixerint
2737 5417 2922 5485 potius
2957 5416 3406 5476 Contoscalinam
3445 5420 3527 5476 vel
3559 5419 3744 5474 Conto-

2188 5507 2345 5563 scalii
2371 5516 2622 5561 vocatam
2659 5521 2688 5560 a
2737 5516 2897 5562 conta
2927 5509 3098 5562 scala.
3133 5509 3337 5574 Κοντός
3377 5511 3524 5566 enim
3557 5507 3744 5566 Graecis

2193 5614 2338 5654 nunc
2390 5614 2610 5669 parvus,
2661 5600 2739 5653 uti
2797 5616 2920 5654 cum
2980 5589 3252 5658 (lcdrinus
3306 5604 3408 5668 ait,
3469 5600 3742 5673 quauda

2187 5693 2362 5748 inisse
2384 5693 2726 5746 nominatum
2756 5693 2823 5748 ab
2853 5694 3155 5765 exiguitate
3185 5703 3413 5752 statum
3439 5693 3744 5753 Κοντολέονιο

2191 5801 2255 5836 τα
2281 5791 2563 5853 prmluretn
2600 5783 2951 5852 Cephaliinw,
2993 5795 3044 5838 et
3094 5786 3253 5842 alium
3313 5783 3739 5850 Κοντοστὲφανον
