4048 6208
500 370 505 375 ’
519 368 631 442 8T9

1750 368 2075 430 JOANi‘ilS
2116 368 2581 434 LEUNCLAVII
2634 364 2637 367 λ
3637 374 3722 436 880

525 478 797 566 ψιθῑωδίἱ
845 494 1089 564 paritura
1130 489 1375 547 ’COD‘NO-
1410 487 1507 543 Vel
1539 486 1639 557 ἰρδὶ
1690 494 1801 540 tam
1835 502 1863 540 ³
1899 486 2095 542 Τυτοῐδ
2123 498 2169 552 Α
2200 496 2344 567 ptios
2379 505 2431 550 et
2482 493 2864 565 [Egyptiorum
2910 493 3125 549 sultano
3177 491 3464 559 subiectos,
3500 491 3725 547 indicavi-
3756 494 3763 501 ’

524 589 788 649 obsessae,
837 598 998 654 quam
1044 588 1366 652 expugnatae
1415 579 1963 647 Constantinopoleos
2010 578 2092 631 lii-

526 677 710 731 storize
775 672 1227 745 Cbalcocondylis
1300 679 1354 726 et
1439 670 1709 725 Leonardi
1802 670 2093 734 Cliiensis,

526 768 725 822 mirum
783 772 1051 836 quantum
1103 766 1220 820 haec
1272 763 1543 834 expositio
1594 768 1782 816 nostra
1825 762 1964 816 lucis
2012 760 2095 816 ai-

524 861 682 914 feret.

552 952 681 1007 20f.
716 950 863 1006 Mors
897 951 1098 1006 snltani
1135 950 1418 1073 Bajabzlitfs,
1450 963 1481 999 α
1514 902 1624 1014 iifio
1657 944 1853 1000 Selime
1884 958 2073 998 veneno

1193 1037 1255 1073 su
1315 1036 1415 1073 αι.

1193 1036 1415 1074 σηυιαιι.

592 1116 710 1170 Νοιι
745 1112 1112 1169 meminerunt
1156 1112 1382 1167 annales
1415 1111 1530 1166 dati
1563 1125 1593 1163 a
1625 1108 1737 1165 ﬁlio
1759 1107 1959 1162 Selitne
1992 1103 2097 1158 Ba-

525 1209 680 1277 iaziti
710 1221 806 1277 per
834 1207 972 1261 alios
1005 1204 1226 1267 veneni,
1278 1202 1425 1273 quod
1471 1217 1500 1255 a
1532 1201 1742 1255 nostris
1779 1205 2100 1252 constanter

525 1300 859 1363 afﬁrmatur,
926 1294 1061 1365 ipsis
1097 1305 1278 1349 tamen
1312 1291 1752 1363 expositionibus
1783 1289 1977 1343 horum
2015 1288 2100 1340 in-

527 1398 605 1442 ter
642 1402 701 1441 se
737 1401 845 1440 non
888 1398 1080 1456 parum
1118 1382 1538 1438 dissidentibus.
1566 1377 1677 1433 Nos
1714 1379 2102 1447 plerornmquc

527 1479 877 1538 narrationes
936 1478 1017 1531 sic
1074 1474 1457 1540 recitabimus,
1512 1484 1571 1527 ut
1617 1472 1883 1540 integrum
1922 1481 2099 1523 tamen

525 1568 1035 1640 lectoriiiudicium
1106 1567 1502 1636 relinquamus.
1584 1561 1969 1632 Spaudugiuus
2024 1560 2102 1613 ait

497 1642 785 1719 'Selimem
821 1662 961 1732 patri
1033 1658 1350 1730 adiunxisse
1398 1655 1667 1710 Jouuzem
1729 1654 1969 1716 bassam,
2010 1650 2101 1719 qui

529 1766 718 1805 curam
745 1748 865 1820 eius
897 1757 1133 1818 gereret,
1162 1758 1463 1814 omnesque
1497 1759 1584 1799 res
1630 1741 1804 1813 patris
1866 1742 2102 1796 admini-

526 1854 749 1900 Stmt‘cl.
784 1840 1000 1897 Interim
1035 1847 1215 1893 tamen
1236 1845 1449 1892 secreto
1477 1850 1601 1890 cum
1650 1832 1859 1888 Junuze
1921 1841 2104 1888 trans—
2136 1847 2179 1905 Β

506 1918 737 2005 egisse,
770 1949 1036 1989 venenum
1072 1942 1129 1985 ut
1171 1931 1313 2001 patri
1356 1927 1758 1999 propinaretur.
1782 1924 1963 1993 Itaque
1995 1925 2097 1985 Ba-

523 2029 744 2095 iazitem
789 2025 965 2096 prius,
1020 2037 1186 2093 quam
1249 2020 1596 2073 Dimotucum
1649 2017 2010 2086 pervenisset,
2048 2015 2095 2066 vi

529 2117 719 2173 veneni
750 2115 859 2171 dati
891 2115 1223 2169 exstinctum
1278 2111 1467 2163 fuisse.
1498 2106 1694 2163 Jovius
1725 2107 1878 2161 addit
1935 2119 2098 2158 Vene-

530 2224 659 2264 num
693 2208 741 2263 ei
775 2205 1058 2277 praebitura
1100 2207 1167 2258 ab
1197 2202 1446 2257 Ilatnoue
1490 2199 1676 2254 Judan
1720 2198 1951 2252 medico.
1993 2197 2099 2249 Alii

530 2308 956 2355 commemorant
990 2296 1245 2351 Selimem
1282 2301 1635 2356 metuentem,
1668 2306 1736 2345 ne
1775 2304 1836 2344 se
1870 2289 2014 2342 bello
2044 2289 2099 2341 in

505 2370 781 2447 'Anatolia
824 2398 1017 2444 contra
1071 2387 1289 2451 fratres,
1345 2386 1665 2439 Aclnnetem
1699 2391 1751 2437 et
1785 2382 2097 2442 Corcutem,

529 2492 815 2553 occupato,
878 2495 1072 2537 rursus
1119 2478 1406 2548 imperium
1442 2477 1543 2531 sibi
1579 2475 1881 2531 vindicaret
1912 2482 2095 2542 pater;

529 2574 844 2646 corrupisse
897 2558 1173 2627 medicum
1230 2568 1403 2640 patris
1441 2566 1773 2635 Ustarabitn,
1813 2564 2098 2635 promissis

530 2669 579 2723 ei
609 2667 856 2737 singulos
906 2662 965 2719 in
1013 2663 1131 2718 dies
1180 2661 1412 2716 annonis
1463 2672 1747 2728 asprorum
1800 2656 1967 2719 mille,
2007 2655 2097 2723 qui

468 2740 738 2815 "reditus
786 2766 934 2811 esset
972 2769 1190 2809 annuus
1240 2751 1383 2808 9000.
1428 2750 1767 2807 tlialerorum
1828 2747 2006 2817 aSpl‘is
2032 2745 2100 2800 40

532 2863 629 2916 pro
698 2860 805 2917 uno
865 2845 1075 2899 thalero
1150 2844 1503 2913 computatis.
1560 2844 1746 2910 Itaque
1828 2839 2102 2908 recepisse

534 2924 927 3007 medicum,sc
970 2934 1198 3002 Baiaziti
1251 2948 1516 2988 venenum
1550 2932 1849 3002 pharmace
1880 2931 2100 2985 mistum

2202 603 2321 642 mus
2348 589 2526 657 capite
2561 588 2679 642 165.
2713 586 3013 654 Mustapltae
3041 585 3214 639 bassm
3246 585 3565 638 mentionem
3589 588 3724 654 paulo

2198 689 2323 735 ante
2355 679 2585 735 fecimus
2613 680 2788 747 capite
2830 678 2953 734 £98.
2988 675 3113 731 Fuit
3155 675 3473 731 interfectus
3510 689 3725 746 preptrr-

2207 787 2291 834 ea,
2348 772 2493 841 quod
2529 769 2811 825 Acbmetis
2847 784 2970 824 eum
3006 768 3164 833 filios,
3211 758 3474 823 Moralem
3504 779 3552 822 et
3577 770 3729 822 Alatli.

2201 875 2344 925 nem,
2377 861 2442 915 de
2473 860 2795 913 imminente
2836 858 2937 913 sibi
2972 873 3001 909 a
3032 870 3227 927 patruo
3265 857 3466 914 Selime
3491 860 3724 927 periculo,

2200 953 2479 1007 monuisse
2500 967 2597 1022 per
2636 954 2842 1008 celeres
2869 952 3239 1007 internuntios
3261 963 3586 1020 compertum
3619 952 3730 1005 fuis-

2202 1054 2302 1100 set.
2341 1044 2566 1100 Meritas
2599 1046 2701 1099 luit
2743 1059 2953 1114 pcenas,
2993 1044 3063 1099 ob
3091 1043 3374 1114 perﬁdiam
3424 1056 3546 1113 erga
3591 1044 3730 1097 sulta—

2202 1154 2331 1192 nnm
2367 1135 2685 1207 Bajazitem,
2724 1138 2915 1191 lterum
2950 1145 3357 1202 sunm,-contra
3394 1150 3547 1205 quem
3572 1135 3729 1191 Selimi

2203 1230 2315 1284 ﬁlio
2345 1231 2649 1286 studuerat.
2694 1230 2948 1284 Fratrum
2984 1228 3101 1293 ﬁlii,
3145 1243 3287 1298 quos
3342 1225 3561 1282 Selimes
3586 1236 3733 1281 stran-

2203 1323 2373 1391 gulari
2405 1322 2641 1392 iussisse
2674 1322 2934 1386 traditur,
2966 1336 3121 1375 more
3171 1318 3484 1375 Osmanidis
3526 1328 3731 1385 recepto.

2202 1414 2295 1482 qui
2324 1412 2479 1468 nefas
2513 1428 2633 1468 esse
2661 1421 2875 1481 putant,
2910 1412 3336 1467 O‘smanidarum
3371 1409 3620 1479 sanguine
3647 1417 3730 1461 tor-

2202 1519 2317 1557 rain
2353 1503 2663 1573 conspergi,
2690 1517 2922 1556 numero
2950 1502 3103 1555 fuere
3133 1502 3379 1570 quinque
3406 1518 3420 1554 :
3460 1498 3735 1553 Mucliemr-

2203 1604 2285 1650 tes
2308 1593 2361 1648 et
2387 1593 2672 1659 Aladines,
2704 1592 2928 1649 Sinanis
2947 1592 3127 1648 scaclii
3152 1592 3244 1645 ﬁlii
3267 1610 3282 1658 ;
3303 1606 3423 1646 cum
3450 1591 3615 1646 tribus
3635 1592 3735 1644 ﬁliis

2205 1687 2404 1741 snltani
2438 1684 2820 1750 Mucbemetis,
2846 1695 2915 1740 'ut
2952 1694 3033 1740 est
3062 1685 3247 1739 videre
3280 1685 3548 1739 nostra‘in
3576 1682 3738 1737 Osma-

2205 1780 2454 1835 nidorum
2484 1779 2822 1850 genealogia.
2863 1778 2937 1834 De
2965 1777 3226 1832 Tekiensi
3258 1777 3537 1847 provincia
3559 1776 3734 1829 dictum

2207 1872 2381 1943 rapite
2413 1873 2500 1926 57.
2533 1870 2635 1936 Qui
2669 1869 2877 1939 primus
2907 1883 2936 1923 e
2961 1867 3291 1936 ianitoribus
3327 1866 3489 1935 regiis
3523 1875 3572 1919 et
3599 1865 3735 1917 Azcm

2201 1963 2314 2033 Aga
2357 1972 2585 2017 vocatur
2635 1962 2688 2015 in
2727 1960 3053 2026 Annalibus,
3101 1960 3313 2028 integre
3371 1957 3625 2012 dicendus
3670 1964 3739 2008 cst

2200 2053 2471 2124 Capizilar
2510 2056 2673 2108 Azem
2710 2056 2843 2123 Aga.
2877 2049 3104 2105 Nomina
3145 2050 3257 2119 iam
3290 2049 3575 2118 aliquoties
3598 2062 3739 2116 expo-

2182 2148 2304 2200 sita
2342 2153 2489 2209 sunt,
2522 2153 2575 2199 et
2610 2158 2712 2199 suo
2767 2143 2886 2198 loco
2920 2143 2987 2197 de
3023 2143 3370 2212 Capizilariis
3402 2156 3627 2211 agemus.
3660 2140 3735 2207 qui

2202 2237 2403 2289 snltani
2438 2234 2747 2289 Osmanida:
2790 2235 3058 2303 ianitores
3095 2243 3244 2288 sunt.
3300 2232 3391 2287 liis
3422 2231 3640 2301 prmfcrti
3669 2244 3739 2282 so-

2202 2329 2313 2383 lent
2372 2344 2489 2383 esse
2542 2329 2624 2383 vel
2674 2334 2932 2397 quatuor,
2967 2327 3049 2380 vel
3094 2308 3217 2389 sex,
3275 2335 3433 2394 prout
3468 2324 3561 2393 ipsi
3590 2323 3735 2376 visum

2203 2424 2437 2478 sultano.
2493 2420 2769 2475 Vocantur
2805 2429 2987 2474 autem
3028 2420 3111 2475 vel
3163 2419 3436 2489 Capizilar
3487 2418 3642 2478 Bassi,
3672 2415 3739 2468 vel

2202 2512 2473 2583 Capizilar
2503 2514 2635 2581 Aga.
2676 2511 2751 2569 De
2799 2512 3068 2567 vocabulo
3135 2511 3301 2567 Bassa
3361 2510 3530 2580 capite
3574 2510 3649 2573 14,
3689 2509 3740 2557 de

2203 2620 2299 2675 aga
2334 2605 2434 2657 173
2476 2603 2737 2659 diximus.
2774 2604 2875 2669 Qui
2919 2604 3130 2673 primus
3185 2612 3240 2657 et
3297 2618 3574 2670 supremus
3622 2602 3740 2652 inter

2204 2696 2303 2750 bos
2336 2705 2441 2761 est,
2485 2696 2757 2765 Capizilar
2793 2696 2957 2751 Azem
3013 2698 3123 2766 Aga
3194 2697 3526 2749 nominatur.
3561 2691 3737 2747 Etenim

2203 2786 2365 2841 Azem
2396 2800 2707 2855 supremum
2744 2786 3036 2856 signiﬁcat.
3075 2784 3389 2839 Notandum
3440 2784 3521 2837 hic
3543 2777 3741 2835 Casanis

2202 2878 2420 2931 Azemis
2471 2876 2926 2945 Capizilariorum
2982 2878 3108 2945 Agae
3147 2892 3373 2931 nomen.
3407 2876 3601 2941 Quippe
3621 2871 3741 2925 Gru-

2206 2969 2368 3023 frams
2407 2968 2501 3031 ait,
2538 2967 2826 3022 Corcutem
2869 2967 3126 3023 incidisse
3176 2968 3232 3022 in
3269 2982 3459 3021 manus
3494 2960 3739 3026 Bas-tangis

520 3030 969 3101 propinaturum.
1010 3026 1087 3079 Ac
1114 3024 1387 3083 tradidere
1420 3024 1672 3094 quidam,
1702 3037 1971 3079 venenum
2000 3024 2103 3076 hoc

516 3104 707 3181 fuisse
740 3104 1133 3177 comminutum
1194 3114 1439 3187 pulveris
1487 3117 1662 3170 instar
1727 3115 2095 3175 adamantetu.
2140 3180 2141 3183 η

535 3211 839 3268 Ustarabim
891 3209 948 3269 in
1004 3207 1203 3279 oppido
1256 3207 1493 3261 Tzurulo
1540 3205 1762 3277 Baiaziti
1813 3217 2095 3260 auctorem
2129 3190 2172 3250 (ἶ

2204 3059 2397 3125 bassze,
2426 3061 2517 3130 qui
2550 3060 2767 3115 Selimis
2804 3076 2967 3131 gener
2994 3059 3179 3115 fuerit.
3212 3060 3560 3116 Ostendimus
3589 3066 3738 3108 autem

2207 3168 2391 3220 supra,
2440 3153 2615 3223 capite
2670 3152 2791 3220 198,
2832 3151 3140 3222 Bostangim
3194 3152 3440 3215 bassam,
3470 3145 3741 3223 Selimisfl-

531 3306 703 3359 fuisse
737 3300 986 3357 sumendi
1029 3298 1474 3369 pliarmaci,_quo
1506 3298 1769 3353 mirificus
1789 3296 1910 3351 seni
1946 3296 2098 3364 vigor

534 3396 699 3451 totius
729 3393 976 3463 corporis
1009 3400 1063 3446 et
1093 3389 1263 3446 animi
1295 3390 1575 3445 rediturus
1604 3401 1773 3446 esset.
1804 3388 2098 3446 Annuente

530 3490 789 3558 Baiazite,
822 3486 1093 3555 medicum
1126 3482 1297 3536 altero
1330 3496 1487 3537 mane
1520 3479 1857 3539 sultaninum
1896 3480 1963 3533 ad
1999 3495 2097 3534 cu-

514 3558 771 3637 biculum
816 3577 1071 3639 venisse;
1110 3588 1349 3643 cumque
1398 3571 1761 3628 dormientem
1793 3571 1972 3624 adhuc
2017 3586 2099 3623 re-

538 3675 791 3741 perisset,
841 3658 1348 3737 exspectabuudum
1390 3665 1591 3719 ibidem
1640 3664 1886 3726 haesisse,
1928 3660 2099 3714 donec

534 3764 831 3832 evigilaret.
888 3759 1091 3828 Elapso
1155 3757 1417 3825 temporis
1469 3755 1655 3824 aliquo
1708 3756 1907 3823 spatio,
1974 3768 2097 3805 cum

440 3868 443 3869 '
533 3867 638 3908 non
695 3850 1200 3920 expergisceretur,
1256 3844 1484 3900 excitari
1540 3844 1816 3911 iussisse,
1875 3843 2100 3910 jamque

522 3929 906 4013 ἰοχρριτρειιιιυ
948 3939 1337 4004 interrogasse,
1396 3936 1764 4005 pliarinacone
1813 3938 1885 3989 uti
1918 3937 2096 4001 vellet.

530 4038 631 4095 filo
682 4035 1037 4101 assentiente,
1090 4030 1403 4089 Ustarabitn
1451 4029 2098 4101 antipiiarmaeispinulto

534 4142 660 4185 ante
686 4129 979 4191 munitum,
1012 4134 1393 4196 praegustatain
1423 4124 1492 4178 ab
1538 4141 1598 4180 se
1620 4182 1621 4185 η
1645 4124 1973 4188 medicinam
1999 4120 2101 4176 Ba-

530 4222 681 4290 iaziti
733 4220 1036 4291 prtebuisse
1087 4219 1482 4283 hauriendam;
1534 4218 1698 4273 simul
1750 4216 2099 4277 cubiculariis

536 4313 842 4379 mandasse,
875 4328 941 4367 ne
970 4312 1100 4382 quid
1133 4311 1184 4366 ei
1216 4318 1376 4381 potus
1412 4310 2096 4379 subtninistrareutprius,

532 4420 695 4476 quam
741 4406 880 4465 bene
928 4412 1189 4473 coeperto
1240 4415 1470 4472 corpore
1515 4400 1784 4456 sudasset.
1819 4399 1949 4455 inde
1982 4416 2097 4455 me-

536 4498 716 4552 dicum
750 4511 811 4553 se
837 4494 1364 4562 Constantinopolim
1389 4495 1457 4549 ad
1490 4491 1743 4551 Setimem
1774 4492 2097 4555 contulisse.

536 4590 627 4659 qui
656 4591 915 4659 promissi
939 4587 1148 4659 praemii
1196 4588 1315 4642 loco
1367 4585 1599 4655 iusserit
1628 4586 1678 4637 ei
1713 4593 1878 4652 caput
1909 4599 2101 4653 ampu-

536 4681 669 4749 tari;
715 4681 860 4750 quod
909 4680 1138 4744 diceret,
1188 4677 1462 4733 hominem
1501 4676 1829 4730 sceleratum
1869 4689 1931 4728 ac
1972 4674 2104 4728 .inﬁ-

536 4774 663 4828 dum
696 4775 913 4829 sultano
964 4772 1131 4841 patri,
1176 4773 1364 4826 eadem
1414 4784 1675 4823 usurum_
1708 4782 1834 4835 erga
1866 4782 1928 4821 se
1961 4781 2099 4835 quo—

535 4880 638 4931 que
662 4865 908 4935 perfidia,
943 4863 1211 4933 siquidem
1242 4862 1348 4919 hoc
1378 4862 1454 4915 uti
1484 4861 1712 4923 faceret,
1733 4858 1801 4913 ab
1820 4858 1935 4913 alio
1964 4875 2102 4928 quo-

536 4958 680 5025 piam
713 4956 1071 5025 compellatus
1098 4961 1264 5010 esset.

567 5069 697 5125 903.
729 5069 1017 5123 Cruentum
1053 5077 1102 5122 et
1133 5065 1469 5133 parricidiale
1509 5063 1723 5123 Selinus
1757 5065 2062 5133 imperium.

610 5160 837 5215 Sublato
864 5162 931 5214 de
985 5160 1161 5213 medio
1189 5167 1359 5226 patre,
1392 5172 1712 5227 progressus
1748 5166 1831 5211 est
1871 5155 2101 5210 Selimes

538 5252 605 5306 ad
640 5253 935 5307 immanem
976 5250 1237 5305 saevitiam
1288 5249 1542 5317 fmdaque
1594 5246 1912 5317 parricidia,
1948 5248 2100 5301 scius

535 5354 804 5397 utrorum
838 5342 996 5411 potiri
1063 5352 1267 5409 posset.
1335 5340 1665 5408 Fratereius
1733 5349 1863 5393 natu
1927 5338 2101 5406 major

534 5438 823 5493 Acbmetes
842 5438 913 5490 ad
944 5438 1207 5490 Arabicos
1237 5435 1371 5489 ﬁnes
1405 5424 1712 5503 profugisse
1745 5432 1968 5495 dicitur,
1996 5432 2099 5483 hoc

534 5539 638 5589 est.
671 5531 723 5582 in
746 5526 1127 5582 Caramaniam
1157 5526 1321 5598 482
1367 5510 1540 5595 regno
1577 5524 1783 5578 snltani
1817 5522 2098 5576 Cairensis

535 5617 842 5673 fmitimam.
879 5618 1089 5689 Quippe
1137 5633 1248 5671 non
1293 5616 1466 5672 multo
1503 5624 1622 5686 post
1659 5615 1929 5683 sequitur,
1972 5628 2095 5669 eum

533 5708 652 5761 suis
682 5708 896 5763 tandem
935 5724 968 5764 e
996 5707 1375 5763 latent-iscum
1408 5706 1581 5761 milite
1620 5704 1933 5759 Caramano
1965 5717 2096 5757 con-

530 5805 617 5853 tra
649 5798 903 5875 sclimem
944 5799 1233 5869 prodiisse.
1271 5799 1474 5853 Arabes
1514 5800 1673 5851 etiam
1720 5796 1899 5852 vocari
1930 5794 2095 5864 [Egyo

2209 3246 2293 3300 liae
2346 3247 2562 3315 nuptias
2621 3254 2983 3302 consecutum
3052 3248 3107 3300 in
3168 3246 3456 3315 praemium
3511 3239 3740 3313 perﬁdiae,

2208 3352 2505 3406 cognomen
2542 3336 2800 3392 habuisse
2856 3335 3246 3406 Ducaginoglis
3305 3351 3370 3391 ex
3416 3348 3571 3390 causa
3608 3329 3741 3400 paulo

2207 3439 2326 3499 post
2355 3428 2643 3498 aperienda
2675 3445 2689 3494 ;
2724 3442 2923 3482 nomen
2955 3442 3086 3483 vero
3105 3428 3387 3498 proprium
3417 3427 3571 3497 huius
3594 3421 3740 3477 Duca-

2202 3520 2436 3589 ginnglis
2469 3527 2597 3574 erat
2618 3532 2726 3573 non
2780 3519 2979 3574 Casam
3041 3518 3126 3573 vel
3169 3517 3372 3583 Casan,
3407 3519 3498 3575 sed
3524 3517 3738 3573 Achmet.

2206 3610 2663 3677 quemadmodum
2698 3623 2762 3663 ex
2816 3608 2950 3676 ipsis
3000 3606 3304 3663 Annalibus
3331 3607 3576 3674 deinceps
3606 3614 3740 3670 appa~

2206 3700 2366 3753 rebit.
2419 3697 2484 3752 Et
2543 3699 2767 3753 omnino
2795 3697 3087 3767 Capizalar
3144 3699 3261 3768 Aga
3317 3700 3558 3754 diversus
3613 3703 3683 3747 est
3715 3705 3738 3742 a

2206 3792 2459 3860 Bostangi
2494 3791 2676 3847 bassa.
2720 3790 3069 3860 Quapropter
3108 3791 3161 3844 in
3198 3791 3289 3847 bis
3317 3790 3590 3847 Geufrzeus
3616 3797 3739 3839 erra-

2208 3880 2299 3933 vit.
2323 3879 2584 3949 Oppidum
2613 3880 2836 3949 Egrigos
2867 3880 3111 3934 Bellonio
3156 3879 3359 3951 Grigos
3392 3893 3491 3943 est,
3534 3880 3593 3932 ad
3617 3888 3739 3929 mare

2206 3976 2612 4035 situm,versus
2650 3974 2832 4027 sinum
2888 3973 3219 4035 Aiassicum,
3273 3976 3365 4044 qui
3418 3974 3600 4045 priscis
3644 3975 3739 4021 οιίιῐ

2207 4063 2421 4117 lssieus.
2806 4080 2810 4085 ο

2272 4172 2398 4229 205.
2438 4174 2643 4248 satiatis
2679 4186 2928 4242 statura;
2973 4179 3157 4248 prazlio
3200 4182 3369 4233 niczus
3414 4188 3459 4231 et
3503 4160 3681 4232 arrisit:

2466 4246 2761 4314 Achmetes,
2790 4246 3003 4317 ejusque
3042 4249 3275 4316 ﬁliorum
3306 4250 3515 4303 exsilia.

2281 4337 2433 4405 Quod
2460 4337 2779 4407 pumilionis
2812 4339 2999 4394 Solimi
3032 4353 3236 4395 nomen
3286 4340 3555 4404 tribuitur,
3593 4334 3660 4389 sic
3682 4331 3738 4386 de

2205 4429 2470 4485 sententia
2503 4428 2845 4499 Spandugini
2889 4440 2973 4487 est
3016 4432 3440 4502 accipiendum,
3484 4438 3541 4485 ut
3570 4425 3735 4482 intelli-

2133 4539 2178 4597 ο
2205 4536 2396 4589 gamus
2438 4536 2562 4576 eum
2614 4523 2682 4576 de
2744 4521 2959 4592 reliquo
3020 4536 3259 4593 corpore
3303 4522 3475 4581 fuisse
3515 4521 3734 4586 oblonga.

2204 4608 2295 4662 sed
2329 4608 2492 4666 tibias
2523 4609 2784 4668 habuisse
2837 4612 3046 4668 breves.
3101 4613 3289 4683 anue
3333 4614 3401 4668 dc
3450 4624 3604 4668 causa
3636 4618 3735 4676 spe-

2202 4700 2456 4755 ctabilior
2486 4710 2608 4758 erat
2666 4704 2721 4759 in
2771 4719 2937 4774 equo,
2968 4720 3133 4774 quam
3172 4707 3219 4761 si
3265 4705 3432 4775 pedes
3474 4701 3731 4759 incederet.

2202 4788 2458 4859 Neapolis
2504 4790 2842 4847 Caramania:
2887 4792 3087 4849 Turcis
3140 4810 3239 4850 sua
3299 4796 3481 4865 lingua
3537 4792 3733 4844 vocatur

2202 4881 2590 4937 Genisclielier.
2632 4883 2696 4937 Et
2726 4883 3011 4938 annalium
3040 4884 3131 4939 hic
3177 4884 3417 4939 notanda
3446 4880 3599 4935 verba
3627 4880 3734 4931 sunt

2201 4989 2323 5041 qua
2353 4974 2550 5043 saepius
2581 4981 2854 5043 repetunt,
2882 4975 2982 5030 bas
3018 4990 3105 5030 res
3140 4975 3195 5029 in
3232 4972 3549 5030 Caramania
3585 4967 3731 5021 fuisse

2204 5074 2408 5135 gestas,
2441 5079 2551 5133 quo
2600 5080 2659 5119 se
2718 5067 3029 5122 contulerat
3063 5067 3378 5132 Aclimetes,
3435 5073 3491 5119 ut
3545 5058 3730 5115 auxiliis

2203 5158 2400 5213 snltani
2432 5156 2671 5228 Aigyptii
2712 5161 2828 5213 sive
2855 5159 3136 5216 Cairensis
3178 5176 3208 5213 e
3238 5160 3538 5230 prepinquo
3564 5162 3726 5208 contra

2202 5248 2460 5304 Selimem
2512 5251 2591 5303 uti
2641 5258 2845 5319 posset.
2894 5250 3092 5307 Leonis
3127 5252 3346 5321 quidem
3383 5247 3596 5319 Augusti
3637 5240 3727 5295 No-

2203 5341 2342 5392 vella
2371 5340 2438 5394 de
2491 5340 2707 5394 thronis
2760 5339 3062 5411 Neapoleos
3114 5339 3361 5396 meminit
3419 5340 3725 5405 episcopatus

2204 5428 2494 5499 metropoli
2523 5427 2982 5501 Stauropolitana:
3042 5431 3095 5486 in
3154 5431 3313 5488 Caris
3364 5428 3577 5486 subditi.
3608 5422 3722 5475 Hinc

2202 5531 2446 5592 apparet.
2482 5537 2669 5577 errare
2693 5522 2935 5581 Jovium.
2977 5525 3069 5595 qui
3140 5532 3431 5594 pugnatum
3464 5521 3536 5573 ait
3577 5524 3719 5585 ρτορο

2201 5613 2431 5668 Prusam
2464 5614 2514 5669 in
2558 5615 2898 5684 amplissima
2949 5616 3344 5686 planitie,quae
3386 5625 3529 5667 nom
3567 5617 3720 5661 terra»

2202 5706 2427 5775 tiliugua
2478 5705 2685 5768 Italica,
2745 5705 2831 5761 vel
2865 5721 3020 5761 novae
3062 5706 3298 5762 civitatis
3346 5700 3639 5773 appelletur.
3666 5690 3719 5743 Et

2205 5798 2572 5869 proﬁciscitur
2602 5800 2711 5854 bare
2745 5800 2862 5869 eius
2890 5801 3013 5856 inde
3042 5799 3412 5861 liallttcinatio,
3465 5788 3594 5862 quod
3630 5784 3717 5836 alia
