4048 6208
387 154 498 222 88.3

1611 167 1938 230 JOANNIS
1982 168 2449 234 LEUNCLAVII

3523 167 3636 231 8M

385 275 520 332 teris
552 271 730 331 Teure
760 273 1034 332 scribetur
1053 277 1261 334 rectius
1292 295 1306 331 :
1337 278 1689 338 liebrmorum
1729 283 1949 347 Susum.
1987 288 2026 344 Α
2057 285 2224 349 vitiis,
2279 286 2529 352 avaritia,
2616 283 2940 350 ambitione,
3001 280 3252 352 perﬁdia.
3331 281 3480 356 Filio,
3525 283 3636 339 Se-

384 366 578 424 loviu's
607 377 878 426 autumat.
909 369 965 423 Id
995 369 1219 440 quidem
1247 370 1350 427 hoc
1380 372 1505 428 loco
1540 371 1763 430 minime
1791 375 1962 432 silen—

387 462 466 515 tio
484 461 951 531 prastereundmn,
971 459 1120 532 quod
1145 478 1174 517 a
1190 461 1326 517 Clmi
1345 472 1565 535 propter
1582 481 1743 535 quam
1768 467 1958 522 urbem

389 559 688 622 pugnatum
726 549 895 606 fuisse
946 549 1215 616 diximus,
1251 552 1320 610 80
1350 553 1677 610 milliatibus
1705 556 1962 613 Asiaticis

390 643 476 697 vel
509 640 774 720 Romanis
819 637 1139 697 Taurisium
1183 641 1370 701 distet.
1400 643 1721 700 Addendnm
1759 645 1960 710 ethoc,

389 732 740 789 commissum
770 728 943 791 fuisse
965 735 1210 804 prmlium
1239 729 1329 790 die
1355 730 1427 792 26
1464 739 1670 795 mensis
1703 737 1958 808 Augusti,

390 836 537 880 anno
563 822 882 882 Christiano
913 822 1072 883 1514.
1121 821 1426 884 Sultanla‘m
1481 827 1720 900 denique
1770 827 1966 886 Jovius

391 917 532 972 idem
545 915 720 972 fuisse
742 923 900 987 putat
917 927 1257 974 exstructam
1282 933 1312 974 e
1340 915 1517 974 ruinis
1529 910 1958 988 Tigranocertte.

391 1008 510 1065 Fiet
529 1008 649 1077 ejus
671 1005 758 1064 int
759 1023 813 1064 ra
832 1019 1050 1081 quoilue
1067 1013 1300 1078 mentio,
1321 1012 1375 1066 in
1402 1009 1759 1082 expeditione
1785 1012 1961 1083 prima

394 1098 602 1157 sultanl
640 1101 967 1157 Soleimanis
1007 1101 1278 1158 adversus
1314 1099 1534 1160 Persas.
1573 1099 1646 1160 De
1675 1101 1963 1174 Curabago

389 1194 719 1264 explicatum
757 1208 881 1265 cap.
910 1191 1002 1256 63,
1027 1193 1096 1249 de
1147 1191 1369 1252 Amasis
1434 1198 1614 1266 capite
1645 1197 1700 1254 ϐ.
1755 1197 1963 1254 Civitas

393 1287 554 1341 hodie
576 1285 722 1343 dicta
756 1283 993 1343 Kemacli
1017 1287 1072 1342 in
1103 1287 1367 1343 Armenia
1416 1287 1693 1359 quondam
1755 1295 1962 1344 metro-

394 1376 533 1444 polis
565 1377 684 1431 erat
711 1377 985 1432 armeniae
1012 1376 1342 1445 Camacims,
1377 1386 1438 1433 ut
1466 1393 1586 1435 eam
1624 1377 1826 1436 Leonis
1853 1377 1964 1436 Au-

394 1469 537 1538 gusti
570 1462 795 1524 Novello
845 1469 914 1525 de
963 1470 1180 1525 tiironis
1219 1467 1476 1540 appellat,
1502 1479 1556 1526 et
1589 1471 1894 1528 indicatum
1931 1487 1966 1530 a

281 1584 302 1625 ρ
396 1558 552 1615 nobis
579 1561 664 1616 est
697 1562 951 1631 superius
982 1576 1104 1633 cap.
1128 1563 1181 1617 δ.
1211 1561 1491 1619 Peucerus
1517 1573 1776 1634 corrupto
1801 1577 1966 1621 voca-

397 1653 526 1708 bulo
558 1648 900 1710 Ciamassum
935 1656 1255 1712 nominavit.
1273 1653 1613 1714 Sansovinus
1633 1671 1851 1730 quoque
1880 1651 1966 1715 la-

397 1753 608 1798 mac'ani
653 1743 872 1810 vitiose,
908 1757 1007 1815 pro
1036 1746 1271 1803 Camaca
1300 1747 1384 1804 vel
1423 1748 1682 1820 Camaco,
1717 1750 1968 1822 scripsit,

393 1840 639 1892 errorem
699 1827 996 1893 l.aonlceni
1029 1846 1258 1897 secutus
1276 1835 1619 1913 interpretis.

391 1949 523 2006 205.
557 1949 768 2007 Bellum
825 1945 1245 2030 Dulgadirenso;
1289 1971 1428 2030 mors
1475 1955 1625 2013 ducis
1674 1955 1972 2030 Ustagolvis

979 2025 1058 2078 vel
1082 2023 1381 2082 Morientis.

469 2105 545 2166 De
589 2108 898 2181 Dulgadiris
931 2113 1232 2181 provinciae
1281 2115 1484 2173 llnibus
1540 2115 1749 2175 dictum
1807 2112 1972 2190 supra

394 2201 580 2270 capite
615 2202 736 2258 163.
795 2197 974 2260 Duces
1029 2205 1172 2274 ejus,
1210 2205 1330 2263 sive
1387 2208 1584 2279 reguli,
1643 2201 1974 2267 Turcomani

395 2301 576 2360 erant,
615 2309 723 2350 nou
759 2293 1088 2352 Christiani:
1121 2299 1275 2369 regio
1324 2303 1443 2372 ipsa
1475 2311 1588 2356 tota
1655 2309 1972 2366 montuosa.

396 2384 580 2438 Tauro
609 2395 658 2440 ct
684 2385 980 2443 Anti‘tattro
1023 2389 1252 2445 inclusa.
1294 2387 1587 2447 Dreslerus
1646 2387 1976 2464 simpliciter

392 2471 793 2545 Cappadociam
829 2485 1010 2542 vocat,
1051 2479 1146 2535 sed
1179 2495 1287 2535 non
1337 2493 1506 2539 recte.
1537 2473 1688 2538 Bello
1751 2498 1974 2540 causam

395 2565 648 2636 prmbuit,
668 2565 815 2638 quod
833 2561 998 2638 hujus
1019 2567 1262 2642 regionis
1289 2570 1450 2631 ducis
1484 2569 1784 2632 Ustazelvis
1802 2575 1974 2639 (ilius,

405 2667 467 2711 ut
489 2657 725 2725 dictum,
758 2655 911 2717 bosti
942 2659 1180 2720 Solimis
1218 2673 1275 2722 et
1309 2659 1734 2722 Dsmanidarum
1768 2665 1974 2724 lsmaili

397 2751 648 2821 Sopiﬁno
695 2749 1004 2824 militasset,
1064 2754 1327 2828 quodque
1377 2765 1556 2829 pater,
1613 2759 1799 2815 occiso
1854 2759 1975 2815 Cal-

397 2841 622 2900 deranis
674 2844 732 2899 in
778 2843 992 2917 campis
1050 2845 1470 2915 lilio,’l'atrrisio
1534 2848 1975 2920 proficiscentem

2064 379 2176 431 limi
2249 387 2459 450 patrem
2529 377 2818 444 Bajazitem
2909 373 3210 444 prodendo,
3293 375 3509 442 nuptias
3568 377 3636 430 tl-

2063 467 2148 523 lia:
2219 467 2394 536 ipsius
2441 465 2773 537 impetravit,
2827 475 2887 522 ut
2943 478 3073 522 ante
3131 464 3397 521 diximus.
3447 466 3628 522 Causa

2064 559 2259 618 mortis
2293 561 2384 617 hic
2435 560 2621 616 verius
2674 568 2762 615 est
2815 559 3094 628 exposita,
3149 573 3317 628 quam
3369 559 3438 613 ab
3477 560 3630 619 aliis.

2064 651 2154 715 qui
2205 661 2458 708 necatum
2487 652 2674 706 volunt
2707 651 2778 707 ob
2803 650 3070 721 expilatas
3101 649 3446 719 provincias,
3493 652 3627 720 qui-

2065 745 2168 800 bus
2198 738 2702 816 prmfttisset.Atqui
2733 744 3034 799 vezirazcm
3058 742 3244 814 basaa,
3266 758 3378 812 quo
3403 755 3637 798 munere

2063 832 2255 890 dicunt
2277 835 2508 892 annales
2531 833 2776 890 functum
2822 829 2990 890 fuisse
3025 833 3462 904 Ducagiuoglim,
3505 849 3634 887 cum

2064 922 2428 990 occideretur,
2473 935 2582 979 non
2639 922 2976 994 provinciam
3034 924 3330 996 quamdam
3395 923 3638 978 admini-

2063 1017 2222 1077 s'trat.
2271 1017 2366 1071 sed
2399 1014 2464 1070 ad
2502 1024 2712 1083 portam
2733 1031 3000 1087 suprema
3022 1025 3147 1073 cum
3171 1026 3461 1086 potestate,
3485 1016 3639 1071 velut

2064 1103 2132 1162 ad
2163 1107 2375 1163 clavum
2406 1109 2576 1163 totius
2607 1104 3275 1178 Osmanidarum'imperii
3309 1109 3484 1173 sedet,
3534 1124 3640 1163 nec
3713 1133 3716 1140 -

2067 1198 2176 1255 nisi
2241 1199 2586 1270 gravissimis
2637 1200 2706 1252 de
2757 1199 3104 1260 causisalio
3154 1199 3294 1254 solet
3347 1200 3636 1268 ablegari:

2066 1290 2210 1361 quod
2242 1291 2294 1344 in
2335 1288 2540 1346 Sinane
2563 1290 2739 1361 prius.
2781 1291 3040 1361 deinceps
3069 1291 3336 1348 accidisse
3377 1292 3640 1347 memini-

2069 1396 2191 1437 mns
2221 1380 2275 1436 in
2314 1377 2554 1438 Osmane
2608 1382 2946 1438 vesiraseme
2981 1392 3168 1439 «intra
3215 1382 3413 1440 Persas
3439 1383 3638 1449 misso,

2067 1470 2226 1541 cujus
2275 1468 2398 1528 loco
2446 1483 2576 1528 tunc
2628 1472 3098 1544 provesirazemes
3135 1473 3203 1530 ad
3247 1482 3464 1542 pot-tarn
3506 1488 3642 1531 con-

2068 1563 2296 1620 stitutus
2319 1563 2422 1618 fuit
2449 1561 2667 1620 Ilesites
2691 1563 2874 1626 bassa.
2895 1565 3071 1635 spado
3099 1565 3336 1629 venulus.
3361 1582 3507 1622 nunc
3519 1569 3643 1622 snt.

2071 1651 2156 1710 vis
2210 1653 2447 1708 annonis
2512 1653 2647 1718 rude
2721 1654 2981 1711 donatus.
3032 1650 3422 1730 Oturaaiacum
3474 1656 3643 1712 Tttrri

2072 1744 2283 1800 dicunt.
2321 1739 2528 1799 Praeter
2556 1745 2988 1817 Ducaginoglim,
3022 1746 3273 1802 referunt
3307 1747 3534 1802 antraies
3561 1749 3643 1800 ab

2072 1833 2270 1893 Seiime
2299 1847 2552 1891 necatum
2607 1835 2986 1892 lsciienderem
3022 1837 3265 1896 bassam.
3310 1840 3405 1906 qui
3429 1851 3484 1894 et
3525 1841 3646 1907 ipso

2073 1940 2238 1995 gener
2271 1925 2442 1996 ipsius
2464 1934 2606 1991 erat,
2657 1935 2714 1983 et
2759 1927 3086 1983 Tazisadem
3163 1928 3646 1990 Cadiluscberum,

2072 2028 2127 2075 et
2181 2017 2486 2091 Seguanem
2520 2019 2736 2075 bassam
2758 2018 2940 2089 (oilicii
2963 2020 3298 2075 vocabulum
3316 2032 3422 2085 est,
3468 2020 3649 2088 capti.

2073 2123 2254 2170 ratum
2279 2128 2402 2183 cap.
2440 2111 2586 2182 190).
2610 2112 2706 2182 qui
2744 2128 2943 2170 nomen
2970 2113 3230 2170 habuerit
3259 2114 3353 2169 Bal
3417 2113 3644 2171 Gemcs.

2074 2204 2131 2261 Id
2164 2205 2445 2259 hominem
2471 2205 2749 2274 signiticet
2777 2205 2939 2262 melle
2981 2220 3090 2261 non
3143 2213 3478 2261 vescentem.
3514 2205 3650 2261 lico

2073 2293 2142 2352 de
2171 2310 2459 2366 procerum
2482 2296 2700 2353 Selimis
2716 2295 2954 2353 caedibus
2974 2297 3081 2353 hoc
3113 2305 3329 2353 tantum
3369 2298 3495 2352 loco
3523 2311 3649 2353 mo-

2075 2398 2384 2444 morantur.
2409 2389 2692 2445 Addamus
2742 2397 2800 2446 et
2829 2390 2988 2457 alias,
3023 2389 3147 2448 aliis
3195 2389 3540 2460 temporibus
3577 2405 3650 2446 ac

2077 2479 2213 2536 locis
2233 2489 2594 2551 perpetratas.
2628 2478 2928 2551 Mustapba:
2956 2496 3144 2536 necom
3171 2481 3518 2552 prodidimus
3543 2497 3647 2534 sud

2077 2584 2196 2640 pra,
2233 2585 2333 2640 cap
2356 2569 2484 2625 202.
2549 2569 2909 2627 Chcndenum
2969 2571 3190 2626 bassam
3230 2569 3421 2627 levius
3471 2573 3650 2650 truci-

2077 2661 2262 2717 datum
2298 2661 2466 2718 refert
2492 2668 2642 2739 ante,
2669 2672 2839 2734 quam
2871 2670 3066 2719 contra
3100 2663 3408 2731 Sophinum
3445 2663 3648 2718 lamnis

2077 2759 2184 2815 lem
2250 2759 2304 2814 in
2339 2755 2578 2816 Persium
2611 2759 3034 2831 progrederetur
3068 2777 3084 2814 :
3128 2759 3281 2829 quod
3331 2759 3417 2814 vir
3443 2773 3654 2828 magno

2079 2864 2263 2906 rerum
2297 2862 2396 2906 usu
2431 2850 2713 2920 prmditus,
2757 2851 2862 2906 iter
2896 2849 3001 2907 hoc
3047 2849 3308 2920 gravibus
3344 2850 3412 2903 de
3455 2848 3650 2903 causis

400 2948 592 2990 versus
616 2933 892 2992 Amasiam
919 2935 1138 2995 Selimls
1156 2938 1482 3006 exercitum,
1501 2940 1556 2997 in
1574 2941 1792 3000 elisuris
1813 2958 1975 2999 mon-.-
2000 2950 2044 3010 α
2071 2939 2126 2996 ei
2156 2939 2527 2995 dissuasisset.
2552 2940 2880 2995 Cituseinem
2925 2940 3167 3002 bassam.
3198 2940 3432 2995 vesia-em
3449 2953 3647 3003 suum.

401 3027 565 3092 tium,
582 3034 637 3082 et
662 3026 936 3098 impeditis
963 3029 1330 3104 itinerumque
1351 3027 1978 3103 angustiis,ﬂdminum-

401 3136 510 3189 (μω
525 3117 1026 3190 trausjeetionibus,
1043 3121 1342 3179 alliixisset.
1360 3123 1580 3181 Sinauis
1598 3126 1770 3182 bassae
1789 3128 1980 3183 memi—

404 3212 587 3268 nimus
604 3221 772 3286 supra
794 3212 975 3284 capite
1029 3211 1150 3270 177.
1173 3209 1484 3273 Ustazelvis
1505 3233 1534 3272 a
1565 3215 1774 3274 Sinane
1807 3220 1974 3290 capti,

402 3302 634 3374 ejusque
665 3301 825 3371 jussu
860 3304 1036 3361 necati
1061 3312 1248 3375 caput,
1285 3320 1316 3360 a
1363 3299 1564 3363 Selitne
1809 3305 1981 3364 Vene-

403 3398 530 3458 tias,
561 3412 660 3466 pro
689 3391 996 3453 Turcorum
1015 3411 1188 3465 more,
1217 3395 1448 3456 missum
1483 3396 1604 3454 fuit.
1631 3400 1977 3457 Substitntus

406 3491 514 3545 huc
547 3489 664 3545 Alis
691 3489 892 3561 begus,
917 3491 1062 3544 infra
1120 3491 1436 3548 nominatus
1458 3491 1644 3548 scachi
1689 3489 1982 3548 Suareusis

405 3579 572 3644 titius,
607 3578 764 3632 initio
818 3578 971 3651 regni
1034 3576 1381 3646 Soleimanis,
1446 3581 1513 3635 ad
1564 3595 1768 3635 annum
1821 3580 1981 3636 Citri-

404 3673 644 3728 stianum
703 3667 862 3738 i522,
926 3670 1017 3728 ubi
1109 3669 1264 3740 plura
1322 3669 1393 3728 de
1466 3671 1571 3728 hoc
1619 3687 1980 3745 exponemus,

404 3764 587 3835 capite
631 3751 760 3820 219.

405 3879 536 3940 206.
569 3880 795 3938 Setinis
841 3881 896 3936 in
936 3880 1122 3937 baccas
1164 3897 1289 3937 suos
1320 3881 1565 3946 ιουδαίας
1610 3877 1982 3949 θυωμιοςιὶ,

480 3949 994 4025 Qn‘caginiregulig,
1024 3952 1304 4025 catalogus
1345 3951 1758 4024 porricidiorunt
1800 3958 1852 4005 et
1881 3963 1985 4005 creo

476 3968 894 4077 ﬁiﬁgé'iiaifﬂ'.

481 4134 590 4191 Piri
633 4137 794 4193 bassa
831 4131 1030 4198 Turcis
1065 4148 1153 4195 est
1207 4137 1278 4206 is,
1327 4152 1491 4208 quem
1566 4137 1798 4195 historia
1855 4137 1982 4193 belli

2078 3030 2338 3088 similide
2366 3045 2532 3085 causa
2587 3030 2851 3100 deinceps
2897 3030 3065 3100 jussit
3121 3023 3573 3098 lnteriici,qnod
3591 3030 3648 3084 ei

2079 3137 2175 3194 per
2190 3115 2515 3180 solitudines
2533 3118 2745 3178 Arabia:
2765 3119 2987 3182 Cai'rum
3023 3123 3263 3196 petituro
3284 3138 3409 3178 cum
3440 3121 3646 3190 copiis.

2080 3224 2278 3272 auctor
2307 3225 2473 3282 esset,
2509 3231 2578 3270 ne
2621 3223 2827 3271 temere
2852 3223 3007 3271 tanto
3052 3231 3176 3280 eum
3231 3214 3477 3270 exercitu
3535 3223 3646 3266 tam

2082 3305 2450 3379 periculosum
2508 3306 2612 3360 iter
2662 3305 3063 3374 ingrederetur,
3131 3313 3193 3360 ut
3241 3305 3300 3359 ι
3351 3304 3649 3360 annalibus

2081 3400 2389 3470 expositum
2416 3397 2668 3469 legimus.
2692 3395 2932 3468 Atlgypto
2953 3396 3186 3466 potitus,
3218 3395 3484 3452 Jonuaem
3523 3395 3648 3451 bss-

2083 3508 2199 3550 sam
2233 3490 2448 3560 (Ianum
2475 3488 2614 3544 male
2631 3487 2921 3546 Geufraeus
2953 3496 3009 3544 et
3035 3488 3130 3543 alii
3160 3487 3401 3558 vocant),
3428 3504 3458 3543 a
3490 3487 3652 3542 Cbei~~

2084 3599 2143 3639 re
2169 3584 2303 3652 begs
2329 3596 2426 3652 per
2463 3581 2796 3638 calumniam
2817 3581 3088 3646 delatura,
3134 3594 3233 3641 seu
3275 3579 3459 3635 furore
3508 3594 3654 3648 quo-

2081 3673 2206 3734 dam
2225 3674 2516 3746 impulsus,
2537 3686 2570 3729 e
2593 3671 2772 3728 medio
2785 3673 3035 3736 sustulit,
3054 3681 3110 3727 ut
3127 3682 3212 3728 est
3240 3671 3295 3727 iu
3337 3673 3652 3727 annalibus.

2084 3773 2420 3844 Colligamus
2451 3769 2716 3827 immanis
2739 3763 2853 3837 jam
2879 3763 3078 3824 bellum
3101 3765 3343 3827 diritatis
3388 3763 3656 3820 inaudita

2093 3866 2362 3922 facinora.
2385 3861 2627 3919 Primum
2650 3869 2774 3917 octo
2799 3858 3116 3931 parricidia,
3137 3871 3365 3929 prorsus
3377 3857 3654 3919 enormia,

2087 3955 2286 4026 quibus
2301 3961 2513 4026 patrem
2543 3967 2754 4008 veneno
2767 3950 3022 4022 peremit,
3050 3947 3301 4005 Achmeti
3322 3947 3658 4017 Corcutique

2088 4047 2350 4103 fratribus
2370 4046 2480 4100 2st
2509 4045 2544 4101 ὅ
2569 4043 2800 4099 fratrum
2829 4042 2962 4097 [iiiis
2993 4042 3190 4110 laqueo
3220 4041 3409 4096 lituces
3459 4039 3609 4096 elisit
3637 4056 3654 4095 :

2085 4148 2377 4212 procerum
2402 4136 2604 4193 deinde
2658 4135 3023 4191 maximorum
3053 4131 3231 4188 ca‘des
3261 4131 3512 4192 totidem.
3541 4130 3658 4185 In-

409 4226 609 4283 Rhodii
647 4225 918 4300 Pyrrhum
945 4227 1139 4286 Graeco
1177 4229 1401 4285 nomine
1429 4237 1611 4292 vocat.
1646 4239 1706 4285 ut
1759 4229 1981 4298 Ajacem
2015 4296 2034 4304 Α
2089 4233 2303 4304 supinae
2331 4230 2512 4286 bassce
2557 4227 2916 4284 venirazemis
2940 4224 3223 4282 Citeudeni
3256 4223 3448 4286 basem,
3477 4222 3657 4278 Duca-

413 4318 602 4376 Jovius
625 4296 814 4375 itidem
844 4318 1211 4392 appellatione
1242 4311 1428 4377 Graeca
1468 4321 1629 4382 dixit.
1661 4319 1753 4392 qui
1787 4296 1986 4377 Turcis
2014 4296 2328 4396 l"einoglis
2362 4321 2722 4378 veairaaemis
2772 4321 2948 4374 besse
2968 4317 3152 4388 generi
3184 4314 3657 4381 sui,lschendetis

409 4409 742 4483 est'Aigas.
799 4413 1064 4484 Ducagini
1111 4412 1258 4470 filius
1313 4413 1510 4469 Turcis
1565 4424 1648 4470 est
1753 4413 1988 4470 Achmet

411 4507 573 4562 Iussa
603 4506 984 4576 Ducaginogli,
1017 4506 1177 4571 cui-us
1206 4509 1384 4564 obiter
1431 4508 1576 4562 facta
1629 4507 1862 4569 mentio.
1897 4520 1986 4560 ca-

411 4594 520 4665 pite
551 4597 671 4654 I98.
703 4597 876 4654 Natus
902 4596 1007 4652 fuit
1038 4597 1313 4670 Ducagina
1344 4596 1572 4663 familia,
1605 4611 1768 4668 quam
1794 4588 1986 4652 Jovius

411 4692 486 4740 ait
538 4689 808 4744 illustrem
866 4688 1040 4744 fuisse
1113 4687 1169 4743 in
1231 4688 1454 4760 regione
1499 4688 1803 4758 Naupactia
1868 4687 1983 4742 sive

413 4781 746 4850 Lepantina.
775 4781 920 4837 sicut
949 4781 1064 4850 jam
1098 4779 1322 4838 dicitur.
1350 4765 1619 4850 Ego'vero
1639 4781 1782 4835 banc
1807 4778 1982 4836 fuisse

411 4873 684 4927 celebrem
713 4871 934 4930 invenio
973 4871 1116 4942 apud
1179 4870 1432 4942 Epirotas
1485 4871 1568 4928 vel
1615 4872 1980 4937 Albaneuses,

412 4964 467 5017 in
502 4979 737 5034 quorum
769 4964 1312 5035 regione-Barlctius
1373 4964 1635 5032 liucagini
1710 4965 1984 5028 meminit,

415 5055 517 5110 loci
559 5056 640 5111 vel
675 5057 860 5126 oppidi
900 5056 1210 5128 cujusdam,
1251 5055 1341 5113 cui
1375 5069 1501 5112 cum
1560 5057 1790 5126 imperio
1844 5071 1984 5127 prreo

415 5150 634 5204 fuerunt
661 5149 902 5216 olitn,\et
926 5167 956 5205 a
996 5165 1107 5221 quo
1135 5149 1355 5204 familia:
1388 5163 1584 5204 nomen
1617 5149 1720 5203 hoc
1753 5150 1981 5203 inditum

415 5239 536 5294 fuit.
567 5239 808 5296 Annales
848 5240 1180 5296 Venetorum
1215 5238 1461 5304 tradunt,
1499 5253 1644 5292 anno
1672 5237 1984 5293 Christiano

415 5335 557 5388 Hii
600 5333 831 5386 Paulum
886 5339 943 5386 et
993 5331 1223 5386 Lercam
1279 5329 1592 5400 Ducaginos
1621 5329 1835 5391 fratres.
1873 5323 1980 5385 Ta-

417 5429 584 5484 musii
644 5430 834 5493 lilios,
888 5443 1014 5482 cum
1075 5426 1384 5482 ditionibus
1449 5425 1566 5480 suis
1625 5423 1678 5477 in
1729 5423 1981 5490 Albania,

417 5521 640 5576 Veneta:
696 5537 758 5576 sc
824 5519 1140 5588 reipublicm
1213 5517 1333 5571 lidei
1391 5515 1725 5586 permisisse.
1793 5512 1984 5570 Jovius

416 5612 563 5666 hunc
606 5609 1015 5682 Ducaginoglnn
1067 5610 1141 5662 ait
1201 5608 1463 5662 infatuem
1522 5607 1691 5662 fuisse
1736 5607 1983 5678 plutibus

2088 4413 2273 4469 itidem
2315 4413 2490 4469 bassze
2519 4411 2729 4483 generi,
2756 4407 3046 4465 Tasisadis
3080 4407 3476 4470 Cadilescheri,
3508 4401 3656 4460 Baiis

2085 4505 2272 4562 Gemis
2306 4504 2574 4575 Seguanis
2601 4501 2796 4564 bassaa.
2817 4499 3111 4557 Chuscinis
3146 4501 3317 4554 lissam
3345 4498 3568 4562 veriris,
3599 4504 3656 4550 et

2087 4595 2319 4654 Jonuais
2355 4599 2577 4654 bassat:
2619 4611 2742 4666 qum
2797 4608 2932 4660 sane
2985 4594 3168 4648 omnia
3221 4607 3456 4661 quonam
3493 4589 3656 4644 modo

2088 4689 2300 4757 legatus
2355 4689 2617 4752 Venetus,
2649 4687 2904 4758 Aloysius
2935 4684 3264 4745 Moce‘nicus,
3321 4697 3498 4751 usque
3519 4681 3656 4735 adeo

2092 4784 2310 4838 elevare
2359 4780 2620 4850 potuerit,
2667 4787 2725 4834 ut
2753 4778 2890 4835 nihil
2921 4776 3095 4832 fuisse
3121 4774 3418 4829 barbarum
3463 4773 3516 4826 in
3551 4774 3656 4828 hoc

2089 4884 2320 4947 tyranno
2346 4875 2528 4930 dicere
2550 4872 2624 4929 sit
2643 4886 2832 4936 ausus,
2857 4868 2989 4924 mihi
3016 4866 3236 4938 quidem
3257 4867 3448 4922 mirari
3481 4866 3652 4920 subit.

2086 4987 2214 5044 207.
2259 4983 2469 5040 Selimis
2509 4981 2757 5035 adversus
2792 4975 3014 5046 κεραμεῖ
3043 4972 3326 5046 Δξεινίτιῖτινιιςε
3379 4969 3652 5046 sultanum

2158 5039 2421 5123 capeditio
2459 5068 2478 5106 :
2523 5039 2979 5123 Cansavifn‘ait'ri,
3033 5039 3338 5107 Motrteluci,
3386 5039 3649 5107 Circasss’,

2159 5119 2266 5181 sitv
2303 5119 2810 5193 Quinqusmontaui.

2163 5235 2464 5291 Simulasse
2488 5231 2694 5288 dicitur
2725 5230 2980 5293 Seiimes,
3008 5226 3240 5282 alteram
3273 5225 3542 5278 adversus
3567 5220 3642 5278 ls-

2091 5329 2306 5381 maile'm
2355 5323 2663 5393 Sophinum
2695 5313 3098 5390 expeditionem
3129 5331 3191 5372 se
3235 5319 3649 5382 suscepturum,

2089 5435 2213 5473 cum
2248 5431 2442 5486 reapse
2475 5415 2761 5470 sultanum
2795 5408 3111 5466 Cairensem
3137 5406 3434 5461 invasurus
3478 5411 3648 5460 esset.

2088 5511 2141 5565 id
2169 5523 2287 5565 astu
2321 5511 2473 5575 fecit,
2499 5523 2568 5563 ne
2598 5512 2961 5580 praepotentes
3002 5500 3141 5556 duos
3166 5500 3357 5553 hostes
3397 5498 3560 5551 simul
3599 5496 3650 5547 in

2089 5621 2145 5660 se
2167 5603 2474 5660 concitaret
2513 5616 2525 5652 :
2551 5600 2643 5671 qui
2664 5598 2884 5667 quidem
2918 5596 3060 5652 inter
3083 5609 3141 5649 se
3170 5591 3508 5647 reconciliati
3533 5588 3650 5642 lue.
