2024 3104
176 82 231 115 886

757 82 951 114 PANDECTE
966 84 1067 116 IllST.
1087 84 1240 116 TURCIC;

176 143 250 171 rant,
278 138 472 167 animadverso
491 138 601 168 Selimis
629 138 767 171 instituto.
794 148 848 168 non
869 140 960 169 minus
974 145 999 176 Α
1013 141 1151 176 ‘plieando.
1168 149 1232 170 cum
1244 142 1326 171 modo
1341 150 1470 179 mgnum
1486 143 1681 178 mariseallun,
1711 148 1796 175 modo

177 183 309 220 Egyptii,
317 191 398 219 quam
408 183 497 212 Persae
505 184 644 212 interitum
656 185 816 219 quaerentis.
826 185 960 214 Prrcterea

177 229 304 257 stimulos
319 229 436 256 addebat
460 229 555 257 Selimi
571 230 653 258 Cheir
674 230 759 266 bcgus
774 230 868 266 Halepi
888 232 898 266 (
912 231 959 259 Jo-

177 275 237 302 vius
249 279 276 302 et
291 274 337 301 alii
357 274 534 309 Cajarbeium
546 283 602 303 non
626 280 703 304 reete
717 277 839 311 voeant),
852 277 897 312 qui
910 285 962 305 suo

178 328 238 346 cum
254 320 366 347 sultano
380 320 539 349 inimicitias
563 329 706 353 exercens,
726 321 897 350 deiecturum
927 323 962 351 ab

178 373 209 390 eo
222 373 250 392 se
261 365 415 398 nuntiabat,
431 366 453 394 si
469 367 580 401 propius
593 367 626 394 ad
648 365 780 402 llalepum
794 376 855 395 cum
884 376 962 396 caer-

178 411 232 436 citn
245 410 360 438 Selintes
376 413 546 440 accessisset.
559 413 673 440 Cansavi
692 413 774 441 Gauri
804 421 902 441 nomen
920 419 963 442 est

178 457 277 483 sultani
306 457 446 485 Cairensis
477 456 505 484 in
533 458 678 486 annalibus
710 454 787 487 hisce
818 459 960 493 Tur-eicis,

177 503 223 536 qui
249 504 351 530 nostris
375 510 506 538 corrupta
540 512 605 532 voce
640 505 799 533 nominatur
824 505 961 540 Campano

177 549 306 576 Ganrius.
324 548 402 576 llunc
419 549 535 577 Selimcs
553 551 645 585 praelio
666 551 742 585 vicit,
757 552 784 579 in
807 559 862 587 quo
876 552 963 580 sultao

163 593 230 620 ‘nus
276 595 335 629 ipse
364 604 451 623 cursus
482 598 622 624 οοιιιιιιιὶι.
654 597 808 625 Caiibeinm
834 605 961 633 quoque.

179 638 220 665 vel
243 638 369 668 Cheirem
397 641 505 676 begnm,
534 644 585 669 hoc
602 643 694 677 prrelio
721 643 867 677 cecidisse.
883 644 961 672 Geu-

180 684 261 711 t'r.ens
288 686 399 714 tradidit
425 695 431 713 :
458 688 500 714 cui
521 694 609 715 tamen
641 688 770 724 deinceps
782 689 900 725 [Egypto
917 698 963 718 ca-

178 734 220 763 pm
243 730 371 758 Scliutem
399 734 609 761 commendasse
634 734 797 768 Cairum,iu
815 736 857 764 his
879 743 964 763 anna-

178 777 248 804 lzbus
264 785 390 812 expresse
404 778 512 812 legitur.
529 780 565 807 De
581 779 738 809 Mamelucis
746 781 853 809 abunde
868 780 963 810 Jovius

1011 187 1170 222 praefectum
1186 189 1229 216 vel
1244 189 1429 223 admiralium.
1442 191 1524 219 modo
1546 196 1674 227 maguum
1695 193 1796 221 stabuli

1011 234 1141 262 comitem
1160 234 1369 270 interpretatur,
1384 237 1431 272 qui
1442 236 1604 266 (ineorum
1616 238 1644 266 in
1656 238 1728 266 aalla
1739 245 1798 267 erat

1010 277 1025 304 6
1039 278 1126 313 μέγας
1143 280 1333 313 nominee.
1356 282 1385 310 Si
1410 281 1492 310 Petro
1507 282 1631 318 Ilartyri,
1645 288 1675 311 ut
1689 284 1799 312 oculan

1012 324 1088 357 testi.
1116 325 1183 353 tides
1215 325 1353 359 habenda.
1378 327 1425 362 qui
1457 327 1532 356 hunc
1557 329 1700 363 prmluisse
1727 330 1799 357 alii-lt

1011 370 1195 399 exercitibus:
1213 372 1293 400 fuerit
1307 373 1413 401 scilicet
1427 374 1452 402 is
1475 374 1549 409 apud
1575 374 1718 410 Egyptios
1744 375 1809 403 ωυ-

1012 412 1160 448 Duveidar,
1172 416 1217 450 qui
1234 415 1364 445 Serasltcr
1378 425 1450 447 nunc
1466 421 1538 454 apud
1567 419 1674 448 'l'urcos
1685 424 1738 453 est,
1752 425 1800 447 aut

1012 459 1057 493 qui
1072 460 1159 495 μέγας
1176 461 1239 495 eoae
1251 463 1322 498 apud
1337 463 1448 492 Graecos
1472 465 1651 500 immaturos
1678 466 1744 494 olim
1757 466 1800 494 di-

1012 505 1134 534 cebatur.
1148 506 1217 535 Nam
1236 509 1324 543 μιγας
1348 511 1591 547 στρατνηεδὰρχης
1605 519 1669 540 esse
1679 519 1735 540 nou
1751 516 1799 548 po-

1014 555 1077 585 test,
1091 559 1174 587 quem
1191 559 1292 588 praetor
1310 555 1423 583 Griecia-
1434 560 1527 585 noster
1551 565 1611 584 cum
1637 557 1799 592 beglerbego

1013 603 1162 631 colltparat.
1184 600 1250 636 Ejus
1265 601 1345 629 verba
1359 602 1486 637 superius
1512 603 1649 639 exscripta
1660 603 1799 638 leguntur.

1013 644 1103 678 capite
1119 644 1165 672 66.
1529 662 1534 664 -

1012 698 1076 727 209.
1089 698 1204 736 ΙεΙίσκ(
1213 700 1321 733 (Inuera.
1339 701 1482 731 lambenti
1498 704 1602 736 Garuli.
1617 704 1703 736 Gaza.
1718 704 1800 732 Zosi-

1109 743 1167 762 ηιμ
1185 735 1310 769 Casa-us.
1325 737 1425 770 Renrle,
1442 739 1538 772 ﬂuuio,
1556 740 1707 768 Romulo“.

1050 778 1217 808 Vocabulum
1227 781 1334 811 Melicul
1347 783 1447 811 Umera
1461 793 1559 813 nomen
1573 785 1634 818 ejus
1646 785 1727 813 cilicii
1741 785 1800 812 sive

176 827 203 848 et
216 822 261 849 alii
274 823 422 858 scripsere,
441 833 502 860 qum
518 827 613 861 paucis
633 826 767 855 duntaxat
783 828 961 864 attingamus.
977 820 1000 850 ⁸
1013 824 1155 860 dignitatis
1169 826 1282 855 denotat
1294 827 1410 856 Arabica
1421 829 1526 864 lingua,
1541 830 1679 865 quondam
1695 829 1798 857 Humo-

178 868 291 902 Caepere
303 871 354 897 sub
378 870 518 899 Friderico
533 872 553 899 ll
570 874 703 908 Angusto.
729 873 844 903 Duravit
865 882 960 903 eorum

179 915 295 942 societas
312 917 350 943 vel
368 917 435 945 ordo
454 926 516 945 cum
532 919 645 954 imperio
656 920 708 947 300
720 920 784 956 plus
803 920 896 949 minus
911 928 962 949 an-

180 960 231 988 nis.
246 961 347 989 Nomen
371 963 460 998 ipsum
477 964 614 999 signillcat
639 966 766 999 militem,
785 967 833 1000 qui
858 967 963 1002 stipen-

179 1006 221 1033 dia
243 1007 316 1035 facit.
335 1009 366 1035 Et
384 1009 534 1037 militabant
551 1011 674 1043 sultano,
698 1012 892 1048 perpetuisque
907 1013 964 1041 bel-

156 1049 160 1053 ”
180 1053 214 1079 lis
229 1054 437 1087 exercebantur,
456 1057 593 1090 equestris
611 1058 649 1084 rei
678 1058 830 1092 praesertim
855 1058 963 1092 peritis-

181 1099 253 1126 simi.
263 1099 393 1128 Moriente
409 1102 520 1131 sultnno
536 1103 692 1137 deligebam
712 1104 796 1132 alium
816 1111 832 1132 θ
849 1112 965 1140 corpore

181 1145 238 1172 sive
261 1146 376 1180 collegio
394 1155 456 1180 suo,
470 1148 565 1176 liberis
576 1149 729 1185 sutiragiis.
742 1149 824 1186 ‘85
841 1149 964 1178 Plerum-

181 1199 234 1225 que
248 1196 335 1220 tamel:
356 1194 470 1221 emirum
487 1195 632 1230 majorum.
653 1196 700 1231 qui
715 1204 831 1224 numero
846 1200 964 1231 quatuor

181 1242 271 1270 erant,
291 1240 456 1267 auctoritate
484 1241 670 1276 dignitateque
694 1242 804 1270 sultano
834 1243 963 1277 proximi,

183 1283 252 1310 ratio
268 1284 360 1312 haberi
373 1286 488 1314 solebat.
506 1287 614 1315 Electus
630 1288 728 1323 cuique
743 1288 893 1316 Mameluco
903 1296 966 1316 cen-

183 1332 241 1355 tum
259 1330 422 1364 seraphiuos
440 1340 489 1367 pro
504 1333 631 1360 felicibus
649 1334 781 1368 auspiciis
795 1334 901 1369 imperii
918 1335 966 1362 do-

183 1374 279 1404 nabat.
292 1376 394 1405 Omncs
407 1379 564 1407 necessario
577 1380 617 1407 vel
626 1380 776 1408 Christiani
785 1386 874 1414 erunt,
883 1381 924 1409 vel
933 1389 965 1409 ex

183 1421 348 1451 Christianis
368 1426 528 1458 parentibus
543 1426 599 1453 nati
616 1435 622 1459 ;
639 1434 689 1454 nec
709 1427 736 1454 in
750 1426 875 1454 ordinem
885 1434 965 1455 suum

183 1467 224 1494 vel
235 1467 286 1495 Ara
292 1469 396 1500 bes.vel
406 1470 566 1504 Saracenos,
576 1473 632 1500 sive
642 1472 760 1506 Mauros,
770 1472 812 1501 vel
821 1472 964 1506 Hebraeos.
977 1492 1000 1523 ε

184 1513 262 1523 -..η-
320 1522 324 1523 ,
907 1519 933 1523 __

184 1513 224 1540 rel
241 1513 345 1542 Turcos
360 1516 548 1544 admittebant.
574 1517 658 1553 Major
680 1526 775 1547 eorum
792 1527 856 1555 pars
868 1527 884 1548 ο
903 1519 966 1547 Cir-

183 1558 271 1585 cassis
284 1561 437 1589 constabat.
456 1561 482 1587 in
502 1562 618 1596 pueritia
632 1564 731 1597 eaptis,
747 1568 795 1591 aut
812 1564 900 1599 pretio
909 1564 967 1592 dis-

183 1604 290 1631 tractis.
310 1605 372 1632 Eam
385 1607 419 1633 ob
428 1614 539 1634 causam
557 1607 657 1635 Zercas
668 1609 724 1636 sive
739 1609 841 1637 Cercas
858 1617 967 1644 quoque

182 1656 316 1678 vorantur
342 1660 355 1678 a
373 1652 482 1684 Turcis,
509 1655 544 1681 ob
558 1655 751 1682 Circassorum
775 1655 847 1683 inter
863 1655 966 1684 Mame-

184 1695 261 1722 Iuros
292 1697 455 1731 prtrcipunm
485 1707 654 1726 numerum:
681 1707 742 1733 qua:
765 1700 842 1728 natio
867 1708 965 1729 nomen

182 1741 502 1774 Quinquemontanorum
524 1744 616 1776 habet,
651 1745 735 1773 lberis
754 1745 813 1774 sive
838 1745 967 1781 Georgia-

182 1795 226 1814 DIS
241 1795 340 1815 vrcma.

198 1844 263 1874 208.
282 1846 608 1885 Τωιιιηαιιῦαἱχῃιιιαηιι
629 1850 737 1877 ultimas
756 1849 878 1885 Egypli,
899 1849 952 1878 Ulu

396 1882 542 1917 Duveidar,
560 1885 628 1911 emir
644 1885 749 1917 Quibir.

218 1926 304 1960 Quem
321 1932 477 1957 nostrorum
492 1929 614 1958 historia:
629 1931 841 1959 Tomumbeium
856 1928 967 1962 vocant.

184 1971 283 2000 Turcis
291 1978 334 2002 est
347 1974 538 2008 'l'ommanbai,
551 1976 662 2003 nomine
677 1984 731 2004 nou
759 1977 865 2005 vitiato.
888 1976 966 2010 Quod

183 2017 314 2051 oﬂicium,
332 2027 427 2054 qtmve
449 2020 569 2055 dignitas
582 2020 665 2048 fuerit
692 2021 761 2055 ejus,
793 2022 840 2056 qui
868 2022 968 2049 dicitur

185 2063 228 2090 hic
243 2063 294 2091 Ulu
312 2064 457 2099 Duvcitlar,
471 2074 504 2094 ex
519 2066 579 2101 ipso
605 2067 746 2095 annalium
766 2072 895 2096 contextu
926 2068 968 2096 in-

185 2109 328 2141 telligitur.
349 2111 432 2137 Initio
444 2112 686 2140 commcnlationis
705 2113 800 2147 huius,
810 2113 899 2147 capite
913 2117 967 2141 ter-

1014 870 1082 899 lucis
1099 871 1210 904 usitata,
1226 880 1287 907 qua
1301 874 1372 909 apud
1392 875 1496 904 Turcos
1521 879 1564 904 est
1581 876 1621 904 vel
1641 876 1796 911 beglarbegi

1013 915 1056 943 vel
1084 915 1136 951 (uti
1160 916 1242 952 vulgo
1265 918 1472 954 pronuntiatur)
1496 920 1661 956 beglerbegi,
1686 920 1739 948 hoc
1756 923 1799 948 est

1014 961 1115 989 domini
1138 962 1240 990 domini
1252 963 1438 997 dominorum,
1459 965 1506 999 qui
1531 965 1676 1000 sangiacos
1695 965 1801 993 scilicet

1014 1007 1137 1043 aliosque
1150 1008 1233 1043 begos
1246 1010 1299 1037 sub
1314 1017 1345 1037 se
1357 1010 1450 1038 habet.
1468 1010 1535 1038 Vide
1551 1011 1685 1046 prolixius
1709 1012 1799 1046 erpli-
1812 1045 1814 1048 ἡ

1014 1056 1075 1080 cata
1087 1052 1178 1087 capite
1194 1053 1237 1082 ιι.
1254 1054 1398 1082 Zamherdi
1417 1050 1521 1088 Gesali,
1536 1056 1639 1085 nostris
1663 1060 1707 1084 est
1725 1056 1800 1084 Iam-

1014 1098 1119 1127 burdus
1133 1099 1287 1128 Gazzellcs.
1304 1100 1437 1136 Equidem
1448 1102 1581 1131 hactenus
1600 1111 1711 1138 operam
1726 1103 1801 1136 dedi.

1014 1149 1044 1173 ut
1061 1145 1172 1173 minime
1187 1150 1316 1182 corrupta
1345 1148 1467 1180 nomina,
1502 1150 1652 1187 prasertiut
1680 1150 1801 1186 propria.

1014 1190 1132 1226 singulis
1146 1190 1174 1219 in
1188 1191 1290 1228 linguis
1306 1192 1427 1221 ederem.
1439 1193 1524 1226 Gaza,
1543 1195 1622 1229 cuius
1641 1195 1669 1222 in
1698 1195 1741 1223 his
1751 1203 1801 1222 au-

1014 1236 1122 1264 nalibus
1133 1237 1213 1273 paulo
1228 1243 1291 1266 ante
1307 1239 1409 1267 mentio
1435 1239 1475 1272 tit,
1489 1244 1554 1267 nota
1576 1244 1619 1268 est
1649 1239 1800 1269 Palaestina

1015 1281 1121 1315 civitas,
1137 1291 1198 1318 qua;
1209 1284 1282 1311 viros
1297 1284 1420 1312 illustres
1439 1285 1544 1320 aliquot
1559 1286 1635 1314 dedit
1652 1294 1660 1314 :
1689 1290 1718 1314 ct
1730 1286 1802 1314 inter

1016 1329 1085 1358 alios
1095 1329 1234 1358 Zosimum
1248 1330 1387 1364 Garanum,
1402 1336 1539 1359 oratorem
1564 1332 1750 1368 eloquentem,
1764 1333 1800 1360 liv

1016 1379 1060 1403 cet
1072 1383 1220 1415 paganum,
1233 1377 1279 1413 qui
1301 1382 1415 1406 necatus
1441 1378 1476 1407 ab
1504 1378 1670 1413 imperatore
1694 1379 1804 1407 Zenone

1016 1423 1080 1456 fuit.
1099 1423 1209 1452 homine
1237 1424 1344 1453 crudeli
1373 1429 1402 1452 et
1420 1424 1578 1454 malitioso.
1600 1425 1626 1453 ls
1640 1428 1684 1453 est
1711 1425 1803 1454 editus

1016 1469 1122 1497 anobis
1152 1474 1250 1498 auctor
1273 1469 1396 1498 historia
1418 1470 1545 1499 lusimus
1573 1478 1678 1503 cornea.
1702 1471 1803 1506 ἀποφε-

1019 1516 1228 1552 σχοσυνήγορος,
1247 1516 1318 1551 quod
1334 1524 1435 1545 nomen
1452 1517 1528 1546 illum
1546 1517 1693 1551 signiﬁcat,
1704 1518 1750 1553 qui
1768 1518 1802 1545 li-

1018 1560 1058 1589 sci
1073 1560 1221 1596 aliquando
1249 1560 1302 1589 luit
1315 1561 1477 1589 advocatus.
1496 1561 1567 1590 Eum
1580 1561 1699 1590 Karulus
1721 1562 1803 1597 Sigo—

1018 1607 1081 1635 nius
1109 1606 1140 1635 ν.
1156 1607 1188 1635 C.
1219 1607 1338 1643 singulis
1368 1607 1532 1642 septimanis
1552 1607 1720 1642 pagellutim,
1739 1612 1802 1635 cum

1017 1653 1157 1685 ederetur,
1176 1660 1190 1680 a
1211 1661 1254 1681 me
1273 1658 1321 1688 per
1346 1653 1517 1686 voredarioa,
1530 1659 1615 1688 opera
1640 1653 1713 1681 Petri
1735 1653 1802 1682 Per-

1018 1706 1060 1725 na;
1073 1698 1213 1726 Boloniam
1242 1698 1350 1726 Basilca
1374 1699 1503 1732 missum,
1533 1699 1657 1726 historias
1680 1707 1738 1727 sua:
1765 1699 1801 1727 dc

1018 1743 1133 1779 imperio
1149 1743 1308 1772 Occidentis
1319 1744 1448 1778 inseruit,
1461 1744 1536 1772 nulla
1555 1744 1682 1772 beneﬁcii
1697 1745 1749 1772 moi
1760 1745 1802 1772 vel

1019 1790 1101 1816 unico
1113 1790 1197 1817 verbo
1208 1790 1348 1818 mentione
1362 1790 1433 1818 facta
1445 1799 1453 1817 :
1474 1792 1518 1818 cui
1534 1795 1631 1819 tamen.
1641 1798 1715 1818 oliuo
1729 1791 1798 1819 l58l

1019 1843 1049 1863 se
1068 1835 1187 1863 Boloniac
1204 1835 1346 1869 invisentl,
1362 1844 1424 1864 eum
1440 1844 1472 1864 es
1497 1836 1618 1864 Sabaudl
1641 1837 1721 1865 ducis
1740 1837 1802 1865 aula

1018 1881 1175 1913 discedens,
1190 1881 1224 1908 ad
1257 1881 1462 1911 Ferraricnscm
1488 1890 1552 1910 cum
1582 1882 1661 1910 ducis
1687 1883 1803 1919 Augusti

1019 1927 1183 1962 Septemviri
1209 1927 1328 1956 Saxonis
1360 1928 1460 1964 legato,
1495 1928 1605 1956 Andm
1629 1928 1724 1962 Paulo,
1745 1929 1804 1957 viro

1018 1973 1188 2008 amplissimo
1221 1979 1248 2001 et
1273 1974 1362 2001 amico
1401 1973 1546 2009 singulari,
1573 1973 1721 2001 comitandi
1742 1974 1804 2009 ejus

1018 2026 1102 2047 causa
1118 2019 1320 2054 proﬁciscerer,
1332 2027 1446 2056 magnas
1473 2027 1541 2048 sane
1561 2021 1665 2055 gratias
1695 2020 1803 2056 agebat,

1019 2065 1136 2100 ingenue
1150 2064 1272 2096 latendo.
1290 2065 1401 2093 minime
1412 2073 1442 2093 se
1465 2073 1545 2094 suum
1571 2066 1638 2094 illud
1663 2066 1805 2101 opusabs-

1019 2117 1073 2145 que
1089 2117 1147 2137 mea
1163 2111 1413 2138 communicatione
1431 2111 1544 2145 Zosimi,
1566 2118 1628 2139 cum
1657 2111 1737 2139 laude
1750 2120 1801 2147 pu-

184 2155 233 2186 tio,
253 2155 303 2183 Ulu
337 2157 494 2191 signiﬁcare
523 2157 679 2186 notavimus
703 2158 855 2187 excelsum.
887 2158 968 2186 Ροιτο
983 2163 1008 2193 ι)
1021 2155 1183 2182 blicaturum
1200 2155 1296 2183 fuisse.
1310 2155 1364 2184 Nec
1377 2156 1569 2184 dissimulabat
1583 2164 1624 2189 se,
1637 2164 1700 2184 eum
1714 2157 1741 2185 in
1758 2164 1803 2184 se-

183 2201 296 2237 Martyri
313 2201 512 2231 Hediclanensi
527 2203 555 2230 in
572 2203 758 2238 descriptione
766 2204 910 2240 legationis
918 2204 968 2231 Ba-

182 2248 311 2282 ltylonim,
331 2256 384 2275 non
398 2249 450 2276 Ulu
465 2249 613 2281 Duvcidar.
632 2249 680 2278 sed
703 2250 774 2277 cmir
796 2250 909 2278 Chemir
921 2257 969 2284 ap-

185 2294 312 2327 tellatur,
337 2294 411 2329 quod
428 2295 568 2324 Arabibus
598 2300 642 2323 cst
655 2297 725 2323 emir
742 2296 850 2330 Quibir,
877 2296 902 2324 id
915 2303 968 2329 est.

183 2348 299 2374 Iriagnus
316 2341 396 2368 cmir.
413 2340 451 2367 Ea
467 2349 518 2368 vox
530 2349 545 2369 a
561 2341 639 2369 nobis
650 2342 740 2377 capite
766 2343 854 2377 primo
887 2347 915 2371 et
923 2343 969 2371 de-

181 2386 254 2412 cimo
268 2390 367 2419 quarto
381 2387 510 2421 superius
527 2391 569 2415 est
584 2387 733 2422 cxpiicata.
749 2387 851 2423 Murtyr
862 2388 969 2421 adjicit,

181 2431 251 2458 emir
266 2431 363 2465 Quibir
376 2440 439 2460 esse
464 2434 652 2468 magistratum
668 2434 785 2469 primum
802 2438 865 2469 post
879 2434 970 2462 scida.

183 2485 261 2510 num,
289 2478 371 2513 idque
391 2484 547 2514 propterea,
572 2481 644 2515 quod
669 2480 837 2508 exercitibus
866 2480 969 2515 praesit.

182 2523 256 2558 Ergo
272 2524 446 2552 Sausoviuus
461 2530 488 2553 ct
504 2526 549 2553 alii
562 2526 706 2559 falluntur,
725 2527 771 2561 qui
784 2527 867 2561 hujus
880 2527 906 2553 in
927 2526 968 2553 hi-

182 2571 276 2598 soria:
294 2573 495 2600 narrationibus
506 2581 540 2600 ex
559 2572 739 2601 Tommnnbai
765 2573 816 2601 Ulu
836 2573 969 2600 Duveida-

182 2625 223 2650 re,
240 2618 281 2645 vel
297 2619 382 2646 eiiiire
393 2616 515 2652 Quibirc,
529 2619 651 2647 iecerunt
662 2620 833 2647 admiraliunt
847 2619 968 2647 Alexan-

183 2661 259 2689 drize.
287 2662 432 2697 lteperiznr
459 2664 541 2691 etiam
577 2663 649 2698 apud
679 2664 836 2692 Geul'rzeum
867 2664 971 2691 Derdar

183 2707 291 2740 Quihir,
307 2709 414 2743 utapud
425 2708 560 2736 Andream
570 2707 758 2737 Cambrinium
770 2709 969 2742 l-‘lorcutiuum,

184 2758 211 2780 ct
235 2752 315 2785 alios,
331 2761 446 2788 magnus
464 2754 619 2782 Diadartus.
638 2754 792 2790 Utrumque
813 2755 970 2783 mutilatum

186 2807 217 2826 cs
235 2799 398 2826 Dureidarc.
410 2799 463 2827 Nec
478 2800 619 2829 chhwus
634 2802 798 2830 sibiconstat
818 2803 845 2829 in
857 2802 907 2829 hoc
924 2809 969 2829 cr

1020 2201 1145 2237 pulcrum
1162 2209 1241 2229 suum
1258 2202 1309 2235 (sic
1333 2202 1406 2229 cnim
1428 2202 1581 2237 appellabat
1594 2202 1803 2238 bibliothecam)

1020 2254 1062 2273 me
1077 2247 1236 2279 deduceret,
1252 2247 1365 2275 Romam
1376 2247 1529 2282 profecmm
1561 2248 1673 2283 petiisse
1697 2248 1803 2284 copiatn

1019 2293 1071 2320 sibi
1088 2293 1145 2321 lieri
1160 2294 1313 2329 perlegendi
1328 2293 1441 2325 Zosimi.
1456 2295 1503 2329 qui
1526 2302 1589 2323 esse
1618 2295 1758 2323 ferebatur
1777 2296 1804 2323 in

998 2366 1009 2383 '
1020 2337 1151 2366 Vaticana
1167 2348 1175 2366 :
1190 2347 1241 2367 nec
1265 2344 1356 2366 tamen
1375 2339 1401 2366 id
1416 2347 1431 2366 a
1446 2339 1577 2375 Gregorio
1600 2341 1707 2369 decimo
1724 2342 1807 2369 tertio

1021 2385 1049 2412 Ρ.
1066 2384 1115 2415 Μ..
1130 2385 1191 2413 licet
1205 2385 1337 2413 adhibitis
1359 2385 1590 2415 intercessoribus
1613 2387 1806 2415 illustrissimia
1847 2384 1853 2392 “

1019 2437 1052 2457 ac
1066 2430 1149 2465 primi
1167 2430 1287 2458 nominis
1301 2431 1387 2458 etloci
1404 2431 1603 2464 cardiualibus,
1624 2432 1759 2460 Faruesio
1778 2436 1806 2460 ct

1019 2476 1138 2509 Estcnsi,
1153 2476 1236 2504 certis
1252 2476 1286 2504 de
1303 2477 1395 2505 causis
1415 2477 1562 2513 impetrare
1590 2478 1721 2512 potuisse.
1745 2478 1806 2510 Quo

1020 2522 1230 2557 plus,oretunc
1246 2523 1358 2558 quidem
1370 2524 1501 2556 rotundo,
1535 2524 1601 2551 mihi
1637 2531 1667 2551 se
1706 2523 1807 2551 debere

1022 2570 1212 2605 profitebatur.
1242 2570 1295 2598 Sed
1323 2571 1396 2598 enim
1409 2571 1443 2598 ad
1465 2570 1579 2598 annales
1596 2574 1626 2597 ut
1651 2570 1805 2601 redeamus,

1020 2616 1093 2652 quod
1108 2617 1151 2643 hic
1175 2620 1343 2643 memoratur
1367 2616 1471 2649 “exule,
1496 2615 1624 2651 oppidum
1643 2614 1806 2647 Palestina.

1021 2663 1113 2690 varias
1131 2662 1329 2696 appellationes
1344 2662 1437 2689 habet.
1454 2662 1522 2689 Nam
1543 2666 1571 2689 et
1600 2661 1705 2693 Remie.
1733 2661 1807 2689 sicut

1022 2708 1076 2740 hic,
1089 2713 1116 2735 et
1130 2708 1253 2740 itaimna,
1271 2713 1297 2735 et
1311 2707 1406 2740 ltams,
1419 2712 1446 2734 et
1460 2706 1600 2735 ltammola
1628 2707 1742 2738 Mauris,
1756 2706 1805 2741 qui

1022 2754 1127 2782 Arabes
1144 2759 1218 2785 stitit,
1234 2762 1265 2781 ac
1278 2753 1402 2780 ﬁnitimis
1415 2753 1572 2780 nominatur
1587 2762 1593 2780 :
1619 2752 1692 2787 quod
1723 2759 1804 2779 voca-

1023 2800 1116 2828 bulum
1136 2805 1233 2828 terram
1250 2807 1393 2826 arenosum
1410 2799 1555 2834 signiﬁcat.
1586 2803 1611 2826 ct
1623 2807 1638 2826 a
1653 2799 1751 2826 'l'urcis
1763 2801 1805 2826 cst
