4048 6208
397 144 503 207 881
526 158 537 167 ‘

1618 143 1941 209 JOANNts
1971 136 2429 212 LEUNCLAVII

3531 126 3657 210 83s

398 264 736 321 mutatumin
789 261 996 321 Remle.
1062 264 1232 319 Distat
1293 260 1477 318 decem
1547 266 1626 321 vel
1677 268 1964 323 duodecim
1995 264 2343 322 Abanenses
2380 267 2464 321 vel
2490 265 2748 336 Epirotae.
2793 265 3260 322 Fecissctraduut
3313 267 3411 320 hos
3464 276 3635 322 trans-

399 359 523 428 plus
561 356 746 412 minus
774 355 1096 411 miliiaribus
1114 354 1373 411 Asiaticis
1421 370 1451 407 a
1503 354 1698 421 GiatIa,
1730 372 1851 423 quae
1882 373 1969 413 sa-

397 449 510 504 cris
541 456 620 505 est
656 448 880 504 Litteris
922 448 1114 517 Joppe,
1149 451 1229 501 sic
1262 446 1329 501 ab
1375 445 1568 514 Japeto
1612 448 1694 503 vel
1741 448 1971 517 Japbeto

397 541 565 603 dicta,
598 541 742 610 quod
771 554 966 595 versus
996 538 1299 608 Europam,
1338 539 1406 592 ab
1428 536 1643 608 Japheti
1679 540 1971 596 ﬁliisinha-

398 632 645 694 bitatam,
677 638 868 699 portus
886 631 1005 701 eius
1020 631 1408 688 celeberrimus
1438 642 1663 701 spectet.

396 741 521 797 2l0.
569 739 999 801 Cudsimubarec.
1049 739 1246 805 lkindi.
1304 744 1486 800 Messit
1522 748 1657 800 Ama.
1699 744 1971 799 ladsuuao

428 812 579 874 masi,
605 810 768 866 διιὸοί
797 813 1032 880 Saliare,
1055 814 1222 878 Cuba,
1248 816 1457 880 Trulla,
1478 817 1624 871 Naos
1648 816 1933 869 dromicos.

436 905 698 962 ’Selimes
740 905 796 960 in
822 905 1113 977 Egyptum
1151 923 1276 963 cum
1305 911 1552 963 exercitu
1604 892 1966 976 profecturus,

392 997 704 1071 meum
749 999 821 1054 ab
872 999 1267 1071 Hierosolymis
1319 1016 1426 1055 non
1482 1001 1669 1070 procul
1730 1000 1965 1060 abesset,

394 1106 598 1145 morem
633 1103 986 1161 tyrannorum
1009 1102 1258 1155 secutus,
1283 1092 1483 1161 quibus
1510 1091 1564 1145 in
1628 1105 1721 1146 ore
1777 1104 1970 1159 preces

394 1184 473 1236 hae
495 1192 757 1252 perpetuo
792 1193 942 1247 sunt,
973 1184 1208 1238 Da'mihi
1260 1185 1472 1251 fallere,
1528 1184 1595 1237 da
1611 1184 1821 1253 justum
1847 1199 1970 1236 san-

390 1284 634 1342 ctumque
696 1275 884 1349 videri,
930 1274 1201 1328 civitatem
1261 1275 1726 1329 Mnsulmanorum
1803 1274 1966 1327 etiam

390 1364 649 1433 opinione
706 1380 922 1422 sacram
965 1374 1216 1421 sanctam
1246 1366 1485 1421 invisere
1548 1366 1740 1418 voluit.
1791 1363 1970 1422 Haeret

391 1458 534 1511 enim
568 1456 840 1526 hodieque
874 1455 1183 1512 Turcormu
1219 1458 1494 1513 inanimis
1525 1472 1586 1511 ea
1618 1455 1732 1511 sive
1755 1456 1965 1529 religio.

299 1559 316 1597 Γ
392 1548 507 1603 sive
534 1548 879 1617 superstitio,
940 1558 1000 1602 ut
1029 1549 1137 1603 voti
1171 1550 1274 1615 rei,
1312 1544 1532 1604 Moecha
1591 1564 1690 1604 sua
1724 1551 1965 1611 visi'ata,

392 1657 501 1695 non
531 1656 593 1695 se
628 1640 872 1711 legitime
899 1642 1133 1697 solvisse
1190 1651 1377 1697 verum
1436 1642 1791 1706 arbitrentur,
1858 1646 1963 1699 nisi

324 1771 340 1781 .
394 1730 763 1785 Bethleemam
818 1740 1061 1801 quoque,
1126 1731 1331 1787 Christi
1386 1734 1545 1788 cunis
1598 1735 1859 1798 nobilem,
1916 1747 1969 1791 et

394 1822 824 1879 iiierusalemam
859 1825 1115 1879 adierint.
1183 1825 1392 1879 Vocant
1423 1834 1600 1880 autem
1652 1826 1967 1899 Hierosoly-

376 1930 503 1996 ma,
544 1915 624 1970 vel
662 1916 1116 1981 iiierusaiemam,
1156 1918 1339 1987 lingua
1380 1932 1477 1973 sua
1513 1916 1964 1983 Cudsimabarec,

394 2009 540 2077 quod
603 2024 803 2063 nomen
868 2009 1375 2098 significatJocurn
1448 2010 1795 2066 benedictum
1885 2014 1968 2067 vel

395 2100 681 2169 inclytum.
715 2098 1055 2169 \Tespertinze
1110 2098 1310 2170 preces
1366 2100 1562 2156 Turcis
1614 2111 1745 2157 sunt
1793 2100 1966 2158 lkindi

396 2204 608 2254 nemas,
649 2205 771 2261 quze
825 2192 1084 2246 nimirum
1148 2192 1327 2247 medio
1386 2192 1773 2262 concipiuntur
1831 2199 1971 2249 inter

396 2281 679 2337 meridiem
717 2294 769 2337 et
821 2297 1080 2340 occasum
1118 2284 1255 2340 solis
1310 2286 1511 2355 spatio.
1548 2285 1809 2355 Concepit
1874 2286 1969 2341 has

398 2372 451 2426 in
478 2374 669 2429 messit
710 2389 833 2443 axa,
871 2375 922 2430 id
954 2384 1037 2431 est
1071 2376 1122 2429 in
1163 2376 1282 2432 alba
1316 2378 1561 2443 messita,
1615 2377 1730 2433 sive
1765 2376 1969 2446 templo

397 2462 653 2520 Turcico.
686 2467 1020 2535 Nocturnas,
1062 2484 1184 2538 qua:
1231 2468 1605 2525 iadsunamasi
1644 2469 1839 2525 Turcis
1869 2484 1967 2539 ap-

399 2555 694 2624 pellantur,
747 2569 802 2613 et
853 2559 1140 2615 intervallo
1199 2560 1377 2616 medio
1436 2560 1544 2617 dici
1593 2562 1771 2617 solent
1829 2562 1970 2616 inter

399 2659 652 2701 occasum
678 2648 811 2705 solis
850 2656 904 2703 et
947 2649 1181 2704 mediam
1208 2658 1450 2716 noctem,
1498 2651 1706 2721 peregit
1768 2651 1822 2705 in
1858 2650 1968 2705 Cu-

400 2737 485 2791 boi
546 2736 777 2808 Sabura,
840 2741 957 2795 sive
1017 2741 1225 2797 Sehara
1278 2760 1293 2797 :
1345 2744 1613 2799 vocabulo
1675 2742 1968 2799 denotante

401 2830 660 2899 templum
693 2831 747 2884 in
780 2833 1024 2902 spatiosa
1057 2826 1221 2888 situm
1258 2848 1410 2901 area,
1439 2844 1494 2891 et
1543 2838 1630 2890 cui
1692 2836 1967 2905 fastigium

2077 356 2284 428 fugium
2315 362 2379 412 ad
2431 360 2603 412 civem
2659 358 3088 428 popularemque
3142 373 3329 421 suum,
3384 357 3632 411 Sinanem

2077 452 2318 515 bassam,
2373 453 2528 521 eique
2564 452 2793 506 consilia
2827 453 3025 507 sultani
3074 451 3311 522 Egyptii
3348 468 3467 506 cum
3511 452 3637 505 insi-

2074 544 2180 599 diis
2203 544 2491 600 detexisse.
3026 588 3035 597 κ

2073 634 2196 690 2η.
2225 632 2382 705 Regio
2405 635 2544 701 Sait,
2572 636 2795 707 AE'gypti
2821 653 2977 706 pars;
3006 637 3278 706 Aythonus
3310 636 3637 690 emendatus.

2145 727 2296 793 Quod
2336 728 2522 782 urbem
2555 728 2775 783 Cairu'm
2805 729 3037 799 ingressi
3071 729 3331 782 dicuntur
3356 726 3638 786 Sclimiani

2075 819 2300 885 milites,
2358 819 2410 874 id
2470 818 2671 875 factum
2730 820 2888 875 aiunt
2942 819 3036 874 alii
3071 834 3166 890 per
3217 824 3335 874 eam
3402 818 3642 888 pariam.

2072 924 2234 978 quam
2322 909 2494 965 nostri
2578 910 2907 966 Bassuellam
3002 919 3243 975 vocant,
3301 910 3477 963 etde
3531 924 3638 977 qua

2072 1001 2231 1069 paulo
2284 1008 2402 1069 post
2464 1000 2694 1069 amplius
2755 1016 3002 1072 agemus.
3054 999 3222 1069 Regio
3273 999 3443 1055 Sahid
3474 998 3645 1054 Joan-

2074 1093 2127 1145 ni
2162 1091 2328 1146 Leoni
2381 1093 2620 1147 Africani
2675 1096 2935 1165 superior
2997 1093 3267 1165 Egyptus
3312 1105 3416 1161 est,
3478 1111 3643 1167 quam

2073 1184 2370 1241 Thebaidis
2426 1189 2767 1256 provinciam
2825 1189 3016 1244 dixere
3072 1197 3307 1244 veteres.
3357 1189 3645 1260 Aythomts

2076 1277 2254 1346 capite
2297 1272 2386 1341 54,
2420 1285 2478 1332 ut
2507 1278 2672 1334 etiam
2706 1281 2932 1336 annales
2962 1280 3015 1335 bi
3046 1279 3291 1345 Turcici,
3317 1295 3425 1335 non
3453 1277 3643 1337 Sahid.

2020 1436 2021 1439 η
2072 1371 2165 1421 sed
2208 1366 2342 1434 Sail,
2399 1370 2536 1423 hanc
2597 1372 2871 1441 appellat,
2909 1380 2964 1427 et
3003 1372 3230 1440 primam
3272 1387 3335 1425 ac
3376 1370 3640 1439 majorem

2073 1459 2146 1527 (id
2184 1472 2288 1523 est,
2321 1463 2637 1532 maximam)
2684 1463 2901 1535 Egypti
2952 1464 3288 1536 provinciam
3326 1462 3456 1518 facit
3487 1483 3499 1516 :
3530 1479 3645 1532 quo

2074 1552 2194 1606 loco
2225 1555 2523 1609 notandum
2556 1555 2754 1622 obiter,
2788 1557 3082 1610 secundam
3118 1556 3449 1625 provinciam
3495 1556 3645 1625 ejus-

2072 1642 2193 1698 dem
2221 1644 2435 1715 {Egypti
2490 1647 2689 1702 vitiose
2746 1634 3005 1721 scriptam
3061 1648 3343 1710 Demesor,
3387 1664 3484 1717 pro
3533 1664 3645 1718 quo

2073 1737 2441 1803 reponendum
2475 1738 2593 1791 sine
2626 1738 2795 1794 dubio
2828 1738 3019 1793 divisis
3051 1739 3302 1801 vocibus,
3324 1737 3397 1792 De
3422 1737 3599 1793 Mescr
3626 1755 3639 1789 :

2070 1826 2212 1893 quod
2234 1825 2438 1882 Galiiea
2458 1828 2641 1898 phrasi
2662 1829 2880 1884 denotat
2903 1829 3235 1899 provinciam
3256 1827 3643 1890 Mesereosem,

2073 1916 2176 1971 hoc
2207 1926 2291 1971 est
2323 1919 2556 1973 vicinam
2615 1920 2736 1975 urbi
2790 1919 2986 1986 Mescr,
3022 1935 3182 1990 quam
3214 1920 3415 1975 rectius
3462 1919 3644 1987 capite

2072 2008 2397 2077 praecedenti
2450 2009 2690 2066 diximus
2738 2011 3006 2066 nominari
3057 2011 3260 2074 iliszir,
3292 2019 3386 2066 aut
3437 2010 3641 2066 Missir.

2072 2097 2274 2153 Ibidem
2321 2100 2513 2169 quinta
2546 2101 2827 2171 provincia
2871 2116 2993 2156 cum
3060 2103 3191 2156 urbe
3221 2102 3487 2166 Damiata,
3529 2116 3638 2159 non

2071 2192 2485 2263 est'IEIiopoiis,
2517 2194 2586 2248 ab
2623 2194 2769 2249 :Eiio
2798 2193 3081 2247 Pertinace
3111 2193 3359 2262 Augusto
3413 2192 3494 2248 sic
3546 2197 3641 2245 vo-

2070 2295 2214 2347 cata,
2255 2288 2423 2351 quod
2451 2284 2659 2339 auctori
2709 2283 2935 2337 Platinze
2979 2283 3213 2338 credidit
3265 2274 3637 2337 lleineccius:

2071 2377 2167 2433 sed
2214 2373 2529 2445 l'leliOpoiis,
2575 2376 2729 2444 quasi
2791 2375 2920 2430 solis
2980 2377 3192 2437 civitas,
3244 2377 3386 2429 utin
3442 2373 3634 2428 eadem

2069 2467 2301 2539 IEgypto
2347 2467 2622 2536 quondam
2680 2474 2801 2521 erat
2842 2466 3212 2532 ilermopoiis,
3268 2465 3518 2519 Mercurii
3556 2467 3637 2517 ci-

2074 2560 2256 2624 vitas;
2293 2558 2607 2629 Panopolis,
2656 2556 2822 2613 Panis
2868 2557 3087 2623 civitas,
3147 2566 3200 2613 et
3253 2557 3374 2613 aliis
3442 2572 3471 2610 a
3530 2558 3638 2611 dii;

2071 2649 2190 2704 alizc
2224 2651 2520 2704 nominatae
2552 2648 2928 2719 reperiuntur,
2962 2648 3129 2703 etiam
3165 2664 3194 2702 a
3224 2647 3472 2703 ridiculis
3527 2650 3637 2702 illis

2070 2740 2450 2811 Egyptiorum
2505 2740 2824 2795 numinibus
2885 2740 3155 2803 quaedam,
3193 2746 3253 2792 ut
3317 2752 3346 2792 a
3404 2737 3635 2791 canibus

2072 2830 2367 2902 Cynopolis
2403 2850 2415 2883 :
2453 2847 2483 2885 a
2517 2831 2682 2900 lupis,
2715 2830 3004 2901 Lycopolis
3044 2850 3056 2885 :
3088 2847 3116 2885 a
3145 2832 3364 2895 felibus,
3417 2830 3632 2884 Eiuro-

406 2921 724 2989 impositum
788 2932 875 2978 est
939 2922 1125 2977 formae
1172 2927 1440 2981 rotundae.
1502 2927 1632 2981 Tale
1694 2928 1965 2997 fastigium
2001 2940 2043 2999 ο
2077 2925 2237 2995 polis.
2276 2921 2465 2976 Plures
2498 2922 2642 2976 Elias
2693 2931 2884 2976 noster
2917 2922 3197 2976 Cretensis
3243 2922 3295 2975 in
3342 2921 3641 2975 Nazianze-

402 3011 653 3084 Evagrio,
682 3013 935 3084 scriptori
963 3016 1350 3071 ecclesiastica:
1380 3018 1646 3081 hiStori.e,
1694 3018 1846 3080 Θόλος
1884 3017 1967 3072 di-

402 3104 591 3158 citur:
624 3104 797 3160 Graeci
843 3107 1201 3171 recentiores,
1247 3117 1303 3163 ut
1346 3106 1614 3175 Zonaras,
1677 3107 1967 3171 Cedrinns.

400 3194 513 3260 alii,
540 3193 786 3251 Truilum
817 3206 870 3251 et
895 3196 1134 3251 Trullam
1167 3199 1449 3253 nominant
1481 3218 1493 3253 :
1528 3200 1603 3252 uti
1632 3214 1752 3253 cum
1779 3198 1968 3254 Cedri-

400 3299 505 3337 nus
533 3284 611 3338 ait
644 3284 866 3349 alicubi,
904 3286 1146 3342 Truilam
1207 3298 1408 3343 sanctae
1446 3288 1669 3359 majoris
1723 3291 1971 3345 ecclesiae

403 3376 673 3431 furnicam
728 3380 1007 3434 corruisse
1064 3398 1078 3433 :
1137 3382 1336 3449 quibus
1396 3385 1450 3435 in
1519 3383 1700 3435 verbis
1763 3382 1969 3436 l'urnica

402 3469 681 3537 signiﬁcat
714 3470 1005 3523 habentem
1046 3471 1279 3524 formam
1315 3472 1478 3538 furni,
1523 3474 1624 3527 hoc
1657 3482 1738 3527 est
1768 3485 1969 3527 rotun—

401 3561 546 3623 dam,
586 3574 696 3613 non
737 3559 790 3613 in
829 3560 1044 3629 longum
1080 3572 1406 3629 porrectam,
1440 3565 1752 3632 cuiusmodi
1814 3567 1970 3619 tectis

404 3658 658 3719 coepeta
711 3652 907 3720 templa
943 3653 1148 3708 Graecis
1202 3656 1323 3708 ναοὶ
1378 3655 1627 3725 δρομικοί
1684 3666 1966 3710 vocantur.

407 3744 518 3797 \‘ox
544 3742 714 3799 Cubei
750 3748 816 3798 ne
852 3746 1000 3798 Italis
1040 3746 1257 3814 quidem
1295 3755 1378 3802 cst
1411 3747 1613 3817 ignota,
1652 3750 1815 3802 veluti
1847 3765 1967 3802 eum

406 3834 736 3890 Venetorum
767 3838 821 3891 in
855 3838 1143 3891 annalibus
1190 3839 1408 3905 legitur,
1442 3853 1586 3893 anno
1629 3840 1758 3893 Mlti
1795 3842 1968 3910 ignem

403 3931 686 3982 exussisse
709 3928 880 3981 cubas
907 3929 1088 3997 templi
1113 3926 1298 3983 Sancti
1324 3929 1510 3995 Marci,
1534 3931 1751 3999 plumbo
1776 3942 1965 3987 lectas.

406 4019 729 4089 lntelligitnr
779 4030 956 4073 autem
1021 4021 1124 4074 hoc
1189 4021 1464 4074 annalium
1526 4022 1769 4090 iocopcr
1801 4021 1969 4075 Cubei

407 4112 919 4180 Sahara,templum
964 4114 1343 4167 Solomonium
1403 4114 1725 4168 hodiernum
1780 4114 1971 4168 Hiero-

404 4206 650 4276 solymis,
688 4204 835 4275 quod
862 4213 916 4259 et
948 4204 1143 4259 cubam
1190 4205 1355 4257 habet
1388 4205 1682 4271 eiusmodi,
1722 4204 1969 4259 Turcicis

2077 3029 2206 3067 num
2258 3011 2490 3080 quodam
2526 3011 2645 3065 loco
2697 3015 2910 3071 recitat.
2964 3012 3266 3079 Cerrigitor
3321 3012 3422 3066 hoc
3470 3011 3637 3065 etiam

2076 3106 2127 3159 iu
2156 3104 2248 3158 illo
2280 3106 2397 3171 ipso
2423 3104 2654 3174 Aythoni
2684 3105 2882 3172 capite,
2908 3118 3029 3158 eum
3053 3103 3208 3167 dicit,
3234 3103 3418 3157 haberi
3444 3118 3637 3155 carnes

2074 3197 2364 3257 craStinas,
2398 3194 2658 3257 haedinas,
2689 3196 3018 3265 gallinaceus
3041 3212 3053 3248 :
3079 3204 3133 3246 nt
3160 3194 3329 3249 lector
3354 3195 3502 3248 malit
3520 3208 3644 3247 car-

2075 3305 2169 3342 nes
2192 3288 2521 3352 castronias,
2549 3287 2600 3341 id
2642 3297 2746 3348 est,
2784 3288 3122 3348 vervecinas,
3148 3302 3309 3355 quam
3345 3287 3638 3342 crastinas.

2334 3382 2457 3435 ‘2l5.
2502 3379 2720 3433 Messila
2743 3380 2884 3432 dicta
2913 3378 3168 3432 Chasmiis
3198 3378 3370 3433 Zami.

2142 3473 2429 3527 Auctorem
2461 3471 2623 3538 hujus
2665 3471 2901 3525 messiue
2955 3456 3069 3525 sive
3117 3471 3297 3539 templi
3358 3472 3640 3526 Cairensis

2074 3565 2374 3618 Chasanem
2414 3573 2607 3618 vocant
2638 3563 2862 3617 annales
2897 3564 2947 3617 lii
2981 3562 3225 3629 Turcici,
3262 3566 3466 3620 rectius
3509 3582 3635 3634 pro-

2074 3654 2161 3708 cul
2225 3653 2411 3717 dubio,
2466 3668 2626 3722 quam
2686 3652 2769 3707 vel
2817 3652 3058 3707 Joannes
3118 3653 3439 3715 Fraxineus.
3493 3659 3637 3725 apud

2073 3762 2233 3813 (prem
2273 3746 2466 3799 llcssin
2502 3746 2723 3814 legitur,
2750 3748 2831 3800 vel
2862 3746 3200 3801 Helfcrichus
3241 3750 3293 3800 in
3329 3748 3633 3814 itinerario,

2075 3838 2160 3890 cui
2194 3838 2458 3893 scribitur
2480 3836 2706 3903 Hessen,
2736 3852 2834 3906 pro
2859 3837 3094 3893 Chasau.

2074 3948 2197 4003 2M.
2240 3947 2612 4001 Tommanbais
2647 3948 3016 4013 suspenditur;
3046 3946 3166 4013 ﬁnis
3204 3951 3347 4015 rcqm'
3380 3936 3641 4003 sultaniui

2395 4027 2447 4071 et
2472 4016 2909 4077 Mamelucorum,
2944 4017 3051 4069 Bob
3084 4017 3328 4072 Suweile.

2145 4111 2514 4166 Memorabilis
2548 4118 2633 4165 est
2665 4109 2842 4164 iustius
2875 4111 2960 4162 hic
3018 4109 3407 4164 Tommanhais
3445 4114 3640 4164 interi-

2080 4216 2187 4271 Ius,
2223 4212 2273 4257 et
2304 4202 2519 4271 [Egypti
2572 4191 2848 4272 Syriaeque
2880 4206 3221 4257 Sullanorum
3282 4205 3429 4273 regni
3494 4204 3639 4258 ﬁnis.

408 4299 620 4367 templis
654 4295 1000 4360 iamiliarem,
1032 4306 1087 4351 et
1117 4297 1510 4365 amplissimam
1543 4297 1684 4349 circa
1719 4312 1777 4350 se
1823 4310 1969 4349 com-
2006 4288 2047 4341 υ
2078 4296 2386 4359 strepensth
2414 4292 2516 4345 fuit
2547 4291 2935 4347 Tommanbais
2986 4293 3277 4346 undecimo
3312 4294 3398 4346 die
3433 4294 3641 4347 mensis

404 4390 662 4458 plectitur
693 4403 898 4443 arcam.

403 4504 527 4557 2H.
568 4501 767 4556 Rursus
801 4502 1084 4623 ΛῐιΙιὶορρᾸ
1111 4499 1446 4623 δῑῖᾳὸιιαιιή,
1482 4518 1574 4567 pro
1610 4486 1879 4568 ZEgytjliis
1924 4512 1971 4554 et

1095 4589 1150 4623 ru
1194 4591 1205 4619 ι
1244 4588 1323 4622 us.

1095 4588 1323 4623 ναυισαδ.

476 4667 588 4718 Cur
614 4664 850 4734 {Egyptii
886 4670 938 4717 et
982 4663 1211 4728 Arabes,
1268 4662 1396 4716 olim
1454 4662 1659 4715 sultani
1697 4662 1973 4716 Caireusis

408 4756 632 4820 subditi,
695 4758 1049 4809 neminentur
1104 4752 1391 4823 Ethiopes
1417 4769 1478 4809 ac
1503 4753 1698 4818 Mauri,
1750 4771 1778 4808 a
1819 4756 1973 4825 nigro

407 4851 593 4903 colore
615 4862 931 4916 corporum,
968 4848 1206 4900 dixinius
1247 4850 1435 4917 ‘supra,
1470 4849 1647 4917 capite
1686 4848 1801 4903 l65.
1840 4848 1973 4903 San-

406 4942 637 4996 sovinus
667 4954 929 5010 expresse
963 4939 1066 4993 hac
1096 4941 1147 4992 in
1183 4939 1433 5001 historia,
1456 4938 1599 4993 Cairi
1637 4939 1753 4994 sive
1790 4939 1974 4993 Miszi-

407 5037 484 5089 ris
515 5036 597 5098 (ut
633 5047 778 5087 nunc
813 5031 1075 5102 appellari
1114 5031 1291 5100 capite
1322 5031 1384 5085 6|
1452 5031 1787 5101 notavimus)
1822 5034 1977 5087 ineo-

408 5125 491 5179 las
546 5122 766 5178 Mauros
827 5130 1008 5185 vocat,
1075 5122 1281 5191 vulgari
1334 5124 1746 5178 consuetudine.
1807 5123 1976 5177 Paulo

406 5217 570 5270 etiam
602 5223 727 5285 post
761 5213 1008 5284 sequitur
1043 5213 1221 5267 hicin
1266 5212 1577 5275 annalibus,
1611 5213 1973 5282 interceptum

409 5309 478 5360 ab
521 5306 792 5361 Arabibus
821 5313 876 5360 et
930 5303 1284 5373 Ethiopibus
1331 5301 1747 5365 Tommanbain,
1786 5301 1975 5356 Selimi

410 5402 579 5456 fuisse
607 5400 904 5472 proditum.
935 5399 1204 5454 Caeterum
1234 5398 1529 5468 transiugm
1583 5398 1846 5452 duntaxat
1889 5399 1977 5451 hic

412 5493 576 5549 unius
626 5493 994 5548 meminerunt
1053 5491 1279 5547 annales
1320 5489 1556 5556 Turcici,
1593 5488 1687 5545 sed
1732 5488 1977 5545 historici

417 5587 588 5640 nostri
616 5586 875 5647 duorum,
907 5584 1002 5654 qui
1035 5582 1317 5637 Mameluci
1346 5580 1567 5650 iuerint,
1623 5580 1842 5636 natione
1889 5581 1977 5634 Al-

2078 4386 2465 4454 Aprilis,auno
2496 4385 2805 4440 Christiano
2839 4387 2994 4447 1517,
3021 4396 3076 4439 ιιι
3101 4387 3441 4441 Sansovinus
3472 4388 3643 4440 adnoo

2078 4482 2229 4532 tavit.
2314 4477 2598 4547 Sumptum
2674 4480 2775 4533 hoc
2848 4480 2913 4533 de
2996 4480 3113 4546 ipso
3167 4477 3501 4548 supplicium
3572 4479 3640 4530 ad

2077 4579 2285 4640 portam
2328 4567 2683 4635 Bassueliam‘,
2739 4581 2796 4623 ut
2853 4571 2993 4624 idem
3052 4572 3253 4631 retulit.
3306 4585 3430 4624 cum
3493 4570 3645 4640 prius

2078 4665 2385 4730 ignominiae
2426 4679 2588 4718 causa
2630 4664 2828 4733 laqueo
2861 4666 2926 4717 ad
2992 4665 3191 4718 collum
3224 4678 3489 4730 appenso,
3551 4678 3645 4728 per

2079 4756 2263 4808 urbem
2297 4752 2443 4806 mulo
2497 4752 2739 4806 insidens
2789 4752 3200 4805 cirmtnuluctus
3237 4749 3451 4803 fuisset.
3510 4748 3646 4801 Peu-

2077 4861 2233 4901 ccrns
2260 4845 2547 4898 Basuclam
2588 4843 2756 4913 Syriae
2790 4851 2997 4912 portam
3038 4842 3305 4896 nominat.
3342 4840 3503 4911 487
3538 4841 3643 4893 Sed

2081 4937 2279 4992 melius
2319 4936 2545 4989 annales
2594 4936 2906 4989 indicavere
2934 4934 3124 4993 locum
3180 4934 3233 4987 in
3267 4935 3423 4987 urbis
3469 4934 3648 4985 ιιιιιιιί-

2080 5030 2205 5090 lico,
2240 5028 2328 5081 cui
2378 5043 2577 5081 nomen
2612 5027 2721 5080 Bab
2750 5026 2971 5081 Subeile
3010 5026 3093 5079 vel
3123 5026 3378 5086 Suwcile,
3409 5039 3643 5093 quorum

2080 5118 2213 5171 illud
2238 5118 2510 5188 signiﬁcat
2543 5128 2778 5186 portam,
2811 5118 2914 5171 hoc
2946 5118 3200 5186 plateam.

2078 5234 2203 5287 213.
2241 5232 2455 5287 Morbus
2488 5242 2538 5286 et
2565 5250 2703 5287 mors
2722 5232 2950 5293 Selimis,
2982 5233 3033 5285 in
3062 5234 3173 5286 loco
3207 5232 3383 5298 fatali,
3419 5229 3648 5297 Dephler

2379 5305 2587 5364 (ἰωνίαν,
2632 5303 2847 5355 Beiram
2870 5303 3039 5371 majus
3068 5313 3118 5355 et
3150 5304 3345 5357 minus.

2154 5398 2229 5451 De
2279 5410 2417 5465 pago
2467 5394 2629 5448 lnzua
2692 5394 2895 5447 dictum
2942 5394 3217 5461 superius,
3263 5409 3492 5447 numero
3554 5393 3646 5447 7.5.

2083 5486 2197 5542 Non
2231 5488 2419 5557 procul
2445 5487 2599 5541 abest
2625 5500 2653 5539 a
2683 5484 2867 5549 Zorlo,
2900 5485 3014 5539 sive
3037 5484 3263 5550 Zurulo,
3292 5486 3407 5540 sive
3459 5484 3648 5539 Ciurlo

2082 5581 2242 5648 Jovii,
2288 5585 2351 5635 de
2383 5596 2491 5649 quo
2523 5580 2724 5633 dictum
2758 5578 2943 5633 itidem
2973 5578 3146 5648 capite
3173 5578 3240 5633 9.6
3283 5589 3336 5632 et
3367 5577 3487 5631 193.
3536 5572 3644 5628 Nec
