4048 6208
403 187 510 250 889

1552 199 1946 261 PANDECTE
1990 202 2198 266 IIIST‘.
2224 205 2526 269 TURCIC.

3533 213 3638 277 890

403 303 562 374 longe
587 320 615 358 a
645 303 844 358 Zurulo
868 307 1035 361 distat
1078 309 1122 364 is
1145 310 1318 376 locus,
1364 311 1456 380 qui
1516 312 1707 368 Seliuii
1783 315 1962 369 fatalis
1999 331 2032 379 ,χ
2067 319 2365 374 Soleimani
2391 320 2704 387 solvissent,
2764 336 2874 376 non
2933 322 3095 377 modo
3124 328 3232 376 rion
3255 333 3513 394 exceptus
3569 328 3636 380 ab

403 405 630 468 propter
648 399 979 468 impietatem
999 417 1123 470 erga
1155 413 1362 471 patrem
1388 404 1473 456 bis
1497 405 1817 468 exercitam,
1841 423 1972 474 prte-

402 488 474 545 lio
489 491 880 546 committendo
908 507 1220 561 veneanue
1237 493 1541 562 praebendo.
1560 495 1626 550 de
1639 511 1746 565 quo
1765 497 1968 552 dictum
1985 486 2006 500 ”

402 583 580 651 capite
606 581 879 648 20l,fuit.
933 582 1001 637 Et
1033 584 1117 638 bis
1153 585 1256 639 hoc
1309 586 1428 640 loco
1489 585 1706 640 Turcici
1757 603 1971 657 quoque

402 672 641 730 fatentur
683 673 926 740 annales,
976 672 1123 728 l‘atali
1165 673 1424 730 Selimem
1461 677 1577 732 loco
1613 677 1755 733 diem
1808 694 1968 735 suum

403 761 622 817 obiisse.
652 762 886 818 Causam
923 766 1113 820 mortis
1136 766 1321 820 attulit
1343 767 1393 821 ei
1439 769 1661 837 pustula
1698 770 1819 824 sive
1850 785 1970 826 car-

401 853 673 909 bunculus
708 855 990 922 pestilens,
1054 866 1111 911 ut
1177 859 1341 913 Turci
1386 861 1662 916 memoriae
1708 861 1966 930 produnt.

402 943 740 1001 Sansovinus
769 963 832 1001 ex
868 937 996 1002 aliis
1031 949 1197 1003 refert
1227 951 1441 1019 plagam
1493 950 1667 1007 fuisse
1729 950 1967 1006 corrosi-

399 1050 542 1100 vam,
576 1039 746 1093 instar
776 1054 1065 1108 gangreuae
1096 1041 1277 1110 :(juod
1322 1041 1573 1112 equidem
1641 1057 1750 1098 non
1812 1051 1964 1113 puto,

400 1137 620 1197 propter
651 1128 925 1183 interitum
977 1130 1194 1186 Selimis
1228 1132 1496 1197 subitum,
1522 1148 1648 1186 eum
1691 1149 1964 1204 gangrena

404 1217 674 1274 tardiores
709 1220 1028 1290 plerumque
1066 1237 1399 1293 pregressus
1460 1223 1645 1278 faciat.
1695 1225 1959 1293 Dephter-

399 1308 514 1360 dari
545 1310 658 1363 sive
720 1309 1153 1378 Dephterdalari,
1208 1320 1337 1366 sunt
1385 1313 1468 1367 vel
1504 1314 1824 1374 rationales.
1862 1315 1962 1372 vel

398 1409 721 1468 quaestores,
755 1402 835 1455 vel
867 1403 962 1470 (uti
999 1418 1145 1457 nunc
1207 1403 1566 1473 appellamus)
1620 1406 1963 1473 praesideset

397 1490 692 1545 consiliarii
720 1507 967 1547 omnem.
1005 1493 1240 1560 liairam,
1287 1495 1576 1548 maximum
1617 1495 1810 1552 Turcis
1883 1496 1963 1550 fe-

395 1592 535 1636 stum
571 1590 674 1648 est,
705 1582 880 1638 instar
910 1586 1192 1640 Paschalis
1214 1585 1406 1650 nostri,
1431 1589 1588 1656 quod
1634 1603 1820 1643 mense
1854 1589 1961 1645 lla-

2073 435 2088 464 ι
2109 415 2152 466 1.,
2188 414 2505 476 honorifice,
2537 431 2722 470 verum
2753 417 2918 472 etiam
2981 427 3248 474 tractatus
3274 429 3466 488 prreter
3495 421 3610 490 loga

2072 511 2248 557 torum
2271 506 2364 574 jus
2396 505 2575 560 fuerat
2605 523 2621 562 :
2654 507 2819 577 idque
2851 519 3160 579 propterea,
3193 512 3334 578 quod
3360 512 3637 566 vindicare

2071 610 2132 650 se
2161 596 2226 650 de
2251 597 2470 654 sultano
2499 598 2728 655 Tureieo
2760 603 2984 664 vellent,
3050 602 3122 656 ob
3169 603 3527 668 ignominiose
3577 619 3638 657 ac

2071 686 2371 744 insolenter
2424 690 2637 746 habitos
2685 707 2715 746 a
2779 691 2981 748 Selinie
3041 695 3194 762 prius
3219 693 3425 760 legatos
3478 709 3632 750 suos.

2071 776 2435 848 Burgurdelen
2465 797 2594 837 vero
2611 781 2946 836 Soleimanes
2971 784 3382 852 przecipiendam
3409 787 3637 853 putavit,

2070 884 2138 922 ne
2171 884 2276 936 qua
2311 870 2456 925 Savo
2495 875 2742 927 secundo
2762 874 3225 942 Belgradensibus
3279 876 3541 938 obsessis,
3571 877 3636 930 ad

2067 976 2302 1028 quarunt
2333 963 2378 1016 is
2409 964 2609 1018 moenia
2640 963 3178 1036 Danubiojungitur,
3239 966 3425 1022 venire
3457 967 3640 1021 subsi-

2067 1051 2154 1102 dia
2184 1061 2423 1119 possent.
2453 1052 2662 1123 Quippe
2693 1057 3062 1128 Burgurdelen
3088 1057 3252 1113 T-nrci
3286 1069 3482 1112 vocant
3506 1059 3638 1112 illud

2068 1136 2121 1196 in
2144 1141 2254 1208 ripa
2283 1140 2404 1194 Savi
2435 1144 2672 1200 llumiuis
2701 1149 2981 1216 oppidum,
3003 1150 3146 1217 quod
3175 1149 3410 1220 llngaris
3433 1150 3639 1204 Sabacz

2066 1232 2390 1298 appellatur,
2429 1235 2668 1290 cinctum
2697 1241 2942 1309 undique
2970 1239 3133 1305 Savo,
3165 1243 3217 1295 in
3240 1258 3406 1310 quem
3437 1241 3637 1295 Drinus

2067 1315 2269 1378 itidem
2332 1315 2744 1385 ac‘Baconsius
2799 1347 2991 1387 amnes
3057 1332 3308 1386 inlinunt.
3358 1332 3638 1386 lionlinius

2066 1413 2232 1467 refert
2260 1431 2402 1469 anno
2428 1416 2746 1474 Christiano
2787 1421 2926 1474 “70
2959 1421 3145 1474 initam
3190 1422 3359 1476 fuisse
3407 1422 3494 1473 vel
3546 1436 3637 1473 occ

2064 1514 2273 1572 coptam
2302 1507 2560 1561 aedificari
2598 1511 2790 1564 molem
2830 1509 3032 1572 Sabaz,
3070 1511 3156 1564 cui
3189 1526 3386 1564 nomen
3419 1510 3634 1563 Tlll'CltS

2048 1593 2341 1661 indiderit,
2372 1598 2449 1651 nti
2472 1598 2646 1653 Sabaz
2678 1610 2986 1664 vocaretur,
3011 1605 3154 1669 quod
3183 1600 3412 1655 Turcica
3452 1603 3632 1667 lingua

395 1665 943 1740 malaue-celebrant,
976 1690 1084 1745 quo
1114 1683 1169 1733 et
1215 1677 1477 1746 jejunium
1509 1693 1668 1733 suum
1709 1690 1952 1746 servant,
1987 1659 2033 1719 Β
2061 1687 2308 1741 mirabile
2338 1690 2466 1756 quid
2496 1690 2786 1755 signiticet.
2826 1694 3080 1761 lutelligit
3116 1704 3296 1748 autem
3333 1695 3497 1749 ‘l‘urci
3529 1709 3628 1746 no—

393 1765 606 1838 integro
639 1782 829 1822 mense
895 1768 1115 1836 triginta
1149 1769 1387 1833 dierum,
1416 1785 1445 1822 a
1474 1773 1793 1837 crepusculo
1842 1789 1956 1828 ma-

393 1855 590 1922 tutino,
620 1872 792 1928 usque
817 1859 881 1912 ad
909 1860 1043 1914 solis
1071 1873 1351 1928 occasum,
1390 1860 1525 1915 nihil
1556 1862 1663 1916 cibi
1725 1861 1976 1932 potusve'

391 1959 670 2006 sumentes
703 1957 795 2005 :et
826 1949 1078 2006 absoluto
1105 1949 1331 2019 jejunio,
1359 1965 1518 2006 suum
1552 1953 1656 2008 hoc
1715 1955 1952 2018 Bairam,

389 2033 672 2093 Paschatis
703 2037 756 2091 in
796 2053 1021 2104 morem,
1045 2050 1331 2111 peragunt.
1360 2040 1562 2114 Duplex
1596 2053 1773 2100 autem
1830 2045 1954 2102 Bai-

392 2142 505 2182 ram
541 2128 735 2185 Turcis
757 2129 810 2184 in
838 2147 936 2186 usu
966 2141 1068 2188 est.
1105 2131 1311 2198 Unum,
1372 2149 1561 2192 mense
1620 2135 1950 2205 Ramazane,

389 2219 456 2274 de
481 2233 588 2289 quo
608 2234 752 2276 nunc
789 2222 1022 2292 agimus,
1072 2224 1293 2292 etquod
1332 2223 1529 2294 Bujuc,
1582 2227 1697 2282 sive
1753 2228 1948 2297 majus,

319 2368 324 2372 _
389 2311 482 2363 aut
522 2323 770 2380 magnum
829 2314 1128 2383 appellant.
1179 2313 1309 2384 Ejus
1363 2331 1525 2386 supra
1580 2318 1948 2385 meminimus,

357 2401 564 2470 capite
593 2401 653 2457 11
679 2412 734 2458 ct
763 2395 850 2459 33.
883 2407 1153 2469 Alterum,
1194 2407 1476 2478 sexaginta
1503 2410 1624 2480 plus
1659 2412 1840 2465 minus
1884 2413 1951 2467 ab

385 2492 493 2547 hoc
519 2493 712 2549 diebus
762 2497 1098 2562 celebratur,
1148 2505 1201 2551 et
1238 2496 1672 2554 Chazilariorum
1735 2495 1948 2556 Bait-am

385 2583 608 2648 dicitur,
642 2584 745 2639 huc
799 2596 882 2639 est
944 2586 1346 2656 religiosorum,
1402 2590 1494 2659 qui
1556 2594 1950 2663 peregrinatio-

387 2687 511 2727 nem
542 2675 650 2728 voti
673 2691 803 2746 ergo
830 2677 1161 2747 suscipiunt,
1194 2681 1261 2734 ad
1288 2681 1619 2736 visitandum
1664 2683 1946 2740 Mahume-

385 2767 453 2819 tis
483 2767 760 2836 prophetae
789 2768 872 2824 sui
909 2771 1223 2839 sepulcrum
1259 2771 1639 2839 Mecchanum,
1682 2786 1739 2830 ut
1766 2777 1950 2832 indul-

382 2859 590 2924 gentias
611 2866 957 2928 peccatorum
981 2877 1205 2915 suorum
1235 2862 1357 2916 istic
1389 2863 1703 2933 impetrent.
1738 2867 1948 2938 Quippe

2069 1777 2214 1831 tuine
2277 1781 2554 1836 sultannm
2606 1781 3025 1848 Muehemetem,
3084 1783 3341 1852 Bajazitis
3401 1797 3629 1851 patrem.

2058 1867 2277 1924 Selimis
2305 1886 2488 1933 avum,
2517 1871 2850 1927 Soleimanis
2871 1889 3154 1943 proavum.
3181 1875 3389 1942 Quippe
3406 1874 3633 1927 Mttrlte-v

2058 1970 2250 2025 metes,
2281 1977 2310 2014 a
2341 1962 2589 2032 Belgradi
2613 1963 2915 2025 obsidione,
2941 1979 3085 2018 anno
3113 1965 3430 2018 Christiano
3458 1964 3624 2024 1456,

2057 2051 2242 2107 invicti
2277 2053 2432 2110 ducis
2485 2054 2756 2110 Huniadis
2817 2057 3016 2111 virtute
3077 2057 3312 2124 turpiter
3371 2057 3628 2122 rejeetus,

2057 2143 2199 2197 hanc
2255 2155 2535 2201 exstruere
2593 2148 3007 2217 quattuordecim
3060 2156 3182 2216 post
3241 2148 3400 2204 anuis
3448 2163 3627 2202 arcem

2058 2231 2228 2286 voluit
2270 2233 2337 2287 ad
2371 2233 2598 2312 Savum,
2643 2253 2674 2291 e
2735 2238 2953 2306 regione
3005 2236 3324 2293 Sirmiensis
3371 2237 3508 2306 agri,
3573 2246 3630 2290 ut

2055 2323 2180 2380 inde
2215 2325 2351 2381 lines
2397 2323 2698 2395 Ungaricos
2747 2329 3005 2383 invadere
3058 2345 3157 2398 pro
3197 2329 3366 2384 lubitu
3427 2339 3627 2396 posset.

2054 2415 2192 2470 llinc
2219 2432 2372 2473 novae
2394 2419 2684 2474 munitioni
2704 2419 3005 2489 superbum
3039 2434 3236 2474 nomen
3265 2422 3452 2474 datum
3483 2420 3627 2472 Bon-

2055 2506 2217 2562 linius
2240 2509 2470 2577 putavit.
2517 2510 2622 2564 Sed
2666 2519 2848 2578 postea
2893 2521 3074 2564 tamen
3108 2511 3409 2573 Sabatiam,
3461 2510 3628 2564 veluti

2053 2600 2351 2663 Savatiam,
2388 2617 2416 2654 a
2454 2602 2598 2656 Savo
2651 2602 2870 2656 flumine
2915 2603 3095 2670 potius
3152 2602 3347 2655 dictam
3405 2602 3626 2659 fatetur.

2052 2693 2165 2747 Rex
2205 2702 2388 2748 autem
2425 2693 2707 2761 Matthias,
2737 2693 3004 2748 lluniadis
3037 2694 3198 2755 illius,
3261 2709 3406 2747 anno
3457 2695 3626 2746 Chri-

2050 2784 2230 2838 stiano
2260 2783 2420 2848 M75,
2453 2785 2792 2838 Muchetuete
2849 2785 3025 2838 adhuc
3087 2787 3404 2853 superstite,
3459 2786 3630 2839 Saba-

2050 2875 2174 2929 tiain
2201 2876 2249 2928 vi
2286 2883 2649 2945 expugnatam
2683 2878 2885 2945 recepit
2919 2893 2931 2928 :
2967 2891 2994 2928 a
3023 2885 3388 2944 quotempore
3412 2885 3627 2930 nostra-

381 2948 565 3003 czeteri
599 2949 663 3002 ad
694 2949 855 3020 hujus
883 2950 1321 3008 observationem
1355 2954 1574 3010 Bairani
1607 2972 1715 3011 non
1749 2967 1942 3012 teneu-
1969 2985 2015 3050 ο
2050 2984 2165 3020 rum
2191 2969 2244 3021 in
2280 2977 2549 3037 potestate
2577 2970 2778 3022 mansit
2803 2969 2867 3022 ad
2903 2968 3010 3022 hoc
3055 2983 3232 3036 usque
3285 2967 3485 3021 bellum
3522 2969 3626 3019 So-

382 3050 489 3093 tur.
527 3038 758 3109 Ideoque
783 3041 990 3110 Cutzug
1019 3041 1232 3097 Bairam
1272 3044 1338 3100 ab
1369 3045 1450 3100 eis
1505 3048 1830 3116 appellatur,
1863 3052 1942 3105 uti

381 3132 578 3185 festum
603 3135 900 3196 minus,aut
918 3146 1164 3202 parvum.
1182 3133 1366 3205 Neque
1388 3152 1515 3193 vero
1533 3138 1633 3194 sibi
1653 3141 1946 3212 quidquam

378 3224 864 3292 adimpetrandum
913 3224 1129 3280 veniam
1215 3227 1585 3282 admissorum
1639 3218 1944 3286 facinorum

379 3317 636 3386 prodesse
655 3326 840 3386 putant
857 3318 1023 3372 solam
1044 3315 1321 3372 Mecchani
1349 3319 1535 3386 templi
1557 3319 1941 3388 visitationem,

379 3410 828 3469 ni.Bethleemam
862 3425 1075 3484 quoque
1126 3427 1248 3470 cum
1287 3411 1678 3485 Hierosolymis
1727 3399 1942 3481 adeant,

379 3507 455 3559 uti
488 3507 646 3575 paulo
677 3517 802 3560 ante
853 3507 1318 3577 signiﬁcabamus.
1370 3505 1508 3562 Hinc
1552 3524 1682 3562 vero
1732 3518 1941 3564 certum

379 3597 571 3650 mortis
593 3597 789 3652 sultani
824 3595 1041 3656 Selimis
1058 3607 1270 3669 tempus
1293 3599 1564 3666 colligitur
1582 3600 1783 3670 alioqui
1814 3615 1945 3653 eon-

380 3697 704 3742 troversum.
741 3687 950 3758 Quippe
982 3689 1180 3758 legitur
1253 3689 1393 3758 apud
1448 3689 1686 3757 Jovium,
1736 3691 1942 3745 exstin-

377 3787 517 3832 ctum
563 3778 820 3834 S:limem
889 3797 1035 3836 anno
1082 3784 1395 3837 Christiano
1434 3784 1591 3850 1519,
1661 3785 1749 3839 die
1795 3785 1942 3840 deci-

377 3887 464 3922 mo
496 3877 694 3941 quarto
751 3875 952 3928 mensis
984 3866 1265 3930 Februarii
1301 3895 1314 3930 :
1344 3868 1464 3929 cuiu
1505 3876 1839 3933 Sausovinus
1885 3883 1940 3932 et

375 3966 466 4020 alii
517 3970 698 4022 verius
745 3970 970 4022 οιῐιηῐιιο
1029 3969 1266 4033 tradant,
1311 3971 1360 4020 id
1429 3971 1699 4027 accidisse
1753 3987 1940 4027 mense

374 4056 704 4125 Septembri,
745 4074 888 4111 anno
931 4059 1081 4113 159.0.
1113 4058 1322 4128 Q-tippe
1365 4059 1535 4128 Buqu
1563 4061 1775 4115 llairatn
1810 4074 1939 4120 tunc

372 4150 623 4215 itlSlaltal,
661 4151 801 4218 quod
831 4151 1059 4205 Selimes
1113 4148 1494 4207 celebraturus
1543 4165 1658 4207 erat
1708 4154 1935 4208 lladria-
1974 4189 1980 4198 ρ

367 4242 573 4313 nopoli,
607 4243 651 4298 si
677 4253 956 4312 superstes
984 4243 1198 4301 fuisset.

364 4356 488 4413 316.
513 4355 836 4426 Soleintaues
863 4357 1015 4412 initio
1037 4360 1182 4427 regni
1207 4357 1525 4426 Belgradum
1551 4360 1770 4424 obsidet,
1797 4359 1934 4414 Bur—

537 4428 787 4496 gurdeleu
829 4443 941 4480 cum
977 4444 1038 4480 ea
1075 4429 1236 4496 capit,
1270 4427 1494 4489 Sabaea,
1529 4428 1773 4484 Sabatia.

433 4515 636 4585 Causa,
667 4534 767 4572 cur
817 4533 1040 4588 regnum
1073 4520 1392 4588 auspicatus
1429 4520 1792 4584 Soleimancs,
1828 4521 1940 4575 Un-

365 4612 512 4681 garis
553 4625 677 4666 mox
712 4611 915 4665 bellum
951 4610 1197 4676 inferret,
1235 4625 1343 4665 non
1372 4621 1491 4665 erat
1549 4612 1651 4665 alia
1724 4627 1938 4681 reapse,

362 4720 525 4773 quam
546 4712 692 4757 certa
725 4718 848 4772 spes
881 4703 1188 4772 occupandi
1240 4703 1513 4772 Belgradi,
1555 4707 1678 4758 Cum
1728 4706 1940 4761 caeteris

289 4782 294 4786 ⁷
361 4795 479 4863 ejus
515 4794 664 4865 regni
701 4793 998 4863 provinciis
1045 4801 1101 4848 et
1144 4793 1379 4862 oppidis,
1447 4807 1577 4862 rege
1639 4791 1938 4863 Ludovico,

365 4885 624 4942 Vladislai
656 4886 792 4950 filio,
832 4885 1066 4940 necdum
1091 4899 1187 4954 per
1222 4893 1436 4939 aetatem
1500 4887 1565 4937 ad
1624 4883 1940 4954 gubernan-

361 4980 488 5034 dum
522 4979 739 5041 idoneo,
762 4987 817 5031 et
841 4991 1126 5047 procerum
1155 4991 1404 5041 suorum,
1437 4984 1547 5029 tam
1593 4977 1936 5031 saecularium

355 5087 524 5141 quam
549 5070 1048 5126 ecclesiasticorum
1074 5069 1412 5137 contemptui
1479 5069 1726 5138 exposito
1757 5085 1770 5121 :
1843 5070 1934 5137 qui

357 5163 668 5230 posthabita
725 5161 990 5231 dignitate
1046 5161 1189 5230 regis
1267 5169 1321 5213 et
1367 5159 1544 5214 salute
1600 5160 1935 5228 reipublicae,

356 5253 768 5314 suis,duntaxat
795 5252 1120 5318 commodis,
1154 5251 1463 5314 ambitioni,
1523 5251 1671 5303 luxui
1745 5251 1936 5302 fastui-

354 5360 463 5413 que
511 5344 580 5398 ab
635 5343 920 5398 hominum
969 5343 1230 5397 memoria
1289 5342 1556 5402 inaudito,
1619 5341 1931 5394 Studebant.

355 5435 714 5492 Occasionem
746 5449 878 5489 vero
911 5436 1062 5504 pacis
1087 5434 1505 5504 abrumpendw,
1545 5431 1931 5501 Spaudnginus

355 5527 498 5582 hanc
523 5528 772 5594 exposuit
803 5545 817 5584 :
848 5526 994 5598 quod
1037 5527 1246 5597 legatus
1303 5523 1654 5585 Soleimanis,
1710 5521 1776 5574 ad
1833 5520 1930 5575 dc-

358 5603 993 5696 n‘un‘tianditm‘Ungaris
1021 5619 1222 5688 bellum
1270 5618 1494 5680 missus,
1556 5615 1606 5668 oi
1670 5613 1924 5668 tributum

1962 4321 2008 4380 D

2050 3057 2419 3112 leimanicnm.
2447 3058 2580 3117 Alba
2607 3057 2790 3114 Gra'ca
2840 3061 3041 3127 potitos
3102 3059 3314 3113 Turcos
3370 3072 3628 3114 nutavere

2049 3150 2226 3204 nostri
2253 3164 2398 3204 anno
2434 3150 2713 3226 l5‘2l,‘die
2742 3152 3008 3207 vicesimo
3067 3162 3268 3222 quarto
3314 3151 3485 3206 Junii.

2076 3262 2243 3333 488
2290 3262 2417 3316 ΞΠ.
2461 3263 2643 3337 Rhodi
2678 3263 2912 3337 obsidio,
2971 3265 3244 3337 Mermere,
3293 3262 3586 3326 Marmora,

2044 3395 2058 3408 4
2588 3334 2780 3387 Portus
2820 3335 3094 3402 Plu/sicne.

2119 3420 2191 3478 De
2213 3423 2550 3479 Mentesiaua
2585 3422 2788 3476 ditione
2821 3422 3026 3477 dictum
3061 3437 3253 3492 supra,
3315 3422 3491 3490 capite
3531 3423 3619 3478 15.

2046 3515 2292 3571 Videnda
2365 3531 2583 3585 quoque
2635 3513 2862 3567 Natoliae
2919 3515 3105 3567 tabula
3184 3512 3625 3583 geographorunt

2045 3607 2310 3676 principis
2337 3603 2552 3661 Ortelii.
2589 3604 2857 3660 Mermere
2892 3603 3086 3660 Turcis
3110 3605 3418 3672 appellatur
3460 3603 3617 3673 oppi-

2043 3699 2168 3752 dum
2197 3696 2464 3751 Anatolim
2503 3697 2864 3779 maritimum,
2892 3713 2920 3750 a
2951 3696 3114 3765 cujus
3141 3704 3294 3764 portu
3327 3695 3496 3751 distat
3530 3696 3619 3747 in-

2045 3789 2276 3843 tervallo
2311 3801 2415 3841 non
2451 3803 2648 3857 magno
2682 3787 2929 3844 lihodns.
2974 3787 3172 3856 Oppidi
3206 3785 3624 3844 nomenGrmcia

2041 3889 2124 3933 est
2156 3877 2446 3944 Marmora,
2485 3888 2676 3947 portus
2709 3887 2916 3938 autem,
2946 3879 3170 3944 Phisco,
3205 3893 3302 3947 pro
3349 3893 3456 3946 quo
3484 3878 3618 3942 legi-

2042 3982 2127 4024 tur
2163 3970 2216 4024 in
2242 3969 2433 4024 Ortelii
2474 3970 2690 4026 Natolia
2752 3971 2994 4034 Fischio,
3059 3986 3168 4024 non
3226 3979 3374 4024 recte
3413 3979 3615 4029 tamen,

2040 4062 2258 4132 quando
2286 4062 2534 4132 Physcus
2575 4062 2738 4116 etiam
2798 4061 3080 4130 Sophiano
3149 4062 3428 4115 scribitur.
3468 4059 3618 4113 Situs

2040 4162 2122 4205 est
2153 4167 2182 4206 e
2213 4152 2437 4220 regione
2468 4160 2659 4219 portus
2699 4151 2922 4213 Rhodii,
2988 4152 3079 4220 qui
3117 4152 3185 4204 ab
3217 4151 3318 4204 hoc
3350 4151 3618 4206 duntaxat

2038 4239 2343 4310 octodecim
2376 4241 2706 4294 milliaribus
2737 4240 2942 4295 Graecis
2971 4241 3331 4310 disjungitur.

2128 4332 2254 4388 ‘2l8.
2287 4333 2488 4402 Megale
2519 4332 2720 4386 Μαδιον
2764 4332 2954 4399 Rhodi,
2989 4332 3231 4397 Stankoi,
3267 4332 3520 4385 Bcdrum.

2113 4424 2296 4479 Graeca
2322 4439 2454 4478 voce
2483 4424 2562 4478 Tu
2574 4425 2644 4478 rei
2665 4439 2880 4494 quoque
2908 4425 3140 4493 μεγάλον
3158 4425 3404 4492 μάστορα
3422 4431 3617 4482 vocant

2044 4532 2298 4583 magnum
2338 4515 2512 4570 Rhodi
2555 4517 2906 4586 magistrum,
2966 4517 3050 4572 vel
3100 4516 3311 4580 ordinis
3375 4514 3615 4582 equitum

2046 4605 2384 4662 Rhodiorum
2414 4607 2739 4676 principem.
2773 4606 2821 4661 ls
2841 4606 3028 4661 eratid
3055 4605 3314 4673 temporis
3334 4603 3616 4674 Philippus

2043 4696 2297 4753 Villerius
2327 4689 2664 4760 Liladamus,
2703 4697 2922 4754 natione
2949 4690 3136 4752 Gallus
3177 4715 3191 4751 :
3239 4696 3333 4764 qui
3366 4694 3618 4758 Fabricio

2042 4788 2108 4842 de
2133 4788 2351 4842 Caretto
2365 4795 2494 4842 nato
2518 4803 2548 4842 e
2582 4787 2783 4841 familia
2804 4787 3178 4841 marchionum
3213 4787 3614 4842 Finariensinm

2043 4880 2094 4934 in
2134 4878 2347 4949 Liguria
2382 4879 2668 4941 Saxonicae
2695 4879 2909 4948 stirpis,
2945 4893 3050 4934 nec
3083 4881 3158 4931 ita
3208 4881 3412 4932 dudum
3466 4893 3614 4931 mor-

2043 4981 2154 5034 tuo,
2181 4979 2544 5026 successerat.
2610 4969 2824 5024 Deditio
2886 4966 3062 5024 Rhodi
3120 4970 3260 5023 facta
3315 4970 3416 5023 fuit
3467 4983 3613 5022 anno

2038 5064 2351 5129 Christiano
2390 5063 2551 5126 1522.
2583 5062 2672 5116 die
2701 5061 2964 5116 vicesimo
3023 5061 3213 5129 quinto
3268 5063 3474 5114 mensis
3510 5061 3612 5113 De-

2037 5154 2295 5220 cembris,
2363 5154 2619 5207 videlicet
2688 5151 2938 5207 natalitio
3004 5149 3227 5212 Christi,
3288 5165 3397 5218 quo
3443 5150 3613 5213 etiam

2039 5246 2379 5301 Soleitnanes
2411 5245 2598 5298 urbem
2619 5243 2831 5312 ingredi
2861 5243 3052 5295 voluit.
3079 5240 3209 5294 Erat
3239 5241 3294 5294 in
3329 5249 3594 5307 potestate

2039 5337 2647 5404 lihudiorumequitum
2685 5333 2880 5388 nobilis
2944 5347 3163 5402 quoque
3225 5333 3332 5385 Cos
3403 5331 3604 5389 insula,

2039 5429 2383 5499 Hippocratis
2406 5427 2602 5483 medici
2636 5429 2833 5496 patria,
2863 5441 3025 5495 quam
3064 5424 3182 5477 Itali
3205 5430 3383 5477 naut:e
3416 5420 3606 5488 Lange

2037 5521 2340 5583 nominant,
2362 5517 2533 5573 Grmci
2558 5520 2688 5586 στῆν
2722 5517 2834 5582 Κῶ,
2855 5518 3003 5570 “velut
3043 5516 3122 5577 εἰς
3145 5513 3241 5583 τὴν
3274 5513 3415 5576 κῶν,
3436 5510 3604 5568 Τυτςί

2038 5611 2283 5667 Stankoi.
2323 5611 2446 5667 llaec
2477 5611 2659 5666 itidem
2695 5607 3018 5671 Soleimanis
3053 5606 3106 5661 iu
3140 5618 3356 5673 manus,
3401 5603 3606 5679 amissa
