  <div class='ocr_page' id='page_1' title='image "/cluster/home/n/w/nwhite01/storage/ocr_20150623/159/hvd.32044073502684/493.png"; bbox 0 0 4048 6208; ppageno 0'>
   <div class='ocr_carea' id='block_1_1' title="bbox 451 169 551 231">
    <p class='ocr_par' dir='ltr' id='par_1_1' title="bbox 451 169 551 231">
     <span class='ocr_line' id='line_1_1' title="bbox 451 169 551 231; baseline 0.02 -2"><span class='ocrx_word' id='word_1_1' title='bbox 451 169 551 231; x_wconf 81' lang='grc'>891</span> 
     </span>
    </p>
   </div>
   <div class='ocr_carea' id='block_1_2' title="bbox 1681 176 2513 251">
    <p class='ocr_par' dir='ltr' id='par_1_2' title="bbox 1681 176 2513 251">
     <span class='ocr_line' id='line_1_2' title="bbox 1681 176 2513 251; baseline 0.008 -9"><span class='ocrx_word' id='word_1_2' title='bbox 1681 176 2007 244; x_wconf 67' lang='lat' dir='ltr'><strong>JUALVNIS</strong></span> <span class='ocrx_word' id='word_1_3' title='bbox 2044 186 2513 251; x_wconf 67' lang='lat' dir='ltr'><strong>LEUNCLAYII</strong></span> 
     </span>
    </p>
   </div>
   <div class='ocr_carea' id='block_1_3' title="bbox 3600 202 3711 266">
    <p class='ocr_par' dir='ltr' id='par_1_3' title="bbox 3600 202 3711 266">
     <span class='ocr_line' id='line_1_3' title="bbox 3600 202 3711 266; baseline 0.054 -8"><span class='ocrx_word' id='word_1_4' title='bbox 3600 202 3711 266; x_wconf 60' lang='lat'><strong>8&#39;02</strong></span> 
     </span>
    </p>
   </div>
   <div class='ocr_carea' id='block_1_4' title="bbox 451 285 3710 379">
    <p class='ocr_par' dir='ltr' id='par_1_4' title="bbox 451 285 3710 379">
     <span class='ocr_line' id='line_1_4' title="bbox 451 285 3710 379; baseline 0.01 -42"><span class='ocrx_word' id='word_1_5' title='bbox 451 285 668 379; x_wconf 72' lang='lat' dir='ltr'><strong>Rhodo,</strong></span> <span class='ocrx_word' id='word_1_6' title='bbox 694 288 863 379; x_wconf 83' lang='lat' dir='ltr'><strong>venit.</strong></span> <span class='ocrx_word' id='word_1_7' title='bbox 890 288 1091 379; x_wconf 14' lang='lat' dir='ltr'><strong>AArcem</strong></span> <span class='ocrx_word' id='word_1_8' title='bbox 1120 306 1337 362; x_wconf 87' lang='lat' dir='ltr'><strong>quoque</strong></span> <span class='ocrx_word' id='word_1_9' title='bbox 1357 292 1587 348; x_wconf 85' lang='lat' dir='ltr'><strong>Bedrum</strong></span> <span class='ocrx_word' id='word_1_10' title='bbox 1620 306 1865 350; x_wconf 76' lang='lat' dir='ltr'><strong>secutam</strong></span> <span class='ocrx_word' id='word_1_11' title='bbox 1892 312 2013 351; x_wconf 78' lang='lat' dir='ltr'><strong>mox</strong></span> <span class='ocrx_word' id='word_1_12' title='bbox 2051 304 2093 359; x_wconf 86' lang='lat' dir='ltr'><strong>A</strong></span> <span class='ocrx_word' id='word_1_13' title='bbox 2126 312 2280 371; x_wconf 87' lang='lat' dir='ltr'><strong>parte</strong></span> <span class='ocrx_word' id='word_1_14' title='bbox 2308 304 2458 373; x_wconf 67' lang='lat' dir='ltr'><strong>regni</strong></span> <span class='ocrx_word' id='word_1_15' title='bbox 2498 305 2767 379; x_wconf 77' lang='lat' dir='ltr'><strong>Ungarize,</strong></span> <span class='ocrx_word' id='word_1_16' title='bbox 2796 323 2918 379; x_wconf 64' lang='lat' dir='ltr'><strong>quae</strong></span> <span class='ocrx_word' id='word_1_17' title='bbox 2947 324 2974 363; x_wconf 89' lang='lat' dir='ltr'><strong>a</strong></span> <span class='ocrx_word' id='word_1_18' title='bbox 3034 309 3457 379; x_wconf 80' lang='lat' dir='ltr'><strong>Salankcntcnc,</strong></span> <span class='ocrx_word' id='word_1_19' title='bbox 3505 314 3710 372; x_wconf 63' lang='lat' dir='ltr'><strong>Tibisri</strong></span> 
     </span>
    </p>
   </div>
   <div class='ocr_carea' id='block_1_5' title="bbox 447 373 2067 461">
    <p class='ocr_par' dir='ltr' id='par_1_5' title="bbox 447 373 2067 461">
     <span class='ocr_line' id='line_1_5' title="bbox 447 373 2067 461; baseline 0.011 -37"><span class='ocrx_word' id='word_1_20' title='bbox 447 373 601 428; x_wconf 80' lang='lat' dir='ltr'><strong>aiunt</strong></span> <span class='ocrx_word' id='word_1_21' title='bbox 632 376 857 431; x_wconf 79' lang='lat' dir='ltr'><strong>annales</strong></span> <span class='ocrx_word' id='word_1_22' title='bbox 888 377 1080 432; x_wconf 91' lang='lat' dir='ltr'><strong>horum</strong></span> <span class='ocrx_word' id='word_1_23' title='bbox 1103 383 1431 451; x_wconf 76' lang='lat' dir='ltr'><strong>exemplum.</strong></span> <span class='ocrx_word' id='word_1_24' title='bbox 1462 384 1591 438; x_wconf 80' lang='lat' dir='ltr'><strong>Eant</strong></span> <span class='ocrx_word' id='word_1_25' title='bbox 1627 384 1830 442; x_wconf 79' lang='lat' dir='ltr'><strong>Marius</strong></span> <span class='ocrx_word' id='word_1_26' title='bbox 1860 386 2018 457; x_wconf 59' lang='lat' dir='ltr'><strong>Niger</strong></span> <span class='ocrx_word' id='word_1_27' title='bbox 2062 458 2067 461; x_wconf 87' lang='lat'><strong><em>_</em></strong></span> 
     </span>
    </p>
   </div>
   <div class='ocr_carea' id='block_1_6' title="bbox 449 467 2015 547">
    <p class='ocr_par' dir='ltr' id='par_1_6' title="bbox 449 467 2015 547">
     <span class='ocr_line' id='line_1_6' title="bbox 449 467 2015 547; baseline 0.011 -31"><span class='ocrx_word' id='word_1_28' title='bbox 449 467 937 536; x_wconf 57' lang='lat' dir='ltr'><strong>existimavitﬁsse</strong></span> <span class='ocrx_word' id='word_1_29' title='bbox 968 470 1305 529; x_wconf 69' lang='lat' dir='ltr'><strong>lirauchidaa</strong></span> <span class='ocrx_word' id='word_1_30' title='bbox 1357 476 1532 531; x_wconf 70' lang='lat' dir='ltr'><strong>Caria:</strong></span> <span class='ocrx_word' id='word_1_31' title='bbox 1605 478 1913 547; x_wconf 81' lang='lat' dir='ltr'><strong>Strabonis,</strong></span> <span class='ocrx_word' id='word_1_32' title='bbox 1962 488 2015 536; x_wconf 83' lang='lat' dir='ltr'><strong>et</strong></span> 
     </span>
    </p>
   </div>
   <div class='ocr_carea' id='block_1_7' title="bbox 447 555 2021 642">
    <p class='ocr_par' dir='ltr' id='par_1_7' title="bbox 447 555 2021 642">
     <span class='ocr_line' id='line_1_7' title="bbox 447 555 2021 642; baseline 0.012 -33"><span class='ocrx_word' id='word_1_33' title='bbox 447 555 667 613; x_wconf 67' lang='lat' dir='ltr'><strong>Petrum</strong></span> <span class='ocrx_word' id='word_1_34' title='bbox 696 572 868 615; x_wconf 87' lang='lat' dir='ltr'><strong>vocat.</strong></span> <span class='ocrx_word' id='word_1_35' title='bbox 910 563 1054 617; x_wconf 88' lang='lat' dir='ltr'><strong>idem</strong></span> <span class='ocrx_word' id='word_1_36' title='bbox 1098 563 1542 625; x_wconf 76' lang='lat' dir='ltr'><strong>Halicarnassum</strong></span> <span class='ocrx_word' id='word_1_37' title='bbox 1573 580 1808 626; x_wconf 82' lang='lat' dir='ltr'><strong>veterem</strong></span> <span class='ocrx_word' id='word_1_38' title='bbox 1867 582 2021 642; x_wconf 86' lang='lat' dir='ltr'><strong>putat</strong></span> 
     </span>
    </p>
   </div>
   <div class='ocr_carea' id='block_1_8' title="bbox 446 648 2020 730">
    <p class='ocr_par' dir='ltr' id='par_1_8' title="bbox 446 648 2020 730">
     <span class='ocr_line' id='line_1_8' title="bbox 446 648 2020 730; baseline 0.014 -33"><span class='ocrx_word' id='word_1_39' title='bbox 446 648 778 713; x_wconf 85' lang='lat' dir='ltr'><strong>respondere</strong></span> <span class='ocrx_word' id='word_1_40' title='bbox 808 650 1050 707; x_wconf 83' lang='lat' dir='ltr'><strong>Castello</strong></span> <span class='ocrx_word' id='word_1_41' title='bbox 1095 655 1281 711; x_wconf 89' lang='lat' dir='ltr'><strong>Sancti</strong></span> <span class='ocrx_word' id='word_1_42' title='bbox 1306 658 1614 730; x_wconf 84' lang='lat' dir='ltr'><strong>Petri,.qno</strong></span> <span class='ocrx_word' id='word_1_43' title='bbox 1638 662 1707 717; x_wconf 90' lang='lat' dir='ltr'><strong>de</strong></span> <span class='ocrx_word' id='word_1_44' title='bbox 1744 678 1891 718; x_wconf 83' lang='lat' dir='ltr'><strong>nunc</strong></span> <span class='ocrx_word' id='word_1_45' title='bbox 1920 680 2020 719; x_wconf 89' lang='lat' dir='ltr'><strong>an-</strong></span> 
     </span>
    </p>
   </div>
   <div class='ocr_carea' id='block_1_9' title="bbox 444 738 2022 819">
    <p class='ocr_par' dir='ltr' id='par_1_9' title="bbox 444 738 2022 819">
     <span class='ocr_line' id='line_1_9' title="bbox 444 738 2022 819; baseline 0.015 -32"><span class='ocrx_word' id='word_1_46' title='bbox 444 743 595 792; x_wconf 81' lang='lat' dir='ltr'><strong>nales</strong></span> <span class='ocrx_word' id='word_1_47' title='bbox 631 738 687 792; x_wconf 85' lang='lat' dir='ltr'><strong>hi</strong></span> <span class='ocrx_word' id='word_1_48' title='bbox 718 738 1042 811; x_wconf 81' lang='lat' dir='ltr'><strong>loquuntur.</strong></span> <span class='ocrx_word' id='word_1_49' title='bbox 1072 745 1247 802; x_wconf 83' lang='lat' dir='ltr'><strong>Notus</strong></span> <span class='ocrx_word' id='word_1_50' title='bbox 1273 749 1496 819; x_wconf 81' lang='lat' dir='ltr'><strong>quidem</strong></span> <span class='ocrx_word' id='word_1_51' title='bbox 1519 761 1605 807; x_wconf 84' lang='lat' dir='ltr'><strong>est</strong></span> <span class='ocrx_word' id='word_1_52' title='bbox 1636 754 1795 809; x_wconf 90' lang='lat' dir='ltr'><strong>sinus</strong></span> <span class='ocrx_word' id='word_1_53' title='bbox 1826 754 2022 811; x_wconf 69' lang='lat' dir='ltr'><strong>Saocti</strong></span> 
     </span>
    </p>
   </div>
   <div class='ocr_carea' id='block_1_10' title="bbox 442 827 2018 902">
    <p class='ocr_par' dir='ltr' id='par_1_10' title="bbox 442 827 2018 902">
     <span class='ocr_line' id='line_1_10' title="bbox 442 827 2018 902; baseline 0.014 -22"><span class='ocrx_word' id='word_1_54' title='bbox 442 827 610 893; x_wconf 81' lang='lat' dir='ltr'><strong>Petri,</strong></span> <span class='ocrx_word' id='word_1_55' title='bbox 639 830 767 884; x_wconf 83' lang='lat' dir='ltr'><strong>sica</strong></span> <span class='ocrx_word' id='word_1_56' title='bbox 793 832 1033 891; x_wconf 76' lang='lat' dir='ltr'><strong>Castalio</strong></span> <span class='ocrx_word' id='word_1_57' title='bbox 1048 836 1237 893; x_wconf 86' lang='lat' dir='ltr'><strong>Sancti</strong></span> <span class='ocrx_word' id='word_1_58' title='bbox 1263 840 1409 896; x_wconf 84' lang='lat' dir='ltr'><strong>Petri</strong></span> <span class='ocrx_word' id='word_1_59' title='bbox 1439 842 1619 899; x_wconf 88' lang='lat' dir='ltr'><strong>dictus</strong></span> <span class='ocrx_word' id='word_1_60' title='bbox 1653 860 1667 899; x_wconf 73' lang='grc' dir='ltr'><em>ε</em></span> <span class='ocrx_word' id='word_1_61' title='bbox 1693 846 1787 900; x_wconf 86' lang='lat' dir='ltr'><strong>sed</strong></span> <span class='ocrx_word' id='word_1_62' title='bbox 1838 858 2018 902; x_wconf 88' lang='lat' dir='ltr'><strong>utrum</strong></span> 
     </span>
    </p>
   </div>
   <div class='ocr_carea' id='block_1_11' title="bbox 442 920 2022 1002">
    <p class='ocr_par' dir='ltr' id='par_1_11' title="bbox 442 920 2022 1002">
     <span class='ocr_line' id='line_1_11' title="bbox 442 920 2022 1002; baseline 0.013 -29"><span class='ocrx_word' id='word_1_63' title='bbox 442 920 762 978; x_wconf 78' lang='lat' dir='ltr'><strong>referendus</strong></span> <span class='ocrx_word' id='word_1_64' title='bbox 793 925 869 983; x_wconf 76' lang='lat' dir='ltr'><strong>ait</strong></span> <span class='ocrx_word' id='word_1_65' title='bbox 897 928 965 983; x_wconf 86' lang='lat' dir='ltr'><strong>ad</strong></span> <span class='ocrx_word' id='word_1_66' title='bbox 1005 929 1475 1002; x_wconf 72' lang='lat' dir='ltr'><strong>Halicarnassum,</strong></span> <span class='ocrx_word' id='word_1_67' title='bbox 1509 950 1577 990; x_wconf 89' lang='lat' dir='ltr'><strong>an</strong></span> <span class='ocrx_word' id='word_1_68' title='bbox 1610 936 1677 990; x_wconf 85' lang='lat' dir='ltr'><strong>ad</strong></span> <span class='ocrx_word' id='word_1_69' title='bbox 1711 935 1895 993; x_wconf 86' lang='lat' dir='ltr'><strong>Jasum</strong></span> <span class='ocrx_word' id='word_1_70' title='bbox 1921 940 2022 995; x_wconf 76' lang='lat' dir='ltr'><strong>Ca-</strong></span> 
     </span>
    </p>
   </div>
   <div class='ocr_carea' id='block_1_12' title="bbox 441 1011 2021 1098">
    <p class='ocr_par' dir='ltr' id='par_1_12' title="bbox 441 1011 2021 1098">
     <span class='ocr_line' id='line_1_12' title="bbox 441 1011 2021 1098; baseline 0.017 -38"><span class='ocrx_word' id='word_1_71' title='bbox 441 1011 556 1069; x_wconf 74' lang='lat' dir='ltr'><strong>riae.</strong></span> <span class='ocrx_word' id='word_1_72' title='bbox 590 1013 752 1070; x_wconf 84' lang='lat' dir='ltr'><strong>sinus</strong></span> <span class='ocrx_word' id='word_1_73' title='bbox 776 1027 836 1070; x_wconf 91' lang='lat' dir='ltr'><strong>ut</strong></span> <span class='ocrx_word' id='word_1_74' title='bbox 855 1016 1040 1076; x_wconf 86' lang='lat' dir='ltr'><strong>Jasius</strong></span> <span class='ocrx_word' id='word_1_75' title='bbox 1061 1021 1151 1077; x_wconf 89' lang='lat' dir='ltr'><strong>ille</strong></span> <span class='ocrx_word' id='word_1_76' title='bbox 1179 1024 1470 1081; x_wconf 88' lang='lat' dir='ltr'><strong>Plinianus</strong></span> <span class='ocrx_word' id='word_1_77' title='bbox 1493 1029 1591 1091; x_wconf 90' lang='lat' dir='ltr'><strong>sit,</strong></span> <span class='ocrx_word' id='word_1_78' title='bbox 1615 1030 1870 1098; x_wconf 86' lang='lat' dir='ltr'><strong>equidem</strong></span> <span class='ocrx_word' id='word_1_79' title='bbox 1899 1031 2021 1087; x_wconf 89' lang='lat' dir='ltr'><strong>aliis</strong></span> 
     </span>
    </p>
   </div>
   <div class='ocr_carea' id='block_1_13' title="bbox 438 1101 1141 1183">
    <p class='ocr_par' dir='ltr' id='par_1_13' title="bbox 438 1101 1141 1183">
     <span class='ocr_line' id='line_1_13' title="bbox 438 1101 1141 1183; baseline 0.021 -30"><span class='ocrx_word' id='word_1_80' title='bbox 438 1101 813 1161; x_wconf 74' lang='lat' dir='ltr'><strong>definiendum</strong></span> <span class='ocrx_word' id='word_1_81' title='bbox 868 1110 1141 1183; x_wconf 90' lang='lat' dir='ltr'><strong>relinquo.</strong></span> 
     </span>
    </p>
   </div>
   <div class='ocr_carea' id='block_1_14' title="bbox 440 1214 2022 1304">
    <p class='ocr_par' dir='ltr' id='par_1_14' title="bbox 440 1214 2022 1304">
     <span class='ocr_line' id='line_1_14' title="bbox 440 1214 2022 1304; baseline 0.014 -38"><span class='ocrx_word' id='word_1_82' title='bbox 440 1214 566 1271; x_wconf 85' lang='grc'>219.</span> <span class='ocrx_word' id='word_1_83' title='bbox 627 1217 779 1274; x_wconf 74' lang='lat' dir='ltr'><strong>Finis</strong></span> <span class='ocrx_word' id='word_1_84' title='bbox 828 1221 1063 1304; x_wconf 59' lang='lat' dir='ltr'><strong>ducayrs</strong></span> <span class='ocrx_word' id='word_1_85' title='bbox 1103 1226 1553 1304; x_wconf 65' lang='lat' dir='ltr'><strong>_Duig_ndirensis,</strong></span> <span class='ocrx_word' id='word_1_86' title='bbox 1590 1234 1745 1289; x_wconf 70' lang='lat' dir='ltr'><strong>acac/2</strong></span> <span class='ocrx_word' id='word_1_87' title='bbox 1796 1235 2022 1304; x_wconf 85' lang='lat' dir='ltr'><strong>Suwar,</strong></span> 
     </span>
    </p>
   </div>
   <div class='ocr_carea' id='block_1_15' title="bbox 959 1295 1500 1371">
    <p class='ocr_par' dir='ltr' id='par_1_15' title="bbox 959 1295 1500 1371">
     <span class='ocr_line' id='line_1_15' title="bbox 959 1295 1500 1371; baseline 0.02 -24"><span class='ocrx_word' id='word_1_88' title='bbox 959 1295 1004 1348; x_wconf 92' lang='grc' dir='ltr'><strong><em>Ζ</em></strong></span> <span class='ocrx_word' id='word_1_89' title='bbox 1009 1298 1110 1371; x_wconf 85' lang='lat' dir='ltr'><strong>uiri</strong></span> <span class='ocrx_word' id='word_1_90' title='bbox 1118 1315 1169 1363; x_wconf 73' lang='grc' dir='ltr'><strong>η,</strong></span> <span class='ocrx_word' id='word_1_91' title='bbox 1222 1295 1500 1358; x_wconf 70' lang='lat' dir='ltr'><strong>Tzauisac.</strong></span> 
     </span>
    </p>
   </div>
   <div class='ocr_carea' id='block_1_16' title="bbox 515 1378 2024 1464">
    <p class='ocr_par' dir='ltr' id='par_1_16' title="bbox 515 1378 2024 1464">
     <span class='ocr_line' id='line_1_16' title="bbox 515 1378 2024 1464; baseline 0.017 -34"><span class='ocrx_word' id='word_1_92' title='bbox 515 1378 988 1443; x_wconf 81' lang='lat' dir='ltr'><strong>Quemadmodum</strong></span> <span class='ocrx_word' id='word_1_93' title='bbox 1014 1396 1195 1455; x_wconf 84' lang='lat' dir='ltr'><strong>antea,</strong></span> <span class='ocrx_word' id='word_1_94' title='bbox 1213 1393 1394 1461; x_wconf 78' lang='lat' dir='ltr'><strong>capite</strong></span> <span class='ocrx_word' id='word_1_95' title='bbox 1415 1394 1538 1460; x_wconf 80' lang='grc'><strong>157,</strong></span> <span class='ocrx_word' id='word_1_96' title='bbox 1560 1397 1821 1464; x_wconf 78' lang='lat' dir='ltr'><strong>quosdam</strong></span> <span class='ocrx_word' id='word_1_97' title='bbox 1839 1409 2024 1454; x_wconf 79' lang='lat' dir='ltr'><strong>osten-</strong></span> 
     </span>
    </p>
   </div>
   <div class='ocr_carea' id='block_1_17' title="bbox 443 1470 2021 1557">
    <p class='ocr_par' dir='ltr' id='par_1_17' title="bbox 443 1470 2021 1557">
     <span class='ocr_line' id='line_1_17' title="bbox 443 1470 2021 1557; baseline 0.015 -35"><span class='ocrx_word' id='word_1_98' title='bbox 443 1470 627 1527; x_wconf 86' lang='lat' dir='ltr'><strong>dimus</strong></span> <span class='ocrx_word' id='word_1_99' title='bbox 657 1475 987 1546; x_wconf 73' lang='lat' dir='ltr'><strong>anticipasse</strong></span> <span class='ocrx_word' id='word_1_100' title='bbox 1015 1479 1173 1534; x_wconf 87' lang='lat' dir='ltr'><strong>linem</strong></span> <span class='ocrx_word' id='word_1_101' title='bbox 1210 1485 1364 1554; x_wconf 75' lang='lat' dir='ltr'><strong>regni</strong></span> <span class='ocrx_word' id='word_1_102' title='bbox 1406 1486 1734 1557; x_wconf 73' lang='lat' dir='ltr'><strong>familizvquc</strong></span> <span class='ocrx_word' id='word_1_103' title='bbox 1756 1489 2021 1544; x_wconf 87' lang='lat' dir='ltr'><strong>Carama-</strong></span> 
     </span>
    </p>
   </div>
   <div class='ocr_carea' id='block_1_18' title="bbox 443 1562 2023 1637">
    <p class='ocr_par' dir='ltr' id='par_1_18' title="bbox 443 1562 2023 1637">
     <span class='ocr_line' id='line_1_18' title="bbox 443 1562 2023 1637; baseline 0.015 -24"><span class='ocrx_word' id='word_1_104' title='bbox 443 1562 624 1618; x_wconf 74' lang='lat' dir='ltr'><strong>nicae:</strong></span> <span class='ocrx_word' id='word_1_105' title='bbox 657 1565 738 1620; x_wconf 86' lang='lat' dir='ltr'><strong>sic</strong></span> <span class='ocrx_word' id='word_1_106' title='bbox 774 1567 937 1623; x_wconf 85' lang='lat' dir='ltr'><strong>etiam</strong></span> <span class='ocrx_word' id='word_1_107' title='bbox 1002 1571 1203 1627; x_wconf 87' lang='lat' dir='ltr'><strong>factum</strong></span> <span class='ocrx_word' id='word_1_108' title='bbox 1256 1575 1307 1628; x_wconf 89' lang='lat' dir='ltr'><strong>in</strong></span> <span class='ocrx_word' id='word_1_109' title='bbox 1362 1575 1770 1633; x_wconf 79' lang='lat' dir='ltr'><strong>Aladeuliorum</strong></span> <span class='ocrx_word' id='word_1_110' title='bbox 1822 1580 2023 1637; x_wconf 75' lang='lat' dir='ltr'><strong>familia</strong></span> 
     </span>
    </p>
   </div>
   <div class='ocr_carea' id='block_1_19' title="bbox 442 1652 2021 1741">
    <p class='ocr_par' dir='ltr' id='par_1_19' title="bbox 442 1652 2021 1741">
     <span class='ocr_line' id='line_1_19' title="bbox 442 1652 2021 1741; baseline 0.013 -36"><span class='ocrx_word' id='word_1_111' title='bbox 442 1652 658 1724; x_wconf 84' lang='lat' dir='ltr'><strong>fineque</strong></span> <span class='ocrx_word' id='word_1_112' title='bbox 688 1659 1030 1730; x_wconf 80' lang='lat' dir='ltr'><strong>principatus</strong></span> <span class='ocrx_word' id='word_1_113' title='bbox 1053 1663 1464 1734; x_wconf 83' lang='lat' dir='ltr'><strong>Dulgadirensis</strong></span> <span class='ocrx_word' id='word_1_114' title='bbox 1510 1669 1784 1723; x_wconf 81' lang='lat' dir='ltr'><strong>videnuts.</strong></span> <span class='ocrx_word' id='word_1_115' title='bbox 1814 1670 2021 1741; x_wconf 87' lang='lat' dir='ltr'><strong>Quippe</strong></span> 
     </span>
    </p>
   </div>
   <div class='ocr_carea' id='block_1_20' title="bbox 432 1840 2023 1922">
    <p class='ocr_par' dir='ltr' id='par_1_20' title="bbox 432 1840 2023 1922">
     <span class='ocr_line' id='line_1_20' title="bbox 432 1840 2023 1922; baseline 0.014 -34"><span class='ocrx_word' id='word_1_116' title='bbox 432 1853 590 1893; x_wconf 77' lang='lat' dir='ltr'><strong>anno</strong></span> <span class='ocrx_word' id='word_1_117' title='bbox 616 1840 939 1897; x_wconf 81' lang='lat' dir='ltr'><strong>Christiano</strong></span> <span class='ocrx_word' id='word_1_118' title='bbox 974 1847 1135 1911; x_wconf 77' lang='grc'><strong>1514,</strong></span> <span class='ocrx_word' id='word_1_119' title='bbox 1165 1865 1277 1918; x_wconf 86' lang='lat' dir='ltr'><strong>quo</strong></span> <span class='ocrx_word' id='word_1_120' title='bbox 1312 1858 1557 1920; x_wconf 88' lang='lat' dir='ltr'><strong>tempore</strong></span> <span class='ocrx_word' id='word_1_121' title='bbox 1613 1861 1809 1922; x_wconf 85' lang='lat' dir='ltr'><strong>captus</strong></span> <span class='ocrx_word' id='word_1_122' title='bbox 1843 1860 1897 1908; x_wconf 92' lang='lat' dir='ltr'><strong>et</strong></span> <span class='ocrx_word' id='word_1_123' title='bbox 1929 1869 2023 1909; x_wconf 89' lang='lat' dir='ltr'><strong>oc-</strong></span> 
     </span>
    </p>
   </div>
   <div class='ocr_carea' id='block_1_21' title="bbox 437 1933 2021 2011">
    <p class='ocr_par' dir='ltr' id='par_1_21' title="bbox 437 1933 2021 2011">
     <span class='ocr_line' id='line_1_21' title="bbox 437 1933 2021 2011; baseline 0.009 -27"><span class='ocrx_word' id='word_1_124' title='bbox 437 1933 586 1986; x_wconf 89' lang='lat' dir='ltr'><strong>cisus</strong></span> <span class='ocrx_word' id='word_1_125' title='bbox 619 1934 721 1988; x_wconf 91' lang='lat' dir='ltr'><strong>fuit</strong></span> <span class='ocrx_word' id='word_1_126' title='bbox 752 1934 1090 2004; x_wconf 82' lang='lat' dir='ltr'><strong>Ustazclves,</strong></span> <span class='ocrx_word' id='word_1_127' title='bbox 1126 1940 1202 1994; x_wconf 92' lang='lat' dir='ltr'><strong>uti</strong></span> <span class='ocrx_word' id='word_1_128' title='bbox 1244 1956 1412 2011; x_wconf 85' lang='lat' dir='ltr'><strong>supra</strong></span> <span class='ocrx_word' id='word_1_129' title='bbox 1466 1942 1828 1998; x_wconf 78' lang='lat' dir='ltr'><strong>declaratum.</strong></span> <span class='ocrx_word' id='word_1_130' title='bbox 1855 1944 2021 1999; x_wconf 82' lang='lat' dir='ltr'><strong>Turci</strong></span> 
     </span>
    </p>
   </div>
   <div class='ocr_carea' id='block_1_22' title="bbox 436 2027 2023 2095">
    <p class='ocr_par' dir='ltr' id='par_1_22' title="bbox 436 2027 2023 2095">
     <span class='ocr_line' id='line_1_22' title="bbox 436 2027 2023 2095; baseline 0.011 -17"><span class='ocrx_word' id='word_1_131' title='bbox 436 2039 566 2079; x_wconf 72' lang='lat' dir='ltr'><strong>vero</strong></span> <span class='ocrx_word' id='word_1_132' title='bbox 597 2027 818 2081; x_wconf 82' lang='lat' dir='ltr'><strong>tradunt</strong></span> <span class='ocrx_word' id='word_1_133' title='bbox 846 2030 920 2083; x_wconf 89' lang='lat' dir='ltr'><strong>illi</strong></span> <span class='ocrx_word' id='word_1_134' title='bbox 957 2030 1128 2086; x_wconf 85' lang='lat' dir='ltr'><strong>fuisse</strong></span> <span class='ocrx_word' id='word_1_135' title='bbox 1152 2033 1508 2088; x_wconf 80' lang='lat' dir='ltr'><strong>substitutum</strong></span> <span class='ocrx_word' id='word_1_136' title='bbox 1542 2050 1571 2089; x_wconf 89' lang='lat' dir='ltr'><strong>a</strong></span> <span class='ocrx_word' id='word_1_137' title='bbox 1597 2035 1797 2091; x_wconf 78' lang='lat' dir='ltr'><strong>Seliine</strong></span> <span class='ocrx_word' id='word_1_138' title='bbox 1837 2036 2023 2095; x_wconf 81' lang='lat' dir='ltr'><strong>fratris</strong></span> 
     </span>
    </p>
   </div>
   <div class='ocr_carea' id='block_1_23' title="bbox 437 2118 2024 2193">
    <p class='ocr_par' dir='ltr' id='par_1_23' title="bbox 437 2118 2024 2193">
     <span class='ocr_line' id='line_1_23' title="bbox 437 2118 2024 2193; baseline 0.011 -25"><span class='ocrx_word' id='word_1_139' title='bbox 437 2118 630 2184; x_wconf 82' lang='lat' dir='ltr'><strong>tilium,</strong></span> <span class='ocrx_word' id='word_1_140' title='bbox 666 2120 807 2173; x_wconf 82' lang='lat' dir='ltr'><strong>Alim</strong></span> <span class='ocrx_word' id='word_1_141' title='bbox 844 2122 1063 2191; x_wconf 75' lang='lat' dir='ltr'><strong>begmn,</strong></span> <span class='ocrx_word' id='word_1_142' title='bbox 1092 2127 1184 2193; x_wconf 88' lang='lat' dir='ltr'><strong>qui</strong></span> <span class='ocrx_word' id='word_1_143' title='bbox 1219 2126 1403 2181; x_wconf 81' lang='lat' dir='ltr'><strong>scaclii</strong></span> <span class='ocrx_word' id='word_1_144' title='bbox 1436 2127 1728 2183; x_wconf 87' lang='lat' dir='ltr'><strong>Suarcnsis</strong></span> <span class='ocrx_word' id='word_1_145' title='bbox 1758 2129 1901 2185; x_wconf 86' lang='lat' dir='ltr'><strong>illius</strong></span> <span class='ocrx_word' id='word_1_146' title='bbox 1936 2131 2024 2186; x_wconf 88' lang='lat' dir='ltr'><strong>hic</strong></span> 
     </span>
    </p>
   </div>
   <div class='ocr_carea' id='block_1_24' title="bbox 430 2209 2023 2291">
    <p class='ocr_par' dir='ltr' id='par_1_24' title="bbox 430 2209 2023 2291">
     <span class='ocr_line' id='line_1_24' title="bbox 430 2209 2023 2291; baseline 0.011 -32"><span class='ocrx_word' id='word_1_147' title='bbox 430 2209 762 2275; x_wconf 76' lang='lat' dir='ltr'><strong>appellatur.</strong></span> <span class='ocrx_word' id='word_1_148' title='bbox 803 2210 852 2265; x_wconf 88' lang='lat' dir='ltr'><strong>ls</strong></span> <span class='ocrx_word' id='word_1_149' title='bbox 883 2224 1091 2281; x_wconf 89' lang='lat' dir='ltr'><strong>septem</strong></span> <span class='ocrx_word' id='word_1_150' title='bbox 1124 2216 1284 2271; x_wconf 89' lang='lat' dir='ltr'><strong>annis</strong></span> <span class='ocrx_word' id='word_1_151' title='bbox 1321 2230 1350 2270; x_wconf 89' lang='lat' dir='ltr'><strong>a</strong></span> <span class='ocrx_word' id='word_1_152' title='bbox 1385 2225 1560 2272; x_wconf 86' lang='lat' dir='ltr'><strong>morte</strong></span> <span class='ocrx_word' id='word_1_153' title='bbox 1594 2220 1771 2287; x_wconf 81' lang='lat' dir='ltr'><strong>patrui</strong></span> <span class='ocrx_word' id='word_1_154' title='bbox 1816 2220 2023 2291; x_wconf 80' lang='lat' dir='ltr'><strong>potitus</strong></span> 
     </span>
    </p>
   </div>
   <div class='ocr_carea' id='block_1_25' title="bbox 437 2300 2024 2372">
    <p class='ocr_par' dir='ltr' id='par_1_25' title="bbox 437 2300 2024 2372">
     <span class='ocr_line' id='line_1_25' title="bbox 437 2300 2024 2372; baseline 0.011 -21"><span class='ocrx_word' id='word_1_155' title='bbox 437 2300 687 2372; x_wconf 68' lang='lat' dir='ltr'><strong>imputjo,</strong></span> <span class='ocrx_word' id='word_1_156' title='bbox 732 2317 878 2357; x_wconf 89' lang='lat' dir='ltr'><strong>nunc</strong></span> <span class='ocrx_word' id='word_1_157' title='bbox 923 2305 1141 2359; x_wconf 77' lang='lat' dir='ltr'><strong>tandem</strong></span> <span class='ocrx_word' id='word_1_158' title='bbox 1203 2309 1307 2363; x_wconf 86' lang='lat' dir='ltr'><strong>sub</strong></span> <span class='ocrx_word' id='word_1_159' title='bbox 1370 2308 1685 2367; x_wconf 79' lang='lat' dir='ltr'><strong>Soleimane</strong></span> <span class='ocrx_word' id='word_1_160' title='bbox 1736 2312 2024 2369; x_wconf 84' lang='lat' dir='ltr'><strong>sceleratis</strong></span> 
     </span>
    </p>
   </div>
   <div class='ocr_carea' id='block_1_26' title="bbox 437 2391 2023 2473">
    <p class='ocr_par' dir='ltr' id='par_1_26' title="bbox 437 2391 2023 2473">
     <span class='ocr_line' id='line_1_26' title="bbox 437 2391 2023 2473; baseline 0.011 -30"><span class='ocrx_word' id='word_1_161' title='bbox 437 2391 652 2448; x_wconf 82' lang='lat' dir='ltr'><strong>insidiis</strong></span> <span class='ocrx_word' id='word_1_162' title='bbox 689 2410 719 2448; x_wconf 89' lang='lat' dir='ltr'><strong>e</strong></span> <span class='ocrx_word' id='word_1_163' title='bbox 750 2396 932 2451; x_wconf 90' lang='lat' dir='ltr'><strong>medio</strong></span> <span class='ocrx_word' id='word_1_164' title='bbox 965 2398 1198 2454; x_wconf 85' lang='lat' dir='ltr'><strong>tollitur.</strong></span> <span class='ocrx_word' id='word_1_165' title='bbox 1250 2399 1446 2457; x_wconf 84' lang='lat' dir='ltr'><strong>Scachi</strong></span> <span class='ocrx_word' id='word_1_166' title='bbox 1503 2417 1715 2458; x_wconf 74' lang='lat' dir='ltr'><strong>nomen</strong></span> <span class='ocrx_word' id='word_1_167' title='bbox 1739 2404 1808 2459; x_wconf 91' lang='lat' dir='ltr'><strong>iis</strong></span> <span class='ocrx_word' id='word_1_168' title='bbox 1843 2406 2023 2473; x_wconf 39' lang='lat' dir='ltr'><strong>gentis</strong></span> 
     </span>
    </p>
   </div>
   <div class='ocr_carea' id='block_1_27' title="bbox 438 2482 2022 2566">
    <p class='ocr_par' dir='ltr' id='par_1_27' title="bbox 438 2482 2022 2566">
     <span class='ocr_line' id='line_1_27' title="bbox 438 2482 2022 2566; baseline 0.012 -30"><span class='ocrx_word' id='word_1_169' title='bbox 438 2482 542 2538; x_wconf 84' lang='lat' dir='ltr'><strong>hns</strong></span> <span class='ocrx_word' id='word_1_170' title='bbox 575 2485 967 2553; x_wconf 76' lang='lat' dir='ltr'><strong>estfainiliare,</strong></span> <span class='ocrx_word' id='word_1_171' title='bbox 1028 2489 1096 2545; x_wconf 92' lang='lat' dir='ltr'><strong>de</strong></span> <span class='ocrx_word' id='word_1_172' title='bbox 1144 2508 1254 2560; x_wconf 91' lang='lat' dir='ltr'><strong>quo</strong></span> <span class='ocrx_word' id='word_1_173' title='bbox 1307 2496 1793 2553; x_wconf 84' lang='lat' dir='ltr'><strong>connuentationis</strong></span> <span class='ocrx_word' id='word_1_174' title='bbox 1860 2496 2022 2566; x_wconf 88' lang='lat' dir='ltr'><strong>hujus</strong></span> 
     </span>
    </p>
   </div>
   <div class='ocr_carea' id='block_1_28' title="bbox 435 2577 2023 2661">
    <p class='ocr_par' dir='ltr' id='par_1_28' title="bbox 435 2577 2023 2661">
     <span class='ocr_line' id='line_1_28' title="bbox 435 2577 2023 2661; baseline 0.011 -32"><span class='ocrx_word' id='word_1_175' title='bbox 435 2577 597 2632; x_wconf 84' lang='lat' dir='ltr'><strong>initio</strong></span> <span class='ocrx_word' id='word_1_176' title='bbox 627 2578 887 2636; x_wconf 80' lang='lat' dir='ltr'><strong>diximus.</strong></span> <span class='ocrx_word' id='word_1_177' title='bbox 927 2582 1020 2639; x_wconf 90' lang='lat' dir='ltr'><strong>Sic</strong></span> <span class='ocrx_word' id='word_1_178' title='bbox 1046 2584 1101 2637; x_wconf 93' lang='lat' dir='ltr'><strong>in</strong></span> <span class='ocrx_word' id='word_1_179' title='bbox 1132 2586 1437 2655; x_wconf 86' lang='lat' dir='ltr'><strong>appendiee</strong></span> <span class='ocrx_word' id='word_1_180' title='bbox 1463 2588 1744 2644; x_wconf 79' lang='lat' dir='ltr'><strong>Reineccii</strong></span> <span class='ocrx_word' id='word_1_181' title='bbox 1767 2591 1832 2645; x_wconf 88' lang='lat' dir='ltr'><strong>ad</strong></span> <span class='ocrx_word' id='word_1_182' title='bbox 1856 2599 2023 2661; x_wconf 85' lang='lat' dir='ltr'><strong>caput</strong></span> 
     </span>
    </p>
   </div>
   <div class='ocr_carea' id='block_1_29' title="bbox 434 2674 2024 2751">
    <p class='ocr_par' dir='ltr' id='par_1_29' title="bbox 434 2674 2024 2751">
     <span class='ocr_line' id='line_1_29' title="bbox 434 2674 2024 2751; baseline 0.01 -29"><span class='ocrx_word' id='word_1_183' title='bbox 434 2680 687 2725; x_wconf 86' lang='lat' dir='ltr'><strong>octavum</strong></span> <span class='ocrx_word' id='word_1_184' title='bbox 723 2674 980 2744; x_wconf 76' lang='lat' dir='ltr'><strong>Aythoni,</strong></span> <span class='ocrx_word' id='word_1_185' title='bbox 1016 2676 1278 2733; x_wconf 84' lang='lat' dir='ltr'><strong>Sirvansa</strong></span> <span class='ocrx_word' id='word_1_186' title='bbox 1314 2694 1419 2734; x_wconf 91' lang='lat' dir='ltr'><strong>non</strong></span> <span class='ocrx_word' id='word_1_187' title='bbox 1450 2696 1546 2751; x_wconf 87' lang='lat' dir='ltr'><strong>pro</strong></span> <span class='ocrx_word' id='word_1_188' title='bbox 1576 2682 1683 2736; x_wconf 90' lang='lat' dir='ltr'><strong>alio</strong></span> <span class='ocrx_word' id='word_1_189' title='bbox 1739 2682 1902 2738; x_wconf 83' lang='lat' dir='ltr'><strong>debet</strong></span> <span class='ocrx_word' id='word_1_190' title='bbox 1933 2697 2024 2738; x_wconf 87' lang='lat' dir='ltr'><strong>ac-</strong></span> 
     </span>
    </p>
   </div>
   <div class='ocr_carea' id='block_1_30' title="bbox 433 2763 2023 2842">
    <p class='ocr_par' dir='ltr' id='par_1_30' title="bbox 433 2763 2023 2842">
     <span class='ocr_line' id='line_1_30' title="bbox 433 2763 2023 2842; baseline 0.01 -26"><span class='ocrx_word' id='word_1_191' title='bbox 433 2763 564 2832; x_wconf 84' lang='lat' dir='ltr'><strong>cipi,</strong></span> <span class='ocrx_word' id='word_1_192' title='bbox 608 2780 770 2834; x_wconf 84' lang='lat' dir='ltr'><strong>quam</strong></span> <span class='ocrx_word' id='word_1_193' title='bbox 805 2782 902 2836; x_wconf 91' lang='lat' dir='ltr'><strong>pro</strong></span> <span class='ocrx_word' id='word_1_194' title='bbox 931 2772 1133 2824; x_wconf 82' lang='lat' dir='ltr'><strong>scacho</strong></span> <span class='ocrx_word' id='word_1_195' title='bbox 1187 2772 1426 2839; x_wconf 78' lang='lat' dir='ltr'><strong>Sirvani,</strong></span> <span class='ocrx_word' id='word_1_196' title='bbox 1484 2774 1575 2842; x_wconf 92' lang='lat' dir='ltr'><strong>qui</strong></span> <span class='ocrx_word' id='word_1_197' title='bbox 1632 2773 1823 2830; x_wconf 67' lang='lat' dir='ltr'><strong>Media:</strong></span> <span class='ocrx_word' id='word_1_198' title='bbox 1892 2791 2023 2831; x_wconf 89' lang='lat' dir='ltr'><strong>sca-</strong></span> 
     </span>
    </p>
   </div>
   <div class='ocr_carea' id='block_1_31' title="bbox 436 2854 2025 2937">
    <p class='ocr_par' dir='ltr' id='par_1_31' title="bbox 436 2854 2025 2937">
     <span class='ocr_line' id='line_1_31' title="bbox 436 2854 2025 2937; baseline 0.01 -30"><span class='ocrx_word' id='word_1_199' title='bbox 436 2854 574 2910; x_wconf 81' lang='lat' dir='ltr'><strong>clius</strong></span> <span class='ocrx_word' id='word_1_200' title='bbox 603 2857 721 2912; x_wconf 85' lang='lat' dir='ltr'><strong>sive</strong></span> <span class='ocrx_word' id='word_1_201' title='bbox 755 2872 849 2913; x_wconf 80' lang='lat' dir='ltr'><strong>rex</strong></span> <span class='ocrx_word' id='word_1_202' title='bbox 882 2868 966 2914; x_wconf 91' lang='lat' dir='ltr'><strong>cst</strong></span> <span class='ocrx_word' id='word_1_203' title='bbox 997 2879 1012 2915; x_wconf 91' lang='lat'><strong>:</strong></span> <span class='ocrx_word' id='word_1_204' title='bbox 1045 2863 1126 2917; x_wconf 88' lang='lat' dir='ltr'><strong>sic</strong></span> <span class='ocrx_word' id='word_1_205' title='bbox 1148 2872 1203 2918; x_wconf 89' lang='lat' dir='ltr'><strong>et</strong></span> <span class='ocrx_word' id='word_1_206' title='bbox 1229 2854 1483 2934; x_wconf 76' lang='lat' dir='ltr'><strong>Philippo</strong></span> <span class='ocrx_word' id='word_1_207' title='bbox 1538 2865 1848 2936; x_wconf 79' lang='lat' dir='ltr'><strong>Bcrgomati</strong></span> <span class='ocrx_word' id='word_1_208' title='bbox 1899 2868 2025 2937; x_wconf 89' lang='lat' dir='ltr'><strong>qui-</strong></span> 
     </span>
    </p>
   </div>
   <div class='ocr_carea' id='block_1_32' title="bbox 435 2949 2021 3031">
    <p class='ocr_par' dir='ltr' id='par_1_32' title="bbox 435 2949 2021 3031">
     <span class='ocr_line' id='line_1_32' title="bbox 435 2949 2021 3031; baseline 0.011 -31"><span class='ocrx_word' id='word_1_209' title='bbox 435 2949 563 3002; x_wconf 87' lang='lat' dir='ltr'><strong>dam</strong></span> <span class='ocrx_word' id='word_1_210' title='bbox 608 2953 923 3007; x_wconf 87' lang='lat' dir='ltr'><strong>nominatur</strong></span> <span class='ocrx_word' id='word_1_211' title='bbox 973 2952 1264 3019; x_wconf 84' lang='lat' dir='ltr'><strong>Tzanisas,</strong></span> <span class='ocrx_word' id='word_1_212' title='bbox 1318 2957 1590 3011; x_wconf 68' lang='lat' dir='ltr'><strong>vocabulo</strong></span> <span class='ocrx_word' id='word_1_213' title='bbox 1635 2968 1899 3031; x_wconf 86' lang='lat' dir='ltr'><strong>corrupto</strong></span> <span class='ocrx_word' id='word_1_214' title='bbox 1954 2977 2021 3017; x_wconf 79' lang='lat' dir='ltr'><strong>ex</strong></span> 
     </span>
    </p>
   </div>
   <div class='ocr_carea' id='block_1_33' title="bbox 436 3042 2022 3126">
    <p class='ocr_par' dir='ltr' id='par_1_33' title="bbox 436 3042 2022 3126">
     <span class='ocr_line' id='line_1_33' title="bbox 436 3042 2022 3126; baseline 0.011 -32"><span class='ocrx_word' id='word_1_215' title='bbox 436 3042 604 3096; x_wconf 79' lang='lat' dir='ltr'><strong>&#39;i‘zani</strong></span> <span class='ocrx_word' id='word_1_216' title='bbox 640 3047 826 3109; x_wconf 88' lang='lat' dir='ltr'><strong>scach,</strong></span> <span class='ocrx_word' id='word_1_217' title='bbox 882 3047 975 3117; x_wconf 91' lang='lat' dir='ltr'><strong>qui</strong></span> <span class='ocrx_word' id='word_1_218' title='bbox 1031 3044 1340 3103; x_wconf 81' lang='lat' dir='ltr'><strong>Tzanorum</strong></span> <span class='ocrx_word' id='word_1_219' title='bbox 1390 3049 1625 3107; x_wconf 88' lang='lat' dir='ltr'><strong>scachus</strong></span> <span class='ocrx_word' id='word_1_220' title='bbox 1680 3061 1786 3121; x_wconf 87' lang='lat' dir='ltr'><strong>est,</strong></span> <span class='ocrx_word' id='word_1_221' title='bbox 1848 3056 2022 3126; x_wconf 78' lang='lat' dir='ltr'><strong>gentis</strong></span> 
     </span>
    </p>
   </div>
   <div class='ocr_carea' id='block_1_34' title="bbox 439 3136 2024 3207">
    <p class='ocr_par' dir='ltr' id='par_1_34' title="bbox 439 3136 2024 3207">
     <span class='ocr_line' id='line_1_34' title="bbox 439 3136 2024 3207; baseline 0.009 -18"><span class='ocrx_word' id='word_1_222' title='bbox 439 3136 630 3192; x_wconf 85' lang='lat' dir='ltr'><strong>itidem</strong></span> <span class='ocrx_word' id='word_1_223' title='bbox 660 3138 923 3207; x_wconf 72' lang='lat' dir='ltr'><strong>l‘onticre,</strong></span> <span class='ocrx_word' id='word_1_224' title='bbox 952 3138 1095 3197; x_wconf 84' lang='lat' dir='ltr'><strong>sicut</strong></span> <span class='ocrx_word' id='word_1_225' title='bbox 1129 3152 1183 3197; x_wconf 89' lang='lat' dir='ltr'><strong>ct</strong></span> <span class='ocrx_word' id='word_1_226' title='bbox 1223 3142 1526 3200; x_wconf 82' lang='lat' dir='ltr'><strong>Suarenses</strong></span> <span class='ocrx_word' id='word_1_227' title='bbox 1540 3142 1609 3199; x_wconf 90' lang='lat' dir='ltr'><strong>ad</strong></span> <span class='ocrx_word' id='word_1_228' title='bbox 1641 3143 1873 3201; x_wconf 79' lang='lat' dir='ltr'><strong>Pontum</strong></span> <span class='ocrx_word' id='word_1_229' title='bbox 1901 3147 2024 3204; x_wconf 86' lang='lat' dir='ltr'><strong>Col-</strong></span> 
     </span>
    </p>
   </div>
   <div class='ocr_carea' id='block_1_35' title="bbox 435 3229 2025 3308">
    <p class='ocr_par' dir='ltr' id='par_1_35' title="bbox 435 3229 2025 3308">
     <span class='ocr_line' id='line_1_35' title="bbox 435 3229 2025 3308; baseline 0.009 -27"><span class='ocrx_word' id='word_1_230' title='bbox 435 3229 726 3285; x_wconf 86' lang='lat' dir='ltr'><strong>cbidemve</strong></span> <span class='ocrx_word' id='word_1_231' title='bbox 754 3232 1056 3301; x_wconf 82' lang='lat' dir='ltr'><strong>pertinent,</strong></span> <span class='ocrx_word' id='word_1_232' title='bbox 1094 3234 1176 3289; x_wconf 92' lang='lat' dir='ltr'><strong>vel</strong></span> <span class='ocrx_word' id='word_1_233' title='bbox 1205 3233 1356 3302; x_wconf 83' lang='lat' dir='ltr'><strong>Lazi,</strong></span> <span class='ocrx_word' id='word_1_234' title='bbox 1385 3235 1468 3291; x_wconf 89' lang='lat' dir='ltr'><strong>vel</strong></span> <span class='ocrx_word' id='word_1_235' title='bbox 1509 3237 1592 3292; x_wconf 87' lang='lat' dir='ltr'><strong>eis</strong></span> <span class='ocrx_word' id='word_1_236' title='bbox 1643 3238 1897 3308; x_wconf 81' lang='lat' dir='ltr'><strong>proximi.</strong></span> <span class='ocrx_word' id='word_1_237' title='bbox 1947 3238 2025 3295; x_wconf 77' lang='lat' dir='ltr'><strong>Ac</strong></span> 
     </span>
    </p>
   </div>
   <div class='ocr_carea' id='block_1_36' title="bbox 437 3322 2024 3395">
    <p class='ocr_par' dir='ltr' id='par_1_36' title="bbox 437 3322 2024 3395">
     <span class='ocr_line' id='line_1_36' title="bbox 437 3322 2024 3395; baseline 0.006 -19"><span class='ocrx_word' id='word_1_238' title='bbox 437 3330 565 3376; x_wconf 88' lang='lat' dir='ltr'><strong>sunt</strong></span> <span class='ocrx_word' id='word_1_239' title='bbox 592 3323 753 3377; x_wconf 91' lang='lat' dir='ltr'><strong>iidem</strong></span> <span class='ocrx_word' id='word_1_240' title='bbox 784 3323 839 3377; x_wconf 91' lang='lat' dir='ltr'><strong>hi</strong></span> <span class='ocrx_word' id='word_1_241' title='bbox 868 3323 1194 3391; x_wconf 90' lang='lat' dir='ltr'><strong>Suarenses,</strong></span> <span class='ocrx_word' id='word_1_242' title='bbox 1224 3341 1458 3395; x_wconf 88' lang='lat' dir='ltr'><strong>quorum</strong></span> <span class='ocrx_word' id='word_1_243' title='bbox 1481 3322 1755 3387; x_wconf 75' lang='lat' dir='ltr'><strong>rccionem</strong></span> <span class='ocrx_word' id='word_1_244' title='bbox 1782 3328 2024 3388; x_wconf 82' lang='lat' dir='ltr'><strong>Ortelius</strong></span> 
     </span>
    </p>
   </div>
   <div class='ocr_carea' id='block_1_37' title="bbox 435 3410 1745 3482">
    <p class='ocr_par' dir='ltr' id='par_1_37' title="bbox 435 3410 1745 3482">
     <span class='ocr_line' id='line_1_37' title="bbox 435 3410 1745 3482; baseline 0.006 -16"><span class='ocrx_word' id='word_1_245' title='bbox 435 3426 498 3466; x_wconf 77' lang='lat' dir='ltr'><strong>ex</strong></span> <span class='ocrx_word' id='word_1_246' title='bbox 533 3410 816 3482; x_wconf 85' lang='lat' dir='ltr'><strong>Aiphonso</strong></span> <span class='ocrx_word' id='word_1_247' title='bbox 846 3411 1120 3470; x_wconf 86' lang='lat' dir='ltr'><strong>Hadriano</strong></span> <span class='ocrx_word' id='word_1_248' title='bbox 1156 3414 1396 3472; x_wconf 84' lang='lat' dir='ltr'><strong>Zuiriam</strong></span> <span class='ocrx_word' id='word_1_249' title='bbox 1425 3418 1745 3474; x_wconf 87' lang='lat' dir='ltr'><strong>nominavit.</strong></span> 
     </span>
    </p>
   </div>
   <div class='ocr_carea' id='block_1_38' title="bbox 435 3524 2023 3605">
    <p class='ocr_par' dir='ltr' id='par_1_38' title="bbox 435 3524 2023 3605">
     <span class='ocr_line' id='line_1_38' title="bbox 435 3524 2023 3605; baseline 0.009 -26"><span class='ocrx_word' id='word_1_250' title='bbox 435 3524 563 3580; x_wconf 87' lang='grc'>220.</span> <span class='ocrx_word' id='word_1_251' title='bbox 597 3526 760 3596; x_wconf 76' lang='lat' dir='ltr'><strong>Aigas</strong></span> <span class='ocrx_word' id='word_1_252' title='bbox 796 3526 977 3605; x_wconf 55' lang='lat' dir='ltr'><strong>basia,</strong></span> <span class='ocrx_word' id='word_1_253' title='bbox 1018 3529 1353 3605; x_wconf 53' lang='lat' dir='ltr'><strong>{limandos</strong></span> <span class='ocrx_word' id='word_1_254' title='bbox 1381 3532 1546 3605; x_wconf 57' lang='lat' dir='ltr'><strong>(russi,</strong></span> <span class='ocrx_word' id='word_1_255' title='bbox 1590 3533 2023 3605; x_wconf 78' lang='lat' dir='ltr'><strong>apocltrysiarius</strong></span> 
     </span>
    </p>
   </div>
   <div class='ocr_carea' id='block_1_39' title="bbox 884 3596 1571 3673">
    <p class='ocr_par' dir='ltr' id='par_1_39' title="bbox 884 3596 1571 3673">
     <span class='ocr_line' id='line_1_39' title="bbox 884 3596 1571 3673; baseline 0.012 -22"><span class='ocrx_word' id='word_1_256' title='bbox 884 3596 1140 3667; x_wconf 76' lang='lat' dir='ltr'><strong>Bon/inii,</strong></span> <span class='ocrx_word' id='word_1_257' title='bbox 1172 3596 1571 3673; x_wconf 64' lang='lat' dir='ltr'><strong>apocrisiarius.</strong></span> 
     </span>
    </p>
   </div>
   <div class='ocr_carea' id='block_1_40' title="bbox 507 3686 2021 3770">
    <p class='ocr_par' dir='ltr' id='par_1_40' title="bbox 507 3686 2021 3770">
     <span class='ocr_line' id='line_1_40' title="bbox 507 3686 2021 3770; baseline 0.01 -30"><span class='ocrx_word' id='word_1_258' title='bbox 507 3686 683 3744; x_wconf 79' lang='lat' dir='ltr'><strong>Habet</strong></span> <span class='ocrx_word' id='word_1_259' title='bbox 707 3688 797 3747; x_wconf 88' lang='lat' dir='ltr'><strong>hic</strong></span> <span class='ocrx_word' id='word_1_260' title='bbox 833 3689 1002 3745; x_wconf 86' lang='lat' dir='ltr'><strong>lector</strong></span> <span class='ocrx_word' id='word_1_261' title='bbox 1034 3691 1184 3745; x_wconf 91' lang='lat' dir='ltr'><strong>illum</strong></span> <span class='ocrx_word' id='word_1_262' title='bbox 1248 3692 1506 3763; x_wconf 83' lang='lat' dir='ltr'><strong>Aigascm</strong></span> <span class='ocrx_word' id='word_1_263' title='bbox 1561 3696 1804 3765; x_wconf 87' lang='lat' dir='ltr'><strong>bassam,</strong></span> <span class='ocrx_word' id='word_1_264' title='bbox 1860 3712 2021 3770; x_wconf 90' lang='lat' dir='ltr'><strong>quem</strong></span> 
     </span>
    </p>
   </div>
   <div class='ocr_carea' id='block_1_41' title="bbox 436 3780 2023 3855">
    <p class='ocr_par' dir='ltr' id='par_1_41' title="bbox 436 3780 2023 3855">
     <span class='ocr_line' id='line_1_41' title="bbox 436 3780 2023 3855; baseline 0.007 -20"><span class='ocrx_word' id='word_1_265' title='bbox 436 3794 601 3851; x_wconf 84' lang='lat' dir='ltr'><strong>supra</strong></span> <span class='ocrx_word' id='word_1_266' title='bbox 643 3780 1004 3837; x_wconf 85' lang='lat' dir='ltr'><strong>indicavimus</strong></span> <span class='ocrx_word' id='word_1_267' title='bbox 1035 3797 1063 3836; x_wconf 90' lang='lat' dir='ltr'><strong>a</strong></span> <span class='ocrx_word' id='word_1_268' title='bbox 1109 3780 1266 3838; x_wconf 88' lang='lat' dir='ltr'><strong>Jovio</strong></span> <span class='ocrx_word' id='word_1_269' title='bbox 1314 3799 1447 3855; x_wconf 86' lang='lat' dir='ltr'><strong>voce</strong></span> <span class='ocrx_word' id='word_1_270' title='bbox 1507 3783 1695 3844; x_wconf 69' lang='lat' dir='ltr'><strong>Grmca</strong></span> <span class='ocrx_word' id='word_1_271' title='bbox 1746 3788 2023 3846; x_wconf 84' lang='lat' dir='ltr'><strong>neininari</strong></span> 
     </span>
    </p>
   </div>
   <div class='ocr_carea' id='block_1_42' title="bbox 436 3870 2026 3948">
    <p class='ocr_par' dir='ltr' id='par_1_42' title="bbox 436 3870 2026 3948">
     <span class='ocr_line' id='line_1_42' title="bbox 436 3870 2026 3948; baseline 0.007 -22"><span class='ocrx_word' id='word_1_272' title='bbox 436 3873 679 3940; x_wconf 78' lang='lat' dir='ltr'><strong>Ajacem.</strong></span> <span class='ocrx_word' id='word_1_273' title='bbox 698 3870 980 3929; x_wconf 79' lang='lat' dir='ltr'><strong>Oriundns</strong></span> <span class='ocrx_word' id='word_1_274' title='bbox 1009 3881 1126 3928; x_wconf 91' lang='lat' dir='ltr'><strong>erat</strong></span> <span class='ocrx_word' id='word_1_275' title='bbox 1149 3889 1179 3930; x_wconf 88' lang='lat' dir='ltr'><strong>e</strong></span> <span class='ocrx_word' id='word_1_276' title='bbox 1202 3873 1443 3941; x_wconf 88' lang='lat' dir='ltr'><strong>Cimera,</strong></span> <span class='ocrx_word' id='word_1_277' title='bbox 1474 3892 1582 3933; x_wconf 90' lang='lat' dir='ltr'><strong>non</strong></span> <span class='ocrx_word' id='word_1_278' title='bbox 1610 3882 1803 3948; x_wconf 81' lang='lat' dir='ltr'><strong>procul</strong></span> <span class='ocrx_word' id='word_1_279' title='bbox 1834 3898 1862 3935; x_wconf 90' lang='lat' dir='ltr'><strong>a</strong></span> <span class='ocrx_word' id='word_1_280' title='bbox 1892 3882 2026 3939; x_wconf 77' lang='lat' dir='ltr'><strong>Cor-</strong></span> 
     </span>
    </p>
   </div>
   <div class='ocr_carea' id='block_1_43' title="bbox 436 3962 2045 4044">
    <p class='ocr_par' dir='ltr' id='par_1_43' title="bbox 436 3962 2045 4044">
     <span class='ocr_line' id='line_1_43' title="bbox 436 3962 2045 4044; baseline 0.011 -29"><span class='ocrx_word' id='word_1_281' title='bbox 436 3979 583 4030; x_wconf 77' lang='lat' dir='ltr'><strong>ryra,</strong></span> <span class='ocrx_word' id='word_1_282' title='bbox 617 3973 771 4017; x_wconf 84' lang='lat' dir='ltr'><strong>trans</strong></span> <span class='ocrx_word' id='word_1_283' title='bbox 796 3962 978 4019; x_wconf 90' lang='lat' dir='ltr'><strong>sinum</strong></span> <span class='ocrx_word' id='word_1_284' title='bbox 1008 3964 1136 4029; x_wconf 84' lang='lat' dir='ltr'><strong>sita,</strong></span> <span class='ocrx_word' id='word_1_285' title='bbox 1165 3981 1330 4036; x_wconf 89' lang='lat' dir='ltr'><strong>quam</strong></span> <span class='ocrx_word' id='word_1_286' title='bbox 1356 3967 1464 4024; x_wconf 88' lang='lat' dir='ltr'><strong>Leo</strong></span> <span class='ocrx_word' id='word_1_287' title='bbox 1483 3969 1717 4041; x_wconf 85' lang='lat' dir='ltr'><strong>Sapiens</strong></span> <span class='ocrx_word' id='word_1_288' title='bbox 1738 3973 2045 4044; x_wconf 76' lang='lat' dir='ltr'><strong>Augustus‘</strong></span> 
     </span>
    </p>
   </div>
   <div class='ocr_carea' id='block_1_44' title="bbox 429 4055 2022 4133">
    <p class='ocr_par' dir='ltr' id='par_1_44' title="bbox 429 4055 2022 4133">
     <span class='ocr_line' id='line_1_44' title="bbox 429 4055 2022 4133; baseline 0.009 -24"><span class='ocrx_word' id='word_1_289' title='bbox 429 4055 745 4110; x_wconf 73' lang='lat' dir='ltr'><strong>Chimaram</strong></span> <span class='ocrx_word' id='word_1_290' title='bbox 792 4056 847 4111; x_wconf 91' lang='lat' dir='ltr'><strong>in</strong></span> <span class='ocrx_word' id='word_1_291' title='bbox 878 4055 1096 4114; x_wconf 77' lang='lat' dir='ltr'><strong>Novella</strong></span> <span class='ocrx_word' id='word_1_292' title='bbox 1152 4057 1221 4114; x_wconf 92' lang='lat' dir='ltr'><strong>de</strong></span> <span class='ocrx_word' id='word_1_293' title='bbox 1284 4061 1496 4117; x_wconf 89' lang='lat' dir='ltr'><strong>thronis</strong></span> <span class='ocrx_word' id='word_1_294' title='bbox 1543 4064 1796 4133; x_wconf 86' lang='lat' dir='ltr'><strong>appellat,</strong></span> <span class='ocrx_word' id='word_1_295' title='bbox 1821 4075 1873 4122; x_wconf 91' lang='lat' dir='ltr'><strong>et</strong></span> <span class='ocrx_word' id='word_1_296' title='bbox 1899 4084 2022 4123; x_wconf 90' lang='lat' dir='ltr'><strong>cum</strong></span> 
     </span>
    </p>
   </div>
   <div class='ocr_carea' id='block_1_45' title="bbox 434 4147 2023 4229">
    <p class='ocr_par' dir='ltr' id='par_1_45' title="bbox 434 4147 2023 4229">
     <span class='ocr_line' id='line_1_45' title="bbox 434 4147 2023 4229; baseline 0.011 -32"><span class='ocrx_word' id='word_1_297' title='bbox 434 4147 722 4211; x_wconf 72' lang='lat' dir='ltr'><strong>Buthroto,</strong></span> <span class='ocrx_word' id='word_1_298' title='bbox 750 4149 953 4205; x_wconf 84' lang='lat' dir='ltr'><strong>ibidem</strong></span> <span class='ocrx_word' id='word_1_299' title='bbox 985 4150 1053 4205; x_wconf 91' lang='lat' dir='ltr'><strong>ad</strong></span> <span class='ocrx_word' id='word_1_300' title='bbox 1085 4152 1341 4221; x_wconf 89' lang='lat' dir='ltr'><strong>quintum</strong></span> <span class='ocrx_word' id='word_1_301' title='bbox 1380 4168 1409 4207; x_wconf 90' lang='lat' dir='ltr'><strong>a</strong></span> <span class='ocrx_word' id='word_1_302' title='bbox 1456 4152 1711 4225; x_wconf 74' lang='lat' dir='ltr'><strong>Corcyra:</strong></span> <span class='ocrx_word' id='word_1_303' title='bbox 1738 4157 1939 4229; x_wconf 81' lang='lat' dir='ltr'><strong>Oppido</strong></span> <span class='ocrx_word' id='word_1_304' title='bbox 1967 4169 2023 4215; x_wconf 89' lang='lat' dir='ltr'><strong>et</strong></span> 
     </span>
    </p>
   </div>
   <div class='ocr_carea' id='block_1_46' title="bbox 432 4241 2020 4319">
    <p class='ocr_par' dir='ltr' id='par_1_46' title="bbox 432 4241 2020 4319">
     <span class='ocr_line' id='line_1_46' title="bbox 432 4241 2020 4319; baseline 0.006 -26"><span class='ocrx_word' id='word_1_305' title='bbox 432 4242 652 4301; x_wconf 76' lang='lat' dir='ltr'><strong>arcibus</strong></span> <span class='ocrx_word' id='word_1_306' title='bbox 677 4241 909 4298; x_wconf 75' lang='lat' dir='ltr'><strong>milliare</strong></span> <span class='ocrx_word' id='word_1_307' title='bbox 932 4243 1061 4307; x_wconf 91' lang='lat' dir='ltr'><strong>sito,</strong></span> <span class='ocrx_word' id='word_1_308' title='bbox 1092 4241 1359 4314; x_wconf 85' lang='lat' dir='ltr'><strong>Naupacti</strong></span> <span class='ocrx_word' id='word_1_309' title='bbox 1390 4248 1821 4316; x_wconf 85' lang='lat' dir='ltr'><strong>metropolitano</strong></span> <span class='ocrx_word' id='word_1_310' title='bbox 1847 4248 2020 4319; x_wconf 77' lang='lat' dir='ltr'><strong>subji-</strong></span> 
     </span>
    </p>
   </div>
   <div class='ocr_carea' id='block_1_47' title="bbox 2121 396 3709 477">
    <p class='ocr_par' dir='ltr' id='par_1_47' title="bbox 2121 396 3709 477">
     <span class='ocr_line' id='line_1_47' title="bbox 2121 396 3709 477; baseline 0.009 -29"><span class='ocrx_word' id='word_1_311' title='bbox 2121 396 2285 450; x_wconf 81' lang='lat' dir='ltr'><strong>ostiis</strong></span> <span class='ocrx_word' id='word_1_312' title='bbox 2317 398 2545 453; x_wconf 85' lang='lat' dir='ltr'><strong>obversa</strong></span> <span class='ocrx_word' id='word_1_313' title='bbox 2584 400 2836 471; x_wconf 90' lang='lat' dir='ltr'><strong>(dictum</strong></span> <span class='ocrx_word' id='word_1_314' title='bbox 2903 402 2972 457; x_wconf 89' lang='lat' dir='ltr'><strong>de</strong></span> <span class='ocrx_word' id='word_1_315' title='bbox 2996 403 3101 459; x_wconf 86' lang='lat' dir='ltr'><strong>hac</strong></span> <span class='ocrx_word' id='word_1_316' title='bbox 3151 406 3331 474; x_wconf 88' lang='lat' dir='ltr'><strong>capite</strong></span> <span class='ocrx_word' id='word_1_317' title='bbox 3382 408 3709 477; x_wconf 79' lang='lat' dir='ltr'><strong>centesimo)</strong></span> 
     </span>
    </p>
   </div>
   <div class='ocr_carea' id='block_1_48' title="bbox 2122 486 3707 561">
    <p class='ocr_par' dir='ltr' id='par_1_48' title="bbox 2122 486 3707 561">
     <span class='ocr_line' id='line_1_48' title="bbox 2122 486 3707 561; baseline 0.011 -22"><span class='ocrx_word' id='word_1_318' title='bbox 2122 502 2297 557; x_wconf 84' lang='lat' dir='ltr'><strong>usque</strong></span> <span class='ocrx_word' id='word_1_319' title='bbox 2329 487 2395 541; x_wconf 86' lang='lat' dir='ltr'><strong>ad</strong></span> <span class='ocrx_word' id='word_1_320' title='bbox 2432 486 2766 547; x_wconf 83' lang='lat' dir='ltr'><strong>Varadinum</strong></span> <span class='ocrx_word' id='word_1_321' title='bbox 2796 490 2903 550; x_wconf 88' lang='lat' dir='ltr'><strong>hoc</strong></span> <span class='ocrx_word' id='word_1_322' title='bbox 2928 490 3102 561; x_wconf 73' lang='lat' dir='ltr'><strong>Petri,</strong></span> <span class='ocrx_word' id='word_1_323' title='bbox 3139 496 3404 552; x_wconf 88' lang='lat' dir='ltr'><strong>Sirmium</strong></span> <span class='ocrx_word' id='word_1_324' title='bbox 3454 513 3707 556; x_wconf 87' lang='lat' dir='ltr'><strong>vocatur.</strong></span> 
     </span>
    </p>
   </div>
   <div class='ocr_carea' id='block_1_49' title="bbox 2124 576 3713 661">
    <p class='ocr_par' dir='ltr' id='par_1_49' title="bbox 2124 576 3713 661">
     <span class='ocr_line' id='line_1_49' title="bbox 2124 576 3713 661; baseline 0.005 -26"><span class='ocrx_word' id='word_1_325' title='bbox 2124 579 2320 647; x_wconf 67' lang='lat' dir='ltr'><strong>erci,</strong></span> <span class='ocrx_word' id='word_1_326' title='bbox 2342 576 2676 639; x_wconf 71' lang='lat' dir='ltr'><strong>Francorum</strong></span> <span class='ocrx_word' id='word_1_327' title='bbox 2711 599 2740 639; x_wconf 86' lang='lat' dir='ltr'><strong>a</strong></span> <span class='ocrx_word' id='word_1_328' title='bbox 2771 587 2939 651; x_wconf 62' lang='lat' dir='ltr'><strong>caede,</strong></span> <span class='ocrx_word' id='word_1_329' title='bbox 2970 589 3403 661; x_wconf 80' lang='grc' dir='ltr'><strong>Φραγκοχωρῑον</strong></span> <span class='ocrx_word' id='word_1_330' title='bbox 3439 595 3713 647; x_wconf 80' lang='lat' dir='ltr'><strong>recentio-</strong></span> 
     </span>
    </p>
   </div>
   <div class='ocr_carea' id='block_1_50' title="bbox 2122 669 3717 755">
    <p class='ocr_par' dir='ltr' id='par_1_50' title="bbox 2122 669 3717 755">
     <span class='ocr_line' id='line_1_50' title="bbox 2122 669 3717 755; baseline 0.009 -28"><span class='ocrx_word' id='word_1_331' title='bbox 2122 669 2276 727; x_wconf 81' lang='lat' dir='ltr'><strong>ribus</strong></span> <span class='ocrx_word' id='word_1_332' title='bbox 2300 675 2353 729; x_wconf 91' lang='lat' dir='ltr'><strong>in</strong></span> <span class='ocrx_word' id='word_1_333' title='bbox 2385 675 2629 732; x_wconf 86' lang='lat' dir='ltr'><strong>historiis</strong></span> <span class='ocrx_word' id='word_1_334' title='bbox 2667 676 2877 734; x_wconf 84' lang='lat' dir='ltr'><strong>dixere.</strong></span> <span class='ocrx_word' id='word_1_335' title='bbox 2915 678 3071 746; x_wconf 86' lang='lat' dir='ltr'><strong>Quod</strong></span> <span class='ocrx_word' id='word_1_336' title='bbox 3102 680 3326 738; x_wconf 82' lang='lat' dir='ltr'><strong>annales</strong></span> <span class='ocrx_word' id='word_1_337' title='bbox 3383 686 3558 748; x_wconf 83' lang='lat' dir='ltr'><strong>aiunt,</strong></span> <span class='ocrx_word' id='word_1_338' title='bbox 3612 704 3717 755; x_wconf 92' lang='lat' dir='ltr'><strong>pu-</strong></span> 
     </span>
    </p>
   </div>
   <div class='ocr_carea' id='block_1_51' title="bbox 2125 769 3711 836">
    <p class='ocr_par' dir='ltr' id='par_1_51' title="bbox 2125 769 3711 836">
     <span class='ocr_line' id='line_1_51' title="bbox 2125 769 3711 836; baseline 0.008 -17"><span class='ocrx_word' id='word_1_339' title='bbox 2125 774 2345 836; x_wconf 76' lang='lat' dir='ltr'><strong>gnatum</strong></span> <span class='ocrx_word' id='word_1_340' title='bbox 2382 769 2523 823; x_wconf 89' lang='lat' dir='ltr'><strong>inter</strong></span> <span class='ocrx_word' id='word_1_341' title='bbox 2557 769 2920 826; x_wconf 87' lang='lat' dir='ltr'><strong>Soleimanem</strong></span> <span class='ocrx_word' id='word_1_342' title='bbox 2951 770 3367 829; x_wconf 86' lang='lat' dir='ltr'><strong>ethdovicum</strong></span> <span class='ocrx_word' id='word_1_343' title='bbox 3390 776 3537 831; x_wconf 87' lang='lat' dir='ltr'><strong>circa</strong></span> <span class='ocrx_word' id='word_1_344' title='bbox 3572 786 3711 831; x_wconf 85' lang='lat' dir='ltr'><strong>tem-</strong></span> 
     </span>
    </p>
   </div>
   <div class='ocr_carea' id='block_1_52' title="bbox 2123 860 3715 937">
    <p class='ocr_par' dir='ltr' id='par_1_52' title="bbox 2123 860 3715 937">
     <span class='ocr_line' id='line_1_52' title="bbox 2123 860 3715 937; baseline 0.007 -28"><span class='ocrx_word' id='word_1_345' title='bbox 2123 871 2223 929; x_wconf 88' lang='lat' dir='ltr'><strong>pus</strong></span> <span class='ocrx_word' id='word_1_346' title='bbox 2246 860 2443 924; x_wconf 73' lang='lat' dir='ltr'><strong>lltindi,</strong></span> <span class='ocrx_word' id='word_1_347' title='bbox 2460 861 2527 916; x_wconf 90' lang='lat' dir='ltr'><strong>de</strong></span> <span class='ocrx_word' id='word_1_348' title='bbox 2563 863 2765 918; x_wconf 81' lang='lat' dir='ltr'><strong>notatis</strong></span> <span class='ocrx_word' id='word_1_349' title='bbox 2784 866 2962 933; x_wconf 89' lang='lat' dir='ltr'><strong>capite</strong></span> <span class='ocrx_word' id='word_1_350' title='bbox 2981 864 3086 919; x_wconf 77' lang='grc'>210</span> <span class='ocrx_word' id='word_1_351' title='bbox 3130 865 3298 921; x_wconf 88' lang='lat' dir='ltr'><strong>lector</strong></span> <span class='ocrx_word' id='word_1_352' title='bbox 3324 864 3598 937; x_wconf 80' lang='lat' dir='ltr'><strong>intelligit.</strong></span> <span class='ocrx_word' id='word_1_353' title='bbox 3618 867 3715 924; x_wconf 84' lang='lat' dir='ltr'><strong>Et-</strong></span> 
     </span>
    </p>
   </div>
   <div class='ocr_carea' id='block_1_53' title="bbox 2126 949 3715 1029">
    <p class='ocr_par' dir='ltr' id='par_1_53' title="bbox 2126 949 3715 1029">
     <span class='ocr_line' id='line_1_53' title="bbox 2126 949 3715 1029; baseline 0.008 -27"><span class='ocrx_word' id='word_1_354' title='bbox 2126 949 2237 1002; x_wconf 84' lang='lat' dir='ltr'><strong>nim</strong></span> <span class='ocrx_word' id='word_1_355' title='bbox 2268 950 2413 1023; x_wconf 86' lang='lat' dir='ltr'><strong>quod</strong></span> <span class='ocrx_word' id='word_1_356' title='bbox 2440 952 2773 1009; x_wconf 71' lang='lat' dir='ltr'><strong>Christianis</strong></span> <span class='ocrx_word' id='word_1_357' title='bbox 2799 958 3233 1024; x_wconf 75' lang='lat' dir='ltr'><strong>vespertinarum</strong></span> <span class='ocrx_word' id='word_1_358' title='bbox 3252 972 3473 1027; x_wconf 88' lang='lat' dir='ltr'><strong>precum</strong></span> <span class='ocrx_word' id='word_1_359' title='bbox 3496 966 3715 1029; x_wconf 74' lang='lat' dir='ltr'><strong>tempus</strong></span> 
     </span>
    </p>
   </div>
   <div class='ocr_carea' id='block_1_54' title="bbox 2125 1043 3711 1117">
    <p class='ocr_par' dir='ltr' id='par_1_54' title="bbox 2125 1043 3711 1117">
     <span class='ocr_line' id='line_1_54' title="bbox 2125 1043 3711 1117; baseline 0.006 -22"><span class='ocrx_word' id='word_1_360' title='bbox 2125 1043 2367 1101; x_wconf 85' lang='lat' dir='ltr'><strong>est.hora</strong></span> <span class='ocrx_word' id='word_1_361' title='bbox 2388 1044 2646 1100; x_wconf 89' lang='lat' dir='ltr'><strong>nimirum</strong></span> <span class='ocrx_word' id='word_1_362' title='bbox 2667 1048 2824 1102; x_wconf 88' lang='lat' dir='ltr'><strong>tertia</strong></span> <span class='ocrx_word' id='word_1_363' title='bbox 2840 1057 2960 1117; x_wconf 89' lang='lat' dir='ltr'><strong>post</strong></span> <span class='ocrx_word' id='word_1_364' title='bbox 2977 1048 3285 1115; x_wconf 88' lang='lat' dir='ltr'><strong>meridiem,</strong></span> <span class='ocrx_word' id='word_1_365' title='bbox 3322 1046 3516 1106; x_wconf 88' lang='lat' dir='ltr'><strong>Turcis</strong></span> <span class='ocrx_word' id='word_1_366' title='bbox 3535 1051 3711 1105; x_wconf 76' lang='lat' dir='ltr'><strong>lkindi</strong></span> 
     </span>
    </p>
   </div>
   <div class='ocr_carea' id='block_1_55' title="bbox 2127 1137 3711 1212">
    <p class='ocr_par' dir='ltr' id='par_1_55' title="bbox 2127 1137 3711 1212">
     <span class='ocr_line' id='line_1_55' title="bbox 2127 1137 3711 1212; baseline 0.005 -23"><span class='ocrx_word' id='word_1_367' title='bbox 2127 1150 2317 1192; x_wconf 86' lang='lat' dir='ltr'><strong>nemas</strong></span> <span class='ocrx_word' id='word_1_368' title='bbox 2343 1137 2603 1208; x_wconf 83' lang='lat' dir='ltr'><strong>appellari</strong></span> <span class='ocrx_word' id='word_1_369' title='bbox 2636 1141 2973 1196; x_wconf 84' lang='lat' dir='ltr'><strong>notavimus.</strong></span> <span class='ocrx_word' id='word_1_370' title='bbox 3010 1140 3323 1212; x_wconf 87' lang='lat' dir='ltr'><strong>Stephanus</strong></span> <span class='ocrx_word' id='word_1_371' title='bbox 3350 1143 3711 1198; x_wconf 85' lang='lat' dir='ltr'><strong>Broderithus</strong></span> 
     </span>
    </p>
   </div>
   <div class='ocr_carea' id='block_1_56' title="bbox 2128 1228 3716 1305">
    <p class='ocr_par' dir='ltr' id='par_1_56' title="bbox 2128 1228 3716 1305">
     <span class='ocr_line' id='line_1_56' title="bbox 2128 1228 3716 1305; baseline 0.003 -23"><span class='ocrx_word' id='word_1_372' title='bbox 2128 1228 2180 1282; x_wconf 92' lang='lat' dir='ltr'><strong>in</strong></span> <span class='ocrx_word' id='word_1_373' title='bbox 2211 1228 2438 1285; x_wconf 85' lang='lat' dir='ltr'><strong>historia</strong></span> <span class='ocrx_word' id='word_1_374' title='bbox 2473 1229 2642 1303; x_wconf 66' lang='grc'><strong>489</strong></span> <span class='ocrx_word' id='word_1_375' title='bbox 2670 1232 2739 1287; x_wconf 85' lang='lat' dir='ltr'><strong>de</strong></span> <span class='ocrx_word' id='word_1_376' title='bbox 2773 1233 2878 1288; x_wconf 87' lang='lat' dir='ltr'><strong>hac</strong></span> <span class='ocrx_word' id='word_1_377' title='bbox 2911 1230 3175 1290; x_wconf 86' lang='lat' dir='ltr'><strong>Ludovici</strong></span> <span class='ocrx_word' id='word_1_378' title='bbox 3198 1234 3572 1305; x_wconf 72' lang='lat' dir='ltr'><strong>regis&#39;llngari</strong></span> <span class='ocrx_word' id='word_1_379' title='bbox 3598 1237 3716 1288; x_wconf 81' lang='lat' dir='ltr'><strong>cla-</strong></span> 
     </span>
    </p>
   </div>
   <div class='ocr_carea' id='block_1_57' title="bbox 2131 1319 3709 1395">
    <p class='ocr_par' dir='ltr' id='par_1_57' title="bbox 2131 1319 3709 1395">
     <span class='ocr_line' id='line_1_57' title="bbox 2131 1319 3709 1395; baseline 0.008 -24"><span class='ocrx_word' id='word_1_380' title='bbox 2131 1319 2220 1383; x_wconf 88' lang='lat' dir='ltr'><strong>de,</strong></span> <span class='ocrx_word' id='word_1_381' title='bbox 2257 1319 2506 1377; x_wconf 87' lang='lat' dir='ltr'><strong>dimicari</strong></span> <span class='ocrx_word' id='word_1_382' title='bbox 2543 1334 2781 1393; x_wconf 68' lang='lat' dir='ltr'><strong>emptum</strong></span> <span class='ocrx_word' id='word_1_383' title='bbox 2836 1323 3006 1379; x_wconf 89' lang='lat' dir='ltr'><strong>refert</strong></span> <span class='ocrx_word' id='word_1_384' title='bbox 3054 1326 3188 1380; x_wconf 86' lang='lat' dir='ltr'><strong>hora</strong></span> <span class='ocrx_word' id='word_1_385' title='bbox 3253 1338 3375 1395; x_wconf 74' lang='lat' dir='ltr'><strong>post</strong></span> <span class='ocrx_word' id='word_1_386' title='bbox 3417 1330 3709 1382; x_wconf 64' lang='lat' dir='ltr'><strong>meridiem</strong></span> 
     </span>
    </p>
   </div>
   <div class='ocr_carea' id='block_1_58' title="bbox 2128 1410 3712 1485">
    <p class='ocr_par' dir='ltr' id='par_1_58' title="bbox 2128 1410 3712 1485">
     <span class='ocr_line' id='line_1_58' title="bbox 2128 1410 3712 1485; baseline 0.006 -20"><span class='ocrx_word' id='word_1_387' title='bbox 2128 1410 2239 1466; x_wconf 84' lang='lat' dir='ltr'><strong>fere</strong></span> <span class='ocrx_word' id='word_1_388' title='bbox 2271 1414 2452 1477; x_wconf 89' lang='lat' dir='ltr'><strong>tertia,</strong></span> <span class='ocrx_word' id='word_1_389' title='bbox 2492 1429 2615 1485; x_wconf 80' lang='lat' dir='ltr'><strong>qme</strong></span> <span class='ocrx_word' id='word_1_390' title='bbox 2650 1417 2857 1473; x_wconf 86' lang='lat' dir='ltr'><strong>scilicet</strong></span> <span class='ocrx_word' id='word_1_391' title='bbox 2877 1432 2907 1473; x_wconf 86' lang='lat' dir='ltr'><strong>a</strong></span> <span class='ocrx_word' id='word_1_392' title='bbox 2926 1412 3124 1473; x_wconf 90' lang='lat' dir='ltr'><strong>Turcis</strong></span> <span class='ocrx_word' id='word_1_393' title='bbox 3149 1419 3312 1473; x_wconf 83' lang='lat' dir='ltr'><strong>etiam</strong></span> <span class='ocrx_word' id='word_1_394' title='bbox 3339 1433 3712 1475; x_wconf 84' lang='lat' dir='ltr'><strong>memoratur.</strong></span> 
     </span>
    </p>
   </div>
   <div class='ocr_carea' id='block_1_59' title="bbox 2129 1502 3717 1581">
    <p class='ocr_par' dir='ltr' id='par_1_59' title="bbox 2129 1502 3717 1581">
     <span class='ocr_line' id='line_1_59' title="bbox 2129 1502 3717 1581; baseline 0.006 -25"><span class='ocrx_word' id='word_1_395' title='bbox 2129 1502 2227 1557; x_wconf 89' lang='lat' dir='ltr'><strong>llic</strong></span> <span class='ocrx_word' id='word_1_396' title='bbox 2256 1513 2437 1560; x_wconf 88' lang='lat' dir='ltr'><strong>antem</strong></span> <span class='ocrx_word' id='word_1_397' title='bbox 2463 1504 2795 1571; x_wconf 83' lang='lat' dir='ltr'><strong>Ludovicus,</strong></span> <span class='ocrx_word' id='word_1_398' title='bbox 2822 1508 2943 1579; x_wconf 83' lang='lat' dir='ltr'><strong>ejus</strong></span> <span class='ocrx_word' id='word_1_399' title='bbox 2972 1511 3213 1567; x_wconf 89' lang='lat' dir='ltr'><strong>nominis</strong></span> <span class='ocrx_word' id='word_1_400' title='bbox 3260 1511 3403 1581; x_wconf 85' lang='lat' dir='ltr'><strong>apud</strong></span> <span class='ocrx_word' id='word_1_401' title='bbox 3460 1508 3717 1579; x_wconf 81' lang='lat' dir='ltr'><strong>Ungaros</strong></span> 
     </span>
    </p>
   </div>
   <div class='ocr_carea' id='block_1_60' title="bbox 2128 1595 3708 1674">
    <p class='ocr_par' dir='ltr' id='par_1_60' title="bbox 2128 1595 3708 1674">
     <span class='ocr_line' id='line_1_60' title="bbox 2128 1595 3708 1674; baseline 0.004 -24"><span class='ocrx_word' id='word_1_402' title='bbox 2128 1596 2429 1661; x_wconf 85' lang='lat' dir='ltr'><strong>secundus,</strong></span> <span class='ocrx_word' id='word_1_403' title='bbox 2468 1595 2721 1669; x_wconf 71' lang='lat' dir='ltr'><strong>Ungarire</strong></span> <span class='ocrx_word' id='word_1_404' title='bbox 2754 1600 3137 1674; x_wconf 70' lang='lat' dir='ltr'><strong>Bohemizeque</strong></span> <span class='ocrx_word' id='word_1_405' title='bbox 3158 1620 3279 1670; x_wconf 80' lang='lat' dir='ltr'><strong>rex,</strong></span> <span class='ocrx_word' id='word_1_406' title='bbox 3330 1603 3398 1659; x_wconf 86' lang='lat' dir='ltr'><strong>ad</strong></span> <span class='ocrx_word' id='word_1_407' title='bbox 3445 1606 3708 1674; x_wconf 86' lang='lat' dir='ltr'><strong>oppidum</strong></span> 
     </span>
    </p>
   </div>
   <div class='ocr_carea' id='block_1_61' title="bbox 603 1660 3679 1764">
    <p class='ocr_par' dir='ltr' id='par_1_61' title="bbox 603 1660 3679 1764">
     <span class='ocr_line' id='line_1_61' title="bbox 603 1660 3679 1764; baseline 0.008 -37"><span class='ocrx_word' id='word_1_408' title='bbox 603 1671 658 1759; x_wconf 50' lang='lat' dir='ltr'><strong>te</strong></span> <span class='ocrx_word' id='word_1_409' title='bbox 688 1660 1030 1764; x_wconf 46' lang='lat' dir='ltr'><strong>ariusia-atus</strong></span> <span class='ocrx_word' id='word_1_410' title='bbox 1053 1663 1464 1764; x_wconf 64' lang='lat' dir='ltr'><strong>Pulsadirensjs</strong></span> <span class='ocrx_word' id='word_1_411' title='bbox 1496 1669 2021 1764; x_wconf 54' lang='lat' dir='ltr'><strong>_viden_ufs._Quippc</strong></span> <span class='ocrx_word' id='word_1_412' title='bbox 2055 1660 2096 1715; x_wconf 73' lang='grc' dir='ltr'><strong><em>Β</em></strong></span> <span class='ocrx_word' id='word_1_413' title='bbox 2127 1689 2459 1745; x_wconf 79' lang='lat' dir='ltr'><strong>Mnhatzium</strong></span> <span class='ocrx_word' id='word_1_414' title='bbox 2495 1660 2826 1763; x_wconf 51' lang='lat' dir='ltr'><strong>(tt&#39;ugacium</strong></span> <span class='ocrx_word' id='word_1_415' title='bbox 2864 1692 3022 1749; x_wconf 88' lang='lat' dir='ltr'><strong>libuit</strong></span> <span class='ocrx_word' id='word_1_416' title='bbox 3048 1660 3175 1751; x_wconf 70' lang='lat' dir='ltr'><strong>aliis</strong></span> <span class='ocrx_word' id='word_1_417' title='bbox 3214 1660 3549 1763; x_wconf 46' lang='lat' dir='ltr'><strong>nominare);</strong></span> <span class='ocrx_word' id='word_1_418' title='bbox 3576 1712 3679 1764; x_wconf 86' lang='lat' dir='ltr'><strong>pro</strong></span> 
     </span>
    </p>
   </div>
   <div class='ocr_carea' id='block_1_62' title="bbox 440 1752 2071 1830">
    <p class='ocr_par' dir='ltr' id='par_1_62' title="bbox 440 1752 2071 1830">
     <span class='ocr_line' id='line_1_62' title="bbox 440 1752 2071 1830; baseline 0.013 -33"><span class='ocrx_word' id='word_1_419' title='bbox 440 1752 615 1800; x_wconf 74' lang='lat' dir='ltr'><strong>nostri</strong></span> <span class='ocrx_word' id='word_1_420' title='bbox 649 1752 841 1804; x_wconf 88' lang='lat' dir='ltr'><strong>volunt</strong></span> <span class='ocrx_word' id='word_1_421' title='bbox 896 1770 1016 1808; x_wconf 84' lang='lat' dir='ltr'><strong>eam</strong></span> <span class='ocrx_word' id='word_1_422' title='bbox 1050 1756 1281 1812; x_wconf 84' lang='lat' dir='ltr'><strong>desiisse</strong></span> <span class='ocrx_word' id='word_1_423' title='bbox 1336 1759 1439 1815; x_wconf 87' lang='lat' dir='ltr'><strong>sub</strong></span> <span class='ocrx_word' id='word_1_424' title='bbox 1494 1760 1725 1830; x_wconf 87' lang='lat' dir='ltr'><strong>imperio</strong></span> <span class='ocrx_word' id='word_1_425' title='bbox 1779 1761 2019 1829; x_wconf 87' lang='lat' dir='ltr'><strong>Selimis,</strong></span> <span class='ocrx_word' id='word_1_426' title='bbox 2066 1784 2071 1785; x_wconf 50' lang='grc' dir='ltr'>ί</span> 
     </span>
    </p>
   </div>
   <div class='ocr_carea' id='block_1_63' title="bbox 2123 1778 3704 1858">
    <p class='ocr_par' dir='ltr' id='par_1_63' title="bbox 2123 1778 3704 1858">
     <span class='ocr_line' id='line_1_63' title="bbox 2123 1778 3704 1858; baseline 0.006 -24"><span class='ocrx_word' id='word_1_427' title='bbox 2123 1780 2306 1835; x_wconf 85' lang='lat' dir='ltr'><strong>stratis</strong></span> <span class='ocrx_word' id='word_1_428' title='bbox 2338 1778 2580 1851; x_wconf 87' lang='lat' dir='ltr'><strong>undique</strong></span> <span class='ocrx_word' id='word_1_429' title='bbox 2626 1783 2799 1854; x_wconf 87' lang='lat' dir='ltr'><strong>copiis</strong></span> <span class='ocrx_word' id='word_1_430' title='bbox 2828 1782 2965 1855; x_wconf 84' lang='lat' dir='ltr'><strong>suis,</strong></span> <span class='ocrx_word' id='word_1_431' title='bbox 3003 1786 3194 1855; x_wconf 74' lang='lat' dir='ltr'><strong>przelio</strong></span> <span class='ocrx_word' id='word_1_432' title='bbox 3220 1798 3395 1842; x_wconf 89' lang='lat' dir='ltr'><strong>semet</strong></span> <span class='ocrx_word' id='word_1_433' title='bbox 3433 1786 3704 1858; x_wconf 75' lang='lat' dir='ltr'><strong>eripiens.</strong></span> 
     </span>
    </p>
   </div>
   <div class='ocr_carea' id='block_1_64' title="bbox 2123 1872 3699 1948">
    <p class='ocr_par' dir='ltr' id='par_1_64' title="bbox 2123 1872 3699 1948">
     <span class='ocr_line' id='line_1_64' title="bbox 2123 1872 3699 1948; baseline 0.004 -21"><span class='ocrx_word' id='word_1_434' title='bbox 2123 1872 2177 1927; x_wconf 87' lang='lat' dir='ltr'><strong>in</strong></span> <span class='ocrx_word' id='word_1_435' title='bbox 2203 1872 2379 1926; x_wconf 88' lang='lat' dir='ltr'><strong>vicina</strong></span> <span class='ocrx_word' id='word_1_436' title='bbox 2407 1872 2631 1944; x_wconf 88' lang='lat' dir='ltr'><strong>palude,</strong></span> <span class='ocrx_word' id='word_1_437' title='bbox 2658 1884 2782 1929; x_wconf 90' lang='lat' dir='ltr'><strong>cum</strong></span> <span class='ocrx_word' id='word_1_438' title='bbox 2811 1873 2865 1930; x_wconf 89' lang='lat' dir='ltr'><strong>in</strong></span> <span class='ocrx_word' id='word_1_439' title='bbox 2899 1872 3149 1931; x_wconf 88' lang='lat' dir='ltr'><strong>altiorem</strong></span> <span class='ocrx_word' id='word_1_440' title='bbox 3181 1877 3344 1948; x_wconf 87' lang='lat' dir='ltr'><strong>paulo</strong></span> <span class='ocrx_word' id='word_1_441' title='bbox 3379 1874 3551 1948; x_wconf 88' lang='lat' dir='ltr'><strong>ripam</strong></span> <span class='ocrx_word' id='word_1_442' title='bbox 3579 1893 3699 1933; x_wconf 81' lang='lat' dir='ltr'><strong>eva—</strong></span> 
     </span>
    </p>
   </div>
   <div class='ocr_carea' id='block_1_65' title="bbox 2124 1948 3707 2041">
    <p class='ocr_par' dir='ltr' id='par_1_65' title="bbox 2124 1948 3707 2041">
     <span class='ocr_line' id='line_1_65' title="bbox 2124 1948 3707 2041; baseline 0.003 -23"><span class='ocrx_word' id='word_1_443' title='bbox 2124 1964 2252 2019; x_wconf 90' lang='lat' dir='ltr'><strong>dere</strong></span> <span class='ocrx_word' id='word_1_444' title='bbox 2277 1975 2595 2029; x_wconf 85' lang='lat' dir='ltr'><strong>conaretur,</strong></span> <span class='ocrx_word' id='word_1_445' title='bbox 2619 1948 2673 2021; x_wconf 83' lang='lat' dir='ltr'><strong>et</strong></span> <span class='ocrx_word' id='word_1_446' title='bbox 2706 1983 2879 2036; x_wconf 87' lang='lat' dir='ltr'><strong>equus</strong></span> <span class='ocrx_word' id='word_1_447' title='bbox 2912 1968 3098 2041; x_wconf 79' lang='lat' dir='ltr'><strong>regius</strong></span> <span class='ocrx_word' id='word_1_448' title='bbox 3123 1966 3519 2040; x_wconf 76' lang='lat' dir='ltr'><strong>posterioribus</strong></span> <span class='ocrx_word' id='word_1_449' title='bbox 3552 1970 3707 2041; x_wconf 87' lang='lat' dir='ltr'><strong>pedi-</strong></span> 
     </span>
    </p>
   </div>
   <div class='ocr_carea' id='block_1_66' title="bbox 2123 2055 3709 2132">
    <p class='ocr_par' dir='ltr' id='par_1_66' title="bbox 2123 2055 3709 2132">
     <span class='ocr_line' id='line_1_66' title="bbox 2123 2055 3709 2132; baseline 0.003 -22"><span class='ocrx_word' id='word_1_450' title='bbox 2123 2055 2228 2110; x_wconf 87' lang='lat' dir='ltr'><strong>bus</strong></span> <span class='ocrx_word' id='word_1_451' title='bbox 2263 2055 2549 2124; x_wconf 90' lang='lat' dir='ltr'><strong>insistens,</strong></span> <span class='ocrx_word' id='word_1_452' title='bbox 2582 2059 2898 2129; x_wconf 86' lang='lat' dir='ltr'><strong>frustraque</strong></span> <span class='ocrx_word' id='word_1_453' title='bbox 2932 2060 3133 2117; x_wconf 81' lang='lat' dir='ltr'><strong>saltnm</strong></span> <span class='ocrx_word' id='word_1_454' title='bbox 3168 2061 3222 2117; x_wconf 92' lang='lat' dir='ltr'><strong>in</strong></span> <span class='ocrx_word' id='word_1_455' title='bbox 3287 2062 3462 2132; x_wconf 89' lang='lat' dir='ltr'><strong>ripam</strong></span> <span class='ocrx_word' id='word_1_456' title='bbox 3512 2063 3709 2118; x_wconf 84' lang='lat' dir='ltr'><strong>adver-</strong></span> 
     </span>
    </p>
   </div>
   <div class='ocr_carea' id='block_1_67' title="bbox 2124 2149 3709 2215">
    <p class='ocr_par' dir='ltr' id='par_1_67' title="bbox 2124 2149 3709 2215">
     <span class='ocr_line' id='line_1_67' title="bbox 2124 2149 3709 2215; baseline 0.004 -11"><span class='ocrx_word' id='word_1_457' title='bbox 2124 2164 2239 2204; x_wconf 86' lang='lat' dir='ltr'><strong>sam</strong></span> <span class='ocrx_word' id='word_1_458' title='bbox 2266 2150 2516 2215; x_wconf 89' lang='lat' dir='ltr'><strong>moliens,</strong></span> <span class='ocrx_word' id='word_1_459' title='bbox 2558 2151 2613 2206; x_wconf 91' lang='lat' dir='ltr'><strong>in</strong></span> <span class='ocrx_word' id='word_1_460' title='bbox 2662 2149 2887 2208; x_wconf 77' lang='lat' dir='ltr'><strong>dorsum</strong></span> <span class='ocrx_word' id='word_1_461' title='bbox 2916 2168 3025 2209; x_wconf 86' lang='lat' dir='ltr'><strong>una</strong></span> <span class='ocrx_word' id='word_1_462' title='bbox 3056 2169 3180 2210; x_wconf 89' lang='lat' dir='ltr'><strong>cum</strong></span> <span class='ocrx_word' id='word_1_463' title='bbox 3235 2164 3459 2212; x_wconf 87' lang='lat' dir='ltr'><strong>vectore</strong></span> <span class='ocrx_word' id='word_1_464' title='bbox 3482 2170 3709 2211; x_wconf 86' lang='lat' dir='ltr'><strong>corrue-</strong></span> 
     </span>
    </p>
   </div>
   <div class='ocr_carea' id='block_1_68' title="bbox 2126 2243 3710 2318">
    <p class='ocr_par' dir='ltr' id='par_1_68' title="bbox 2126 2243 3710 2318">
     <span class='ocr_line' id='line_1_68' title="bbox 2126 2243 3710 2318; baseline 0.004 -22"><span class='ocrx_word' id='word_1_465' title='bbox 2126 2251 2250 2308; x_wconf 89' lang='lat' dir='ltr'><strong>ret;</strong></span> <span class='ocrx_word' id='word_1_466' title='bbox 2284 2243 2357 2298; x_wconf 91' lang='lat' dir='ltr'><strong>ita</strong></span> <span class='ocrx_word' id='word_1_467' title='bbox 2391 2253 2450 2298; x_wconf 91' lang='lat' dir='ltr'><strong>ut</strong></span> <span class='ocrx_word' id='word_1_468' title='bbox 2502 2254 2621 2300; x_wconf 86' lang='lat' dir='ltr'><strong>erat</strong></span> <span class='ocrx_word' id='word_1_469' title='bbox 2645 2254 2913 2311; x_wconf 85' lang='lat' dir='ltr'><strong>armatus,</strong></span> <span class='ocrx_word' id='word_1_470' title='bbox 2979 2247 3374 2318; x_wconf 81' lang='lat' dir='ltr'><strong>sesquipalmis</strong></span> <span class='ocrx_word' id='word_1_471' title='bbox 3428 2246 3481 2303; x_wconf 91' lang='lat' dir='ltr'><strong>in</strong></span> <span class='ocrx_word' id='word_1_472' title='bbox 3555 2263 3710 2318; x_wconf 74' lang='lat' dir='ltr'><strong>aqua:</strong></span> 
     </span>
    </p>
   </div>
   <div class='ocr_carea' id='block_1_69' title="bbox 2122 2334 3710 2409">
    <p class='ocr_par' dir='ltr' id='par_1_69' title="bbox 2122 2334 3710 2409">
     <span class='ocr_line' id='line_1_69' title="bbox 2122 2334 3710 2409; baseline 0.001 -19"><span class='ocrx_word' id='word_1_473' title='bbox 2122 2334 2397 2392; x_wconf 89' lang='lat' dir='ltr'><strong>lutulento</strong></span> <span class='ocrx_word' id='word_1_474' title='bbox 2430 2337 2649 2409; x_wconf 73' lang='lat' dir='ltr'><strong>gurgite</strong></span> <span class='ocrx_word' id='word_1_475' title='bbox 2678 2338 2980 2407; x_wconf 73' lang='lat' dir='ltr'><strong>depressus</strong></span> <span class='ocrx_word' id='word_1_476' title='bbox 3016 2350 3072 2395; x_wconf 91' lang='lat' dir='ltr'><strong>et</strong></span> <span class='ocrx_word' id='word_1_477' title='bbox 3132 2340 3437 2396; x_wconf 77' lang='lat' dir='ltr'><strong>suffocatus</strong></span> <span class='ocrx_word' id='word_1_478' title='bbox 3476 2340 3710 2408; x_wconf 81' lang='lat' dir='ltr'><strong>interiit,</strong></span> 
     </span>
    </p>
   </div>
   <div class='ocr_carea' id='block_1_70' title="bbox 2124 2428 3712 2500">
    <p class='ocr_par' dir='ltr' id='par_1_70' title="bbox 2124 2428 3712 2500">
     <span class='ocr_line' id='line_1_70' title="bbox 2124 2428 3712 2500; baseline 0.003 -17"><span class='ocrx_word' id='word_1_479' title='bbox 2124 2443 2269 2484; x_wconf 89' lang='lat' dir='ltr'><strong>anno</strong></span> <span class='ocrx_word' id='word_1_480' title='bbox 2298 2428 2617 2485; x_wconf 89' lang='lat' dir='ltr'><strong>Christiano</strong></span> <span class='ocrx_word' id='word_1_481' title='bbox 2659 2429 2819 2495; x_wconf 80' lang='grc'>1526,</span> <span class='ocrx_word' id='word_1_482' title='bbox 2842 2431 2933 2488; x_wconf 89' lang='lat' dir='ltr'><strong>die</strong></span> <span class='ocrx_word' id='word_1_483' title='bbox 2974 2433 3179 2489; x_wconf 81' lang='lat' dir='ltr'><strong>mensis</strong></span> <span class='ocrx_word' id='word_1_484' title='bbox 3200 2433 3427 2500; x_wconf 67' lang='lat' dir='ltr'><strong>sextilis</strong></span> <span class='ocrx_word' id='word_1_485' title='bbox 3448 2433 3712 2489; x_wconf 82' lang='lat' dir='ltr'><strong>vicesimo</strong></span> 
     </span>
    </p>
   </div>
   <div class='ocr_carea' id='block_1_71' title="bbox 2072 2519 3711 2591">
    <p class='ocr_par' dir='ltr' id='par_1_71' title="bbox 2072 2519 3711 2591">
     <span class='ocr_line' id='line_1_71' title="bbox 2072 2519 3711 2591; baseline 0.002 -17"><span class='ocrx_word' id='word_1_486' title='bbox 2072 2548 2075 2553; x_wconf 67' lang='grc'><strong>»</strong></span> <span class='ocrx_word' id='word_1_487' title='bbox 2125 2535 2292 2588; x_wconf 83' lang='grc' dir='ltr'><strong>ηοηο,</strong></span> <span class='ocrx_word' id='word_1_488' title='bbox 2315 2519 2546 2578; x_wconf 84' lang='lat' dir='ltr'><strong>Joannis</strong></span> <span class='ocrx_word' id='word_1_489' title='bbox 2575 2522 2831 2591; x_wconf 68' lang='lat' dir='ltr'><strong>Baptista:</strong></span> <span class='ocrx_word' id='word_1_490' title='bbox 2858 2524 3246 2580; x_wconf 86' lang='lat' dir='ltr'><strong>decollationis</strong></span> <span class='ocrx_word' id='word_1_491' title='bbox 3278 2526 3559 2580; x_wconf 66' lang='lat' dir='ltr'><strong>memoriae</strong></span> <span class='ocrx_word' id='word_1_492' title='bbox 3626 2525 3711 2578; x_wconf 87' lang='lat' dir='ltr'><strong>di-</strong></span> 
     </span>
    </p>
   </div>
   <div class='ocr_carea' id='block_1_72' title="bbox 2124 2615 3705 2685">
    <p class='ocr_par' dir='ltr' id='par_1_72' title="bbox 2124 2615 3705 2685">
     <span class='ocr_line' id='line_1_72' title="bbox 2124 2615 3705 2685; baseline 0.001 -17"><span class='ocrx_word' id='word_1_493' title='bbox 2124 2622 2269 2679; x_wconf 88' lang='lat' dir='ltr'><strong>cato,</strong></span> <span class='ocrx_word' id='word_1_494' title='bbox 2302 2627 2402 2681; x_wconf 90' lang='lat' dir='ltr'><strong>pro</strong></span> <span class='ocrx_word' id='word_1_495' title='bbox 2438 2629 2548 2683; x_wconf 91' lang='lat' dir='ltr'><strong>quo</strong></span> <span class='ocrx_word' id='word_1_496' title='bbox 2572 2615 2810 2670; x_wconf 88' lang='lat' dir='ltr'><strong>natalem</strong></span> <span class='ocrx_word' id='word_1_497' title='bbox 2834 2615 2926 2669; x_wconf 89' lang='lat' dir='ltr'><strong>alii</strong></span> <span class='ocrx_word' id='word_1_498' title='bbox 2953 2631 3062 2671; x_wconf 91' lang='lat' dir='ltr'><strong>non</strong></span> <span class='ocrx_word' id='word_1_499' title='bbox 3089 2625 3240 2671; x_wconf 85' lang='lat' dir='ltr'><strong>recte</strong></span> <span class='ocrx_word' id='word_1_500' title='bbox 3272 2623 3502 2685; x_wconf 87' lang='lat' dir='ltr'><strong>ponunt,</strong></span> <span class='ocrx_word' id='word_1_501' title='bbox 3530 2617 3584 2671; x_wconf 91' lang='lat' dir='ltr'><strong>id</strong></span> <span class='ocrx_word' id='word_1_502' title='bbox 3617 2628 3705 2671; x_wconf 86' lang='lat' dir='ltr'><strong>cst</strong></span> 
     </span>
    </p>
   </div>
   <div class='ocr_carea' id='block_1_73' title="bbox 2123 2698 3707 2773">
    <p class='ocr_par' dir='ltr' id='par_1_73' title="bbox 2123 2698 3707 2773">
     <span class='ocr_line' id='line_1_73' title="bbox 2123 2698 3707 2773; baseline 0.002 -18"><span class='ocrx_word' id='word_1_503' title='bbox 2123 2700 2385 2757; x_wconf 81' lang='lat' dir='ltr'><strong>vicesimo</strong></span> <span class='ocrx_word' id='word_1_504' title='bbox 2413 2714 2610 2773; x_wconf 86' lang='lat' dir='ltr'><strong>quarto</strong></span> <span class='ocrx_word' id='word_1_505' title='bbox 2640 2698 2826 2759; x_wconf 83' lang='lat' dir='ltr'><strong>Junii.</strong></span> <span class='ocrx_word' id='word_1_506' title='bbox 2861 2703 3039 2761; x_wconf 88' lang='lat' dir='ltr'><strong>Filius</strong></span> <span class='ocrx_word' id='word_1_507' title='bbox 3065 2698 3183 2761; x_wconf 77' lang='lat' dir='ltr'><strong>erat</strong></span> <span class='ocrx_word' id='word_1_508' title='bbox 3232 2704 3499 2759; x_wconf 82' lang='lat' dir='ltr'><strong>Vladislai</strong></span> <span class='ocrx_word' id='word_1_509' title='bbox 3526 2704 3707 2771; x_wconf 77' lang='lat' dir='ltr'><strong>Jagel-</strong></span> 
     </span>
    </p>
   </div>
   <div class='ocr_carea' id='block_1_74' title="bbox 2124 2790 3708 2867">
    <p class='ocr_par' dir='ltr' id='par_1_74' title="bbox 2124 2790 3708 2867">
     <span class='ocr_line' id='line_1_74' title="bbox 2124 2790 3708 2867; baseline -0.002 -18"><span class='ocrx_word' id='word_1_510' title='bbox 2124 2792 2284 2858; x_wconf 87' lang='lat' dir='ltr'><strong>lenii,</strong></span> <span class='ocrx_word' id='word_1_511' title='bbox 2318 2790 2577 2849; x_wconf 89' lang='lat' dir='ltr'><strong>Casimiri</strong></span> <span class='ocrx_word' id='word_1_512' title='bbox 2619 2792 2865 2853; x_wconf 74' lang='lat' dir='ltr'><strong>Poloniae</strong></span> <span class='ocrx_word' id='word_1_513' title='bbox 2898 2795 3046 2867; x_wconf 76' lang='lat' dir='ltr'><strong>regis</strong></span> <span class='ocrx_word' id='word_1_514' title='bbox 3103 2811 3296 2866; x_wconf 90' lang='lat' dir='ltr'><strong>nepos.</strong></span> <span class='ocrx_word' id='word_1_515' title='bbox 3346 2795 3571 2850; x_wconf 78' lang='lat' dir='ltr'><strong>Matrem</strong></span> <span class='ocrx_word' id='word_1_516' title='bbox 3609 2796 3708 2849; x_wconf 78' lang='lat' dir='ltr'><strong>lm-</strong></span> 
     </span>
    </p>
   </div>
   <div class='ocr_carea' id='block_1_75' title="bbox 2124 2884 3711 2957">
    <p class='ocr_par' dir='ltr' id='par_1_75' title="bbox 2124 2884 3711 2957">
     <span class='ocr_line' id='line_1_75' title="bbox 2124 2884 3711 2957; baseline 0.001 -19"><span class='ocrx_word' id='word_1_517' title='bbox 2124 2884 2245 2939; x_wconf 82' lang='lat' dir='ltr'><strong>huit</strong></span> <span class='ocrx_word' id='word_1_518' title='bbox 2267 2884 2481 2939; x_wconf 82' lang='lat' dir='ltr'><strong>Annam</strong></span> <span class='ocrx_word' id='word_1_519' title='bbox 2518 2884 2944 2948; x_wconf 86' lang='lat' dir='ltr'><strong>Candalensem,</strong></span> <span class='ocrx_word' id='word_1_520' title='bbox 2965 2886 3128 2957; x_wconf 71' lang='lat' dir='ltr'><strong>regia:</strong></span> <span class='ocrx_word' id='word_1_521' title='bbox 3149 2885 3475 2941; x_wconf 71' lang='lat' dir='ltr'><strong>Navarrente</strong></span> <span class='ocrx_word' id='word_1_522' title='bbox 3514 2886 3711 2954; x_wconf 88' lang='lat' dir='ltr'><strong>stirpis</strong></span> 
     </span>
    </p>
   </div>
   <div class='ocr_carea' id='block_1_76' title="bbox 2125 2972 3714 3047">
    <p class='ocr_par' dir='ltr' id='par_1_76' title="bbox 2125 2972 3714 3047">
     <span class='ocr_line' id='line_1_76' title="bbox 2125 2972 3714 3047; baseline 0 -18"><span class='ocrx_word' id='word_1_523' title='bbox 2125 2973 2269 3045; x_wconf 90' lang='lat' dir='ltr'><strong>apud</strong></span> <span class='ocrx_word' id='word_1_524' title='bbox 2298 2972 2600 3041; x_wconf 76' lang='lat' dir='ltr'><strong>Vascones,</strong></span> <span class='ocrx_word' id='word_1_525' title='bbox 2634 2981 2689 3030; x_wconf 89' lang='lat' dir='ltr'><strong>in</strong></span> <span class='ocrx_word' id='word_1_526' title='bbox 2713 2975 2888 3032; x_wconf 81' lang='lat' dir='ltr'><strong>Gallia</strong></span> <span class='ocrx_word' id='word_1_527' title='bbox 2912 2992 3067 3047; x_wconf 65' lang='lat' dir='ltr'><strong>mue</strong></span> <span class='ocrx_word' id='word_1_528' title='bbox 3104 2976 3251 3032; x_wconf 87' lang='lat' dir='ltr'><strong>nulla</strong></span> <span class='ocrx_word' id='word_1_529' title='bbox 3284 2986 3411 3032; x_wconf 90' lang='lat' dir='ltr'><strong>cute</strong></span> <span class='ocrx_word' id='word_1_530' title='bbox 3440 2977 3523 3031; x_wconf 89' lang='lat' dir='ltr'><strong>vel</strong></span> <span class='ocrx_word' id='word_1_531' title='bbox 3570 2977 3714 3044; x_wconf 86' lang='lat' dir='ltr'><strong>pelle</strong></span> 
     </span>
    </p>
   </div>
   <div class='ocr_carea' id='block_1_77' title="bbox 2126 3067 3715 3140">
    <p class='ocr_par' dir='ltr' id='par_1_77' title="bbox 2126 3067 3715 3140">
     <span class='ocr_line' id='line_1_77' title="bbox 2126 3067 3715 3140; baseline -0.004 -15"><span class='ocrx_word' id='word_1_532' title='bbox 2126 3076 2329 3125; x_wconf 91' lang='lat' dir='ltr'><strong>tectum</strong></span> <span class='ocrx_word' id='word_1_533' title='bbox 2358 3067 2411 3124; x_wconf 91' lang='lat' dir='ltr'><strong>in</strong></span> <span class='ocrx_word' id='word_1_534' title='bbox 2436 3068 2612 3123; x_wconf 90' lang='lat' dir='ltr'><strong>lucem</strong></span> <span class='ocrx_word' id='word_1_535' title='bbox 2644 3069 3021 3140; x_wconf 84' lang='lat' dir='ltr'><strong>edidit,quam</strong></span> <span class='ocrx_word' id='word_1_536' title='bbox 3081 3077 3271 3140; x_wconf 85' lang='lat' dir='ltr'><strong>postea</strong></span> <span class='ocrx_word' id='word_1_537' title='bbox 3316 3068 3545 3125; x_wconf 84' lang='lat' dir='ltr'><strong>medicis</strong></span> <span class='ocrx_word' id='word_1_538' title='bbox 3596 3078 3715 3121; x_wconf 78' lang='lat' dir='ltr'><strong>arte</strong></span> 
     </span>
    </p>
   </div>
   <div class='ocr_carea' id='block_1_78' title="bbox 2124 3158 3716 3228">
    <p class='ocr_par' dir='ltr' id='par_1_78' title="bbox 2124 3158 3716 3228">
     <span class='ocr_line' id='line_1_78' title="bbox 2124 3158 3716 3228; baseline 0 -13"><span class='ocrx_word' id='word_1_539' title='bbox 2124 3166 2379 3215; x_wconf 87' lang='lat' dir='ltr'><strong>naturam</strong></span> <span class='ocrx_word' id='word_1_540' title='bbox 2440 3158 2769 3228; x_wconf 88' lang='lat' dir='ltr'><strong>juvantibns</strong></span> <span class='ocrx_word' id='word_1_541' title='bbox 2799 3172 2886 3216; x_wconf 89' lang='lat' dir='ltr'><strong>est</strong></span> <span class='ocrx_word' id='word_1_542' title='bbox 2918 3169 3266 3217; x_wconf 89' lang='lat' dir='ltr'><strong>consecutus.</strong></span> <span class='ocrx_word' id='word_1_543' title='bbox 3310 3160 3573 3215; x_wconf 82' lang='lat' dir='ltr'><strong>Habitum</strong></span> <span class='ocrx_word' id='word_1_544' title='bbox 3609 3159 3716 3215; x_wconf 83' lang='lat' dir='ltr'><strong>hoc</strong></span> 
     </span>
    </p>
   </div>
   <div class='ocr_carea' id='block_1_79' title="bbox 2127 3249 3718 3322">
    <p class='ocr_par' dir='ltr' id='par_1_79' title="bbox 2127 3249 3718 3322">
     <span class='ocr_line' id='line_1_79' title="bbox 2127 3249 3718 3322; baseline -0.001 -17"><span class='ocrx_word' id='word_1_545' title='bbox 2127 3249 2372 3307; x_wconf 88' lang='lat' dir='ltr'><strong>infelicis</strong></span> <span class='ocrx_word' id='word_1_546' title='bbox 2399 3253 2603 3307; x_wconf 92' lang='lat' dir='ltr'><strong>ominis</strong></span> <span class='ocrx_word' id='word_1_547' title='bbox 2656 3253 2799 3308; x_wconf 91' lang='lat' dir='ltr'><strong>loco.</strong></span> <span class='ocrx_word' id='word_1_548' title='bbox 2835 3254 2997 3307; x_wconf 85' lang='lat' dir='ltr'><strong>Pater</strong></span> <span class='ocrx_word' id='word_1_549' title='bbox 3051 3251 3379 3322; x_wconf 80' lang='lat' dir='ltr'><strong>baptizando</strong></span> <span class='ocrx_word' id='word_1_550' title='bbox 3431 3266 3529 3321; x_wconf 91' lang='lat' dir='ltr'><strong>pro</strong></span> <span class='ocrx_word' id='word_1_551' title='bbox 3562 3267 3718 3306; x_wconf 89' lang='lat' dir='ltr'><strong>more</strong></span> 
     </span>
    </p>
   </div>
   <div class='ocr_carea' id='block_1_80' title="bbox 2124 3340 3712 3407">
    <p class='ocr_par' dir='ltr' id='par_1_80' title="bbox 2124 3340 3712 3407">
     <span class='ocr_line' id='line_1_80' title="bbox 2124 3340 3712 3407; baseline -0.001 -11"><span class='ocrx_word' id='word_1_552' title='bbox 2124 3340 2462 3407; x_wconf 82' lang='lat' dir='ltr'><strong>Christiano,</strong></span> <span class='ocrx_word' id='word_1_553' title='bbox 2489 3341 2619 3399; x_wconf 91' lang='lat' dir='ltr'><strong>Julii</strong></span> <span class='ocrx_word' id='word_1_554' title='bbox 2671 3360 2865 3398; x_wconf 90' lang='lat' dir='ltr'><strong>nomen</strong></span> <span class='ocrx_word' id='word_1_555' title='bbox 2933 3344 3118 3399; x_wconf 89' lang='lat' dir='ltr'><strong>indere</strong></span> <span class='ocrx_word' id='word_1_556' title='bbox 3171 3343 3486 3399; x_wconf 84' lang='lat' dir='ltr'><strong>decreverat</strong></span> <span class='ocrx_word' id='word_1_557' title='bbox 3543 3359 3563 3403; x_wconf 85' lang='lat'><strong>:</strong></span> <span class='ocrx_word' id='word_1_558' title='bbox 3615 3344 3712 3398; x_wconf 79' lang='lat' dir='ltr'><strong>sed</strong></span> 
     </span>
    </p>
   </div>
   <div class='ocr_carea' id='block_1_81' title="bbox 2126 3433 3711 3505">
    <p class='ocr_par' dir='ltr' id='par_1_81' title="bbox 2126 3433 3711 3505">
     <span class='ocr_line' id='line_1_81' title="bbox 2126 3433 3711 3505; baseline 0.001 -18"><span class='ocrx_word' id='word_1_559' title='bbox 2126 3433 2273 3489; x_wconf 88' lang='lat' dir='ltr'><strong>aliud</strong></span> <span class='ocrx_word' id='word_1_560' title='bbox 2305 3434 2574 3491; x_wconf 87' lang='lat' dir='ltr'><strong>suadente</strong></span> <span class='ocrx_word' id='word_1_561' title='bbox 2607 3442 2801 3500; x_wconf 87' lang='lat' dir='ltr'><strong>matre,</strong></span> <span class='ocrx_word' id='word_1_562' title='bbox 2864 3434 3182 3491; x_wconf 88' lang='lat' dir='ltr'><strong>Ludovicus</strong></span> <span class='ocrx_word' id='word_1_563' title='bbox 3219 3435 3322 3489; x_wconf 89' lang='lat' dir='ltr'><strong>fuit</strong></span> <span class='ocrx_word' id='word_1_564' title='bbox 3375 3434 3711 3505; x_wconf 86' lang='lat' dir='ltr'><strong>appellatus.</strong></span> 
     </span>
    </p>
   </div>
   <div class='ocr_carea' id='block_1_82' title="bbox 2126 3522 3716 3598">
    <p class='ocr_par' dir='ltr' id='par_1_82' title="bbox 2126 3522 3716 3598">
     <span class='ocr_line' id='line_1_82' title="bbox 2126 3522 3716 3598; baseline -0.001 -17"><span class='ocrx_word' id='word_1_565' title='bbox 2126 3525 2243 3582; x_wconf 79' lang='lat' dir='ltr'><strong>Hoc</strong></span> <span class='ocrx_word' id='word_1_566' title='bbox 2279 3526 2469 3583; x_wconf 87' lang='lat' dir='ltr'><strong>itidem</strong></span> <span class='ocrx_word' id='word_1_567' title='bbox 2505 3529 2818 3583; x_wconf 89' lang='lat' dir='ltr'><strong>ominosum</strong></span> <span class='ocrx_word' id='word_1_568' title='bbox 2848 3527 3130 3598; x_wconf 87' lang='lat' dir='ltr'><strong>plerisque</strong></span> <span class='ocrx_word' id='word_1_569' title='bbox 3160 3522 3359 3592; x_wconf 80' lang='lat' dir='ltr'><strong>visum,</strong></span> <span class='ocrx_word' id='word_1_570' title='bbox 3395 3527 3543 3597; x_wconf 89' lang='lat' dir='ltr'><strong>quod</strong></span> <span class='ocrx_word' id='word_1_571' title='bbox 3567 3543 3716 3585; x_wconf 79' lang='lat' dir='ltr'><strong>unus</strong></span> 
     </span>
    </p>
   </div>
   <div class='ocr_carea' id='block_1_83' title="bbox 2125 3612 3711 3690">
    <p class='ocr_par' dir='ltr' id='par_1_83' title="bbox 2125 3612 3711 3690">
     <span class='ocr_line' id='line_1_83' title="bbox 2125 3612 3711 3690; baseline 0.001 -16"><span class='ocrx_word' id='word_1_572' title='bbox 2125 3618 2233 3676; x_wconf 90' lang='lat' dir='ltr'><strong>hoc</strong></span> <span class='ocrx_word' id='word_1_573' title='bbox 2260 3618 2483 3675; x_wconf 92' lang='lat' dir='ltr'><strong>nomine</strong></span> <span class='ocrx_word' id='word_1_574' title='bbox 2515 3634 2607 3673; x_wconf 77' lang='lat' dir='ltr'><strong>rex</strong></span> <span class='ocrx_word' id='word_1_575' title='bbox 2637 3618 2915 3688; x_wconf 86' lang='lat' dir='ltr'><strong>quondam</strong></span> <span class='ocrx_word' id='word_1_576' title='bbox 2956 3617 3101 3688; x_wconf 87' lang='lat' dir='ltr'><strong>apud</strong></span> <span class='ocrx_word' id='word_1_577' title='bbox 3129 3612 3379 3690; x_wconf 79' lang='lat' dir='ltr'><strong>Ungaros</strong></span> <span class='ocrx_word' id='word_1_578' title='bbox 3424 3620 3637 3690; x_wconf 89' lang='lat' dir='ltr'><strong>pariter</strong></span> <span class='ocrx_word' id='word_1_579' title='bbox 3654 3630 3711 3676; x_wconf 91' lang='lat' dir='ltr'><strong>et</strong></span> 
     </span>
    </p>
   </div>
   <div class='ocr_carea' id='block_1_84' title="bbox 2125 3709 3712 3782">
    <p class='ocr_par' dir='ltr' id='par_1_84' title="bbox 2125 3709 3712 3782">
     <span class='ocr_line' id='line_1_84' title="bbox 2125 3709 3712 3782; baseline 0.003 -18"><span class='ocrx_word' id='word_1_580' title='bbox 2125 3710 2366 3766; x_wconf 84' lang='lat' dir='ltr'><strong>Polonos</strong></span> <span class='ocrx_word' id='word_1_581' title='bbox 2420 3725 2603 3772; x_wconf 88' lang='lat' dir='ltr'><strong>rerum</strong></span> <span class='ocrx_word' id='word_1_582' title='bbox 2631 3710 2835 3781; x_wconf 89' lang='lat' dir='ltr'><strong>potitus</strong></span> <span class='ocrx_word' id='word_1_583' title='bbox 2894 3709 3115 3775; x_wconf 88' lang='lat' dir='ltr'><strong>fuisset,</strong></span> <span class='ocrx_word' id='word_1_584' title='bbox 3177 3711 3512 3782; x_wconf 76' lang='lat' dir='ltr'><strong>Sigismundi</strong></span> <span class='ocrx_word' id='word_1_585' title='bbox 3565 3714 3712 3780; x_wconf 68' lang='lat' dir='ltr'><strong>regis</strong></span> 
     </span>
    </p>
   </div>
   <div class='ocr_carea' id='block_1_85' title="bbox 2124 3792 3709 3872">
    <p class='ocr_par' dir='ltr' id='par_1_85' title="bbox 2124 3792 3709 3872">
     <span class='ocr_line' id='line_1_85' title="bbox 2124 3792 3709 3872; baseline 0 -16"><span class='ocrx_word' id='word_1_586' title='bbox 2124 3812 2180 3856; x_wconf 85' lang='lat' dir='ltr'><strong>et</strong></span> <span class='ocrx_word' id='word_1_587' title='bbox 2212 3809 2337 3871; x_wconf 88' lang='lat' dir='ltr'><strong>post</strong></span> <span class='ocrx_word' id='word_1_588' title='bbox 2365 3800 2720 3872; x_wconf 67' lang='lat' dir='ltr'><strong>itnperaioris</strong></span> <span class='ocrx_word' id='word_1_589' title='bbox 2747 3792 2924 3866; x_wconf 80' lang='lat' dir='ltr'><strong>socer,</strong></span> <span class='ocrx_word' id='word_1_590' title='bbox 2958 3817 2989 3856; x_wconf 90' lang='lat' dir='ltr'><strong>e</strong></span> <span class='ocrx_word' id='word_1_591' title='bbox 3018 3798 3226 3857; x_wconf 82' lang='lat' dir='ltr'><strong>Gallica</strong></span> <span class='ocrx_word' id='word_1_592' title='bbox 3258 3801 3462 3856; x_wconf 80' lang='lat' dir='ltr'><strong>familia</strong></span> <span class='ocrx_word' id='word_1_593' title='bbox 3518 3819 3709 3872; x_wconf 75' lang='lat' dir='ltr'><strong>regunt</strong></span> 
     </span>
    </p>
   </div>
   <div class='ocr_carea' id='block_1_86' title="bbox 2124 3887 3706 3964">
    <p class='ocr_par' dir='ltr' id='par_1_86' title="bbox 2124 3887 3706 3964">
     <span class='ocr_line' id='line_1_86' title="bbox 2124 3887 3706 3964; baseline -0.001 -17"><span class='ocrx_word' id='word_1_594' title='bbox 2124 3887 2605 3962; x_wconf 83' lang='lat' dir='ltr'><strong>Neapolitanorum</strong></span> <span class='ocrx_word' id='word_1_595' title='bbox 2632 3904 2811 3956; x_wconf 89' lang='lat' dir='ltr'><strong>ortus,</strong></span> <span class='ocrx_word' id='word_1_596' title='bbox 2844 3892 3073 3963; x_wconf 87' lang='lat' dir='ltr'><strong>ideoque</strong></span> <span class='ocrx_word' id='word_1_597' title='bbox 3103 3893 3298 3949; x_wconf 89' lang='lat' dir='ltr'><strong>Loisus</strong></span> <span class='ocrx_word' id='word_1_598' title='bbox 3322 3894 3479 3964; x_wconf 75' lang='lat' dir='ltr'><strong>vulgo</strong></span> <span class='ocrx_word' id='word_1_599' title='bbox 3498 3894 3706 3961; x_wconf 80' lang='lat' dir='ltr'><strong>dictus,</strong></span> 
     </span>
    </p>
   </div>
   <div class='ocr_carea' id='block_1_87' title="bbox 2123 3981 3714 4053">
    <p class='ocr_par' dir='ltr' id='par_1_87' title="bbox 2123 3981 3714 4053">
     <span class='ocr_line' id='line_1_87' title="bbox 2123 3981 3714 4053; baseline 0.003 -18"><span class='ocrx_word' id='word_1_600' title='bbox 2123 3982 2216 4052; x_wconf 90' lang='lat' dir='ltr'><strong>qui</strong></span> <span class='ocrx_word' id='word_1_601' title='bbox 2246 3981 2486 4038; x_wconf 89' lang='lat' dir='ltr'><strong>moriens</strong></span> <span class='ocrx_word' id='word_1_602' title='bbox 2512 3983 2817 4037; x_wconf 89' lang='lat' dir='ltr'><strong>masculum</strong></span> <span class='ocrx_word' id='word_1_603' title='bbox 2845 3981 3118 4038; x_wconf 72' lang='lat' dir='ltr'><strong>haeredem</strong></span> <span class='ocrx_word' id='word_1_604' title='bbox 3148 3994 3270 4053; x_wconf 90' lang='lat' dir='ltr'><strong>post</strong></span> <span class='ocrx_word' id='word_1_605' title='bbox 3299 4000 3358 4040; x_wconf 89' lang='lat' dir='ltr'><strong>se</strong></span> <span class='ocrx_word' id='word_1_606' title='bbox 3382 3985 3591 4040; x_wconf 92' lang='lat' dir='ltr'><strong>nullum</strong></span> <span class='ocrx_word' id='word_1_607' title='bbox 3628 4001 3714 4040; x_wconf 90' lang='lat' dir='ltr'><strong>re-</strong></span> 
     </span>
    </p>
   </div>
   <div class='ocr_carea' id='block_1_88' title="bbox 2123 4072 3712 4147">
    <p class='ocr_par' dir='ltr' id='par_1_88' title="bbox 2123 4072 3712 4147">
     <span class='ocr_line' id='line_1_88' title="bbox 2123 4072 3712 4147; baseline 0.001 -20"><span class='ocrx_word' id='word_1_608' title='bbox 2123 4072 2387 4144; x_wconf 88' lang='lat' dir='ltr'><strong>liquerat.</strong></span> <span class='ocrx_word' id='word_1_609' title='bbox 2416 4073 2729 4128; x_wconf 87' lang='lat' dir='ltr'><strong>Narrantur</strong></span> <span class='ocrx_word' id='word_1_610' title='bbox 2780 4081 2835 4128; x_wconf 88' lang='lat' dir='ltr'><strong>ct</strong></span> <span class='ocrx_word' id='word_1_611' title='bbox 2895 4073 3028 4140; x_wconf 86' lang='lat' dir='ltr'><strong>alia,</strong></span> <span class='ocrx_word' id='word_1_612' title='bbox 3084 4090 3209 4143; x_wconf 72' lang='lat' dir='ltr'><strong>qua:</strong></span> <span class='ocrx_word' id='word_1_613' title='bbox 3270 4075 3475 4129; x_wconf 86' lang='lat' dir='ltr'><strong>infelici</strong></span> <span class='ocrx_word' id='word_1_614' title='bbox 3525 4075 3712 4147; x_wconf 78' lang='lat' dir='ltr'><strong>juveni</strong></span> 
     </span>
    </p>
   </div>
   <div class='ocr_carea' id='block_1_89' title="bbox 2124 4160 3710 4237">
    <p class='ocr_par' dir='ltr' id='par_1_89' title="bbox 2124 4160 3710 4237">
     <span class='ocr_line' id='line_1_89' title="bbox 2124 4160 3710 4237; baseline 0 -20"><span class='ocrx_word' id='word_1_615' title='bbox 2124 4160 2347 4237; x_wconf 88' lang='lat' dir='ltr'><strong>(quippe</strong></span> <span class='ocrx_word' id='word_1_616' title='bbox 2372 4164 2695 4220; x_wconf 85' lang='lat' dir='ltr'><strong>vicesimum</strong></span> <span class='ocrx_word' id='word_1_617' title='bbox 2750 4164 2986 4235; x_wconf 89' lang='lat' dir='ltr'><strong>primum</strong></span> <span class='ocrx_word' id='word_1_618' title='bbox 3041 4166 3221 4222; x_wconf 65' lang='lat' dir='ltr'><strong>actatis</strong></span> <span class='ocrx_word' id='word_1_619' title='bbox 3265 4165 3710 4237; x_wconf 76' lang='lat' dir='ltr'><strong>agebatannum,</strong></span> 
     </span>
    </p>
   </div>
   <div class='ocr_carea' id='block_1_90' title="bbox 2126 4256 3710 4327">
    <p class='ocr_par' dir='ltr' id='par_1_90' title="bbox 2126 4256 3710 4327">
     <span class='ocr_line' id='line_1_90' title="bbox 2126 4256 3710 4327; baseline 0.001 -17"><span class='ocrx_word' id='word_1_620' title='bbox 2126 4271 2251 4311; x_wconf 88' lang='lat' dir='ltr'><strong>cum</strong></span> <span class='ocrx_word' id='word_1_621' title='bbox 2279 4256 2547 4325; x_wconf 84' lang='lat' dir='ltr'><strong>interiret)</strong></span> <span class='ocrx_word' id='word_1_622' title='bbox 2593 4256 2909 4312; x_wconf 87' lang='lat' dir='ltr'><strong>tristissima</strong></span> <span class='ocrx_word' id='word_1_623' title='bbox 2943 4273 3172 4325; x_wconf 80' lang='lat' dir='ltr'><strong>quaeque</strong></span> <span class='ocrx_word' id='word_1_624' title='bbox 3236 4257 3559 4327; x_wconf 88' lang='lat' dir='ltr'><strong>portendere</strong></span> <span class='ocrx_word' id='word_1_625' title='bbox 3587 4274 3710 4313; x_wconf 82' lang='lat' dir='ltr'><strong>cre-</strong></span> 
     </span>
    </p>
   </div>
   <div class='ocr_carea' id='block_1_91' title="bbox 430 4332 3708 4419">
    <p class='ocr_par' dir='ltr' id='par_1_91' title="bbox 430 4332 3708 4419">
     <span class='ocr_line' id='line_1_91' title="bbox 430 4332 3708 4419; baseline 0.005 -31"><span class='ocrx_word' id='word_1_626' title='bbox 430 4334 529 4391; x_wconf 85' lang='lat' dir='ltr'><strong>cit.</strong></span> <span class='ocrx_word' id='word_1_627' title='bbox 565 4332 865 4403; x_wconf 83' lang='lat' dir='ltr'><strong>Supremos</strong></span> <span class='ocrx_word' id='word_1_628' title='bbox 913 4336 1291 4393; x_wconf 88' lang='lat' dir='ltr'><strong>thesaurarius</strong></span> <span class='ocrx_word' id='word_1_629' title='bbox 1321 4338 1373 4391; x_wconf 91' lang='lat' dir='ltr'><strong>in</strong></span> <span class='ocrx_word' id='word_1_630' title='bbox 1395 4337 1594 4394; x_wconf 87' lang='lat' dir='ltr'><strong>Olliciis</strong></span> <span class='ocrx_word' id='word_1_631' title='bbox 1619 4340 1795 4396; x_wconf 76' lang='lat' dir='ltr'><strong>Portre</strong></span> <span class='ocrx_word' id='word_1_632' title='bbox 1822 4340 2015 4397; x_wconf 87' lang='lat' dir='ltr'><strong>Osma-</strong></span> <span class='ocrx_word' id='word_1_633' title='bbox 2043 4336 2094 4396; x_wconf 88' lang='lat' dir='ltr'><strong>D</strong></span> <span class='ocrx_word' id='word_1_634' title='bbox 2120 4347 2414 4403; x_wconf 86' lang='lat' dir='ltr'><strong>debantur.</strong></span> <span class='ocrx_word' id='word_1_635' title='bbox 2443 4344 2647 4403; x_wconf 77' lang='lat' dir='ltr'><strong>Retulit</strong></span> <span class='ocrx_word' id='word_1_636' title='bbox 2679 4348 2978 4418; x_wconf 86' lang='lat' dir='ltr'><strong>aliquando</strong></span> <span class='ocrx_word' id='word_1_637' title='bbox 3057 4348 3188 4402; x_wconf 84' lang='lat' dir='ltr'><strong>mihi</strong></span> <span class='ocrx_word' id='word_1_638' title='bbox 3222 4364 3525 4419; x_wconf 82' lang='lat' dir='ltr'><strong>generosus</strong></span> <span class='ocrx_word' id='word_1_639' title='bbox 3556 4360 3611 4404; x_wconf 86' lang='lat' dir='ltr'><strong>et</strong></span> <span class='ocrx_word' id='word_1_640' title='bbox 3644 4350 3708 4404; x_wconf 83' lang='lat' dir='ltr'><strong>il-</strong></span> 
     </span>
    </p>
   </div>
   <div class='ocr_carea' id='block_1_92' title="bbox 434 4427 2012 4505">
    <p class='ocr_par' dir='ltr' id='par_1_92' title="bbox 434 4427 2012 4505">
     <span class='ocr_line' id='line_1_92' title="bbox 434 4427 2012 4505; baseline 0.007 -26"><span class='ocrx_word' id='word_1_641' title='bbox 434 4428 573 4486; x_wconf 55' lang='lat' dir='ltr'><strong>nit-te</strong></span> <span class='ocrx_word' id='word_1_642' title='bbox 613 4427 935 4484; x_wconf 87' lang='lat' dir='ltr'><strong>Chasnadar</strong></span> <span class='ocrx_word' id='word_1_643' title='bbox 966 4429 1115 4485; x_wconf 86' lang='lat' dir='ltr'><strong>bassi</strong></span> <span class='ocrx_word' id='word_1_644' title='bbox 1166 4430 1393 4486; x_wconf 90' lang='lat' dir='ltr'><strong>dicitur.</strong></span> <span class='ocrx_word' id='word_1_645' title='bbox 1455 4430 1657 4488; x_wconf 85' lang='lat' dir='ltr'><strong>Eorum</strong></span> <span class='ocrx_word' id='word_1_646' title='bbox 1720 4435 2012 4505; x_wconf 84' lang='lat' dir='ltr'><strong>explicatio</strong></span> 
     </span>
    </p>
   </div>
   <div class='ocr_carea' id='block_1_93' title="bbox 433 4519 2013 4588">
    <p class='ocr_par' dir='ltr' id='par_1_93' title="bbox 433 4519 2013 4588">
     <span class='ocr_line' id='line_1_93' title="bbox 433 4519 2013 4588; baseline 0.003 -17"><span class='ocrx_word' id='word_1_647' title='bbox 433 4533 617 4581; x_wconf 60' lang='lat' dir='ltr'><strong>suum,</strong></span> <span class='ocrx_word' id='word_1_648' title='bbox 652 4534 758 4573; x_wconf 73' lang='lat' dir='ltr'><strong>non</strong></span> <span class='ocrx_word' id='word_1_649' title='bbox 795 4519 965 4574; x_wconf 90' lang='lat' dir='ltr'><strong>multo</strong></span> <span class='ocrx_word' id='word_1_650' title='bbox 996 4529 1138 4588; x_wconf 88' lang='lat' dir='ltr'><strong>post,</strong></span> <span class='ocrx_word' id='word_1_651' title='bbox 1177 4519 1359 4573; x_wconf 81' lang='lat' dir='ltr'><strong>letum</strong></span> <span class='ocrx_word' id='word_1_652' title='bbox 1391 4520 1657 4574; x_wconf 78' lang='lat' dir='ltr'><strong>inveniet.</strong></span> <span class='ocrx_word' id='word_1_653' title='bbox 1715 4522 1776 4574; x_wconf 83' lang='lat' dir='ltr'><strong>Et</strong></span> <span class='ocrx_word' id='word_1_654' title='bbox 1805 4529 1935 4576; x_wconf 86' lang='lat' dir='ltr'><strong>sunt</strong></span> <span class='ocrx_word' id='word_1_655' title='bbox 1958 4522 2013 4576; x_wconf 88' lang='lat' dir='ltr'><strong>in</strong></span> 
     </span>
    </p>
   </div>
   <div class='ocr_carea' id='block_1_94' title="bbox 433 4610 2014 4682">
    <p class='ocr_par' dir='ltr' id='par_1_94' title="bbox 433 4610 2014 4682">
     <span class='ocr_line' id='line_1_94' title="bbox 433 4610 2014 4682; baseline 0.003 -17"><span class='ocrx_word' id='word_1_656' title='bbox 433 4611 701 4665; x_wconf 81' lang='lat' dir='ltr'><strong>omnibus</strong></span> <span class='ocrx_word' id='word_1_657' title='bbox 738 4612 922 4682; x_wconf 79' lang='lat' dir='ltr'><strong>regnis</strong></span> <span class='ocrx_word' id='word_1_658' title='bbox 976 4611 1332 4676; x_wconf 87' lang='lat' dir='ltr'><strong>thesaurarii,</strong></span> <span class='ocrx_word' id='word_1_659' title='bbox 1368 4627 1508 4679; x_wconf 88' lang='lat' dir='ltr'><strong>quos</strong></span> <span class='ocrx_word' id='word_1_660' title='bbox 1566 4610 1850 4668; x_wconf 87' lang='lat' dir='ltr'><strong>Boniinius</strong></span> <span class='ocrx_word' id='word_1_661' title='bbox 1907 4612 2014 4669; x_wconf 81' lang='lat' dir='ltr'><strong>dici</strong></span> 
     </span>
    </p>
   </div>
   <div class='ocr_carea' id='block_1_95' title="bbox 436 4694 2013 4774">
    <p class='ocr_par' dir='ltr' id='par_1_95' title="bbox 436 4694 2013 4774">
     <span class='ocr_line' id='line_1_95' title="bbox 436 4694 2013 4774; baseline 0.003 -22"><span class='ocrx_word' id='word_1_662' title='bbox 436 4694 700 4758; x_wconf 64' lang='lat' dir='ltr'><strong>Romanis</strong></span> <span class='ocrx_word' id='word_1_663' title='bbox 732 4700 1064 4772; x_wconf 61' lang='lat' dir='ltr'><strong>quaestores.</strong></span> <span class='ocrx_word' id='word_1_664' title='bbox 1095 4701 1301 4757; x_wconf 74' lang='lat' dir='ltr'><strong>Grmcis</strong></span> <span class='ocrx_word' id='word_1_665' title='bbox 1330 4701 1780 4774; x_wconf 86' lang='lat' dir='ltr'><strong>apochrysiarios</strong></span> <span class='ocrx_word' id='word_1_666' title='bbox 1816 4701 2013 4757; x_wconf 75' lang='lat' dir='ltr'><strong>existi-</strong></span> 
     </span>
    </p>
   </div>
   <div class='ocr_carea' id='block_1_96' title="bbox 437 4792 2015 4865">
    <p class='ocr_par' dir='ltr' id='par_1_96' title="bbox 437 4792 2015 4865">
     <span class='ocr_line' id='line_1_96' title="bbox 437 4792 2015 4865; baseline 0.001 -18"><span class='ocrx_word' id='word_1_667' title='bbox 437 4810 593 4853; x_wconf 86' lang='lat' dir='ltr'><strong>mans</strong></span> <span class='ocrx_word' id='word_1_668' title='bbox 622 4794 849 4851; x_wconf 87' lang='lat' dir='ltr'><strong>iailitur.</strong></span> <span class='ocrx_word' id='word_1_669' title='bbox 898 4792 1014 4850; x_wconf 83' lang='lat' dir='ltr'><strong>Non</strong></span> <span class='ocrx_word' id='word_1_670' title='bbox 1071 4794 1215 4850; x_wconf 86' lang='lat' dir='ltr'><strong>enim</strong></span> <span class='ocrx_word' id='word_1_671' title='bbox 1273 4793 1417 4864; x_wconf 88' lang='lat' dir='ltr'><strong>apud</strong></span> <span class='ocrx_word' id='word_1_672' title='bbox 1466 4793 1565 4849; x_wconf 92' lang='lat' dir='ltr'><strong>hos</strong></span> <span class='ocrx_word' id='word_1_673' title='bbox 1615 4794 2015 4865; x_wconf 80' lang='lat' dir='ltr'><strong>apochrysiarii</strong></span> 
     </span>
    </p>
   </div>
   <div class='ocr_carea' id='block_1_97' title="bbox 438 4884 2018 4960">
    <p class='ocr_par' dir='ltr' id='par_1_97' title="bbox 438 4884 2018 4960">
     <span class='ocr_line' id='line_1_97' title="bbox 438 4884 2018 4960; baseline -0.002 -17"><span class='ocrx_word' id='word_1_674' title='bbox 438 4889 781 4958; x_wconf 81' lang='lat' dir='ltr'><strong>reperiuntur</strong></span> <span class='ocrx_word' id='word_1_675' title='bbox 821 4905 1076 4960; x_wconf 85' lang='lat' dir='ltr'><strong>usquam,</strong></span> <span class='ocrx_word' id='word_1_676' title='bbox 1107 4884 1202 4943; x_wconf 87' lang='lat' dir='ltr'><strong>sed</strong></span> <span class='ocrx_word' id='word_1_677' title='bbox 1228 4887 1576 4960; x_wconf 88' lang='lat' dir='ltr'><strong>apocrisiarii</strong></span> <span class='ocrx_word' id='word_1_678' title='bbox 1606 4905 1619 4953; x_wconf 89' lang='lat'><strong>;</strong></span> <span class='ocrx_word' id='word_1_679' title='bbox 1652 4888 1813 4957; x_wconf 82' lang='lat' dir='ltr'><strong>longe</strong></span> <span class='ocrx_word' id='word_1_680' title='bbox 1835 4885 2018 4940; x_wconf 85' lang='lat' dir='ltr'><strong>diver-</strong></span> 
     </span>
    </p>
   </div>
   <div class='ocr_carea' id='block_1_98' title="bbox 434 4978 2011 5051">
    <p class='ocr_par' dir='ltr' id='par_1_98' title="bbox 434 4978 2011 5051">
     <span class='ocr_line' id='line_1_98' title="bbox 434 4978 2011 5051; baseline -0.002 -14"><span class='ocrx_word' id='word_1_681' title='bbox 434 4986 478 5037; x_wconf 78' lang='lat' dir='ltr'><strong>si</strong></span> <span class='ocrx_word' id='word_1_682' title='bbox 506 4998 701 5037; x_wconf 91' lang='lat' dir='ltr'><strong>nomen</strong></span> <span class='ocrx_word' id='word_1_683' title='bbox 733 4978 916 5049; x_wconf 81' lang='lat' dir='ltr'><strong>oliicii,</strong></span> <span class='ocrx_word' id='word_1_684' title='bbox 949 4996 1059 5051; x_wconf 91' lang='lat' dir='ltr'><strong>quo</strong></span> <span class='ocrx_word' id='word_1_685' title='bbox 1108 4980 1422 5050; x_wconf 78' lang='lat' dir='ltr'><strong>fungentes,</strong></span> <span class='ocrx_word' id='word_1_686' title='bbox 1469 4995 1498 5033; x_wconf 89' lang='lat' dir='ltr'><strong>a</strong></span> <span class='ocrx_word' id='word_1_687' title='bbox 1523 4982 1807 5048; x_wconf 88' lang='lat' dir='ltr'><strong>responsis</strong></span> <span class='ocrx_word' id='word_1_688' title='bbox 1842 4978 2011 5049; x_wconf 88' lang='lat' dir='ltr'><strong>aliqui</strong></span> 
     </span>
    </p>
   </div>
   <div class='ocr_carea' id='block_1_99' title="bbox 432 5068 2017 5129">
    <p class='ocr_par' dir='ltr' id='par_1_99' title="bbox 432 5068 2017 5129">
     <span class='ocr_line' id='line_1_99' title="bbox 432 5068 2017 5129; baseline -0.001 -1"><span class='ocrx_word' id='word_1_689' title='bbox 432 5072 631 5128; x_wconf 76' lang='lat' dir='ltr'><strong>Latine</strong></span> <span class='ocrx_word' id='word_1_690' title='bbox 668 5084 957 5129; x_wconf 80' lang='lat' dir='ltr'><strong>vocarunt.</strong></span> <span class='ocrx_word' id='word_1_691' title='bbox 992 5068 1170 5128; x_wconf 64' lang='grc' dir='ltr'><strong>(ἓνωεί</strong></span> <span class='ocrx_word' id='word_1_692' title='bbox 1198 5071 1362 5128; x_wconf 81' lang='lat' dir='ltr'><strong>hodie</strong></span> <span class='ocrx_word' id='word_1_693' title='bbox 1407 5071 1491 5127; x_wconf 91' lang='lat' dir='ltr'><strong>sic</strong></span> <span class='ocrx_word' id='word_1_694' title='bbox 1536 5069 1905 5126; x_wconf 76' lang='lat' dir='ltr'><strong>internuntios</strong></span> <span class='ocrx_word' id='word_1_695' title='bbox 1964 5080 2017 5126; x_wconf 80' lang='lat' dir='ltr'><strong>et</strong></span> 
     </span>
    </p>
   </div>
   <div class='ocr_carea' id='block_1_100' title="bbox 438 5167 970 5237">
    <p class='ocr_par' dir='ltr' id='par_1_100' title="bbox 438 5167 970 5237">
     <span class='ocr_line' id='line_1_100' title="bbox 438 5167 970 5237; baseline 0.009 -20"><span class='ocrx_word' id='word_1_696' title='bbox 438 5168 644 5236; x_wconf 73' lang='lat' dir='ltr'><strong>legatos</strong></span> <span class='ocrx_word' id='word_1_697' title='bbox 671 5167 970 5237; x_wconf 87' lang='lat' dir='ltr'><strong>appellant.</strong></span> 
     </span>
    </p>
   </div>
   <div class='ocr_carea' id='block_1_101' title="bbox 438 5280 2019 5351">
    <p class='ocr_par' dir='ltr' id='par_1_101' title="bbox 438 5280 2019 5351">
     <span class='ocr_line' id='line_1_101' title="bbox 438 5280 2019 5351; baseline -0.004 -12"><span class='ocrx_word' id='word_1_698' title='bbox 438 5285 568 5340; x_wconf 70' lang='grc'>221.</span> <span class='ocrx_word' id='word_1_699' title='bbox 623 5284 901 5351; x_wconf 85' lang='lat' dir='ltr'><strong>Petrovar,</strong></span> <span class='ocrx_word' id='word_1_700' title='bbox 944 5284 1223 5349; x_wconf 82' lang='lat' dir='ltr'><strong>Sirmium,</strong></span> <span class='ocrx_word' id='word_1_701' title='bbox 1273 5281 1733 5343; x_wconf 81' lang='lat' dir='ltr'><strong>Francochorion,</strong></span> <span class='ocrx_word' id='word_1_702' title='bbox 1775 5280 2019 5334; x_wconf 72' lang='lat' dir='ltr'><strong>interitus</strong></span> 
     </span>
    </p>
   </div>
   <div class='ocr_carea' id='block_1_102' title="bbox 543 5353 1911 5426">
    <p class='ocr_par' dir='ltr' id='par_1_102' title="bbox 543 5353 1911 5426">
     <span class='ocr_line' id='line_1_102' title="bbox 543 5353 1911 5426; baseline -0.004 -17"><span class='ocrx_word' id='word_1_703' title='bbox 543 5356 793 5409; x_wconf 80' lang='lat' dir='ltr'><strong>Ludovici</strong></span> <span class='ocrx_word' id='word_1_704' title='bbox 826 5358 959 5425; x_wconf 73' lang='lat' dir='ltr'><strong>regis</strong></span> <span class='ocrx_word' id='word_1_705' title='bbox 1002 5355 1254 5426; x_wconf 83' lang='lat' dir='ltr'><strong>ngariw</strong></span> <span class='ocrx_word' id='word_1_706' title='bbox 1277 5353 1561 5423; x_wconf 78' lang='lat' dir='ltr'><strong>prwdictus</strong></span> <span class='ocrx_word' id='word_1_707' title='bbox 1596 5369 1627 5404; x_wconf 82' lang='grc' dir='ltr'><em>α</em></span> <span class='ocrx_word' id='word_1_708' title='bbox 1684 5363 1911 5419; x_wconf 75' lang='lat' dir='ltr'><strong>spectro.</strong></span> 
     </span>
    </p>
   </div>
   <div class='ocr_carea' id='block_1_103' title="bbox 518 5441 2019 5515">
    <p class='ocr_par' dir='ltr' id='par_1_103' title="bbox 518 5441 2019 5515">
     <span class='ocr_line' id='line_1_103' title="bbox 518 5441 2019 5515; baseline -0.003 -12"><span class='ocrx_word' id='word_1_709' title='bbox 518 5452 671 5515; x_wconf 84' lang='lat' dir='ltr'><strong>Quod</strong></span> <span class='ocrx_word' id='word_1_710' title='bbox 698 5448 1033 5504; x_wconf 85' lang='lat' dir='ltr'><strong>Varadinum</strong></span> <span class='ocrx_word' id='word_1_711' title='bbox 1068 5448 1212 5503; x_wconf 80' lang='lat' dir='ltr'><strong>Petri</strong></span> <span class='ocrx_word' id='word_1_712' title='bbox 1246 5447 1475 5513; x_wconf 85' lang='lat' dir='ltr'><strong>dicitur,</strong></span> <span class='ocrx_word' id='word_1_713' title='bbox 1516 5442 1721 5513; x_wconf 78' lang='lat' dir='ltr'><strong>Ungari</strong></span> <span class='ocrx_word' id='word_1_714' title='bbox 1757 5441 2019 5498; x_wconf 77' lang='lat' dir='ltr'><strong>Petrovar</strong></span> 
     </span>
    </p>
   </div>
   <div class='ocr_carea' id='block_1_104' title="bbox 448 5534 2015 5609">
    <p class='ocr_par' dir='ltr' id='par_1_104' title="bbox 448 5534 2015 5609">
     <span class='ocr_line' id='line_1_104' title="bbox 448 5534 2015 5609; baseline -0.001 -17"><span class='ocrx_word' id='word_1_715' title='bbox 448 5544 743 5609; x_wconf 64' lang='lat' dir='ltr'><strong>appellant,</strong></span> <span class='ocrx_word' id='word_1_716' title='bbox 778 5545 882 5597; x_wconf 90' lang='lat' dir='ltr'><strong>hoc</strong></span> <span class='ocrx_word' id='word_1_717' title='bbox 906 5549 1010 5607; x_wconf 86' lang='lat' dir='ltr'><strong>est,</strong></span> <span class='ocrx_word' id='word_1_718' title='bbox 1036 5542 1314 5596; x_wconf 87' lang='lat' dir='ltr'><strong>civitatem</strong></span> <span class='ocrx_word' id='word_1_719' title='bbox 1350 5537 1515 5603; x_wconf 80' lang='lat' dir='ltr'><strong>l’etri,</strong></span> <span class='ocrx_word' id='word_1_720' title='bbox 1544 5537 1626 5591; x_wconf 83' lang='lat' dir='ltr'><strong>vel</strong></span> <span class='ocrx_word' id='word_1_721' title='bbox 1661 5534 2015 5604; x_wconf 76' lang='grc' dir='ltr'><strong>Πετρόπολιν.</strong></span> 
     </span>
    </p>
   </div>
   <div class='ocr_carea' id='block_1_105' title="bbox 456 5627 2017 5693">
    <p class='ocr_par' dir='ltr' id='par_1_105' title="bbox 456 5627 2017 5693">
     <span class='ocr_line' id='line_1_105' title="bbox 456 5627 2017 5693; baseline -0.003 -4"><span class='ocrx_word' id='word_1_722' title='bbox 456 5632 627 5689; x_wconf 71' lang='lat' dir='ltr'><strong>Sitam</strong></span> <span class='ocrx_word' id='word_1_723' title='bbox 657 5636 707 5687; x_wconf 90' lang='lat' dir='ltr'><strong>in</strong></span> <span class='ocrx_word' id='word_1_724' title='bbox 732 5634 902 5689; x_wconf 86' lang='lat' dir='ltr'><strong>libero</strong></span> <span class='ocrx_word' id='word_1_725' title='bbox 932 5634 1067 5689; x_wconf 82' lang='lat' dir='ltr'><strong>colle</strong></span> <span class='ocrx_word' id='word_1_726' title='bbox 1095 5632 1332 5690; x_wconf 86' lang='lat' dir='ltr'><strong>vidimus</strong></span> <span class='ocrx_word' id='word_1_727' title='bbox 1360 5630 1421 5687; x_wconf 81' lang='lat' dir='ltr'><strong>:ul</strong></span> <span class='ocrx_word' id='word_1_728' title='bbox 1468 5627 1797 5693; x_wconf 75' lang='lat' dir='ltr'><strong>Danubium,</strong></span> <span class='ocrx_word' id='word_1_729' title='bbox 1846 5627 1899 5682; x_wconf 90' lang='lat' dir='ltr'><strong>in</strong></span> <span class='ocrx_word' id='word_1_730' title='bbox 1956 5645 2017 5684; x_wconf 83' lang='lat' dir='ltr'><strong>ca</strong></span> 
     </span>
    </p>
   </div>
   <div class='ocr_carea' id='block_1_106' title="bbox 2122 4428 3712 4513">
    <p class='ocr_par' dir='ltr' id='par_1_106' title="bbox 2122 4428 3712 4513">
     <span class='ocr_line' id='line_1_106' title="bbox 2122 4428 3712 4513; baseline 0.001 -18"><span class='ocrx_word' id='word_1_731' title='bbox 2122 4440 2312 4495; x_wconf 90' lang='lat' dir='ltr'><strong>lustris</strong></span> <span class='ocrx_word' id='word_1_732' title='bbox 2345 4440 2501 4494; x_wconf 87' lang='lat' dir='ltr'><strong>Bairo</strong></span> <span class='ocrx_word' id='word_1_733' title='bbox 2559 4439 2883 4497; x_wconf 83' lang='lat' dir='ltr'><strong>Kitlizianus</strong></span> <span class='ocrx_word' id='word_1_734' title='bbox 2937 4428 3200 4507; x_wconf 76' lang='lat' dir='ltr'><strong>Joannes,</strong></span> <span class='ocrx_word' id='word_1_735' title='bbox 3260 4458 3421 4513; x_wconf 86' lang='lat' dir='ltr'><strong>quem</strong></span> <span class='ocrx_word' id='word_1_736' title='bbox 3483 4441 3712 4497; x_wconf 86' lang='lat' dir='ltr'><strong>honoris</strong></span> 
     </span>
    </p>
   </div>
   <div class='ocr_carea' id='block_1_107' title="bbox 2121 4531 3710 4595">
    <p class='ocr_par' dir='ltr' id='par_1_107' title="bbox 2121 4531 3710 4595">
     <span class='ocr_line' id='line_1_107' title="bbox 2121 4531 3710 4595; baseline 0.001 -9"><span class='ocrx_word' id='word_1_737' title='bbox 2121 4542 2287 4586; x_wconf 76' lang='lat' dir='ltr'><strong>causa</strong></span> <span class='ocrx_word' id='word_1_738' title='bbox 2313 4531 2561 4595; x_wconf 90' lang='lat' dir='ltr'><strong>nomino,</strong></span> <span class='ocrx_word' id='word_1_739' title='bbox 2604 4531 2707 4586; x_wconf 88' lang='lat' dir='ltr'><strong>sibi</strong></span> <span class='ocrx_word' id='word_1_740' title='bbox 2739 4543 2919 4586; x_wconf 88' lang='lat' dir='ltr'><strong>notam</strong></span> <span class='ocrx_word' id='word_1_741' title='bbox 2976 4531 3144 4586; x_wconf 88' lang='lat' dir='ltr'><strong>fuisse</strong></span> <span class='ocrx_word' id='word_1_742' title='bbox 3195 4544 3501 4587; x_wconf 84' lang='lat' dir='ltr'><strong>matronam</strong></span> <span class='ocrx_word' id='word_1_743' title='bbox 3537 4533 3710 4587; x_wconf 76' lang='lat' dir='ltr'><strong>hone-</strong></span> 
     </span>
    </p>
   </div>
   <div class='ocr_carea' id='block_1_108' title="bbox 2122 4622 3713 4695">
    <p class='ocr_par' dir='ltr' id='par_1_108' title="bbox 2122 4622 3713 4695">
     <span class='ocr_line' id='line_1_108' title="bbox 2122 4622 3713 4695; baseline 0 -17"><span class='ocrx_word' id='word_1_744' title='bbox 2122 4623 2449 4688; x_wconf 71' lang='lat' dir='ltr'><strong>Stissimam,</strong></span> <span class='ocrx_word' id='word_1_745' title='bbox 2480 4634 2649 4694; x_wconf 74' lang='lat' dir='ltr'><strong>gente</strong></span> <span class='ocrx_word' id='word_1_746' title='bbox 2683 4622 2951 4680; x_wconf 74' lang='lat' dir='ltr'><strong>Bocciana</strong></span> <span class='ocrx_word' id='word_1_747' title='bbox 2987 4622 3158 4678; x_wconf 90' lang='lat' dir='ltr'><strong>nobili</strong></span> <span class='ocrx_word' id='word_1_748' title='bbox 3184 4641 3307 4677; x_wconf 81' lang='lat' dir='ltr'><strong>cum</strong></span> <span class='ocrx_word' id='word_1_749' title='bbox 3343 4626 3539 4691; x_wconf 89' lang='lat' dir='ltr'><strong>primis</strong></span> <span class='ocrx_word' id='word_1_750' title='bbox 3569 4625 3713 4695; x_wconf 85' lang='lat' dir='ltr'><strong>apud</strong></span> 
     </span>
    </p>
   </div>
   <div class='ocr_carea' id='block_1_109' title="bbox 2124 4710 3713 4783">
    <p class='ocr_par' dir='ltr' id='par_1_109' title="bbox 2124 4710 3713 4783">
     <span class='ocr_line' id='line_1_109' title="bbox 2124 4710 3713 4783; baseline 0.001 -16"><span class='ocrx_word' id='word_1_751' title='bbox 2124 4710 2351 4767; x_wconf 89' lang='lat' dir='ltr'><strong>Silesios</strong></span> <span class='ocrx_word' id='word_1_752' title='bbox 2385 4713 2610 4778; x_wconf 86' lang='lat' dir='ltr'><strong>editam,</strong></span> <span class='ocrx_word' id='word_1_753' title='bbox 2646 4718 2698 4766; x_wconf 89' lang='lat' dir='ltr'><strong>et</strong></span> <span class='ocrx_word' id='word_1_754' title='bbox 2737 4715 2911 4783; x_wconf 89' lang='lat' dir='ltr'><strong>equiti</strong></span> <span class='ocrx_word' id='word_1_755' title='bbox 2954 4712 3133 4768; x_wconf 91' lang='lat' dir='ltr'><strong>Suevo</strong></span> <span class='ocrx_word' id='word_1_756' title='bbox 3176 4713 3458 4768; x_wconf 76' lang='lat' dir='ltr'><strong>Stainana:</strong></span> <span class='ocrx_word' id='word_1_757' title='bbox 3490 4714 3713 4769; x_wconf 62' lang='lat' dir='ltr'><strong>familiae</strong></span> 
     </span>
    </p>
   </div>
   <div class='ocr_carea' id='block_1_110' title="bbox 2125 4800 3720 4871">
    <p class='ocr_par' dir='ltr' id='par_1_110' title="bbox 2125 4800 3720 4871">
     <span class='ocr_line' id='line_1_110' title="bbox 2125 4800 3720 4871; baseline 0.001 -16"><span class='ocrx_word' id='word_1_758' title='bbox 2125 4808 2374 4871; x_wconf 79' lang='lat' dir='ltr'><strong>nuptam.</strong></span> <span class='ocrx_word' id='word_1_759' title='bbox 2406 4800 2481 4855; x_wconf 84' lang='lat' dir='ltr'><strong>Ea</strong></span> <span class='ocrx_word' id='word_1_760' title='bbox 2508 4801 2800 4871; x_wconf 78' lang='lat' dir='ltr'><strong>juveneula</strong></span> <span class='ocrx_word' id='word_1_761' title='bbox 2837 4801 3004 4856; x_wconf 81' lang='lat' dir='ltr'><strong>missa</strong></span> <span class='ocrx_word' id='word_1_762' title='bbox 3034 4801 3207 4855; x_wconf 88' lang='lat' dir='ltr'><strong>fuerat</strong></span> <span class='ocrx_word' id='word_1_763' title='bbox 3256 4800 3309 4854; x_wconf 91' lang='lat' dir='ltr'><strong>in</strong></span> <span class='ocrx_word' id='word_1_764' title='bbox 3363 4800 3543 4853; x_wconf 88' lang='lat' dir='ltr'><strong>aulam</strong></span> <span class='ocrx_word' id='word_1_765' title='bbox 3603 4802 3720 4856; x_wconf 84' lang='lat' dir='ltr'><strong>Lu-</strong></span> 
     </span>
    </p>
   </div>
   <div class='ocr_carea' id='block_1_111' title="bbox 2124 4888 3717 4962">
    <p class='ocr_par' dir='ltr' id='par_1_111' title="bbox 2124 4888 3717 4962">
     <span class='ocr_line' id='line_1_111' title="bbox 2124 4888 3717 4962; baseline -0.003 -13"><span class='ocrx_word' id='word_1_766' title='bbox 2124 4893 2299 4949; x_wconf 85' lang='lat' dir='ltr'><strong>dovici</strong></span> <span class='ocrx_word' id='word_1_767' title='bbox 2335 4892 2499 4962; x_wconf 85' lang='lat' dir='ltr'><strong>regis,</strong></span> <span class='ocrx_word' id='word_1_768' title='bbox 2550 4900 2608 4947; x_wconf 91' lang='lat' dir='ltr'><strong>ut</strong></span> <span class='ocrx_word' id='word_1_769' title='bbox 2639 4899 2787 4947; x_wconf 87' lang='lat' dir='ltr'><strong>esset</strong></span> <span class='ocrx_word' id='word_1_770' title='bbox 2836 4892 2894 4945; x_wconf 90' lang='lat' dir='ltr'><strong>in</strong></span> <span class='ocrx_word' id='word_1_771' title='bbox 2945 4890 3194 4961; x_wconf 75' lang='lat' dir='ltr'><strong>gynmclo</strong></span> <span class='ocrx_word' id='word_1_772' title='bbox 3258 4890 3457 4961; x_wconf 66' lang='lat' dir='ltr'><strong>reginae</strong></span> <span class='ocrx_word' id='word_1_773' title='bbox 3511 4888 3717 4953; x_wconf 69' lang='lat' dir='ltr'><strong>Mariae,</strong></span> 
     </span>
    </p>
   </div>
   <div class='ocr_carea' id='block_1_112' title="bbox 2124 4976 3720 5053">
    <p class='ocr_par' dir='ltr' id='par_1_112' title="bbox 2124 4976 3720 5053">
     <span class='ocr_line' id='line_1_112' title="bbox 2124 4976 3720 5053; baseline -0.001 -14"><span class='ocrx_word' id='word_1_774' title='bbox 2124 4980 2315 5040; x_wconf 77' lang='lat' dir='ltr'><strong>Karuli</strong></span> <span class='ocrx_word' id='word_1_775' title='bbox 2350 4983 2391 5038; x_wconf 75' lang='grc' dir='ltr'><strong>ν</strong></span> <span class='ocrx_word' id='word_1_776' title='bbox 2423 4993 2479 5039; x_wconf 91' lang='lat' dir='ltr'><strong>et</strong></span> <span class='ocrx_word' id='word_1_777' title='bbox 2528 4983 2864 5039; x_wconf 85' lang='lat' dir='ltr'><strong>Ferdinandi</strong></span> <span class='ocrx_word' id='word_1_778' title='bbox 2923 4980 3100 5053; x_wconf 78' lang='lat' dir='ltr'><strong>Angg.</strong></span> <span class='ocrx_word' id='word_1_779' title='bbox 3165 4983 3400 5047; x_wconf 87' lang='lat' dir='ltr'><strong>sororis,</strong></span> <span class='ocrx_word' id='word_1_780' title='bbox 3447 4976 3720 5038; x_wconf 76' lang='lat' dir='ltr'><strong>Ludovici</strong></span> 
     </span>
    </p>
   </div>
   <div class='ocr_carea' id='block_1_113' title="bbox 2125 5074 3721 5150">
    <p class='ocr_par' dir='ltr' id='par_1_113' title="bbox 2125 5074 3721 5150">
     <span class='ocr_line' id='line_1_113' title="bbox 2125 5074 3721 5150; baseline -0.003 -17"><span class='ocrx_word' id='word_1_781' title='bbox 2125 5078 2416 5150; x_wconf 72' lang='lat' dir='ltr'><strong>conjugis:</strong></span> <span class='ocrx_word' id='word_1_782' title='bbox 2459 5086 2513 5132; x_wconf 91' lang='lat' dir='ltr'><strong>et</strong></span> <span class='ocrx_word' id='word_1_783' title='bbox 2545 5074 2764 5146; x_wconf 88' lang='lat' dir='ltr'><strong>quidem</strong></span> <span class='ocrx_word' id='word_1_784' title='bbox 2795 5091 2823 5130; x_wconf 90' lang='lat' dir='ltr'><strong>a</strong></span> <span class='ocrx_word' id='word_1_785' title='bbox 2878 5085 3055 5130; x_wconf 87' lang='lat' dir='ltr'><strong>morte</strong></span> <span class='ocrx_word' id='word_1_786' title='bbox 3112 5076 3255 5145; x_wconf 82' lang='lat' dir='ltr'><strong>regis</strong></span> <span class='ocrx_word' id='word_1_787' title='bbox 3280 5076 3525 5130; x_wconf 88' lang='lat' dir='ltr'><strong>omnium</strong></span> <span class='ocrx_word' id='word_1_788' title='bbox 3586 5090 3721 5129; x_wconf 84' lang='lat' dir='ltr'><strong>cnn-</strong></span> 
     </span>
    </p>
   </div>
   <div class='ocr_carea' id='block_1_114' title="bbox 2127 5164 3715 5235">
    <p class='ocr_par' dir='ltr' id='par_1_114' title="bbox 2127 5164 3715 5235">
     <span class='ocr_line' id='line_1_114' title="bbox 2127 5164 3715 5235; baseline -0.003 -8"><span class='ocrx_word' id='word_1_789' title='bbox 2127 5170 2389 5228; x_wconf 85' lang='lat' dir='ltr'><strong>stcrnatis</strong></span> <span class='ocrx_word' id='word_1_790' title='bbox 2415 5168 2640 5235; x_wconf 89' lang='lat' dir='ltr'><strong>animis,</strong></span> <span class='ocrx_word' id='word_1_791' title='bbox 2672 5179 2728 5224; x_wconf 88' lang='lat' dir='ltr'><strong>et</strong></span> <span class='ocrx_word' id='word_1_792' title='bbox 2749 5167 2820 5223; x_wconf 85' lang='lat' dir='ltr'><strong>ob</strong></span> <span class='ocrx_word' id='word_1_793' title='bbox 2844 5176 3048 5223; x_wconf 90' lang='lat' dir='ltr'><strong>metum</strong></span> <span class='ocrx_word' id='word_1_794' title='bbox 3072 5168 3483 5221; x_wconf 88' lang='lat' dir='ltr'><strong>adventantium</strong></span> <span class='ocrx_word' id='word_1_795' title='bbox 3507 5164 3715 5223; x_wconf 83' lang='lat' dir='ltr'><strong>Barba-</strong></span> 
     </span>
    </p>
   </div>
   <div class='ocr_carea' id='block_1_115' title="bbox 2127 5258 3721 5332">
    <p class='ocr_par' dir='ltr' id='par_1_115' title="bbox 2127 5258 3721 5332">
     <span class='ocr_line' id='line_1_115' title="bbox 2127 5258 3721 5332; baseline -0.005 -14"><span class='ocrx_word' id='word_1_796' title='bbox 2127 5278 2311 5318; x_wconf 90' lang='lat' dir='ltr'><strong>rorum</strong></span> <span class='ocrx_word' id='word_1_797' title='bbox 2347 5261 2556 5330; x_wconf 87' lang='lat' dir='ltr'><strong>trepide</strong></span> <span class='ocrx_word' id='word_1_798' title='bbox 2599 5260 2842 5332; x_wconf 64' lang='lat' dir='ltr'><strong>gynaacio</strong></span> <span class='ocrx_word' id='word_1_799' title='bbox 2890 5260 3197 5331; x_wconf 83' lang='lat' dir='ltr'><strong>praesertim</strong></span> <span class='ocrx_word' id='word_1_800' title='bbox 3227 5258 3490 5327; x_wconf 81' lang='lat' dir='ltr'><strong>fugiente,</strong></span> <span class='ocrx_word' id='word_1_801' title='bbox 3550 5273 3721 5314; x_wconf 75' lang='lat' dir='ltr'><strong>coro-</strong></span> 
     </span>
    </p>
   </div>
   <div class='ocr_carea' id='block_1_116' title="bbox 2127 5346 3719 5422">
    <p class='ocr_par' dir='ltr' id='par_1_116' title="bbox 2127 5346 3719 5422">
     <span class='ocr_line' id='line_1_116' title="bbox 2127 5346 3719 5422; baseline -0.002 -14"><span class='ocrx_word' id='word_1_802' title='bbox 2127 5370 2253 5408; x_wconf 90' lang='lat' dir='ltr'><strong>nam</strong></span> <span class='ocrx_word' id='word_1_803' title='bbox 2291 5354 2519 5422; x_wconf 81' lang='lat' dir='ltr'><strong>regiam,</strong></span> <span class='ocrx_word' id='word_1_804' title='bbox 2548 5351 2618 5407; x_wconf 86' lang='lat' dir='ltr'><strong>ab</strong></span> <span class='ocrx_word' id='word_1_805' title='bbox 2644 5353 2770 5408; x_wconf 89' lang='lat' dir='ltr'><strong>aliis</strong></span> <span class='ocrx_word' id='word_1_806' title='bbox 2797 5368 2906 5422; x_wconf 77' lang='lat' dir='ltr'><strong>pra:</strong></span> <span class='ocrx_word' id='word_1_807' title='bbox 2930 5349 3226 5406; x_wconf 88' lang='lat' dir='ltr'><strong>formidine</strong></span> <span class='ocrx_word' id='word_1_808' title='bbox 3245 5346 3719 5421; x_wconf 82' lang='lat' dir='ltr'><strong>neglectam,con-</strong></span> 
     </span>
    </p>
   </div>
   <div class='ocr_carea' id='block_1_117' title="bbox 2130 5441 3719 5502">
    <p class='ocr_par' dir='ltr' id='par_1_117' title="bbox 2130 5441 3719 5502">
     <span class='ocr_line' id='line_1_117' title="bbox 2130 5441 3719 5502; baseline -0.003 0"><span class='ocrx_word' id='word_1_809' title='bbox 2130 5460 2382 5502; x_wconf 78' lang='lat' dir='ltr'><strong>servasse</strong></span> <span class='ocrx_word' id='word_1_810' title='bbox 2410 5445 2637 5501; x_wconf 89' lang='lat' dir='ltr'><strong>dicitur.</strong></span> <span class='ocrx_word' id='word_1_811' title='bbox 2675 5442 3159 5499; x_wconf 76' lang='lat' dir='ltr'><strong>Commemorabat</strong></span> <span class='ocrx_word' id='word_1_812' title='bbox 3186 5441 3326 5499; x_wconf 87' lang='lat' dir='ltr'><strong>hanc</strong></span> <span class='ocrx_word' id='word_1_813' title='bbox 3352 5442 3494 5497; x_wconf 86' lang='lat' dir='ltr'><strong>Baro</strong></span> <span class='ocrx_word' id='word_1_814' title='bbox 3525 5454 3719 5499; x_wconf 83' lang='lat' dir='ltr'><strong>noster</strong></span> 
     </span>
    </p>
   </div>
   <div class='ocr_carea' id='block_1_118' title="bbox 2130 5534 3712 5604">
    <p class='ocr_par' dir='ltr' id='par_1_118' title="bbox 2130 5534 3712 5604">
     <span class='ocr_line' id='line_1_118' title="bbox 2130 5534 3712 5604; baseline -0.003 -14"><span class='ocrx_word' id='word_1_815' title='bbox 2130 5537 2362 5590; x_wconf 83' lang='lat' dir='ltr'><strong>recitare</strong></span> <span class='ocrx_word' id='word_1_816' title='bbox 2393 5536 2611 5590; x_wconf 85' lang='lat' dir='ltr'><strong>solitam</strong></span> <span class='ocrx_word' id='word_1_817' title='bbox 2646 5551 2754 5589; x_wconf 91' lang='lat' dir='ltr'><strong>non</strong></span> <span class='ocrx_word' id='word_1_818' title='bbox 2806 5538 2981 5590; x_wconf 90' lang='lat' dir='ltr'><strong>multo</strong></span> <span class='ocrx_word' id='word_1_819' title='bbox 3037 5545 3166 5588; x_wconf 88' lang='lat' dir='ltr'><strong>ante</strong></span> <span class='ocrx_word' id='word_1_820' title='bbox 3202 5536 3345 5604; x_wconf 73' lang='lat' dir='ltr'><strong>regis</strong></span> <span class='ocrx_word' id='word_1_821' title='bbox 3398 5534 3712 5598; x_wconf 69' lang='lat' dir='ltr'><strong>interitum,</strong></span> 
     </span>
    </p>
   </div>
   <div class='ocr_carea' id='block_1_119' title="bbox 2130 5610 3709 5697">
    <p class='ocr_par' dir='ltr' id='par_1_119' title="bbox 2130 5610 3709 5697">
     <span class='ocr_line' id='line_1_119' title="bbox 2130 5610 3709 5697; baseline -0.003 -14"><span class='ocrx_word' id='word_1_822' title='bbox 2130 5643 2252 5683; x_wconf 89' lang='lat' dir='ltr'><strong>cum</strong></span> <span class='ocrx_word' id='word_1_823' title='bbox 2285 5625 2448 5682; x_wconf 70' lang='lat' dir='ltr'><strong>Beda:</strong></span> <span class='ocrx_word' id='word_1_824' title='bbox 2477 5641 2569 5681; x_wconf 77' lang='lat' dir='ltr'><strong>rex</strong></span> <span class='ocrx_word' id='word_1_825' title='bbox 2601 5610 2817 5695; x_wconf 50' lang='lat' dir='ltr'><strong>ageret,</strong></span> <span class='ocrx_word' id='word_1_826' title='bbox 2836 5642 2896 5682; x_wconf 83' lang='lat' dir='ltr'><strong>ac</strong></span> <span class='ocrx_word' id='word_1_827' title='bbox 2959 5640 3057 5697; x_wconf 90' lang='lat' dir='ltr'><strong>pro</strong></span> <span class='ocrx_word' id='word_1_828' title='bbox 3118 5640 3272 5682; x_wconf 88' lang='lat' dir='ltr'><strong>more</strong></span> <span class='ocrx_word' id='word_1_829' title='bbox 3295 5625 3501 5681; x_wconf 79' lang='lat' dir='ltr'><strong>clausis</strong></span> <span class='ocrx_word' id='word_1_830' title='bbox 3564 5625 3709 5680; x_wconf 83' lang='lat' dir='ltr'><strong>arcis</strong></span> 
     </span>
    </p>
   </div>
  </div>
