4048 6208
362 179 473 243 893

1525 192 1892 258 PANDECT.
1940 199 1987 258 il
2003 199 2019 256 l
2033 198 2142 259 ST.
2183 202 2222 260 τ
2238 200 2487 266 URCIC.

3515 212 3621 275 ερι

363 292 576 348 foribus
611 292 901 361 pranderet
927 295 1150 364 (misere
1185 298 1406 368 quidem
1455 314 1605 358 certe
1658 307 1938 363 victimasc
1973 325 2007 372 Λ
2044 330 2132 364 ros
2162 331 2357 371 mares.
2387 313 2585 373 Postea
2618 331 2771 374 suam
2796 316 2997 372 Joanni
3024 317 3516 385 ﬁliamlsabellam,
3550 338 3617 374 rx

365 400 546 454 regem
576 385 741 444 hunc.
777 386 1159 444 defraudatum
1184 398 1238 444 et
1260 395 1616 463 contemptim
1641 396 1885 451 habitum
1913 415 1943 453 a.

363 476 681 545 proceribus
718 476 977 547 Ungaris,
1011 480 1159 549 regio
1184 481 1398 537 inierint
1454 484 1605 539 luxu'
1642 488 1941 543 diﬁiuenti-

363 566 486 630 bus,
520 566 676 621 testis
702 569 992 625 occulatus
1044 568 1437 628 Herbcstalnus
1471 573 1612 630 Baro
1664 580 1944 634 memoriae

358 657 949 726 prodidit),accessisse
977 662 1043 714 ad
1063 663 1204 717 areis
1232 675 1441 733 portam
1460 675 1743 735 speetrum
1767 672 1944 737 quod-

358 749 503 813 dam,
530 756 590 803 ut
614 761 845 804 eventus
863 751 1071 816 docuit,
1103 754 1159 808 in
1212 755 1387 810 forma
1436 758 1679 814 hominis
1734 760 1937 817 fmdutn

359 841 412 895 in
439 841 661 896 modum
686 843 908 898 distorti
935 853 990 898 et
1021 846 1407 913 claudicantis,
1429 850 1649 920 altaque
1677 864 1810 907 voce
1838 854 1940 907 ιιι-

357 934 559 1002 gitasse
582 934 919 1003 colloquium
967 939 1130 1006 regis,
1190 943 1276 993 cui
1328 941 1645 996 necessario
1682 944 1937 1012 quaedam

355 1024 696 1080 indicaturus
714 1033 880 1090 esset,
905 1027 972 1082 ad
1007 1031 1212 1098 regiam
1246 1031 1510 1102 regnique
1547 1034 1780 1090 salutem
1810 1051 1941 1106 per-

356 1119 607 1173 tinentia.
640 1117 891 1189 Cumque
919 1122 1201 1188 neglectus
1254 1126 1434 1191 initio,
1465 1130 1614 1196 quod
1673 1129 1729 1181 in
1793 1130 1940 1186 aulis

357 1210 472 1264 ﬁeri
507 1212 666 1275 solet,
704 1227 848 1267 nunc
878 1213 1055 1269 altiori
1095 1216 1355 1282 clamore,
1387 1234 1535 1274 nunc
1593 1219 1801 1290 eiulatu
1838 1222 1938 1276 ad-

292 1340 297 1359 τ
358 1301 550 1367 bibito,
582 1304 632 1355 id
666 1305 740 1357 uti
763 1306 1165 1375 quamprimum
1190 1309 1300 1377 regi
1332 1311 1765 1379 signiﬁcaretur,
1790 1318 1940 1381 pete-

356 1404 441 1449 ret
471 1412 485 1448 :
524 1395 738 1450 tandem
762 1398 996 1454 heminis
1026 1398 1437 1469 importunitate
1453 1414 1756 1458 commotos
1770 1420 1933 1474 quos-

356 1488 504 1551 dam,
533 1500 658 1541 eum
726 1496 879 1542 extra
931 1505 1115 1557 regem
1160 1490 1342 1561 ipsum
1393 1493 1598 1548 nemini
1663 1504 1933 1549 secretum

358 1577 463 1632 hoc
478 1592 542 1633 se
555 1578 948 1646 patefacturum
969 1580 1193 1646 diceret,
1220 1596 1331 1635 rem
1354 1582 1420 1636 ad
1439 1594 1620 1653 regem
1638 1584 1931 1639 detulisse:

355 1668 449 1738 qui
479 1685 603 1723 mea
640 1670 791 1725 abire
819 1673 1110 1739 quemdam
1139 1687 1169 1726 e
1202 1672 1667 1741 splendidioribus
1715 1676 1933 1740 aulicis,
1970 1681 2009 1737 Β

351 1768 406 1815 et
427 1760 683 1817 simulata
717 1777 949 1831 persona
972 1765 1297 1834 regia,quid
1352 1765 1476 1820 istic
1527 1769 1713 1822 arcani
1762 1778 1930 1834 esset,

353 1866 594 1920 quatere
615 1851 868 1921 jusserit.
903 1853 1042 1908 Tum
1072 1869 1202 1909 vero
1260 1856 1520 1910 claudum
1556 1858 1710 1911 illum
1747 1859 1817 1913 de
1842 1874 1933 1912 sr-

350 1959 491 1999 cano
510 1945 808 2000 revelando
836 1947 982 2001 velut
1008 1963 1039 2002 a
1086 1963 1227 2017 rege-
1256 1956 1527 2016 praesente
1575 1948 1929 2017 amentum,

350 2053 582 2108 tiegasse
612 2038 851 2110 primum
889 2040 1037 2095 hunc
1066 2054 1189 2095 esse
1239 2054 1448 2105 regem,
1516 2041 1710 2096 deinde
1742 2040 1931 2111 subje-

348 2128 493 2183 cisse
524 2144 727 2198 regem,
760 2129 853 2198 qui
885 2145 945 2184 se
968 2129 1160 2185 audire
1188 2130 1374 2195 nollet,
1403 2131 1551 2185 brevi
1582 2132 1919 2201 periturum,

349 2227 510 2286 atque
548 2218 635 2273 bis
675 2218 927 2289 prolatis,
982 2218 1037 2273 in
1086 2220 1264 2275 oculis
1305 2221 1549 2274 omnium
1612 2222 1925 2277 evanuisse.

350 2309 722 2366 Memorabilis
752 2326 886 2367 sane
913 2311 1093 2382 plures
1117 2313 1188 2368 ob
1244 2326 1446 2369 causas
1476 2314 1726 2380 historia,
1762 2328 1926 2382 quam

346 2402 597 2470 equidem
624 2401 746 2458 loco
792 2411 904 2458 tam
932 2402 1133 2461 idoneo
1180 2404 1412 2460 minime
1467 2404 1653 2475 putavi
1705 2404 1928 2461 silentio

344 2494 795 2562 pacton-undam.

617 2584 744 2641 222.
781 2584 961 2640 Novus
988 2586 1431 2644 Dentislariorum
1458 2599 1652 2646 motus.

415 2676 520 2743 Qui
545 2676 880 2734 Calenderes
916 2677 1110 2735 Turcis
1133 2682 1415 2748 dicuntur,
1448 2683 1540 2753 qui
1582 2682 1921 2746 Dervislarii,

345 2774 683 2829 declaratum
741 2778 998 2844 superius
1028 2778 1209 2848 capite
1245 2778 1366 2833 171.
1399 2779 1769 2835 Dervislarius
1795 2778 1921 2847 qui-

342 2867 466 2921 dem
496 2882 622 2921 esse
663 2878 858 2921 nomen
902 2870 1177 2938 generale,
1229 2886 1340 2940 quo
1367 2870 1697 2926 Calenderes
1745 2878 1799 2923 et
1824 2870 1917 2923 alii

343 2958 527 3028 capite
572 2959 725 3015 dicto
767 2960 1023 3015 recensiti
1074 2963 1640 3039 comprehendantur,
1696 2963 1778 3016 vel
1815 2963 1917 3015 hoc.

341 3044 510 3103 ctiaiu
538 3065 603 3105 ex
656 3051 776 3106 loco
810 3052 1157 3121 perspicitur.
1189 3054 1457 3110 Caiender
1522 3065 1704 3109 autem
1731 3054 1916 3109 chel-i

343 3140 612 3210 signiﬁcat
641 3141 997 3198 Culeudercm
1042 3144 1157 3199 sive
1196 3146 1516 3215 religiosum
1550 3147 1812 3207 nobilem.
1852 3162 1917 3200 ex

340 3246 512 3285 causa
569 3231 626 3284 in
666 3232 801 3302 ipsis
831 3234 1126 3290 annalibus
1157 3238 1433 3305 exposita,
1461 3239 1606 3308 quod
1652 3240 1916 3308 originem

340 3322 799 3391 generis,scilicet
818 3328 883 3382 ad
909 3329 1125 3382 Cbasim
1151 3329 1687 3397 Bectasem,reierret
1702 3349 1717 3396 ;
1735 3333 1916 3401 cujus,

343 3427 402 3471 ιιι
429 3416 781 3474 auctoritatis
810 3420 938 3473 olim
976 3436 1208 3497 summae
1237 3422 1364 3484 viri.
1398 3423 1607 3479 mentio
1651 3425 1791 3479 facta
1818 3427 1918 3479 fuit

341 3508 397 3566 in
459 3508 878 3570 vitar-Urcbanis
910 3512 1092 3580 Gasis,
1126 3513 1387 3572 Osmanis
1420 3517 1542 3582 lilii,
1579 3530 1686 3572 non
1725 3519 1914 3587 procul

341 3608 411 3658 ab
429 3606 710 3661 annalium
740 3607 920 3662 initio.

338 3720 469 3775 225.
526 3718 735 3793 Battum
789 3718 996 3776 Erdelit‘
1047 3718 1373 3776 Soleimanes
1429 3720 1678 3793 (lunaria:
1742 3739 1914 3793 regem

410 3800 571 3863 erant.
619 3790 811 3863 causa:
852 3806 1249 3862 progressurum,
1293 3806 1423 3863 quos
1481 3791 1639 3848 Turci
1683 3790 1915 3863 fecerunt

407 3861 465 3914 ὶκ
498 3858 760 3931 Uttgart'a.
853 3858 862 3860 7
952 3858 969 3862 ⁷
1235 3858 1241 3859 ί
1304 3858 1325 3872 ”

410 3974 486 4029 De
522 3973 654 4028 Batti
708 3975 975 4045 dignitate
1024 3976 1383 4030 tractavimus
1440 3976 1619 4046 capite
1683 3977 1808 4041 174,
1848 3979 1915 4031 de

337 4066 566 4122 Ardelio
593 4065 680 4121 vel
718 4065 934 4121 Erdelio
992 4068 1175 4137 capite
1210 4066 1333 4123 105.
1362 4067 1568 4121 [ianum
1620 4068 1709 4123 liic
1739 4068 1911 4124 Erde—

338 4155 396 4210 lii
428 4166 624 4211 vocant
654 4157 903 4222 annales,
962 4174 1127 4229 quem
1182 4164 1357 4212 nostri
1411 4176 1515 4212 non
1553 4158 1784 4221 Bonum.
1813 4160 1909 4215 sed

335 4247 627 4302 vaivodam
659 4248 858 4303 Erdelii
887 4249 1003 4303 sive
1043 4249 1485 4319 Transsylvanim
1531 4259 1794 4319 perpetuo
1823 4252 1909 4305 di-

332 4344 553 4393 xerunt.
586 4337 637 4391 is
666 4348 798 4392 tunc
844 4338 1109 4407 temporis
1138 4350 1258 4393 erat
1289 4336 1533 4396 Joannes
1562 4341 1631 4396 de
1652 4342 1900 4412 Zapolia,

332 4441 522 4481 comes
540 4424 898 4496 Oepisicnsis,
924 4425 1179 4498 Ungaria:
1209 4428 1416 4499 pestis:
1457 4430 1549 4498 qui
1582 4440 1711 4486 ante
1761 4446 1902 4502 prir-

334 4515 471 4572 iium
507 4515 579 4571 de
635 4517 899 4571 industria
964 4519 1174 4573 tardius
1232 4520 1299 4572 ad
1348 4517 1684 4578 Ludovicum
1719 4538 1900 4595 regem

332 4608 522 4677 copias
548 4608 843 4665 auxiliares
864 4607 1094 4675 ducens,
1121 4624 1298 4677 regem
1339 4624 1464 4667 cum
1494 4614 1611 4668 suis
1642 4614 1695 4669 in
1723 4626 1904 4672 extre-

334 4715 485 4754 mum
514 4698 647 4753 illud
671 4699 962 4756 discrimen
992 4701 1291 4769 conjecisse
1312 4704 1573 4770 creditur,
1595 4716 1655 4759 ut
1683 4706 1894 4764 ambitu

334 4788 550 4845 nefario
583 4792 888 4859 pervenire,
947 4806 1089 4846 caeso
1123 4791 1419 4856 Ludovico,
1459 4798 1730 4864 genuinus
1758 4801 1909 4855 scili-

336 4892 422 4935 ret
458 4882 733 4951 Ungarus,
782 4883 846 4935 ad
881 4896 1106 4952 regnum
1140 4894 1343 4954 pusset.
1394 4884 1524 4941 Eam
1564 4890 1638 4944 ob
1673 4908 1898 4948 causam

333 4973 544 5027 dudum
568 4988 789 5043 quoque
827 4974 1089 5031 Ludovici
1141 4988 1385 5033 sororem
1434 4980 1670 5044 Annam.
1718 4984 1906 5039 Ferdi-

333 5066 537 5130 nando,
571 5068 754 5134 magni
782 5065 1131 5122 Maxitniliani
1162 5070 1397 5127 Czesarts
1424 5074 1606 5143 nepoti
1658 5077 1899 5146 desimu-

332 5172 452 5209 sam
497 5172 525 5207 a
586 5154 866 5211 Vladislao
917 5170 1069 5227 patre
1106 5160 1447 5229 pauloante,
1496 5179 1659 5233 quam
1698 5183 1726 5221 c
1762 5168 1900 5223 vivis

331 5252 644 5312 excederet,
668 5250 869 5305 frustra
895 5253 1022 5309 licet
1050 5256 1355 5311 ambirerat
1382 5272 1398 5323 ;
1432 5266 1488 5311 ut
1514 5260 1732 5328 en'pltts
1757 5262 1903 5331 juris

335 5340 403 5395 ad
433 5354 684 5411 regnum,
727 5341 892 5413 ‘90
922 5345 1192 5415 siquidem
1225 5349 1476 5404 sororius
1511 5352 1658 5420 regis
1696 5354 1892 5409 fuisSet

338 5432 539 5497 factus,
572 5433 818 5489 haberet.
871 5436 1044 5503 ipsius
1078 5436 1260 5495 autem
1291 5441 1519 5498 Joannis
1553 5441 1899 5512 Zapoliensis

342 5537 587 5578 sororem
615 5525 791 5593 primo
820 5528 924 5583 sibi
979 5533 1328 5587 matrimonio
1378 5534 1559 5597 iunxit
1591 5535 1900 5603 Sigismun-

340 5615 699 5673 dusf’oloniae
728 5633 893 5678 τρια
922 5638 1028 5679 oua
1054 5634 1235 5681 tamen
1261 5627 1443 5680 nullo:
1494 5631 1737 5684 susccult
1766 5628 1897 5685 libe-

2044 429 2073 463 ει
2101 423 2216 463 tem
2249 408 2503 479 coniugio
2525 420 2727 479 natam,
2758 408 3140 481 Sigismunzlus
3173 432 3399 469 uxorem
3426 416 3598 478 (indit,

2045 512 2102 555 ut
2128 501 2269 557 infra
2290 503 2487 557 dicturi
2516 506 2784 573 prolixius
2805 521 3017 562 sumus.
3048 504 3366 561 Creduntur
3388 506 3617 561 Joannis

2043 608 2220 651 causa)
2260 596 2463 652 favisse
2486 595 2695 660 Poloni,
2720 609 2952 665 eamque
2986 595 3184 652 Studiis
3214 597 3469 653 maximis
3494 614 3616 652 cum
3658 606 3663 630 ε

2042 704 2138 758 per
2166 688 2326 747 alios.
2355 699 2465 743 tum
2524 703 2623 754 per
2678 684 3071 761 Hieronymum
3108 688 3367 754 Lascium,
3407 689 3614 744 Alberli

2040 793 2271 851 patrem,
2296 783 2591 838 Soleimani
2625 784 2952 849 Osmanidte,
2975 795 3036 837 ac
3069 784 3367 839 Franciseo
3396 784 3617 838 Valesio

2040 876 2316 930 Gallorum
2353 876 2493 946 regi,
2539 877 2699 932 bonis
2735 876 2959 943 scilicet
2987 876 3095 931 illis
3126 876 3520 931 confmderatis
3552 893 3617 932 ac

2040 968 2228 1024 sociis.
2263 968 2314 1021 in
2346 969 2733 1023 detrimentum
2760 960 3070 1039 reipublicae
3096 968 3425 1024 Christiana!
3464 985 3615 1022 com-

2040 1063 2332 1119 mendasse
2365 1081 2378 1117 :
2410 1079 2478 1117 ne
2508 1065 2691 1134 quieta
2724 1063 2893 1119 totius
2925 1062 3181 1134 Ungarici
3214 1064 3361 1128 regni
3395 1078 3616 1129 posscs-

2040 1156 2196 1211 sione
2227 1155 2382 1225 p0titi
2408 1155 2684 1225 principes
2724 1156 3026 1216 Austriaci,
3057 1155 3438 1209 formidabiles
3475 1155 3612 1220 ipsis

2040 1248 2201 1301 etiam
2236 1238 2456 1302 Polonis
2492 1247 2685 1302 ﬁerent
2717 1265 2733 1311 ς
2765 1247 2859 1317 qui
2905 1262 3038 1301 sane
3093 1232 3350 1302 stiinulus
3388 1247 3614 1300 :eumla-

2040 1337 2206 1393 tionis
2242 1329 2527 1393 Francisei
2570 1353 2789 1409 quoque
2844 1340 2986 1409 regis
3047 1338 3292 1393 animum
3350 1348 3614 1408 perpetuo

2042 1442 2313 1499 pungcns,
2353 1444 2478 1485 eum
2509 1429 2579 1485 ad
2613 1431 2845 1486 consilia
2881 1430 3143 1497 nefanda,
3164 1430 3351 1501 reique
3381 1428 3611 1499 publicm

2039 1521 2379 1588 perniciosa,
2433 1534 2561 1578 eum
2611 1521 2889 1579 indelebili
2924 1523 2991 1578 ad
3025 1527 3251 1578 ~onmem
3290 1522 3609 1577 memoriam

2040 1614 2374 1683 posteritatis
2404 1614 2627 1670 infamia
2664 1632 2783 1683 sua,
2815 1615 3069 1686 perpulit.
3116 1616 3191 1669 lta
3227 1614 3484 1669 nimirum
3519 1631 3615 1684 per

2038 1706 2393 1761 ambitionem
2422 1715 2477 1762 et
2514 1706 2774 1762 invidiam
2830 1708 2930 1761 fuit
2981 1715 3247 1763 attractus
3286 1709 3339 1762 in
3400 1708 3611 1760 viscera

2040 1810 2225 1852 nostra
2262 1813 2442 1853 saevus
2498 1803 2554 1853 et
2609 1798 2828 1868 iuratus
2885 1797 3083 1853 hostis.
3118 1796 3339 1851 Utinam
3365 1813 3433 1851 ne
3466 1810 3613 1851 nunc

2036 1888 2200 1943 etiam
2235 1889 2416 1944 fucata
2439 1887 2665 1943 libertas
2695 1887 3002 1952 electionis,
3023 1898 3077 1942 ct
3100 1887 3323 1942 fmderis
3353 1886 3609 1941 Osmani-

2035 1983 2228 2035 darum
2262 1996 2385 2036 cum
2410 1981 2588 2036 vicina
2615 1978 2894 2034 Sarmatia
2923 1987 3244 2049 prretcxtus.
3280 1994 3344 2032 ac
3375 1979 3609 2032 detesta-

2034 2075 2161 2129 bilis
2183 2073 2545 2143 quorumdam
2579 2071 2829 2136 ambitio,
2864 2071 3067 2124 malum
3109 2070 3330 2139 aliquod
3378 2068 3609 2138 Europzn

2033 2163 2248 2234 pariant
2280 2180 2294 2225 ;
2329 2163 2472 2229 quod
2500 2162 2644 2217 Deus
2674 2171 2854 2216 tamen
2881 2162 3121 2231 optimus
3152 2160 3424 2216 maximus
3445 2176 3609 2213 omen

2032 2246 2283 2308 avertat!
2344 2250 2531 2307 Notari
2578 2251 2798 2321 quidem
2851 2251 3128 2305 annalium
3178 2250 3341 2305 verba
3381 2249 3605 2311 debent,

2031 2344 2230 2415 quibus
2262 2337 2500 2399 Joannes
2530 2342 2621 2398 hic
2642 2340 2841 2397 Turcis
2887 2357 2996 2397 non
3037 2341 3247 2397 electus
3273 2338 3341 2395 ab
3372 2339 3613 2410 ngaris.

2032 2454 2154 2503 rex,
2213 2434 2307 2491 sed
2367 2436 2550 2493 Banus
2606 2435 3053 2506 Transsylvanim
3110 2434 3426 2488 nominatur
3478 2443 3605 2486 ante

2028 2546 2192 2601 quam
2222 2528 2552 2585 Solcimanis
2573 2527 2844 2583 beneﬁcio
2871 2527 3086 2582 scilicet
3130 2542 3353 2596 regnum
3392 2525 3602 2580 obtine-

2026 2629 2132 2676 ret.
2161 2619 2307 2676 idem
2360 2621 2544 2677 Battus
2596 2619 2862 2675 detulisse
2905 2636 3005 2674 sua
3062 2618 3265 2673 dicitur
3302 2617 3609 2672 Soleitnani,

2024 2716 2304 2784 obsequia.
2336 2714 2474 2780 Quid
2493 2714 2639 2767 aliud
2670 2713 2793 2775 hoc,
2816 2726 2977 2778 quam
3001 2710 3202 2766 factum
3237 2710 3409 2765 fuisse
3431 2711 3601 2766 clien-

2025 2816 2155 2870 tem,
2200 2806 2283 2860 vel
2324 2806 2656 2874 mancipium
2691 2806 2872 2871 potius
2898 2803 3277 2859 Soleimanis?
3343 2800 3515 2871 Magis
3546 2802 3598 2854 id

2022 2901 2184 2953 etiam
2216 2908 2365 2965 paret
2395 2911 2459 2952 ex
2500 2914 2567 2952 eo
2602 2896 2746 2966 quod
2785 2894 3042 2966 sequitur
3074 2912 3086 2947 :
3121 2894 3451 2949 Solcimanis
3505 2894 3603 2946 im-

2023 2991 2175 3060 perio
2209 2990 2415 3043 Batmm
2447 3005 2505 3043 se
2530 2989 2885 3051 submisisse.
2914 2988 2997 3042 vel
3032 2986 3310 3041 subditum
3339 2985 3602 3040 Soleima-

2023 3087 2109 3139 nis
2141 3083 2340 3137 factum
2372 3084 2677 3146 csse,sicut
2705 3078 2821 3151 ipsa
2852 3082 3016 3136 verba
3035 3078 3338 3134 Turcorum
3373 3087 3595 3131 sonant.

2023 3176 2146 3230 llvcc
2178 3175 2391 3230 scilicet
2448 3175 2537 3228 illa
2572 3176 2796 3229 libertas
2835 3181 2941 3237 est,
2981 3188 3145 3241 quam
3177 3188 3273 3226 ore
3319 3170 3595 3239 jactilant.

2018 3269 2111 3337 qui
2139 3265 2335 3322 Turcis
2367 3274 2540 3320 semet
2577 3250 2904 3333 adjungunt.
2942 3263 3178 3317 Fructus
3225 3271 3409 3315 autem
3442 3262 3599 3315 bona:

2020 3358 2376 3429 protectionis
2401 3356 2566 3424 ltujus
2590 3364 2645 3410 et
2675 3354 2964 3423 patrocinii
3000 3352 3243 3415 Tureici,
3279 3354 3446 3421 paulo
3471 3360 3597 3420 post

2018 3466 2081 3504 ex
2112 3449 2293 3517 capite
2321 3446 2449 3508 250.
2486 3457 2539 3501 et
2564 3446 2699 3516 ipsis
2742 3462 2805 3500 ex
2839 3445 3159 3511 annalibus,
3198 3444 3285 3497 ubi
3322 3444 3389 3497 de
3416 3451 3596 3496 tnorte

2017 3540 2245 3594 Joannis
2283 3548 2336 3593 et
2384 3537 2477 3591 filii
2520 3539 2822 3606 matrisque
2854 3535 2907 3588 in
2931 3533 3417 3603 Transsylvaniam
3451 3530 3590 3586 rele-

2018 3629 2235 3694 qatione
2287 3637 2565 3689 narratur,
2598 3625 2718 3680 luce
2767 3625 3065 3678 meridiana
3113 3623 3319 3678 clarius
3358 3636 3592 3692 appare-

2018 3719 2195 3772 bunt:
2233 3717 2471 3786 itemque
2502 3717 2569 3771 de
2600 3717 2992 3787 Suppletnento
3027 3715 3315 3769 annalium
3373 3725 3597 3783 nostro,

2018 3809 2107 3863 ubi
2131 3809 2347 3863 tandem
2384 3809 2652 3873 videmus,
2702 3808 2976 3862 ambitiosi
3013 3807 3208 3876 patris,
3242 3814 3296 3861 ct
3329 3806 3591 3876 reipubli-

2015 3916 2093 3955 (ω
2142 3900 2293 3956 noxii
2315 3900 2506 3963 ﬁlium,
2536 3900 2754 3954 Arianae
2779 3908 2942 3954 secta:
2983 3908 3296 3967 patronum,
3322 3913 3442 3967 qum
3471 3897 3586 3950 Ma-

2015 3991 2330 4048 bnmetanis
2362 3990 2510 4048 fores
2538 3991 2731 4059 aperit,
2764 3992 2883 4047 sine
2922 3990 3131 4055 liberis,
3169 3991 3222 4045 in
3255 3992 3375 4061 ipso
3410 3990 3595 4047 aetatis

1982 4104 1985 4107 ·
2012 4084 2167 4147 ﬂore,
2193 4082 2345 4153 justo
2376 4082 2471 4137 Dei
2499 4081 2733 4152 judicio,
2766 4082 2933 4138 rebus
2966 4082 3226 4135 humanis
3265 4090 3585 4151 exemptum

2013 4174 2202 4230 fuisse.
2228 4172 2428 4228 Notum
2458 4180 2618 4228 vetus
2669 4187 2734 4228 ac
2762 4171 3108 4227 verissimum
3142 4170 3363 4242 quidem
3395 4187 3587 4227 oracu-

2010 4269 2122 4323 lum
2151 4267 2277 4322 illud
2308 4281 2324 4325 ι

1937 4373 1979 4428 D
2080 4379 2365 4457 Εὐσεὸέων
2419 4378 2669 4433 παίδεσσι
2715 4379 2782 4433 τὰ
2837 4378 2997 4445 λώϊα,
3045 4378 3352 4437 δυσσεσέων
3398 4380 3444 4440 δ’
3494 4379 3597 4445 οὔ..

2080 4488 2286 4545 Fausta
2318 4490 2527 4560 piorum
2557 4491 2863 4559 posteritas,
2908 4490 3152 4559 infausta
3206 4490 3525 4550 scelestum,

2007 4620 2134 4677 ΞΜ.
2176 4621 2428 4677 Viennam
2460 4623 2689 4677 dustria:
2728 4622 3050 4678 Soleimnnes
3084 4624 3320 4689 obsidet;
3346 4620 3603 4693 Welsch,~

2461 4694 2811 4757 Vindoniaua,
2850 4694 3143 4750 Ostrikiou.

2084 4805 2258 4876 ilujns
2287 4806 2591 4862 obsidionis
2627 4819 2820 4862 auctor
2868 4807 3164 4865 Soleimani
3196 4808 3298 4865 fuit
3339 4808 3603 4867 Joannes.

2013 4897 2375 4967 Zapolicnsis,
2403 4899 2575 4955 hostis
2596 4898 3018 4969 Germanorum,
3039 4918 3161 4957 cum
3185 4900 3418 4972 ngaris
3441 4906 3591 4967 suis,

2010 5005 2197 5059 parum
2248 4990 2423 5059 requis
2462 4991 2669 5046 nationi
2709 4992 2848 5048 bene
2910 4994 2975 5049 de
3009 5009 3067 5049 se
3106 4994 3331 5048 meritm.
3362 4992 3474 5047 Nec
3526 4993 3581 5047 iu

2012 5083 2099 5137 illa
2127 5082 2371 5137 creeitate
2402 5097 2500 5137 sua
2537 5084 2823 5140 dementes
2855 5086 3282 5156 perspiciebant,
3324 5084 3367 5138 si
3404 5084 3579 5147 Solei—

2012 5175 2156 5228 niani
2190 5174 2431 5229 licuisset
2451 5175 2503 5230 in
2536 5176 2825 5232 Germania
2853 5178 3038 5247 pedem
3067 5176 3232 5247 ﬁgere
3252 5176 3429 5249 (quod
3444 5192 3593 5238 sano

2011 5268 2304 5333 quominus
2331 5266 2503 5333 ﬁeret,
2539 5282 2635 5338 per
2670 5270 2818 5339 ipsos
2844 5286 2955 5323 non
2984 5271 3155 5335 stetit,
3192 5269 3311 5323 solo
3353 5269 3583 5336 benigni

2009 5357 2265 5415 Numinis
2292 5359 2477 5415 favore
2504 5371 2711 5431 pestem
2742 5362 2888 5415 illaut
2919 5362 3121 5417 nostris
3149 5377 3177 5416 a
3204 5361 3401 5416 ﬁnilms
3424 5378 3580 5417 aver-

2012 5450 2205 5519 tente),
2236 5466 2340 5506 non
2370 5452 2548 5508 minus
2585 5451 2924 5522 Ungarorum
2950 5454 3251 5510 libertatem
3279 5469 3577 5524 oppressu.

2011 5558 2130 5596 rum
2174 5543 2346 5601 fuisse
2399 5545 2716 5606 barbarum,
2754 5530 2916 5613 quam
2975 5556 3216 5602 nostram
3255 5565 3270 5603 :
3304 5564 3331 5603 a
3389 5546 3572 5604 fronte

2010 5632 2217 5688 scilicet
2275 5642 2322 5689 ct
2358 5651 2387 5688 a
2414 5644 2563 5695 tergo
2610 5635 2720 5696 iam
2763 5636 2895 5699 ipsis
2943 5636 3084 5692 intra
3122 5650 3274 5714 septa
3307 5616 3570 5697 sua'con-
