4048 6208
404 160 512 220 8⁴)5

1595 155 1920 217 JOANNIS
1964 156 2420 216 LEUNCLAVII
2465 116 2476 125 ”

3542 151 3647 217 896

405 268 592 321 ςἰιςίδ.
637 265 839 319 Vienna
879 265 1076 320 Turcis
1115 275 1198 320 cst
1227 266 1474 321 Wetscb.
1528 264 1698 322 Vetus
1729 269 1968 337 appella-
2001 270 2045 328 Α
2073 268 2198 322 29.6.
2234 267 2461 333 Coroue,
2504 268 2678 321 insula
2713 267 2870 330 Bulu,
2905 243 3113 330 Bbdra,
3142 274 3310 333 caput
3350 283 3380 319 a
3427 269 3642 321 nostris.

409 361 482 412 tio
515 355 856 411 Vindomana
884 357 1084 426 legitur
1109 357 1159 411 in
1185 356 1390 412 Notitia
1417 360 1706 428 utriusque
1736 360 1972 427 imperii,
2009 429 2012 434 ι

406 470 570 518 quam
589 453 838 522 equidem
858 453 1206 522 integriorem
1235 461 1387 522 puto,
1407 468 1567 522 quam
1590 453 1929 520 Viudobonze
1958 473 1972 508 :

408 545 706 608 praesertim
765 543 811 597 si
869 543 1044 597 divisa
1076 543 1259 598 littera
1296 544 1344 597 Μ
1383 545 1435 598 in
1485 544 1526 598 N
1569 553 1624 600 et
1677 545 1723 609 Ι,
1759 545 1976 600 dicatur

409 633 792 688 Viudoniaua:
853 635 994 703 sicut
1025 634 1206 688 obiter
1264 635 1520 703 superius
1574 637 1740 692 etiam
1793 637 1975 704 capite

411 726 584 786 primo
623 726 1104 781 commentationis
1137 725 1303 796 hujus
1328 727 1720 782 indicavimus.
1747 728 1976 797 [legioni

411 832 604 870 nomen
636 831 743 870 non
777 817 855 869 ab
876 826 1064 871 austro
1101 817 1310 881 datum,
1339 809 1487 886 quod
1519 818 1585 872 ab
1619 818 1824 872 austris
1860 832 1979 886 per-

411 908 523 962 flari
553 909 747 964 crebro
767 910 955 974 soleat,
982 918 1041 963 ut
1066 908 1264 964 Lazius
1293 910 1536 980 scripsit,
1570 911 1665 966 sed
1697 911 1764 965 ab
1794 911 1978 966 orien-

415 1001 504 1054 tali
535 1001 665 1067 situ,
693 1010 943 1071 respectu
969 1002 1195 1071 reliqum
1223 1001 1551 1066 Germania},
1578 1002 1660 1056 vel
1689 1016 1718 1056 e
1747 989 1978 1071 praetore

413 1093 634 1146 Grazciae
696 1102 887 1148 nostro
943 1101 1120 1162 paret,
1183 1091 1275 1162 qui
1334 1091 1538 1147 Graecis
1569 1092 1848 1162 ὁστρίκιον
1879 1107 1982 1147 suo

415 1199 634 1249 quoque
662 1191 908 1252 tempore
961 1185 1163 1238 dictam
1206 1183 1467 1239 ostendit.
1499 1184 1555 1237 ld
1599 1183 1742 1238 enim
1780 1198 1979 1239 nomen

420 1272 662 1334 ()strich,
702 1274 786 1328 vel
821 1273 1140 1338 Ost-Reicb,
1163 1275 1449 1329 Germanis
1473 1274 1798 1344 simpliciter
1824 1281 1993 1330 sonat.

420 1381 644 1436 regnum
678 1368 1033 1432 orientis,vel
1069 1369 1132 1420 ad
1168 1369 1436 1422 orientem
1473 1369 1662 1426 situm.
1703 1369 1859 1435 Quod
1890 1368 1984 1423 fri-

423 1458 571 1528 goris
613 1459 665 1512 vi
718 1468 943 1513 narrant
982 1457 1145 1514 Turci
1191 1460 1551 1516 Soleimauem
1592 1460 1660 1515 ab
1701 1461 1982 1515 obsidione

418 1549 702 1604 discedere
731 1560 1005 1615 coactum,
1038 1552 1334 1606 excusandi
1361 1553 1566 1606 sultani
1613 1554 1696 1606 sui
1727 1568 1983 1608 suorum-

421 1655 526 1706 que
577 1656 741 1696 causa
800 1641 1029 1698 faciunt.
1055 1644 1267 1712 Quippe
1305 1652 1524 1700 constat
1570 1643 1780 1701 Turcos
1815 1646 1981 1700 vicies

422 1747 607 1785 muros
640 1733 794 1788 urbis
822 1733 1082 1796 subiisse,
1141 1736 1311 1792 vicies
1366 1751 1397 1788 a
1451 1736 1723 1790 nitenibus
1780 1737 1982 1791 virtute

421 1809 879 1891 prepuguatorum
937 1825 1107 1880 fuisse
1163 1829 1434 1895 repulsos,
1463 1827 1712 1894 adeoque
1763 1827 1980 1881 tandem

422 1911 640 1968 frameis
662 1912 786 1968 licet
813 1929 874 1968 ac
908 1915 1146 1970 fustibus
1170 1917 1448 1976 adhibitis,
1468 1918 1686 1986 adigere
1717 1933 1848 1973 suos
1872 1933 1983 1971 aut-

423 2001 564 2068 plius
603 2003 669 2058 ad
729 2008 1184 2075 oppugnationem
1241 2009 1714 2079 redintegrandum
1752 2010 1896 2064 nulla
1936 2011 1984 2062 vi

425 2095 686 2160 potuisse.
725 2095 862 2151 llinc
903 2099 1056 2153 urbis
1090 2100 1367 2169 capienda:
1391 2100 1698 2170 desperatio
1727 2101 1986 2156 Soleima-

422 2182 510 2236 nis
545 2185 789 2240 animum
829 2189 1023 2251 subiit,
1047 2199 1100 2243 ut
1136 2198 1365 2261 apparet
1407 2207 1470 2246 ex
1508 2192 1624 2266 ipsa
1663 2190 1990 2246 Viennensis

421 2273 619 2327 obsidii
649 2275 1038 2348 descriptione.
1059 2280 1236 2349 Cmpit
1260 2284 1314 2336 in
1341 2282 1546 2338 rnorem
1565 2283 1702 2351 fugae
1721 2283 1986 2339 Soleima-

421 2377 520 2432 _nes
549 2363 774 2434 reliquis
793 2382 915 2423 cum
936 2371 1110 2440 ecpiis
1129 2371 1444 2439 abscedere,
1461 2374 1550 2428 die
1565 2374 1775 2429 decimo
1794 2381 1990 2444 quarto

427 2453 701 2534 Octobris,
727 2476 873 2516 anno
894 2461 1209 2518 Christiano
1233 2465 1524 2520 millesimo
1549 2465 1990 2534 quingentesimo

425 2550 686 2606 vicesimo
725 2570 895 2610 nouo.
951 2555 1299 2614 Atmiudauis
1333 2572 1555 2621 nomen,
1596 2558 1752 2628 cujus
1788 2557 1991 2611 mentio

423 2643 688 2711 sequitur,
717 2647 1071 2716 exposuimus
1101 2665 1287 2719 supra,
1309 2650 1488 2720 capite
1517 2649 1638 2705 150.

426 2754 549 2834 ἓῖξξ.
594 2759 775 2834 Altera
814 2759 1133 2834 _So_feimanis
1174 2764 1678 2834 contra/Germanos
1709 2766 1990 2834 expeditio.

695 2827 1141 2916 diis/talogli'cuom
1161 2835 1271 2886 suis
1293 2851 1329 2916 a_
1347 2826 1864 2916 Fridericoprinc'ipe
1891 2834 1996 2916 Iza-

502 2897 669 2950 latino
697 2914 893 2964 «usus;
924 2900 1291 2956 Palatinarum
1311 2905 1366 2956 in
1392 2897 1762 2971 rempublicam
1786 2897 1991 2959 merita.

503 3009 817 3079 lntelligunt
866 3014 1093 3068 annales
1152 3013 1374 3083 Hispani
1411 3016 1628 3069 nomine
1660 3015 1916 3070 Karulum
1951 3016 1989 3070 V

429 3101 754 3170 Augustum,
795 3105 1174 3173 Hispaniarum
1221 3122 1398 3176 regem
1434 3125 1449 3162 :
1485 3125 1646 3176 quem
1684 3111 1994 3178 imperato-

433 3208 542 3244 rem
578 3195 943 3248 Romanorum
973 3197 1190 3252 infitiari
1218 3198 1430 3254 solebat
1458 3200 1817 3264 Soleimanes,
1849 3205 1993 3268 quod

432 3299 488 3336 se
513 3285 632 3338 belli
662 3284 783 3352 jure
803 3303 1172 3343 successorem
1192 3289 1537 3345 Constantini
1562 3293 1735 3362 magni
1765 3293 1995 3353 diceret,

433 3376 521 3442 qui
561 3388 665 3428 tam
707 3377 1214 3449 Occidentis,quam
1243 3381 1504 3449 Orientis,
1537 3383 1728 3439 fuisset
1760 3385 1997 3453 impera-

435 3475 538 3519 lul‘.
594 3467 822 3521 Casanis
867 3468 1206 3540 Michaloglis
1257 3487 1454 3526 nomen
1506 3474 1647 3540 apud
1699 3473 1996 3539 Soiterum,

434 3559 525 3624 qui
582 3573 644 3610 ex
705 3562 910 3628 nostris
962 3561 1065 3616 hoc
1124 3545 1331 3616 bellum
1384 3565 1662 3633 eleganter
1725 3565 1998 3635 ascripsit,

437 3662 542 3701 non
574 3649 788 3719 legitur.
830 3651 1078 3706 Vaivodae
1113 3652 1424 3721 appellatio,
1468 3671 1587 3722 quae
1635 3655 1836 3709 (lasani
1904 3657 2000 3709 tris

439 3738 645 3801 buitur,
692 3742 1032 3808 capitaneum
1095 3743 1393 3812 significat.
1452 3743 1644 3799 Czesus
1696 3759 1818 3798 cum
1880 3747 2002 3800 suis

439 3827 778 3884 memorabili
804 3833 955 3887 clade
985 3833 1086 3887 fuit
1112 3850 1138 3886 a
1160 3835 1215 3888 Ft
1234 3834 1439 3889 iderico
1470 3837 1716 3904 principe
1743 3835 2000 3893 Palatino

443 3919 734 3985 [liuent-nsi,
770 3924 1095 3977 auxiliorum
1148 3923 1360 3996 imperii
1399 3942 1654 3995 supremo
1713 3929 1872 3991 duce,
1907 3931 1997 3999 qui

444 4022 561 4077 post
594 4011 963 4081 septemvirali
992 4016 1255 4086 dignitate
1280 4016 1515 4088 fulgens,
1539 4017 1696 4090 49],
1731 4023 2000 4075 honorata

439 4104 695 4170 gravique
753 4118 974 4159 senecta
1031 4108 1195 4159 vitam
1252 4106 1305 4160 in
1364 4110 1528 4162 terris
1565 4113 1764 4174 clausit
1819 4127 1997 4165 suam.

438 4194 798 4249 Serenissima
846 4212 980 4251 sane
1033 4197 1408 4253 Palatinorum
1447 4201 1752 4271 principum
1801 4200 2000 4256 familia

2152 359 2226 415 De
2261 360 2476 415 Coroue
2506 360 2711 414 dictum
2743 371 2863 428 cap.
2902 359 3023 412 177.
3055 357 3238 414 Insula
3289 359 3445 423 Balu,
3493 359 3647 414 locus

2081 461 2162 505 est
2197 451 2264 506 ad
2299 452 2472 520 ipsam
2503 451 2779 518 Coronen,
2811 452 2982 507 littori
3009 451 3315 521 proximus,
3362 463 3521 521 quem
3558 453 3647 505 in-
3730 465 3738 474 '

2079 543 2493 615 coluntGrzeci,
2547 542 2749 598 Turcis
2806 539 3430 599 inhabitantibus.'ﬂiuc
3485 540 3650 594 intel-

2080 637 2171 704 ligi
2203 645 2404 706 potest,
2431 637 2576 706 quod
2617 635 2761 705 apud
2804 634 3068 690 Ortclium
3118 633 3368 705 legimus,
3397 632 3669 687 Coronen

2083 726 2136 780 in
2185 726 2456 782 Messenia
2514 726 2901 796 Peloponnesi,
2954 724 3231 795 Sophiauo
3269 723 3397 778 'dici
3443 722 3650 783 Coron.

2084 817 2250 872 Mario
2283 816 2448 888 Nigro
2473 816 2609 872 Nisi.
2639 817 2850 886 Quippe
2878 815 3007 885 νησὶ
3057 814 3264 870 Graecis
3297 813 3533 869 insulam
3574 813 3655 866 si-

2083 908 2324 978 gnitieat,
2379 907 2700 978 integreque
2728 907 2833 962 dici
2887 905 3124 962 debebat
3186 905 3393 975 νησίον.
3433 903 3512 958 Ac
3553 904 3655 956 toti

2086 1016 2284 1056 nomen
2329 998 2450 1052 urbi
2483 1013 2512 1052 a
2543 1006 2698 1068 patre
2741 998 2906 1070 Niger
2935 997 3106 1052 dedit.
3139 994 3311 1048 Badra
3347 993 3548 1049 Turcis
3576 995 3658 1048 ef-

2087 1093 2260 1148 fertur
2279 1091 2640 1160 Pelopouuesl
2663 1091 2830 1146 urbs:
2861 1089 3120 1143 Patrasso
3138 1096 3336 1142 vocant
3358 1086 3476 1141 Itali
3504 1105 3518 1140 :
3551 1087 3659 1141 Pa-

2085 1193 2181 1240 trae
2213 1187 2489 1254 quondam
2543 1184 2752 1240 Gra‘cis
2808 1197 3036 1237 numero
3065 1181 3426 1236 multitudinis
3474 1193 3658 1234 enun-

2087 1279 2347 1334 tiabatur.

2316 1369 2444 1424 2‘27.
2487 1369 2780 1422 Chairadiu
2819 1367 3169 1431 Barbarossu,
3219 1363 3423 1420 Cesair.

2157 1459 2445 1517 Notionem
2469 1461 2720 1517 vocabuli
2751 1460 3045 1514 Ghairadiu
3074 1459 3253 1528 capite
3283 1457 3352 1512 36
3385 1457 3654 1511 dedimus.

2086 1556 2188 1608 llic
2249 1556 2395 1608 nulla
2439 1555 2498 1609 fit
2561 1553 2814 1609 Iloruccii
2852 1553 3082 1607 mentio
3139 1560 3451 1622 propterea,
3506 1550 3655 1619 quod

2089 1648 2312 1717 perierit
2355 1655 2483 1702 ante
2559 1660 2722 1715 quam
2763 1659 2864 1715 pro
2914 1643 3110 1699 Turcis
3169 1643 3372 1712 aliquid
3427 1634 3658 1710 insignis

2087 1739 2164 1790 rei
2209 1737 2492 1806 gessisset,
2548 1736 2778 1805 privatis
2809 1741 3099 1789 contentus
3120 1731 3451 1789 commodis.
3485 1731 3657 1801 Major

2088 1830 2134 1884 is
2172 1838 2302 1883 natu
2371 1829 2545 1883 frater
2591 1826 2964 1890 Cbairadinis,
3020 1826 3123 1882 sub
3175 1825 3503 1894 archipirata
3549 1824 3658 1880 Kc-

2087 1919 2454 1974 male'nomen
2477 1927 2531 1974 et
2577 1934 2690 1974 rem
2742 1925 3075 1974 consecutus
3118 1931 3148 1970 e
3193 1917 3449 1986 piratica,
3507 1917 3648 1970 Sclio

2096 2025 2234 2064 mem
2269 2011 2525 2071 Arabem.
2556 2010 2710 2080 regni
2762 2009 3100 2080 Algericnsis
3127 2007 3423 2074 hmredent,
3459 2011 3544 2063 cui
3583 2024 3664 2064 ro-

2093 2111 2249 2170 gaius
2304 2103 2589 2173 suppetias
2648 2103 2871 2167 tulerat,
2915 2116 3012 2172 per
3067 2099 3299 2156 insidias
3350 2101 3403 2154 in
3463 2102 3659 2157 balneo

2093 2195 2326 2259 necavit,
2359 2202 2413 2248 et
2439 2196 2630 2250 urbem
2658 2211 2779 2250 cum
2812 2209 2982 2264 regno
3011 2195 3112 2250 sibi
3147 2210 3244 2265 per
3267 2196 3374 2250 vim
3400 2199 3660 2252 asseruit.

2094 2285 2380 2341 Exstincto
2414 2287 2614 2342 deinde
2647 2285 2937 2348 llornccio,
2965 2285 3124 2354 cujus
3165 2285 3444 2340 interitum
3471 2286 3664 2342 Jovius

2094 2377 2412 2448 descripsit,
2444 2381 2799 2436 Cbairadines
2834 2380 3027 2444 frater,
3059 2388 3113 2434 et
3147 2378 3263 2448 ipse
3301 2379 3475 2448 pirata
3515 2383 3665 2434 nobi-

2095 2467 2184 2530 lis,
2238 2468 2292 2522 in
2351 2469 2700 2537 possessione
2764 2471 2916 2537 regni
2981 2469 3292 2534 successit,
3336 2469 3665 2540 tandemque

2097 2556 2396 2612 Soleimaui
2463 2557 2643 2613 factus
2698 2559 2858 2628 longe
2906 2558 3299 2623 eharissimus,
3356 2573 3418 2614 ea
3474 2563 3665 2628 gessit,

2096 2665 2217 2720 quae
2240 2648 2497 2720 deinceps
2532 2651 2588 2704 in
2625 2651 2921 2706 annalibus
2976 2659 3344 2720 exponuntur.
3392 2651 3469 2704 Ad
3522 2651 3666 2706 hunc

2102 2757 2199 2812 per
2229 2757 2474 2798 errorem
2510 2743 2696 2798 omnia
2732 2742 3052 2798 referuntur
3077 2742 3185 2808 hic,
3223 2742 3294 2796 de
3328 2729 3495 2812 capta
3533 2758 3668 2811 pm-

2098 2835 2286 2888 sertim
2319 2835 2573 2898 Cesaire,
2607 2851 2730 2902 quze
2758 2851 2788 2890 a
2824 2836 3013 2899 fratre,
3074 2837 3201 2890 dum
3235 2836 3462 2897 viveret,
3518 2845 3666 2902 gesta

2101 2923 2335 2978 fuerant.
2391 2926 2582 2980 Cesair
2637 2925 2908 2980 Numidia:
2977 2927 3334 2994 metmpolis.
3390 2926 3665 2992 Algerium

2103 3016 2268 3086 vulgo
2296 3015 2522 3071 dicitur.
2548 3010 2753 3071 Priscis
2789 3025 2906 3071 erat
2939 3016 3080 3070 Julia
3108 3017 3378 3072 Caesarea.
3430 3016 3670 3069 Nieolai-

2103 3110 2201 3163 des
2255 3124 2285 3163 a
2313 3108 2524 3163 Mauris
2571 3107 2786 3174 Gezeir,
2819 3108 3091 3164 Arabibus
3127 3107 3375 3178 Elgezair
3424 3107 3530 3160 diei
3578 3122 3675 3174 pu.

2107 3211 2205 3263 tat,
2243 3201 2467 3255 nomine
2504 3193 2852 3270 significante
2898 3201 3161 3261 insulam,
3204 3209 3432 3268 propter
3479 3199 3667 3250 Balea-

2107 3292 2246 3346 rium
2278 3301 2330 3346 et
2355 3291 2583 3345 aliarum
2609 3291 2911 3345 insularum
2937 3290 3220 3354 viciniam,
3245 3305 3376 3343 sane
3402 3289 3634 3343 ridicule
3658 3307 3670 3341 :

2106 3401 2228 3438 cum
2267 3394 2561 3453 utrumque
2591 3382 2657 3438 sit
2713 3381 2881 3447 idem,
2913 3382 3014 3436 nisi
3072 3381 3216 3451 quod
3255 3380 3407 3435 alteri
3455 3380 3676 3434 additus

2081 3485 2188 3542 .est
2237 3491 2302 3528 ει.
2345 3474 2429 3528 vel
2488 3490 2552 3527 AL
2603 3473 2868 3529 articulus
2921 3472 3226 3540 Arabicus,
3280 3481 3334 3526 et
3385 3480 3679 3538 utrumque

2107 3573 2430 3634 corruptum
2459 3563 2530 3620 sit
2561 3578 2624 3618 ex
2666 3563 2950 3626 Carsarea,
2977 3562 3120 3618 sicut
3143 3572 3199 3618 et
3233 3562 3441 3617 Cesair.
3474 3558 3677 3614 Barba-

2108 3658 2242 3711 riam
2295 3656 2474 3710 vocari
2528 3656 2859 3711 maritimam
2907 3655 3191 3720 Africam,
3238 3655 3396 3709 initio
3447 3652 3679 3722 Supple-

2110 3747 2276 3800 menli
2340 3746 2638 3800 Annalium
2703 3747 2888 3800 nostri
2968 3746 3306 3801 monuimus.
3371 3747 3675 3815 Asprorum

2109 3840 2690 3908 quadragiescentum
2745 3839 2917 3893 millia
2949 3836 3158 3892 faciunt
3223 3845 3445 3892 centum
3508 3837 3675 3889 millia

2110 3896 2676 3999 thalerorumstpretio
2701 3928 2894 3983 thaleri
2925 3928 3099 3982 unius
3116 3929 3180 3982 ad
3206 3927 3564 3996 quadraginta
3598 3942 3676 3980 as-

2111 4037 2238 4090 pros
2267 4029 2548 4084 revocato,
2577 4019 2722 4074 sicut
2748 4028 3028 4073 ostensum
3059 4029 3144 4073 est
3174 4019 3352 4086 capite
3380 4017 3465 4071 l8.

2108 4134 2234 4189 228.
2272 4133 2467 4204 Ofﬁcia
2497 4133 2676 4188 Porta:
2715 4131 3016 4255 Osmmlt'irf
3051 4133 3339 4198 prazcipua,
3375 4128 3682 4196 cnjusmodi

2731 4212 2851 4255 sum
2926 4219 2954 4254 ο
2994 4217 3059 4255 te.

2731 4212 2851 4256 sum
2891 4212 3059 4255 hodie.

438 4295 545 4340 tam
583 4290 878 4357 superiori,
904 4306 1067 4360 quam
1097 4293 1199 4346 hoc
1218 4302 1410 4347 contra
1431 4293 1793 4348 Soleimanetn
1838 4294 2002 4360 bello,
2037 4304 2086 4364 ι)
2181 4296 2364 4359 Prius,
2403 4309 2568 4364 quam
2595 4295 2926 4348 accedamus
2953 4293 3018 4347 ad
3047 4291 3470 4359 explicationem
3500 4289 3682 4350 officii,

441 4380 725 4444 perutiletn
791 4381 1084 4435 immortali
1143 4397 1264 4437 cum
1316 4382 1477 4436 laude
1529 4399 1628 4437 sua
1691 4384 2004 4452 reipublicae

438 4467 765 4524 Christianae
793 4473 1012 4526 navavit
1059 4487 1282 4541 operam
1315 4490 1330 4527 :
1365 4488 1490 4528 cum
1535 4474 1763 4529 obsessa
1791 4474 2005 4530 Vienna

443 4559 749 4630 Philippus,
774 4577 803 4632 e
834 4563 1100 4620 Frideriei
1125 4567 1290 4620 fratre
1313 4565 1559 4634 Ruperto
1589 4577 1775 4632 natus,
1803 4569 1858 4622 in
1888 4570 2008 4626 loco

441 4650 573 4703 nihil
605 4651 656 4705 id
699 4655 960 4723 temporis
983 4657 1218 4720 munito,
1257 4665 1450 4711 contra
1495 4663 1602 4714 vim
1641 4661 2008 4730 potentissimi

442 4737 616 4792 hostis
647 4740 1021 4810 defendendo,
1067 4762 1228 4802 suum
1278 4765 1374 4817 pro
1404 4750 1578 4806 salute
1610 4751 1801 4821 patria:
1847 4763 2010 4822 caput

439 4829 731 4887 devoveret
757 4856 769 4890 :
797 4833 1108 4893 Fridericns
1131 4849 1185 4895 et
1212 4841 1534 4912 Wolfangus
1558 4844 1754 4918 fratres
1789 4848 2012 4904 Cremb-

443 4923 533 4986 sii,
560 4925 626 4980 ad
655 4926 927 4984 decimum
965 4946 994 4985 a
1024 4931 1231 4988 Vienna
1267 4937 1526 5005 lapidem,
1585 4954 1710 4993 cum
1746 4942 1919 5010 cepiis
1957 4942 2011 4994 iu

445 5029 661 5072 omnem
698 5019 836 5076 bene
856 5025 1106 5094 gerendae
1130 5028 1207 5082 rei
1232 5029 1580 5086 occasionem
1610 5033 1803 5088 intenti
1833 5034 2016 5089 subsi-

446 5117 686 5178 sterent,
747 5128 811 5170 ac
875 5131 1020 5173 nunc
1077 5119 1288 5175 demum
1348 5136 1492 5178 anno
1544 5125 1708 5180 tertio
1757 5124 2016 5179 redeunte

445 5197 772 5273 Saleimane,
797 5210 1006 5280 primus
1039 5212 1353 5269 Fridericus
1387 5215 1450 5268 ad
1479 5214 1876 5271 defendendam
1903 5216 2016 5270 Au-

447 5301 638 5356 striam
671 5302 970 5373 advolaret,
1000 5317 1054 5364 et
1079 5318 1304 5378 paratus
1331 5309 1447 5378 ipse
1479 5307 1751 5362 Barbaros
1783 5307 2016 5376 imPam'

451 5408 535 5453 tos
569 5410 620 5454 et
657 5401 1030 5471 imprudentes
1064 5403 1366 5466 invaderet,
1399 5400 1650 5464 caederet,
1686 5399 2015 5468 protliganet.

454 5491 638 5557 "petis
685 5493 903 5562 quidem
935 5493 1196 5564 elogium,
1231 5493 1296 5548 de
1327 5507 1469 5547 caeso
1500 5492 1568 5546 ab
1601 5489 1884 5544 Alamanis
1917 5490 2018 5543 Ca-

453 5597 582 5635 sane
621 5583 947 5658 lliehalngli,
973 5585 1037 5641 ad
1065 5585 1228 5655 hujus
1262 5584 1480 5641 familia:
1515 5582 1728 5638 laudem
1757 5582 2010 5652 pertinet.

2111 4390 2255 4459 (ιιιυά
2286 4388 2648 4443 Cbairadines
2676 4385 2766 4439 hic
2789 4390 3122 4440 consecutus
3151 4383 3408 4444 traditur,
3437 4380 3684 4446 supremi

2112 4480 2362 4536 videlicet
2414 4475 2722 4548 beglerbegi
2751 4474 2957 4540 maris,
3010 4488 3120 4527 uno
3173 4473 3391 4526 tandem
3447 4469 3686 4538 letplc-

2113 4585 2328 4628 etamur
2349 4571 2473 4626 loco
2500 4570 2672 4624 totius
2706 4567 2864 4634 aulae,
2896 4565 2982 4620 vel
3008 4563 3187 4619 Portae
3217 4562 3398 4632 potius
3433 4559 3684 4616 Osmaui-

2115 4679 2194 4718 cae
2221 4664 2403 4719 ofﬁcia
2436 4662 2738 4730 praecipua,
2778 4659 3054 4727 rebusque
3105 4655 3356 4711 Turcicis
3409 4653 3685 4722 explican-

2113 4755 2198 4808 dis
2231 4763 2284 4808 et
2319 4750 2687 4821 intelligendis
2718 4747 3052 4804 necessaria.

2185 4842 2427 4897 Primum
2461 4841 2575 4894 haec
2602 4838 2731 4894 sciri
2759 4846 2976 4908 oportet
3009 4850 3129 4892 esse
3169 4834 3340 4888 duum
3401 4832 3562 4901 plane
3597 4848 3688 4900 ge-

2116 4947 2331 4994 nerum,
2391 4929 2515 4984 aliis
2573 4929 2717 4983 intra
2752 4927 2994 4983 saraium
3058 4923 3338 4994 deputatis
3402 4923 3693 4992 ipsiusmet

2117 5023 2318 5080 sultani
2355 5019 2704 5083 ministeriis,
2735 5033 2799 5073 ac
2834 5033 3029 5074 rursus
3068 5018 3192 5072 aliis
3231 5024 3392 5071 extra
3445 5016 3688 5070 saraium

2120 5130 2219 5171 sua
2262 5112 2595 5170 obeuntibus
2631 5125 2881 5164 munera.

2370 5205 2524 5258 Intra
2565 5201 2802 5255 saraium
2833 5200 2887 5254 hi
2915 5201 3127 5254 sullane
3154 5199 3383 5253 serviunt
3409 5213 3429 5252 .'

2191 5296 2322 5364 Capi
2355 5295 2490 5363 Aga,
2521 5293 2605 5347 vel
2639 5292 2770 5362 Capi
2801 5291 2986 5360 Agasi.
3031 5289 3333 5345 Prtefectus
3387 5297 3482 5345 aut
3529 5289 3692 5358 Capi-

2125 5398 2320 5443 taneus
2366 5386 2562 5440 Portm.
3263 5437 3266 5440 Α

2193 5479 2307 5535 Oda
2343 5478 2521 5541 Bassi,
2554 5475 2929 5530 cubicularius
2965 5476 3235 5529 maximus
3301 5485 3358 5528 et
3405 5473 3690 5543 prsefeetus

2127 5572 2418 5646 ltzoglanis
2451 5569 2636 5626 saraii.
2673 5567 3065 5624 Adulescentes
3091 5575 3242 5630 sunt,
3279 5568 3368 5636 qui
3422 5566 3486 5620 ab
3516 5565 3688 5624 aetatis
