4048 6208
376 229 480 292 897

374 433 599 488 aluntur
631 444 684 488 et
722 436 1026 492 educantur
1061 439 1203 491 intra
1237 444 1505 505 saraium,
1566 444 1819 509 varieque
1850 460 1945 513 pro

377 525 562 581 indole
598 542 696 581 sua
732 529 1119 597 instituuntur,
1160 535 1467 603 praesertim
1527 545 1587 589 ut
1643 534 1820 603 legere
1864 538 1947 588 di-

378 629 559 684 scant,
587 631 642 675 et
674 622 939 688 scribere,
968 634 1022 679 et
1049 624 1301 695 jaculari,
1331 638 1384 681 et
1404 627 1652 695 equitare
1676 665 1692 691 ,
1736 630 1948 701 legum-

372 725 481 780 que
506 710 1019 769 Mahumetanarum
1047 731 1321 772 summam
1369 719 1695 788 percipiant.

442 799 768 857 Chasnadar
795 804 962 859 bassi.
997 804 1402 863 Thesaurarius
1440 808 1731 864 maximus.

448 895 678 949 Kilertzi
720 896 891 951 bassi.
924 895 1283 968 Dispensator
1316 901 1613 954 maximus.

450 986 606 1043 Serai
640 986 746 1043 Dar
797 990 986 1060 Agasi,
1018 990 1103 1045 vel
1132 992 1286 1046 Serai
1320 994 1491 1049 bassi.
1524 994 1828 1063 Supremus
1859 1011 1947 1050 sa-

376 1078 477 1133 raii
513 1080 831 1149 praefectus,
862 1083 1088 1138 absente
1116 1086 1361 1143 sultano.

451 1170 515 1224 Et
548 1168 601 1224 hi
632 1174 854 1242 quidem
882 1190 1074 1231 omnes
1111 1180 1379 1245 spadones
1412 1182 1492 1233 vel
1535 1184 1757 1237 castrati
1796 1192 1945 1247 sunt,

1528 236 1920 297 PANDECJ'E
1952 240 2002 297 il
2017 240 2029 296 l
2046 240 2152 301 ΒΤ.
2203 242 2499 305 'l‘l’RClC.

378 352 574 397 Octavo
606 346 671 397 ml
705 347 1035 400 vicesimum
1061 356 1264 400 annum
1332 364 1521 415 usque,
1556 366 1654 419 pro
1716 354 1937 405 sultano
1970 362 2016 414 Α

3514 252 3619 312 ἑ98

2120 354 2439 422 Sequuntur
2476 360 2619 410 vezir
2668 358 2861 421 haSsze,
2919 358 3096 427 capita
3147 358 3362 414 scilicet
3402 364 3617 416 consilii

2049 446 2333 501 sultanini.
2368 449 2653 513 Quondam
2691 451 2912 504 nonnisi
2982 462 3091 505 tres
3121 459 3218 504 aut
3264 460 3502 520 quatuor
3535 468 3619 505 ve-

2047 537 2190 591 zires
2224 548 2405 603 erant,
2450 542 2526 593 uti
2580 543 2741 609 paulo
2787 551 2905 609 post
2934 556 3293 609 exponemus.
3338 543 3441 596 Sed
3473 560 3619 596 nune

2050 627 2133 680 vel
2164 628 2352 698 plures
2401 631 2485 684 vel
2516 618 2828 699 pauciores,
2862 642 3021 701 prout
3052 633 3228 686 visum
3286 634 3448 687 luerit
3502 638 3614 687 sul-

2048 723 2178 772 tano
2207 717 2545 788 deliguntur.
2580 720 2902 790 Supremus,
2942 722 3034 790 qui
3087 722 3235 775 vezir
3270 739 3420 776 azcm
3477 724 3616 777 Tur—

2050 808 2127 862 cis
2150 810 2479 878 appellatur,
2529 811 2679 864 solus
2713 812 3032 865 universum
3084 813 3318 865 maxima
3352 829 3475 865 eum
3522 830 3618 880 po-

2052 908 2244 954 testate
2279 902 2632 956 adminiatrat
2679 903 2994 972 imperium,
3047 904 3260 957 czetcris
3316 904 3368 956 in
3416 902 3620 957 Diiam

2050 990 2217 1059 (quod
2244 994 2572 1060 explicatum
2602 1008 2798 1048 nomen
2851 1004 2932 1048 est
2968 992 3068 1047 sub
3120 995 3280 1048 linem
3341 995 3436 1047 171
3475 1010 3621 1061 Capi-

2050 1082 2141 1151 tis)
2174 1083 2254 1137 sic
2295 1082 2709 1147 assidentibus,
2762 1086 2898 1139 nihil
2949 1096 3006 1140 ut
3041 1086 3139 1155 ipsi
3201 1087 3615 1155 proloquanlur.

2049 1172 2127 1228 Ex
2180 1174 2265 1230 his
2314 1176 2477 1229 etiam
2536 1177 2793 1245 deligitur
2841 1177 3049 1246 judicio
3109 1178 3335 1242 sultani,
3385 1179 3478 1247 qui
3524 1180 3657 1265 Sci,

2051 1265 2246 1330 Asker,
2292 1276 2345 1321 et
2385 1267 2489 1321 Ser
2532 1267 2635 1322 Dar
2687 1270 3026 1337 appellatur.
3073 1270 3411 1337 explicandis
3462 1256 3663 1340 paulo

2050 1368 2176 1433 post
2204 1360 2507 1415 vocabulis.
2553 1359 2690 1413 Cum
2745 1376 2845 1415 nos
2902 1360 3376 1430 Constatiliimpoli
3434 1355 3657 1433 agere-f

2052 1464 2198 1516 mus,
2246 1450 2490 1505 vczirum
2537 1452 2779 1521 dignitas
2852 1468 2882 1505 a
2944 1454 3159 1507 sultano
3207 1452 3436 1517 Murate,
3484 1421 3673 1508 novo!’

381 1277 448 1317 ac
479 1264 677 1333 singuli
716 1267 821 1320 sub
883 1283 941 1320 se
967 1268 1153 1337 plures
1214 1270 1372 1333 alios,
1432 1272 1615 1327 itidem
1676 1288 1947 1331 castratos

378 1356 463 1411 vel
498 1358 804 1423 eunuchos,
853 1360 1076 1414 habent.

452 1450 768 1506 Secundum
799 1452 919 1516 llos,
951 1460 1065 1507 tres
1093 1453 1147 1507 in
1174 1454 1365 1523 primis
1390 1436 1765 1514 adolescentes
1798 1470 1944 1528 sunt,

380 1545 558 1614 ipsius
612 1544 819 1598 sultani
877 1544 1203 1601 ministeriis
1255 1545 1652 1615 inservientes,
1709 1566 1945 1617 quorum

378 1638 492 1691 haec
524 1637 747 1691 nomina
774 1652 790 1688 :

450 1727 730 1793 Silicbtar,
768 1726 864 1797 qui
893 1741 1106 1794 arcum,
1135 1728 1387 1797 sagittas,
1422 1744 1574 1784 arma
1607 1739 1803 1785 caetera
1832 1733 1944 1786 sul—
1964 1743 2017 1796 VB

376 1820 488 1873 tani
531 1828 742 1889 portat.

354 1938 373 1973 ε,
450 1910 739 1966 Tzobadar
771 1949 788 1975 ,
836 1911 931 1979 qui
986 1902 1220 1967 vestium
1274 1914 1474 1968 sultani
1537 1928 1723 1968 curam
1783 1914 1939 1984 gerit,

372 2005 603 2075 ejusque
638 2002 1083 2071 scaramangium
1120 2010 1333 2072 portat,
1369 2004 1438 2058 ad
1497 2006 1787 2058 arcendam
1823 2005 1943 2072 plu-

372 2099 513 2152 viam
550 2096 777 2151 factum.
823 2094 901 2151 De
936 2096 1040 2150 hoc
1089 2096 1303 2166 plenius
1360 2096 1567 2150 dictum
1617 2097 1793 2166 capite
1821 2095 1942 2150 199.

446 2187 697 2257 Kiuptar,
730 2186 820 2242 cui
854 2194 1018 2256 potus
1050 2187 1253 2241 sultani
1309 2187 1725 2241 commendatus
1755 2198 1858 2251 est,
1892 2197 1944 2241 ct

374 2280 468 2349 qui
493 2294 708 2347 semper
744 2293 911 2347 eques
953 2276 1114 2332 etiam
1167 2290 1265 2346 pro
1316 2276 1533 2331 sultano
1586 2276 1692 2330 fert
1746 2292 1941 2348 aquam

375 2387 559 2427 secum
593 2372 647 2423 in
674 2372 881 2440 lagena.

454 2465 698 2519 Pertinet
731 2464 841 2519 huc
869 2462 1057 2528 etiam,
1092 2464 1143 2517 id
1178 2472 1279 2527 est,
1328 2461 1566 2517 refertur
1591 2462 1733 2516 inter
1765 2462 1944 2515 officia

376 2558 568 2621 saraii,
598 2555 860 2624 Bostangi
898 2556 1071 2618 bassi,
1117 2552 1410 2625 praefectus
1442 2552 1752 2609 hortulauis
1785 2571 1797 2607 :
1855 2554 1943 2607 cui

377 2652 713 2705 delectorum
747 2664 777 2703 e
812 2648 1255 2703 Christianorum
1290 2645 1478 2701 liberis
1528 2644 1946 2717 Atzamoglano-

379 2758 498 2798 rum
531 2758 698 2812 supra
732 2751 970 2811 quatuor
997 2741 1165 2794 millia
1201 2748 1413 2809 parcnt.

455 2836 598 2889 Sunt
629 2843 813 2888 autem
848 2833 934 2888 his
961 2832 1221 2887 omnibus
1259 2830 1343 2885 sui
1367 2840 1475 2884 tam
1507 2830 1725 2896 vicarii,
1779 2846 1945 2902 quam

378 2926 473 2982 alii
499 2926 765 2982 ofliciales
793 2923 1079 2987 attributi,“
1096 2923 1190 2993 qui
1230 2937 1329 2992 pro
1375 2924 1604 2991 antiquo
1641 2936 1793 2978 more
1824 2938 1947 2992 gra-

373 3017 543 3071 datim
578 3014 645 3069 ad
692 3014 992 3085 dignitates
1054 3026 1339 3082 supremas
1396 3011 1562 3086 ωε
1618 3013 1941 3068 ascendunt.

373 3108 689 3162 lnserviunt
729 3115 911 3161 autem
951 3104 1208 3160 rcccnsiti
1244 3104 1510 3159 hactenus
1562 3102 1665 3172 ipsi
1725 3103 1944 3158 sultano

376 3200 519 3253 intra
550 3197 813 3264 saraium,
868 3211 932 3251 ac
967 3194 1238 3265 siquidem
1273 3209 1441 3264 eques
1462 3210 1493 3247 e
1535 3194 1715 3248 saraio
1744 3193 1945 3263 prodit,

375 3306 567 3346 omnes
614 3305 739 3344 eum
769 3288 1148 3352 comitantur;
1211 3285 1296 3340 sin
1327 3284 1512 3353 aliquo
1546 3296 1605 3337 se
1638 3283 1776 3336 mari
1813 3296 1949 3337 con-

375 3384 501 3447 fert,
543 3382 661 3452 ipse
698 3379 985 3450 Bostangis
1020 3379 1182 3433 bassa
1211 3378 1427 3432 clavum
1461 3374 1646 3438 caicae,
1687 3375 1801 3429 sive
1836 3389 1949 3428 na-

378 3474 530 3543 vigii,
562 3488 672 3543 quo
702 3472 956 3527 sultanus
983 3470 1223 3532 vehitur,
1258 3477 1403 3523 tenet
1448 3482 1511 3523 ac
1550 3467 1838 3535 gubernat.

444 3563 525 3616 Ad
553 3563 792 3616 saraium
819 3574 1037 3630 quoque
1056 3560 1334 3629 pertinent
1362 3559 1440 3627 hi,
1476 3572 1706 3629 quorum
1731 3555 1950 3611 nomina

378 3666 683 3724 sequuntur
702 3670 718 3707 :

450 3743 783 3812 Zescbnegir
810 3742 984 3805 bassi,
1016 3749 1375 3812 prwgustator
1405 3743 1699 3808 maximus,
1732 3752 1787 3798 et
1814 3758 1949 3813 prce-

377 3836 760 3907 gustatoribus
798 3833 1038 3897 ceteris,
1098 3834 1220 3901 plus
1249 3835 1431 3890 minus
1482 3845 1725 3900 centum,
1765 3836 1951 3904 prtefc-

380 3940 524 3986 ctus.

446 4022 672 4091 Mutpac
693 4019 896 4087 Emini,
943 4018 1234 4089 praefectus
1289 4019 1506 4085 culinze,
1549 4019 1632 4074 vel
1674 4020 1751 4074 rei
1806 4020 1953 4074 coci-

377 4114 567 4168 uariae.

448 4206 614 4263 Acbsi
646 4206 816 4271 haesi,
857 4219 1071 4275 coquus
1098 4203 1387 4273 maximus.

563 4300 741 4353 Extra
772 4299 1011 4353 saraium
1034 4297 1142 4352 lucc
1176 4298 1360 4365 ofﬁcia
1410 4306 1754 4353 numerantur
1794 4311 1811 4349 :

2051 1544 2342 1610 ceteroqui
2367 1543 2635 1610 exemplo,
2662 1557 2856 1597 novem
2891 1543 3070 1598 bassis
3088 1554 3209 1598 erat
3232 1546 3457 1611 tributa,
3490 1562 3622 1614 quo-

2054 1647 2170 1685 rum
2201 1632 2476 1701 subjicere
2508 1635 2733 1689 nomina
2786 1635 2919 1690 hbet
2962 1653 2976 1690 :

2124 1724 2175 1778 l.
2217 1724 2421 1780 Osmau
2455 1725 2649 1792 bassa,
2676 1726 3009 1795 Vezirazem,
3052 1736 3107 1783 et
3138 1726 3238 1783 Ser
3298 1729 3399 1783 Dar
3428 1738 3619 1785 contra

2052 1814 2267 1870 Persas.

2116 1906 2168 1960 2.
2194 1907 2424 1964 Messich
2452 1911 2633 1967 bassa.

2118 2002 2170 2056 ὅ.
2214 2000 2519 2057 Mcchemet
2552 2004 2736 2059 bassa.

2118 2089 2174 2145 4.
2218 2091 2300 2143 Ali
2356 2091 2586 2161 Capitan
2618 2093 2803 2161 bassa,
2855 2095 3214 2166 beglerbegus
3265 2099 3462 2162 maris;
3526 2113 3621 2150 no-

2052 2180 2187 2235 stris
2220 2180 2359 2235 Uluz
2384 2182 2492 2247 Ali,
2522 2183 2626 2237 hoc
2652 2194 2758 2249 est,
2790 2185 2875 2240 Ali
2897 2194 3162 2255 apostata.

2122 2272 2179 2326 5.
2223 2272 2459 2327 lbrahim
2498 2274 2657 2329 bassa
2690 2275 3049 2346 beglerbegus
3077 2277 3223 2332 Cairi
3252 2280 3332 2333 vel
3381 2280 3615 2349 Egypti.

2119 2364 2177 2420 6.
2216 2365 2419 2420 Ferbat
2442 2367 2627 2434 bassa,
2657 2368 2781 2423 belli
2820 2368 2932 2422 dux
2969 2378 3161 2423 contra
3190 2369 3405 2425 Persas.

2126 2456 2175 2512 7.
2220 2456 2420 2511 Giall‘cr
2450 2458 2632 2513 bassa.

2121 2547 2172 2601 8.
2218 2547 2304 2601 Ali
2341 2549 2523 2611 bassa,
2561 2550 2770 2603 sororis
2795 2551 3265 2606 sultauimuritus.

2120 2641 2179 2696 9.
2219 2641 2479 2711 Cicalogli
2511 2644 2693 2712 bassa,
2724 2645 3077 2717 belgerbcgus
3110 2646 3336 2701 Revaui.

2122 2733 2254 2789 Post
2281 2737 2509 2807 veaires,
2543 2737 2872 2807 auctoritate
2924 2740 3162 2792 maxima
3204 2750 3330 2793 sunt
3376 2750 3485 2793 tres
3529 2739 3618 2793 be.

2050 2825 2312 2896 glerbegi,
2348 2840 2585 2893 quorum
2633 2827 2722 2881 hic
2751 2828 2887 2881 ordo
2930 2842 2947 2881 :

2122 2912 2338 2969 Rumeli
2370 2913 2681 2984 belgcrbeg,
2736 2916 2838 2969 hoc
2870 2924 2953 2970 est
3000 2914 3280 2970 Romamre
3319 2920 3434 2972 sive
3467 2917 3617 2971 Graio

2051 3018 2172 3058 ειω.

2124 3115 2344 3173 Anatoli
2376 3114 2689 3184 beglerbeg,
2742 3115 2843 3170 hoc
2882 3122 2988 3178 est,
3038 3114 3303 3169 Anatolia:
3340 3115 3424 3170 vel
3455 3114 3617 3172 Asiae.

2125 3205 2314 3260 Denizi
2339 3206 2647 3273 beglerbcg,
2679 3206 2781 3257 hoc
2803 3215 2907 3268 est,
2934 3206 3103 3258 maris
3126 3221 3143 3258 :
3172 3205 3266 3273 qui
3296 3206 3457 3275 vulgo
3475 3204 3620 3258 Tur-

2052 3297 2135 3351 cis
2162 3312 2309 3351 nunc
2343 3305 2568 3367 recepto
2594 3296 2883 3361 vocabulo,
2926 3295 3155 3365 Capitan
3193 3299 3357 3353 bassa
3399 3313 3620 3366 quoque

2053 3390 2388 3445 nominatur.

2125 3481 2190 3536 lli
2221 3491 2329 3545 tres
2355 3496 2539 3551 parem
2566 3482 2619 3536 in
2656 3480 2896 3537 sedendo
2926 3480 3105 3535 locum
3137 3489 3194 3535 et
3230 3479 3492 3535 honorem
3520 3483 3618 3535 ob—

2056 3574 2233 3647 tinent
2255 3588 2377 3628 cum
2412 3576 2548 3643 ipsis
2581 3574 2761 3630 bassis
2787 3573 3087 3638 veziribus,
3123 3573 3337 3641 quoties
3368 3573 3423 3627 in
3463 3572 3622 3626 Diva-

2054 3682 2185 3729 nuzn
2218 3654 2494 3736 publicum
2522 3664 2768 3722 veniunt.

2126 3759 2383 3828 Sequitur
2410 3756 2705 3814 Nischanzi
2753 3757 2841 3812 vel
2874 3756 3126 3812 Nissanzi
3178 3757 3361 3818 bassa,
3390 3754 3483 3822 qui
3535 3754 3620 3807 lit-

2056 3861 2201 3906 teras
2258 3865 2475 3914 omnes,
2511 3850 2810 3918 omniaque
2845 3849 3100 3911 mandata
3138 3854 3192 3901 et
3237 3846 3618 3907 instrumenta,

2054 3949 2325 4010 quotquot
2350 3939 2492 4009 apud
2524 3938 2746 3993 Portam
2774 3937 3165 4006 expediuntur,
3208 3935 3479 4001 obsignat,
3533 3949 3622 3987 vce

2057 4035 2152 4089 luti
2189 4047 2487 4103 supremus
2516 4033 2699 4086 Portze
2734 4029 3128 4085 cancellarius.

2129 4124 2265 4179 Tres
2300 4123 2684 4195 Depbterdari,
2711 4135 2947 4193 quorum
2993 4120 3226 4189 primus,
3256 4127 3443 4172 nostro
3474 4131 3625 4173 more

2060 4214 2353 4285 loquendo,
2387 4228 2589 4284 praeses
2640 4226 2872 4266 camerae
2912 4210 2997 4269 vel
3029 4207 3321 4279 praefectus
3371 4216 3455 4261 est
3487 4222 3625 4260 aara-

2059 4309 2124 4363 rii
2154 4306 2467 4371 maximus;
2500 4304 2610 4359 duo
2640 4303 2872 4372 reliqui,
2902 4300 3052 4358 velut
3084 4300 3306 4372 collegae
3340 4300 3541 4370 ipsius,
3570 4309 3626 4353 et

451 4392 671 4447 Primus
693 4392 941 4446 omnium
970 4391 1128 4445 locus
1157 4398 1244 4443 est
1274 4388 1504 4458 Muphti,
1534 4391 1623 4459 qui
1661 4405 1952 4460 supremus
1986 4397 2028 4451 Ι)
2056 4400 2362 4459 consiliarii
2396 4398 2632 4454 ﬁscales.

382 4493 468 4543 est
494 4484 756 4541 Alcorani
784 4484 901 4539 sive
954 4483 1351 4536 Mahumetana‘.
1382 4480 1517 4551 legis
1563 4482 1866 4551 interpres,
1899 4489 1951 4534 et

382 4577 759 4633 auctoritatem
790 4576 932 4646 apud
948 4573 1161 4629 Turcos
1191 4588 1309 4628 eam
1350 4572 1581 4637 obtinet,
1611 4587 1773 4640 quam
1807 4571 1952 4640 Papa

381 4668 500 4725 sive
532 4666 781 4738 pontifex
817 4665 1097 4720 maximus
1128 4661 1273 4734 apud
1313 4661 1573 4729 Latinos,
1611 4665 1753 4733 apud
1803 4660 1956 4718 Grae-

382 4776 498 4826 cos,
530 4758 869 4831 patriarcha.
1416 4767 1424 4774 '

459 4853 598 4908 Huic
629 4852 867 4922 proximi
897 4857 1031 4907 sunt
1064 4848 1437 4905 Cadilescberi
1468 4847 1552 4904 vel
1575 4847 1957 4914 Cadiascheri,

389 4944 632 5015 supremi
671 4954 727 4998 et
756 4941 1020 4998 ordinarii
1051 4941 1372 4996 militarium
1431 4941 1785 5010 civiliumque
1830 4956 1960 4995 cau-
2002 4994 2009 4999 .

391 5051 574 5093 sarum
604 5035 859 5107 judices;
912 5047 1057 5089 unus
1090 5048 1186 5103 per
1227 5032 1491 5088 Grzeciam
1536 5032 1618 5087 vel
1660 5029 1957 5103 Europam,

393 5130 574 5183 dictus
607 5126 825 5182 Rumeli
853 5126 1242 5187 (ladileschcr;
1283 5124 1421 5180 alter
1447 5138 1545 5194 per
1568 5124 1775 5188 Asiam,
1812 5123 1962 5175 Ana-

392 5223 487 5276 toli
521 5220 906 5276 Cadilescber:
952 5217 1154 5289 quibus
1206 5218 1427 5272 tertium
1482 5216 1711 5272 Selimes
1750 5215 1960 5286 primus

393 5314 663 5393 adiunxit,
694 5321 821 5384 post
850 5312 1118 5368 subactos
1166 5310 1458 5365 Armenios
1510 5306 1802 5379 quosdam,
1840 5306 1964 5362 Dul-

392 5407 733 5477 gadirenses,
756 5402 1068 5474 Egyptios,
1090 5402 1282 5473 Syros,
1310 5399 1551 5468 Arabes;
1591 5400 1819 5470 ideoque
1849 5414 1964 5453 ma-

388 5499 481 5566 jus
511 5504 597 5551 est
632 5494 798 5565 hujus
831 5494 1097 5559 officium,
1151 5504 1375 5565 propter
1426 5492 1831 5547 multitudinem
1870 5505 1962 5561 po-

393 5591 684 5656 pulorum,
735 5595 789 5642 et
855 5587 1099 5657 ipsarum
1176 5588 1455 5658 regionum
1517 5585 1958 5657 amplitudinem.

392 5679 557 5735 Plura
587 5680 654 5733 de
686 5680 774 5735 his
805 5680 1046 5735 diximus
1084 5693 1246 5748 supra
1279 5695 1397 5749 cap.
1424 5678 1515 5733 29.

2132 4490 2262 4546 Bais
2298 4487 2522 4559 Kiutap,
2565 4486 2726 4556 cujus
2773 4486 2828 4540 in
2857 4485 3111 4542 manibus
3149 4490 3282 4541 sunt
3333 4498 3526 4539 omnes
3555 4481 3625 4536 li-

2060 4584 2169 4648 bri,
2230 4578 2647 4643 commentarii,
2712 4592 2798 4632 res
2847 4577 2918 4631 ad
2958 4575 3207 4644 tarchiva
3268 4575 3625 4647 pertinentes.

2042 4674 2297 4742 ldquue
2318 4671 2547 4742 gradum
2585 4665 3023 4725 vicecauceliarii
3050 4670 3332 4731 tenet,aut
3354 4661 3516 4733 primi
3545 4660 3626 4714 vel

2062 4765 2296 4820 maximi
2335 4761 2641 4817 secretarii.

2130 4852 2337 4909 Omnes
2373 4858 2554 4905 autem
2621 4849 2887 4904 hactenus
2934 4847 3241 4904 enumerati
3297 4860 3399 4903 suo
3453 4845 3505 4898 in
3536 4843 3628 4895 Di-

2065 4960 2203 4999 vano
2237 4943 2453 5015 publico
2500 4942 2802 4997 sessionem
2842 4941 3065 4995 habent.

2134 5036 2193 5091 In
2221 5020 2413 5089 eodem
2456 5030 2667 5086 Divano
2704 5029 2901 5086 sedent
2921 5029 3087 5084 etiam
3117 5025 3477 5097 quadraginta
3507 5024 3628 5091 plus

2065 5132 2250 5185 minus
2278 5124 2555 5190 lasitschi,
2588 5123 2706 5180 sive
2731 5120 3043 5184 secretarii,
3090 5118 3176 5173 vel
3213 5116 3467 5193 actuarii,
3531 5116 3624 5179 qui

2065 5222 2365 5291 scripturas
2408 5216 2616 5285 absque
2673 5228 2826 5269 mora
2857 5210 3147 5281 perﬁciunt
3199 5217 3253 5263 et
3309 5208 3628 5277 expediunt.

2065 5314 2144 5369 Ac
2198 5320 2347 5366 tanta
2394 5308 2615 5380 quidem
2685 5306 2978 5362 sedulitate
3038 5309 3307 5373 geruntur
3339 5301 3545 5363 omnia,
3574 5310 3632 5351 ut

2068 5408 2184 5477 ipsa
2216 5402 2435 5472 negotia
2464 5398 2853 5471 propemodum
2884 5394 3075 5450 eodem
3138 5402 3377 5461 tempore
3436 5406 3631 5460 propu-

2068 5506 2285 5558 nantur,
2327 5486 2717 5546 consultationi
2767 5483 3150 5551 subjiciantur,
3178 5490 3231 5535 ct
3290 5478 3629 5533 exsecutiuni

2069 5587 2420 5643 mandentur.

2145 5666 2460 5746 Sequuntur
2488 5677 2637 5743 Agac,
2672 5672 2866 5727 Tun-is
2921 5670 3141 5740 Agalati
3192 5666 3356 5734 dicti,
3405 5674 3637 5723 numero
