4022 6196
352 270 453 337 901

1505 275 1905 337 PANDECTE
1948 275 2152 338 HIST.
2181 277 2484 340 TURCIC.

3499 292 3603 355 9ιι2

350 394 570 442 taxator
600 386 896 458 quispiam,
930 396 1123 445 nostro
1167 403 1351 447 more:
1385 394 1478 461 qui
1535 393 1740 463 regalia
1794 409 1922 448 cau-
1961 407 2002 459 Α
2035 397 2308 459 heremus,
2329 405 2384 451 et
2418 395 2657 466 aliquem
2695 412 2724 452 e
2746 400 2951 454 nostris
2981 401 3172 457 eodem
3201 404 3603 477 ahlcgarcmus,

349 478 617 541 cellaria,
681 494 800 547 qua
856 493 1078 544 vocant,
1135 482 1339 553 exigit,
1389 498 1692 555 eorumque
1733 499 1920 539 curam

350 570 717 623 necessariam
760 570 1065 638 gerit.'lloe
1118 572 1358 628 cilicium
1389 576 1696 645 comparari
1749 578 1923 644 pretio

349 660 556 722 decem,
609 659 692 714 vel
747 659 912 714 etiam
965 663 1275 730 quindecim
1325 665 1555 719 millium
1595 667 1921 721 ducatorutn

349 750 605 821 singulos
656 750 710 806 in
745 766 938 819 annos,
973 757 1146 811 solet:
1194 770 1306 826 quo
1363 757 1529 827 potiri
1586 759 1679 828 qui
1716 766 1919 828 potest,

350 844 620 900 maximas
651 859 784 915 opes
806 847 1038 915 colligit.

417 935 659 991 Tersaue
724 937 928 1003 Emini,
982 941 1437 1010 superiutendeus
1493 942 1814 1009 Arscnalis,
1863 943 1914 998 id

345 1037 448 1088 est,
481 1027 574 1097 qui
609 1029 838 1098 νεωρίου
879 1033 1178 1102 φροντισής
1205 1041 1312 1100 est,
1343 1034 1457 1087 sive
1491 1034 1816 1104 προνοητής,
1858 1041 1921 1088 ut

345 1115 520 1172 Graci
548 1115 760 1182 dicunt,
796 1118 911 1172 sive
941 1119 1030 1188 qui
1076 1121 1286 1176 navalis
1326 1135 1512 1175 curam
1542 1122 1706 1191 gerit.

417 1205 558 1260 Sunt
589 1207 694 1262 alia
721 1223 939 1276 quoque
963 1220 1072 1264 tam
1105 1211 1300 1273 cilicia,
1337 1227 1498 1279 quam
1542 1211 1801 1267 oliiciales
1819 1212 1920 1267 Os-

348 1298 575 1351 mauiczv
595 1296 794 1363 Porta,
825 1301 1099 1353 minorum
1121 1309 1304 1356 tamen
1335 1303 1411 1357 illi
1439 1303 1607 1372 (quod
1626 1303 1734 1358 diei
1755 1303 1917 1373 solet)

344 1389 634 1460 gentium:
672 1397 727 1445 ct
777 1404 843 1445 eo
891 1390 1110 1459 quidem
1142 1391 1309 1464 m
1369 1409 1618 1461 numero,
1654 1398 1828 1467 magis
1862 1407 1920 1452 ut

348 1480 606 1534 idoneum
640 1479 822 1536 locum
854 1482 959 1536 sibi
985 1493 1238 1552 poscant,
1273 1483 1364 1538 ubi
1399 1485 1613 1554 plenius
1644 1489 1919 1557 explicen-

348 1580 457 1626 tur.
484 1571 701 1627 interea
744 1588 896 1637 vero,
953 1576 1078 1628 dum
1141 1575 1503 1630 luculentiora
1559 1588 1917 1646 parantus,ct

345 1663 564 1732 quidem
620 1664 818 1719 horum
850 1665 1206 1722 collationutu
1231 1681 1357 1721 cum
1384 1668 1574 1736 palatii
1607 1677 1662 1723 et
1696 1670 1912 1740 imperii

2026 484 2114 539 cui
2146 488 2487 541 veredarium
2521 490 2662 542 ultro
2695 505 2754 544 sc
2777 493 3176 561 adjuncturum
3213 499 3601 566 pollicebatur.

2025 577 2099 629 Ita
2135 592 2193 631 re
2226 577 2968 654 Constantinopoliaognita
2996 596 3046 640 et
3088 588 3155 641 ad
3197 591 3458 647 Divanum
3503 595 3598 650 de-

2025 667 2168 734 lata,
2235 669 2524 725 confestim
2593 675 2798 728 sultani
2869 676 3100 734 Muralis
3165 680 3325 752 jussu
3399 688 3600 740 missus

2024 760 2269 816 tzausius
2308 764 2530 832 quidam
2596 765 2861 830 Murates,
2913 771 3136 826 natione
3165 773 3472 843 Circassus,
3503 782 3597 848 qui

2024 865 2132 904 non
2154 853 2331 908 solum
2360 855 2462 911 hac
2501 856 2595 912 lite
2651 873 2751 914 nos
2781 861 3036 917 liberaret
3062 863 3369 937 Calliopoli,
3398 886 3588 925 verum

2025 943 2188 996 etiam
2244 955 2399 1000 extra
2452 949 2827 1019 Dardanellos,
2878 968 2906 1006 a
2936 955 3312 1025 Calliopdli27
3356 962 3596 1016 milliari-

2023 1033 2126 1088 bus
2158 1035 2366 1092 Graecis
2392 1038 2618 1094 dissitas
2650 1057 2830 1106 arces,
2892 1045 2981 1099 ubi
3019 1061 3182 1103 naves
3219 1052 3457 1118 perquiri
3508 1069 3599 1107 so-

2024 1126 2158 1192 lent,
2206 1145 2274 1182 ne
2331 1133 2605 1200 mancipia
2665 1136 2911 1190 vetitave
2953 1154 3161 1194 merces
3222 1152 3594 1211 exponentur,

2022 1219 2336 1276 deduceret.
2363 1223 2537 1277 Simul
2562 1228 2791 1282 remissa
2815 1229 2976 1295 cadii,
3011 1231 3172 1285 nobis
3199 1233 3406 1302 injurii,
3435 1251 3592 1303 pmna
3631 1237 3643 1292 ἐ

2021 1308 2122 1364 fuit
2172 1312 2465 1367 arbitrium
2519 1309 2756 1371 oratoris
2815 1318 3082 1385 Casarei,
3155 1323 3307 1378 Pauli
3371 1327 3594 1384 harenis

2022 1400 2349 1472 Eitzingaui,
2385 1406 2806 1478 collaudataqttc
2838 1412 3083 1467 subassa
3126 1418 3440 1484 prudentia,
3496 1422 3590 1488 qui

2023 1505 2122 1559 pro
2156 1493 2315 1548 nobis
2343 1493 2612 1552 adversus
2636 1501 2852 1555 cadlum
2893 1505 3158 1561 stetisset.
3193 1510 3420 1563 Missum
3453 1528 3594 1580 (μιοσ

2021 1596 2129 1649 que
2155 1580 2397 1651 diploma
2425 1600 2624 1639 novum
2662 1590 2795 1651 salvi
2825 1605 3189 1659 commeatus,
3230 1600 3398 1668 priori
3432 1603 3596 1673 longe

2021 1673 2303 1729 severius:
2353 1689 2463 1742 quo
2515 1677 2896 1746 interdicebat,
2947 1700 3016 1738 ne
3055 1703 3159 1755 qua
3202 1691 3357 1746 nobis
3395 1708 3423 1744 a
3461 1709 3594 1761 quu-

351 1754 522 1810 Graci
581 1756 941 1826 dignitatibus
963 1800 980 1826 ,
1033 1758 1151 1815 hac
1203 1759 1455 1816 benevoli
1495 1761 1732 1819 lectores
1772 1765 1912 1834 aqui
1942 1733 1989 1796 Β
2017 1778 2180 1831 quam
2212 1779 2441 1819 suorum
2471 1768 2827 1827 exhiberetur
2860 1733 3149 1832 molestia:
3181 1782 3277 1834 sed
3319 1793 3376 1834 ut
3408 1733 3591 1840 enini-

346 1845 583 1916 bonique
621 1846 848 1904 faciant.

505 1981 720 2059 Primus
745 1984 930 2059 Qenizi
957 1985 1292 2059 bgeglerbegus
1324 1989 1499 2056 factus
1524 1988 1912 2057 Chairadiues;

415 2052 712 2128 Saugiacus
739 2052 1278 2128 Gallipolis'uuiteni
1309 2052 1538 2112 Muralis
1563 2061 1722 2128 hujus
1757 2052 1915 2126 iusti;

417 2124 492 2197 tia
510 2139 529 2186 ;
558 2125 851 2197 σριτηγός,
883 2126 1210 2197 siveprwtor
1242 2124 1710 2197 Calliopntitunits,
1741 2124 1788 2184 et
1817 2131 1918 2184 δω-

412 2191 746 2262 δεκανήπους
788 2191 1271 2250 Cedrinicorrecla
1300 2191 1490 2254 persia.

421 2302 642 2359 Solebat
671 2315 798 2360 ante
821 2307 913 2366 illa
951 2317 1199 2378 tempora
1230 2310 1426 2368 classis
1453 2311 1748 2368 sultauiua
1784 2329 1916 2384 pra-

344 2393 522 2451 l'ectus
553 2412 674 2452 csse
697 2399 968 2456 maximus
997 2409 1051 2454 et
1081 2401 1393 2457 ordinarius
1433 2403 1500 2467 is,
1527 2405 1619 2473 qui
1645 2405 1917 2474 Calliopa-

344 2485 411 2540 lis
441 2487 732 2558 sangiacus
770 2497 910 2544 erat.
947 2489 1061 2546 Hoc
1106 2507 1173 2546 ex
1207 2491 1432 2548 Laonici
1473 2508 1694 2564 quoque
1742 2494 1916 2563 pluri-

348 2576 450 2630 bus
488 2577 625 2634 locis
663 2580 966 2650 intelligere
998 2580 1145 2646 licet,
1185 2583 1259 2639 uti
1311 2599 1434 2644 cum
1489 2587 1544 2639 in
1577 2585 1916 2643 Muchemete

347 2670 386 2724 ll
419 2670 752 2726 mentionem
812 2673 941 2728 facit
987 2672 1217 2732 Jonuzis
1271 2676 1512 2745 prafecti
1571 2677 1912 2746 (sangiacum

344 2759 758 2830 interpretatur)
788 2761 1133 2834 Calliopolis,
1180 2766 1423 2836 itemque
1453 2765 1662 2836 Zogaui
1719 2767 1916 2837 prafe-

345 2851 420 2907 cti
455 2851 794 2924 CalliOpulis,
828 2863 883 2910 et
909 2865 1097 2926 postea
1128 2864 1312 2912 tamen
1341 2858 1504 2929 regia
1562 2859 1761 2916 classis
1805 2861 1913 2915 lm-

345 2953 651 3014 peratorem
681 2946 812 3003 facit
833 2949 1086 3004 eumdem
1113 2963 1236 3004 cum
1255 2949 1515 3020 pralecto
1539 2949 1914 3021 CalliOpnlita-

344 3050 436 3087 no.
473 3033 627 3088 Nunc
660 3036 823 3090 etiam
871 3036 1222 3108 sangiacatus
1279 3046 1365 3096 est
1417 3038 1761 3110 Calliopolis,
1814 3040 1910 3097 sed
1938 3072 1987 3138 ο

341 3127 510 3182 maris
565 3128 683 3184 sive
719 3127 907 3183 Denizi
967 3130 1316 3202 beglerbego,
1385 3142 1644 3202 tanquam
1692 3134 1912 3204 majori,

342 3218 636 3276 subditus:
692 3226 747 3274 et
797 3219 1002 3277 ibidem
1060 3215 1228 3292 hujus
1259 3225 1568 3295 beglerbegi
1617 3227 1775 3283 sedes
1830 3235 1918 3282 est

339 3311 638 3378 ordinaria,
671 3326 836 3381 quam
888 3314 1250 3370 residentiam
1298 3318 1460 3386 vulgo
1515 3328 1738 3373 vocant.
1790 3320 1915 3375 Fuit

340 3405 507 3474 igitur
534 3418 564 3460 ι
586 3403 904 3464 Soleimane
932 3421 1070 3462 nova
1123 3417 1342 3477 reperta
1377 3410 1638 3479 dignitas,
1662 3422 1719 3465 ut
1745 3412 1914 3468 maris

338 3506 542 3568 prator
570 3513 676 3554 non
713 3498 952 3569 amplius
981 3510 1129 3556 esset
1156 3501 1472 3570 sangiacus,
1510 3503 1608 3557 sed
1639 3505 1917 3573 beglerbe-

338 3605 460 3660 ειη.
491 3589 630 3647 iiuic
651 3590 832 3650 oiIicio
867 3601 997 3646 tunc
1025 3593 1411 3647 Chairadiuem
1454 3609 1578 3648 cutn
1613 3596 1771 3650 titulo
1821 3611 1914 3649 ve-

337 3682 468 3738 ziris
507 3681 786 3752 praefecit:
842 3683 920 3736 uti
952 3699 1099 3737 nunc
1161 3683 1432 3739 Ulutzalis
1467 3699 1690 3755 quoque
1743 3686 1913 3741 maris

338 3783 422 3830 est
462 3773 841 3844 beglerbegus,
871 3783 928 3830 et
982 3776 1133 3830 vezir
1189 3777 1373 3832 bassa.
1433 3777 1671 3832 Praeerat
1735 3777 1911 3847 ipsius

339 3865 562 3922 nomine
611 3866 921 3936 Calliopoli,
979 3881 1104 3921 cum
1171 3867 1297 3922 istic
1362 3883 1492 3933 uno,
1528 3869 1648 3937 plus
1703 3870 1910 3936 minus,

341 3972 526 4013 mense
566 3974 665 4014 nos
714 3958 1070 4021 hareremus,
1129 3957 1373 4014 Subassa
1413 3961 1640 4029 quidam
1689 3961 1912 4017 natione

341 4049 666 4113 Genueusis,
693 4048 772 4103 vir
798 4049 1089 4116 humanus,
1106 4057 1160 4103 et
1184 4048 1405 4119 quodin
1430 4058 1672 4119 apestata
1696 4051 1913 4116 mirere,

341 4140 501 4194 nobis
538 4140 592 4194 in
623 4153 788 4196 causa
815 4141 1049 4208 quadam
1102 4149 1291 4195 nostra
1342 4155 1604 4210 perquam
1657 4141 1912 4196 addictus

340 4239 396 4286 et
442 4231 620 4287 utilis.
680 4231 891 4302 Quippe
950 4239 1172 4288 mortuo
1233 4232 1302 4286 ad
1347 4232 1721 4302 CalliOpolim,
1761 4241 1820 4285 ιιι
1854 4233 1910 4286 in

345 4325 738 4395 Supplementa
777 4325 1054 4379 annalium
1087 4327 1460 4391 narravimus,
1491 4325 1724 4381 Henrico
1749 4327 1912 4382 baro-

2018 1853 2118 1908 bus
2152 1858 2316 1911 rebus
2342 1873 2442 1914 nos
2475 1865 2660 1929 potius
2688 1878 2879 1921 omnes
2906 1868 3086 1924 ubivis
3122 1870 3370 1927 locorum
3398 1875 3452 1932 in
3493 1878 3592 1931 im-

2019 1947 2171 2014 perio
2200 1963 2303 2003 suo
2328 1949 2608 2019 juvarent.
2647 1951 2917 2012 Tzausius
2975 1963 3092 2029 ipse
3130 1978 3256 2017 cum
3287 1967 3506 2022 sultauo
3535 1984 3595 2023 se

2017 2035 2260 2093 locutum
2296 2051 2351 2096 et
2383 2044 2606 2100 audisse
2640 2048 2912 2104 referebat
2976 2066 3040 2106 ex
3102 2055 3273 2124 ipsius
3322 2074 3437 2122 ore,
3467 2075 3591 2116 cum

2017 2125 2246 2194 diceret,
2277 2132 2431 2187 nullo
2456 2138 2619 2190 modo
2649 2152 2708 2192 se
2759 2141 3186 2210 permissurum,
3224 2156 3282 2200 ut
3341 2149 3449 2202 ulla
3511 2167 3590 2215 re,

2016 2219 2101 2273 vel
2134 2221 2383 2288 minima,
2421 2234 2596 2295 pacta
2641 2243 2763 2282 cum
2795 2231 3124 2300 imperatore
3153 2235 3592 2294 Christianorum

2016 2314 2254 2370 inducia
2285 2317 2639 2375 violarentur.
2673 2320 2904 2392 ideoque
2933 2338 3055 2379 cum
3099 2326 3397 2397 aliquando
3432 2333 3592 2388 nobis

2027 2402 2290 2460 iiebraus
2339 2409 2558 2478 quidam
2603 2412 2926 2480 publicanus
2965 2415 2983 2485 (
3019 2428 3146 2472 sunt
3189 2421 3332 2473 enim
3394 2423 3446 2474 in
3483 2421 3592 2477 lie-

2016 2493 2284 2550 braorurn
2325 2485 2791 2557 manibus‘omnia
2833 2518 2928 2572 per
2956 2505 3245 2575 imperium
3293 2509 3590 2569 Turcicum

2016 2585 2375 2657 telonia,qua
2392 2591 2626 2645 nummis
2656 2607 2684 2644 a
2710 2594 2926 2648 sultano
2959 2598 3280 2671 redimunt),
3311 2602 3428 2672 ipso
3456 2621 3594 2673 ριτιξσ

2017 2689 2194 2742 sonte,
2225 2684 2413 2735 nescio
2457 2683 2584 2752 quid
2636 2685 2899 2741 molestia
2943 2690 3215 2757 navicula,
3259 2709 3366 2764 qua
3427 2696 3592 2751 vehe-

2026 2768 2222 2824 bamur
2251 2769 2319 2824 ad
2367 2787 2546 2826 arcem
2578 2775 2896 2843 Asiaticatn,
2932 2781 3298 2850 perquirenda
3334 2787 3594 2843 exhibere

2017 2857 2201 2923 vellet,
2236 2859 2287 2914 ei
2329 2867 2476 2914 tanta
2508 2862 2558 2915 vi
2594 2863 2954 2932 pusdiganum
2981 2867 3095 2922 sive
3118 2867 3324 2923 clavam
3357 2869 3592 2932 ferream

2018 2949 2071 3005 in
2099 2960 2262 3020 caput
2294 2951 2543 3022 impegit,
2576 2962 2630 3005 ut
2663 2955 2816 3023 quasi
2871 2967 3124 3014 mortuus
3156 2959 3310 3014 humi
3361 2964 3596 3019 collabe-

2019 3049 2192 3106 retur,
2232 3049 2287 3097 et
2321 3043 2684 3100 moribundus
2719 3059 2748 3099 a
2782 3047 2898 3102 suis
2930 3048 3153 3103 domum
3184 3051 3592 3120 deportaretur.

2025 3132 2132 3189 Sed
2160 3135 2305 3188 enim
2335 3134 2401 3188 ad
2429 3151 2542 3189 rem
2567 3146 2624 3189 ut
2648 3138 2960 3203 redeamus,
2991 3139 3094 3194 hoc
3125 3143 3371 3211 sangiaci
3394 3146 3595 3202 Callio-

2023 3222 2253 3291 politani
2295 3223 2530 3278 oliicium
2558 3235 2809 3293 pratura
2842 3229 3131 3283 maritima
3171 3229 3336 3286 Turci
3379 3249 3406 3287 a
3440 3235 3591 3292 Gm-

2017 3313 2098 3367 cis
2127 3322 2482 3382 acceperunt,
2511 3329 2652 3384 quos
2698 3315 2810 3384 jam
2851 3319 3013 3373 toties
3044 3319 3287 3377 diximus
3319 3337 3414 3386 eos
3451 3325 3591 3381 mul-

2017 3404 2088 3460 tis
2123 3405 2175 3458 iu
2203 3404 2366 3458 rebus
2417 3407 2726 3461 amulatos.
2766 3407 2923 3476 Apud
2954 3408 3256 3467 Cedrinum
3289 3415 3584 3486 aliquoties

2018 3493 2085 3556 is,
2112 3495 2206 3563 qui
2235 3495 2508 3563 σρατηγός
2549 3495 2664 3548 sive
2689 3504 2892 3564 prator
2943 3497 3396 3567 Calliopolitanus
3449 3512 3592 3567 erat,

2015 3585 2180 3641 etiam
2205 3587 2303 3654 τῆς
2326 3585 2704 3654 δωδεκανήσου
2739 3597 3031 3657 praeturam
3056 3594 3301 3660 gessisse
3333 3595 3592 3660 traditur,

2014 3691 2122 3745 quo
2151 3677 2418 3732 vocabulo
2455 3692 2562 3732 non
2599 3687 2706 3732 tam
2733 3679 3020 3736 duodecim
3059 3683 3396 3750 insularum,
3425 3703 3589 3755 quam

2015 3769 2183 3823 maris
2246 3769 2536 3838 imperium
2609 3771 2979 3841 signiﬁcatur.
3036 3773 3250 3828 Etenim
3319 3778 3591 3848 hodieque

2014 3862 2366 3931 saugiacatus
2403 3863 2704 3917 insularum
2750 3864 3043 3935 Mitylena,
3085 3866 3227 3932 Chii,
3295 3867 3452 3931 Naxi,
3490 3870 3592 3923 Ne-

2014 3951 2270 4020 groponti
2305 3952 2388 4006 vel
2416 3951 2654 4018 Eubova,
2689 3955 2889 4022 Rhodi,
2922 3955 3189 4010 Leucadis
3217 3957 3330 4011 sive
3358 3959 3412 4014 S.
3440 3959 3590 4012 Mau-

2016 4059 2116 4106 ra,
2153 4059 2280 4098 cum
2312 4045 2456 4111 aliis,
2490 4046 2559 4098 ad
2614 4047 2904 4115 lmperium
2961 4048 3102 4118 ejus,
3136 4050 3229 4117 qui
3276 4051 3445 4105 maris
3505 4065 3592 4106 est

2015 4133 2402 4204 beglerbegus,
2437 4135 2731 4202 pertinent.
2771 4135 2984 4190 Alicuhi
3035 4135 3329 4207 Xylauder,
3370 4149 3595 4193 caetero-

2014 4224 2108 4294 qui
2141 4224 2340 4279 doctus
2366 4226 2452 4278 vir
2482 4233 2536 4279 et
2574 4223 2778 4280 Graca
2823 4239 3086 4294 perquam
3153 4226 3384 4295 peritus,
3444 4229 3589 4297 apud

2017 4315 2316 4370 Cedrinum
2347 4315 2558 4370 insulas
2575 4315 2911 4370 Dodecanesi
2933 4326 3171 4380 vertens,
3199 4317 3272 4370 ita
3299 4316 3588 4371 duodecim

343 4434 411 4474 ne
435 4417 504 4474 de
544 4417 905 4482 Licbtestain,
964 4415 1168 4472 Cadius
1213 4418 1331 4488 sive
1382 4417 1699 4472 Potestatus
1760 4419 1910 4475 urbis
1944 4401 2325 4490 D‘iusularum
2375 4408 2652 4462 civitatem
2716 4406 2900 4460 vocari
2934 4406 3140 4474 adjicit,
3171 4422 3362 4463 errore
3417 4413 3589 4462 inani-

341 4510 791 4579 Calliopolitana,
824 4509 1044 4564 relictas
1081 4511 1149 4563 ab
1179 4524 1245 4565 eo
1279 4524 1386 4575 res,
1415 4510 1579 4564 veluti
1617 4511 1754 4564 bona
1813 4527 1910 4564 ca-

345 4601 512 4663 dut-a,
537 4609 591 4656 et
631 4600 698 4654 ad
732 4615 810 4666 se,
830 4599 924 4670 qui
966 4601 1317 4655 cadilicatum
1353 4615 1382 4653 ιι
1407 4602 1628 4656 sultano
1657 4605 1908 4672 pecunia,

347 4707 444 4762 pro
475 4707 627 4748 more
667 4691 900 4747 Turcico
931 4692 1279 4757 redemisset,
1319 4691 1578 4748 devoluta
1636 4696 1914 4763 repetebat

345 4802 374 4840 a
412 4788 588 4852 nobis,
645 4795 699 4842 et
732 4786 914 4839 animo
939 4786 1050 4855 jam
1100 4787 1406 4842 devorarat.
1446 4785 1555 4842 Nos
1611 4796 1792 4842 autem
1845 4787 1914 4842 ab

343 4879 466 4947 ipso
493 4879 560 4932 ad
591 4879 882 4933 subassam
907 4877 1284 4947 appellantes,
1318 4877 1490 4932 fuisse
1530 4877 1788 4931 baronem
1816 4877 1914 4931 de-

345 4972 588 5025 functum
621 4970 853 5024 Caesaris
895 4969 1159 5037 legatum,
1192 4972 1440 5040 adeoque
1492 4983 1781 5040 personam
1817 4983 1916 5039 pu-

345 5063 565 5125 blicam,
595 5061 1031 5130 replies-bamus:
1060 5061 1221 5130 cujus
1255 5060 1396 5114 bona
1423 5075 1521 5115 uec
1563 5076 1660 5130 pro
1689 5060 1915 5116 caducis

347 5153 558 5218 haberi,
586 5167 686 5206 nec
711 5150 974 5220 applicari
997 5153 1149 5212 tisco,
1180 5149 1286 5204 nisi
1310 5149 1648 5216 violatojure
1669 5151 1914 5221 gentium

349 5256 594 5314 possent.
617 5243 752 5298 Cum
787 5258 987 5297 avarus
1011 5242 1216 5296 Cadius
1249 5257 1278 5296 ιι
1316 5244 1589 5296 sententia
1615 5259 1684 5296 ne
1716 5243 1916 5296 litteris

346 5338 565 5404 quidem
616 5335 979 5404 amplissimis
1013 5335 1148 5389 salvi
1185 5345 1525 5390 commeatus
1577 5334 1807 5404 prolatis
1863 5341 1918 5388 et

348 5429 639 5498 inspectis,
691 5428 955 5481 dimoveri
1009 5428 1212 5482 vellet:
1278 5428 1532 5492 subassa,
1573 5427 1916 5496 compellans

347 5524 507 5578 nobis
539 5521 725 5576 italica
755 5522 962 5592 lingua,
999 5530 1270 5590 prasente
1303 5521 1460 5574 cadio
1508 5534 1632 5574 cum
1663 5534 1918 5574 assesso-

349 5619 500 5672 ribus
525 5618 660 5682 suis,
697 5617 746 5670 id
773 5614 994 5670 consilii
1043 5614 1228 5679 dabat,
1277 5622 1336 5667 ut
1382 5612 1915 5681 Constantinopolim

352 5709 419 5762 ad
452 5720 721 5762 oratorem
755 5705 990 5760 (Σιςίιιὶε
1041 5705 1214 5759 nostri
1266 5718 1378 5758 rem
1417 5717 1630 5760 omnem
1673 5702 1916 5772 perscri-

2027 4501 2188 4556 festo.
2253 4500 2390 4566 Quis
2440 4501 2584 4555 enim
2638 4499 2846 4553 audivit
2884 4514 3119 4568 unquam
3171 4499 3228 4552 in
3261 4498 3450 4569 IEgao
3508 4501 3588 4553 vcl

2023 4593 2429 4662 Archipelago,
2525 4591 2689 4647 sicuti
2789 4604 2934 4644 nunc
3017 4598 3216 4658 vocat,
3310 4591 3587 4645 civitatem

1985 4682 2324 4746 ,insularum
2361 4681 2692 4736 duodecim?
2723 4680 2902 4734 Locus
2931 4689 3014 4735 est
3047 4682 3100 4735 in
3132 4682 3248 4752 ejus
3292 4681 3589 4751 Nicephori

2013 4773 2146 4837 vita,
2173 4773 2267 4842 qui
2303 4772 2562 4826 feminam
2599 4780 2932 4839 protervam,
2958 4780 3016 4826 et
3050 4773 3357 4842 uimioperc
3395 4773 3590 4826 crude—

2014 4869 2121 4923 lem
2154 4868 2209 4922 in
2235 4867 2663 4922 Constantinum
2689 4866 2881 4930 lilium,
2920 4867 3008 4920 cui
3047 4869 3240 4922 oculos
3271 4869 3437 4930 eruit,
3473 4865 3589 4919 ire-

2016 4976 2120 5016 nen
2149 4959 2382 5030 imperio
2413 4958 2631 5028 dejecit.
2670 4957 2995 5012 liabitantes
3049 4959 3101 5011 in
3159 4959 3445 5012 duodecim
3502 4958 3586 5008 in-

2017 5053 2176 5115 sulis,
2204 5053 2392 5106 dicere
2414 5051 2603 5104 debuit
2628 5050 2929 5118 interpres.
2949 5049 3012 5103 Et
3031 5049 3291 5117 intelligit
3320 5049 3590 5103 Ccdrinus

2018 5144 2231 5200 insulas
2291 5150 2449 5196 extra
2484 5140 2842 5195 Dardanellus
2889 5139 2971 5192 vel
3006 5153 3164 5192 arces
3227 5136 3588 5205 Hellesponti,

2018 5235 2105 5290 vel
2124 5243 2276 5288 extra
2297 5233 2516 5298 Sestum
2546 5243 2600 5286 et
2629 5230 2899 5301 Abydum,
2929 5230 2984 5283 in
3018 5227 3207 5298 ,Ἐςωο
3248 5227 3390 5281 mari
3415 5228 3587 5282 sitas:

2018 5343 2252 5398 quarum
2285 5327 2420 5390 hac,
2457 5326 2504 5380 si
2537 5326 2799 5393 requiris,
2837 5323 3033 5375 habeto
3087 5321 3348 5374 nomina:
3395 5323 3540 5374 sicut
3561 5337 3588 5371 ει

2024 5419 2230 5474 Graecis
2267 5419 2393 5472 olim
2430 5417 2612 5470 vocari
2637 5415 2909 5478 solebant,
2942 5423 2996 5467 et
3031 5428 3174 5466 nunc
3207 5411 3426 5478 iisdem,
3456 5427 3592 5464 nau-

2020 5521 2318 5582 tarumque
2347 5518 2530 5578 vulgo,
2563 5516 2618 5562 ct
2642 5505 2849 5559 Latinis
2887 5505 3272 5560 enuntientur.

2094 5603 2169 5656 Ex
2229 5601 2581 5667 Hellesponto
2621 5599 2686 5650 ad
2750 5596 3022 5659 dextram,
3082 5610 3276 5651 versus
3332 5606 3589 5649 occasum

2023 5691 2183 5766 495
2211 5691 2343 5749 solis
2370 5687 2781 5757 navigantibus,
2818 5693 3154 5740 occurrunt:
