4022 6196
265 405 272 410 ,
307 343 415 413 905

1470 331 1866 406 I‘ANDECTE
1911 324 2459 397 lllS’l‘.-.TUllCIC.

3455 327 3560 388 906

302 477 412 531 que
445 459 662 529 regredi
693 468 882 528 posset
915 457 1220 511 exercitus.
1262 453 1508 511 Scachus
1566 456 1733 510 etiam
1787 453 1887 507 So-
1912 451 1963 510 Α
1989 447 2198 510 scachi,
2229 445 2388 514 cujus
2427 443 2477 498 ei
2533 447 2692 496 θοι-σι’
2735 446 3018 511 nupserat,
3077 440 3280 496 illustri
3337 439 3456 494 viro
3493 440 3563 494 ad

304 553 512 622 pliiuus
541 565 756 603 omnem
784 549 866 603 eis
896 562 1166 602 annonam
1197 547 1266 598 ab
1297 547 1446 600 omni
1475 553 1628 614 parte
1649 542 1884 612 praeclu-

297 633 474 696 serat.
499 639 653 694 Unde
671 639 898 704 factum,
921 646 980 691 ut
1013 637 1152 691 fame
1174 636 1401 707 partim,
1453 635 1651 706 partim
1681 630 1884 702 frigore

304 735 568 788 dimidius
599 731 904 786 Turcorum
938 730 1222 786 exercitus
1248 729 1473 800 periret.
1499 729 1721 795 Absque
1745 740 1886 778 non-

304 821 581 878 nullorum
599 823 818 893 qttidem
843 823 1225 876 Armeniorum
1279 821 1472 875 fuisset
1507 833 1697 888 opera,
1718 816 1890 886 regio-

304 917 393 970 uis
422 915 571 969 illius
600 915 893 968 admodum
919 915 1238 985 peritorum,
1285 913 1378 981 qui
1423 911 1664 965 maximo
1713 909 1888 979 pretio

304 1003 502 1061 Turcis
519 1021 792 1060 annonam
819 1000 1148 1068 vendebant,
1171 1015 1356 1060 actmn
1380 1004 1558 1058 adhuc
1584 1003 1738 1074 pejus
1762 1017 1886 1056 cum

304 1100 440 1169 ipsis
465 1097 678 1152 fuisset.
700 1096 1065 1166 Conspicatus
1092 1097 1146 1151 itt
1182 1097 1266 1152 his
1285 1098 1642 1152 constitutum
1662 1093 1892 1150 dilIicul-

305 1193 514 1245 tatibus
551 1191 904 1245 Osutanidam
931 1190 1166 1244 scachus
1201 1184 1488 1253 'l‘amases,
1541 1204 1572 1243 e
1614 1188 1891 1244 Corasaue

305 1301 432 1338 cum
459 1283 805 1354 paucioribus
831 1297 994 1351 quam
1024 1282 1211 1338 decem
1241 1298 1462 1337 suorum
1493 1280 1754 1348 millibus,
1775 1297 1891 1336 mo-

305 1386 466 1441 Vetts,
489 1374 802 1430 Taurisium
831 1368 985 1440 adiit,
1019 1375 1113 1429 ubi
1139 1373 1362 1446 triginta
1385 1369 1694 1430 Turcorum
1723 1369 1889 1429 millia

308 1469 487 1521 tribus
515 1467 616 1522 sub
637 1467 870 1522 ducibus
894 1470 1071 1532 erant,
1108 1469 1211 1522 sub
1243 1465 1452 1532 Utama,
1476 1462 1810 1536 Sirvanogli,
1835 1477 1892 1522 et

305 1557 582 1628 .Iadigiare
613 1558 752 1627 hego
786 1575 802 1612 :
837 1568 1076 1628 quorum
1110 1559 1349 1630 quisque
1389 1559 1580 1614 decem
1645 1559 1889 1614 millibus

307 1645 560 1718 equitum
597 1653 847 1718 praei-at.
885 1647 949 1702 Hi
995 1663 1118 1703 cum
1169 1649 1530 1718 accepissent,
1584 1644 1889 1720 Sophinum

305 1736 546 1797 Taurisii
578 1741 717 1797 fines
759 1743 1074 1813 ingressum
1100 1758 1248 1807 esse,
1273 1743 1588 1812 prodierunt
1627 1739 1780 1798 extra
1802 1759 1889 1796 ur-

1989 537 2358 599 Soleiutanem
2427 551 2457 590 a
2510 536 2715 590 scaclto
2776 534 3092 601 deliciente,
3122 548 3458 604 magnosque
3507 547 3569 588 se
3654 549 3657 552 ·

1989 632 2132 684 duce
2183 644 2478 684 successus
2535 629 2584 685 ei
2644 628 3042 698 promittente:
3107 641 3205 681 nec
3269 634 3569 696 praetextas

1990 721 2150 789 longe
2175 720 2508 786 quaerendus
2556 729 2696 785 erat,
2760 736 2882 774 cum
2945 734 3056 787 pra:
3121 719 3371 772 manibus
3422 727 3571 773 esset

1987 815 2276 867 Persarum
2337 828 2366 866 a
2408 813 2622 869 caeteris
2705 812 3108 866 Maltumetanis
3185 811 3569 866 dissidentium

1991 920 2129 959 nova
2153 906 2493 972 superstitio,
2547 904 2618 959 ab
2672 903 2931 959 Erdehile
2977 912 3196 970 empta,
3248 902 3572 958 Techmasis

1992 1011 2116 1060 avo,
2142 997 2212 1051 ab
2241 994 2460 1051 lsmaile
2492 997 2741 1068 Sophino
2785 1006 2941 1069 patre
2987 998 3322 1066 defensaque
3375 1012 3574 1065 propa-

1991 1101 2250 1160 gataque,
2280 1089 2604 1146 Techmasis
2634 1092 2800 1146 etiam
2845 1091 3156 1160 patrocinio
3188 1091 3446 1146 subnixa.
3495 1081 3593 1142 De"

1994 1187 2095 1237 hac
2124 1191 2178 1237 ct
2211 1185 2492 1238 annalium
2542 1184 2965 1261 injappendice,
3021 1185 3124 1239 sub
3162 1183 3381 1237 initium
3443 1181 3571 1237 belli

1993 1276 2220 1339 Persici,
2260 1277 2468 1345 prolixe
2511 1278 2904 1345 disseruimus,
2933 1287 2987 1333 et
3037 1277 3396 1348 adjunximus
3442 1277 3572 1339 alia,

1992 1368 2254 1438 rap.188
2297 1365 2592 1426 Pandectis
2645 1371 2833 1440 hujus.
2889 1365 3134 1427 lndidetn
3175 1372 3347 1426 lector
3414 1369 3576 1423 intel-

1992 1460 2160 1530 ligere
2197 1471 2398 1531 potest.
2450 1464 2594 1533 quod
2657 1465 2744 1520 hic
2796 1465 3036 1520 traditur
3090 1464 3362 1533 objecisse
3398 1459 3574 1516 Tech-

1994 1556 2156 1621 ntasi,
2216 1549 2510 1627 Persisque
2585 1559 2819 1621 czeteris,
2877 1549 3253 1612 Soleintanes:
3309 1554 3570 1609 nimirum

1992 1662 2088 1702 eos
2118 1649 2308 1704 debito
2347 1659 2588 1720 quatuor
2634 1647 2966 1706 Mahumetis
3007 1651 3304 1720 prophetas
3364 1649 3576 1704 honore

1995 1755 2108 1794 non
2152 1743 2432 1820 prosequi.
2490 1743 2739 1808 Quatuor
2789 1746 2933 1796 enim
2965 1743 3022 1797 hi
3079 1742 3401 1797 Mahumctis
3459 1749 3570 1795 tum

310 1835 458 1898 hem,
497 1849 668 1904 seque
696 1835 1051 1890 dimicaturos
1079 1835 1132 1889 in
1160 1837 1370 1890 hostem
1396 1836 1656 1903 professi,
1681 1827 1850 1889 'l‘auri
1869 1865 1892 1875 -
1925 1850 1969 1904 Β
1999 1830 2160 1895 socii,
2193 1840 2306 1886 tum
2334 1848 2708 1898 successores,
2761 1833 2984 1890 fuerunt
3041 1833 3332 1899 Ebuhtkir,
3382 1832 3534 1887 Ome:
3556 1872 3570 1894 .

310 1926 394 1979 sio
410 1925 627 1980 deserto
658 1922 840 1995 fugam
876 1924 1252 1994 arripuerunt.
1273 1919 1574 1993 Sophinus,
1597 1925 1784 1978 urbem
1811 1924 1894 1990 itt-

311 2025 558 2088 gressus,
590 2019 949 2073 munitionem
985 2003 1032 2073 ai
1074 2018 1270 2073 Turris
1321 2019 1649 2073 fabricatam
1699 2018 1890 2084 diruit,

311 2108 648 2176 aheneisque
709 2109 997 2164 tormentis
1055 2109 1438 2174 comminutis,
1500 2119 1777 2166 monetam
1824 2126 1892 2166 ex

313 2215 424 2255 aere
456 2201 716 2270 signavit.
760 2200 1123 2270 Posteaquam
1164 2195 1500 2258 Soleimanes
1529 2203 1595 2258 ad
1651 2201 1891 2272 Bagada-

315 2291 412 2346 tim
449 2291 678 2346 hiemem
749 2292 1062 2348 universam
1104 2296 1400 2365 exegisset,
1451 2294 1707 2352 abductis
1767 2297 1894 2352 inde

315 2387 515 2456 copiis,
549 2381 862 2440 Taurisium
892 2403 1084 2465 versus
1111 2386 1268 2456 abiit,
1299 2399 1353 2444 et
1375 2391 1561 2446 urbem
1585 2391 1889 2460 ingressus,

313 2478 508 2531 diebus
542 2476 615 2532 ibi
643 2471 954 2547 quindecim
983 2483 1203 2545 mansit,
1265 2497 1328 2536 ac
1369 2483 1567 2553 laqueo
1606 2485 1890 2555 suspendi

265 2567 644 2640 -Jadigiarem
705 2572 897 2640 begnm
977 2569 1228 2627 Eminem
1276 2574 1462 2644 jussit,
1517 2575 1674 2644 cujus
1733 2578 1890 2647 culpa

316 2661 524 2715 factum
557 2661 756 2727 fuerat,
783 2663 930 2732 quod
987 2678 1016 2716 a
1053 2661 1250 2721 Turcis
1311 2678 1506 2721 contra
1553 2666 1750 2723 Persas
1782 2685 1888 2724 non

315 2765 438 2808 crat
493 2756 834 2812 dimicatum.
893 2757 1007 2813 Hoc
1057 2759 1204 2814 enim
1263 2761 1487 2815 nomine
1536 2772 1892 2818 accusaverat

316 2847 496 2915 ipsum
535 2846 728 2902 Ulama
770 2864 893 2902 cum
929 2849 1583 2921 Sirvanogli.SOphinus,
1614 2853 1890 2910 intellecto

317 2938 682 2995 Soleimanem
720 2980 736 3004 ,
773 2943 940 2996 motis
998 2939 1268 3012 Bagadate
1324 2947 1519 3016 copiis,
1574 2946 1888 3003 Taurisium

315 3028 560 3093 tendere,
602 3031 656 3084 in
719 3033 995 3102 regionem
1026 3033 1323 3092 Corasauis
1375 3042 1682 3110 serecepit.
1747 3040 1891 3095 Tan—

315 3123 442 3176 dem
492 3121 831 3180 Soleimanes
897 3127 1425 3199 Cnnstantinopolim
1467 3148 1720 3190 reversus
1781 3149 1887 3203 εει,

317 3217 478 3271 firmo
514 3217 769 3288 Bagadati
806 3223 1066 3290 prazsidio
1122 3236 1314 3281 contra
1340 3226 1646 3297 Sophinum
1711 3230 1890 3300 impo-

315 3311 446 3371 sito.
476 3313 560 3366 cui
592 3311 961 3370 Soleimanem
985 3318 1203 3374 bassam
1236 3336 1358 3374 cum
1392 3321 1700 3394 beglcrbegi
1732 3323 1890 3379 titulo

315 3404 581 3476 prwfecit,
602 3407 968 3466 Albanensem
994 3414 1078 3468 vel
1107 3413 1384 3484 Epirotam
1420 3418 1668 3482 natione,
1697 3419 1891 3486 adjun-

315 3502 424 3555 ctis
449 3501 496 3556 ei
524 3502 747 3572 triginta
780 3506 996 3564 duobus
1063 3510 1370 3565 Turcorttni
1414 3513 1684 3572 millibus.
1746 3515 1890 3571 Tau-

314 3588 507 3646 risium
542 3609 689 3662 vero,
735 3597 864 3666 quia
933 3600 1180 3656 relictum
1211 3603 1284 3657 ab
1335 3620 1402 3658 eo
1453 3605 1634 3660 fuerat
1683 3609 1890 3678 absque

315 3688 596 3755 praesidio,
641 3706 896 3747 reversus
949 3692 1222 3760 SOphinns
1268 3696 1418 3750 nullo
1453 3699 1674 3769 negotio
1733 3715 1889 3756 recu-

319 3782 550 3848 peravit.
582 3780 646 3835 Et
677 3784 945 3840 hactenus
971 3787 1086 3840 haec
1119 3787 1532 3859 Spanduginus,
1586 3793 1746 3863 cujus
1804 3795 1889 3848 itt-

273 3920 290 3931 ,
325 3874 617 3940 terpretari
651 3883 704 3929 et
736 3879 1051 3933 exscribere
1083 3878 1261 3934 locum
1318 3883 1614 3951 voluimus,
1671 3894 1731 3938 ut
1761 3901 1885 3940 cum

315 3965 598 4020 annalium
628 3970 944 4025 narratione
974 3972 1212 4027 conferri
1273 3976 1465 4043 possit.
1502 3976 1764 4032 Libenter
1802 3989 1887 4033 ta-

316 4073 442 4111 men
475 4060 613 4128 aequi
644 4061 872 4117 lectores
918 4062 1263 4131 fatebuntur,
1300 4081 1329 4120 a
1381 4067 1579 4124 Turcis
1629 4070 1888 4142 pleraque

316 4149 516 4201 tradita
544 4151 746 4205 rectius
779 4167 842 4206 ac
870 4154 1107 4220 plenius.

415 4237 541 4295 23f.
571 4241 703 4296 Belli
737 4241 933 4298 Persici
963 4262 1147 4314 causa,
1183 4251 1415 4316 occasio,
1447 4261 1756 4320 prwtextus.

389 4329 644 4386 Solemus
689 4336 937 4404 exemplo
996 4335 1344 4408 Thucydideo
1402 4343 1672 4397 bellorum
1739 4345 1888 4401 αἴτια

310 4420 434 4477 sive
489 4437 706 4486 causas,
757 4428 826 4481 ab
855 4431 1240 4486 occasionibus
1295 4445 1348 4487 et
1382 4436 1738 4502 praetextibus
1776 4439 1886 4493 dis-

1997 1923 2201 1978 OSman
2262 1937 2314 1978 et
2358 1926 2495 1980 Ali:
2535 1942 2771 1996 quorum
2821 1927 3100 1996 prioribus
3159 1926 3353 1981 ordine
3398 1926 3574 1978 tribus

1999 2015 2245 2088 rejectis,
2281 2029 2537 2088 quartum
2593 2020 2761 2087 Alim,
2813 2019 3144 2075 Mahumetis
3206 2019 3572 2090 propinquum

1995 2116 2050 2161 et
2076 2125 2360 2178 generum,
2393 2111 2574 2167 Persae
2603 2113 2838 2180 probant
2865 2128 2930 2168 ac
2957 2124 3311 2168 venerantur.

2059 2201 2185 2258 252.
2231 2203 2546 2270 Curdistan,
2577 2206 2764 2273 Curdi,
2795 2208 3026 2274 It'eldan,
3053 2207 3321 2278 Cordyna,
3355 2207 3532 2263 Curti.

2068 2288 2399 2353 Reineccius
2463 2299 2516 2352 in
2552 2301 2854 2370 appendice
2914 2302 2983 2356 ad
3049 2312 3300 2358 octavum
3333 2303 3575 2373 Aythoni

1995 2399 2178 2460 caput,
2221 2392 2430 2447 Cordos
2465 2402 2518 2447 et
2577 2393 2850 2451 Cordinos
2905 2396 3072 2452 nimis
3119 2397 3227 2454 late
3287 2397 3575 2451 Turcicam

1995 2490 2208 2544 gentem
2244 2477 2370 2536 esse
2421 2483 2666 2551 prodidit
2709 2501 2774 2539 ex
2821 2484 3036 2542 Joanne
3071 2487 3256 2545 Leone
3296 2491 3573 2546 Africano.

1993 2568 2062 2624 Et
2085 2569 2284 2638 adjecit
2315 2571 2417 2625 alia
2479 2573 2546 2627 de
2595 2573 2912 2630 Corduenis
2977 2586 3032 2632 et
3070 2579 3400 2645 Calduchis,
3454 2601 3578 2652 quae

1996 2661 2085 2714 hic
2117 2662 2342 2717 tuinime
2384 2665 2701 2731 repetenda.
2731 2665 2840 2722 Nec
2897 2667 3288 2734 Curdistauum
3321 2673 3573 2743 equidem

1997 2753 2313 2810 admiserim
2356 2771 2482 2811 esse
2511 2755 2766 2825 Mediam,
2798 2775 2920 2830 quae
2963 2761 3150 2816 verius
3187 2779 3330 2818 nunc
3380 2766 3574 2820 Sit-van

1994 2845 2324 2915 appellatur.
2352 2840 2468 2903 Vox
2497 2849 2794 2905 Curdistan
2828 2851 3106 2922 significat
3163 2873 3390 2925 regnum
3440 2860 3577 2914 Cur-

1992 2936 2211 2992 dorum.
2242 2937 2304 2992 Et
2345 2940 2592 2996 habitant
2641 2943 2913 3014 hodieque
2950 2946 3114 3001 Curdi
3142 2989 3157 3014 ,
3195 2951 3336 3006 sicut
3373 2952 3458 3006 bis
3509 2967 3576 3008 ex

1993 3030 2288 3087 annalibus
2313 3034 2477 3088 etiam
2532 3037 2834 3093 manifesto
2895 3051 3076 3109 paret,
3111 3042 3164 3096 itt
3213 3046 3437 3113 regione
3469 3047 3574 3102 Ba-

1993 3122 2229 3190 gadatis,
2275 3139 2399 3194 quae
2434 3124 2732 3196 Babylonia
2785 3131 2986 3199 priscis
3037 3143 3143 3198 est,
3193 3137 3329 3190 etin
3375 3139 3576 3194 vicinia

2000 3211 2399 3282 Carahemidae,
2436 3234 2558 3286 qua:
2584 3221 2862 3288 quondam
2892 3233 3010 3278 erat
3067 3225 3263 3282 Amida
3319 3230 3575 3304 Mesopo—

2000 3307 2202 3371 tamiae,
2233 3325 2382 3363 nunc
2413 3311 2702 3367 Diarbekir
2731 3316 3043 3385 appellatae.
3070 3319 3283 3385 Quibus
3349 3324 3403 3378 in
3435 3327 3572 3382 locis

1999 3411 2124 3451 cum
2151 3399 2680 3459 olimChaldaaorum
2707 3408 2866 3462 sedes
2899 3409 3128 3477 fuerint,
3164 3415 3425 3482 equidem
3477 3435 3572 3472 su-

1993 3491 2188 3554 perius
2213 3491 2265 3546 in
2292 3495 2573 3550 annaliqu
2624 3499 3008 3568 supplemento
3036 3505 3305 3570 conclusi,
3358 3508 3575 3568 Curdos

1998 3596 2122 3636 esse
2145 3583 2450 3649 Citaldaeos,
2499 3591 2804 3657 praesertim
2836 3608 2961 3647 cum
2993 3610 3022 3649 a
3057 3598 3250 3655 vicinis
3286 3601 3469 3659 Persis
3515 3617 3575 3660 et

1999 3673 2196 3730 Turcis
2225 3691 2288 3731 ea
2322 3679 2470 3748 regio
2519 3679 2811 3738 Curdistan
2858 3688 3184 3756 appelletur,
3213 3709 3376 3761 quam
3425 3713 3572 3752 nunc

1999 3782 2216 3839 quoque
2235 3769 2440 3825 Keldan
2467 3770 2846 3846 vocant497
2883 3779 3118 3845 Arabes,
3185 3782 3235 3835 id
3266 3794 3351 3839 est
3407 3785 3574 3842 Chal—

1997 3862 2192 3916 daeam.
2227 3862 2392 3918 Liber
2410 3865 2683 3933 ἀκέφαλος
2705 3869 2954 3926 historia:
3003 3871 3226 3940 Grzecze,
3277 3877 3436 3946 cujus
3469 3880 3570 3931 ali-

1947 3995 1950 4000 .
1997 3951 2218 4022 quoties
2268 3957 2600 4014 mentionem
2661 3961 2804 4028 frci,
2853 3976 3103 4034 posteros
3160 3969 3365 4035 Semis,
3402 3971 3572 4029 Nolite

1999 4046 2118 4110 filii,
2164 4048 2418 4117 regiones
2465 4047 2562 4104 has
2622 4054 2848 4109 sortitos
2903 4057 3110 4112 refert:
3167 4059 3430 4130 Pet-siam,
3467 4065 3572 4119 lia-

1997 4137 2305 4203 ctrianam,
2369 4133 2724 4210 Hyrcaniam,
2778 4143 3176 4216 Babyloniam,
3220 4151 3567 4223 Cordynam,

1999 4224 2237 4297 Syriam,
2271 4221 2742 4300 Mesopotamiam,
2779 4250 2901 4290 cum
2938 4238 3062 4294 aliis
3089 4234 3210 4309 qua:
3237 4221 3564 4313 sequuntur.

1998 4318 2134 4386 Quis
2167 4321 2253 4375 hic
2275 4321 2860 4395 Cordynam,positam
2918 4327 3063 4385 inter
3119 4330 3470 4404 Babyloniam
3515 4349 3570 4390 et

1999 4414 2211 4484 Syriam
2245 4417 2832 4488 Mesopotamiamque,
2881 4435 2988 4475 non
3035 4424 3424 4479 animadvertit
3483 4444 3565 4482 rc-

312 4517 569 4582 tittgttere
622 4518 966 4588 (npaoa'tsstg’
1000 4529 1054 4574 et
1117 4524 1373 4593 ἀφορμὰς
1430 4527 1546 4595 ipse
1609 4538 1790 4596 vocat,
1835 4540 1888 4584 et

1998 4508 2227 4562 centiori
2256 4511 2519 4565 vocabulo
2545 4511 2903 4576 nominatam,
2929 4529 3028 4582 pro
3061 4516 3360 4572 Chaldaza?
3421 4519 3563 4574 Idem

311 4612 688 4679 προσχήματα
722 4612 1026 4683 πολέμων),
1050 4630 1169 4683 qua:
1211 4632 1332 4670 cum
1371 4619 1585 4687 magnis
1618 4636 1677 4675 se
1731 4623 1889 4690 prin-

310 4701 553 4771 cipibus,
583 4703 878 4771 caeteroqui
912 4705 1181 4760 bellorum
1210 4708 1470 4764 adversus
1501 4712 1762 4767 [initiatos
1795 4730 1888 4782 ge-

312 4791 612 4844 rendorum
638 4793 834 4855 avidis,
872 4793 1150 4848 offerunt:
1187 4813 1465 4867 nunquam
1482 4801 1563 4854 eis
1597 4811 1888 4868 praetentus

312 4883 541 4944 desunt,
573 4899 714 4950 quos
762 4882 1045 4937 affectibus
1079 4885 1214 4947 suis,
1263 4895 1319 4939 et
1349 4888 1745 4956 cupiditatibus
1806 4890 1887 4943 in-

305 4974 502 5044 justis,
565 4975 882 5029 obtendant.
931 4976 1009 5029 lta
1065 4977 1402 5047 suscipiendi
1463 4993 1653 5036 contra
1693 4982 1887 5038 Persas

311 5065 448 5121 belli
485 5081 611 5119 vera
637 5081 800 5121 causa
832 5065 1162 5122 Soleimanis
1195 5079 1312 5123 erat
1341 5073 1394 5126 in
1428 5073 1636 5136 animo,
1694 5078 1886 5129 deces-

310 5172 502 5211 sorum
553 5169 804 5223 suorum,
862 5157 1296 5214 liluchemctisll
1359 5164 1567 5230 proavi,
1631 5164 1888 5234 Bajazitis

311 5249 425 5313 avi,
460 5245 796 5318 Selimisque
824 5252 998 5319 patris
1022 5253 1337 5307 remulatio:
1391 5257 1482 5324 qui
1512 5273 1638 5311 cum
1694 5257 1886 5313 Persa-

313 5354 438 5393 rum
497 5339 713 5395 scachis
769 5342 1071 5396 acerrimas
1125 5343 1443 5401 inimicitias
1500 5360 1885 5410 exercuerant.

310 5439 367 5481 et
388 5427 681 5495 aliquoties
703 5444 859 5500 aequo
891 5430 1006 5484 fere
1041 5429 1211 5486 Marte
1243 5450 1367 5487 cum
1399 5436 1478 5490 eis
1503 5436 1882 5506 conflixerant,

311 5518 420 5573 sibi
455 5517 732 5574 fortunam
765 5522 941 5592 magis
977 5522 1268 5590 propitiam
1307 5524 1491 5580 Persis
1519 5529 1887 5595 opprimendis

312 5621 366 5664 et
391 5609 760 5680 adjungendis
800 5613 1030 5681 itnpcrio
1061 5630 1162 5668 suo
1201 5616 1577 5682 pollicebatur.
1610 5618 1724 5672 Hoc
1760 5636 1883 5674 cum

314 5701 502 5756 animo
531 5717 628 5756 suo
657 5704 1014 5761 constitutum
1085 5708 1329 5772 habenti,
1365 5724 1466 5764 nec
1531 5712 1751 5766 occasio
1785 5711 1884 5766 de-

314 5791 456 5858 fuit;
493 5789 686 5847 Ulama
731 5792 888 5862 bego,
919 5798 1088 5864 gestis
1119 5797 1256 5851 bello
1298 5800 1460 5851 rebus
1521 5809 1571 5852 ct
1625 5798 1881 5853 affinitate

631 5889 903 5952 Parnm.
935 5893 1066 5961 ’ϐλ
1125 5884 1318 5944 CLIX.

1992 4600 2155 4666 situs,
2191 4602 2352 4657 iidem
2388 4600 2525 4658 ﬁnes
2567 4605 2728 4660 hodie
2755 4616 2886 4661 sunt
2933 4609 3274 4676 Curdistani,
3338 4615 3405 4668 de
3453 4631 3564 4685 quo

1990 4697 2225 4766 agimus.
2253 4694 2402 4749 Adde
2436 4695 2662 4751 Cedrini
2696 4698 2875 4754 locum
2926 4717 2956 4755 e
2989 4701 3191 4758 Basilio
3245 4704 3563 4772 Macedone,

1991 4803 2114 4842 cum
2149 4788 2246 4849 ait,
2285 4786 2545 4841 Basilium
2602 4804 2632 4841 e
2676 4788 3070 4859 Mesopotamia
3129 4797 3381 4852 victoriae
3427 4817 3566 4855 nun

1993 4880 2097 4932 tios
2120 4879 2402 4948 accepisse
2431 4895 2444 4929 :
2472 4895 2595 4933 cum
2618 4880 2823 4948 quibus
2871 4884 3034 4939 allata
3095 4903 3316 4958 quoque
3362 4892 3563 4946 fuerint

1991 4971 2042 5023 ei
2082 4971 2248 5023 multa
2268 4972 2464 5039 spolia,
2494 4971 2774 5042 multaque
2835 4977 3110 5046 mancipia
3161 4978 3455 5048 Curtprum
3507 4995 3563 5037 ct

1992 5061 2417 5115 Saracenorum.
2450 5060 2517 5116 Hi
2546 5063 2698 5117 Curti
2724 5064 2882 5133 plane
2904 5083 3015 5122 non
3053 5069 3145 5128 alii
3204 5080 3354 5136 sunt,
3396 5089 3559 5140 quam

1991 5154 2244 5209 hodierni
2279 5154 2470 5219 Cordi,
2500 5166 2554 5210 et
2580 5159 2945 5215 C'urdistaniae
2980 5159 3222 5230 regionis
3245 5164 3459 5219 incola}.

2049 5245 2176 5302 233.
2213 5246 2312 5301 Ser
2339 5247 2503 5302 Asker
2527 5249 2842 5307 sultanum:
2874 5249 3097 5317 Serdar,
3142 5254 3316 5323 μέγας
3349 5256 3495 5320 δούξ.

2060 5337 2175 5393 Hoc
2195 5338 2354 5393 oﬂicii
2381 5339 2496 5394 sive
2515 5341 2796 5412 dignitatis
2819 5333 2960 5412 apud
2980 5343 3192 5398 Turcos
3223 5359 3328 5398 non
3360 5347 3558 5410 civilis,

1992 5431 2090 5486 sed
2117 5431 2370 5485 militaris
2400 5441 2487 5486 est
2543 5449 2764 5496 nomen,
2810 5449 2919 5502 quo
2981 5427 3323 5505 significatur
3372 5453 3564 5508 supre-

1989 5539 2114 5579 mus
2144 5524 2442 5592 imperator
2465 5525 2742 5581 exercitus
2794 5526 3018 5591 sultani,
3069 5527 3183 5581 sive
3238 5528 3560 5598 capitaneus

1988 5617 2258 5687 generalis
2291 5618 2391 5688 (uti
2427 5633 2570 5672 nunc
2599 5617 2896 5686 loquimur)
2943 5635 3108 5688 supra
3171 5633 3396 5676 caeteros
3444 5638 3560 5676 om-

1990 5724 2088 5762 nes
2115 5711 2426 5777 capitaneos
2447 5710 2742 5762 exercitus.
2775 5709 2947 5763 Asker
2975 5712 3205 5766 Arabice
3237 5726 3554 5781 supremum

1990 5798 2285 5870 significat,
2311 5815 2408 5868 pro
2432 5814 2539 5870 quo
2563 5797 2866 5854 Turcorum
2924 5801 3117 5871 vulgus
3175 5801 3377 5861 Lesker
3424 5805 3562 5859 solet

3133 5898 3206 5957 29
