4022 6196
450 306 555 369 907

1642 286 1966 350 JOANNIS
2012 287 2480 347 LEUNCI.:\\'H

3579 276 3703 339 ’908

447 424 651 484 dicere,
689 415 855 473 veluti
891 426 1010 468 cum
1045 410 1177 465 Cadi
1222 407 1421 461 Leskcr
1448 406 1607 461 ciicrt
1632 404 1873 473 judicent
1903 417 2021 455 ma-
2050 410 2091 462 Α
2121 403 2253 483 257.
2277 401 2616 484 Bagrutatirra
2640 398 2783 481 regio
2805 399 2854 484 in
2876 374 3103 484 formam
3128 395 3533 484 ρεριρνὺεραῑαε
3552 395 3704 484 rLed'i-

448 501 1097 577 xitnum,quiAt-abibns
1126 508 1209 551 est
1266 498 1401 552 Cadi
1459 496 1653 551 Aslter.
1728 494 2018 548 Sullanum

450 600 703 675 gignendi
736 610 893 651 casus
933 603 1017 649 est
1056 590 1201 661 apud
1256 589 1488 644 Turcos.
1548 587 1731 642 Persis
1790 585 2017 647 Serdar,

453 711 563 749 non
596 693 694 744 Scr
720 686 890 742 Asker
913 694 1160 747 vocatur,
1188 683 1410 735 nomine
1459 679 1653 733 Turcis
1682 678 1845 732 etiam
1921 692 2021 729 usu

450 794 630 853 capto.
665 780 836 833 Graeci
862 777 1097 845 denique
1125 775 1299 843 μέγαν
1322 771 1497 825 δοῧκα
1526 770 1882 824 nominabant
1917 769 2022 821 hoc

450 874 591 943 apud
622 890 677 926 se
712 872 1024 940 fungentem
1073 867 1270 928 ofﬁcio,
1332 864 1475 931 quod
1532 877 1783 930 magnum
1829 863 2022 912 ducent

450 967 696 1025 denotat,
742 978 803 1015 ac
886 958 1159 1029 primaria:
1218 953 1542 1009 vocabulum
1612 951 1891 1019 dignitatis
1943 957 2027 1003 est

455 1062 597 1112 inter
632 1058 735 1108 alia
776 1055 957 1123 magni
988 1049 1170 1118 palatii
1207 1061 1457 1100 munera.

569 1244 572 1247 λ
649 1194 777 1247 954.
816 1188 1000 1243 Ketzie
1059 1187 1239 1249 basia,
1285 1182 1487 1237 Caceba
1524 1179 1820 1233 Chornsau.

528 1286 764 1340 Annales
786 1283 1006 1336 Ketzien
1026 1279 1269 1340 bassam,
1293 1274 1545 1328 familiari
1570 1272 1766 1326 Turcis
1784 1271 2028 1333 nomine,

458 1382 699 1435 Chauetu
724 1377 873 1429 illum
901 1372 1177 1441 appellant
1201 1366 1519 1422 Chitainum
1544 1382 1559 1428 ;
1587 1364 1703 1432 qui,
1731 1376 1830 1415 ceu
1854 1360 2032 1427 capite

460 1471 619 1526 tertio
650 1468 914 1527 diximus,
945 1462 1049 1518 Ulu
1100 1460 1255 1514 Chan
1291 1456 1638 1510 discriminis
1669 1468 1834 1506 causa
1868 1464 2032 1503 voca-

463 1576 569 1626 tur,
604 1561 658 1615 id
694 1567 797 1619 est.
850 1554 1101 1609 excelsus
1149 1559 1243 1603 aut
1295 1562 1545 1602 summus
1576 1544 1729 1599 Chan
1786 1543 1901 1597 sive
1936 1556 2033 1595 res

461 1655 809 1708 'l‘atarorum.
847 1647 1043 1701 Ketzie
1080 1646 1261 1703 bassa,
1293 1641 1335 1695 si
1367 1639 1590 1692 verbum
1618 1636 1789 1690 verbo
1813 1635 2033 1698 reddas,

463 1749 725 1802 t‘tltrinum
752 1749 914 1811 caput
943 1736 1243 1806 signiﬁcat.
1268 1733 1348 1787 lta
1374 1741 1490 1785 tum
1522 1731 1577 1783 in
1613 1732 1809 1797 genere
1849 1726 2034 1782 Tatari

460 1836 698 1892 Chitaini
729 1833 1108 1890 nominantur,
1147 1842 1176 1880 a
1212 1825 1449 1893 capitum
1482 1821 1813 1890 tegumentis
1841 1836 1871 1873 e
1896 1819 2038 1873 ﬂltro

465 1930 627 1985 factis
659 1943 674 1995 ;
710 1934 828 1979 tum
871 1918 1231 1992 peculiariter
1260 1918 1505 1985 ipsorum
1546 1913 1720 1976 Chan,
1775 1911 1862 1965 vel
1894 1909 2041 1979 priu-

462 2038 593 2092 ceps
621 2017 892 2073 maximus
924 2030 938 2067 :
970 2010 1195 2082 perinde
1241 2024 1305 2061 ac
1326 2007 1523 2061 Persas
1560 2005 1615 2058 in
1653 2019 1852 2072 genere
1908 2002 2041 2057 dici-

466 2129 585 2167 mus
612 2104 1110 2166 Kesilbassilarios,
1139 2116 1169 2154 a
1198 2098 1384 2153 rubris
1412 2096 1654 2166 capitum
1685 2093 2041 2164 tegumentis,

464 2218 517 2259 ct
548 2203 648 2274 ipsi
673 2197 1026 2272 peculiariter
1042 2208 1233 2249 eorum
1262 2192 1465 2245 scacho
1488 2204 1687 2244 nomen
1714 2186 2043 2241 Kesilbasszc

465 2296 782 2350 tribuimus.
847 2288 1001 2359 Apud
1037 2286 1254 2340 levium
1302 2294 1356 2338 et
1395 2284 1531 2337 alios
1582 2289 1899 2349 corruptum
1942 2295 2043 2332 no-

467 2404 589 2441 mcn
626 2386 842 2440 Caceba
892 2381 1196 2451 reperitur,
1243 2391 1343 2447 pro
1395 2376 1610 2442 integro
1637 2372 1804 2426 Kezie
1858 2372 2043 2427 bassa.

466 2479 805 2549 Tegutnenta
840 2490 975 2528 vero
1006 2472 1249 2541 capitum
1298 2469 1414 2523 ha'c
1450 2466 1704 2520 Tatarica
1765 2464 1960 2519 viridis
1992 2467 2046 2517 in

470 2572 789 2625 universum
820 2563 1029 2620 coloris
1046 2573 1194 2628 sunt,
1233 2575 1343 2629 quo
1368 2557 1632 2628 singulari
1658 2556 1896 2625 quodam
1924 2555 2050 2624 jure

469 2664 584 2718 sive
624 2659 911 2731 privilegio
965 2671 1025 2711 se
1058 2655 1137 2708 ttti
1189 2659 1445 2708 asserunt
1484 2665 1675 2704 omnes
1737 2657 2049 2718 prepterea,

468 2753 614 2823 quod
644 2760 821 2805 ortam
850 2765 880 2802 a
910 2747 1177 2818 propheta
1216 2754 1429 2814 gentem
1456 2742 1771 2796 universam
1807 2740 2050 2807 glorien-

470 2856 580 2897 tur.
618 2842 833 2911 Quippe
890 2854 1000 2893 non
1032 2846 1265 2893 utuntur
1299 2833 1445 2904 apud
1474 2832 1687 2887 Turcos
1720 2839 1774 2885 et
1821 2839 2051 2885 caeteros

473 2937 891 2990 Mabumetanos
922 2928 1124 2985 vestitu
1177 2927 1361 2989 viridi,
1392 2925 1498 2978 nisi
1535 2924 1627 2991 qui
1670 2937 1843 2990 genus
1895 2937 2049 2975 suum

471 3029 540 3084 ad
572 3027 949 3081 Mabutuetem
980 3022 1261 3083 referunt;
1302 3033 1364 3071 ac
1389 3015 1692 3085 prmsertim
1723 3014 1869 3074 aliis.
1898 3023 2051 3067 extra

2199 465 2377 541 gitur}
2402 465 2770 539 Bagadatin'us
2799 467 3091 541 cltalipltni:
3116 466 3447 541 _Sol§it_nane_t
3476 483 3506 515 α
3538 465 3707 541 chali-

2206 536 2310 610 plta
2343 536 2505 594 roluit
2533 538 2891 609 inaugurari;
2926 537 3170 604 cltaliplta
3196 536 3491 590 Caireuais.
3527 537 3699 588 Inui;-

2202 613 2501 681 gurationis
2526 610 2856 663 creremoniu.

2206 727 2277 779 De
2309 726 2445 778 urbe
2469 723 2695 793 Bagdat.
2722 729 2837 777 sive
2866 723 3092 791 Bagdet,
3126 720 3335 775 dictum
3374 720 3532 775 initio
3568 696 3717 776 Pau-

2134 816 2311 871 dectis
2346 818 2546 879 nostri,
2571 816 2744 885 capite
2787 815 2843 870 ι.
2877 813 2979 868 Hic
3015 816 3332 873 notandum,
3365 815 3560 866 eodem
3604 826 3711 863 an.

2137 910 2282 963 mine
2313 909 2589 977 regionem
2623 916 2674 959 et
2707 905 2893 958 urbem
2920 904 3135 958 censeri
3174 920 3187 956 :
3218 904 3361 956 sicut
3389 912 3444 955 et
3473 901 3715 970 Βίιιιῐιοο

2139 1004 2242 1055 nia:
2294 1001 2534 1071 regionis
2590 999 2920 1053 mentionem
2982 997 3143 1067 paulo
3183 1008 3328 1060 ante,
3367 995 3548 1061 capite
3577 994 3716 1055 25:2,

2140 1096 2449 1150 habuimus.
2481 1093 2804 1147 Addeudum
2857 1093 3060 1152 obiter,
3101 1090 3369 1157 hodieque
3398 1087 3718 1151 Chaliphen

2140 1187 2255 1241 sive
2286 1185 2590 1254 Chelipheu
2628 1186 2920 1254 quemdam
2964 1181 3233 1251 Bagadatc
3264 1181 3530 1246 reliquum
3563 1196 3719 1239 esse.

2140 1278 2233 1346 qui
2267 1287 2449 1332 tamen
2485 1278 2751 1331 duntaxat
2780 1275 3003 1329 nomine
3034 1282 3197 1329 tenus
3236 1274 3563 1342 dignitatem
3602 1271 3725 1341 pri-

2144 1371 2341 1423 stinam
2366 1378 2571 1423 tuetur.
2602 1368 2889 1433 Quondam
2910 1367 3055 1422 enim
3090 1377 3398 1435 praepotens
3416 1372 3535 1417 erat
3566 1364 3729 1431 priu-

2144 1475 2294 1528 ccps,
2326 1469 2377 1513 Ill
2413 1476 2477 1514 ex
2511 1456 2759 1529 praetoris
2787 1471 3008 1527 quoque
3050 1456 3224 1508 uestri
3260 1463 3413 1524 paret
3458 1454 3728 1509 historia.

2145 1554 2276 1607 licet
2329 1552 2651 1608 recentiori.
2700 1550 2836 1605 Nam
2877 1565 2981 1606 suo
3018 1561 3264 1618 tempore
3320 1560 3737 1601 commemorat

2145 1646 2495 1710 Tancharos,
2530 1646 2844 1700 bellicosam
2875 1643 3147 1697 nationem
3184 1638 3517 1706 Tataricam,
3545 1642 3740 1695 omis-

2073 1762 2113 1814 Β
2147 1738 2223 1792 sis
2253 1736 2568 1791 inimicitiis
2595 1744 2649 1791 et
2673 1735 2830 1789 bellis
2859 1733 3124 1787 adversus
3158 1730 3435 1787 sultanum
3471 1731 3740 1785 lconiena

2142 1845 2281 1892 sem,
2313 1827 2614 1896 Babylonio
2674 1841 2825 1880 arma
2881 1825 3161 1888 intulisse,
3197 1839 3362 1894 quem
3418 1824 3737 1891 chaliphan

2142 1920 2610 1975 Musulmauorum
2644 1918 2811 1991 498
2862 1924 3051 1986 gentes
3107 1917 3380 1986 appellare
3414 1931 3742 1970 consueve-

2146 2014 2275 2066 rint.
2311 2012 2597 2065 Notionem
2629 2010 2881 2066 vocabuli
2914 2024 3106 2077 supra,
3137 2007 3314 2077 capite
3344 2008 3524 2071 tertio,
3568 2006 3747 2060 dedi-

2145 2121 2289 2160 mus.
2321 2104 2525 2176 Magum
2548 2104 2727 2157 adhuc
2749 2113 2833 2157 est
2857 2100 3204 2156 auctoritatis
3235 2100 3378 2166 apud
3414 2098 3742 2153 Matutina-

2146 2214 2266 2258 nos.
2305 2213 2414 2267 quo
2448 2195 2820 2250 Mahumetani
2875 2211 2934 2249 se
2976 2193 3201 2248 nomine
3250 2193 3480 2247 salutari
3530 2206 3746 2249 avcnr.

2145 2288 2334 2343 Jovius
2365 2289 2529 2343 etiam
2584 2290 2807 2351 l‘atctur,
2849 2284 2903 2340 in
2935 2285 3139 2354 Bagdat
3170 2284 3452 2354 (Ihalipbae
3490 2283 3612 2337 sive
3643 2300 3752 2337 sa-

2148 2397 2365 2436 crormn
2396 2380 2657 2450 principis
2690 2378 2871 2433 sedem
2908 2392 3053 2439 esse,
3084 2375 3177 2445 qui
3212 2391 3241 2428 a
3269 2374 3486 2430 cunctis
3522 2372 3743 2427 Habu-

2153 2473 2387 2527 metanis
2449 2470 2697 2540 regibus,
2750 2469 2953 2538 inquit,
3010 2469 3329 2523 excolitur:
3383 2476 3435 2521 et
3488 2475 3749 2520 veterem

2149 2562 2444 2632 adeptandi
2472 2562 2893 2632 praerogativam
2933 2559 3151 2622 retinet,
3189 2574 3253 2613 ex
3279 2566 3532 2627 cettaque
3548 2573 3763 2612 coem-

2151 2658 2356 2729 ptionis
2403 2658 2734 2711 caeremouia
2768 2651 3505 2722 coiriirmandiAssyriorum
3560 2653 3752 2722 regis.

2152 2753 2234 2805 Ab
2272 2751 2375 2803 hoc
2410 2748 2783 2809 Soleitnanes,
2812 2744 3015 2798 veteris
3043 2742 3451 2813 superstitionis
3478 2742 3758 2795 instituta

2153 2852 2399 2904 secutus,
2448 2840 2685 2907 insignia
2715 2843 2769 2891 et
2798 2844 3124 2890 ornamenta
3156 2836 3427 2903 suscepit.
3460 2833 3759 2889 Cret-emo-

2153 2939 2299 2990 niam
2345 2931 2789 3002 inaugurationis
2823 2926 3013 2983 Jovius
3064 2944 3173 2982 non
3207 2929 3485 2996 exposuit.
3544 2927 3765 2998 Itaque

2157 3038 2477 3099 repetemus
2514 3040 2632 3079 eam
2680 3042 2743 3079 ex
2795 3022 3210 3077 commentariis
3278 3019 3426 3075 Petri
3486 3020 3763 3091 Maruris

473 3127 597 3185 hos,
632 3118 807 3174 viride
829 3117 995 3186 capiti
1024 3120 1403 3184 tegumentum
1448 3107 1733 3169 adbibere,
1774 3106 2049 3175 piaculum

2161 3119 2601 3180 Mediolauensis.
2635 3120 2705 3171 ita
2732 3124 3011 3175 tmnen,ut
3031 3115 3457 3185 priuslectorem
3517 3132 3763 3168 ηιουειςέι-

470 3217 667 3284 ingens
698 3212 883 3266 fuerit.
916 3206 987 3261 De
1012 3207 1357 3263 Chorus-anc,
1395 3202 1509 3257 sive
1542 3199 1879 3268 Clmrasane,
1905 3196 2051 3253 dlcto

472 3307 654 3379 capite
678 3308 729 3367 5.
761 3303 1082 3365 sttb-ﬁitcm.
1111 3297 1280 3351 Recte
1301 3294 1575 3351 Cedrinus
1603 3291 1885 3348 Persidem
1913 3294 2054 3348 inte-

472 3405 675 3457 riorem
703 3396 1027 3453 nominavit.
1056 3392 1205 3447 Sane
1232 3390 1278 3442 si
1305 3387 1625 3441 Taurisium
1652 3388 2054 3456 occupantibus

476 3495 693 3555 Turcis,
724 3492 779 3544 in
805 3489 1126 3544 Chornsane
1150 3487 1356 3542 bellum
1379 3485 1600 3556 gerebat
1630 3502 1642 3537 :
1677 3494 1736 3535 ttt
1769 3480 2053 3534 minimum

476 3588 546 3640 ab
579 3586 660 3640 eis
688 3584 759 3636 9.0
789 3582 1000 3636 dierum
1052 3581 1243 3633 aberat
1272 3578 1488 3632 itinere.

479 3702 606 3757 353.
642 3698 913 3770 Sultanin,
952 3696 1215 3770 quondam
1245 3688 1692 3770 ⁸Ἰξέιιγιηοερνιηηῖ
1719 3687 1886 3770 ¹ρνὶθο
1930 3683 2059 3740 Sul-

658 3767 830 3823 t’tmini
863 3760 1091 3820 nominis
1113 3763 1255 3832 apud
1289 3762 1508 3825 Persas,
1533 3776 1596 3813 ex
1623 3760 1869 3813 Cedrt‘no.

551 3885 878 3941 Notavimus
909 3898 939 3935 e
960 3878 1119 3934 Jovio
1149 3892 1338 3946 supra,
1371 3876 1549 3947 capite
1570 3876 1701 3937 9.01,
1733 3872 1905 3926 videri
1937 3870 2062 3924 Sul-

485 3980 691 4033 taniatn
731 3975 919 4027 urbem
952 3970 1081 4023 olim
1109 3970 1278 4024 fuisse
1307 3968 1778 4036 Tigranocertam,
1818 3962 2058 4018 nobilem

483 4071 688 4124 Graecis
716 4075 770 4123 et
822 4063 1086 4119 Romanis
1125 4063 1180 4116 in
1215 4061 1468 4115 historiis
1498 4078 1511 4113 :
1544 4067 1641 4113 aut
1689 4058 1868 4113 saltim
1905 4072 1935 4109 e
1971 4054 2065 4107 Ti—

484 4168 823 4234 granocertze
875 4158 1059 4211 ruinis
1106 4162 1444 4210 exstructam
1491 4152 1664 4207 fuisse
1726 4149 2063 4205 Sultaniam.

485 4260 692 4314 Nomen
726 4257 828 4309 hoc
862 4268 892 4306 a
926 4251 1162 4307 sultauis
1195 4257 1280 4303 est
1303 4256 1626 4305 consecuta,
1674 4242 1820 4311 quod
1866 4239 2068 4294 Persia:

486 4349 762 4417 quondam
802 4345 968 4399 fuerit
1002 4342 1173 4410 regia,
1204 4339 1528 4405 Sultauiquc
1557 4336 1717 4390 sedes
1746 4351 1811 4388 ae
1840 4330 2070 4387 domici-

486 4443 641 4496 lium.
678 4440 744 4492 Et
775 4452 801 4489 a
835 4435 941 4490 δυο
970 4434 1091 4502 plus
1125 4434 1305 4485 minus
1349 4431 1534 4491 annis,
1560 4436 1847 4494 postquam
1883 4422 2068 4485 Turci,

2166 3228 2286 3268 mus
2318 3258 2333 3277 ,
2366 3228 2472 3264 non
2506 3211 2763 3264 Asiatica:
2819 3212 3086 3260 duntaxat
3120 3205 3408 3276 Babyloni,
3444 3206 3766 3277 siveBaga-

2163 3296 2824 3373 dati,'Chaliphaurolim
2879 3298 3181 3367 pr.cfuis.se,
3230 3297 3325 3366 qui
3369 3296 3507 3352 dicis
3559 3299 3763 3354 adhuc

2164 3412 2331 3452 causa
2361 3396 2569 3450 scilicet
2600 3394 2864 3447 retinetur
2889 3411 2902 3447 :
2924 3388 3017 3446 sed
3052 3390 3212 3445 etiam
3262 3389 3519 3461 Babyloni
3573 3388 3764 3462 Egy-

2166 3492 2376 3560 ptiacaa,
2398 3504 2519 3558 quae
2542 3484 2813 3554 Memphis
2844 3494 2947 3547 est,
2981 3482 3268 3545 ctCairus,
3301 3481 3377 3534 uti
3409 3496 3551 3551 sa-pe
3586 3492 3757 3536 nota-

2112 3652 2115 3655 }
2142 3584 2145 3589 ’
2169 3585 2369 3637 vimus.
2402 3582 2616 3635 Etenim
2642 3568 2846 3631 sultani
2877 3574 3119 3646 Egyptii
3142 3574 3257 3629 sive
3278 3573 3595 3637 Caircnses.
3638 3590 3749 3627 ex-

2168 3690 2331 3732 cusso
2367 3673 2685 3744 Bagadatini
2705 3669 2971 3739 chaliphae
2989 3669 3145 3738 jugo,
3168 3683 3237 3719 ne
3257 3665 3754 3720 conﬁrmationem

2170 3772 2251 3825 vel
2272 3767 2751 3838 inaugurationcm
2772 3752 2963 3819 Saltem
2988 3764 3053 3815 ab
3079 3777 3143 3816 eo
3162 3769 3428 3831 petentes,
3453 3760 3759 3829 imperium

2156 3875 2221 3920 et
2252 3863 2632 3917 auctoritatem
2668 3859 2838 3927 ipsius
2862 3870 3161 3926 agnoscere
3188 3853 3508 3907 viderentur
3543 3870 3561 3908 :
3587 3868 3757 3907 suum

2172 3955 2275 4009 sibi
2305 3952 2615 4023 chalipbam
2647 3950 2989 4019 delegerunt,
3023 3945 3182 3998 titulo
3214 3954 3372 3997 tenus
3404 3942 3458 3996 id
3509 3943 3761 3997 nominis

2176 4045 2577 4116 ferentem,qui
2638 4052 2790 4099 certo
2841 4040 3175 4095 venditionis
3215 4036 3555 4107 imaginaria:
3617 4037 3760 4100 ritu,

2175 4155 2449 4195 summum
2512 4136 2752 4189 sultanis
2784 4132 3096 4199 imperium,
3129 4140 3351 4199 acoepta
3392 4143 3501 4182 non
3550 4142 3758 4197 magna

2177 4234 2410 4301 pecunia
2438 4229 2697 4284 traderet.
2734 4225 2852 4280 Jam
2899 4225 3065 4295 igitur
3095 4223 3263 4291 ipsius
3305 4221 3465 4275 verba
3496 4218 3759 4289 Martyris

2179 4327 2490 4381 audiamus.
2538 4321 2770 4382 llabent,
2826 4319 3024 4386 inquit,
3078 4325 3131 4370 et
3168 4314 3411 4384 Algyptii
3472 4326 3756 4366 summqu

2184 4419 2497 4488 pontiﬁrem
2556 4413 2632 4486 (id
2668 4423 2773 4471 est.
2809 4410 3149 4479 chalipbam)
3182 4408 3245 4459 ad
3288 4420 3447 4476 quem
3494 4420 3760 4473 regnum,

484 4533 669 4587 Persis
711 4547 771 4583 ac
804 4526 1093 4581 Saracenis
1126 4522 1429 4593 oppressis,
1477 4519 1633 4588 potiti
1670 4515 1898 4569 Perside
1952 4516 2069 4567 fue-
2101 4485 2147 4539 θ
2175 4510 2445 4579 siquidem
2478 4507 2577 4561 viri
2609 4512 2820 4569 essent,
2845 4503 3159 4572 pertineret.
3200 4498 3249 4553 ls
3273 4498 3365 4568 jus
3389 4513 3550 4551 suum
3590 4496 3761 4549 trium

487 4632 633 4685 runt,
656 4622 931 4691 principes
952 4615 1236 4686 religionis
1254 4611 1519 4683 appellari
1539 4609 1750 4677 cepisse
1774 4606 2025 4659 sultanos
2052 4620 2067 4656 :

486 4731 549 4767 cx
584 4715 670 4767 his
696 4711 920 4767 Cedriui
956 4709 1139 4763 verbis
1186 4705 1397 4776 liquido
1450 4711 1684 4759 ecustat.
1743 4697 1907 4751 Turci
1951 4704 2074 4765 po;t

490 4804 850 4860 l‘duchemetis
870 4800 1091 4868 (inquit)
1133 4808 1383 4860 mortem,
1414 4795 1648 4865 deiectis
1684 4791 1916 4861 imperio
1947 4788 2073 4842 Per-

495 4898 574 4954 sis
606 4914 669 4951 ac
723 4892 1037 4955 Saracenis,
1077 4890 1285 4945 domini
1345 4886 1592 4943 Persidis
1648 4884 1772 4938 facti
1819 4895 1967 4945 sum,
2020 4888 2074 4933 et

490 4987 930 5059 'l'augrolipicem
954 4984 1245 5037 Sultanum
1272 4980 1637 5051 appellarunt.
1663 4978 1762 5029 hoc
1783 4984 1888 5037 cst,
1917 4972 2070 5042 prin-

491 5086 662 5153 (ἦρι-ιιι
690 5081 1009 5134 universum
1037 5072 1326 5143 imperium
1357 5071 1647 5125 habentem
1679 5077 1733 5121 et
1770 5080 1953 5134 regem
1991 5078 2076 5114 re-

491 5194 639 5246 gum.
681 5173 721 5225 Α
747 5169 1094 5224 Tcmirlauco
1127 5164 1368 5233 denique
1399 5161 1651 5215 Sultania
1688 5158 1859 5213 fuisse.
1893 5158 2084 5209 diruta

496 5276 823 5334 vastataque
859 5261 1203 5330 perhibetur.

720 5400 848 5453 9.56.
915 5394 1139 5449 Flavius
1190 5390 1423 5445 Persidis
1479 5386 1650 5441 Dorus
1689 5385 1872 5442 ϐείω.

565 5494 605 5543 Α
642 5487 943 5542 novcnario
986 5498 1215 5537 numero
1240 5494 1444 5535 nomen
1473 5479 1577 5532 huc
1611 5477 1809 5537 ﬂuvius
1846 5474 2083 5541 accepit.

496 5582 711 5650 Quippe
739 5579 945 5641 Docus,
980 5590 1172 5629 novem
1207 5572 1504 5643 signiﬁcat.
1533 5568 1784 5624 Nominis
1817 5582 1879 5619 ea
1915 5566 2083 5623 ratio.

496 5671 642 5740 quod
659 5670 825 5723 hacin
843 5676 998 5737 parte
1020 5665 1259 5732 regionis
1286 5665 1388 5718 iter
1421 5661 1751 5718 facientibus
1784 5656 1970 5711 novies
1998 5656 2086 5709 hic

498 5761 675 5816 amnis
696 5761 921 5841 ontninn
943 5760 1012 5815 sit
1030 5756 1519 5822 vcltrauaeundus,
1537 5754 1618 5810 vel
1640 5750 2082 5819 tran~jiciendus.

2176 4602 2409 4655 millium
2444 4602 2566 4652 auri
2600 4598 2989 4651 drachmarum
3045 4592 3219 4661 pretia
3284 4588 3487 4657 regiam
3546 4585 3758 4640 tenenti

2179 4690 2453 4748 vendit.E
2505 4688 2765 4745 tribunali
2809 4686 3074 4743 Soldano.
3109 4684 3275 4737 stanti
3332 4679 3583 4749 pedibus,
3640 4678 3769 4731 vita:

2180 4787 2444 4853 necisque
2491 4782 2722 4837 liberam
2768 4785 3094 4848 potestatem
3151 4779 3265 4826 dat.
3304 4771 3424 4838 Ipse
3453 4770 3765 4835 descendit,

2180 4879 2427 4947 seipsutn
2467 4874 2693 4944 spoliat,
2755 4871 3045 4926 soldanum
3102 4866 3512 4935 imperaturum
3564 4862 3769 4923 induit,

2181 4973 2293 5026 abit
2329 4971 2597 5041 privatus.
2653 4967 2948 5020 Permanet
3010 4975 3063 5014 tn
3122 4958 3354 5027 imperio
3398 4955 3770 5011 Mahumetes,

2180 5064 2391 5119 Caitbei
2435 5060 2579 5129 ﬁlius
2628 5065 2684 5112 et
2714 5069 3034 5112 successor.
3088 5051 3219 5116 Quae
3245 5050 3438 5104 ultima
3474 5046 3641 5101 verba
3702 5048 3775 5097 de

2184 5155 2267 5208 sui
2304 5153 2569 5222 temporis
2604 5150 2824 5217 sultano
2854 5145 3102 5217 protulit,
3148 5152 3280 5195 tunc.
3315 5140 3427 5194 isto
3462 5138 3570 5191 rittt
3611 5137 3772 5189 inau~

2186 5255 2399 5315 gurato.
2434 5243 2659 5312 Regiam
2699 5239 2902 5294 tenenti
2929 5238 3018 5304 jus
3050 5249 3208 5289 suum
3239 5247 3270 5285 a
3317 5221 3586 5298 chalipha‘
3613 5242 3708 5279 ven
3760 5227 3776 5280 i

2186 5338 2339 5401 dicit,
2397 5334 2714 5390 Cairensem
2775 5331 3119 5384 sultanorum
3171 5322 3377 5393 regiam
3434 5318 3774 5399 intelligens,

2187 5447 2351 5500 quam
2388 5429 2612 5482 annales
2642 5428 2692 5478 itt
2728 5422 2929 5477 Selime
2953 5416 3193 5474 saraium
3232 5416 3314 5470 vel
3350 5414 3612 5485 palatium
3646 5410 3779 5469 Sul-

2191 5519 2437 5571 taninum
2477 5515 2779 5583 appellant.

2471 5628 2599 5684 9.58.
2622 5627 2819 5680 Sultmt
2849 5624 3036 5693 Iacup,
3077 5622 3234 5676 Ueste
3264 5622 3493 5677 Danista.

2264 5746 2421 5800 Hunc
2475 5744 2748 5799 sultauum
2811 5742 3087 5814 lacupcm.
3145 5738 3403 5794 scacbum
3451 5733 3786 5795 Persarum,
