4022 6196
492 342 604 409 911
1691 355 2017 421 JOANNIS
2060 362 2523 426 LEUNCLAVII
2994 358 2997 361 ’
3642 375 3748 440 tua

501 479 617 522 rem
638 473 920 557 pateretur
958 465 1186 533 ingredi.
1213 463 1593 523 Cocreiturum
1625 488 1681 527 se
1722 490 1873 539 suos,
1901 486 1959 530 ut
1997 478 2064 531 ab
2094 484 2140 540 Α
2168 480 2428 547 Tandem,
2467 485 2533 535 ad
2578 498 2639 537 ea
2674 498 2795 553 quae
2823 483 3079 553 petebant
3113 485 3231 541 loca
3284 501 3409 542 cum
3456 495 3745 557 pervenis-

500 554 962 649 omnimaleftcio,
982 558 1283 626 prmsertim
1318 575 1444 629 erga
1486 563 1760 632 religionis
1794 581 2065 622 consensu
2169 584 2316 641 seut,
2346 574 2505 629 bassa
2533 575 2825 632 Lusitanos
2853 578 3069 648 aggredi
3096 580 3280 649 coepit,
3310 591 3363 635 et
3390 554 3580 636 urbem
3606 582 3744 636 Dion

500 647 602 699 sibi
635 645 932 709 devinctos,
967 647 1557 723 abstinerent.Quippe
1582 671 1671 708 rex
1695 656 1919 719 Adenis.
1947 660 2068 714 uui-

2183 666 2288 722 sive
2344 667 2550 733 Devon,
2583 685 2609 721 a
2651 668 2934 725 Lusitanis
2989 670 3244 727 Zambrio
3303 674 3416 741 regi
3464 686 3741 743 ereptam,

500 751 652 831 fers}!
670 741 1449 831 (ξῐξηιεθηῐῦευίι.Μθιιυηιοιίε
1468 749 2068 804 εθετειοοιθὺτηληιθι-
2170 757 2457 813 obsidione
2494 760 2637 831 cingi
2683 760 2867 828 jussit.
2922 762 3109 830 Itaque
3161 763 3430 817 machinis
3477 741 3749 819 bellicise

497 828 654 881 lectis
687 828 835 922 hisce
868 832 1177 898 postulatis,
1220 835 1271 886 in
1302 846 1513 903 portum
1575 837 2068 896 Osmauiciadmil-
2174 847 2407 902 navibus
2468 850 2520 903 in
2585 828 2787 905 terram
2837 828 3126 922 expositis,
3185 863 3498 920 oppugnata
3547 853 3748 907 civitas

496 930 709 975 tuntnr.
743 921 940 975 Eodem
965 932 1082 977 astu
1112 927 1434 995 vafritieque
1460 930 1790 999 beglerbegi,
1812 934 1877 987 ad
1900 935 2067 988 collo-

2183 942 2530 1011 ]uadraginta
2572 945 2765 999 diebus
2803 946 3102 1008 coutinuis,
3163 955 3275 998 tam
3331 954 3475 998 trrra
3504 987 3519 1008 ,
3576 962 3749 1014 quam

492 1017 619 1078 quia
668 1030 804 1078 rex,
862 1027 916 1069 et
964 1017 1211 1070 convivia
1276 1020 1568 1086 pellicitur.
1645 1023 1891 1091 Cumque
1944 1035 2068 1094 post
2171 1034 2304 1087 mari
2338 1053 2350 1087 :
2390 1037 2486 1089 sed
2535 1037 2694 1090 irrito
2743 1040 2902 1106 plane
2945 1047 3167 1091 conatu.
3221 1035 3415 1090 Turris
3472 1038 3751 1095 duntaxat

494 1107 702 1198 aliquot
730 1108 845 1162 dies
878 1109 927 1160 in
956 1110 1135 1162 navim
1186 1113 1520 1179 praetoriam,
1586 1113 1759 1170 tribus
1804 1118 2067 1171 duntaxat
2169 1126 2438 1194 quadam,
2493 1128 2667 1183 insmr
2734 1130 2941 1183 castelli
2978 1145 3074 1183 seu
3134 1130 3531 1198 propugnaculi
3567 1127 3748 1191 facta,

494 1211 525 1246 e
575 1197 689 1251 suis
722 1199 1037 1265 comitatus,
1092 1203 1717 1272 veniret,.peramanter
1762 1208 2063 1273 salutatur,
2168 1237 2289 1288 (μιςε
2351 1236 2458 1275 uno
2506 1236 2571 1274 ac
2642 1222 2869 1275 dimidio
2928 1222 3115 1275 aberat
3157 1197 3411 1275 abiurbe
3460 1220 3657 1283 stadio,
3689 1234 3753 1273 et

496 1288 765 1357 οκοίρῖίυν
801 1289 1033 1383 blande,
1067 1307 1269 1347 ωεηδπ
1310 1303 1363 1347 εί
1397 1297 1571 1365 θρυίίε
1615 1298 1929 1353 ωηιίῦεῑιυκ
1960 1301 2065 1356 Sed
2167 1313 2255 1367 cui
2307 1311 2540 1383 prmsidii
2604 1329 2771 1368 causa
2834 1312 2902 1366 80
2945 1312 3191 1367 Lusitani
3239 1313 3439 1365 milites
3499 1311 3750 1379 impositi

494 1392 615 1447 post
645 1382 978 1447 convivium,
1015 1384 1198 1437 nescio
1228 1400 1332 1452 qua
1370 1388 1658 1442 occasione
1689 1400 1923 1458 captata,
1947 1407 2069 1445 cor-

2183 1406 2407 1469 Tuerant,
2442 1403 2747 1461 Turcorum
2783 1406 2835 1460 in
2889 1416 3209 1476 potestatem
3237 1407 3379 1460 venit
3420 1424 3434 1461 :
3464 1405 3756 1474 prmsidia-

495 1475 695 1539 ripitur
730 1490 743 1527 :
784 1489 846 1527 ac
878 1482 992 1526 tum
1034 1475 1251 1529 demum
1291 1477 1491 1531 sentire
1532 1480 1695 1533 miser
1734 1482 1920 1549 cmpit,
1964 1482 2069 1535 im-

2183 1500 2265 1553 'iis
2314 1513 2433 1552 sese
2485 1498 2833 1562 dedentibus,
2901 1509 2953 1553 et
2988 1515 3108 1553 mox
3152 1499 3204 1552 in
3239 1514 3404 1553 naves
3441 1498 3756 1566 perductis.

494 1565 792 1630 proborum
860 1582 1085 1621 munera
1111 1582 1233 1623 cum
1288 1570 1468 1623 fucata
1528 1570 1813 1635 blanditie,
1864 1572 2068 1628 fraudis
2171 1588 2392 1643 υηοιηιε
2421 1589 2622 1658 ριθρεῖε
2654 1592 2960 1653 mensibus.
2991 1594 3241 1646 auditum
3272 1594 3338 1647 de
3370 1565 3544 1646 ειπερ
3584 1588 3759 1643 Lusi-

494 1673 614 1754 3553
645 1658 825 1725 Plena.
890 1673 1226 1729 morsusque
1281 1664 1580 1730 respuenda
1626 1663 2064 1732 οῖιέιιιηεβθειίεο
2171 1682 2372 1747 tanica,
2405 1698 2524 1752 quae
2557 1685 2670 1738 suis
2695 1700 3017 1740 succursum
3056 1685 3291 1739 veniret.
3346 1685 3533 1754 Itaque
3569 1685 3758 1738 terri-

498 1750 606 1804 Nec
637 1768 811 1815 mora,
847 1755 972 1807 dum
999 1770 1091 1808 rex
1129 1757 1182 1809 in
1219 1758 1469 1824 przctnria
1513 1756 1814 1824 detinetur,
1871 1760 2068 1816 milites

2183 1790 2258 1830 Lus
2282 1775 2471 1835 bassa.
2509 1778 2791 1832 machinas
2814 1779 3038 1833 bellicas
3060 1778 3293 1833 navibus
3326 1778 3529 1847 imponi
3549 1777 3760 1845 jussit,

497 1847 807 1914 complures
837 1848 903 1903 de
948 1850 1242 1911 industria,
1292 1852 1467 1905 victus
1522 1853 1874 1913 comparandi
1928 1869 2067 1921 prte-

2183 1884 2236 1923 :tc
2267 1877 2431 1923 noctu
2463 1870 2681 1924 solvens
2734 1871 3000 1941 profugit.
3048 1870 3226 1936 Quam
3290 1871 3434 1924 enim
3492 1873 3765 1928 animose

500 1947 670 2002 textu,
707 1940 977 1994 civitatem
1014 1941 1413 2009 ingrediuntur.
1472 1942 1656 1998 Scilent
1703 1945 1847 2000 enim
1876 1944 2064 2009 Turci.

2183 1977 2298 2016 mas
2352 1962 2405 2014 in
2454 1963 2690 2031 speciem
2741 1962 3034 2017 instituunt
3089 1971 3143 2015 et
3182 1962 3472 2016 ordiuntur
3522 1968 3765 2034 expedi-

497 2032 641 2099 quod
676 2032 726 2085 vi
760 2048 866 2084 non
902 2041 1148 2098 possunt,
1178 2043 1271 2087 aut
1333 2034 1542 2105 absque
1577 2039 1744 2091 multa
1780 2038 2067 2107 sanguinis

2183 2052 2369 2119 tiones,
2403 2054 2569 2109 Turci
2599 2054 2701 2108 levi
2730 2065 3005 2110 momento
3032 2055 3234 2116 territi,
3263 2055 3426 2112 rebus
3456 2071 3521 2109 ex
3569 2056 3763 2109 animi

496 2122 782 2189 effusione,
843 2123 1005 2188 dolis,
1041 2131 1093 2175 et
1149 2124 1374 2192 perfidia
1425 2126 1708 2194 consequi.
1736 2125 1858 2180 Mox
1893 2126 2067 2181 Solei-

2183 2155 2296 2201 voto
2358 2162 2462 2201 non
2518 2147 2963 2203 succedentibus.
3020 2148 3430 2201 honoris-muni
3489 2160 3765 2216 respectu

500 2217 643 2272 mani
678 2219 853 2271 bassa:
884 2232 978 2286 per
1034 2229 1278 2272 secretos
1324 2217 1531 2273 iudices
1563 2218 1838 2281 nuntiant,
1875 2219 2068 2273 Arabi-

2183 2238 2491 2306 Jostposito,
2535 2252 2635 2291 ceu
2669 2236 2877 2292 timida:
2925 2236 3215 2303 ditl‘ngiunt
3247 2238 3442 2290 damze.
3492 2237 3768 2307 Cumque

500 2309 598 2361 bus
621 2309 823 2371 resisti,
856 2317 914 2362 et
954 2310 1143 2361 urbem
1174 2309 1388 2362 defendi
1422 2324 1606 2378 posse,
1652 2309 1780 2364 licet
1818 2310 2067 2383 advenis-

2188 2343 2271 2381 am
2303 2330 2459 2383 bassa
2485 2345 2589 2383 non
2626 2330 2815 2399 procul
2843 2346 2869 2382 a
2897 2328 3139 2383 lebctlto
3156 2342 3299 2384 esset
3327 2331 3543 2400 oppido,
3570 2330 3767 2384 inter-

497 2410 618 2454 sent
646 2402 749 2453 illa:
781 2415 998 2470 quoque
1028 2402 1219 2469 cepize,
1271 2416 1407 2471 quas
1436 2402 1576 2453 fama
1624 2401 1735 2470 jam
1775 2402 2067 2457 adventare

2183 2419 2256 2475 'ici
2285 2420 2526 2489 captivos
2560 2420 2615 2474 in
2655 2421 2839 2476 littore
2888 2421 3077 2491 jussit.
3120 2422 3343 2474 Duravit
3402 2437 3608 2475 annum
3652 2422 3761 2475 in.

497 2494 725 2549 ferebat.
753 2492 890 2547 Tum
952 2494 1109 2548 bassa
1148 2496 1533 2547 maturamlum
1578 2495 1790 2553 statuit.
1847 2504 1899 2548 et
1930 2495 2067 2548 Ara-
2169 2522 2378 2581 manu“
2440 2514 2552 2567 1,ωο
2599 2513 2891 2583 expediam
2950 2514 3162 2583 fuitque
3193 2514 3492 2568 z,.beumm
3537 2514 3759 2578 etiam.

497 2587 622 2639 bum
675 2584 1021 2654 anticipauda
1081 2586 1331 2640 consilia.
1378 2585 1554 2640 Portis
1612 2601 1706 2655 per
1765 2587 2062 2640 absentiam
2166 2605 2378 2659 Αηώίω
2417 2604 2616 2660 Felicis
2656 2607 2993 2675 oppmum,“
3027 2608 3221 2661 Turcis
3265 2607 3318 2659 ίη
3353 2607 3525 2662 reditu
3572 2623 3770 2674 exp“,

497 2678 638 2747 regis
698 2677 1000 2746 occupatis,
1072 2679 1230 2732 tniles
1280 2678 1639 2731 immittitur:
1682 2680 2065 2749 Oppressisque
2167 2708 2411 2768 (malum.
2453 2699 2584 2752 Tam
2640 2699 2812 2751 Αάεηί
2841 2742 2857 2765 ,
2905 2715 3062 2769 quam
3117 2700 3381 2761 Zebotlto,
3428 2698 3763 2768 beglcrbegi

495 2770 795 2823 Turcorum
842 2786 1070 2825 numero
1124 2772 1362 2836 civibus,
1409 2770 1559 2831 Adcn
1617 2772 1671 2823 in
1736 2780 2061 2840 potestatem

2183 2805 2288 2843 :um
2320 2789 2731 2857 depbterdaris,
2764 2791 2962 2861 singuli
2996 2793 3223 2858 singulis
3255 2790 3493 2861 praefecti
3561 2791 3763 2854 fuere,

498 2860 779 2929 redigitur.
812 2858 936 2914 Mox
978 2870 1031 2913 et
1085 2862 1197 2929 ipse
1253 2878 1345 2915 rex
1396 2862 1717 2930 productus,
1762 2860 1830 2913 ad
1861 2862 2062 2913 malum

2183 2877 2232 2931 le
2267 2881 2464 2949 quibus
2510 2896 2615 2936 non
2668 2882 2840 2937 multo
2862 2858 3017 2953 post,
3051 2883 3103 2936 in
3141 2858 3619 2952 beglerbegatuum
3649 2899 3764 2937 ca-

496 2955 761 3019 prtetoriae
805 2954 958 3007 navis
1008 2953 1060 3006 in
1104 2952 1362 3012 sublimi,
1397 2952 1569 3005 tribus
1600 2952 1704 3006 illis
1733 2966 1856 3005 cum
1890 2952 2063 3006 comi-
2165 2975 2368 3041 ιηιηεο,

496 3047 659 3151 tib-us,
696 3047 1085 3151 sus-penditur;
1150 3054 1203 3151 et
1239 3045 1305 3151 ad
1339 3045 1833 3151 -lel'l‘0:0lfl.,.fm.d0-
1857 3056 2063 3148 ερεεξτι·
2165 3079 2294 3134 Qte.
2322 3080 2525 3137 Bellum
2549 3092 2732 3136 contra
2759 3083 3143 3137 C/Iimeriolas:
3172 3084 3767 3149 Ceraunia,CIiimut-a,

497 3140 639 3205 culo,
672 3138 883 3194 civibus
938 3138 1055 3193 suis
1116 3145 1444 3193 ostentatur.
1500 3136 1765 3207 Oppidani
1823 3148 1929 3191 tam
1979 3138 2062 3191 itt—

2633 3136 2885 3216 Avelona,
2908 3152 3056 3207 [λιιι.ςὶ
3079 3136 3258 3208 bassa.

495 3231 657 3300 digne
693 3231 801 3298 regi
873 3229 1095 3299 sibique
1162 3229 1406 3282 videntes
1451 3226 1705 3292 illusum,
1742 3227 1890 3281 velut
1922 3228 1973 3280 in
2016 3242 2070 3282 re

2248 3244 2591 3299 Chimeriotm
2618 3255 2744 3300 sunt
2768 3247 3103 3308 Aruautlari,
3144 3246 3223 3298 vel
3261 3238 3473 3308 Albani,
3510 3246 3594 3298 vel
3621 3244 3771 3313 Epi-

498 3321 677 3374 subita
728 3319 1001 3390 trepidare
1033 3337 1047 3374 :
1080 3320 1259 3389 capite
1308 3317 1578 3381 destituti,
1616 3317 1864 3373 hostibus
1893 3320 2071 3388 impa-

500 3428 585 3468 res
615 3428 867 3477 numero,
906 3413 1125 3468 consilii
1160 3412 1393 3482 denique
1432 3412 1641 3481 inopes,
1675 3410 1808 3465 nihil
1847 3411 2069 3465 omnino

500 3506 703 3560 moliri.
744 3505 834 3559 Sic
886 3507 943 3559 in
992 3506 1312 3560 servitutem
1365 3507 1597 3559 redacta:
1642 3504 1847 3559 civitati
1888 3504 2071 3573 praesi-

499 3598 649 3651 dium
711 3595 929 3649 ﬁt'llllllll
982 3596 1302 3665 imponitur,
1373 3588 1601 3666 prevido
1636 3596 1844 3650 scilicet
1897 3596 2071 3651 bass:e

500 3689 780 3745 consilio:
822 3702 911 3751 ue,
958 3689 1001 3743 si
1056 3690 1181 3758 quis
1222 3689 1485 3744 adversus
1544 3691 1591 3744 ei
1650 3704 1813 3745 casus
1880 3689 2069 3742 Iudico

504 3781 642 3835 bello
678 3780 983 3841 accideret,
1042 3779 1276 3833 vicinum
1325 3778 1539 3833 deesset
1584 3780 1912 3851 perfugium.
1963 3779 2072 3833 Nec

499 3876 643 3929 enim
676 3890 705 3928 a
746 3884 895 3943 tergo
944 3872 1105 3927 Turci
1158 3874 1470 3943 relinquere
1500 3874 1676 3928 solent
1702 3875 1937 3943 aliquem
1984 3875 2068 3929 vel

503 3975 814 4036 suspectum
852 3966 933 4020 vel
985 3966 1381 4030 adversarium,
1418 3966 1508 4033 qui
1547 3967 1798 4034 quemvis
1830 3967 1881 4018 iu
1908 3981 2072 4020 even-

504 4076 617 4118 tum
648 4080 773 4119 esse
827 4064 927 4118 sibi
984 4064 1160 4133 possit
1208 4061 1623 4131 impedimento.
1659 4061 1867 4129 Quippe
1902 4076 2072 4130 genus

506 4160 609 4211 hoc
661 4157 1022 4211 B.u'barorunt
1080 4155 1237 4224 longe
1286 4154 1531 4209 omnium
1582 4152 1931 4206 vaferrimum
1964 4161 2070 4215 est,

505 4259 557 4304 ct
597 4260 705 4303 tam
754 4250 1114 4316 praesentibus
1173 4262 1335 4316 quam
1389 4245 1589 4300 futuris
1619 4247 2073 4314 circumspiciun-

503 4344 590 4399 dis
622 4357 685 4406 ac
709 4340 1040 4411 pensitandis
1076 4340 1520 4394 solertissimum.
1575 4337 1840 4392 Praeterea
1868 4348 2072 4406 potitus

506 4436 691 4489 Adeut:
717 4434 895 4499 bassa,
925 4433 969 4487 si
1002 4432 1223 4501 quidem
1273 4431 1484 4500 reliqua
1530 4445 1637 4483 non
1661 4429 1979 4483 succederet
2008 4443 2070 4481 ex

505 4528 671 4580 animi
727 4526 993 4581 sententia
1057 4524 1364 4593 expeditio,
1426 4522 1621 4576 fecisse
1685 4530 1860 4574 tamen
1896 4536 2072 4589 opera:

506 4620 735 4685 pretium
764 4618 933 4671 videri
958 4625 1193 4686 poterat,
1224 4629 1287 4668 ac
1313 4614 1452 4667 viam
1483 4612 1769 4681 aperuisse
1792 4613 2069 4667 tentandis

505 4718 649 4782 apud
711 4712 873 4766 indos
907 4710 1201 4778 aliquando
1260 4707 1585 4777 majoribus.
1636 4704 2078 4775 Captamcivita-

506 4814 611 4856 :em
648 4804 927 4869 ingressus
961 4801 1319 4864 Soleitnaues,
1374 4801 1501 4854 dato
1524 4798 1702 4866 signo,
1743 4796 2070 4867 proclamari

503 4892 689 4957 jussit.
725 4906 793 4944 ne
820 4891 1019 4944 civium
1045 4891 1205 4951 bona,
1243 4907 1376 4944 neve
1410 4905 1619 4944 merces
1652 4889 2025 4959 diriperentur
2058 4906 2071 4940 :

506 4995 558 5038 et
582 4984 869 5053 quemdam
900 4998 928 5035 e
959 4983 1092 5042 suis.
1147 4983 1354 5035 vilioris
1390 4982 1664 5036 hominem
1721 4980 2077 5043 conditionis,

510 5077 563 5129 iu
599 5078 712 5145 ipsa
746 5076 897 5129 urbis
934 5084 1086 5143 porta
1137 5076 1407 5128 terrendis
1438 5076 1671 5141 cwteris,
1704 5074 1882 5143 capite
1922 5073 2077 5142 plecti

506 5169 684 5233 jussit.
722 5166 883 5236 500
916 5168 1232 5221 Aromatum
1276 5181 1511 5235 namque
1559 5182 1749 5237 magna
1780 5166 1887 5219 huc
1922 5165 2081 5233 cepia

2178 3344 2332 3401 rotm,
2385 3348 2536 3391 trans
2600 3339 2776 3392 sinum
2823 3356 2883 3392 ex
2914 3342 3138 3401 adverso
3170 3338 3419 3410 Corcyra.-
3453 3338 3542 3392 siti
3584 3354 3598 3391 :
3637 3354 3765 3408 qua

2179 3428 2232 3482 in
2261 3431 2479 3498 regione
2507 3433 2760 3485 continua
2794 3434 3053 3487 montium
3087 3432 3258 3487 series
3306 3438 3410 3495 est,
3439 3446 3601 3498 quam
3635 3446 3766 3482 uno

2176 3522 2441 3576 vocabulo
2491 3526 2797 3595 nautmjam
2849 3526 3035 3579 dicunt
3078 3524 3412 3580 Chimeram.
3447 3522 3639 3577 Jovius
3698 3536 3766 3578 et

2178 3612 2267 3664 alii
2295 3614 2622 3667 voluntolim
2658 3614 2771 3668 hinc
2816 3615 2989 3669 fuisse
3019 3623 3276 3669 montana
3305 3614 3388 3667 vel
3413 3614 3516 3681 ὅρη
3541 3611 3763 3665 Cerau-

2179 3704 2288 3767 nia,
2311 3705 2543 3772 itemque
2564 3705 2993 3765 Acroceraunia.
3019 3719 3115 3773 pro
3138 3705 3336 3772 quibus
3360 3704 3540 3758 dicere
3560 3700 3762 3754 malim

2179 3795 2427 3863 equidem
2471 3797 2611 3849 Aera
2668 3796 2959 3851 Ceraunia.
3006 3794 3114 3850 Leo
3163 3807 3340 3849 tamen
3384 3796 3669 3862 Angustus
3701 3794 3762 3844 in

2180 3888 2388 3941 novella
2412 3888 2479 3941 de
2510 3887 2769 3950 Turonis,
2805 3896 2861 3941 ut
2892 3889 3067 3941 obiter
3099 3888 3379 3957 attigimus
3433 3895 3618 3946 antea,
3649 3883 3767 3935 sub

2178 3976 2397 4031 Etolite
2446 3979 2727 4047 metmpoli
2779 3978 3080 4047 Naupacto,
3128 3988 3234 4032 tam
3267 3977 3549 4035 Buthroti,
3584 3988 3762 4042 quam

2178 4069 2445 4124 Chimara:
2497 4072 2733 4126 colloCat
2776 4073 3166 4140 episcopatus:
3201 4086 3320 4140 qua:
3365 4072 3480 4123 loca
3520 4069 3626 4120 sibi
3658 4067 3764 4118 in-

2180 4162 2351 4215 viccm
2406 4162 2604 4227 vicina,
2664 4162 2918 4217 Butintro
2945 4173 2997 4217 et
3030 4162 3307 4223 Chimera.
3339 4177 3461 4215 cum
3496 4162 3609 4215 illic
3644 4162 3768 4215 ha:-

2180 4265 2455 4317 reremus,
2504 4268 2533 4307 a
2593 4256 2771 4309 nautis
2819 4256 3022 4310 nostris
3074 4254 3512 4324 appellabantur.
3549 4252 3762 4307 Iisdem

2181 4345 2443 4408 Avelona,
2477 4346 2634 4413 cujus
2662 4347 2749 4399 hic
2774 4348 2976 4400 mentio
3008 4346 3085 4408 fit.
3108 4347 3499 4399 enuntiabatur
3532 4346 3765 4412 adjecto

2182 4436 2415 4489 articulo
2463 4436 2671 4499 Italico,
2738 4437 3027 4500 Lavelona,
3065 4438 3147 4492 vel
3186 4438 3479 4505 disjuncte,
3534 4436 3612 4489 La
3651 4437 3765 4491 Ve-

2183 4528 2332 4592 lona,
2364 4542 2484 4580 cum
2520 4528 2741 4597 quidem
2792 4529 3029 4595 vulgaris
3081 4528 3280 4596 lingua:
3331 4526 3533 4581 Graecae
3595 4530 3764 4597 periti

2181 4620 2469 4686 adderent,
2496 4636 2561 4675 eo
2594 4622 2814 4675 nomine
2846 4621 3051 4690 βελώνη
3096 4621 3395 4690 significari
3430 4636 3619 4674 acum.
3647 4620 3763 4675 Sed

2182 4713 2510 4780 ignorabant
2562 4711 2813 4764 homines
2871 4722 2923 4764 et
2964 4708 3306 4774 antiquitatis
3356 4720 3407 4761 et
3445 4709 3765 4762 litterarum

2184 4804 2371 4867 rudes,
2414 4802 2836 4873 appellationem
2892 4802 3254 4856 recentiorem
3305 4804 3444 4855 hanc
3492 4818 3556 4852 ex
3584 4803 3769 4854 νειςιιί

2181 4896 2394 4949 Aulone
2427 4892 2644 4948 factam.
2701 4892 2815 4947 Sita
2872 4893 3035 4946 estin
3085 4893 3311 4945 Albania
3345 4892 3427 4944 vel
3461 4890 3645 4957 Epiro,
3694 4908 3773 4945 ex

2185 4987 2415 5041 adverso
2474 4998 2732 5040 extrema:
2782 4985 2927 5038 illius
2970 5000 3080 5037 orte
3133 4983 3297 5036 Italia:
3330 4998 3452 5051 qua:
3482 4984 3533 5035 in
3566 4983 3774 5049 Apulia

2184 5079 2620 5148 promontorium
2685 5078 2743 5129 ὃ.
2792 5075 2977 5130 Maria:
3027 5091 3171 5129 nunc
3222 5076 3423 5136 habet,
3483 5073 3777 5143 Iapygiam

2185 5173 2457 5239 quondam
2484 5170 2685 5222 dictum
2723 5186 2736 5222 :
2766 5168 2855 5221 ubi
2891 5168 3084 5222 civitas
3132 5165 3347 5236 Hydrus
3381 5168 3579 5234 posita,
3612 5164 3776 5217 dun-

2189 5271 2337 5316 taxat
2381 5261 2703 5317 intermedio
2731 5260 2897 5315 maris
2940 5259 3237 5313 Hadriatici
3278 5258 3427 5319 sinu,
3455 5255 3523 5309 60
3563 5255 3781 5308 millia-

2190 5354 2341 5409 ribus
2364 5353 2568 5409 Graecis
2592 5355 2659 5407 ab
2688 5353 2901 5407 Auloue
2928 5351 3284 5421 disjungitur,
3328 5351 3404 5403 uti
3438 5347 3616 5414 capite
3657 5347 3785 5401 152

2193 5446 2526 5499 notavimus.
2576 5444 2777 5499 Leonis
2837 5443 3067 5510 Augusti
3129 5442 3350 5494 Novella
3413 5439 3482 5493 de
3517 5436 3788 5495 Throuis

2191 5536 2482 5591 Auloniam
2537 5544 2783 5591 recenset
2858 5535 3000 5588 inter
3060 5533 3411 5603 episcOpatus
3470 5532 3786 5598 metropoli

2195 5627 2582 5693 Dyrrhachium:
2620 5627 2890 5689 subditos,
2930 5634 2984 5679 et
3009 5625 3259 5694 proximo
3314 5630 3437 5692 post
3470 5622 3792 5690 episcopa-

2195 5732 2308 5774 tum
2363 5720 2683 5773 Glavinitzze
2752 5720 2833 5771 Vcl
2903 5716 3319 5772 Acroceraunia:
3372 5723 3795 5768 commemorat

2194 5812 2629 5867 loco.Ca:terum
2674 5810 2767 5875 qui
2797 5811 3102 5864 Annalibus
3150 5810 3235 5866 hic
3262 5808 3561 5865 anncllatur
3602 5806 3782 5863 ἰλυιεὶ

512 5258 706 5314 deferri
731 5275 796 5312 ex
820 5259 969 5312 ludia
1001 5260 1159 5313 solet.
1192 5257 1454 5313 Praeterea
1488 5259 1645 5312 sinus
1670 5258 1935 5312 Arabicus
1966 5258 2083 5311 sive

514 5351 767 5407 Persicus
825 5352 910 5405 ltic
977 5353 1185 5422 incipit,
1213 5361 1267 5406 et
1311 5350 1709 5421 Abyssinorum
1744 5351 2083 5419 AlthiOpum,

516 5461 750 5514 quorum
778 5460 869 5499 rex
913 5446 1249 5515 Praetejanus
1296 5445 1460 5513 vulgo
1503 5443 1838 5504 nominatur,
1874 5452 2085 5497 montes

516 5547 680 5606 atque
757 5538 959 5592 limites
1027 5537 1225 5591 ibidem
1282 5536 1713 5604 conspiciuntur.
1791 5533 2082 5598 Osmanici,

518 5634 703 5686 Adene
733 5630 939 5694 relicta,
972 5644 1097 5684 cum
1143 5643 1355 5683 annona
1395 5628 1614 5698 copiosa
1669 5641 1835 5681 naves
1860 5641 2086 5680 oneras-

520 5732 661 5789 sent,
698 5722 919 5778 Occano
978 5736 1039 5777 se
1084 5722 1496 5784 commiserunt,
1548 5734 1609 5774 ac
1644 5717 1831 5773 decem
1865 5734 2089 5772 novem-

521 5830 627 5885 que
658 5814 775 5869 dies
798 5831 857 5870 ac
886 5824 1075 5870 noctes
1110 5814 1304 5869 itinere
1344 5813 1616 5869 maritimo
1656 5828 2077 5880 consumpsere.

3986 5226 3987 5295 ι

3983 5328 3985 5423 i

3982 5466 3983 5553 ι
