4022 6196
345 265 452 329 913

1506 264 1903 330 PANDECTE
1938 271 2139 335 HIST.
2174 266 2477 334 'I'Ulit‘JC.

3501 271 3604 339 915

346 382 530 446 bassa,
558 389 874 449 corruptum
918 382 1057 450 apud
1092 382 1386 435 Ili:[0|‘iCOS
1423 392 1669 444 nostros,
1705 383 1918 438 Jovium
1955 395 1992 445 Α
2032 386 2192 456 vulgo
2250 385 2557 456 Neptunus,
2621 402 2719 440 ceu
2778 385 3050 441 maximus
3102 385 3381 455 quispiam
3432 394 3599 442 mar‘u

342 483 397 528 et
422 474 580 535 alios,
634 488 831 527 nomen
877 474 1039 528 habet
1098 472 1384 528 Luttibeus
1428 487 1522 530 aut
1558 475 1919 545 Luphtibeus.

344 564 683 635 Spandugini
739 565 808 620 de
879 565 981 619 hoc
1035 567 1293 621 notabilis
1351 576 1437 621 est
1498 571 1693 629 locus.
1758 585 1918 639 quem

342 659 757 728 interpretando
788 658 964 713 "lubet
1023 661 1282 713 inserere.
1344 660 1647 727 Sullanus,
1704 662 1921 731 inquit,

346 748 691 803 Soleimaues
755 747 953 813 Lutsi,
1012 764 1275 818 perquam
1338 749 1531 804 humili
1602 751 1921 805 conditione

342 852 494 904 nato,
530 840 647 895 suis
686 856 749 895 ex
786 840 1071 896 sororibus
1103 856 1267 895 unam
1300 841 1449 897 dedit
1484 858 1737 908 uxorem,
1766 858 1920 897 eum-

294 948 300 1005 ;
342 950 452 1003 que
497 936 731 1003 primum
780 936 1000 989 hassam
1053 935 1286 1000 creavit,
1315 952 1343 990 a
1385 951 1495 1005 quo
1527 948 1707 990 tamen
1741 936 1919 991 officio

342 1038 491 1077 nunc
518 1023 767 1090 dejectus
799 1033 905 1077 est.
957 1022 1171 1093 Quippe
1222 1039 1346 1077 cum
1386 1040 1527 1079 uxor
1556 1024 1742 1079 mariti
1782 1040 1918 1079 con-

338 1115 562 1170 cubitus
585 1128 709 1168 cum
734 1114 997 1169 masculis
1033 1113 1317 1184 aegerrime
1351 1114 1557 1180 ferret,
1601 1129 1778 1184 eoque
1820 1130 1919 1169 no-

340 1209 489 1264 mine
548 1222 673 1263 cum
739 1207 859 1277 ipso
935 1206 1333 1276 expostulans.
1394 1205 1913 1261 diceretzl'ratrem

339 1312 528 1358 suum,
560 1298 840 1353 sultanum
876 1296 1267 1363 Soleimanem,
1300 1296 1380 1352 illi
1417 1311 1476 1351 se
1504 1296 1767 1367 junxisse
1798 1312 1915 1349 ma-

339 1390 625 1453 trimonio,
675 1404 862 1445 secum
913 1389 991 1444 uti
1025 1388 1253 1445 cubaret
1283 1407 1297 1443 :
1330 1389 1740 1444 exeandescens
1758 1388 1914 1442 Lutsi

339 1486 527 1550 hassa,
582 1483 798 1538 mulieri
849 1484 1146 1554 colaphum
1199 1482 1448 1554 impegit.
1480 1481 1595 1537 Hoc
1624 1482 1714 1536 ubi
1746 1481 1916 1536 resci-

339 1589 457 1631 tum
491 1592 520 1630 a
548 1576 880 1641 Soleimane,
917 1591 1162 1631 sororem
1198 1577 1248 1630 ei
1300 1574 1551 1643 protinus
1583 1574 1811 1642 ademit,
1850 1587 1915 1628 ac

340 1677 564 1739 recepto
591 1668 885 1722 Sullanino
909 1667 1109 1736 sigillo,
1139 1666 1410 1737 dignitate
1434 1666 1679 1737 supremi
1712 1665 1912 1719 veziris

338 1762 619 1817 hominem
679 1763 850 1816 exuit.
885 1759 982 1815 Est
1018 1760 1162 1814 enim
1205 1760 1258 1814 in
1287 1774 1441 1816 more
1481 1759 1624 1830 apud
1651 1758 1909 1813 Osmani-

335 1855 459 1919 das,
508 1861 567 1908 ut
623 1852 715 1925 qui
754 1853 1081 1909 auctoritate
1112 1861 1350 1924 quatuor
1412 1851 1557 1906 inter
1606 1851 1805 1905 bassas
1829 1856 1915 1903 est

340 1945 599 2010 maxima,
651 1945 957 2001 vezirazem
1014 1944 1131 1999 sive
1186 1957 1484 2012 supremus
1558 1939 1915 1995 consiliarius

341 2039 678 2102 nominetur,
726 2043 781 2090 et
828 2037 887 2089 in
928 2050 1093 2090 manu
1133 2049 1232 2090 sua
1295 2034 1537 2104 sigillum
1572 2031 1911 2086 sultaninum

339 2131 559 2184 habeat.
602 2129 725 2183 Haec
755 2127 1142 2200 Spanduginus
1166 2142 1182 2192 ;
1207 2142 1329 2197 quae
1366 2140 1499 2180 sane
1524 2124 1571 2179 si
1603 2139 1735 2179 vera
1766 2130 1915 2185 sunt,

338 2231 401 2276 ut
427 2236 552 2278 esse
610 2221 882 2285 videntur,
920 2219 1256 2275 conveniens
1311 2217 1473 2274 {mdis
1506 2232 1570 2272 ac
1621 2214 1907 2271 dissolutis

339 2316 591 2370 moribus
624 2314 835 2369 homini
880 2312 1067 2367 datum
1112 2326 1312 2366 nomen
1345 2310 1469 2365 fuit.
1506 2309 1720 2379 Quippe
1755 2306 1913 2362 Lutsi

339 2408 528 2477 lingua
560 2406 793 2461 Turcica
830 2405 1106 2475 significat
1136 2420 1260 2459 eum
1297 2403 1403 2475 qui
1432 2418 1539 2456 non
1586 2401 1691 2456 nisi
1730 2400 1797 2454 de
1822 2415 1916 2454 ve-

340 2516 472 2556 nere
534 2500 742 2570 COgitat
799 2517 814 2554 :
872 2498 1090 2568 qualem
1152 2498 1378 2553 Graecus
1448 2496 1647 2566 aliquis
1711 2494 1914 2550 dixerit

336 2594 602 2665 ἐρωτικὸν
634 2593 718 2650 vel
747 2592 1095 2664 ὲρωτομανῆ.

613 2733 739 2789 245.
779 2731 1063 2796 Besictaai,
1116 2730 1643 2786 ΔΙΠΛΟΚΙΟΝΙΟΝ.

410 2848 705 2915 Besictasi,
749 2849 903 2903 locus
932 2856 1016 2902 est
1044 2846 1111 2902 ad
1145 2847 1488 2917 Bosphorum
1522 2843 1824 2900 Thracium
1856 2844 1913 2897 in

340 2943 559 3012 Europa
616 2942 775 3007 situs,
818 2957 927 3010 qua
957 2940 1435 3010 Constantinopoli
1475 2954 1693 2994 sursum
1727 2938 1908 2992 tendi-

340 3047 455 3099 tur,
503 3034 734 3089 advcrso
793 3033 1058 3103 Bosphori
1133 3031 1321 3099 ﬂuxu,
1377 3046 1573 3087 versus
1632 3046 1696 3085 os
1758 3030 1910 3101 ponti

343 3127 565 3181 Euxini.
620 3127 749 3181 Plus
803 3128 988 3181 minus
1040 3136 1276 3197 quatuor
1322 3125 1476 3180 abest
1508 3141 1537 3179 a
1573 3125 1764 3179 Galata
1788 3125 1912 3179 mil-
1948 3125 1987 3151 ’ν

340 3221 573 3274 liaribus
605 3218 831 3285 Graecis,
854 3228 949 3273 aut
973 3234 1083 3273 uno
1105 3216 1457 3273 Germanico.
1484 3218 1691 3273 Nomen
1724 3218 1925 3288 lingua

338 3311 571 3366 Turcica
607 3310 843 3381 lapidem
869 3312 988 3367 sive
1033 3326 1227 3366 saxum
1262 3325 1555 3374 cunarum,
1593 3311 1910 3381 signiﬁcat:

339 3421 372 3458 a
395 3403 778 3468 distractione,
817 3412 970 3473 puto,
997 3402 1436 3458 Christianorum
1481 3404 1913 3474 mancipiorum,

339 3514 407 3552 ac
468 3508 704 3554 matrum
754 3500 1081 3569 praesertim,
1117 3499 1317 3555 liberos
1367 3500 1532 3556 etiam
1601 3509 1822 3555 teneros
1855 3499 1912 3554 in

340 3591 505 3645 cunis
548 3592 896 3650 habentium.
954 3590 1214 3662 Sepultus
1263 3592 1355 3648 hic
1388 3588 1501 3649 ‘est
1530 3593 1915 3656 Chairadines.

341 3686 436 3751 qui
466 3682 690 3739 messita
719 3697 940 3753 quoque
997 3696 1135 3738 nova
1192 3698 1294 3739 suo
1325 3691 1545 3752 sumptu
1590 3683 1790 3738 ibidem
1824 3699 1917 3739 ex-

340 3784 577 3841 structa,
612 3776 904 3831 nobilitare
926 3775 1104 3830 locum
1132 3783 1188 3831 et
1215 3774 1467 3831 excolere
1500 3775 1698 3830 voluit.
1721 3774 1918 3847 Amite-

343 3870 547 3923 κιόνιον
594 3869 799 3924 Grmcis
866 3869 1025 3924 hodie
1077 3870 1286 3934 vocari,
1354 3868 1553 3937 priscis
1605 3867 1913 3933 Jasonium,

342 3971 590 4017 notatum
617 3962 859 4031 reperies
890 3976 1077 4032 supra,
1121 3963 1298 4030 capite
1328 3961 1454 4017 i213.
1490 3959 1606 4016 lloc
1637 3970 1912 4029 tempore,

341 4056 413 4109 de
452 4070 562 4124 quo
598 4056 811 4109 scilicet
842 4054 1081 4109 Annales
1134 4053 1297 4108 modo
1345 4053 1669 4122 loquuntur,
1701 4050 1914 4120 adjecta

304 4190 307 4191 ν
341 4147 565 4203 fuerunt
596 4145 923 4217 sonistuc
961 4147 1207 4217 capitum
1237 4145 1707 4208 Christianorum,
1731 4161 1760 4200 e
1782 4143 1918 4198 Cor-

340 4253 473 4307 cyra
505 4238 772 4292 duntaxat
827 4238 885 4292 in
912 4238 1235 4292 servitutem
1254 4236 1631 4305 abreptorum,
1667 4234 1916 4300 cujusvis

340 4346 512 4386 sexus
550 4339 605 4384 et
634 4330 838 4393 aetatis,
872 4329 940 4383 ad
990 4328 1267 4384 sexdecim
1300 4327 1466 4381 millia
1507 4347 1521 4381 :
1556 4327 1913 4397 qnemadmo-
1945 4357 1995 4413 η
2022 4327 2202 4429 δῄων,

341 4423 471 4478 dum
496 4423 684 4478 Jovius
726 4422 1002 4477 memoriae
1052 4419 1315 4490 prodidit.
1373 4418 1447 4474 De
1503 4418 1803 4476 sultaninis
1862 4428 1916 4473 et

340 4532 533 4574 eorum
576 4516 774 4587 pretio,
808 4516 1010 4570 dictum
1036 4515 1103 4570 18
1143 4512 1344 4581 capite.

606 4653 735 4708 2H.
774 4650 1197 4721 Carabogdaniw
1224 4648 1420 4719 ﬂuvius
1461 4648 1650 4703 Berut.

421 4768 493 4823 De
523 4767 936 4839 Carahogdan'ia
971 4766 1196 4822 consule
1238 4774 1402 4834 caput
1446 4764 1535 4818 7i.
1576 4763 1710 4831 Ejus
1738 4764 1917 4819 amnis

342 4870 454 4927 est,
484 4877 647 4932 quem
680 4862 847 4916 Berut
875 4861 1118 4914 Annales
1155 4860 1211 4912 hi
1255 4858 1564 4914 nominaut.
1600 4856 1805 4926 Ungari
1836 4865 1919 4909 ta-

343 4972 496 5018 men,
530 4966 585 5010 et.
616 4953 864 5018 Valachi,
907 4953 1024 5009 sive
1055 4951 1312 5017 Moldavi,
1344 4951 1541 5020 partim
1576 4948 1917 5003 contractius

344 5058 403 5103 et
426 5047 624 5102 durius
653 5047 805 5111 Prut,
837 5046 1034 5115 partim
1083 5044 1246 5113 paulo
1290 5042 1510 5112 mollius
1548 5041 1705 5106 Brut,
1737 5056 1915 5095 enun-

347 5143 513 5195 tiant.

388 5252 545 5313 .245.
581 5257 818 5327 Neptuni
853 5256 1047 5322 Doriw,
1070 5256 1193 5309 victi
1223 5271 1252 5307 a
1285 5252 1632 5317 Chairadine,
1672 5253 1821 5322 fuga.

443 5368 663 5424 Doriam
696 5350 885 5433 Turci,
921 5383 1073 5422 more
1096 5367 1303 5430 italico,
1326 5369 1721 5437 pronuntiant;
1754 5382 1917 5436 quem

345 5461 540 5519 Jovius
567 5461 709 5516 dixit
750 5460 995 5524 Auriam,
1048 5462 1221 5529 magis
1267 5459 1657 5515 consuetudini
1708 5457 1919 5513 Latina:

352 5555 721 5625 respondente
756 5554 1045 5618 vocabulo,
1073 5554 1221 5607 velut
1247 5553 1608 5623 ipsequidem
1639 5553 1921 5607 existima-

348 5651 450 5703 vit.
484 5648 536 5703 ls
558 5657 612 5703 et
664 5663 762 5702 usu
799 5661 982 5701 rerum
1042 5643 1176 5699 mari
1230 5644 1610 5714 gerendarum,
1644 5653 1699 5698 et
1745 5643 1919 5699 felici-

353 5749 465 5795 tatc
518 5739 807 5811 singulari,
863 5747 1071 5793 tantam
1131 5737 1360 5806 adeptus
1410 5737 1636 5799 gloriam
1683 5736 1807 5805 fuit,
1863 5748 1921 5795 ut

2025 478 2184 544 deus,
2219 481 2616 550 appellaretur.
2652 477 2806 534 Hunc
2830 487 3011 534 tamen
3042 497 3069 533 a
3105 478 3439 535 Chairadine
3465 496 3600 550 pra:-

2024 570 2097 623 lio
2130 571 2329 637 navali,
2360 580 2413 625 et
2450 573 2663 626 artibus
2715 572 3089 641 imperatoriis
3121 582 3468 642 superatum,
3518 572 3605 629 fu.-

2022 662 2197 732 gisse,
2252 678 2361 716 non
2397 663 2683 725 insolenti,
2729 656 2824 716 sed
2866 664 3112 716 modesta
3150 670 3460 715 memorant
3492 661 3602 714 An-

2021 751 2174 806 nales
2214 752 2485 807 oratione.
2550 752 2671 818 Quo
2700 752 3258 808 commendabiliores
3285 752 3444 806 nobis
3475 768 3597 808 esse

2021 843 2240 908 debent,
2269 845 2344 898 uti
2391 860 2498 899 non
2534 844 2599 900 ad
2630 846 2865 913 gratiam
2928 860 3183 909 suorum,
3217 860 3319 899 nec
3350 844 3413 898 ad
3453 845 3601 898 inse-

2020 935 2317 989 etationem
2356 946 2675 991 nostrorum
2710 954 2724 1001 ;
2765 939 2858 991 sed
2892 937 2959 991 ad
2990 938 3304 1001 veritatem,
3331 951 3451 1006 quae
3484 936 3601 988 aui—‘

2022 1043 2105 1082 ma
2131 1039 2213 1083 est
2243 1029 2504 1095 historia»,
2545 1029 2761 1100 scripti.
2786 1027 3073 1083 Jovianum
3112 1027 3331 1098 quidem
3374 1027 3595 1096 epipho-

2020 1135 2199 1185 nema,
2231 1136 2340 1189 quo
2373 1120 2575 1175 clausit
2630 1122 2773 1175 hanc
2804 1120 3198 1182 narrationem,
3247 1134 3406 1188 quam
3439 1133 3594 1171 acres

2020 1215 2182 1272 habet
2216 1218 2478 1272 aculeos!
2540 1216 2733 1279 Auria,
2786 1216 2987 1286 inquit,
3028 1214 3165 1270 tanti
3224 1230 3379 1292 usus,
3429 1221 3595 1265 tanta:

2018 1312 2250 1385 peritiae,
2297 1324 2461 1367 tantm
2530 1311 2956 1366 existimationis
3016 1310 3151 1364 mari
3202 1309 3334 1370 dux,
3386 1322 3453 1360 eo
3508 1307 3595 1359 die

2019 1406 2202 1461 nullus
2255 1407 2564 1476 imperator
2605 1405 2847 1462 exstitit.
2914 1403 3077 1472 Atqui
3110 1402 3355 1470 cogitare
3391 1400 3458 1454 de
3506 1400 3596 1453 illo

2017 1499 2189 1555 Veteri
2231 1500 2400 1555 verbo
2456 1499 2696 1555 debebat
2759 1497 2976 1558 Jovius,
3031 1512 3139 1563 quo
3204 1494 3595 1549 Demosthenes

2016 1591 2185 1648 etiam
2230 1591 2466 1662 fugiens,
2494 1608 2799 1648 excusasse
2833 1606 2891 1645 se
2927 1591 3140 1644 fertur:

2197 1704 2366 1775 Ἀνὴρ
2396 1705 2450 1757 δὲ
2481 1706 2701 1773 φεύγων
2732 1707 2826 1757 καὶ
2861 1704 3031 1756 πάλιν
3054 1702 3385 1772 μαχήσεται.

2300 1799 2405 1863 Qui
2427 1817 2480 1853 se
2512 1800 2652 1869 fuga:
2678 1800 2789 1862 dat,
2816 1797 3094 1850 dimicabit
3123 1796 3313 1847 denuo.

2016 1918 2127 1975 Nec
2185 1918 2525 1987 ineleganter
2584 1913 2811 1968 Alexius
2862 1911 3105 1981 Angelus
3159 1911 3484 1977 imperator,
3538 1912 3595 1956 ut

2018 2011 2160 2084 apud
2195 2010 2420 2066 Graeciae
2450 2016 2742 2079 praetorem
2782 2011 3034 2059 nostrum
3078 2001 3361 2057 memoriae
3408 1997 3597 2066 prodi-

2018 2114 2130 2161 tum
2159 2104 2381 2173 legitur,
2426 2114 2551 2155 cum
2580 2097 2810 2169 perditis
2847 2096 3013 2151 rebus
3046 2108 3151 2147 non
3176 2092 3339 2145 modo
3367 2090 3621 2152 frustra,‘

2017 2196 2108 2251 sed
2137 2195 2302 2249 etiam
2331 2207 2455 2247 cum
2486 2189 2734 2259 periculo
2762 2203 2821 2242 se
2862 2187 3068 2242 diutius
3126 2185 3405 2239 haesurum
3453 2181 3597 2236 Con-

2017 2280 2906 2352 stantinopoli'animadverteret,
2943 2276 3200 2331 omnibus
3235 2274 3420 2329 valere
3471 2272 3596 2340 jus-

2016 2377 2111 2442 sis,
2145 2388 2197 2432 et
2225 2383 2442 2445 arrepta
2481 2384 2698 2444 sponte,
2724 2371 2955 2433 nolenti,
2981 2380 3163 2423 tamen
3204 2368 3406 2432 animo,
3445 2366 3611 2432 fuga,

2020 2471 2276 2525 Davidem
2302 2482 2524 2538 quoque
2554 2465 2696 2520 dixit
2736 2463 3008 2518 benelicio
3045 2462 3185 2531 fuga:
3233 2459 3397 2515 saluti
3432 2465 3595 2523 atque

2019 2560 2386 2615 incolumitati
2459 2573 2573 2614 sua:
2616 2556 3000 2612 consuluisse.
3040 2553 3157 2607 Non
3212 2552 3397 2605 minus
3446 2556 3595 2602 certe.

2018 2653 2199 2724 magni
2226 2662 2279 2706 et
2315 2652 2584 2721 sapientis
2617 2662 2700 2705 est
2748 2648 3127 2719 imperatoris.
3183 2658 3455 2700 summam
3513 2657 3596 2695 rc-

2018 2762 2137 2800 rum
2176 2746 2402 2801 incertre
2432 2745 2624 2799 Martis
2657 2744 2788 2798 aleae
2833 2758 2941 2797 non
2974 2750 3179 2796 temere
3207 2738 3594 2795 committere;

2017 2854 2179 2909 quam
2215 2855 2477 2911 prospere
2504 2838 2832 2895 cedentibus
2868 2835 3149 2901 omnibus,
3207 2830 3433 2888 victOIia
3461 2842 3596 2898 pru-

2016 2933 2212 2990 denter
2245 2934 2347 2989 uti.

2171 3048 2300 3104 246.
2330 3046 2745 3103 Publicanorum
2767 3059 2950 3098 carcer
2972 3039 3457 3107 Constantinopoli.

2090 3164 2288 3219 Vendit
2340 3163 2538 3215 omnia
2578 3176 2677 3229 per
2709 3157 3005 3225 imperium
3045 3170 3207 3210 suum
3245 3152 3448 3206 telonia
3484 3165 3600 3204 ma-

2021 3262 2170 3319 ximo
2195 3260 2391 3330 pretio,
2416 3257 2501 3312 vel
2534 3270 2764 3325 paucos,
2801 3253 2884 3308 vel
2927 3252 3115 3321 plures
3155 3250 3208 3303 iu
3254 3262 3430 3302 annos
3480 3247 3597 3301 sul-

2021 3362 2184 3408 tanus
2236 3348 2709 3411 Osmanidarum;
2773 3344 3009 3413 ideoque
3030 3342 3077 3396 si
3124 3341 3360 3409 majores
3423 3339 3596 3405 aliqui

2020 3446 2265 3519 pecunia;
2292 3456 2540 3498 summas
2576 3440 2625 3495 ci
2656 3436 3014 3508 vectigalium
3049 3433 3272 3489 nomine
3297 3432 3597 3503 pollicean-

2022 3546 2131 3602 tur,
2162 3550 2324 3607 quam
2359 3548 2551 3603 reapse
2579 3532 2844 3601 deinceps
2888 3527 3155 3583 exhibere
3207 3523 3425 3593 possint
3474 3541 3489 3576 :
3541 3521 3596 3575 in

2020 3643 2322 3693 carcerem,
2357 3626 2527 3680 veluti
2557 3625 2650 3695 qni
2700 3638 2809 3677 non
2871 3619 3138 3677 solvendo
3171 3618 3305 3681 sint,
3337 3628 3392 3674 et
3444 3616 3598 3671 frau-

2025 3723 2148 3781 dem
2182 3721 2399 3776 sultauo
2452 3716 2639 3772 facere
2685 3713 2979 3778 voluerint,
3036 3709 3435 3779 conjiciuntur.
3500 3707 3599 3762 llic

2020 3828 2212 3869 carcer
2242 3811 2671 3881 publicanorum
2735 3803 3212 3873 constantinopoli
3260 3802 3486 3856 dicitur.
3533 3800 3599 3855 Et

2020 3911 2147 3958 sunt
2194 3903 2247 3957 in
2287 3903 2549 3956 universo
2614 3896 3040 3953 Osmanidarum
3090 3907 3262 3963 regno
3317 3892 3595 3963 publicani

2020 3998 2137 4052 fere
2181 3993 2379 4059 Judaei,
2426 4007 2563 4062 gens
2593 3972 2988 4045 exactionibus
3036 3996 3088 4041 et
3134 3985 3319 4041 usuris
3366 3983 3596 4038 nimium

2021 4097 2287 4159 quantum
2348 4097 2516 4152 supra
2573 4082 2836 4136 mortales
2901 4088 3135 4135 caeteros
3180 4078 3409 4133 dedita:
3462 4091 3595 4139 cum

2020 4180 2122 4252 ipsi
2160 4179 2326 4234 etiam
2368 4175 2638 4231 Tureivei
2672 4172 3031 4236 Musuhnani,
3063 4172 3229 4239 paulo
3277 4170 3598 4227 sincerioris

2024 4275 2273 4329 homines
2308 4268 2686 4330 conscientiae,
2713 4268 2890 4321 nolint
2915 4265 3107 4320 audire
3130 4264 3407 4334 publicani
3441 4282 3454 4318 :
3485 4279 3593 4319 non

2232 4380 2298 4419 ac
2333 4366 2378 4418 si
2415 4378 2539 4418 cum
2594 4361 2821 4415 infamia
2875 4358 3175 4427 conjuncta
3204 4370 3427 4425 prepter
3456 4357 3597 4409 alio-

2026 4476 2149 4515 rum
2186 4457 2488 4528 nequitiam
2547 4454 2793 4517 nomine,
2831 4453 3009 4505 virum
3058 4450 3265 4504 bonum
3334 4447 3597 4517 appellari

2024 4552 2181 4608 nelas
2240 4553 2352 4617 sit,
2414 4548 2632 4605 etiamsi
2700 4555 2900 4618 praeter
2960 4542 3204 4601 ofﬁcium
3275 4542 3411 4597 nihil
3482 4542 3598 4612 ipse

2020 4646 2206 4702 faciat.

2048 4760 2175 4813 247.
2226 4757 2425 4813 Datum
2460 4756 2663 4826 Capisi,
2723 4756 3047 4827 Xylopm‘la,
3100 4752 3265 4809 Porta
3316 4756 3567 4827 lignariu,

2585 4828 2996 4882 Caravanserai.

2091 4918 2451 4976 Ostendimus
2502 4934 2693 4989 supra,
2731 4922 2910 4989 capite
2941 4920 3070 4981 9.00,
3140 4937 3264 4990 quae
3313 4930 3469 4988 porta
3522 4922 3594 4973 sit

2024 5014 2138 5067 haec
2185 5014 2442 5082 lignaria,
2487 5013 2748 5067 videlicet
2796 5013 2863 5066 ad
2928 5028 3092 5079 quam
3151 5014 3367 5079 navigia
3437 5011 3600 5079 lignis

2021 5115 2249 5161 onerata
2283 5106 2459 5160 solent
2504 5107 2780 5175 appellere
2819 5125 2832 5160 :
2873 5104 3187 5172 Graecisque
3210 5104 3411 5157 dictam
3442 5104 3599 5168 ξυλο-

2022 5198 2363 5267 πόρταν,,τιιι
2426 5198 2617 5253 iisdem
2676 5197 2841 5267 lignis
2901 5211 3020 5264 quae
3072 5195 3180 5249 huc
3218 5195 3609 5258 advehuntur,

2026 5306 2131 5344 non
2165 5290 2310 5359 quod
2344 5289 2459 5359 ipsa
2495 5290 2674 5360 lignea
2722 5290 2815 5352 sit,
2855 5286 3322 5357 quemadmodum
3358 5287 3597 5341 credidit

2025 5390 2258 5450 uterque
2283 5379 2746 5449 Chalcocondylis
2811 5379 3105 5448 interpres.
3147 5377 3223 5433 De
3258 5392 3391 5431 vtzce
3432 5378 3601 5431 Cara.

2025 5471 2304 5536 vanscrai,
2330 5472 2535 5525 dictum
2566 5472 2746 5540 capite
2780 5469 2868 5534 ﬂ,
2905 5470 3206 5539 signiﬁcari
3240 5471 3452 5524 scilicet
3474 5470 3597 5531 hac,

2026 5564 2258 5617 aedilicia
2306 5564 2592 5617 caravanis
2630 5571 2937 5618 exstructa.
2967 5562 3287 5619 Garavauas
3322 5577 3452 5616 vero
3482 5576 3602 5614 mo-

2032 5669 2088 5707 re
2134 5652 2374 5707 Turcico
2412 5669 2472 5708 se
2527 5655 2981 5725 conjungentium
3040 5671 3161 5709 esse
3199 5654 3443 5724 agmina,
3472 5668 3611 5708 cunt

2028 5740 2142 5794 loca
2201 5741 2381 5794 minus
2440 5758 2467 5795 a
2493 5742 2799 5801 latrociniis
2834 5754 2946 5801 tuta
2982 5745 3322 5817 peragranda
3355 5757 3508 5800 sunt.
3546 5745 3610 5799 ιιι
