4022 6196
386 170 492 236 915

1584 173 1716 230 JOA
1729 171 1827 231 NN
1843 171 1915 228 lS
1939 168 2400 229 LEUNCLAVII

3512 164 3619 229 916

392 291 506 344 haec
535 304 667 357 ergo
698 288 1145 349 caravansaraia,
1175 302 1293 356 qum
1324 286 1665 356 amplissima
1704 286 1951 355 plerum-
1979 285 2031 342 Δ
2058 283 2215 347 varii,
2252 282 2585 347 funambuli,
2617 282 2948 345 luctatores,
2978 280 3300 343 saltatores,
3356 279 3449 333 alii
3494 296 3629 349 pro-

393 370 497 451 que
523 389 671 444 sunt,
705 379 977 433 divertere
1003 394 1130 431 cum
1174 379 1353 447 equis.
1384 378 1648 447 jumeutis
1684 388 1957 447 sagmata-

392 472 514 530 riis.
554 470 738 533 mulis,
776 481 828 529 et
852 469 1096 530 camelis,
1139 471 1219 522 hae
1240 484 1524 523 caravante
1547 468 1749 524 solent.
1788 467 1957 522 Vasta

393 575 523 618 sunt
578 563 829 628 aadilicia,
864 561 1329 629 quemadmodum
1366 562 1713 629 Busbcquius
1752 560 1958 615 descri-

397 656 531 721 psit.
586 656 867 720 aliquanto
920 653 1188 721 longiora,
1251 668 1414 722 quam
1466 653 1681 715 latiora,
1730 660 1957 707 caetero-

393 748 484 815 qui
520 746 838 814 quadratam
891 746 955 797 ad
996 744 1225 797 formam
1258 744 1596 809 accedentia;
1625 760 1860 813 quorum
1904 745 1960 801 in

398 838 571 891 medio
605 844 754 906 patet
784 853 910 892 area
977 838 1248 906 ponendis
1312 837 1543 891 sarcinis
1599 845 1652 892 ct
1710 832 1958 897 camelis,

397 930 581 994 mulis,
611 930 897 998 carrisque
922 930 1282 983 collocandis.
1316 928 1467 982 [lane
1488 945 1671 983 aream
1723 928 1964 996 plerum-

396 1040 501 1091 que
527 1023 885 1077 circumcirca
930 1037 1122 1076 murus
1152 1023 1327 1075 ambit
1367 1023 1624 1087 interius,
1688 1033 1802 1075 tres
1839 1020 1964 1089 plus

401 1111 577 1164 minus
609 1110 776 1177 pedes
807 1110 990 1170 altus;
1022 1110 1325 1178 parietibus
1380 1111 1489 1167 illis
1545 1123 1806 1178 quatuor.
1840 1111 1967 1177 qui-

399 1200 502 1254 bus
536 1210 710 1253 totum
744 1200 1039 1253 :edificium
1094 1201 1394 1268 clauditur,
1461 1202 1777 1273 adjunctus.
1839 1201 1968 1269 Ejus

402 1289 542 1341 muri
571 1290 893 1357 superficies
926 1303 1075 1357 azqua
1114 1297 1217 1353 est,
1247 1298 1503 1357 patetque
1535 1291 1591 1342 in
1622 1289 1967 1343 latitudinem

407 1382 570 1447 pedes
620 1390 880 1447 quatuor.
922 1380 1023 1434 Hic
1081 1382 1389 1435 Turcorum
1428 1380 1632 1434 cubilia
1690 1389 1840 1443 sunt,
1882 1380 1973 1437 hic

404 1471 711 1537 uernacula,
743 1471 829 1525 hic
865 1487 980 1525 rem
1008 1473 1308 1540 expediunt
1355 1473 1698 1525 culinariam.
1737 1473 1870 1527 Nam
1907 1472 1971 1527 ad

409 1560 667 1626 parietes,
704 1560 905 1630 quibus
944 1571 1117 1616 totum
1167 1561 1457 1615 aedificium
1492 1563 1827 1626 continetur,
1863 1561 1970 1617 foci

2062 376 2353 444 peruadunt
2389 374 2843 431 innumerabiles.
2900 373 3024 429 ldeo
3070 373 3349 429 Laonicus
3396 373 3629 442 inquit:

2061 469 2420 524 llaecludicra
2470 468 2592 535 quis
2642 466 2893 535 quotidie
2927 475 3115 521 cernat
3163 466 3217 519 in
3277 464 3421 530 foro,
3481 468 3630 534 quod

2061 557 2337 613 Tactalem
2412 570 2629 611 vocant.
2705 556 2967 625 Sequitur
3026 555 3232 611 ibidem
3304 555 3633 609 vocabulum

2064 651 2402 717 Tampezim,
2428 665 2538 721 quo
2567 648 2862 704 nonnullos
2890 663 2957 701 ex
2988 647 3076 701 bis
3097 648 3175 702 ait
3208 649 3496 716 appellari.
3529 647 3637 701 Ne-

2064 746 2265 801 minem
2326 747 2431 799 hoc
2492 743 2809 797 declarasse
2863 741 3106 795 arbitror
3156 740 3446 804 hactenus,
3505 755 3637 793 cum

2068 837 2366 893 barbarum
2390 836 2484 896 sit,
2518 844 2572 889 et
2605 836 2874 902 ignotum,
2908 831 3051 885 addo
3079 832 3245 885 etiam
3283 841 3638 898 corruptum.

2068 929 2281 997 Quippe
2311 942 2422 983 non
2476 926 2792 994 Tatnpezim
2844 922 3011 977 Turci
3071 922 3281 987 dicunt,
3317 923 3411 978 sed
3451 922 3642 980 Ziann—

2067 1037 2189 1091 pas.
2217 1037 2341 1089 qua:
2371 1018 2586 1075 duabus
2620 1018 2847 1088 syllabis
2896 1032 3002 1072 vox
3044 1016 3390 1071 enuntiatur.
3456 1013 3648 1079 Signi-

2072 1115 2196 1171 ficat
2224 1122 2406 1167 mitem
2448 1110 2829 1179 σχοινοὸάτας.
2863 1119 2921 1162 ut
2944 1108 3118 1164 Gnaei
3150 1115 3371 1170 vocant,
3410 1107 3503 1176 qui
3540 1104 3649 1159 La-

2071 1206 2201 1261 tinis
2232 1204 2535 1258 funambuli
2577 1209 2729 1256 sunt.
2760 1202 2843 1254 Ad
2900 1214 3073 1253 unum
3107 1198 3277 1267 hujus
3308 1212 3448 1252 area:
3489 1196 3649 1252 latus

2074 1296 2341 1363 incipiunt
2400 1296 2620 1351 illorum
2692 1294 2957 1355 tabernas.
3006 1290 3098 1359 qui
3142 1287 3396 1344 Persicas
3457 1286 3653 1355 operis

2072 1386 2412 1451 excellentis,
2435 1397 2494 1443 .et
2533 1386 2798 1442 Turcicas
2847 1386 3035 1441 itidem
3101 1385 3301 1453 pictas,
3330 1383 3554 1439 Graecas
3591 1393 3654 1436 et

2076 1478 2214 1530 alias
2241 1470 2445 1531 coloris
2479 1477 2622 1531 nivei
2686 1477 3079 1545 itevigatasque
3111 1475 3333 1531 chartas
3378 1475 3655 1529 vendunt.

2077 1566 2313 1637 Ideoque
2343 1565 2550 1623 Graecis
2606 1568 2723 1621 llth
2754 1568 3165 1636 χαρτοπρατεῖα
3198 1566 3477 1623 dicuntur.
3549 1564 3658 1619 His

407 1649 721 1720 frequentes
764 1667 886 1705 cum
925 1652 1175 1706 fumariis
1201 1654 1285 1705 vel
1308 1653 1655 1709 inf-umibulis
1677 1664 1805 1709 sunt
1834 1654 1972 1708 inze-
2007 1629 2047 1684 Β
2079 1674 2109 1713 a
2146 1629 2298 1727 ter-go
2325 1658 2613 1730 proximus
2644 1667 2729 1712 est
2756 1629 2916 1712 ξῑιξιιε
2948 1629 3250 1720 [sbi-orm",
3290 1673 3353 1710 εχ
3381 1672 3489 1717 πω
3515 1670 3659 1711 νεεδ

405 1742 631 1796 dilicati.
660 1743 915 1812 Hospites
967 1744 1069 1813 ipsi
1100 1745 1246 1798 nulla
1294 1761 1354 1800 re
1403 1761 1430 1798 a
1478 1746 1727 1809 camelis,
1758 1736 1973 1812 inutilis,

405 1837 559 1904 equis
588 1836 694 1890 alia
732 1837 971 1902 sejuncti
1015 1848 1166 1901 sunt,
1206 1854 1372 1906 quam
1422 1840 1543 1907 ejus
1583 1839 1725 1893 muri
1768 1840 1974 1909 spatio.

404 1927 663 1992 Quinimo
724 1930 797 1985 ad
858 1931 1001 1985 muri
1068 1932 1265 2000 pedem
1355 1933 1430 1987 ita
1491 1934 1694 2003 ligatos
1772 1932 1979 1989 habent

404 2036 593 2090 equos,
642 2030 702 2074 ut
766 2024 947 2089 capite
995 2037 1058 2076 ac
1108 2031 1222 2079 tota
1276 2026 1493 2079 cervice
1551 2041 1713 2093 supra
1761 2040 1977 2079 murum

407 2115 712 2176 emineant,
747 2115 1101 2185 dominisque
1128 2108 1191 2170 se
1220 2116 1637 2172 calfacientibus
1688 2127 1781 2169 aut
1813 2116 1976 2171 etiam

408 2204 755 2260 manantibus
804 2211 1013 2267 astent,
1080 2205 1229 2259 velut
1265 2204 1549 2269 ministri;
1605 2213 1657 2258 et
1709 2201 1979 2271 interdum

411 2311 630 2362 panem.
681 2297 765 2349 vel
805 2297 1030 2363 malum,
1095 2299 1211 2352 sive
1255 2298 1386 2367 quid
1445 2297 1618 2361 aliud,
1681 2298 1747 2351 de
1810 2310 1976 2351 manu

411 2403 600 2442 eorum
633 2389 874 2455 rapiant.
905 2387 962 2441 ιιι
994 2388 1186 2442 eodem
1240 2404 1398 2443 muro
1456 2389 1631 2447 lectos
1680 2391 1784 2446 sibi
1836 2401 1979 2446 ster-

411 2492 570 2537 nunt.
631 2483 887 2551 Tapetem
926 2483 980 2537 in
1030 2483 1223 2551 primis
1276 2483 1573 2551 explicant,
1622 2499 1785 2551 quem
1817 2498 1881 2537 ea
1916 2483 1984 2536 de

411 2590 578 2629 rausa
619 2575 889 2643 ephippiis
932 2584 1177 2644 aptatum
1224 2575 1337 2629 fere
1368 2574 1789 2629 circumferunt.
1844 2573 1985 2627 Huic

415 2664 674 2731 inﬁciunt
730 2666 889 2732 vulgo
950 2666 1246 2733 penulam,
1312 2665 1543 2719 ditiores
1614 2665 1982 2730 Valentinani,

413 2768 578 2819 quam
606 2764 840 2815 vocant;
871 2770 999 2822 quaa
1032 2755 1286 2808 mollibus
1310 2770 1337 2805 e
1371 2756 1494 2824 pilis
1515 2765 1768 2809 contexta
1795 2756 1984 2809 candi-

418 2844 619 2913 daque,
670 2844 1047 2897 linteaminnm
1109 2845 1229 2900 loco
1282 2847 1413 2899 mihi
1466 2845 1684 2916 quidem
1742 2848 1984 2916 ipsorum

2081 1751 2287 1817 quaevis
2336 1749 2767 1812 elaborantium,
2828 1748 2923 1817 qui
3002 1748 3107 1803 hoc
3158 1746 3451 1801 Annalium
3523 1746 3659 1799 loco

2081 1850 2440 1896 memoratur.
2467 1839 2517 1895 ls
2556 1841 2710 1896 vicus
2737 1839 2790 1893 in
2832 1839 3082 1895 historiis
3110 1838 3421 1893 Graecorum
3459 1852 3660 1890 recen-

2081 1935 2317 1989 tioribus
2342 1932 2568 1989 Cedrini
2603 1942 2658 1987 et
2681 1933 2920 1989 aliorum
2951 1931 3368 1994 celeberrimus,
3396 1929 3660 1984 nomina-

2082 2038 2169 2082 tur
2199 2025 2645 2095 Χαλκοπρατεῖα,
2715 2024 2977 2078 nimirum
3012 2039 3041 2075 a
3076 2022 3435 2079 distractione
3492 2038 3665 2076 vasu-

2083 2136 2203 2175 rum
2235 2135 2299 2175 ex
2327 2134 2433 2173 tere
2464 2118 2759 2172 factorum.
2805 2118 2988 2172 Locus
3023 2117 3261 2185 insignis
3292 2125 3379 2173 est
3426 2116 3660 2171 Cedrini

2082 2213 2151 2269 de
2190 2211 2597 2280 Chalcopratiis
2630 2211 2683 2263 in
2726 2208 3040 2264 Theodosio
3074 2209 3307 2278 majore,
3337 2217 3493 2277 puto.
3528 2206 3663 2260 Vici

2083 2319 2306 2377 quoque
2361 2303 2616 2365 vitriarii,
2676 2301 3089 2370 Chalcopratiis
3143 2301 3400 2370 proximi,
3448 2300 3505 2353 [it
3565 2300 3668 2354 hic

2087 2398 2333 2451 trentio:
2371 2411 2481 2465 quo
2528 2390 2770 2448 taberna:
2804 2393 3196 2455 vitriariorum,
3240 2400 3299 2443 ut
3334 2390 3460 2444 olim
3493 2400 3669 2443 erant

2086 2491 2140 2544 in
2197 2488 2331 2541 urbe
2396 2485 2876 2545 Constantiniana,
2915 2482 3115 2557 veteris
3173 2482 3239 2535 ad
3297 2481 3667 2535 imitationem

2088 2582 2293 2641 Romae,
2328 2578 2408 2633 sic
2435 2578 2598 2631 etiam
2626 2576 2787 2629 hodie
2820 2575 3261 2642 conspiciuntur.
3295 2573 3546 2626 Diversus
3583 2584 3671 2624 ta-

2089 2689 2212 2726 men
2266 2670 2355 2724 hic
2388 2670 2541 2723 vicus
2575 2678 2658 2721 est
2694 2667 2764 2722 ab
2811 2666 2903 2720 illa
2948 2665 3319 2719 vitriariorum
3370 2674 3547 2733 porta,
3593 2663 3671 2717 de

2091 2782 2197 2834 qua
2240 2766 2447 2819 dictum
2494 2761 2777 2829 superius,
2839 2759 3019 2828 capite
3064 2758 3193 2812 200.
3224 2758 3296 2813 De
3346 2765 3500 2828 porta
3552 2758 3668 2810 fori

2092 2854 2335 2924 piscarii.
2362 2869 2484 2921 quze
2515 2851 2855 2905 Buluebazar
2887 2849 3057 2916 capis!
3093 2848 3289 2903 Turcis
3342 2858 3446 2911 est,
3491 2863 3674 2915 expo-

418 2935 669 3004 cxemplo
745 2934 866 2987 fuit.
935 2933 1181 2988 Cervical
1225 2934 1384 3005 502
1462 2936 1669 3004 prwbet
1715 2938 1989 3006 equestris
2017 2957 2059 3021 (ε
2095 2945 2260 2999 situm
2289 2943 2482 3000 eodem
2519 2944 2699 3011 rapite
2719 2942 2857 3009 200;
2883 2942 3031 2997 sicut
3048 2950 3102 2996 et
3127 2941 3193 2994 de
3222 2950 3375 3009 porta
3412 2939 3670 3002 Hebraea,

418 3028 571 3086 sella.
600 3026 765 3080 Veste
798 3027 981 3089 talari,
1023 3027 1263 3096 pellibus
1290 3027 1535 3090 suffulta,
1578 3044 1683 3097 qua
1733 3031 1986 3083 vestiun-

418 3129 506 3174 tur
556 3119 818 3181 interdiu,
870 3127 1130 3187 teguntur
1192 3128 1380 3177 noctu.
1432 3120 1523 3173 Sic
1569 3120 1840 3175 'somnum
1897 3136 1989 3175 ca-

419 3213 595 3280 piunt.
629 3212 795 3267 nullis
829 3210 1175 3273 lacessitum,
1218 3220 1375 3265 extra
1409 3211 1715 3266 naturalem
1765 3212 1991 3279 jumen-

418 3318 596 3360 torum
637 3304 1015 3359 mandentium
1052 3304 1368 3373 strepitum,
1404 3304 1814 3359 blandimentis.
1840 3303 1994 3375 ipso-

419 3414 538 3450 rum
620 3397 969 3461 saraiurum,
1029 3412 1128 3466 pro
1190 3396 1480 3466 caravanis
1560 3404 1991 3462 exstructorum,

416 3499 559 3545 tecta
588 3491 908 3558 plerumque
941 3488 1195 3557 plumbea
1231 3498 1383 3543 sunt.

418 3604 527 3659 948
580 3603 715 3675 Area
736 3601 1020 3675 prelforum
1054 3602 1272 3675 Taclrtal
1302 3602 1456 3666 Cala,
1482 3602 1811 3675 Tempe/tim1
1834 3604 2002 3675 Clral-

491 3673 791 3741 cocondylis
821 3672 965 3725 locus
1012 3673 1321 3741 emendatus
1352 3682 1399 3724 et
1452 3676 1740 3740 expositus.
1773 3672 1997 3729 Chalce-

488 3739 1125 3811 pratia,C/mrtapratia,
1163 3739 1318 3796 Vicus
1354 3739 1658 3798 vitrici-ius.

488 3860 708 3919 Aream,
738 3872 859 3926 qum
916 3855 1145 3909 Tachtal
1192 3855 1319 3910 Cala
1344 3855 1680 3924 nominatur,
1724 3855 1996 3914 Laonicus

423 3951 476 4005 in
503 3961 698 4003 octavo
720 3948 896 4002 forum
932 3946 1249 4016 appellavit,
1292 3957 1347 4001 et
1376 3946 1658 4002 Tactalem
1690 3949 1875 4003 vocari
1899 3949 1998 4004 ad-

424 4043 585 4107 didit.
627 4041 782 4110 Apud
848 4041 1153 4094 actuarium
1200 4038 1626 4094 Malatestanum
1706 4040 1994 4097 Tectalaca

425 4132 706 4191 scribitur.
757 4132 863 4185 Pro
887 4132 1016 4185 ilius
1066 4129 1319 4194 Tac-tale,
1348 4129 1518 4200 hujus
1562 4130 1872 4198 Tectalaca,
1908 4147 1991 4188 re-

427 4241 567 4295 pone
617 4223 844 4279 Tacbtal
888 4226 1045 4289 cata;
1084 4240 1204 4295 qua:
1228 4239 1394 4280 voces
1439 4223 1688 4279 Turcicae
1748 4236 1900 4290 sunt,
1945 4236 2000 4280 et

2091 3036 2287 3092 Turcis
2327 3035 2632 3097 Schifutlar
2676 3035 2873 3103 eapisi.
2934 3033 3066 3088 Siue
3119 3049 3251 3087 vero
3283 3045 3438 3087 extra
3475 3048 3675 3085 muros

2089 3128 2241 3186 urbis
2263 3143 2291 3185 a
2317 3126 2434 3182 foro
2467 3126 2705 3196 piscaria
2735 3126 2905 3187 ardes,
2936 3125 2989 3180 in
3022 3126 3205 3179 littore
3236 3125 3433 3189 maris,
3461 3124 3676 3177 intelli-

2095 3231 2299 3296 guntur
2334 3219 2439 3275 illa:
2468 3235 2590 3288 quae
2649 3218 2825 3272 muris
2892 3216 3119 3271 urbanis
3174 3215 3546 3273 excluduntur
3602 3217 3678 3269 ab

2093 3313 2253 3375 urbe.
2302 3313 2602 3367 secundum
2668 3311 2824 3365 littus
2874 3308 3116 3364 Ceratini
3154 3308 3306 3363 sinus
3352 3318 3681 3369 exstructm.

2096 3422 2293 3462 versus
2356 3404 2812 3474 septentrionem,
2852 3400 2905 3455 id
2934 3409 3041 3466 est,
3087 3417 3119 3455 ο
3164 3400 3388 3469 regione
3417 3398 3679 3454 Galataui

2096 3498 2323 3561 littoris.

2272 3620 2275 3621 ν
2300 3587 2424 3643 949.
2466 3588 2611 3645 Nova
2636 3586 2937 3645 Cairadinis
2963 3585 3216 3652 auspiciis
3244 3592 3469 3651 recepta.

2167 3678 2315 3732 Nova
2366 3676 2565 3731 Turcis
2622 3685 2729 3742 est,
2762 3692 2925 3746 quam
2956 3674 3256 3730 Castellum
3306 3689 3509 3728 novum
3569 3690 3678 3729 no-

2100 3771 2197 3825 stri
2222 3777 2443 3832 vocant,
2476 3770 2529 3823 in
2558 3767 2845 3822 Dalmatia:
2871 3768 3038 3821 situm
3056 3767 3288 3822 ﬁnibus.
3313 3765 3371 3820 id
3403 3765 3678 3833 auspiciis

2100 3858 2287 3914 Karuli
2316 3858 2358 3913 V
2393 3859 2625 3928 Augusti
2681 3868 2960 3927 receptum
2992 3857 3191 3913 fuerat.
3220 3856 3369 3921 Quos
3401 3856 3522 3923 ejus
3553 3871 3683 3924 pro-

2101 3952 2294 4007 vinciae
2344 3951 2632 4019 sangiacos
2685 3950 2753 4004 ad
2812 3950 3158 4005 obsidionem
3219 3950 3359 4002 hanc
3412 3957 3681 4003 evocatos

2102 4044 2277 4099 fuisse
2331 4044 2555 4097 tradunt
2592 4042 2856 4106 Annales,
2913 4041 2981 4096 de
3047 4042 3332 4111 provincia
3386 4040 3681 4095 Bozinensi

2104 4138 2360 4207 accipito,
2386 4136 2564 4206 deque
2605 4135 2883 4205 praefectis
2912 4135 3041 4189 huic
3075 4149 3356 4203 :quontm
3408 4134 3679 4203 princeps

2103 4232 2156 4287 id
2197 4230 2459 4301 temporis
2526 4238 2645 4283 erat
2695 4228 2921 4283 Ulumas
2974 4227 3066 4281 ille
3112 4226 3277 4281 Persa
3332 4226 3397 4280 de
3444 4241 3555 4290 quo
3601 4226 3687 4277 di—

429 4333 611 4373 arealll
664 4317 928 4371 tabernas
1011 4317 1224 4386 ligneas
1302 4316 1592 4371 habentem
1661 4316 1994 4383 Significant.
2033 4298 2075 4352 θ
2104 4330 2252 4377 ctum
2287 4298 2468 4389 capite
2503 4317 2631 4372 251.
2661 4314 2989 4371 Translatus
3011 4314 3155 4369 enim
3184 4314 3362 4367 fuerat
3385 4328 3414 4366 a
3448 4311 3686 4369 Persicis

425 4411 638 4480 Quippe
659 4409 789 4465 Gala
824 4409 1057 4463 denotat
1100 4408 1442 4468 tabernulam
1479 4410 1561 4462 vel
1619 4407 1998 4473 tentoriolum,

426 4514 481 4557 et
504 4502 741 4561 Tachtal:
773 4516 989 4557 asseres
1022 4508 1157 4556 sunt
1185 4518 1199 4555 :
1240 4511 1299 4554 ut
1324 4499 1707 4569 intelligantur
1758 4515 1822 4553 ex
1857 4513 2001 4553 asse-

428 4597 583 4650 ribus
609 4596 774 4650 factze
814 4594 1147 4657 tabernulam,
1186 4592 1311 4645 Haec
1347 4606 1473 4644 area
1509 4590 1625 4644 fere
1654 4590 1806 4645 urbis
1832 4598 1917 4645 est
1947 4592 1999 4643 in

430 4688 767 4757 meditullio,
793 4702 900 4740 non
928 4685 1120 4754 procul
1162 4686 1231 4739 ab
1272 4682 1614 4747 Eskisaraio,
1645 4683 1729 4737 vel
1768 4698 1797 4736 a
1821 4682 2003 4737 saraio

428 4778 595 4835 veteri
628 4779 1073 4832 muliercularum
1135 4776 1363 4842 sultani,
1412 4776 1479 4831 de
1519 4791 1630 4845 quo
1658 4775 1838 4845 capite
1880 4774 2002 4829 159.

429 4869 526 4925 Est
555 4871 742 4925 eadem
775 4869 829 4923 in
870 4883 1000 4922 area
1046 4867 1248 4923 sultani
1284 4868 1542 4935 Bajazitis
1592 4867 1819 4925 secundi
1863 4882 2006 4920 mes-

432 4964 559 5029 sita,
597 4962 754 5031 cujus
794 4976 960 5031 supra
1012 4960 1195 5015 fecere
1246 4960 1584 5013 mentionem
1642 4959 1896 5023 annales,
1950 4958 2004 5012 in

432 5058 551 5125 ejus
580 5055 785 5110 sultani
824 5054 1033 5108 funeris
1082 5052 1481 5121 descriptione.
1521 5052 1637 5105 Hoc
1668 5062 1849 5105 autem
1887 5051 2008 5104 loco

433 5149 643 5204 ludicra
693 5147 941 5217 quotidie
996 5146 1176 5199 oinnis
1214 5144 1434 5214 generis
1467 5143 1820 5209 exhibentur,
1855 5158 2008 5212 quae-

433 5256 650 5312 cunque
706 5240 915 5294 homini
967 5238 1154 5294 venire
1213 5237 1267 5293 in
1333 5245 1571 5291 mentem
1625 5246 1882 5305 possunt.
1944 5237 2010 5290 Et

437 5334 766 5389 adhibentur
803 5331 978 5400 pueri,
1023 5330 1171 5399 equi,
1209 5327 1371 5387 asini.
1398 5341 1589 5389 canes,
1644 5325 1806 5389 feles,
1838 5327 2007 5387 cervi,

438 5425 652 5490 leones,
696 5423 836 5488 ursi,
875 5423 1143 5492 leopardi,
1177 5422 1393 5490 enlpes,
1435 5428 1490 5474 et
1543 5418 1694 5472 nulla
1737 5433 1843 5471 non
1881 5418 2009 5491 alia,

442 5515 728 5587 peregrina
780 5514 1130 5583 praesertim,
1197 5512 1479 5565 animalia.
1546 5510 1689 5563 Sunt
1739 5507 1862 5562 istic
1900 5512 2010 5577 'qui

440 5607 875 5677 (ἰωνοωιίιιιιὶεϐη
954 5606 1328 5675 profitentur;
1392 5610 1524 5656 sunt
1577 5599 2008 5672 prmstigiatwrcs

2066 4504 2252 4574 ,l'ugis
2310 4501 2593 4555 fidentium
2658 4517 2672 4553 :

2105 4413 2172 4466 ad
2198 4414 2297 4465 hos
2326 4410 2655 4474 fiues,more
2683 4407 3017 4469 Tureorum,
3062 4420 3170 4459 non
3204 4402 3437 4458 nimium
3492 4412 3655 4456 trans

2744 4514 2809 4555 ac
2873 4498 3134 4565 deinceps
3196 4510 3420 4565 quoque
3465 4494 3526 4548 iit
3564 4495 3686 4563 ejus

2106 4596 2327 4649 mentio.
2345 4595 2398 4647 in
2428 4593 2717 4647 obsidione
2737 4591 3012 4662 Agricnsi,
3034 4604 3178 4643 anno
3199 4589 3521 4644 Christiano
3545 4588 3686 4642 l552

2109 4702 2138 4739 a
2188 4685 2387 4740 Turcis
2427 4684 2631 4738 frustra
2690 4690 2922 4737 tentata.
2953 4683 3195 4737 Praerat
3242 4681 3531 4735 Bozinensi
3561 4697 3685 4749 pro-

2110 4778 2304 4832 vincia:
2328 4793 2428 4832 ceu
2466 4776 2907 4845 beglerbegatns,
2940 4784 2997 4830 et
3043 4774 3111 4828 ad
3160 4774 3388 4829 Castelli
3428 4774 3557 4828 novi
3592 4774 3688 4826 ob-

2111 4870 2381 4925 sidionem
2416 4884 2603 4923 secum
2658 4868 2954 4938 sangiacos
2988 4883 3126 4923 suos
3174 4874 3384 4934 septem
3435 4865 3685 4918 adduxit.

2113 4961 2349 5015 Virtutis
2401 4961 2615 5015 eximiae
2665 4959 2989 5025 przesidiarii
3048 4959 3273 5025 milites,
3326 4972 3465 5027 quos
3501 4957 3687 5010 hostes

2115 5052 2219 5122 ipsi
2246 5058 2661 5111 commendant,
2722 5050 2951 5120 Hispani
3006 5051 3257 5113 fuerunt,
3298 5058 3353 5104 et
3400 5049 3685 5107 Germani.

2114 5161 2341 5199 nuniero
2382 5148 2446 5198 ad
2472 5152 2712 5214 quatuor
2748 5144 2942 5199 millia.

2112 5259 2235 5313 ‘250.
2285 5257 2633 5317 Soleimanes,
2664 5254 2757 5309 sub
2781 5265 3038 5323 prwtextu
3070 5254 3381 5325 defendendi
3410 5251 3620 5325 pupilli:
3658 5266 3687 5301 (ι

2208 5329 2355 5382 Bruto
2386 5328 2671 5380 Erdeliano
2704 5318 2898 5391 relicti,
2924 5318 3145 5379 matrem
3190 5341 3309 5383 cum
3347 5318 3550 5393 pupillo
3579 5318 3691 5372 Un-

2206 5402 2358 5468 garia
2389 5399 2605 5468 spoliat.

2191 5512 2261 5564 lle
2299 5510 2506 5566 Joanne
2557 5510 2890 5585 Zapolicnsi,
2940 5507 3088 5561 Bano
3122 5504 3440 5566 Erdeliano,
3477 5500 3687 5555 dictum
3718 5536 3723 5539 λ

2118 5604 2295 5672 Cupite
2327 5604 2448 5658 9.23.
2490 5603 2583 5659 llic
2636 5603 2879 5658 moriens
2928 5599 3188 5671 pupillum
3244 5593 3466 5665 reliquit
3514 5593 3688 5677 haereo
