4022 6196
360 178 469 246 9W

1522 184 1667 247 PAN
1684 187 1925 246 DECTE
1958 190 2160 253 lllS'l‘.
2204 192 2514 252 TUBCIC.

3522 192 3625 258 918

359 303 508 361 dem,
563 299 853 366 tutelaeque
912 298 1244 352 Soleimanis
1307 299 1741 363 coxnmendavit,
1774 300 1938 354 .luan.
1973 309 2013 361 Α
2046 318 2189 358 mus.
2219 301 2453 357 Fallitur
2500 301 2719 366 Juvius,
2777 317 2901 357 cum
2965 302 3061 367 ait,
3123 303 3411 358 Albaniam
3462 306 3625 361 hodie

362 408 485 446 nem
522 390 967 460 Sigismundum,
1002 406 1163 458 quem
1224 389 1533 444 sustulerat
1573 409 1639 444 cx
1704 393 1933 446 lsabctla

358 482 592 543 Pulona,
627 480 792 548 cujus
824 479 913 533 hic
952 479 1159 534 mentio
1208 480 1289 544 ﬁt,
1334 482 1559 535 nomine
1588 490 1772 537 tamen
1825 499 1934 536 non

357 588 650 644 expresso,
678 571 829 627 velut
882 571 1081 627 Turcis
1139 573 1353 641 ignoto.
1394 573 1676 629 Habuerat
1706 573 1937 629 Joannis

357 682 608 722 sororem
659 665 984 733 Barbaram,
1040 667 1094 720 ui
1146 667 1327 732 fallor,
1368 668 1550 736 primo
1584 669 1937 724 matrimonio

356 760 649 829 coniugem
699 759 1093 829 Sigismundus
1127 760 1326 829 major,
1354 762 1600 816 Poloniae
1653 777 1747 816 rex
1788 779 1939 831 :qna

360 863 606 917 mortua,
664 851 871 905 Bonam
937 853 1136 915 duxit,
1191 851 1425 908 Joannis
1487 854 1730 909 Galeacii
1782 854 1940 910 ducis

362 939 816 1007 Mediolanensis.
848 962 913 999 ex
960 945 1188 1000 lsabella
1225 948 1500 1013 Aragonia
1550 947 1937 1018 Neapolitana.

362 1036 553 1090 tiliam.
621 1035 795 1095 Bona,
822 1044 983 1104 partu
1035 1037 1215 1105 primo
1244 1036 1532 1092 lsabellam
1571 1038 1712 1093 hanc
1742 1039 1937 1104 edidit,

356 1126 590 1182 Joannis
619 1125 963 1196 Eapoliensis
984 1126 1304 1198 conjugem,
1337 1126 1567 1184 Joannis
1598 1129 1937 1201 Sigismumli

360 1228 616 1275 matrem.
652 1220 928 1275 Caeterum
958 1219 1106 1274 nulla
1129 1222 1187 1274 tit
1233 1221 1322 1275 hic
1353 1222 1409 1275 in
1450 1220 1700 1277 Turcicis
1729 1225 1940 1278 mentio

361 1306 701 1367 Ferdinandi
756 1313 1013 1379 Caesaris,
1051 1310 1306 1382 Ungariae
1336 1314 1724 1383 Boltemiaeque
1751 1317 1939 1386 regis;

359 1407 454 1475 qni
489 1414 672 1461 tamen
708 1406 811 1461 hoc
842 1407 1069 1469 bellum,
1100 1406 1337 1461 Perenio
1375 1414 1430 1461 et
1460 1406 1813 1477 Rogendorfo
1842 1411 1946 1464 du-

360 1500 539 1563 cibus,
562 1499 896 1567 gerebat.”
919 1498 1175 1569 equidem
1210 1499 1325 1554 ﬁeri
1366 1508 1655 1569 propterea
1689 1502 1938 1557 credide-

362 1593 659 1660 rim,-quod
684 1587 1098 1646 Ferdinandum
1123 1591 1492 1653 Soleiinanes,
1519 1594 1728 1647 hostem
1756 1609 1939 1658 suum,

361 1702 461 1754 pro
489 1685 648 1755 503
697 1684 951 1755 Ungariae
987 1700 1112 1750 rege
1158 1700 1268 1737 non
1302 1693 1648 1752 agnosceret.
1685 1684 1955 1739 Neta'nda'
1978 1674 2014 1726 θ

362 1794 492 1833 vero
522 1777 769 1832 lsabellzn
805 1778 1007 1840 oratio,
1059 1792 1217 1845 quam
1272 1777 1439 1830 Turci
1482 1778 1682 1844 reginae
1717 1778 1938 1832 nomine

362 1885 471 1923 non
492 1870 831 1939 dignantur,
864 1869 1003 1933 Icum
1052 1869 1261 1922 Budam
1299 1870 1570 1924 aﬂirmant
1616 1886 1724 1923 non
1781 1886 1935 1923 suam

359 1976 504 2023 esse,
532 1962 624 2016 sed
651 1961 855 2015 suitani
886 1960 1198 2015 Osmanidze
1221 1963 1525 2015 civitatem.
1556 1961 1731 2016 Nimis
1757 1962 1808 2014 in
1838 1962 1938 2014 hoc

361 2065 637 2107 veranrse
691 2063 873 2107 vatem
938 2063 1163 2121 experta
1216 2053 1377 2120 paulo
1409 2060 1532 2121 post
1582 2052 1687 2107 fuit
1732 2052 1934 2117 bellua,

360 2163 485 2202 cum
528 2146 892 2212 Snleimanes,
926 2148 1043 2215 ipsa
1077 2162 1202 2200 cum
1238 2147 1354 2200 lilio
1383 2162 1478 2213 per
1507 2160 1776 2201 summam
1814 2161 1939 2214 per-

362 2240 544 2294 ﬁdiam
582 2242 783 2309 ejecta,
827 2240 991 2294 Budm
1040 2242 1248 2310 pariter
1271 2247 1326 2294 et
1382 2238 1633 2307 Ungarize
1688 2238 1933 2306 reliquze,

359 2334 512 2389 velut
547 2337 600 2386 in
633 2333 978 2401 provinciam
1025 2333 1279 2397 redactae,
1336 2332 1721 2402 beglecbegum
1755 2331 1935 2399 preti-

359 2436 531 2484 ceret.
565 2426 748 2480 bonus
780 2425 871 2480 ille
903 2426 1111 2480 scilicet
1147 2434 1296 2478 tutor
1331 2442 1347 2480 :
1397 2434 1592 2490 matre,
1631 2432 1739 2476 tam
1793 2422 1937 2475 Tur-

359 2517 441 2570 cis
477 2516 722 2578 addicta,
749 2532 875 2571 cum
925 2517 1039 2571 filio
1074 2517 1303 2587 pupillo,
1353 2517 1407 2570 in
1450 2515 1935 2585 Transsylvaniam

360 2608 445 2662 vel
474 2607 749 2662 Erdclium
806 2610 1065 2679 relegata.
1119 2607 1446 2677 Hujusmodi
1500 2607 1761 2661 nimirum
1814 2623 1939 2662 esse

358 2702 583 2770 prmmia
616 2701 902 2756 societatis
923 2710 979 2756 et
1031 2702 1296 2757 amicitia:
1348 2702 1597 2755 barbara:
1629 2700 1826 2764 solent,
1879 2710 1938 2754 ut

362 2801 600 2860 tyranno
634 2806 734 2845 suo
790 2792 1095 2845 moriturus
1136 2792 1314 2845 aiebat
1344 2793 1563 2856 Aratus,
1617 2791 1844 2844 τοιαῦτα
1869 2793 1938 2845 τὰ

360 2884 614 2954 ἐπίχειρα
638 2883 737 2953 τῆς
763 2884 1102 2954 τυραννικῆς
1126 2887 1332 2952 φιλίας.
1715 2889 1739 2913 ‘

465 2997 592 3051 9.51.
638 2997 917 3065 Valpoum,
966 2996 1317 3067 Strigortium.
1361 2997 1573 3053 Granus
1613 3001 1829 3069 ﬂuvius.

426 3111 666 3181 Walpou
695 3111 890 3165 Turcis
923 3118 1006 3165 est
1052 3128 1146 3165 arx
1171 3149 1188 3174 ,
1244 3110 1480 3180 llngaris
1505 3112 1651 3165 dicta
1696 3111 1896 3182 Walpo
1921 3148 1953 3176 ,ν

360 3203 689 3273 Valponium
715 3201 898 3257 Jovio.
940 3200 1099 3257 Ultra
1146 3202 1370 3256 ﬂuvium
1424 3203 1654 3256 Dravam
1700 3204 1805 3256 sita
1832 3212 1933 3257 est.

358 3295 490 3350 Post
540 3295 767 3350 tertium
824 3295 1134 3349 obsidionis
1200 3309 1448 3348 mensem
1500 3308 1531 3346 a
1585 3293 1939 3363 praesidiariis

357 3384 543 3457 dedita
594 3385 721 3451 fuit,
770 3383 1030 3453 praefecto
1084 3385 1151 3438 ab
1206 3385 1399 3438 iisdem
1455 3394 1640 3453 capto,
1681 3392 1736 3437 et
1794 3384 1935 3437 hosti

360 3477 603 3545 prodito.
644 3477 990 3546 Strigonium
1027 3492 1175 3531 nunc
1218 3474 1459 3530 Granum
1517 3475 1674 3546 vulgo
1722 3475 1935 3535 dicunt.

360 3574 429 3627 ab
464 3586 627 3626 amne
653 3568 861 3636 Grano,
896 3570 1013 3639 qui,
1049 3569 1294 3625 deﬂuens
1327 3584 1357 3622 a
1385 3568 1697 3636 Carpatliiis
1736 3569 1937 3621 monti-

361 3663 486 3727 bus,
518 3661 609 3715 ubi
662 3670 939 3717 montanae
978 3675 1125 3715 nunc
1174 3659 1427 3715 civitates
1473 3659 1715 3713 celebres
1788 3669 1936 3726 sunt,

360 3754 425 3807 ad
490 3752 707 3808 radices
766 3753 916 3815 arcis
982 3751 1377 3820 Strigoniensis
1420 3751 1555 3805 sive
1613 3751 1936 3814 Grancnsis,

361 3848 612 3902 Danubio
652 3848 938 3902 miscetur.
995 3845 1150 3901 Unde
1201 3846 1409 3899 civitati
1452 3862 1672 3914 quoque
1729 3846 1938 3913 Strigu-

358 3940 511 3994 nium
545 3954 745 3994 nomen
795 3940 1031 3993 inditum
1061 3949 1301 4009 putatur,
1343 3939 1490 3991 velut
1532 3937 1935 4008 lstrigranium,

361 4034 431 4089 ab
462 4035 579 4087 lstri
628 4043 681 4087 et
715 4033 883 4088 Grani
925 4031 1351 4086 conﬂuentibus.
1398 4031 1534 4085 Alba
1586 4031 1782 4101 regalis
1830 4046 1935 4082 nun

358 4135 474 4183 tam
507 4141 535 4179 ε
568 4140 758 4195 regum
796 4122 1050 4192 Ungariae
1079 4123 1381 4193 sepulturis
1405 4121 1484 4176 sic
1509 4123 1778 4193 appellata
1812 4124 1937 4188 fuit,

360 4234 598 4289 quarum
659 4217 1039 4274 meminerunt
1097 4216 1361 4283 Annales,
1425 4231 1586 4285 quam
1654 4232 1685 4269 a
1748 4232 1935 4285 regum

360 4310 803 4384 inauguratione,
838 4326 960 4380 quae
988 4310 1095 4364 hoc
1126 4309 1243 4364 ﬁeri
1278 4311 1402 4364 loco
1454 4308 1652 4378 priscis
1679 4308 1937 4375 tempori-

2047 391 2234 445 vocari
2270 390 2521 455 Serban,
2557 391 2793 445 vicinam
2851 389 3084 454 Malim,
3136 401 3470 461 propterque
3514 393 3621 446 Ca-

2045 485 2228 554 spium
2253 499 2406 538 mare
2434 485 2617 538 sitam.
2643 484 2856 552 Quippe
2884 483 3034 551 regio
3072 482 3509 552 Georgianorum
3541 494 3628 541 est

2044 576 2302 635 Albania.
2333 576 2432 645 qui
2464 590 2747 644 nunquam
2781 574 2871 628 vel
2902 574 3010 644 ipsi
3037 574 3151 645 regi
3181 575 3505 639 Persarum,
3538 577 3623 630 vel

2048 668 2202 735 regio
2232 667 2387 721 fratri
2440 675 2744 737 paruerunt
2786 666 3095 720 hactenus:
3138 666 3233 719 sed
3297 665 3625 729 Christiani,

2034 760 2310 829 .ctliberi,
2348 774 2485 815 suos
2523 758 2806 827 principes
2842 756 3081 822 habent;
3137 755 3321 810 Persis
3358 744 3627 811 duntaxat

2045 851 2421 914 confmderatl,
2466 852 2609 905 sicut
2637 850 2949 919 expositum
2986 850 3164 919 capite
3204 850 3509 905 centesimo
3538 866 3629 906 oc-

2048 943 2313 1014 togesimo
2371 958 2540 998 nono.
2598 942 2898 996 Sirvanum
2940 955 3084 1007 vero,
3147 943 3268 997 sive
3318 941 3628 1005 Media,re-

2047 1038 2138 1106 gni
2166 1036 2375 1092 Persici
2406 1037 2715 1091 membrum
2765 1048 2888 1092 est:
2925 1038 3073 1104 quod
3129 1038 3377 1101 tametsi,
3416 1036 3628 1092 Musta-
3689 1031 3692 1034 ’

2047 1130 2185 1194 plias
2216 1130 2381 1198 .bassa
2421 1130 2572 1184 vezir
2621 1130 2854 1199 imperio
2892 1129 3128 1199 subjecit
3178 1131 3627 1195 tlsmanidarum,

2046 1237 2195 1278 anno
2224 1222 2546 1278 Christiano
2582 1223 2881 1278 millesimo
2935 1224 3378 1293 quingentesimo
3405 1233 3625 1292 septua-

2047 1314 2257 1384 gesimo
2289 1324 2505 1378 octavo,
2528 1324 2581 1369 ct
2605 1316 3026 1384 beglerloegatus
3054 1318 3107 1371 in
3134 1318 3373 1370 {urinam
3398 1316 3626 1383 redegit:

2050 1421 2173 1459 mox
2208 1415 2390 1461 tamen
2414 1408 2600 1464 Persis
2652 1419 2958 1480 receptum,
2996 1411 3065 1465 ab
3108 1410 3300 1463 iisdem
3351 1409 3627 1478 hodieque

2048 1500 2342 1555 retinetur.

2268 1637 2396 1692 255.
2422 1636 2595 1705 Uvan,
2632 1637 2889 1702 Uvastan,
2923 1635 3153 1693 Ibanum
3174 1637 3413 1693 Cedrini.

2114 1755 2259 1812 Urbs
2292 1756 2408 1810 haec
2449 1771 2573 1810 cum
2620 1751 2744 1809 arce
2775 1756 2856 1809 sic
2887 1754 2952 1808 ad
2984 1754 3191 1808 Persici
3240 1756 3389 1823 regni
3421 1754 3625 1807 limites

2042 1847 2300 1916 pertinet,
2341 1855 2398 1899 ut
2430 1847 2596 1901 etiam
2649 1846 2841 1917 majori
2899 1846 3130 1899 ﬁnitima
3199 1846 3271 1899 sit
3328 1845 3622 1899 Armeniae.

2044 1941 2309 1997 Cedrinus
2336 1940 2390 1994 in
2415 1941 2608 1995 eodem
2628 1939 2991 1994 Monomacbo
3014 1939 3262 2009 Augusto
3290 1947 3450 1993 vocat
3482 1938 3627 1990 Ἰδάν

2015 2033 2199 2086 ’πόλιν
2231 2033 2326 2086 τοῦ
2363 2031 2756 2103 Βαασπρακάν.
2801 2031 2861 2085 Id
2918 2029 3115 2086 Latine
3165 2032 3398 2087 reddens
3440 2032 3625 2085 inter-

2042 2140 2190 2193 pres,
2229 2123 2450 2178 lbanum
2478 2134 2533 2179 et
2576 2124 2924 2195 Baaspracan
2946 2125 3191 2193 scripsit.
3212 2122 3324 2193 Ego
3360 2124 3628 2193 simplici-

2043 2226 2126 2269 ter
2174 2216 2570 2285 exprimerem,
2629 2223 2688 2268 ut
2756 2225 2907 2269 tanto
2976 2216 3177 2270 melius
3247 2215 3623 2285 intelligerer:

2043 2306 2212 2372 lwan,
2238 2317 2332 2360 aut
2366 2306 2518 2370 lvan,
2557 2308 2691 2362 urbs
2734 2307 2977 2377 regionis
3007 2306 3380 2375 Vaaspraran.
3413 2304 3623 2374 thuj;

2041 2399 2221 2468 capite
2252 2398 2590 2469 praecedenti
2623 2398 3000 2470 Vaaspacan,
3025 2414 3093 2454 ex
3117 2399 3366 2470 ejusdem
3403 2399 3625 2453 Ccdrini

2041 2492 2390 2557 auctoritate,
2437 2491 2671 2546 Mediam
2738 2508 2861 2546 esse
2923 2492 3260 2555 docuimus,
3326 2492 3627 2560 intelligere

2035 2584 2147 2653 jam
2177 2584 2325 2646 licet.
2364 2583 2601 2639 Wanum
2643 2585 2710 2638 ad
2741 2586 2985 2640 eamdem
3039 2585 3266 2640 Mediam
3303 2586 3493 2640 referri
3527 2588 3622 2642 du-
3718 2656 3721 2665 Α

2041 2676 2204 2743 bere,
2245 2677 2327 2731 vel
2359 2678 2489 2732 easi
2523 2693 2632 2731 non
2683 2679 3053 2742 contineatur,
3088 2679 3287 2734 saltem
3335 2679 3623 2733 ﬁnitimam

2026 2767 2235 2839 .videri.
2273 2769 2600 2824 Wastanum
2634 2770 2916 2839 signiﬁcat
2969 2771 3253 2841 regionem
3303 2771 3450 2825 circa
3492 2768 3623 2823 Wa-

2041 2875 2172 2912 num
2205 2861 2387 2921 sitam,
2436 2876 2533 2914 seu
2585 2861 2748 2916 Wani
2803 2862 3195 2917 territorium:
3241 2862 3517 2932 siquidem
3549 2863 3625 2917 ls-

2043 2961 2157 3017 tan,
2190 2950 2306 3007 sive
2350 2952 2506 3019 Stan,
2557 2953 2755 3008 Turcis
2805 2970 3034 3025 regnum
3075 2956 3161 3009 vel
3216 2955 3495 3027 regionem
3546 2959 3626 3011 si-

1969 3028 2009 3083 c
2044 3043 2288 3112 gniﬁcat.

2040 3174 2167 3229 254.
2226 3174 2434 3229 Notitia
2475 3177 2929 3245 brglerbegatuam
2970 3180 3129 3231 totius
3175 3176 3594 3233 Osmanidarum

2369 3248 2598 3314 imperii,
2639 3264 2767 3314 quos
2803 3247 2956 3302 hodie
3001 3248 3299 3317 possident.

2112 3364 2250 3431 Quia
2290 3365 2523 3419 Persicis
2555 3366 2607 3417 in
2654 3365 2861 3419 ﬁnibus
2914 3375 3197 3421 extremus
3251 3367 3340 3421 hic
3381 3385 3411 3423 a
3448 3372 3623 3425 Solei-

2043 3472 2202 3510 mane
2248 3454 2410 3510 Wani
2454 3455 2871 3525 beglrrbegatus
2920 3456 2970 3511 id
3012 3458 3280 3527 temporis
3334 3458 3623 3515 institutus

2044 3550 2170 3616 fuit,
2198 3548 2332 3604 libet
2376 3551 2477 3602 hoc
2513 3549 2634 3603 loco
2684 3551 2979 3618 quamdam
3014 3552 3168 3618 quasi
3230 3552 3479 3606 notitiam
3534 3570 3621 3607 rc-

2042 3646 2132 3710 gni
2172 3642 2451 3697 Osmanici
2500 3642 2797 3697 lectoribus
2844 3643 3130 3708 exhibere,
3182 3644 3474 3714 descriptis
3533 3662 3623 3699 or-

2043 3737 2169 3790 dine
2207 3735 2508 3804 provinciis
2553 3732 2672 3804 ejus
2704 3736 2819 3790 sive
2853 3736 3350 3806 beglerbegatibus,
3403 3754 3543 3808 quos
3568 3740 3619 3792 in

2041 3826 2193 3890 Asia,
2225 3823 2412 3880 Africa
2476 3837 2532 3880 et
2579 3825 2795 3895 Europa
2827 3844 2973 3882 nunc
3017 3827 3257 3883 Murates
3282 3828 3371 3882 bic
3401 3833 3618 3889 tertius.

2043 3918 2189 3971 unici
2230 3918 2590 3974 Muchemetis
2620 3919 2931 3974 Osmanida:
2988 3931 3145 3990 pater
3167 3961 3182 3986 ,
3244 3923 3531 3993 possidet:
3564 3938 3621 3978 ut

2043 4012 2117 4064 ita
2154 4012 2393 4079 denique
2426 4012 2738 4067 Pandecten
2776 4012 3026 4068 historiae
3074 4015 3328 4071 Turcicze
3369 4027 3617 4072 nostrum

2041 4104 2403 4169 claudamus,
2446 4105 2618 4159 visuri
2665 4106 2925 4175 deinceps
3002 4108 3166 4162 latius
3215 4125 3282 4165 nc
3345 4112 3616 4183 permisSu

2049 4196 2302 4251 Numinis
2330 4197 2464 4251 lines
2512 4213 2641 4252 suos
2677 4201 3029 4270 propagaturi
3074 4202 3206 4260 sint.
3249 4218 3317 4256 an
3372 4205 3622 4259 vastissi-

2043 4304 2186 4342 mam
2221 4289 2366 4342 illam
2390 4289 2584 4344 molem
2612 4291 2853 4360 imperii,
2884 4294 3098 4346 cunctis
3139 4293 3406 4350 hactenus
3435 4294 3623 4348 l‘ormi-

357 4406 467 4462 bus
492 4374 745 4460 solebat.
794 4402 925 4458 Istic
973 4400 1144 4456 etiam
1198 4416 1291 4455 rex
1335 4398 1756 4464 Ferdinandus,
1809 4414 1932 4451 cum

2044 4380 2272 4435 dabilem
2320 4382 2556 4449 populis,
2598 4381 2897 4435 secundum
2962 4382 3323 4452 ipsormnmet
3365 4385 3612 4449 oracula,

355 4499 519 4552 Anna
547 4496 806 4566 conjuge,
847 4493 1116 4549 Vladislai
1169 4491 1315 4563 regis
1365 4492 1500 4558 lilia,
1556 4491 1819 4546 Ludovici
1851 4507 1937 4545 so-

356 4606 505 4655 rore,
529 4589 748 4646 decimo
774 4595 974 4657 quarto
996 4586 1087 4641 die
1111 4584 1430 4651 Februarii,
1464 4600 1611 4639 anno
1644 4585 1936 4640 millesimo

355 4684 805 4753 quingentesimo
850 4681 1124 4736 vicesimo
1162 4682 1419 4751 septimo,
1462 4681 1710 4734 adhibita
1758 4681 1933 4735 Sancti

356 4775 623 4845 Stephani
656 4790 783 4827 vera
813 4787 1043 4838 corona,
1090 4772 1193 4827 luit
1230 4773 1619 4839 inauguratus.

456 4890 583 4944 259..
623 4889 938 4951 Schiruvan,
970 4886 1189 4952 Sirvan,
1213 4886 1435 4953 εει-ὀίω,
1474 4903 1622 4940 error
1660 4886 1823 4941 Iovii.

424 5005 479 5059 Si
511 5008 685 5059 lector
716 5003 785 5056 ab
812 5003 939 5056 aliis
966 5004 1035 5055 de
1066 5002 1172 5055 hoe
1214 5002 1368 5055 bello
1402 5001 1686 5055 memoria:
1717 5002 1930 5069 prodita

351 5097 514 5165 leget.
548 5111 822 5165 nusquam
852 5097 923 5147 ita
960 5095 1301 5162 descriptum
1344 5093 1615 5147 inveniet.
1658 5091 1726 5147 Ut
1756 5094 1933 5149 Tech-

352 5204 497 5251 mas,
526 5187 891 5257 Spandugino
919 5184 1144 5248 Tamas,
1179 5184 1489 5239 Sansovino
1515 5186 1709 5239 Tolcas
1742 5188 1942 5254 etiam;

350 5281 433 5335 sic
488 5278 656 5332 Ercas
717 5280 893 5332 eidem
949 5275 1314 5346 Spandugino
1370 5276 1699 5330 nominatur
1737 5277 1930 5344 Algas.

352 5370 583 5423 miriﬁce
613 5368 825 5422 vitiatis
872 5365 1359 5437 appellationibus.
1397 5364 1569 5434 Regio
1605 5364 1929 5421 Scliiruvam
1967 5380 1973 5387 '

349 5472 446 5517 aut
482 5462 706 5524 Sirvan,
735 5460 883 5515 haud
914 5459 1077 5514 dubie
1112 5475 1261 5514 nunc
1285 5468 1374 5515 est
1410 5461 1523 5521 illa,
1561 5474 1727 5529 quam
1764 5462 1929 5530 prisci

347 5556 538 5610 dixere
568 5554 824 5619 Mediam,
876 5553 1215 5623 posteriores
1246 5553 1412 5607 etiam
1452 5551 1801 5621 Vaaspracan
1826 5593 1841 5617 ,
1874 5562 1929 5605 ut

350 5647 493 5718 apud
525 5648 817 5702 Cedrinum
871 5646 925 5701 in
957 5644 1325 5701 Constantino
1385 5646 1745 5699 Monomaclio
1800 5646 1928 5715 lrgi~

2042 4473 2259 4527 tandem
2292 4473 2588 4541 aliquando
2621 4472 2763 4528 Deus
2788 4471 3051 4544 Optimus
3082 4474 3353 4531 Maximus
3386 4492 3500 4531 suae
3526 4480 3619 4532 de-

2020 4565 2311 4619 -‘clarantl’e
2348 4566 2656 4634 majestatis
2696 4582 2759 4621 ac
2786 4567 2978 4636 gloriae
3007 4583 3174 4621 causa
3196 4568 3269 4622 sit
3297 4583 3615 4637 eversurus,

2042 4657 2125 4710 vel
2150 4657 2205 4709 in
2231 4658 2503 4723 ordinem,
2533 4660 2741 4728 subque
2777 4659 2970 4730 jugum
3028 4660 3126 4714 ﬁlii
3181 4662 3265 4715 sui
3329 4664 3411 4718 sic
3460 4664 3615 4717 reda-

2039 4761 2266 4813 cturus,
2314 4758 2374 4802 ut
2398 4750 2532 4818 (ὶοεὶ
2574 4750 2896 4820 Magogique
2942 4752 3044 4807 sub
3067 4753 3206 4808 caelo
3254 4754 3461 4810 nullum
3505 4774 3616 4808 um-

2041 4842 2181 4908 plius
2214 4855 2412 4895 nomen
2452 4851 2650 4897 exstet.
2696 4845 2755 4896 id
2786 4844 2932 4898 enim
2991 4831 3285 4915 postremis
3335 4862 3394 4902 se
3437 4847 3613 4899 ructu-

2040 4948 2158 4985 rum
2198 4932 2412 4997 diebus,
2465 4950 2561 5003 per
2606 4949 2737 4990 suos
2792 4936 3116 4991 indubitatae
3153 4938 3275 4991 lidei
3331 4951 3481 4992 vates
3517 4955 3617 4992 no-

2040 5026 2125 5078 bis
2199 5026 2566 5081 denuntiavit.
2643 5029 2940 5083 Ordiamur
3020 5039 3203 5083 autem
3276 5030 3347 5084 ab
3404 5031 3613 5084 oriente

2038 5118 2177 5171 sole.

2398 5255 2525 5310 “255.
2591 5256 2729 5312 Asia:
2768 5255 3197 5326 Beglerbegatus.

2107 5368 2148 5424 1η.
2184 5368 2403 5424 Anatoli
2442 5371 2751 5441 beglerbeg.
2791 5369 2923 5439 Ejus
2953 5369 3111 5425 sedes
3144 5379 3230 5424 est
3282 5371 3334 5423 in
3379 5370 3606 5425 civitate

2036 5461 2266 5531 Cutaige
2296 5461 2546 5531 Phrygia:
2594 5462 2859 5529 majoris,
2925 5478 3089 5531 quam
3143 5462 3269 5514 olim
3320 5462 3606 5531 Cotyaiutn

2034 5549 2206 5605 (ἔτκεί
2270 5554 2664 5613 nominabant,
2716 5553 2862 5607 sicut
2914 5554 3229 5621 expositum
3281 5552 3457 5622 capite
3513 5552 3621 5610 ω.

2038 5646 2335 5717 Saugiacos
2372 5646 2534 5701 habet
2557 5647 2659 5701 sub
2692 5664 2749 5703 se
2781 5646 3103 5703 duodecim.
