4022 6196
370 230 478 294 919

1565 233 1895 295 JOANNIS
1937 234 2406 297 LEUNCLAVII

3507 226 3617 291 920

443 345 507 401 II.
549 346 821 401 (Zaraman
852 347 1166 417 beglerbeg.
1203 346 1541 401 Domicilium
1579 347 1740 418 505
1789 348 1951 401 habet
1983 354 2023 405 A
2053 349 2364 418 glerbvgum
2396 348 2680 404 constituit
2715 351 3005 402 Osmanem
3040 349 3256 401 hassam
3303 346 3615 403 famosum:

372 438 439 492 ad
467 436 770 492 Caisariam
802 440 1028 504 Ciliciae,
1051 440 1119 493 de
1140 455 1246 508 qua
1292 455 1393 493 suo
1428 440 1636 495 dictum
1666 442 1803 495 loco.
1851 441 1945 494 Se-

377 539 527 597 ptem
572 531 675 585 sub
704 531 804 585 hoc
835 531 1179 598 saugiaeatus
1228 542 1376 586 sunt.

442 619 531 675 III.
575 620 734 674 Sivas
759 621 1072 690 beglerbeg,
1100 622 1164 674 ad
1197 620 1526 684 Sebastiani,
1567 622 1634 676 de
1671 637 1779 692 qua
1812 637 1946 675 conc

373 712 490 765 sulc
529 721 693 779 caput
727 714 984 781 quintum
1026 714 1313 767 Pandectis
1347 715 1533 784 hujus.

438 801 527 857 IV.
569 802 813 857 Toeatun
857 805 1165 875 beglerbeg.
1210 804 1432 861 Desidet
1465 806 1532 859 ad
1561 806 1752 859 urbem
1781 808 1977 863 Ama-.

369 896 534 949 siam.
564 893 678 948 Sub
713 913 779 950 co
822 906 952 951 sunt
980 898 1225 967 quinque
1257 900 1628 967 saugiacatus.

438 986 502 1040 V.
546 987 805 1057 Dulgudir
836 990 1145 1059 hcglerbeg.
1187 990 1265 1045 De
1314 992 1415 1044 hac
1464 991 1761 1060 .provincia
1817 1004 1946 1044 con-

370 1077 673 1146 sulecaput
715 1080 814 1133 163
854 1080 1142 1134 Pandectis
1185 1083 1369 1150 hujus.
1424 1080 1672 1147 Quatuor
1723 1083 1826 1136 sub
1884 1098 1944 1137 se

370 1171 722 1235 sungiacatus
760 1171 947 1225 habet.

440 1259 529 1313 Vl.
570 1260 737 1331 Halcp
764 1263 1093 1332 beglerbeg,
1111 1266 1176 1319 ad
1207 1265 1465 1336 Ilalepum
1491 1268 1605 1322 sive
1627 1268 1942 1324 Berrhmam

370 1350 563 1418 Syrim,
601 1352 667 1406 de
695 1369 799 1420 qua
830 1355 1005 1422 capite
1033 1357 1090 1410 6.

453 1443 563 1499 VII.
604 1444 801 1498 Scham
829 1447 1139 1516 heglcrbcg,
1169 1447 1233 1501 ad
1273 1448 1594 1504 Damascum
1622 1452 1814 1523 Syriae.

440 1533 579 1588 \‘ltl.
623 1533 920 1602 Tarapolos
955 1539 1035 1591 vel
1066 1538 1329 1610 Trapolos
1359 1541 1668 1613 beglerheg,
1726 1545 1789 1598 ad
1820 1545 1943 1601 Tri-

367 1625 536 1693 polim
580 1626 771 1696 Syrite.

2049 440 2143 494 sed
2178 457 2205 494 a
2239 441 2421 496 Persis
2453 456 2561 495 non
2600 442 2768 495 multo
2819 451 2941 509 post
2998 441 3206 509 ejectus
3250 438 3376 495 fuit.
3432 441 3622 495 Nihilo

2050 540 2232 587 tamen
2266 536 2449 587 minus
2486 533 2573 587 hic
2604 532 3026 603 beglerbcgatus
3074 530 3498 586 Osmauidarum
3538 533 3623 584 in—

2051 625 2290 693 scriptus
2330 634 2413 678 est
2451 624 2611 689 libro,
2641 625 2763 693 qui,
2805 625 2909 678 nisi
2964 624 3307 703 restituatur.
3340 640 3622 692 nunquam

2049 731 2107 770 se
2138 731 2321 785 pacem
2356 716 2600 769 facturos
2623 732 2748 770 eum
2776 715 2960 770 Persis
3012 716 3363 785 prolitentur.

2121 808 2312 863 XXIII.
2355 808 2663 878 Temircapi
2701 808 3011 878 beglerbcg.
3040 807 3220 863 Locus
3242 818 3326 861 est
3373 808 3439 860 ad
3469 821 3626 859 mare

2047 899 2330 967 Caspium,
2390 900 2549 953 Porta
2612 899 2784 953 ferrea
2815 900 3017 965 dictus,
3081 908 3135 952 ct
3175 898 3315 968 Capi
3370 897 3624 955 derbent.

2049 1001 2203 1060 porta
2235 992 2471 1045 faucium
2504 995 2587 1046 vel
2615 994 3014 1059 angustiarum.
3040 992 3197 1060 Cepit
3231 994 3377 1045 hunc
3410 990 3623 1044 Osman

2050 1085 2212 1139 bassa
2246 1087 2435 1141 eodem
2480 1102 2622 1140 anno
2656 1086 2948 1141 millesimo
2996 1084 3443 1155 quingentesimo
3495 1099 3625 1151 sep-

2051 1180 2354 1246 tuagcsimo
2414 1188 2627 1241 octavo,
2686 1185 2740 1232 et
2783 1178 2836 1231 in
2887 1177 3118 1231 lormam
3176 1176 3624 1245 beglerhegatns,

2048 1276 2241 1319 necato
2271 1266 2583 1322 Schemhali
2613 1267 2824 1333 Chane,
2854 1282 3048 1322 socero
3082 1281 3206 1331 suo,
3245 1267 3477 1337 redegit.

2120 1358 2310 1413 XXIV.
2352 1360 2488 1414 Cars
2541 1360 2849 1430 beglcrbeg.
2907 1358 3180 1414 Ccdrinus
3231 1358 3402 1414 Carse
3437 1360 3625 1413 nomi-

2048 1462 2164 1517 nat,
2205 1460 2258 1503 et
2295 1453 2348 1504 in
2385 1452 2760 1505 I’ersarmcnia
2807 1452 3061 1516 collocat,
3097 1466 3218 1519 qua:
3253 1464 3401 1504 nunc
3424 1451 3629 1504 Arme-

2049 1540 2139 1593 nia
2192 1541 2366 1609 major
2418 1551 2520 1596 est.
2577 1542 2752 1595 Distat
2803 1542 2939 1595 Cars
2967 1541 3035 1595 ab
3086 1542 3349 1595 Arzerum
3381 1548 3628 1606 quatuor

2052 1634 2261 1687 dierum
2321 1632 2533 1687 itinere.
2596 1632 3016 1701 Bcglerbegatus
3078 1632 3222 1701 cepit
3269 1644 3412 1684 anno
3460 1630 3634 1684 Chri-

440 1715 533 1770 IX.
579 1717 758 1771 Maras
783 1719 1092 1792 beglerbeg,
1129 1722 1194 1775 ad
1229 1722 1553 1790 Illarassum,
1579 1735 1805 1799 preptcr
1832 1729 1939 1782 Eu-
1976 1715 2015 1742 ⁰
2046 1723 2226 1777 stiano
2250 1722 2541 1776 millesimo
2567 1723 3013 1791 quingentesimo
3030 1721 3432 1791 septuagesimo
3449 1736 3628 1786 nono,

368 1808 618 1873 plu-atem
657 1811 848 1875 situm,
878 1812 1021 1866 inter
1054 1812 1314 1883 Halepum
1353 1824 1407 1869 et
1461 1817 1935 1887 Illesopmamiam.

434 1897 501 1951 X.
547 1898 835 1955 Diarbekir
867 1903 1181 1974 beglerbeg,
1211 1907 1263 1959 in
1297 1905 1709 1979 Mesnpmamia,
1746 1912 1810 1963 ad
1844 1927 1937 1965 ur-

364 1989 483 2042 bem
518 1993 802 2059 Amidam,
841 2010 1004 2064 quam
1038 1996 1203 2052 Turci
1251 2015 1399 2054 nunc
1451 2001 1779 2057 Carahcmid
1838 2021 1936 2059 uo-

277 2126 282 2131 .
366 2084 598 2137 miuant.
636 2084 891 2156 Sangiaci
931 2099 1124 2156 parent
1164 2090 1291 2143 huic
1321 2091 1632 2148 duodecim.

436 2172 525 2228 XI.
568 2174 1101 2250 Bagdatbeglerbeg.
1150 2182 1215 2234 ad
1248 2183 1526 2251 Bagdatitu
1578 2184 1691 2240 sive
1742 2200 1967 2261 novam,

363 2263 719 2333 Babylonem,
753 2268 820 2322 de
864 2284 970 2338 qua
1011 2272 1186 2339 capite
1209 2272 1262 2326 4.

441 2355 558 2412 XII.
602 2358 823 2415 Balsara
880 2362 1189 2436 beglerbcg,
1249 2368 1315 2421 ad
1375 2367 1551 2424 sinum
1608 2371 1934 2440 Persicum,

372 2462 477 2501 non
506 2454 698 2518 procul
732 2468 759 2505 a
797 2455 1001 2525 Bagdat
1033 2458 1148 2513 sive
1178 2459 1473 2531 Babylone.

436 2540 579 2596 Xlll.
641 2543 785 2598 ιω
853 2548 1165 2621 beglerbeg.
1226 2554 1932 2624 Antiquitus!CaramanIa

369 2632 543 2687 tendit
579 2635 643 2687 ad
678 2635 883 2693 limites
912 2638 1141 2703 Drmuz,
1188 2653 1239 2697 et
1266 2643 1447 2700 Persis
1490 2657 1573 2701 est
1605 2648 1862 2705 ﬁnitima.

432 2722 573 2777 XIV.
616 2725 843 2800 Gemen,
876 2729 1024 2784 Adeu
1052 2733 1360 2803 bcglerheg,
1404 2738 1457 2790 in
1496 2739 1693 2793 Arabia
1729 2740 1931 2809 Felici,

362 2817 429 2868 ad
455 2816 612 2871 littus
647 2817 1025 2889 IlubriJuaris.
1050 2820 1187 2877 Vide
1218 2836 1381 2894 caput
1405 2826 1529 2880 ΞΗ.
1567 2828 1785 2885 Diversa
1817 2833 1934 2889 loca

367 2917 519 2969 sunt,
560 2923 671 2961 uno
702 2918 878 2963 tamen
912 2910 1295 2983 beglerbegatu
1341 2920 1756 2989 comprehensa.

432 2997 550 3053 XV.
574 3000 1086 3102 -Chebetz,—llustio
1111 3007 1279 3064 Zehet
1314 3011 1628 3084 heglerbeg,
1658 3025 1715 3070 ut
1743 3017 1930 3073 eodem
1958 3041 2002 3102 ρ

360 3093 537 3160 rapite
559 3092 788 3152 dictum.
824 3096 1005 3154 Locus
1036 3104 1173 3157 situs
1204 3102 1257 3156 in
1282 3105 1465 3160 littore
1496 3108 1649 3161 sinus
1683 3110 1930 3178 Arabici,

360 3190 626 3247 linitimus
650 3200 733 3247 est
779 3193 1012 3265 imperio
1077 3198 1221 3268 regis
1265 3199 1583 3271 {Ethiopqu
1627 3204 1933 3276 Prmtejani.

430 3278 569 3333 XVI.
614 3279 795 3335 Missir
850 3283 1160 3357 beglcrbeg.
1216 3288 1379 3344 Cairo
1438 3302 1656 3359 praeest,
1718 3303 1772 3349 et
1833 3300 1932 3352 toti

356 3371 616 3442 Egypto.
665 3373 918 3445 Sangiaci
952 3380 1054 3432 sub
1085 3393 1151 3433 eo
1207 3382 1501 3437 sexdecim.

432 3465 597 3519 XVII.
637 3466 800 3535 Cypri
840 3467 1153 3540 beglerbeg.
1198 3470 1433 3529 Nicosia:
1459 3476 1541 3532 vel
1590 3475 1935 3550 Famagustae

358 3559 530 3629 (It‘gil.

428 3651 618 3711 XVIII.
666 3653 1035 3712 Scbcherezttl
1070 3656 1379 3729 beglerbeg,
1409 3659 1464 3715 in
1486 3660 1729 3733 Assyria,
1753 3662 1934 3723 Persis

357 3743 651 3801 linitimus.

428 3833 573 3890 XIX.
615 3836 757 3895 Wan
804 3839 1114 3910 hrglerbeg,
1168 3842 1392 3912 respicit
1437 3843 1729 3902 Persarum
1771 3847 1931 3915 ﬁnes,

353 3941 546 3982 versus
571 3928 863 3987 Sirvanum
888 3932 1003 3987 sive
1034 3932 1288 3999 Mediam,
1331 3944 1386 3989 et
1407 3938 1724 3993 Armeniam
1758 3941 1933 4010 maio-

359 4034 498 4081 rem,
528 4034 626 4075 ceu
652 4020 858 4077 dictum
895 4023 1071 4094 capite
1106 4029 1459 4095 praecedenti.
1768 4086 1771 4087 ν

430 4111 551 4167 XX.
592 4114 858 4169 Arzerum
893 4118 977 4171 vel
1004 4117 1209 4172 Erzum
1238 4120 1551 4192 beglerheg.
1582 4124 1636 4178 in
1673 4126 1931 4182 Armenia

353 4202 573 4271 nnaiori,
614 4205 682 4258 ad
726 4206 929 4261 limites
967 4205 1182 4262 Sirvani
1226 4211 1343 4265 sive
1388 4212 1602 4276 Mediae,
1658 4222 1712 4268 et
1759 4215 1929 4271 Geor-

351 4298 667 4363 gianorum.
701 4296 874 4354 Distat
906 4314 936 4353 a
964 4298 1279 4359 Tarbosane
1302 4302 1418 4359 sive
1447 4302 1805 4374 Trapezunte,
1830 4322 1925 4362 sex

353 4387 567 4441 dierum
602 4390 819 4445 itinere.

420 4477 560 4533 XXI.
603 4479 817 4549 Tiphlis
879 4480 1194 4554 beglerheg,
1260 4485 1533 4542 linitimus
1597 4486 1924 4560 Gcergiauis

349 4573 465 4628 sive
489 4571 807 4641 Curgginis,
845 4584 902 4628 ut
925 4590 1072 4628 nunc
1102 4576 1429 4645 appellatur.
1481 4578 1774 4637 Institutus
1822 4583 1923 4637 fuit

348 4679 377 4714 a
411 4662 693 4732 Mustapha
728 4663 887 4719 bassa
924 4665 1147 4719 serdare
1197 4681 1340 4720 anno
1379 4667 1698 4728 Christiano
1751 4675 1925 4729 mille-

349 4754 491 4807 simo
520 4754 960 4823 quingentesimo
1014 4759 1422 4827 septuagesimo
1464 4770 1924 4833 octavo,_mense

349 4845 677 4913 Septembri.
704 4843 881 4900 Locus
906 4846 1067 4900 etiam
1110 4850 1307 4917 priscis
1329 4861 1513 4917 notus,
1554 4856 1695 4923 apud
1727 4856 1919 4912 Cedri-

348 4952 475 4999 uum
515 4935 787 5002 reperitur
818 4936 869 4989 in
898 4935 1267 4993 Constantino
1316 4941 1696 5009 Monomaebo,
1740 4948 1920 5001 verbis

348 5025 664 5095 huiusmodi
697 5041 710 5079 :
747 5024 911 5085 Asam
944 5025 1015 5095 (is
1073 5039 1191 5083 erat
1228 5046 1257 5085 e
1307 5030 1705 5105 Tangrolipicis
1752 5038 1922 5094 fratre

347 5116 527 5188 natus)
568 5133 598 5172 a
627 5118 845 5171 sultano
895 5116 1280 5191 Tangrolipice
1331 5125 1531 5181 missus
1561 5138 1752 5182 contra
1814 5130 1919 5185 lto-

347 5220 560 5272 manos,
598 5192 722 5260 citm
758 5205 1083 5263 Taurezium
1106 5251 1121 5277 ,
1152 5220 1208 5265 ct
1263 5212 1523 5282 oppidum
1577 5220 1915 5275 nominatum

345 5292 590 5365 Tephlis.
617 5299 983 5366 praeterisset:
1017 5300 1474 5372 Vaaspracaniam
1505 5308 1782 5381 ingressus
1812 5324 1915 5381 est,

348 5390 400 5443 id
428 5399 511 5443 est
547 5388 797 5445 Mediam.

417 5479 581 5536 XXII.
639 5483 829 5541 Sirvan
897 5491 1207 5563 beglerbeg.
1279 5492 1392 5548 Hoc
1447 5496 1666 5550 nomine
1743 5495 1914 5550 Media

346 5586 493 5629 nunc
530 5578 855 5647 appellatur,
888 5597 916 5635 a
951 5586 1237 5652 metropoli
1267 5585 1488 5650 Sirvan,
1518 5603 1683 5654 quam
1720 5588 1910 5641 eodem

347 5680 492 5729 anno
519 5665 832 5740 Mustaphas
862 5674 1007 5731 idem
1062 5678 1228 5744 cepit,
1258 5690 1311 5732 et
1366 5679 1602 5745 primum
1641 5678 1765 5735 istic
1818 5680 1910 5736 bc-

2046 1822 2267 1869 auctore
2298 1814 2580 1881 Mustapha
2621 1814 2801 1869 bassa.

2116 1903 2283 1957 XXV.
2328 1903 2600 1958 Tschildir
2634 1914 2729 1957 aut
2759 1901 2967 1956 Tzildir
3006 1900 3318 1971 beglerbeg,
3368 1899 3435 1954 ad
3478 1898 3629 1953 ﬁnes

2045 1994 2497 2061 Georgianurum,
2537 1994 2604 2048 ab
2634 1995 2823 2048 eodem
2859 1994 3145 2063 Mustapha
3186 1992 3347 2047 bassa
3393 1991 3627 2045 institu-

2046 2095 2152 2147 tus,
2187 2101 2331 2140 anno
2378 2085 2669 2141 millesimo
2710 2085 3156 2155 quingentesimo
3207 2084 3625 2155 septuagesimo

2045 2192 2211 2231 nono.
2243 2176 2468 2231 Porsius
2500 2175 2849 2247 Tschaldung
2873 2191 3155 2246 perperam
3195 2175 3434 2244 scripsit.

2114 2268 2305 2325 XXVI.
2348 2268 2514 2323 Fassa
2574 2270 2887 2340 beglerbcg,
2943 2269 2995 2322 in
3032 2267 3345 2337 Mengrelia.
3378 2264 3625 2321 Munitio

2044 2372 2253 2415 structa
2307 2378 2402 2431 per
2459 2362 2729 2418 Uluzalim
2782 2363 2994 2432 capitan
3045 2363 3261 2417 bassam
3315 2362 3419 2417 fuit
3463 2377 3625 2417 anno

2043 2454 2336 2509 millesimo
2384 2456 2827 2525 quingentesimo
2883 2455 3291 2525 septuagesimo
3323 2469 3506 2521 nono,
3559 2462 3624 2508 et

2044 2546 2240 2600 ibidem
2281 2548 2569 2603 institutus
2634 2548 3070 2617 beglerbegatus.
3119 2547 3223 2602 Sed
3276 2546 3440 2616 paulo
3486 2557 3627 2614 post.

2043 2638 2345 2692 discessum
2410 2639 2528 2707 ejus
2574 2648 2785 2707 captant
2823 2639 3063 2692 vicissim
3094 2634 3383 2705 Georgiani
3428 2635 3627 2689 dirue-

2043 2736 2199 2784 runt.
2247 2728 2500 2784 Civitatis
2543 2731 2827 2785 Phasiana:
2868 2730 3196 2785 mentionem
3231 2728 3362 2782 facit
3411 2726 3626 2781 Leonis

2041 2820 2271 2891 Augusri
2302 2823 2511 2876 novella
2549 2823 2612 2876 de
2642 2822 2901 2885 Thronis,
2936 2830 2989 2876 et
3030 2822 3343 2891 episcopum
3375 2819 3494 2886 eius
3527 2833 3625 2872 re-

2043 2910 2148 2967 fert
2174 2914 2274 2965 sub
2307 2914 2646 2980 metropolim
2676 2911 3057 2982 Trapezuntis.
3099 2910 3224 2966 IIzec
3252 2911 3443 2965 eadem
3474 2924 3609 2965 cum

2042 3004 2306 3059 hodierna
2340 3005 2552 3060 scilicet
2575 3004 2787 3060 Phassa
2817 3005 3004 3059 fuerit.

2118 3099 2331 3154 XXVII.
2377 3099 2616 3154 Sochum
2677 3100 2969 3169 beglerbeg
3000 3139 3017 3166 ,
3059 3099 3113 3154 in
3172 3100 3618 3169 Georgianorum

2039 3190 2278 3255 ﬁnibus,
2335 3204 2363 3241 a
2422 3190 2626 3247 Sinane
2705 3192 2865 3248 bassa
2926 3193 3269 3246 vezirazeme
3321 3192 3621 3247 institutus

2037 3298 2182 3337 anno
2233 3283 2544 3339 Christiano
2595 3264 2885 3340 millesimo
2960 3284 3399 3356 quingentesimo
3451 3292 3619 3339 octo-

2036 3379 2261 3450 gesimo.

2108 3456 2361 3523 XXVIII.
2387 3468 2543 3522 Batiu
2577 3468 2887 3541 beglerbeg’,
2923 3468 3125 3526 ibidem
3161 3484 3190 3524 a
3226 3468 3428 3525 Sinade
3475 3478 3616 3527 tunc

2035 3560 2348 3615 institutus.

2106 3651 2301 3707 XXIX.
2345 3650 2529 3708 Revan
2563 3653 2873 3724 beglerbeg.
2913 3653 3074 3709 Hunc
3119 3655 3295 3710 locum
3344 3654 3619 3711 Ferhates

2034 3744 2197 3799 bassa
2227 3745 2373 3815 cepit
2411 3753 2466 3799 et
2497 3746 2735 3801 munivit
2764 3761 2908 3801 anno
2943 3748 3258 3803 Christiano
3310 3748 3615 3803 millesimo

2032 3838 2472 3907 quingentesimo
2511 3840 2847 3910 octogesimo
2897 3841 3159 3907 secundo,
3189 3850 3433 3911 ereptum
3461 3841 3609 3895 Toc-

2036 3930 2178 3984 maci
2216 3931 2458 3995 sultano,
2515 3930 2861 3986 Persicarum
2896 3934 3131 4002 partium
3186 3934 3438 4003 principi.
3505 3932 3609 3988 Be-

2032 4020 2323 4092 glerhegus
2355 4022 2479 4078 istic
2524 4025 2731 4092 primus
2781 4025 2882 4080 fuit
2914 4026 3209 4098 Cigaloglis
3263 4026 3443 4091 bassa,
3497 4026 3607 4083 Ge-

2033 4128 2189 4166 uuas.

2104 4202 2273 4260 XXX.
2323 4205 2583 4261 Somakic
2636 4207 2947 4278 heglcrbcg.
2990 4209 3066 4264 De
3127 4211 3420 4277 Somakia,
3478 4229 3607 4283 qua:

2029 4296 2457 4371 Chalcoeondyli
2491 4297 2778 4355 Samachia
2816 4303 3153 4368 nominatur,
3185 4304 3390 4359 dictum
3411 4320 3602 4372 supra,

1952 4387 1999 4443 Ι)
2027 4391 2207 4461 capite
2242 4392 2361 4448 l88.
2391 4393 2812 4466 Bcglerbegatus
2839 4396 2998 4467 505
3034 4410 3228 4453 auctor
3263 4398 3363 4454 fuit
3393 4400 3598 4454 Dsman

2028 4486 2214 4552 bassa,
2248 4502 2391 4541 anno
2434 4488 2749 4544 Christiano
2808 4491 3099 4547 millesimo
3158 4494 3601 4565 quingentesimo

2027 4579 2365 4647 octogesimo
2394 4580 2578 4636 tertio.

2097 4669 2435 4726 Posteriores
2471 4680 2652 4727 autem
2693 4672 3108 4746 beglerbegatus
3159 4676 3236 4741 hi,
3296 4676 3442 4731 bello
3504 4680 3599 4734 dc-

2025 4762 2237 4814 cennali
2290 4762 2530 4828 Persico,
2593 4766 2739 4834 quod
2801 4766 2982 4823 adhuc
3038 4769 3266 4838 geritur,
3331 4770 3598 4836 instituti;

2024 4854 2482 4923 quemadmodum
2522 4860 2645 4912 novi
2673 4867 2823 4927 sunt,
2854 4862 2927 4914 ita
2956 4864 3135 4931 potius
3176 4865 3400 4918 nomine
3435 4874 3597 4918 tenus

2024 4951 2104 5003 sic
2134 4950 2443 5017 appellandi
2472 4953 2718 5017 veniunt,
2773 4969 2872 5008 nec
2900 4970 3022 5009 cum
3075 4957 3316 5024 antiquis
3374 4972 3599 5026 compa-

2024 5042 2206 5097 randi.
2235 5042 2412 5109 Nunc,
2451 5044 2698 5099 ordinem
2745 5057 2952 5101 naturae
3016 5033 3317 5119 sequendo,
3374 5055 3599 5118 provin-

2022 5133 2123 5187 ciis
2152 5134 2296 5187 Asim
2339 5136 2633 5190 recensitis
2687 5139 2970 5193 meridiem
3021 5156 3213 5196 versus
3268 5142 3336 5197 ab
3385 5144 3598 5199 oriente

2020 5224 2455 5293 progrediamur.

2393 5317 2520 5373 256.
2564 5319 2761 5388 Africa:
2803 5320 3225 5392 Beglerbegatm.

2091 5402 2130 5456 I.
2161 5405 2352 5460 Cesair
2389 5409 2697 5478 hcglerbeg.
2728 5409 2923 5465 Sedem
2987 5412 3150 5468 habet
3204 5415 3259 5467 in
3320 5415 3590 5486 Algesair,

2018 5512 2139 5561 qua:
2167 5500 2369 5555 nostris
2398 5508 2483 5556 est
2507 5502 2807 5572 Algerium,
2840 5503 3005 5558 sicuti
3068 5507 3246 5576 capite
3276 5507 3381 5561 227
3435 5522 3597 5565 nota-

2018 5598 2151 5643 tum.

2086 5682 2149 5745 ιι.
2177 5679 2369 5739 ’l‘uuisi
2395 5684 2813 5757 beglerbcgatus
2843 5690 3051 5747 residet
3080 5691 3305 5751 ibidem.
