4022 6196
286 291 391 355 925

961 299 1358 361 LEONARDI
1403 303 1771 363 CHIENSIS
1813 306 1908 364 DE
1944 305 2553 367 EXPUGNA'l'lONE
2594 309 2875 371 (IPOLlS.

3449 314 3555 375 οέϐ

277 404 455 460 oculis
471 403 768 461 discrimen
796 406 1051 463 ultimum
1085 413 1455 481 ctjactnram.
1485 412 1595 469 Nec
1641 414 1855 480 dubito,
1896 420 1934 474 Α
1965 431 2133 483 quam
2170 418 2224 472 in
2257 420 2373 473 dies
2397 425 2882 490 exspectabamus,
2919 423 3060 478 inter
3088 440 3238 493 spent
3275 437 3327 480 et
3352 426 3553 498 despe-

281 499 438 553 Pater
479 508 708 565 sancte,
758 503 1106 567 praecessisse
1168 521 1256 561 me
1311 508 1555 574 multos,
1613 511 1708 577 qui
1783 512 1860 564 rei

279 604 449 660 gesur
479 592 676 646 seriem
716 592 846 646 Tum
904 593 1198 653 Sanctitati
1243 602 1589 657 retulerunt.
1638 602 1865 657 Confert

280 683 426 736 enim
464 682 762 738 multorum
799 685 851 738 in
877 701 1041 740 unum
1072 688 1288 744 relatio.
1315 689 1421 747 Sed
1452 694 1712 761 quoniam
1741 710 1865 761 quae

281 776 402 832 visu
450 777 624 846 magis
653 793 819 847 quant
859 794 983 849 quae
1015 782 1232 848 auditu,
1269 785 1455 840 verius
1481 796 1860 854 exponuntur,

278 867 425 936 quod
454 868 573 923 scio
596 869 793 935 loquar
817 877 901 925 :et
920 872 1065 939 quod
1087 872 1194 926 ridi
1218 916 1233 936 ,
1258 874 1474 929 ﬁdelius
1490 877 1861 931 contestabor.

350 956 483 1011 Cum
550 959 720 1029 igitur
782 961 1288 1019 reverendissimus
1362 967 1525 1020 Pater
1588 967 1866 1023 D.cardi-

277 1047 424 1102 nalis
458 1047 784 1105 Sabinensis
816 1065 916 1118 pro
948 1054 1170 1109 natione
1196 1054 1510 1110 Graecorum
1550 1056 1862 1128 legatus,_in

280 1139 404 1208 ejus
443 1138 765 1196 famulatum
801 1159 885 1198 me
924 1159 989 1199 ex
1038 1145 1178 1201 Chio
1211 1156 1482 1215 vocasset,
1515 1163 1617 1220 ego
1647 1166 1861 1205 summa

278 1250 408 1289 cum
445 1236 615 1291 animi
650 1238 758 1292 mei
795 1238 1102 1308 diligentia,
1136 1251 1199 1295 ut
1230 1242 1392 1297 fidem
1418 1251 1625 1298 sancta:
1658 1245 1864 1298 Roma-

281 1344 366 1383 nae
402 1327 671 1385 Ecclesiae
710 1330 929 1388 fortiter
964 1340 1393 1404 constanterque
1419 1376 1434 1395 ,
1479 1337 1554 1389 uti
1615 1337 1861 1391 debitum

278 1421 473 1492 exigit,
516 1421 863 1478 defensarem
888 1463 905 1489 ,
941 1426 1231 1495 captabam
1264 1428 1494 1496 perinde
1521 1438 1575 1484 et
1607 1443 1790 1483 mores
1810 1440 1865 1484 et

281 1522 533 1568 naturam
565 1515 883 1572 Graecorum
908 1559 923 1582 ,
959 1521 1414 1588 argumentisque
1440 1535 1507 1575 ac
1539 1531 1860 1576 sanctorum

283 1608 661 1679 theologorum
686 1610 848 1665 dictis
869 1612 1107 1684 conabar
1124 1612 1451 1683 intelligere,
1471 1614 1747 1682 quodnam
1773 1630 1863 1670 eo-

279 1714 401 1754 rum
430 1710 578 1756 esset
628 1700 911 1768 studium;
946 1704 1094 1773 quod
1142 1707 1508 1775 propositum,
1542 1722 1661 1775 quae
1694 1709 1860 1761 ratio-

280 1810 399 1856 nes,
430 1795 556 1863 quis
604 1795 730 1852 linis
762 1812 859 1852 eos
892 1813 922 1853 a
953 1813 1082 1852 vera
1119 1798 1483 1871 intelligentia
1511 1841 1527 1866 ,
1562 1802 1857 1873 debitaque

278 1886 592 1942 obedientia
629 1890 715 1943 vel
763 1899 1078 1956 revocaret,
1108 1893 1194 1947 vel
1242 1895 1572 1949 retraheret.
1604 1894 1858 1949 Intellexi

279 1981 460 2048 plane,
506 1988 707 2050 praeter
780 1982 1170 2055 Argerpilum
1235 1987 1438 2041 artium
1516 1987 1855 2057 magistrum,

278 2071 643 2143 Theophilum
673 2075 1063 2147 Palmologum,
1088 2078 1668 2151 Hieromonachosque
1696 2097 1859 2151 quos-

280 2164 404 2221 dam
438 2181 665 2235 paucos,
693 2177 749 2222 et
778 2164 915 2223 alios
946 2166 1117 2226 laicus
1145 2188 1160 2236 ;
1194 2173 1340 2242 quod
1378 2174 1608 2227 ambitio
1635 2173 1858 2230 Graecos

279 2260 434 2327 quasi
452 2275 642 2316 omnes
663 2264 1022 2332 captivasset:
1052 2273 1111 2320 ut
1134 2282 1294 2322 nemo
1323 2278 1470 2322 esset
1501 2269 1620 2338 qui,
1648 2270 1766 2325 zelo
1795 2269 1858 2323 fiv

281 2354 368 2407 dei
420 2351 502 2405 vel
529 2354 724 2435 salutis
771 2370 887 2411 suae
940 2367 1143 2423 motus,
1187 2358 1400 2426 primus
1426 2360 1712 2417 videretur
1742 2360 1858 2416 fieri

280 2449 422 2503 velle
474 2466 591 2505 sua:
651 2452 930 2521 opinionis
986 2462 1042 2509 et
1097 2456 1415 2523 pertinacia:
1488 2464 1856 2524 contemptor.

279 2541 437 2608 Quod
470 2558 602 2598 sane
650 2544 695 2597 si
756 2559 882 2616 nom
925 2554 1033 2598 tam
1082 2562 1147 2601 ex
1203 2547 1324 2602 zelo
1369 2547 1517 2608 fidei.
1565 2559 1617 2601 et
1671 2563 1858 2602 amore

279 2632 611 2689 Christianae
661 2636 976 2706 religionis,
1015 2652 1180 2707 quam
1229 2654 1293 2692 ex
1341 2639 1590 2694 affectata
1620 2638 1855 2708 quadam

281 2725 470 2795 gloriae
520 2727 776 2787 humana:
814 2730 1116 2798 cupiditate
1164 2729 1452 2793 fecissent,
1503 2746 1858 2800 summopere

282 2819 388 2873 hoc
445 2818 665 2873 nomine
744 2820 1165 2874 commcndandi
1239 2831 1449 2884 essent,
1501 2822 1857 2890 ipsorumque

282 2909 463 2965 fervor
515 2913 776 2966 omnibus
811 2913 903 2982 qui
940 2912 1164 2969 Christo
1221 2928 1420 2973 nomen
1463 2913 1755 2973 dederunt,
1805 2921 1859 2966 et

277 3001 632 3058 admirationi
675 3012 730 3058 et
762 3004 1054 3059 imitationi
1097 3005 1295 3059 merito
1328 3020 1452 3059 esse
1478 3006 1721 3060 deberet.
1755 3002 1858 3059 Ve-

1968 508 2235 562 rationem
2284 512 2616 567 constitutos
2651 529 2777 568 esse
2800 555 2813 568 .
2854 513 2990 583 Spes
3020 513 3086 569 de
3117 526 3211 569 tuo
3235 529 3552 586 exspectato

1968 602 2222 655 subsidio
2252 604 2420 658 dabat
2459 604 2752 668 fiduciam;
2788 607 2956 660 timor
2986 607 3055 661 de
3089 608 3403 664 Grmcorum
3439 628 3558 681 per-

1969 694 2168 748 tinacia
2197 694 2640 765 desperationcm
2679 700 3031 766 suggerebat.
3075 698 3191 755 Heu
3221 702 3236 756 !
3277 717 3398 770 quae
3431 720 3559 772 spes

1968 786 2023 840 in
2056 789 2258 858 populo
2288 790 2431 845 duro
2484 792 2635 859 gravi
2663 792 2975 862 iniquitate,
3002 793 3095 862 qui
3133 802 3209 848 tot
3245 795 3404 848 annis
3436 796 3553 849 sine

1967 881 2077 933 vita
2140 883 2418 950 spirituali
2483 884 2771 939 abscissus
2836 901 2867 940 a
2926 887 3106 955 capite
3156 888 3555 954 permanebat!

1968 975 2258 1043 Quomodo
2308 992 2412 1031 non
2469 977 2769 1046 desperati,
2826 981 3104 1048 quomodo
3153 996 3259 1033 non
3295 980 3555 1049 altjectia

1969 1067 2098 1129 Deo,
2120 1068 2214 1135 qui
2231 1068 2404 1121 tantis
2425 1068 2996 1133 dissimilltndinibus,
3019 1071 3187 1123 tantis
3212 1069 3554 1131 fictionibus,

1973 1157 2256 1225 tantisque
2294 1158 2585 1224 scissuris,
2630 1161 2699 1213 ab
2731 1158 2981 1217 Ecclesia
3014 1163 3251 1233 elongati
3282 1161 3555 1219 Romana.

1966 1252 2021 1306 in
2053 1251 2237 1306 cordis
2269 1251 2481 1305 duritia
2520 1262 2971 1321 permanserunt.
2999 1255 3211 1310 Etenim
3240 1256 3350 1323 jam
3379 1255 3556 1322 capti-

1967 1344 2113 1407 vati,
2161 1345 2319 1408 urbe,
2371 1345 2611 1413 templis,
2640 1359 2799 1408 auro,
2828 1346 3152 1415 laribusque
3184 1346 3463 1416 propulsi,
3497 1349 3552 1398 in

1966 1437 2196 1492 Latinos
2240 1446 2568 1508 retorquent
2624 1437 2917 1498 offensam,
2946 1446 3331 1493 asseverantes
3359 1457 3372 1492 :
3402 1440 3553 1504 Qun-

1966 1534 2111 1588 niam
2140 1535 2395 1589 unionem
2423 1532 2751 1603 (inquiunt),
2785 1533 3040 1600 fecimus,
3072 1548 3398 1601 sumqune
3418 1548 3553 1600 pon-

1967 1627 2100 1681 tilici
2133 1625 2382 1680 Romano
2418 1626 3012 1680 commemorationem
3054 1624 3329 1685 dedimus.
3360 1625 3561 1678 t‘ccritn

1971 1720 2315 1789 indignatum
2351 1718 2520 1772 Deum
2555 1733 2703 1773 esse.
3582 1787 3594 1796 .

2034 1813 2078 1867 Ο
2112 1812 2418 1881 pertinaces
2448 1812 2734 1869 homines!
2760 1813 2970 1881 inquio.
3000 1812 3054 1866 Si
3078 1811 3279 1866 malum
3318 1813 3420 1866 hoc
3440 1824 3551 1872 est,

1962 1903 2132 1972 prisci
2163 1902 2241 1956 illi
2274 1900 2531 1965 Basilius,
2559 1901 2925 1962 Athanasius,
2959 1901 3217 1971 Cyrinus,
3251 1900 3547 1968 crcteriqut-

1967 1994 2183 2060 Patres,
2209 2008 2349 2063 quos
2386 1994 2668 2065 praecipuo
2717 1993 3025 2048 sanctitatis
3073 1994 3278 2047 honore
3328 1993 3555 2060 prmfer-

1961 2086 2053 2149 tis,
2090 2086 2216 2139 mali
2242 2086 2506 2140 censendi
2539 2094 2690 2151 sunt,
2724 2086 2871 2153 quod
2907 2094 3153 2139 sanctam
3193 2100 3354 2138 unam
3398 2100 3546 2138 eam-

1964 2179 2196 2248 demque
2263 2179 2421 2232 tidem
2500 2194 2626 2233 cum
2680 2178 2919 2231 Romana
2972 2177 3235 2243 Ecclesia,
3302 2176 3546 2229 omnium

1960 2270 2404 2325 Christianorum
2494 2270 2785 2337 magistra,
2879 2270 3193 2323 coluerunt.
3257 2268 3377 2322 Non
3438 2267 3553 2320 haec

1961 2375 2128 2415 causa
2160 2369 2265 2425 est,
2308 2362 2454 2431 quod
2492 2362 2778 2423 unionem,
2809 2362 2902 2415 sed
2936 2359 3082 2429 quod
3124 2362 3384 2415 unionem
3442 2375 3548 2412 non

1961 2468 2169 2520 veram,
2205 2456 2299 2511 sed
2346 2455 2530 2508 fictam
2590 2452 2825 2508 fecistis.
2866 2452 2979 2508 llac
3013 2455 3080 2508 de
3122 2467 3180 2507 re
3234 2453 3431 2506 merito
3467 2450 3551 2503 in-

1962 2552 2250 2621 dignatum
2286 2546 2455 2599 Deum
2487 2561 2501 2599 :
2555 2543 2660 2597 hac
2685 2543 2752 2597 de
2786 2543 3011 2609 rejnsta
3069 2540 3562 2596 animadversione

1962 2643 2014 2695 in
2063 2640 2306 2694 hostium
2366 2650 2566 2691 manus
2638 2649 2738 2690 vos
2820 2651 2941 2690 esse
3002 2635 3287 2690 deductos.
3356 2632 3549 2687 Anum

1961 2733 2314 2803 sponsionem
2375 2730 2445 2782 de
2502 2729 2731 2791 unione,
2806 2736 2999 2781 sancto
3043 2726 3359 2795 juramento
3408 2723 3557 2790 apud

1961 2824 2339 2880 Florentinam
2365 2820 2638 2891 synodum
2670 2818 3039 2887 conscriptam
3072 2813 3364 2871 violastis?
3418 2813 3551 2866 obe-

1960 2918 2219 2974 dientiam
2262 2913 2621 2969 declinastis?
2673 2913 2998 2967 sententiam
3061 2909 3262 2965 decreti
3316 2906 3554 2962 occulta-

1960 3010 2095 3066 stis?
2125 3010 2317 3063 Annon
2353 3006 2551 3061 summi
2584 3004 2676 3058 Dei
2711 3004 2885 3058 nuntii
2917 3004 2971 3073 (ο
3022 3002 3197 3058 Graeci
3234 3002 3279 3069 i)
3311 3009 3563 3053 vestram.

279 3094 721 3157 rumenimvero,
783 3106 995 3150 tantum
1033 3096 1211 3156 abest,
1263 3109 1318 3150 ιιι
1347 3097 1565 3150 laudem
1597 3105 1650 3149 et
1681 3096 1854 3150 admi-
1889 3124 1931 3183 ϐ
1967 3102 2332 3173 perditionem
2384 3100 2590 3170 iugiter
2652 3097 3065 3167 prmdigerunt?
3096 3096 3188 3163 qui
3254 3109 3440 3157 aures,
3495 3101 3559 3144 ut,

279 3183 554 3239 rationem
616 3185 816 3240 exinde
867 3193 1203 3251 mereantur),
1278 3197 1335 3240 ttt
1382 3188 1567 3256 potius
1619 3186 1750 3241 fides
1808 3197 1861 3240 ct

278 3277 596 3330 constantia
661 3276 910 3347 ipsorum
974 3278 1231 3333 omnibus
1274 3277 1378 3334 hoc
1414 3281 1636 3333 nomine
1666 3278 1862 3331 debeat

274 3382 403 3423 esse
454 3380 731 3438 suspecta,
779 3385 899 3426 cum
947 3386 1056 3425 non
1110 3381 1339 3441 propter
1395 3370 1513 3435 Dei,
1562 3369 1659 3425 sed
1707 3384 1860 3424 suam

278 3461 532 3531 ipsorum
560 3462 792 3532 gloriam
821 3477 984 3532 quam
1014 3462 1288 3532 pracipue
1317 3461 1636 3531 captabant,
1668 3459 1861 3529 hujus-

278 3555 428 3610 modi
470 3556 648 3610 zelum
696 3570 806 3624 prae
850 3570 909 3611 se
953 3556 1204 3621 tulerint,
1238 3554 1494 3625 quamvis
1519 3554 1744 3608 omnino
1775 3568 1860 3608 re-

277 3651 527 3703 luctante
562 3648 811 3719 ipsorum
840 3656 1034 3702 natura
1059 3658 1118 3703 et
1178 3648 1479 3702 voluntate.
1514 3646 1703 3715 Usque
1725 3645 1862 3701 adeo

280 3753 343 3795 ut
367 3755 435 3795 ex
461 3755 568 3794 una
595 3748 773 3810 parte,
807 3741 873 3795 ad
919 3739 1200 3795 fatendum
1231 3739 1523 3795 articulum
1547 3737 1862 3807 processio—

280 3836 371 3890 nis
411 3848 440 3888 a
472 3833 613 3889 Filio
642 3835 819 3889 sancti
846 3833 1086 3904 Spiritus
1107 3844 1327 3903 urgeret
1349 3847 1443 3888 eos
1466 3832 1809 3887 conscientia
1841 3847 1858 3898 ;

280 3941 348 3982 ex
370 3925 562 3982 altera.
587 3941 655 3980 ne
683 3926 965 3980 meliorem
987 3923 1191 3991 Latini,
1213 3939 1377 3993 quam
1397 3922 1595 3989 (ἔτ-ποί,
1625 3923 1694 3977 de
1714 3922 1861 3975 veri-

284 4027 397 4075 tate
419 4017 539 4074 fidei
565 4017 978 4087 intelligentiam
999 4015 1198 4071 habere
1215 4017 1590 4079 crederentur,
1609 4013 1863 4068 elationis

282 4123 469 4168 tumor
483 4125 579 4167 eos
596 4111 913 4165 abduceret.
939 4108 1142 4165 Verum
1166 4109 1429 4178 quoniam
1454 4124 1554 4165 nec
1577 4106 1738 4170 ratio,
1760 4121 1863 4161 nec

285 4203 610 4270 auctoritas,
646 4216 748 4256 ncc
780 4202 947 4253 vari:e
980 4197 1278 4264 Scholarii,
1308 4198 1531 4262 lsidori,
1568 4197 1863 4267 Neopbyti-

279 4315 390 4373 que
440 4299 731 4370 opiniones
789 4296 1052 4351 adversus
1104 4292 1370 4347 Romanae
1418 4291 1675 4346 Ecclesiae
1700 4288 1860 4345 fidem

282 4403 435 4450 stare
478 4399 756 4463 poterant,
811 4397 994 4444 actum
1043 4396 1129 4443 est
1174 4384 1452 4440 industria
1498 4394 1552 4437 et
1593 4383 1865 4452 probitate

1966 3195 2134 3265 aspis,
2165 3193 2333 3261 impie
2375 3192 2701 3271 obturast’is,
2727 3199 2781 3244 et
2810 3198 3056 3243 sanctam
3115 3187 3416 3241 Ecclesiam
3456 3200 3552 3237 ca-

1965 3288 2224 3341 tholicam
2261 3292 2495 3339 matrem
2551 3283 2794 3336 fidelium
2859 3281 3187 3335 oltattdistis.
3246 3278 3396 3333 Flete
3453 3280 3547 3331 nti-

1964 3378 2139 3434 serias
2164 3383 2373 3427 vestras
2402 3392 2416 3438 ;
2475 3372 2687 3441 arguite
2725 3372 3091 3440 vosmetipsos
3118 3386 3133 3433 ;
3192 3379 3245 3425 et
3278 3386 3386 3422 non
3418 3368 3552 3421 alios

1966 3467 2368 3528 condemnetis,
2399 3471 2495 3517 aut
2520 3463 2837 3532 inculpctis.
2871 3462 2986 3517 Mos
3018 3462 3424 3518 obstinatorum
3462 3459 3553 3512 hic

1965 3569 2071 3625 est,
2101 3570 2325 3614 sanctos
2374 3556 2660 3626 aspernari
2712 3554 2807 3611 Dei
2843 3554 3109 3608 nuntios:
3148 3554 3228 3607 uti
3290 3551 3564 3607 Sedecias.

1967 3652 2261 3720 exterique
2285 3648 2457 3703 ,ιυόωὶ
2489 3647 2544 3700 in
2587 3647 2917 3720 Babylonem
2986 3646 3219 3700 traducti
3253 3643 3546 3699 Jercmiam

1966 3744 2326 3813 direptionem
2357 3744 2849 3814 captivitatemque
2872 3740 3256 3809 przcdiccntem
3301 3745 3545 3792 contem-

1967 3844 2215 3906 pserunt.
2254 3836 2415 3891 Certe
2474 3836 2740 3890 hactenus
2798 3835 3043 3890 stetisset
3106 3832 3281 3895 llion,
3336 3831 3381 3884 si
3411 3832 3546 3885 Cas-

1965 3931 2223 3985 sandram
2248 3929 2503 3983 Priamus
2562 3935 2721 3996 pater
2781 3926 3116 3989 audivisset;
3166 3925 3210 3979 si
3256 3925 3552 3994 prophetas

1966 4022 2271 4085 Hebrmi,si
2301 4020 2565 4092 Sibyllam
2602 4020 2858 4083 Romani,
2916 4020 2960 4073 si
3019 4034 3114 4074 vos
3153 4033 3372 4088 quoque
3421 4032 3552 4087 apo.-

1967 4113 2193 4174 stolicos
2250 4114 2473 4167 nuntios
2544 4113 2750 4189 dudum
2809 4109 3128 4164 audissetis.
3178 4109 3389 4165 Idcirco
3442 4125 3559 4171 non.

1966 4208 2165 4261 mirum
2191 4206 2235 4260 si
2266 4206 2331 4275 in
2367 4222 2583 4274 pmnam
2644 4204 2776 4258 tanti
2837 4203 3086 4257 criminis
3117 4202 3389 4270 insperata
3425 4218 3557 4268 mox.

1968 4307 2269 4368 tempestas
2298 4298 2568 4357 invaluit;
2600 4312 2761 4364 quam
2793 4294 2999 4364 Spiritu
3032 4301 3225 4348 sancto
3250 4293 3391 4346 docti
3417 4310 3561 4362 quos

1965 4406 2072 4457 que
2103 4406 2130 4443 a
2168 4390 2356 4444 multis
2386 4390 2542 4443 annis
2576 4388 2814 4441 futuram
2848 4401 2970 4441 esse
3000 4386 3380 4455 praedixerant.
3408 4386 3561 4439 Sane

284 4486 494 4557 prefati
544 4484 758 4539 Domini
798 4481 1114 4547 cardinalis,
1167 4489 1224 4534 ut
1251 4487 1439 4532 sancta
1481 4476 1633 4542 unio,
1669 4490 1861 4530 assen-

1973 4494 2032 4537 ttt
2055 4482 2355 4537 beatissimi
2409 4479 2586 4535 Patris
2642 4479 2849 4534 Nicolai
2886 4480 3069 4549 primi,
3136 4478 3337 4534 summi
3373 4478 3550 4548 ponti--

283 4580 459 4633 tiente
493 4577 824 4647 imperatore
855 4580 1164 4641 senatuque
1196 4569 1266 4640 (si
1302 4584 1407 4622 non
1450 4568 1573 4622 ficta
1611 4566 1735 4633 fuit)
1768 4565 1863 4620 ﬁr-

284 4678 551 4735 maretur,
595 4668 1072 4732 celebrareturque
1093 4663 1337 4719 secundo
1362 4661 1494 4721 ldus
1522 4657 1862 4724 Decembris,

283 4760 620 4833 Spiridionis
657 4758 905 4830 episcopi
929 4756 1109 4812 sancti
1128 4756 1239 4811 die.

350 4853 540 4923 itaque
564 4867 626 4907 ea
661 4859 879 4921 peracta
899 4890 914 4915 ,
942 4864 1065 4905 mox
1097 4856 1393 4917 tempestas
1418 4846 1615 4902 Teucri
1643 4848 1862 4911 oborta,

282 4947 476 5003 urbem
500 4942 1008 5013 Constantinopolis
1030 4981 1046 5007 ,
1073 4940 1345 5004 Galatam,
1374 4949 1684 5010 caeteraque
1707 4940 1865 5009 adja-

281 5042 464 5098 centia
510 5036 709 5108 oppida
751 5034 1075 5091 absorbuit:
1113 5045 1174 5088 ut
1215 5034 1439 5088 verbum
1480 5032 1630 5087 Isaiae
1676 5050 1864 5087 verum

284 5135 360 5190 sit
389 5131 667 5187 dicentis:
700 5128 1002 5199 Tempestas
1052 5128 1302 5183 conuulsa
1347 5129 1541 5198 absque
1583 5127 1699 5181 ulla
1744 5144 1869 5181 con-

282 5226 572 5281 solutione.
607 5223 726 5291 Qua
781 5230 1109 5293 tempestate
1151 5236 1476 5282 concussus,
1512 5237 1614 5292 ego
1647 5235 1868 5290 quoque

283 5329 485 5389 captus
521 5333 643 5373 sum
671 5335 686 5381 ;
730 5325 784 5372 et
808 5330 907 5385 pro
931 5313 1219 5370 demeritis
1244 5315 1383 5370 meis
1412 5314 1633 5369 vinctus
1662 5329 1868 5369 cmsus-

282 5428 393 5484 que
412 5427 441 5465 a
459 5406 723 5465 Teucris:
752 5424 862 5464 non
887 5408 963 5463 fui
986 5408 1183 5479 dignus
1201 5422 1323 5461 cum
1343 5406 1566 5463 Christo
1584 5404 1870 5460 Salvatorc

287 5504 512 5574 conﬁgi.
561 5503 905 5558 Reminiscor
950 5516 1105 5572 ergo,
1158 5500 1474 5555 beatissime
1532 5498 1716 5560 Pater,
1745 5512 1868 5551 cum

287 5600 527 5668 primum
554 5597 618 5652 de
639 5596 845 5651 unione
886 5596 1025 5651 facta
1058 5594 1398 5660 Graecorum,
1433 5594 1610 5648 eidem
1648 5592 1871 5645 Sancti-

289 5691 385 5744 tati
408 5690 613 5744 Vestra!
631 5689 893 5760 epistolas
915 5688 1178 5744 seriosius
1203 5685 1587 5747 destinassem,
1606 5683 1751 5737 inter
1766 5681 1869 5736 alia

289 5783 530 5840 dixisse:
574 5781 684 5839 Nos
741 5790 958 5856 propter
1004 5780 1245 5837 futuram
1280 5778 1473 5836 Teucri
1504 5775 1870 5843 obsidionem,

1969 4576 2115 4641 ficis,
2143 4578 2575 4630 exsecrationem
2631 4573 2685 4626 in
2730 4587 2928 4640 pravos
2972 4571 3195 4628 Graecos
3248 4588 3343 4641 per
3393 4570 3546 4631 illud,

1973 4668 2220 4740 Urgentis
2252 4669 2305 4722 in
2344 4669 2547 4721 senium
2577 4664 2762 4720 surculi
2821 4664 3148 4732 corruptela,
3214 4674 3345 4728 etc.,
3408 4679 3556 4733 prae:

1971 4762 2389 4817 terminamus:
2444 4760 2629 4814 tabula
2693 4758 2809 4823 illa,
2874 4772 3037 4827 quam
3100 4756 3266 4812 Leoni
3304 4756 3597 4827 SapicntL

1968 4854 2278 4919 ascribunt,
2313 4853 2454 4922 apud
2507 4852 2913 4905 monasterium
2949 4851 3136 4905 Sancti
3205 4850 3423 4921 Georgii
3480 4851 3562 4904 de

1969 4942 2236 5014 Mangana
2324 4950 2663 5006 constructa,
2718 4949 2937 4995 vetusto
2989 4948 3239 5010 tempore
3293 4942 3346 4994 in
3406 4940 3554 4996 Con~.

1970 5032 2327 5102 stantinopoli
2351 5031 2628 5085 occultata
2676 5032 3003 5102 mysterioso
3046 5032 3158 5099 jam
3209 5030 3368 5100 signo
3405 5032 3552 5083 dete-

1971 5140 2079 5192 cta,
2113 5128 2379 5195 iacturam
2414 5124 2775 5181 demonstrat.
2833 5124 2980 5191 Haec,
3013 5123 3176 5178 Pater
3207 5123 3546 5182 beatissime.

1973 5220 2186 5275 cellulis
2212 5219 2472 5274 distincta
2504 5217 2814 5287 quadratis,
2859 5218 3252 5285 imperatorum
3302 5214 3548 5268 ordinem

1974 5310 2493 5377 successioncmque
2561 5307 2824 5376 ponebat,
2885 5303 3181 5357 finiendum
3258 5311 3437 5357 tamen
3498 5304 3550 5353 in

1976 5404 2080 5457 hoc
2112 5403 2305 5456 ultimo
2339 5400 2733 5461 Constantino.
2768 5397 2844 5451 lla
2870 5410 3087 5466 quoque
3113 5396 3560 5466 patriarcharum,

1974 5494 2081 5548 alia
2110 5492 2164 5548 in
2193 5494 2414 5560 longum
2452 5497 2627 5544 tracta
2654 5486 2843 5541 tabula
2862 5486 3108 5541 ordinem
3142 5484 3549 5553 praescribebat.

1973 5581 2111 5637 Nam
2148 5580 2238 5636 ille
2261 5580 2457 5648 spiritu
2491 5576 2817 5647 prophetico
2844 5576 3153 5632 illustratus
3185 5584 3264 5631 tot
3318 5574 3549 5631 cellulas

1985 5673 2400 5745 figurandorum
2481 5672 2877 5740 imperatorum
2969 5670 3168 5724 tahulzc
3246 5667 3561 5737 inscrip~it,_

1978 5775 2112 5839 quot
2145 5782 2171 5819 a
2192 5764 2369 5835 primo
2400 5762 2765 5821 Constantino
2795 5762 3014 5836 Magno,
3040 5762 3551 5835 ConstantinopOlis
