4022 6196
388 214 495 279 997

1596 218 1990 279 LEONARDI
2025 220 2389 283 CIIIENSIS

3536 224 3645 286 928

389 322 699 388 conditore,
730 343 903 397 usque
940 333 1005 382 ad
1057 330 1302 382 ultimam
1352 331 1725 398 captivitatem
1794 333 1961 387 futuri
1994 339 2037 393 Α
2068 336 2197 392 Inde
2254 339 2380 407 quia
2416 340 2592 407 major
2646 340 2950 404 confracta,
3012 340 3155 409 regis
3211 338 3453 392 animum
3507 339 3645 393 ami-

390 428 570 471 erant.
614 419 671 473 In
708 421 824 474 dies
882 422 1063 489 itaque
1110 422 1318 476 cellula:
1355 423 1457 476 illa:
1515 426 1752 491 repletae,
1798 441 1963 478 unam

394 511 555 564 modo
581 520 635 563 et
660 513 925 576 ultimam,
959 513 1012 565 in
1042 530 1145 581 qua
1172 514 1283 576 hic,
1325 516 1426 570 sub
1466 532 1576 583 quo
1602 518 1733 571 urbs
1777 519 1963 585 periit,

399 603 752 657 collocandus
808 614 962 665 erat,
1020 605 1064 659 si
1115 615 1413 661 coronatus
1468 609 1679 675 fuisset,
1737 626 1966 663 vacuam

395 695 759 757 praetendunt.
818 693 1105 751 Morsenus
1136 699 1383 766 perinde,
1408 700 1490 752 vir
1526 711 1777 763 sanctus,
1804 701 1969 770 sagit-

397 785 586 834 tariam
622 793 835 851 gentem
876 795 1067 839 contra
1100 787 1625 857 Constantinopolim
1656 801 1969 856 venturam,

396 875 554 939 cujus
587 884 800 942 portum
838 878 1095 948 inclytum
1139 889 1380 948 caperet,
1412 882 1969 951 exterminandosque

398 965 619 1020 (irrccos
686 969 900 1023 smcnlis
956 971 1142 1025 multis
1199 980 1324 1024 ante
1369 973 1640 1041 praedixit.
1694 974 1970 1041 Erythrea:

398 1058 560 1111 etiam
590 1068 793 1112 nostrae
825 1062 887 1113 de
910 1061 1222 1115 Grzecorum
1270 1046 1483 1131 jactura
1528 1066 1849 1120 vaticinium
1882 1068 1969 1121 le-

397 1149 651 1205 gentibus
685 1160 850 1218 patet.
887 1152 1132 1207 Joacliim
1163 1166 1340 1208 autem
1392 1159 1563 1212 abbas
1611 1175 1731 1213 meo
1760 1159 1971 1227 judicio

400 1244 1182 1314 Constantinopolisjacmram
1218 1251 1269 1301 iu
1332 1249 1607 1318 Papalista
1662 1250 1967 1314 denuntiat,

399 1351 521 1385 cum
560 1335 689 1388 dicit
728 1355 741 1389 :
792 1336 877 1388 Vw
923 1339 1035 1398 tibi,
1069 1340 1356 1405 srpticollis
1398 1342 1642 1393 mauilus
1676 1343 1957 1404 truncatis,

398 1428 553 1491 quasi
602 1426 808 1478 auxilio
842 1426 1119 1482 destituta.
1176 1428 1515 1497 Septicollim
1567 1442 1749 1484 autem
1796 1430 1969 1485 Grmci

398 1517 733 1570 ὲπταϐοὖνον
782 1531 1002 1573 vocant.
1076 1519 1273 1590 Ulquid
1331 1522 1492 1591 igitur
1546 1523 1767 1575 Latinos
1812 1523 1968 1576 dam-

401 1612 568 1663 nant?
598 1613 707 1665 Cur
734 1614 785 1665 in
824 1631 917 1668 nos
942 1616 1270 1667 invehuntur
1314 1632 1437 1667 cum
1488 1630 1613 1671 vera
1655 1614 1968 1679 scribimus,

400 1713 588 1757 contra
614 1722 753 1773 quos
785 1714 862 1759 tot
893 1716 1074 1775 aperta
1111 1707 1361 1761 vaticinia
1408 1709 1820 1774 protestantur?
1853 1705 1971 1761 Non

402 1810 530 1860 ergo
566 1797 693 1851 unio
728 1795 889 1863 facta,
920 1799 1015 1853 sed
1054 1798 1184 1852 unio
1243 1797 1386 1860 ficta,
1420 1797 1485 1850 ad
1554 1797 1717 1851 fatale
1785 1796 1974 1851 urbem

404 1890 652 1944 trahebat
705 1891 1014 1957 excidium;
1099 1884 1208 1961 quo
1268 1890 1506 1945 divinam
1545 1891 1678 1944 iram
1738 1899 1980 1944 matura-

405 1987 513 2031 tam
548 1979 600 2033 in
632 1981 800 2035 hosce
856 1981 972 2036 dies
1003 1983 1216 2037 venisse
1262 1974 1637 2053 cognovimus.
1693 1980 1977 2035 Excitatus

405 2068 589 2139 itaque
622 2070 673 2124 in
737 2071 974 2125 furorem
1032 2071 1193 2139 Deus,
1239 2073 1386 2126 misit
1430 2072 1738 2127 Maltometlt
1796 2089 1974 2141 regem

407 2162 845 2225 potentissimum
890 2163 1264 2218 Teucrorum:
1298 2162 1699 2217 adolescentem
1759 2162 1976 2230 quidem

404 2252 692 2316 audacem,
722 2255 1094 2317 ambitiosum,
1121 2255 1507 2318 temulentum,
1535 2252 1977 2309 Christianorum

407 2343 694 2412 capitalem
721 2347 930 2401 hostem
962 2364 977 2400 :
1004 2346 1094 2417 qui
1126 2347 1296 2401 Nonis
1328 2348 1528 2417 Aprilis
1555 2356 1681 2402 ante
1703 2345 1980 2402 Constan-

408 2434 663 2501 tinopolis
700 2444 1071 2506 prospectum,
1117 2453 1240 2491 cum
1277 2437 1540 2491 tercentis
1565 2445 1620 2492 et
1667 2439 1808 2491 ultra
1860 2436 1978 2489 mil-

411 2525 552 2580 libus
573 2534 935 2596 pugnatorum
964 2528 1017 2581 in
1040 2544 1173 2598 gyro
1195 2539 1350 2583 terrae
1365 2538 1545 2585 castra
1566 2529 1981 2599 papilionesque

408 2617 651 2671 confixit.
677 2618 872 2675 Milites
888 2620 1089 2689 majore
1113 2617 1649 2690 numerolequestrcs,
1670 2634 1978 2692 quanquam

410 2726 599 2764 omnes
627 2711 835 2777 pedites
872 2712 1044 2782 magis
1079 2713 1481 2781 expugnabant.
1528 2712 1673 2768 Inter
1694 2727 1833 2783 quos
1891 2729 1980 2782 pe-

410 2803 553 2858 dites
577 2803 641 2856 ad
676 2804 815 2873 regis
843 2803 1149 2859 custodiam
1186 2803 1428 2873 deputati
1464 2803 1717 2870 audaces,
1759 2804 1852 2872 qui
1911 2803 1980 2858 ab

410 2892 697 2949 elementis
739 2894 1031 2950 Christiani
1083 2905 1176 2949 aut
1226 2894 1666 2949 Christianorum
1731 2893 1849 2956 filii,
1897 2907 1983 2946 re-

415 2995 652 3042 trorsum
686 2988 960 3055 conversi,
1005 2988 1133 3042 dicti
1187 2988 1459 3053 Geuizari,
1492 2998 1550 3042 ut
1609 2988 1751 3057 apud
1805 2985 1979 3042 Mace-

410 3075 611 3131 donem
669 3077 1059 3148 Myrmidones,
1130 3079 1286 3150 quasi
1323 3078 1634 3150 quindecim
1672 3078 1864 3133 millia.
1900 3078 1980 3133 Ad

412 3168 632 3224 tertium
666 3180 846 3225 autem
891 3172 1061 3237 diem,
1111 3183 1328 3243 captato
1362 3172 1513 3226 urbis
1538 3170 1668 3236 situ,
1703 3171 1985 3226 machinas

414 3264 730 3319 innumeras
749 3266 1151 3337 craticulaSque
1174 3284 1238 3322 ex
1274 3264 1524 3339 virgultis
1571 3263 1987 3334 viminibusque

415 3366 699 3412 contextas
728 3359 1169 3413 circummuralis
1203 3358 1401 3413 vallum
1453 3357 1653 3427 quibus
1684 3365 1987 3427 pugnantes

418 3458 757 3516 tegerentur,
788 3446 1011 3503 fossatis
1055 3449 1317 3504 admovit.
1377 3447 1597 3503 Initium
1645 3445 1988 3502 confusionis

419 3537 519 3591 hoc
540 3549 785 3591 nostrum
821 3537 941 3605 fuit,
970 3540 1141 3609 utqui
1188 3541 1309 3596 telis
1371 3540 1863 3609 machinarumque
1908 3538 1988 3593 la-

418 3627 636 3697 pidibus
688 3629 842 3701 juxta
879 3631 1066 3686 datum
1117 3631 1367 3686 ordinem
1430 3631 1646 3687 eminus
1691 3627 1987 3699 repellendi

416 3732 597 3791 crant,
630 3724 895 3796 neglectis
942 3723 1194 3795 singulis,
1230 3726 1481 3781 cominus
1523 3726 1833 3795 proximare
1872 3742 1992 3796 per-

418 3818 707 3873 miserunt.
735 3816 965 3873 Tantum
997 3834 1186 3874 eorum
1215 3818 1466 3875 ordinem
1508 3820 1845 3876 instruendis
1872 3836 1990 3875 ma-

416 3908 617 3972 chinis,
668 3916 872 3963 tantam
934 3910 1442 3980 promptitudinem,
1490 3920 1690 3966 tantam
1747 3913 1989 3968 acierum

419 4001 819 4071 providentiam
847 4003 1070 4073 quidam
1105 4013 1197 4059 aut
1232 4004 1439 4074 Scipio,
1465 4014 1559 4060 aut
1600 4005 1861 4069 Annibal,
1898 4012 1994 4060 aut

420 4094 665 4149 moderni
698 4094 824 4149 belli
848 4096 1014 4151 duces
1044 4096 1297 4152 admirati
1331 4097 1584 4156 fuisSent.
1616 4096 1721 4154 Sed
1744 4099 1866 4167 quis
1894 4099 1993 4154 ob-

418 4203 594 4253 secro,
632 4189 1062 4245 circumvallavit
1087 4188 1451 4259 urbemiqui,
1488 4192 1590 4248 nisi
1616 4192 1801 4262 perfidi
1835 4193 1993 4247 Chri-

417 4279 579 4335 stiani
601 4280 910 4336 instruxere
933 4280 1059 4335 Tem
1081 4282 1201 4337 rosl
1231 4281 1405 4335 Testis
1433 4296 1577 4347 sum,
1615 4283 1756 4352 quod
1786 4282 1990 4346 Graeci,

417 4374 562 4445 quod
592 4372 792 4441 Latini,
826 4373 970 4447 quod
1003 4373 1281 4437 Germani,
1327 4376 1643 4440 Pannones,
1673 4373 1885 4439 Boetcs,
1925 4390 1989 4428 ex

418 4471 661 4523 omnium
680 4467 1113 4524 Christianorum
1140 4467 1452 4538 regionibus
1475 4467 1699 4522 Teucris
1722 4464 1992 4522 commisti

418 4574 582 4627 Opera
605 4573 792 4613 eorum
813 4558 1075 4628 fidemque
1095 4558 1404 4613 didicerunt
1424 4561 1543 4627 :qui
1561 4559 1849 4612 immanius
1872 4557 1992 4613 fidei

416 4651 747 4707 Christiana:
774 4650 927 4706 obliti
972 4651 1164 4705 urbem
1203 4652 1611 4720 expugnabant.
1649 4646 1693 4704 Ο
1718 4651 1869 4722 impii
1898 4652 1992 4720 qui

418 4743 698 4799 Christum
726 4743 1040 4813 abnegastis
1065 4744 1077 4798 l
1114 4760 1145 4796 ο
1167 4742 1427 4798 satellites
1461 4744 1809 4809 AntichriSti,
1839 4745 1996 4800 dam-

421 4831 532 4885 nati
557 4830 948 4901 gehennalibus
972 4831 1232 4889 flammis!
1263 4845 1479 4905 tempus
1504 4835 1605 4889 hoc
1624 4845 1862 4890 vestrum
1884 4843 1990 4893 est.

421 4924 664 4996 Satagite
690 4940 888 4994 augere
912 4925 1063 4981 vobis
1085 4942 1297 4996 pinnas,
1330 4942 1469 4997 quas
1497 4929 1659 4983 luatis
1688 4940 1942 4986 aaternas.
1970 4932 1993 4996 ε

492 5018 817 5073 IIorribilem
841 5019 1065 5089 perinde
1085 5019 1459 5083 bombardam,
1485 5036 1795 5091 quanquam
1816 5023 1995 5091 major

418 5112 547 5177 alia,
571 5128 692 5181 quae
733 5109 1013 5167 confracta
1047 5111 1167 5177 fuit,
1205 5127 1367 5181 quam
1403 5112 1491 5166 vix
1522 5111 1684 5168 boum
1719 5113 1994 5184 quinqua-

419 5206 569 5271 ginta
595 5214 812 5259 centum
839 5205 967 5275 juga
995 5205 1284 5265 vehebant,
1315 5206 1380 5258 ad
1404 5213 1614 5275 partem
1646 5203 1791 5259 illam
1812 5220 1995 5259 muro-

417 5312 539 5351 rum
581 5296 936 5365 simplicium,
969 5313 1091 5367 qua:
1123 5313 1225 5353 nec
1256 5297 1499 5360 fossatis,
1541 5311 1639 5351 nec
1668 5295 1992 5350 antemurali

422 5389 725 5456 tutabatur,
758 5388 1095 5460 Calegariam
1143 5390 1370 5453 dictam,
1404 5390 1650 5459 figentes,
1685 5385 1865 5457 lapide
1898 5386 1992 5455 qui

420 5482 613 5547 t-almis
632 5482 883 5538 undecim
913 5497 976 5538 ex
999 5484 1135 5538 meis
1166 5483 1407 5537 ambibat
1431 5481 1484 5535 in
1512 5495 1664 5553 gyro,
1695 5496 1759 5537 ex
1788 5494 1851 5535 ea
1876 5494 1996 5535 mu-

420 5582 540 5626 rum
569 5575 952 5630 conterebant.
974 5577 1105 5629 Erat
1127 5585 1305 5630 tamen
1332 5590 1522 5630 murus
1545 5573 1787 5641 perlatus
1811 5572 1996 5628 fortis-

420 5678 547 5734 que,
600 5665 689 5735 qui
743 5674 921 5723 tamen
973 5666 1237 5722 machinae
1286 5673 1392 5723 tam
1439 5664 1686 5725 horribili
1742 5665 1990 5722 cedebat.

2070 428 2273 490 etabat,
2339 444 2407 482 ne
2479 430 2703 483 tristitia
2762 430 2814 484 in
2879 440 3027 484 tanto
3097 431 3394 485 certamine
3460 433 3642 493 adice,-

2070 529 2243 584 retur,
2308 521 2474 589 jussit
2537 538 2661 578 mox
2724 523 2887 577 aliam
2944 524 3102 592 longe
3167 524 3391 591 majoris
3455 524 3646 577 formas

2070 613 2340 669 conﬂari:
2403 631 2589 684 quam,
2635 626 2694 669 ut
2749 619 2923 681 aiunt,
2973 617 3246 670 industria
3324 617 3648 671 CalibasPize

2072 704 2378 758 consularis
2444 704 2673 759 Baronis
2733 707 2891 760 amici
2956 708 3175 766 artifex,
3246 722 3521 774 nunquam
3578 708 3646 759 ad

2070 792 2369 861 perfectum
2428 798 2709 859 conduxit,
2745 798 2866 852 aliis
2916 798 3284 851 me-liocribus
3339 798 3648 852 innumeris

2073 884 2333 939 collidere
2400 888 2588 941 urbem
2646 890 2914 942 machinis
2943 889 3312 957 undequaque
3368 890 3651 943 conaban-

2074 982 2183 1028 tur.
2250 976 2486 1045 Sclopis.
2565 980 2891 1048 spingardis,
2962 982 3360 1044 zarhathanis,
3426 980 3648 1045 fundis,

2073 1069 2287 1135 sagittis
2336 1070 2452 1123 dies
2518 1082 2819 1138 noctesque
2881 1086 3065 1125 nturos
3137 1072 3499 1140 hominesque
3545 1088 3651 1125 no-

2074 1169 2219 1213 stros
2292 1161 2562 1215 vexabant
2618 1166 3054 1231 mactabantque.
3107 1162 3451 1217 Existimavit
3504 1165 3648 1216 enim

2076 1249 2251 1304 hostis
2295 1251 2637 1308 Christianos
2674 1268 2796 1307 esse
2826 1268 3048 1320 paucos,
3078 1270 3216 1321 quos
3244 1254 3462 1309 assidua
3518 1272 3650 1325 pro-

2078 1348 2248 1394 tratos
2280 1341 2642 1412 fatigatosque
2697 1361 2869 1413 pugna
2920 1348 3104 1399 urbem
3149 1348 3286 1399 tueri
3330 1363 3431 1399 non
3472 1364 3648 1415 posse.

2076 1429 2633 1501 lgnominioseigitur
2663 1435 2863 1489 factum
2909 1442 3022 1499 est,
3066 1446 3122 1488 ut
3160 1436 3335 1504 primo
3385 1437 3473 1489 illo
3521 1454 3654 1490 con-

2079 1538 2297 1592 gressu,
2332 1522 2528 1577 Teucri
2558 1523 2904 1579 obstaCqum
2940 1541 3047 1579 non
3090 1526 3416 1578 invenerint.
3472 1528 3538 1578 Λι
3599 1528 3654 1580 in

2080 1615 2197 1667 dies
2228 1616 2498 1669 det-tiores
2521 1617 2693 1669 nostri
2725 1616 2883 1680 facti,
2923 1632 3179 1685 paravere
3235 1628 3422 1672 contra
3473 1619 3653 1673 hostes

2088 1706 2543 1770 machinamenta,
2570 1724 2688 1775 quze
2714 1718 2890 1761 tamen
2924 1724 3085 1763 avare
3118 1708 3409 1763 dabantur.
3466 1706 3654 1765 Pulvis

2086 1806 2203 1851 crat
2226 1798 2349 1852 nitri
2379 1798 2915 1865 modicus,exignus,
2939 1799 3041 1853 tela
3073 1800 3317 1853 modica:
3345 1801 3653 1853 bombarda‘.

2086 1889 2130 1942 si
2163 1889 2413 1956 aderant,
2448 1890 2897 1946 incommoditate
2933 1890 3045 1946 loci
3086 1892 3324 1961 primum
3357 1892 3543 1947 hostes
3569 1893 3657 1947 of-

2087 1978 2331 2045 fendere,
2354 1981 2698 2036 macericbtts
2723 1981 3000 2050 alveisque
3020 1990 3215 2045 tectos,
3236 1998 3343 2035 non
3378 1992 3652 2050 poterant.

2088 2071 2223 2124 Nam
2258 2071 2304 2125 si
2336 2087 2458 2140 qua:
2492 2086 2706 2143 magna?
2733 2080 2912 2137 erant,
2948 2088 3014 2127 ne
3044 2087 3236 2126 murus
3267 2080 3658 2126 concuterelur

2088 2176 2295 2232 noster,
2336 2167 2729 2236 quiescebant:
2763 2166 3036 2222 interdum
3062 2165 3117 2221 in
3150 2180 3358 2221 cuneos
3413 2166 3658 2220 hostium

2087 2263 2325 2325 emissas,
2349 2270 2401 2315 et
2418 2261 2685 2323 homines,
2712 2268 2767 2314 et
2792 2260 3025 2315 tentoria
3048 2261 3512 2315 exterminabant.
3539 2258 3658 2313 Non

2086 2354 2233 2407 enim
2268 2354 2323 2408 in
2344 2368 2542 2407 vanum
2571 2352 2938 2422 jaciebantur,
2968 2368 3107 2417 quas
3141 2353 3309 2407 illisas
3344 2353 3531 2407 hostes
3563 2353 3663 2405 de-

2089 2428 2294 2499 clinare
2320 2459 2428 2499 non
2482 2453 2752 2515 poterant.
2779 2444 2965 2513 Itaque
3010 2445 3276 2529 cadebant
3320 2443 3522 2498 Teucri
3562 2446 3657 2498 icti

2089 2538 2256 2592 aeneis
2274 2536 2394 2592 telis
2411 2535 2808 2606 lapidibusque.
2826 2534 3267 2591 Vulnerabautur
3282 2539 3511 2592 etnostri
3532 2556 3544 2591 :
3565 2539 3659 2607 qui

2096 2627 2426 2699 quandoque
2448 2628 2647 2682 vallum
2675 2627 3042 2694 egredientes,
3065 2628 3130 2681 ad
3158 2643 3354 2683 manus
3372 2628 3663 2683 decertan-

2090 2730 2174 2775 tes
2201 2729 2256 2774 et
2299 2720 2622 2776 occidebant
2663 2729 2716 2776 et
2745 2719 3158 2775 occidebantur.
3188 2720 3427 2776 Victoria
3459 2737 3524 2776 ex
3557 2722 3662 2776 hoc

2087 2812 2297 2880 aequius
2338 2812 2621 2883 tyronibus
2666 2812 2889 2874 nostris,
2932 2812 3074 2881 quod
3105 2812 3525 2881 egrediebantur
3554 2814 3663 2867 im-

2088 2903 2291 2973 pavidi,
2317 2918 2479 2972 quam
2505 2902 2731 2958 Teucris
2751 2903 3000 2957 dabatur.
3027 2901 3221 2956 Verum
3244 2904 3496 2972 quoniam
3519 2906 3666 2957 malo

2009 3017 2054 3075 c
2089 2995 2201 3052 fato
2231 2996 2468 3051 Joannes
2518 2995 2738 3066 Longus
2766 2994 3081 3059 Januensis,
3128 2996 3194 3050 de
3222 2995 3661 3051 Justinianorum

2088 3086 2341 3157 prosapia
2368 3087 2604 3151 ,duabus
2643 3103 2768 3143 cum
2800 3089 3029 3144 navibus
3068 3088 3443 3158 suismagnis,
3482 3098 3537 3143 et
3573 3106 3668 3144 ar-

2091 3180 2253 3234 matis
2276 3180 2497 3234 circiter
2520 3180 2934 3250 quadringentis
2958 3195 3107 3235 mare
3125 3179 3493 3243 decursitans,
3523 3180 3668 3235 forte

2088 3270 2337 3334 veniens,
2371 3270 2642 3338 stipendio
2670 3272 2947 3341 ascriptus
2990 3272 3353 3340 imperatoris,
3404 3272 3663 3326 ducatum

2090 3361 2297 3417 militia:
2323 3361 2588 3427 obtinuit;
2613 3371 2834 3419 strenue
2851 3364 3139 3419 defensare
3161 3364 3351 3420 urbem
3378 3363 3549 3427 visus,
3574 3380 3667 3418 re-

2090 3452 2356 3524 parationi
2375 3453 2752 3510 demolitorum
2767 3471 3044 3512 murorum
3064 3457 3374 3527 vigilantius
3389 3456 3671 3512 incumbe-

2090 3545 2180 3601 bat
2215 3563 2228 3600 :
2269 3546 2462 3603 Teucri
2494 3548 2735 3603 animum
2792 3549 3044 3618 viresque
3074 3548 3328 3604 deludere
3356 3548 3668 3603 videbatur.

2090 3637 2225 3692 Nam
2281 3648 2489 3709 quanto
2540 3640 2717 3698 hostis
2772 3641 2917 3697 mole
2948 3642 3185 3712 ingentis
3231 3641 3428 3711 lapidis
3474 3656 3669 3696 muros

2090 3728 2588 3796 conterebat,tanto
2613 3729 2700 3785 hie
2715 3730 3016 3786 animosius
3033 3731 3344 3793 sarmentis,
3367 3733 3555 3795 humo,
3577 3746 3671 3782 va-

2094 3816 2281 3886 sisque
2310 3819 2536 3874 vinariis
2558 3819 3025 3890 intercompositis
3056 3822 3371 3890 reparabat.
3430 3820 3548 3887 Qua
3600 3823 3668 3877 de

2094 3925 2153 3964 re
2179 3907 2425 3965 Teucrus
2474 3911 2722 3975 delusus,
2753 3912 3015 3982 cogitavit
3057 3930 3162 3968 non
3222 3913 3550 3967 cessandum
3600 3914 3669 3968 ab

2095 4000 2298 4057 ictibus
2330 4001 2742 4068 machinarum;
2790 4003 2885 4059 sed
2937 4003 3145 4058 fortiori
3186 4018 3343 4070 cura,
3390 4005 3671 4058 subterra-

2097 4094 2212 4149 neis
2246 4094 2395 4150 cavis
2423 4094 2597 4149 furari
2632 4095 2843 4150 urbem.
2886 4094 3215 4151 Miuerarum
3239 4096 3506 4162 fossores,
3529 4112 3670 4166 quos

2095 4204 2160 4242 ex
2223 4200 2365 4242 novo
2430 4187 2589 4243 brolo
2665 4188 3004 4242 conduxerat
3065 4188 3353 4256 magistros
3410 4188 3670 4243 accersiri

2094 4277 2279 4348 jussit.
2311 4278 2501 4348 Lignis
2525 4279 3014 4349 instrumentisque
3033 4277 3275 4335 advectis
3297 4279 3481 4334 solerti
3509 4293 3667 4344 cura,

2099 4374 2177 4429 uti
2213 4373 2558 4444 imperatum,
2592 4381 2771 4427 actum
2820 4381 2926 4437 est,
2954 4383 3010 4425 ut
3065 4388 3187 4426 mox
3243 4386 3339 4441 per
3384 4372 3671 4427 cuniculos

2102 4474 2382 4520 tentarent
2413 4466 2761 4519 fundamenta
2791 4464 3064 4519 suffodere
3096 4473 3499 4533 penetrareque
3550 4480 3670 4518 om-

2098 4558 2354 4612 nifariqu
2393 4557 2544 4612 urbis
2577 4571 2814 4610 murttm.
2858 4557 2925 4608 At
2951 4572 3072 4609 cum
3123 4570 3151 4607 a
3210 4553 3582 4611 fundamentis
3618 4556 3672 4623 (ο

2096 4636 2210 4704 rem
2242 4649 2543 4705 mirabilem
2572 4650 2611 4717 ε)
2647 4647 2881 4718 primum
2904 4646 3015 4718 jam
3043 4646 3241 4701 vallum
3264 4657 3315 4701 et
3334 4648 3672 4701 autemnrale

2097 4740 2350 4796 mirando
2437 4756 2559 4795 cum
2646 4738 2868 4794 silentio
2944 4739 3372 4801 subcavassent;
3441 4736 3673 4794 Joannis

2096 4824 2315 4888 Grande
2350 4832 2623 4897 Alemani,
2656 4832 2929 4903 ingeniosi
2962 4831 3169 4897 militis,
3207 4848 3387 4887 rerum
3453 4830 3674 4886 bellicae

2099 4941 2219 4979 rum
2254 4924 2586 4986 doctissimi,
2628 4938 2790 4992 quem
2819 4921 3061 4979 Joannes
3084 4921 3427 4977 Justinianus
3468 4923 3675 4977 militiae

2099 5017 2206 5070 dux
2239 5017 2618 5072 centurionem
2644 5013 3007 5081 conduxerat,
3064 5015 3330 5071 industria
3355 5024 3409 5071 et
3465 5018 3679 5087 sagaci-

2099 5118 2208 5165 tatc
2241 5124 2379 5177 opus
2409 5109 2681 5164 detectum
2739 5116 2821 5165 est
2855 5125 2870 5162 :
2900 5108 3421 5179 exploratorumque
3473 5109 3525 5164 id
3581 5110 3673 5163 lir-

2099 5211 2305 5257 matum
2326 5202 2610 5265 relatione,
2642 5201 2853 5255 animos
2886 5201 3130 5255 omnium
3153 5201 3465 5257 commovit.
3498 5200 3675 5257 Caeci

2098 5311 2222 5351 cum
2257 5296 2456 5351 dudum
2488 5294 2829 5359 Barsicham,
2875 5293 3078 5357 Amoti,
3140 5294 3477 5365 Antoratque
3515 5294 3674 5366 geni-

2100 5396 2272 5443 torem
2310 5387 2492 5456 hujus,
2530 5385 2772 5457 pristinis
2807 5385 2963 5440 bellis
3004 5385 3208 5440 frustra
3270 5386 3553 5443 laborasse
3616 5388 3672 5443 in

2100 5480 2344 5535 cavanda
2366 5480 2499 5535 urbe
2525 5480 2932 5549 cognovissent,
2990 5479 3329 5548 impossibile
3381 5495 3476 5547 per
3525 5480 3675 5537 hunc

2101 5572 2216 5627 ficri
2252 5587 2411 5641 posse
2432 5570 3063 5638 afﬁrmabant.Quorum
3100 5572 3285 5639 opinio
3310 5588 3371 5627 ex
3406 5572 3532 5628 facti
3556 5575 3674 5629 evi-

2101 5662 2284 5719 dentia
2309 5663 2538 5721 confusa
2579 5672 2686 5719 cst.
2735 5662 2921 5734 Itaque
2950 5661 3253 5734 penetralia
3311 5663 3424 5720 hac
3468 5666 3672 5720 nostris
