4022 6196
384 257 494 332 999

1491 273 1588 334 DE
1631 273 2232 339 EXI’UGNATIONE
2267 277 2554 341 CI‘OLIS.

3549 271 3656 336 930

383 382 890 441 reconl'ossionihus
935 385 1170 454 detecta,
1229 388 1418 443 urbem
1458 407 1567 446 non
1621 393 1808 447 laesere
1852 395 1970 451 :ti-

2087 400 2264 469 irrigat
2294 407 2496 454 terram
2547 415 2564 456 :
2597 399 2766 455 Detur
2802 412 3016 452 summo
3043 393 3288 467 pontiﬁci
3321 407 3654 446 commemo-

382 493 587 531 morem
622 487 803 532 tamen
841 478 1117 547 ingentem
1177 497 1206 535 a
1268 481 1643 537 fundamentis
1705 485 1960 540 confossa

382 569 572 632 turris,
598 571 792 640 ligneis
829 572 986 642 stylis
1014 572 1360 630 bituminatis
1391 575 1601 639 innixa,
1659 578 1822 632 nobis
1882 579 1964 630 in-

381 662 536 716 ussit.
572 660 677 716 Sed
712 671 886 716 utres
932 664 990 716 in
1028 664 1204 719 lucem
1242 667 1686 736 venit,-repulsis
1719 669 1844 738 igne
1909 677 1964 725 et

382 753 646 820 sulphure
699 755 950 811 hostibus
980 771 1008 810 e
1040 759 1265 815 latebris
1301 770 1704 828 reconstructa,
1746 777 1870 817 mox
1899 764 1966 818 ti-

384 861 590 902 morem
629 849 896 905 excussit.
929 849 1250 922 Composuit
1281 853 1509 923 perinde
1540 855 1749 925 ligneas
1785 864 1966 912 turres

378 942 533 1012 juxta
571 944 796 1008 vallum,
831 945 996 1000 humo
1022 947 1230 1027 plenas,
1271 949 1506 1018 pellibus
1540 951 1700 1005 boum
1732 950 1968 1006 circum-

384 1043 582 1096 tectas.
642 1051 707 1091 ex
745 1037 944 1106 quibus
1004 1038 1231 1095 lassatis
1289 1041 1428 1095 clam
1482 1050 1681 1096 terram
1719 1044 1968 1114 quisqui-

383 1127 595 1197 liasque
619 1138 676 1182 ut
712 1129 888 1185 facilis
921 1131 1002 1187 eis
1037 1133 1189 1188 ﬁeret
1226 1135 1529 1203 ingressus,
1565 1136 1964 1192 immittebant.

382 1221 574 1277 Crates
609 1222 803 1278 deinde
842 1224 1166 1308 innumeras
1194 1241 1258 1280 ex
1280 1227 1536 1296 virgultis
1558 1229 1968 1300 viminibnsquc

384 1323 694 1379 eontextas,
725 1327 904 1374 eattos
937 1319 1207 1388 oblongos
1249 1323 1541 1391 scalasque
1582 1331 1816 1386 rotatas,
1842 1339 1970 1379 cur-

386 1424 481 1461 rus
543 1412 860 1465 eastellatos
917 1412 1157 1481 taliaque
1197 1414 1658 1476 machinamenta,
1717 1432 1839 1486 quae
1879 1417 1968 1472 vix

383 1498 612 1554 Romani
639 1501 904 1556 adversus
941 1501 1141 1558 Poenos
1167 1503 1636 1560 eonstruxissent.
1662 1503 1968 1561 Bombarda

383 1603 645 1655 praeterea
680 1594 770 1648 illa
807 1594 1018 1662 ingens,
1049 1611 1114 1650 eo
1143 1596 1289 1665 quod
1329 1595 1680 1667 Caligaream
1744 1608 1971 1653 strenue

387 1694 696 1752 reparatam
743 1687 1012 1743 adversus
1073 1705 1179 1744 non
1215 1690 1526 1758 proﬁceret,
1564 1689 1729 1742 alium
1788 1688 1967 1744 locum

2067 492 2296 549 rationis
2319 493 2517 558 honos,
2544 492 2638 548 sed
2660 494 2938 548 decretum
2970 491 3300 547 Florentium
3329 487 3520 559 synodi
3550 503 3657 540 non

2069 585 2296 657 legatur.
2321 585 2429 640 Cttr
2451 587 2574 654 hoc,
2619 585 2946 656 hypocrita?
2975 583 3043 640 Ut
3075 586 3323 639 deleatur
3346 579 3568 652 (inquit)
3593 596 3657 633 ex

2069 679 2311 745 decreto,
2337 681 2484 748 quod
2507 680 2747 748 Spiritus
2773 689 3000 735 sanctus
3026 695 3087 734 ex
3113 677 3273 740 Filio.
3306 677 3662 746 quemadmo-

2067 771 2194 824 dum
2222 786 2285 825 ex
2318 769 2476 826 Patre
2505 771 2770 840 procedit.
2808 770 2917 825 Cur
2941 770 3092 828 item.
3114 767 3436 839 hypocrita?
3466 783 3532 819 ne
3567 781 3658 820 er-

2070 877 2224 918 rasse
2253 862 2544 917 videantur
2569 863 2766 925 Graeci,
2798 863 2842 916 si
2870 859 3059 915 dicant
3097 860 3234 915 duos
3269 859 3446 914 sancti
3481 855 3657 925 Spiri-

2071 965 2160 1010 tus
2177 954 2561 1025 productores.
2582 954 2688 1011 Sed
2707 971 2802 1010 cur
2820 955 3041 1014 iterum,
3063 955 3312 1019 obsecro,
3333 948 3656 1022 hypocrita?

2070 1041 2150 1098 Ne
2188 1043 2351 1098 detur
2385 1044 2436 1098 ei
2469 1044 2560 1112 qui
2591 1053 2760 1096 totam
2791 1042 2894 1096 sibi
2951 1055 3016 1096 ex
3048 1041 3225 1094 ollicio
3261 1047 3480 1108 captare
3505 1038 3659 1104 cupit

2071 1135 2339 1205 gloriam;
2378 1134 2695 1190 intendebat
2721 1149 2785 1188 ex
2844 1149 2948 1187 una
3008 1142 3157 1198 parte
3209 1129 3548 1190 Scholarius,
3592 1145 3657 1181 ex

2062 1228 2239 1282 ‘altera
2267 1227 2547 1292 Chirluca,
2592 1227 2924 1296 quandoque
2974 1223 3039 1278 ad
3095 1222 3439 1294 praesentiam
3486 1230 3660 1277 semet

2073 1319 2430 1388 apostolicam
2481 1316 2750 1384 conferre,
2817 1327 2872 1373 ut
2933 1317 2987 1371 hi
3019 1325 3203 1371 essent
3245 1316 3336 1384 qui
3393 1314 3492 1369 soli
3545 1328 3656 1367 rem

2075 1410 2411 1465 intellexisse
2447 1409 2788 1471 viderentur,
2821 1410 3028 1479 quique
3085 1407 3242 1478 primi
3301 1405 3656 1459 laudarentur

2074 1509 2240 1558 tanta:
2272 1501 2496 1556 unionis
2560 1511 2834 1557 auctores.
2888 1501 3168 1555 Adversus
3223 1497 3368 1554 enim
3420 1497 3657 1567 legatum

2076 1593 2228 1648 multi
2277 1593 2481 1648 invidia
2535 1593 2786 1648 clanculo
2846 1591 3272 1662 torquebantur.
3325 1589 3464 1658 Ergo
3504 1588 3664 1640 dixit

2074 1682 2378 1750 Paterisne,
2420 1698 2452 1736 0
2490 1683 2821 1753 imperator!
2889 1691 2940 1735 ut
2979 1684 3092 1736 haec
3149 1681 3377 1735 ambitio
3439 1677 3654 1732 scindat

385 1777 712 1832 Raetatinea:
746 1781 936 1840 turris.
1003 1781 1157 1849 juxta
1217 1779 1408 1836 Sancti
1469 1781 1697 1835 Romani
1759 1789 1970 1852 portam
2001 1752 2048 1812 Β
2079 1773 2400 1835 Ecclesiam,
2428 1781 2486 1827 ut
2510 1752 2676 1842 hujus
2695 1772 2772 1826 rei
2798 1771 2968 1839 gratia
2993 1771 3170 1823 divina
3227 1770 3304 1823 ira
3338 1766 3510 1837 magis
3550 1781 3662 1820 ma-

385 1870 511 1924 inde
563 1871 813 1935 dimota,
879 1872 1058 1939 lapide
1122 1873 1173 1926 in
1236 1888 1300 1927 ea
1359 1873 1726 1928 aestimatione
1807 1873 1962 1929 mille

387 1960 756 2015 ducentarum
780 1962 1041 2015 librarum
1063 1963 1300 2016 interdiu
1319 1963 1551 2029 collidit,
1568 1963 1823 2018 collisum
1845 1979 1979 2018 eon-

385 2051 522 2104 eutit
551 2068 566 2105 :
595 2066 922 2106 concussum
980 2055 1324 2106 exterminat.
1384 2051 1561 2106 Ruina
1614 2053 1786 2107 turris
1815 2061 1978 2108 ante-

387 2144 615 2199 muralis
645 2144 912 2200 lossatum
941 2145 1112 2214 replet
1154 2152 1443 2213 aequatque
1470 2144 1578 2197 :ita
1603 2153 1664 2198 ut
1693 2145 1780 2198 via
1805 2143 1979 2200 hosti-

386 2236 517 2301 bus,
549 2253 656 2306 qua
684 2236 984 2293 decurrere
1005 2245 1255 2306 possent.
1284 2245 1453 2289 strata
1483 2244 1836 2291 cerneretur:
1867 2236 1976 2293 nisi

385 2328 513 2396 quia
530 2330 744 2384 concite
763 2327 1085 2389 introrsum,
1108 2328 1186 2383 uti
1207 2330 1259 2382 in
1279 2326 1581 2397 Caligarete
1599 2327 1974 2394 demolitione,

385 2420 660 2490 reparatio
683 2419 822 2473 facta
845 2418 1062 2485 fuisset,
1089 2419 1234 2473 haud
1257 2419 1426 2474 dubio
1447 2418 1652 2489 impetu
1678 2418 1869 2471 urbem
1896 2417 1979 2471 in-

386 2519 647 2567 trassent.
684 2510 874 2583 Itaque
907 2511 1157 2566 Teucrus
1183 2511 1519 2575 demolitnm,
1549 2525 1705 2578 quam
1739 2509 1974 2580 primum

388 2609 755 2657 restauratum
791 2610 851 2657 ut
871 2603 1157 2674 conspexit
1185 2619 1441 2659 murum:
1483 2602 1600 2658 Non
1637 2602 1975 2667 Craacorum,

389 2695 589 2764 inquit,
622 2695 716 2750 sed
751 2694 1091 2750 Francorum
1129 2696 1230 2750 hoc
1260 2694 1538 2765 ingenium
1585 2702 1690 2757 est,
1724 2704 1783 2748 ut
1826 2704 1973 2748 tanta

390 2785 705 2840 resistentia
745 2785 857 2850 ﬁat,
892 2795 1045 2840 tanta
1080 2800 1258 2854 pugna
1288 2802 1303 2842 :
1331 2800 1469 2855 quos
1507 2799 1610 2839 nec
1674 2783 1977 2837 innumera:

387 2881 622 2948 sagittae,
696 2892 794 2932 nec
836 2879 1218 2932 machinarum
1281 2878 1695 2946 ligneorumque
1758 2885 1973 2929 castro-

391 2987 512 3025 rum
543 2970 763 3036 horror,
796 2985 896 3025 nec
927 2970 1246 3031 intermissa
1278 2969 1531 3025 obsessio
1568 2968 1828 3022 deterret.

461 3065 707 3136 Agebant
733 3067 936 3120 interea
965 3065 1191 3129 Galatae,
1221 3066 1333 3121 sive
1355 3063 1642 3123 Perenses,
1663 3074 1973 3132 quanquam
2006 3097 2048 3152 ϐ

392 3161 734 3228 prudentius,
751 3176 815 3214 ne
849 3160 904 3214 in
923 3158 1254 3228 Propontide
1273 3166 1512 3212 castrum
1531 3155 1821 3209 struxisset
1841 3151 1980 3206 Ten-

391 3270 544 3319 crus,
579 3253 867 3309 sollicitam
918 3250 1234 3321 providendi
1267 3262 1456 3303 curam
1492 3261 1635 3300 nunc
1674 3256 1978 3304 armorum,

393 3363 540 3404 nunc
590 3346 846 3409 militum,
869 3343 1123 3400 clanculo
1146 3351 1348 3404 tamen,
1373 3355 1440 3394 ne
1467 3337 1631 3403 hosti,
1654 3337 1746 3406 qui
1789 3347 1978 3402 pacem

394 3457 520 3493 eum
547 3440 629 3493 eis
659 3437 976 3500 simulabat,
1004 3436 1340 3491 innomisset
1369 3449 1386 3490 :
1417 3446 1538 3501 qua:
1569 3445 1658 3484 res
1689 3426 1979 3490 tenuisset,

397 3546 465 3585 ne
515 3531 778 3584 auxilium
827 3528 1054 3599 posthac
1086 3524 1290 3582 Grzecis
1325 3522 1580 3578 conferre
1641 3516 1979 3588 potuissent.

399 3623 490 3676 Sic
520 3623 774 3676 simulata
811 3620 902 3673 illa
932 3635 1032 3688 pax
1087 3618 1209 3672 urbi
1245 3615 1311 3670 ad
1352 3624 1570 3682 tempus
1609 3609 1832 3682 profuit.
1861 3608 1977 3675 Ego

390 3712 601 3783 judicio
626 3725 766 3776 meo,
796 3711 849 3764 ni
877 3708 1056 3775 fallor,
1082 3709 1318 3761 arbitror
1339 3714 1579 3774 apertam
1603 3716 1856 3773 gncrram
1887 3699 1986 3753 Pe-

403 3805 657 3859 rensihns
696 3819 724 3855 a
759 3802 935 3872 primo
959 3801 1346 3863 salubriorem,
1376 3813 1537 3866 quam
1567 3797 1743 3849 ﬁctam
1772 3809 1983 3863 pacem.

400 3897 631 3963 Quidam
663 3895 906 3948 Teucrus
937 3909 1112 3962 neque
1145 3900 1408 3953 castrum,
1435 3887 1581 3956 quod
1617 3885 1984 3940 demolitionis

399 4001 770 4042 cornmcausa
799 3985 920 4049 luit,
953 3983 1316 4047 condidisset,
1339 3994 1512 4048 neque
1545 3991 1799 4046 guerram
1839 3985 1990 4045 post-

406 4082 507 4134 hac
559 4088 669 4133 tam
729 4077 1033 4131 terribilem
1081 4075 1380 4129 intulisset.
1431 4070 1475 4126 Ο
1506 4065 1822 4124 Centtenses
1873 4067 1982 4136 jam

401 4171 804 4243 quodammodo
835 4167 1097 4232 cicurati;
1130 4165 1224 4221 sed
1246 4167 1402 4228 sileo,
1435 4178 1504 4216 ne
1527 4164 1591 4216 de
1619 4161 1752 4214 meis
1773 4161 1984 4228 loquar,

402 4277 542 4331 quos
572 4260 782 4316 externi
815 4275 938 4312 cum
966 4257 1196 4313 veritate
1229 4252 1552 4324 dijudicant.
1582 4248 1686 4305 Ubi
1720 4257 1848 4304 sunt
1878 4249 1987 4315 pri-

404 4357 481 4410 sci
514 4353 703 4423 inclyti
726 4351 1066 4416 Gennenses,
1104 4347 1196 4416 qui
1230 4343 1748 4410 Galatatn,accineti
1785 4340 1984 4410 gladio,

2082 1870 2282 1939 gisque
2319 1866 2516 1921 merito
2545 1865 2916 1921 accendatur?
2951 1863 3059 1918 Cur
3099 1877 3204 1916 non
3229 1878 3258 1915 e
3293 1860 3467 1914 medio
3497 1859 3665 1929 perti-
3749 1857 3792 1872 ’³

2081 1977 2247 2018 naces
2279 1961 2353 2016 illi
2386 1959 2686 2015 tolluntur?
2709 1959 3077 2028 Acquiescere
3143 1957 3438 2026 imperator
3486 1953 3660 2014 visus,

2080 2051 2566 2122 metropolitasque
2598 2049 2970 2115 Scholarium,
2993 2048 3290 2112 lsidornm,
3318 2045 3660 2116 Neophytmn

2079 2140 2506 2211 complicesque,
2560 2139 2773 2209 judices
2851 2139 3162 2204 constituit,
3215 2131 3379 2192 verbo
3419 2137 3660 2206 quidem,

2083 2246 2193 2286 non
2260 2231 2426 2285 facto.
2490 2228 2626 2286 Nam
2679 2231 2725 2286 si
2787 2230 3302 2302 pusillanimitatem
3367 2229 3664 2297 imperator

2079 2327 2441 2392 excussisset,
2505 2327 2650 2382 hanc
2725 2325 2847 2379 lidei
2922 2323 3235 2378 illusionem
3304 2321 3658 2374 vindicasset.

2081 2419 2182 2488 Qui
2215 2421 2359 2476 enim
2409 2421 2748 2483 hominibus,
2807 2419 2916 2472 Deo
2951 2427 3156 2487 spreto,
3197 2414 3524 2482 complacet,
3559 2413 3666 2464 uti-

2085 2531 2190 2583 Que
2227 2514 2614 2570 coafundetur.
2665 2509 2969 2567 Coercendi
3000 2510 3216 2579 quidem
3260 2506 3336 2559 illi
3362 2514 3538 2566 erant,
3571 2506 3661 2572 qui

2080 2607 2124 2659 si
2155 2604 2408 2668 fuissent,
2463 2605 2712 2659 morbum
2742 2600 3059 2673 pestiferum
3114 2613 3220 2652 non
3253 2604 3662 2666 propagassent.

2082 2697 2190 2752 Sed
2226 2699 2438 2767 ignoro,
2476 2705 2733 2751 utrtnnne
2767 2693 3082 2761 imperator,
3123 2699 3222 2742 aut
3265 2687 3475 2752 iudices
3514 2684 3668 2736 dar-~-

2082 2788 2242 2842 nandi
2302 2787 2500 2854 quibus
2541 2783 2900 2840 correctionis
2950 2781 3122 2852 virga,
3155 2792 3468 2847 quanqurtm
3503 2775 3668 2830 mina:

2080 2879 2546 2942 intercessissent,
2613 2875 2823 2928 aberat.

2135 2972 2466 3028 Continuata
2522 2967 2689 3038 igitur
2741 2963 3049 3021 obsidionis
3101 2969 3444 3029 tempestate,
3479 2958 3669 3013 clausa

2081 3066 2237 3125 urbe,
2277 3063 2636 3117 ducentarum
2667 3069 2720 3113 et
2754 3055 3145 3128 quinquaginta
3185 3056 3454 3106 l‘nstarum
3480 3067 3544 3105 ex
3580 3051 3672 3102 di—

2077 3158 2262 3212 versis
2286 3157 2449 3218 Asiat,
2478 3151 2747 3215 Thraeitn,
2773 3149 3043 3218 Pontique
3065 3147 3343 3199 littoribus
3369 3154 3558 3199 contra
3576 3159 3672 3194 ttr—

2084 3251 2204 3306 bem
2232 3248 2495 3316 disposita
2523 3245 2716 3299 classis
2743 3241 2887 3295 venit
2912 3257 2926 3293 :
2950 3237 3090 3292 inter
3108 3252 3243 3306 quas
3273 3238 3525 3290 triremes
3551 3251 3672 3300 sex,

2083 3354 2137 3398 et
2165 3343 2350 3395 det-em
2386 3338 2655 3393 biremes:
2696 3334 3042 3404 septuaginta
3096 3318 3321 3398 reliqua:
3366 3332 3522 3384 iustae
3546 3331 3672 3384 unis

2084 3432 2493 3495 banchorcmis;
2515 3428 2717 3502 cymba:
2741 3428 2904 3482 etiam
2927 3425 3271 3495 barcuheqne
3287 3423 3584 3494 sagittariis
3601 3423 3672 3476 ad

2086 3524 2509 3581 ostentationem
2531 3521 2707 3593 plenae
2728 3519 3067 3574 vehebantur
3096 3536 3109 3572 :
3145 3534 3265 3587 quae
3293 3518 3534 3572 cinctum
3575 3532 3671 3569 ca-

2085 3630 2208 3673 tena
2248 3625 2464 3686 portum
2490 3625 2541 3669 et
2574 3613 2827 3668 manibus
2850 3613 3104 3668 rostratis
3127 3611 3265 3666 bene
3291 3611 3541 3673 armatis,
3563 3607 3670 3664 Ge-

2087 3709 2380 3765 nuensium
2405 3715 2634 3776 septem,
2658 3705 3001 3760 Cretensium
3037 3703 3222 3758 tribus
3248 3701 3561 3770 colligatum
3589 3701 3672 3753 in-

2089 3811 2232 3858 trare
2257 3816 2366 3857 non
2388 3800 2652 3867 valentes,
2672 3798 2853 3854 minus
2877 3797 2942 3851 ad
2970 3795 3146 3851 stadia
3169 3803 3392 3849 centum
3429 3792 3672 3860 Propon—

2089 3897 2217 3950 tidis
2249 3894 2366 3964 ripa
2399 3893 2669 3948 anchoras
2703 3892 2898 3963 ﬁgunt.
2949 3889 3016 3943 Et
3047 3903 3171 3941 cum
3205 3885 3518 3956 proximare
3562 3900 3670 3935 non

2089 3987 2374 4051 auderent,
2404 4000 2551 4038 mare
2576 4000 2605 4038 e
2636 3984 2795 4049 longe
2824 3981 3118 4041 snlcantes,
3143 3975 3437 4046 lignatnina
3466 3972 3677 4041 aliaque

2090 4079 2531 4134 machinamenta
2549 4075 2748 4129 casuris
2762 4079 3068 4142 opportuna
3092 4067 3409 4122 deferebant
3427 4105 3440 4119 .
3465 4067 3529 4117 At
3552 4081 3674 4118 eum

2090 4173 2335 4228 Teucrus
2362 4171 2540 4226 tribus
2559 4169 2670 4237 jam
2699 4169 2753 4220 in
2781 4167 2916 4219 locis
2940 4177 3242 4219 concussos
3265 4160 3537 4229 lapidibus
3557 4175 3680 4211 mu-

2092 4282 2184 4320 ros
2211 4263 2484 4318 machinis
2509 4260 2805 4329 dissiparet
2835 4277 2848 4312 :
2881 4261 3182 4310 memoratu
3213 4251 3499 4322 cujusdam
3529 4249 3676 4303 inﬁdi

2093 4356 2393 4413 Christiani
2429 4369 2493 4406 ex
2531 4351 2670 4406 colle
2695 4349 2930 4404 biremes
2958 4345 3336 4400 intromittere
3367 4349 3546 4396 curat.
3585 4341 3683 4394 Est

404 4441 480 4500 uti
501 4447 594 4517 qui
631 4443 960 4514 reparabant
991 4440 1445 4509 Hierosolymam,
1479 4434 1882 4490 condiderunt?
1912 4434 1988 4493 illi
2027 4431 2069 4485 ι)
2101 4450 2246 4506 enim
2276 4456 2464 4518 pmlus
2489 4446 2599 4509 me,
2633 4440 2949 4497 bealissime
2978 4439 3162 4498 pater,
3188 4436 3243 4488 in
3266 4435 3489 4503 jongum
3514 4449 3684 4499 ang"-

402 4537 713 4594 cumeﬂuso
737 4537 932 4590 cruore
959 4545 1011 4586 et
1041 4548 1184 4590 tere:
1214 4547 1314 4586 vos
1339 4546 1407 4584 ne
1437 4545 1510 4583 res
1535 4541 1776 4582 vestrum
1809 4527 1994 4597 cupidi

403 4643 456 4686 et
483 4630 803 4701 sanguinem
827 4625 1196 4690 eﬁ'underetis,
1217 4639 1341 4677 cum
1360 4622 1610 4676 vecordia
1632 4620 1774 4674 illaut
1801 4620 2000 4673 mundo

404 4727 657 4781 decoram
675 4724 885 4777 Teucro
899 4719 1220 4776 tradidistis.
1237 4717 1280 4773 si
1301 4726 1480 4769 tamen
1496 4715 1707 4769 tradere
1725 4713 1999 4783 potuistis.

480 4819 587 4875 Sed
649 4818 732 4889 (ut
793 4815 1078 4872 historiam
1129 4809 1551 4882 prosequamur)
1609 4807 1812 4860 interea
1875 4806 2000 4860 fati-

409 4915 515 4982 gati
594 4911 768 4966 nostri
832 4910 902 4963 de
965 4907 1222 4978 prtesidio
1256 4903 1590 4957 diﬁidebant.
1641 4899 1776 4953 Nam
1820 4914 2000 4969 neque

403 5021 469 5061 ex
499 5007 716 5070 Genua,
749 5018 928 5072 neque
952 5017 1017 5054 ex
1050 4998 1320 5064 Venetiis,
1360 4997 1565 5066 quibus
1618 4996 1777 5066 (pace
1803 5009 1996 5049 eorum

403 5099 622 5169 dicam)
655 5097 793 5151 mitti
828 5095 1040 5160 debuit,
1105 5091 1375 5146 auxilium
1409 5089 1748 5144 mittebatur.
1817 5086 2002 5157 Neque

407 5191 630 5244 aliunde
653 5204 778 5258 spes
814 5197 954 5247 erat,
999 5185 1101 5238 nisi
1137 5199 1203 5236 ex
1229 5182 1337 5236 Deo
1366 5183 1525 5252 cujus
1558 5183 1648 5251 qui
1680 5181 2001 5252 prudentius

405 5282 714 5337 tarditatem
743 5278 1094 5342 metiebatur,
1125 5293 1189 5331 ett
1219 5275 1480 5348 mysterio
1513 5275 1626 5329 ﬁeri
1652 5275 1998 5337 autumabat,

409 5375 555 5444 quod
588 5371 908 5438 inﬁdelitas,
938 5370 1204 5440 irreligio,
1247 5383 1550 5438 magnaque
1576 5367 1804 5422 crimina
1831 5366 1998 5421 Deum

405 5468 602 5540 potius
654 5465 968 5521 irritabant.
1032 5461 1189 5528 Vide,
1248 5460 1568 5516 beatissime
1617 5460 1800 5531 Pater,
1835 5475 1998 5528 quatn

409 5559 660 5628 dignum,
723 5571 887 5626 quam
947 5563 1157 5610 rectum
1212 5554 1523 5624 judicium!
1631 5550 1999 5606 Celebrarunt

416 5631 672 5702 unionem
703 5645 880 5702 Graeci
906 5660 1060 5712 voce,
1094 5645 1187 5702 sed
1221 5660 1384 5715 opere
1409 5643 1700 5712 negabant.
1761 5645 1997 5696 Aiehant

428 5738 647 5810 quidem
683 5748 989 5811 magnates,
1023 5753 1254 5808 quorum
1287 5751 1448 5791 cruor
1473 5736 1652 5791 hostili
1679 5735 1858 5806 gl-zdio
1888 5735 1998 5804 jam

2104 4552 2358 4613 stumque
2378 4550 2688 4611 protractus
2715 4555 2730 4594 :
2762 4535 2922 4604 cujus
2949 4531 3270 4587 orientalem
3297 4529 3505 4596 plagam
3529 4527 3685 4579 eolil-

2103 4647 2242 4709 gata:
2269 4651 2432 4689 naves
2455 4643 2507 4688 et
2533 4641 2723 4685 catena
2747 4627 3098 4683 muniebant:
3133 4624 3260 4676 inde
3285 4620 3535 4674 hostibus
3566 4618 3683 4672 adi-

2106 4743 2192 4786 tus
2227 4727 2580 4800 impossibilis
2643 4732 2782 4778 erat.
2817 4722 2998 4787 Quare
3035 4726 3091 4771 ut
3137 4723 3523 4782 coangustaret
3575 4712 3686 4764 cir~

2103 4821 2565 4886 cumvallcretque
2615 4817 2788 4884 magis
2818 4815 3031 4873 urbem,
3053 4810 3223 4878 jussit
3247 4807 3387 4861 invia
3419 4820 3636 4870 :eqnarc
3667 4824 3680 4857 :

2105 4928 2281 4982 exque
2307 4910 2449 4964 colle
2483 4906 2786 4977 suppositis
2820 4903 3005 4958 lenitis
3033 4901 3184 4954 vasis
3209 4897 3531 4951 lacertorum
3567 4912 3685 4952 sex.

2105 5005 2170 5060 ad
2203 5002 2378 5058 stadia
2410 5000 2756 5071 septuaginta
2789 4997 2932 5050 trahi
2968 4994 3223 5059 biremes,
3271 5007 3394 5062 qua:
3452 5005 3687 5042 ascensu

2105 5095 2326 5165 gravius
2360 5093 2610 5158 sublatas,
2653 5089 2883 5158 posthac
2921 5103 2987 5142 ex
3013 5085 3168 5154 apice
3201 5085 3254 5137 in
3291 5081 3586 5142 deCllVU'H,
3618 5079 3682 5131 ad

2104 5189 2279 5257 ripam
2306 5186 2462 5241 sinus
2482 5183 2758 5238 levissime
2791 5180 3094 5254 introrsum
3125 5174 3484 5229 vehebantur.
3510 5168 3682 5236 Quam

2105 5279 2404 5334 novitatem
2473 5285 2626 5346 puto,
2701 5270 3029 5327 Venetorum
3068 5317 3072 5321 .
3109 5281 3278 5331 more,
3351 5280 3415 5319 ex
3495 5261 3689 5315 Gartlze

2104 5371 2248 5436 lacu,
2308 5371 2354 5425 is
2397 5369 2490 5436 qui
2540 5365 2829 5422 artiﬁcium
2894 5359 3124 5416 Teucris
3203 5355 3479 5428 patefecit,
3550 5352 3690 5406 didi-

2104 5474 2276 5521 cerat.
2315 5463 2388 5516 Ita
2421 5477 2521 5517 nos
2553 5460 2726 5530 magis
2781 5455 2984 5522 territi,
3042 5450 3414 5522 cogitabamus
3446 5462 3540 5500 eas
3591 5454 3689 5498 aut

2108 5559 2232 5626 igne
2261 5565 2356 5609 aut
2388 5553 2566 5624 lapide
2588 5547 2980 5606 exterminare.
3013 5544 3120 5600 Sed
3172 5557 3350 5611 neque
3399 5541 3500 5594 hoc
3557 5553 3686 5608 pro-

2106 5646 2247 5700 l‘uit:
2293 5659 2458 5699 naves
2494 5643 2596 5696 illa:
2649 5638 2872 5707 majoris
2923 5634 3230 5690 noeumenti
3289 5631 3448 5685 nobis
3507 5636 3690 5693 erant,

2111 5736 2379 5791 machinis
2424 5734 2784 5804 undcqnaque
2822 5737 3029 5786 tutatte.
3059 5726 3149 5781 Sic
3176 5725 3288 5796 jam
3321 5722 3533 5795 perdito
3563 5735 3694 5793 ροτ-
