4022 6196
354 226 421 288 03
435 226 453 288 l

1581 224 1969 289 LEONARDI
2015 221 2375 319 CHIENSIS
2456 245 2495 273 ν’

3517 218 3629 283 9Ίῖ

354 351 434 404 tu,
471 357 691 398 necesse
757 344 857 398 fuit
886 359 947 396 ex
984 345 1176 411 postis.
1210 351 1267 396 ut
1299 345 1601 398 maritimos
1635 345 1955 401 custodires
1977 348 2022 403 Λ
2054 342 2263 405 hardis,
2289 339 2484 407 satagit
2511 335 2661 388 omni
2697 335 2936 388 acuitatc
2970 335 3197 390 artificis
3234 349 3400 388 naves
3430 336 3624 388 infrin-

356 449 481 489 mus
508 452 715 502 muros,
744 437 1061 491 deminuere
1098 437 1319 490 milites.
1364 437 1598 491 Proinde
1648 437 1750 492 hoc
1780 438 1935 502 inge-

359 526 452 581 nio
482 544 589 582 non
631 538 926 584 contentus
954 527 1219 593 Teucrus,
1252 529 1395 583 aliud
1431 545 1674 599 quoque,
1702 545 1811 599 quo
1835 545 1936 585 nos

354 612 589 674 terreret
625 620 818 687 magis,
849 621 1180 682 construxit,
1212 630 1426 689 pontem
1457 620 1707 676 videlicet
1747 621 1935 690 longi-

354 700 572 765 tudinis
617 709 916 763 stadiorum
963 711 1188 765 circiter
1240 711 1485 779 triginta.
1544 728 1607 765 ex
1648 712 1763 780 ripa
1812 712 1935 766 urbi

358 802 627 869 opposita,
663 801 829 856 maris
862 803 953 871 qui
984 802 1165 856 sinum
1207 804 1503 869 scinderet,
1532 805 1678 858 vasis
1712 805 1935 859 vinariis

357 891 648 960 colligatis,
677 893 779 946 sub
801 894 1153 957 constructis,
1200 894 1540 963 conﬁxisque
1606 894 1791 965 lignis,
1826 909 1935 965 quo

357 984 629 1039 exercitus
654 984 990 1046 decurreret.
1017 986 1080 1038 ad
1111 1001 1323 1039 murum
1359 1002 1547 1056 prope,
1578 984 1737 1055 juxta
1782 987 1934 1045 urbis

358 1077 588 1128 fanum:
623 1068 865 1130 imitatus
920 1075 1121 1132 Xerxis
1181 1079 1503 1146 potentiam,
1564 1078 1660 1148 qui
1692 1095 1757 1134 ex
1802 1078 1934 1134 Asia

357 1170 412 1221 in
464 1167 751 1222 Thraciam
800 1168 1087 1237 Bosphoro
1146 1172 1451 1224 exercitum
1501 1171 1765 1226 traduxit.
1814 1172 1933 1226 Non

357 1257 600 1312 restabat
635 1274 766 1327 ergo
806 1258 908 1313 nisi
940 1260 1162 1313 navium
1219 1271 1534 1330 catenzeque
1589 1261 1932 1318 diametralis

357 1349 535 1414 tuitio,
556 1365 676 1417 quae
698 1350 986 1404 transitum
1010 1351 1383 1421 ingressumve
1401 1353 1563 1407 classi
1586 1352 1931 1423 prohibebat.

427 1440 637 1495 Interea
669 1455 734 1497 ex
766 1441 904 1496 Chio
949 1444 1000 1495 in
1052 1452 1299 1497 nostrum
1334 1444 1642 1499 subsidium
1683 1456 1794 1499 tres
1826 1444 1931 1499 Ge-

356 1545 593 1585 nuenses
625 1532 814 1595 armis,
841 1533 1104 1587 militibus
1129 1532 1510 1602 frumentoque
1531 1536 1814 1591 conducta:
1838 1551 1932 1588 ua-

357 1636 449 1673 ves
479 1634 493 1671 :
530 1635 693 1673 unam
749 1620 1116 1691 imperatoris,
1153 1636 1274 1693 quae
1305 1639 1370 1678 ex
1425 1624 1610 1678 Sicilia
1656 1625 1931 1681 frumento

2043 446 2209 500 gere:
2239 425 2855 491 referensPerensibus,
2892 427 3168 495 quoniam,
3212 428 3290 482 uti
3344 427 3621 491 dixerant,

2039 527 2340 595 piratarum
2364 534 2543 587 erant,
2572 538 2710 593 quos
2742 521 3044 591 imperator
3077 520 3445 583 conduxerat,
3484 534 3621 573 con-

2040 630 2122 673 tra
2148 633 2240 673 eas
2267 624 2429 687 agerc
2450 609 2605 679 velle,
2626 631 2750 684 quae
2774 614 3124 667 inimicorum
3148 627 3372 667 suorum
3410 620 3624 667 essent.

2039 704 2227 781 itaque
2263 709 2478 774 artifex,
2504 708 2593 763 cui
2623 705 2861 777 provisio
2921 716 3115 774 negata
3146 705 3267 767 fuit,
3300 720 3366 759 ex
3414 705 3625 759 nostris

2037 803 2102 857 ad
2135 801 2379 857 Teucros
2417 801 2697 861 reductus,
2730 808 2938 869 quanto
2971 797 3193 868 ingenio
3218 797 3417 867 potuit,
3454 811 3624 850 naves

2037 893 2287 965 frangere
2316 892 2571 947 studuit:
2613 890 2911 961 nescioqne
2973 905 3084 959 quo
3156 889 3266 944 fato
3337 888 3623 943 resultans

2036 984 2351 1042 bombardae
2383 999 2412 1039 ει
2451 984 2589 1039 colle
2623 983 2785 1053 lapis,
2844 981 3183 1037 centurionis
3219 996 3434 1044 navem,
3476 980 3621 1034 forte

2035 1082 2106 1132 ob
2135 1077 2368 1140 crimen,
2394 1091 2502 1131 uno
2533 1075 2643 1129 ictu
2673 1074 2929 1129 conrodit
2960 1091 2976 1130 :
3008 1089 3131 1143 qua:
3170 1071 3443 1141 extemplo
3471 1088 3621 1125 mer-

2034 1170 2188 1226 cibus
2217 1176 2433 1234 onusta,
2470 1164 2695 1222 fundum
2721 1178 2895 1221 mersa
2956 1166 3135 1235 petiit,
3162 1164 3457 1219 maximum
3504 1164 3620 1215 dis-

2035 1254 2241 1319 crimen
2298 1260 2515 1330 quidem
2576 1256 2841 1313 inferens.
2898 1257 3020 1323 Quo
3061 1270 3191 1313 casu
3259 1255 3485 1325 reliquae
3549 1270 3618 1308 ne

2034 1352 2451 1420 confringantur
2474 1365 2628 1403 muro
2649 1347 2853 1404 Galatae
2880 1356 3136 1417 protectae
3158 1342 3386 1401 haerent.
3411 1337 3585 1398 Mirari
3602 1373 3618 1385 -

2035 1443 2391 1513 dumquidem
2422 1440 2813 1509 Deijudicium,
2844 1450 2906 1494 ut
2937 1439 3196 1494 immissis
3216 1438 3614 1509 quinquaginta

2034 1546 2088 1590 ct
2112 1534 2331 1589 centum
2368 1546 2536 1603 prope
2565 1531 2862 1601 lapidibus,
2893 1530 3090 1602 quibus
3117 1529 3406 1599 perforata!
3434 1529 3618 1581 multa:

2033 1625 2237 1680 Galatae
2265 1626 2482 1688 domus,
2507 1623 2651 1677 inter
2685 1622 2911 1693 triginta
2938 1620 3199 1675 mulieres
3223 1620 3611 1689 conglobatas.

356 1721 551 1765 onusta
581 1713 897 1779 advenerat,
920 1715 1172 1770 comitem
1200 1716 1470 1771 ducebant
1497 1735 1512 1771 :
1547 1730 1685 1787 quas
1709 1726 1767 1771 ιιι
1803 1734 1928 1773 mox
1965 1688 2007 1745 Β
2035 1732 2143 1771 una
2166 1716 2281 1771 sola
2311 1717 2528 1785 optimae
2558 1714 2714 1769 fama:
2738 1714 3059 1782 interempta
3095 1712 3218 1766 fuit.

356 1805 565 1860 vicinas
593 1806 712 1858 urbi
748 1806 960 1872 classis,
983 1823 1103 1877 quae
1124 1809 1445 1873 excubabat,
1469 1810 1744 1880 applicare
1763 1811 1934 1866 vidis-

358 1908 440 1950 set
478 1916 491 1953 :
526 1898 737 1952 concite
769 1901 1138 1968 strepentibus
1192 1902 1483 1972 tympanis,
1546 1903 1800 1973 tubisque
1847 1920 1937 1961 so-

360 1990 638 2052 nantibus,
673 1991 1005 2046 intuentibus
1039 1994 1193 2047 nobis
1223 1993 1465 2059 obvatlit,
1518 1994 1731 2065 ﬁngens
1766 1995 1937 2066 impe-

362 2082 555 2135 ratoris
583 2097 773 2135 navem
806 2097 1121 2152 expugnare
1169 2085 1327 2141 velle.
1376 2085 1715 2143 Teucrorum
1744 2105 1835 2145 rex
1869 2100 1937 2147 ex

360 2174 497 2227 colle
522 2174 766 2239 Perensi,
822 2175 1056 2230 fortunae
1105 2186 1433 2247 exspectans
1486 2192 1767 2244 eventum,
1812 2197 1938 2252 pro-

361 2268 542 2335 spicit.
574 2266 737 2321 Finnt
764 2278 893 2322 tunc
920 2270 1058 2324 celsi
1087 2271 1387 2338 clamores;
1424 2273 1676 2328 triremes
1704 2274 1938 2343 majores

362 2359 593 2412 navibus
616 2359 842 2425 haerent;
870 2370 1079 2417 tentant
1096 2362 1451 2432 imperialem,
1498 2371 1554 2418 et
1592 2373 1889 2434 protectam
1909 2378 1939 2420 a

363 2452 567 2507 nostris
590 2453 854 2509 audacius
877 2453 1137 2511 invadunt
1165 2473 1180 2523 ;
1202 2464 1477 2511 certamen
1499 2456 1690 2512 ineunt
1716 2473 1730 2521 ;
1756 2457 1937 2515 locum

365 2545 635 2600 machinis
653 2547 911 2603 adhibent
933 2566 948 2613 ;
968 2548 1441 2620 sagittasjaeiuut.
1464 2549 1556 2604 Sic
1584 2563 1740 2605 atrox
1763 2565 1940 2621 pugna

362 2640 746 2695 committitur.
765 2640 943 2696 Naves
960 2640 1212 2696 Mauritio
1228 2640 1518 2696 Genuense
1542 2642 1750 2697 Catane
1764 2640 1941 2712 impe-

360 2738 516 2783 rante
532 2745 596 2783 ex
615 2731 841 2786 adverso
858 2744 1182 2803 repugnant.
1203 2732 1281 2787 lbi
1302 2732 1611 2787 Dominicns
1624 2734 1690 2788 de
1709 2734 1942 2789 Novaria

359 2831 414 2873 et
445 2821 682 2889 Baptista
720 2824 787 2875 de
808 2822 1130 2888 Felliczano,
1154 2822 1419 2877 Balanerii
1457 2829 1669 2891 patroni
1691 2823 1946 2881 Genuen-

362 2923 455 2965 ses
479 2912 651 2964 ardne
675 2926 916 2979 pugnam
938 2922 1378 2980 prosequuntur.
1406 2912 1736 2966 Balistarum
1766 2913 1946 2968 horri-

370 3002 561 3055 bilium
588 3002 819 3056 missilia
841 3001 1164 3069 jaciuntur;
1194 3017 1374 3071 exque
1398 3004 1620 3059 coronis
1652 3006 1943 3061 navalibus

364 3096 509 3149 intra
536 3094 875 3150 Teucrorum
902 3098 1241 3150 commistam
1266 3096 1498 3150 classem
1523 3097 1719 3151 infiniti
1738 3097 1943 3168 lapides

362 3189 746 3243 demittuntur.
786 3186 996 3242 Tttetur
1029 3202 1087 3242 se
1123 3188 1342 3258 egregie
1366 3189 1715 3258 imperatoris
1743 3192 1897 3246 navis
1926 3209 1942 3258 ;

362 3282 634 3337 succurrit
663 3281 987 3335 Flectaneila
1016 3289 1319 3350 patronus;
1369 3282 1677 3338 bombardaa
1713 3292 1947 3353 perstre-

362 3383 534 3440 punt;
585 3373 641 3427 fit
674 3372 917 3427 ululatus
946 3372 997 3426 in
1034 3374 1235 3427 cmlum
1264 3390 1277 3437 ;
1311 3374 1733 3444 confringuutur
1766 3375 1945 3444 galea-

362 3482 480 3520 rum
512 3466 644 3521 remi
682 3483 696 3528 ;
729 3466 922 3520 Teucri
949 3464 1067 3519 sine
1114 3466 1439 3521 remissione
1461 3467 1800 3521 sauciantur.
1830 3464 1942 3520 Rex

361 3560 453 3625 qni
477 3573 540 3610 ex
557 3556 695 3609 colle
716 3556 1114 3625 circumspicit,
1142 3559 1286 3626 quod
1312 3558 1506 3612 classis
1533 3556 1667 3626 perit
1689 3556 1944 3625 blasphe-

363 3656 473 3701 tnat
513 3664 526 3709 ;
561 3654 717 3716 urget
761 3662 961 3713 equum
994 3646 1046 3699 in
1075 3648 1291 3713 salum;
1320 3648 1642 3702 vestimenta
1695 3662 1818 3701 cum
1853 3646 1938 3699 fu-

364 3755 485 3793 rore
515 3741 824 3793 conscindit
850 3755 863 3803 ;
900 3737 1264 3806 ingemiscant
1292 3739 1504 3807 pagani,
1538 3748 1591 3793 et
1614 3747 1760 3793 totus
1784 3754 1941 3793 excr-

362 3834 503 3884 cittts
534 3832 846 3884 atilictatur.
908 3828 1048 3895 Quid
1087 3830 1273 3884 ultra?
1336 3829 1543 3884 Bellum
1600 3844 1938 3895 recensetur,

361 3923 651 3980 invalescit
684 3937 863 3992 pugna
893 3938 909 3987 ;
940 3934 995 3976 et
1026 3922 1189 3975 tantis
1238 3921 1464 3977 classem
1498 3922 1619 3977 telis
1644 3924 1941 3992 lapidibus-

362 4031 467 4085 que
500 4016 760 4075 obruunt,
814 4024 891 4068 tot
953 4012 1191 4069 Teucros
1248 4015 1528 4078 occidunt,
1561 4026 1619 4068 ιη
1671 4017 1939 4071 declinato

362 4118 534 4162 marte
565 4108 631 4161 ad
656 4108 807 4161 littus
830 4123 1074 4163 remeare
1109 4124 1217 4163 non
1250 4109 1479 4178 poSsint.
1514 4108 1933 4176 Exploratorum

358 4209 412 4251 ct
438 4198 788 4267 profugorttm
822 4200 997 4251 relatu
1038 4198 1349 4259 didicimus.
1382 4196 1527 4266 quod
1562 4199 1749 4252 decem
1805 4212 1937 4267 pro-

360 4306 423 4358 pe
446 4289 617 4342 millia
650 4288 964 4342 ceciderunt
992 4304 1007 4354 ;
1035 4288 1126 4341 alii
1160 4288 1338 4356 gladio
1364 4288 1653 4357 perempti,
1688 4296 1742 4341 ct
1771 4288 1935 4357 sagit-

2107 1807 2276 1862 Erant
2300 1804 2524 1876 perinde
2554 1806 2606 1859 itt
2640 1813 2800 1875 portu
2837 1805 3091 1859 triremes
3130 1803 3473 1857 tncrcatot'iae
3500 1809 3613 1855 tres

2042 1892 2260 1952 Venetae
2287 1896 2521 1965 dumque
2538 1894 2707 1965 agiles
2738 1892 2790 1947 in
2818 1902 3031 1964 portum
3061 1892 3127 1946 ad
3150 1892 3611 1946 tutclamearum-

2039 1991 2162 2044 dem
2189 1989 2485 2058 designata:
2519 2006 2533 2042 :
2563 2002 2703 2056 quas
2736 2000 2935 2054 magno
2964 2000 3087 2039 cum
3118 1985 3341 2038 hortatu
3376 1984 3614 2053 impera-

2041 2091 2129 2135 tor
2160 2081 2280 2135 auri
2316 2085 2368 2134 in
2407 2094 2626 2135 menses
2666 2095 2836 2149 prope
2883 2093 2977 2133 sex
3015 2093 3116 2147 pro
3165 2078 3399 2130 tuitione
3455 2077 3611 2129 urbis

2038 2184 2246 2230 restare
2272 2173 2503 2239 fecerat;
2527 2187 2670 2243 quae,
2693 2186 2881 2241 pacem
2905 2188 3027 2225 cum
3046 2172 3252 2226 Teucro
3270 2168 3613 2230 simulantes.

2041 2267 2282 2323 nonnisi
2348 2266 2660 2320 clanculum
2723 2264 3054 2333 praestabant
3110 2262 3316 2317 Graecis
3376 2262 3615 2332 patroci-

2042 2359 2216 2414 nium.
2249 2356 2453 2413 Verum
2482 2371 2606 2410 cum
2658 2356 2862 2409 notulae
2893 2355 3031 2424 fugae
3053 2354 3374 2425 aliquandiu
3424 2367 3613 2407 earum

2042 2451 2367 2523 patuissent,
2389 2460 2500 2503 tum
2515 2448 2658 2518 quod
2679 2461 2889 2504 merces
2906 2462 2971 2501 ex
2991 2446 3175 2501 fundis
3193 2462 3254 2502 su
3264 2444 3618 2516 pellectilem-

2041 2558 2150 2613 que
2183 2542 2571 2605 traducebaut,
2600 2550 2781 2596 actum
2817 2546 2920 2604 est,
2956 2548 3016 2594 ut
3069 2539 3220 2594 nullo
3266 2548 3426 2610 pacto
3468 2537 3615 2608 quod

2042 2633 2301 2704 populum
2353 2633 2689 2697 turbassent,
2720 2632 3087 2704 prohibitione
3112 2632 3461 2701 imperatoris
3495 2645 3619 2697 qum

2044 2726 2333 2781 restabant
2392 2725 2871 2791 traducerentur;
2932 2724 3177 2793 quinimo
3240 2724 3520 2777 deonustze
3562 2722 3614 2775 in

2046 2830 2246 2877 terram
2282 2828 2719 2889 reportarentur.
2758 2818 2867 2874 Res
2923 2820 3037 2873 haec
3085 2817 3309 2873 Venetis
3365 2818 3619 2886 indigna-

2047 2910 2211 2964 tionis
2232 2910 2472 2966 f0mitem
2513 2909 2843 2964 ministravit
2878 2920 3110 2976 ;utpote
3137 2910 3281 2980 quod
3341 2910 3616 2972 libertate,

2049 3001 2351 3072 privilegiis
2390 3017 2490 3071 pro
2563 3002 2775 3056 honore
2806 3000 3037 3056 dominii
3077 3016 3268 3055 eorum
3299 3001 3497 3064 nactis,
3528 3016 3621 3053 ve-

2050 3095 2345 3150 recundius
2382 3096 2754 3163 privarentur.
2789 3093 2894 3151 Sed
2917 3093 3122 3150 sedatis
3152 3094 3382 3164 posthac
3412 3093 3617 3147 animis

2050 3204 2152 3244 suo
2183 3188 2413 3243 arbitrio
2454 3188 2654 3251 relicti,
2686 3187 2960 3257 spondent
2994 3188 3185 3243 Veneti
3221 3187 3368 3241 omni
3424 3186 3529 3239 title
3557 3195 3614 3239 et

2048 3280 2231 3335 studio
2261 3278 2326 3333 ad
2356 3278 2516 3332 liuent
2550 3294 2725 3348 usque
2761 3278 2883 3332 belli
2915 3279 3054 3332 tueri
3091 3278 3303 3331 urbem.

2121 3372 2188 3424 At
2244 3370 2472 3440 posthac
2502 3369 2649 3423 inter
2685 3367 2920 3424 Venetos
2966 3376 3020 3423 et
3068 3368 3386 3424 Genuenses
3413 3356 3618 3421 Galatm

2046 3462 2244 3516 oborta
2302 3463 2576 3517 dissensio
2636 3473 2722 3517 est
2778 3480 2791 3516 :
2860 3464 3004 3532 quod
3055 3463 3191 3519 alter
3264 3463 3416 3515 alteri
3477 3460 3620 3529 fuga-

2045 3554 2413 3624 suspicionem
2446 3554 2870 3623 exprobrassent
2903 3571 2915 3605 :
2953 3553 3325 3607 asserentibns
3348 3551 3573 3606 Venetis
3598 3590 3616 3616 ,

2049 3653 2108 3698 ut
2143 3644 2370 3698 tollatur
2404 3645 2666 3714 suspicio,
2702 3647 2847 3716 quod
2872 3660 2903 3698 e
2966 3644 3197 3699 navibus
3243 3646 3356 3699 suis
3420 3645 3617 3712 guber-

2046 3740 2237 3795 nacula
2267 3740 2610 3810 carbasaque
2643 3742 2788 3810 apud
2818 3740 3355 3810 Constantinopolim
3376 3740 3428 3792 in
3455 3738 3618 3791 salvo

2044 3834 2342 3903 deponant.
2373 3832 2644 3902 lndignati
2679 3833 2999 3890 Genucnses
3030 3851 3043 3887 :
3078 3834 3145 3888 Et
3177 3834 3222 3888 si
3262 3847 3449 3903 pacem
3513 3832 3619 3899 (in-

2043 3927 2256 3997 quiunt)
2288 3928 2536 3981 consulto
2557 3928 2723 3981 etiam
2748 3928 3112 3997 imperatoris,
3139 3942 3237 3996 pro
3266 3928 3441 3982 salute
3466 3926 3621 3982 Gm-

2041 4033 2251 4081 corum,
2286 4032 2405 4087 qua:
2457 4019 2765 4072 communis
2793 4028 2898 4083 est,
2944 4020 3123 4087 aliqua
3155 4019 3321 4088 proba
3358 4018 3617 4072 dissimu-

2041 4109 2241 4162 latione
2298 4118 2683 4178 supportantns
2720 4124 2843 4164 cum
2898 4108 3132 4175 Teucro,
3186 4110 3328 4164 absit
3398 4117 3614 4164 tantum

2042 4198 2277 4263 facinus,
2318 4210 2380 4253 ut
2414 4199 2606 4254 Peram
2653 4209 2767 4255 toto
2808 4202 2943 4255 orbe
2992 4201 3440 4270 pulcherrimam,
3479 4215 3616 4254 uxo-

2040 4304 2151 4355 res,
2191 4288 2414 4352 liberos,
2447 4290 2851 4359 thesaurosque
2882 4292 3201 4345 deseramus
3231 4306 3393 4360 quam
3431 4306 3613 4359 usque

358 4391 450 4445 tts,
482 4390 534 4434 et
564 4379 857 4443 machinis,
887 4379 975 4431 alii
1004 4378 1245 4432 confossi
1308 4381 1646 4439 vulneribus.
1699 4379 1929 4433 ﬂcltileut
1962 4395 2013 4453 ι)
2041 4382 2107 4434 ad
2133 4380 2422 4450 sanguinis
2452 4380 2775 4436 effusionem
2794 4381 3084 4436 defensare
3105 4381 3469 4451 disponimus.
3500 4381 3616 4435 Cu-

358 4475 659 4525 exercitum
713 4470 1093 4525 reddiderunt.
1141 4472 1451 4540 Erantque
1483 4472 1801 4525 invaserunt
1836 4488 1933 4526 na-

357 4578 451 4617 ves
483 4565 624 4616 inter
688 4563 939 4616 triremes
995 4573 1049 4615 et
1089 4562 1322 4615 biremes
1383 4561 1610 4614 circiter
1659 4561 1929 4617 ducentia.

357 4653 594 4707 Confusa
661 4662 787 4704 tunc
822 4653 964 4720 regis
995 4651 1219 4704 ambitio
1246 4661 1349 4713 est,
1392 4651 1651 4721 parvique
1709 4667 1930 4723 repota-

359 4756 411 4799 ta
441 4743 677 4814 potentia
711 4744 857 4810 quod
899 4752 975 4795 tot
1010 4742 1260 4796 triremes
1312 4758 1500 4796 navem
1539 4743 1728 4797 saltem
1770 4760 1928 4798 unam

359 4854 468 4890 non
491 4833 759 4902 ceperint.
788 4829 962 4885 Naves
984 4847 1112 4900 ergo
1144 4830 1277 4898 (Deo
1298 4834 1491 4903 gratia)
1513 4848 1617 4886 non
1646 4833 1932 4897 laesw,’uec

360 4942 470 4980 uno
523 4906 717 4980 saltent
758 4923 977 4977 homine
1036 4924 1289 4991 perdito,
1341 4927 1546 4993 aliquot
1588 4936 1767 4979 tamen
1819 4928 1934 4979 vul-

359 5021 781 5083 neratis,uoctu
838 5017 1001 5070 salvae
1041 5015 1527 5085 cutnjucumlitate
1584 5028 1797 5084 portum
1853 5018 1935 5070 iu-

361 5121 525 5167 trant.
592 5112 705 5165 Rex
739 5120 929 5164 contra
992 5108 1184 5162 classis
1215 5108 1527 5176 prchectum
1593 5109 1931 5178 Balthoglum

359 5207 561 5274 oppido
587 5204 899 5272 indignatus
924 5241 940 5267 ,
977 5200 1231 5271 precibus
1270 5199 1541 5253 Baronum
1565 5211 1852 5255 t-conccssa
1885 5202 1933 5256 ei

360 5299 489 5359 vita,
520 5296 846 5351 sententiam
883 5294 1029 5359 tulit,
1061 5294 1207 5362 quod
1239 5292 1415 5347 oliicio
1461 5298 1514 5344 et
1545 5293 1700 5347 bonis
1751 5293 1933 5347 omni-

361 5392 462 5444 bus
487 5390 808 5458 privaretur.
836 5387 1107 5456 Cogitavit
1169 5387 1352 5455 itaque
1388 5386 1514 5438 odio
1579 5399 1848 5441 accensus
1881 5386 1933 5440 itt

362 5495 527 5532 naves
555 5494 621 5533 ex
649 5477 783 5532 colle
815 5475 1041 5540 Galatae,
1070 5473 1320 5530 orientali
1355 5474 1531 5544 plaga,
1563 5474 1647 5527 vel
1677 5490 1770 5526 eas
1801 5474 1938 5541 lapi-

356 5571 521 5624 dibus
545 5570 916 5647 tnachinarum
935 5568 1186 5631 obruere,
1244 5567 1379 5621 vela
1410 5575 1603 5621 catena
1640 5566 1931 5634 depellere.

364 5659 654 5732 Dispositis
724 5662 907 5732 itaque
961 5669 1014 5718 ct
1080 5678 1144 5716 ex
1212 5660 1329 5731 ripa
1399 5659 1721 5715 occidentali
1780 5660 1933 5715 bom-

2041 4471 2339 4527 bernacula
2378 4472 2727 4539 carbasaque
2760 4481 3071 4526 nostrarum
3122 4472 3365 4536 navium,
3403 4487 3468 4526 ne
3499 4474 3614 4526 exi-

2034 4580 2141 4635 guo
2177 4564 2354 4634 pretio
2388 4564 2629 4634 inclytus
2652 4564 2855 4619 Genuce
2885 4564 3057 4619 decor
3092 4563 3235 4633 apud
3262 4578 3360 4619 vos
3386 4566 3477 4624 sit,
3501 4580 3610 4615 non

2036 4657 2088 4709 in
2125 4656 2301 4710 aliena
2332 4664 2620 4724 potestate,
2648 4654 2743 4710 sed
2776 4656 2826 4708 in
2861 4662 3049 4709 nostra
3074 4656 3432 4711 servabimus.
3462 4652 3615 4708 Nun~

2033 4765 2193 4818 quant
2222 4749 2359 4819 fugzc
2384 4749 2601 4803 licentia
2624 4748 2782 4802 nobis
2800 4748 2982 4811 datur,
3016 4748 3063 4802 si
3089 4764 3175 4802 res
3199 4758 3422 4801 nostras
3453 4748 3609 4800 arbi-

2037 4841 2142 4895 trio
2176 4852 2367 4895 nostro
2400 4856 2704 4895 servamus.
2742 4839 2935 4894 Pacata
2965 4840 3193 4909 posthac
3218 4848 3413 4893 cuncta
3456 4847 3608 4898 sunt,

2036 4932 2320 5000 agentibus
2345 4930 2569 4986 Venetis
2597 4932 2661 4985 de
2682 4932 2995 4985 triremibus
3020 4933 3160 4994 suis,
3183 4933 3259 4985 uti
3291 4932 3611 4984 voluissent.

2104 5024 2394 5078 Crescente
2419 5025 2759 5093 postmodum
2803 5025 3407 5093 angustia,consultnm
3430 5035 3537 5087 est,
3566 5026 3609 5076 si

2038 5132 2146 5187 quo
2179 5116 2340 5171 modo
2369 5117 2714 5170 intromissos
2744 5116 2979 5169 hostium
3037 5116 3211 5171 fustes
3243 5133 3398 5171 urere
3438 5120 3613 5170 nostri

2037 5218 2261 5278 possent
2289 5226 2301 5261 :
2334 5209 2701 5278 clanculoque
2752 5225 2855 5261 una
2881 5208 3096 5262 dierum
3124 5217 3251 5262 ante
3281 5210 3455 5261 lucem
3480 5208 3614 5260 dua-

2037 5300 2139 5354 bus
2179 5300 2411 5355 navibus
2444 5317 2540 5370 per
2575 5302 2840 5355 Joannem
2864 5298 3236 5355 Justinianum
3259 5299 3605 5367 capitaneum

2037 5392 2344 5460 dispositis,
2376 5408 2499 5445 cum
2527 5394 2735 5461 aliquot
2764 5392 3067 5446 biremibus
3099 5392 3165 5445 ad
3189 5393 3364 5462 ripam
3401 5393 3605 5445 vehcu-

2039 5483 2145 5545 dis,
2180 5493 2369 5553 parato
2394 5483 2516 5538 foco
2544 5496 2596 5539 et
2624 5484 2892 5539 machinis
2928 5502 2940 5538 :
2973 5484 3029 5538 lit
3059 5484 3318 5539 detractis
3349 5485 3603 5547 navibus,

2041 5576 2168 5629 dato
2195 5575 2409 5638 ordine,
2444 5584 2503 5628 ιιι
2538 5578 2745 5646 cymba:
2772 5584 2952 5641 rectm,
3000 5594 3134 5647 quas
3182 5578 3438 5633 barbotas
3471 5577 3605 5632 dici-

2046 5669 2538 5737 tnns,bitcmcsquc
2569 5654 2930 5741 sequerentur
2979 5684 2994 5722 :
3036 5672 3135 5725 hoc
3171 5671 3292 5727 ideo
3327 5682 3383 5727 ut
3435 5672 3608 5726 muni-
