4022 6196
356 241 467 305 9.ὶὸ

1467 239 1562 297 DE
1596 235 2208 298 EXPUGNA'I‘IONE
2251 232 2544 295 CPOIJS.

358 363 426 410 ta:
443 353 623 411 saccis
662 353 785 406 lana
824 350 1000 422 plenis
1030 364 1219 416 naves,
1253 351 1404 418 prius
1435 366 1498 404 ex
1536 350 1808 406 machinis
1840 365 1935 404 ae-
1968 356 2010 412 Α
2041 350 2376 404 excedebant
2408 367 2425 403 :
2474 349 2691 416 reliqui,
2717 349 2834 403 sive
2857 348 3201 415 Genuenses,
3242 352 3357 408 sive
3403 356 3616 423 Veneti,

355 446 867 519 cipereutlapidum
920 444 1084 498 ictus.

432 542 495 592 At
517 537 756 593 Jacobus
784 536 989 597 Cocha,
1014 539 1097 588 vir
1122 533 1383 599 Venetus,
1404 545 1672 588 armatam
1698 549 1762 589 ex
1791 548 1929 587 nau-

363 633 430 687 tis
453 631 763 687 triremium
786 627 1120 682 Venetorum
1143 627 1481 694 imperialem
1514 626 1777 681 biremem
1805 625 1932 694 jux-

363 735 415 778 ta
447 724 698 778 ordinem
730 722 938 783 datum,
970 721 1158 790 gloria:
1193 734 1246 776 et
1269 721 1497 775 honoris
1530 719 1751 782 avidus,
1787 719 1937 772 laxa-

360 818 431 868 tis
475 814 663 877 remis,
713 811 1133 881 praevenientem
1210 812 1532 875 convertit;
1582 823 1817 877 moxque
1876 818 1935 863 ut

360 908 429 961 ab
454 907 701 960 hostibus
719 903 962 958 cernitur
980 902 1139 971 (heu!
1167 917 1383 970 gravem
1408 911 1610 955 sortem
1633 899 1673 969 !)
1715 915 1745 953 e
1778 900 1934 953 bom-

363 999 532 1052 barda
553 995 727 1064 lapide
751 988 931 1047 medio
949 1002 1264 1062 penetratur
1288 1008 1301 1044 :
1332 1008 1456 1047 cum
1483 991 1737 1045 omnibus
1759 1004 1937 1043 arma-

360 1090 434 1142 tis
457 1102 677 1153 mqnore
698 1085 922 1139 biremis
949 1085 1298 1138 absorbetur.
1335 1084 1454 1138 Heu
1480 1084 1494 1135 ι
1528 1083 1689 1135 Pater
1728 1079 1933 1135 beatis-

360 1180 517 1239 sime,
562 1192 725 1248 grave
761 1174 1059 1229 discrimen
1094 1183 1154 1227 ut
1197 1190 1307 1228 uno
1366 1173 1477 1228 ictu
1516 1171 1751 1241 Neptuni
1782 1170 1936 1225 furor

368 1268 716 1322 immerserit.
746 1265 961 1320 Etenim
991 1280 1079 1319 res
1099 1266 1213 1318 haec
1233 1264 1449 1319 detecta
1484 1263 1763 1331 relataque
1792 1261 1938 1315 Teu-

363 1365 473 1418 cris
492 1361 624 1430 agit,
642 1359 847 1414 utdum
881 1358 1053 1413 nostri
1085 1366 1371 1427 percutere
1392 1353 1753 1422 voluere,ipsi
1783 1352 1938 1421 prius

371 1452 615 1522 percussi
668 1452 805 1506 sint.
851 1449 956 1504 Sed
976 1449 1109 1518 quid
1135 1449 1335 1513 dicam,
1386 1447 1701 1502 beatissime
1740 1444 1940 1499 Pater?

362 1549 708 1598 Accusarene
766 1542 1070 1612 quempiam
1114 1540 1287 1594 licet?
1345 1539 1617 1594 silendum
1667 1536 1800 1591 mihi
1830 1546 1941 1593 est.

363 1638 466 1701 Qui
498 1649 664 1690 casus
683 1633 960 1688 acerbum
996 1632 1205 1687 luctum
1234 1633 1438 1686 nostris
1465 1632 1656 1697 dedit;
1687 1644 1745 1684 et
1790 1628 1936 1685 unde

2043 456 2168 496 cum
2207 442 2294 497 his
2321 442 2418 510 qui
2444 456 2509 494 ex
2550 441 2682 495 Pera
2717 442 2858 494 clam
2889 443 2955 495 ad
2991 443 3310 510 prtosidium
3370 460 3623 502 accesse-

2057 542 2206 593 rant,
2238 532 2325 586 vix
2358 547 2630 586 summam
2689 533 2851 585 trium
2898 534 3129 587 millium
3156 536 3461 602 aequabant.
3515 540 3619 594 Sed

2041 623 2174 693 quid
2202 624 2415 692 agimus
2435 625 2489 677 in
2512 639 2607 676 ore
2636 622 2850 677 leonis?
2879 625 3008 693 qu'd
3039 626 3330 680 formicain
3357 643 3451 681 ore
3471 633 3623 685 ursi?

2044 717 2172 786 quid
2199 731 2342 769 unus
2366 724 2557 769 contra
2584 716 2731 769 inille
2762 717 2785 769 'l
2816 716 3026 770 Etenim
3056 723 3229 772 nostri
3273 721 3357 773 vix
3432 723 3618 776 urbem

2045 815 2212 876 ponto
2240 816 2493 875 terraque
2515 807 2796 860 obsessam
2842 810 3433 878 circutuvatlatatnque,
3459 828 3620 880 quam

2042 897 2345 953 octodecim
2406 898 2658 952 milliaria
2694 898 3155 966 complectuntur,
3204 904 3545 958 muniebant.

2118 988 2245 1055 Sed,
2282 1004 2315 1041 ο
2349 987 2661 1043 Graecorum
2689 991 3046 1059 impietatem,
3083 1008 3115 1045 ο
3146 996 3341 1062 patria:
3376 996 3622 1064 prodito-

2046 1095 2154 1143 res,
2185 1096 2216 1132 ο
2245 1094 2441 1133 avaros
2478 1080 2652 1154 lquos
2668 1097 2790 1135 cum
2821 1096 3195 1150 saepenumero
3220 1087 3474 1155 lacrymis
3494 1102 3622 1156 per-

2046 1169 2200 1224 [usus
2223 1170 2384 1239 inops
2414 1170 2713 1240 imperator
2738 1182 2988 1242 rogasset
3011 1182 3069 1228 ut
3082 1190 3180 1243 pro
3204 1176 3474 1232 militibus
3491 1194 3623 1233 cono

2043 1261 2308 1317 ducendis
2332 1262 2623 1331 pecuniam
2651 1272 2991 1324 minarat.
3007 1266 3266 1333 jurabant
3291 1283 3351 1323 se
3404 1269 3618 1338 inopes.

2044 1350 2462 1420 exhaustosque
2513 1352 2747 1422 penuria
2802 1362 3133 1422 temporum.
3203 1373 3345 1425 quos
3391 1363 3621 1427 posthac

2046 1443 2351 1499 ditissimos
2367 1445 2541 1500 hostis
2568 1446 2799 1501 invenit.
2816 1447 2861 1498 A
2891 1447 3076 1515 paucis
3095 1449 3449 1504 nihilominus
3467 1465 3618 1520 qua»

2046 1536 2173 1590 dam
2210 1540 2462 1592 ultronea
2495 1537 2705 1592 oblatio
2737 1536 2885 1591 facta
2906 1548 3012 1593 est.
3060 1538 3368 1595 Cardinalis
3437 1541 3619 1596 hercle

2048 1643 2214 1683 omne
2239 1628 2476 1683 studium
2508 1627 2755 1684 adhibuit
2780 1629 2833 1683 in
2856 1627 3076 1685 ferenda
3098 1645 3223 1701 ope.
3253 1635 3309 1687 in
3336 1633 3618 1688 firmandis

363 1731 635 1790 exierunt,
672 1738 839 1778 naves
861 1739 987 1777 cum
1009 1722 1337 1778 confusione
1369 1723 1621 1777 retraxit.
1676 1719 1755 1777 Ex
1782 1737 1933 1775 mer-
1964 1758 2010 1818 Β
2047 1721 2293 1775 turribus
2318 1729 2374 1775 et
2409 1735 2590 1777 muro.

364 1820 439 1873 sis
477 1818 607 1872 inde
629 1823 1059 1885 supernatantes
1081 1814 1309 1883 quidam
1328 1814 1395 1868 ad
1430 1813 1588 1870 littus
1635 1818 1932 1884 capiuntur

365 1910 431 1963 ab
462 1909 732 1972 hostibus,
770 1921 910 1976 quos
937 1908 1139 1975 impius
1167 1921 1264 1961 rex
1298 1916 1428 1961 ante
1449 1908 1643 1963 oculos
1706 1920 1933 1961 nosnos

366 2001 427 2055 in
459 2001 701 2055 crastino
729 1998 986 2054 decollari
1007 1998 1195 2067 jussit.
1228 1997 1411 2053 Nostri
1442 1999 1772 2062 exacerbati,
1793 2012 1933 2067 quos

367 2092 638 2146 habebant
665 2091 908 2159 captivos
936 2089 993 2143 in
1022 2104 1268 2155 carcere,
1286 2087 1534 2144 Teucros
1564 2088 1633 2143 ad
1668 2103 1851 2143 muros
1879 2088 1933 2142 in

365 2201 587 2240 suorum
614 2193 907 2253 prospectu
927 2181 1223 2236 immanius
1259 2183 1541 2237 trucidant
1575 2197 1591 2246 ;
1618 2181 1809 2252 sicque
1832 2180 1937 2233 im-

366 2278 537 2345 pietas
569 2276 891 2331 crudelitate
922 2276 1206 2329 eommista
1232 2276 1429 2329 bellum
1458 2276 1700 2329 atrocius
1739 2274 1889 2328 fecit.

442 2369 730 2423 Simulavit
777 2371 1005 2436 posthac
1041 2365 1284 2422 Teucrus
1309 2383 1498 2438 pacem
1535 2368 1715 2423 facere
1766 2367 1936 2430 velle;

368 2461 811 2532 exploratoribus
841 2460 964 2514 ﬁcte
985 2461 1352 2515 referentibus
1408 2461 1735 2530 pmnituisse
1791 2477 1939 2528 eum,

368 2553 514 2622 quod
543 2568 792 2620 guerram
816 2552 973 2622 quasi
994 2552 1307 2606 stimulatus
1332 2552 1403 2606 ab
1426 2549 1937 2622 Ungarisintcntas-

369 2657 453 2701 set
484 2646 831 2716 :statuitque
868 2646 1309 2700 caduceatorem.
1346 2645 1451 2698 Sed
1492 2644 1608 2699 ιιωο
1665 2660 1753 2700 res
1814 2661 1943 2698 con-

369 2741 490 2791 licta
516 2738 717 2808 patuit:
742 2738 868 2805 quia
886 2752 987 2791 nec
1011 2736 1261 2791 demoliri
1294 2737 1555 2807 oppidum
1579 2737 1727 2806 quod
1748 2740 1799 2791 in
1817 2738 1945 2792 Pro-

371 2829 593 2899 pontide
621 2829 840 2891 struxit,
873 2843 973 2882 nec
1009 2838 1322 2883 restaurare
1355 2844 1479 2898 quae
1508 2837 1771 2892 vastarat,
1822 2845 1944 2899 per-

374 2920 643 2973 mittebat.
711 2917 982 2987 Quodque
1014 2919 1183 2987 magis
1213 2918 1466 2988 angebat,
1505 2919 1786 2972 inlidentia
1824 2928 1944 2972 erat

374 3008 590 3072 Teucri,
616 3008 707 3078 qui
724 3007 1110 3077 jusjurandum
1132 3006 1414 3077 foedusque
1445 3023 1718 3077 nunquam
1760 3021 1943 3062 serva-

2108 1810 2249 1877 Qnid
2277 1818 2456 1865 autem
2493 1812 2795 1880 imperator
2827 1814 3117 1882 perplexas
3163 1823 3313 1884 agat,
3365 1816 3620 1884 ignorat;

2036 1904 2273 1957 consulit
2301 1904 2576 1967 barones;
2612 1905 2852 1959 suadent
2882 1921 2989 1959 non
3024 1906 3305 1961 molestari
3331 1910 3477 1962 cives
3524 1923 3619 1961 an-

2038 1993 2218 2063 gustia
2259 1994 2523 2062 temporis
2551 2010 2568 2060 ;
2595 1994 2692 2049 sed
2728 1996 3113 2050 recurrendnm
3142 1997 3209 2051 ad
3269 2014 3443 2053 sacra.
3503 2001 3618 2052 An-

2038 2082 2166 2138 ierri
2196 2084 2357 2153 igitur
2379 2095 2431 2139 et
2446 2083 2672 2139 conﬂari
2693 2086 2865 2155 jussit
2887 2103 2951 2140 ex
2981 2088 3156 2141 sacris
3180 2090 3399 2159 templis
3427 2100 3623 2144 sancta

2040 2174 2134 2229 Dei
2167 2168 2322 2238 vasa,
2358 2176 2522 2231 sicuti
2554 2175 2831 2233 Romanos
2872 2193 2972 2248 pro
3000 2180 3330 2235 necessitate
3357 2181 3623 2249 temporis

2040 2266 2236 2323 fecisse
2268 2267 2521 2337 legimus,
2537 2284 2714 2339 exque
2742 2271 2823 2324 eis
2844 2271 3137 2339 pecuniam
3174 2270 3447 2341 insigniri,
3471 2275 3615 2325 dari.

2041 2374 2148 2428 que
2176 2360 2465 2425 militibus,
2504 2360 2809 2417 fossoribus
2859 2365 3461 2431 constructoribusque,
3520 2364 3621 2433 qui

2045 2467 2154 2504 rem
2173 2466 2355 2514 suam,
2377 2468 2494 2529 non.
2505 2451 2777 2522 publicam
2797 2455 3156 2514 attendentes.
3184 2455 3286 2508 nisi
3304 2470 3369 2509 ex
3392 2454 3625 2509 denario

2044 2542 2447 2605 convenissent,
2480 2546 2545 2596 ad
2569 2557 2708 2613 opus
2734 2543 2813 2598 ire
2837 2545 3181 2602 recusabant.
3223 2545 3486 2616 Angustia
3520 2545 3618 2614 igi-

2045 2642 2133 2687 tur
2165 2633 2397 2688 aﬂlictus
2426 2634 2744 2702 imperator,
2783 2634 3066 2702 dispositis
3104 2635 3163 2688 in
3195 2636 3615 2703 propugnaculis

2044 2724 2333 2791 militibus,
2355 2724 2529 2795 quoad
2556 2726 2752 2793 potuit,
2774 2726 3118 2780 antemurale
3133 2727 3312 2780 solum
3332 2727 3482 2781 urbis
3504 2728 3619 2781 val-

2046 2816 2268 2884 lumque
2289 2826 2375 2871 sat
2401 2818 2683 2870 videbatur
2720 2818 2885 2870 tutari
2924 2831 3107 2885 posse.
3157 2816 3363 2871 Bellum
3407 2819 3613 2887 itaque,

2049 2913 2320 2979 paucitate
2337 2926 2554 2965 suorum
2582 2909 2854 2974 difﬁdens,
2887 2910 3080 2964 tolerat
3107 2927 3125 2966 :
3144 2919 3201 2964 et
3222 2926 3375 2980 spem
3395 2926 3612 2967 omnem

2008 3078 2013 3081 μ
2049 3008 2103 3061 in
2129 3006 2341 3062 Joanne
2381 3006 2693 3062 Justiniano
2732 3007 2985 3077 praefecto
3019 3010 3284 3078 reposuit.
3324 3008 3466 3064 Bene
3497 3011 3616 3079 qui-

375 3110 480 3155 rat.
517 3101 624 3154 Cur
653 3101 817 3168 igitur
848 3115 1036 3168 pacem
1066 3100 1261 3167 qumrit
1321 3100 1578 3154 immanis
1640 3110 1693 3154 et
1747 3100 1945 3155 infidus
1969 3101 2016 3164 C
2049 3100 2170 3155 dem
2195 3102 2238 3155 si
2268 3100 2375 3155 fata
2394 3101 2813 3155 secundassent.
2837 3098 3003 3155 Juxta
3029 3116 3158 3170 ergo
3179 3117 3238 3156 se
3258 3102 3447 3156 eodem
3469 3103 3616 3172 capi-

374 3188 590 3244 hestis?
615 3188 1029 3253 Pcrcunctatus,
1054 3204 1117 3241 ex
1147 3202 1295 3241 inore
1324 3202 1448 3243 esse
1474 3188 1739 3256 intellexi,
1767 3200 1821 3242 ut
1850 3205 1948 3242 an—

380 3289 595 3350 tequam
630 3289 906 3335 certamen
944 3279 1196 3347 generale
1226 3280 1599 3342 committant,
1638 3281 1826 3333 hostes
1853 3296 1949 3349 op-

377 3375 523 3426 tione
539 3372 690 3441 pacis
720 3371 1002 3441 petendos,
1032 3386 1118 3433 nc,
1145 3384 1206 3424 ea
1235 3370 1622 3439 prmtermissa,
1649 3372 1813 3424 Deum
1840 3385 1947 3424 non

376 3466 693 3534 propitium,
716 3465 809 3519 sed
841 3465 1037 3517 iratum
1068 3464 1121 3516 in
1148 3473 1299 3516 tanto
1330 3472 1499 3516 marte
1528 3463 1815 3517 sentirent.
1843 3462 1949 3517 ita-

375 3570 480 3624 que
511 3556 846 3610 delusionem
880 3556 1000 3623 ejus
1035 3554 1411 3623 praescientcs,
1445 3554 1681 3609 salutem
1707 3564 1948 3610 nostram

380 3646 489 3700 Deo
511 3647 935 3709 commisimus;
985 3646 1101 3699 dies
1155 3656 1372 3701 nostros
1421 3644 1833 3702 dinumerantes
1896 3647 1950 3699 in

379 3737 744 3792 amaritudine
770 3737 974 3801 cordis,
1005 3746 1057 3790 et
1080 3736 1441 3803 paenitudine,
1484 3738 1705 3802 litaniis,
1740 3737 1951 3794 sacrifi-

378 3829 484 3889 cio,
515 3829 697 3891 thure,
732 3842 887 3896 prece
910 3826 1232 3896 placandum
1259 3824 1428 3880 Deum
1456 3827 1893 3895 prmdicabatnus
1935 3841 1950 3877 :

374 3916 579 3986 jcjunia
608 3915 905 3970 indiximus
953 3910 1221 3983 imperare
1252 3916 1476 3979 uestris,
1520 3925 1576 3967 ut
1610 3916 1762 3969 solus
1811 3914 1953 3971 Deus

381 4024 623 4080 pugnare
656 4024 754 4077 pro
785 4007 941 4062 nobis
972 4007 1312 4075 dignaretur.
1348 4006 1452 4060 Sed
1484 4006 1613 4071 quid
1651 4007 1951 4076 proderunt

383 4102 491 4155 Deo
526 4100 705 4154 missae
728 4116 936 4169 preces,
970 4099 1015 4153 si
1047 4115 1111 4152 ex
1130 4100 1295 4153 corde
1318 4114 1425 4151 non
1450 4107 1597 4163 sunt,
1632 4099 1675 4151 si
1736 4098 1953 4167 polluta:

385 4207 581 4247 manus
604 4193 871 4244 habentur
903 4190 1173 4259 ;siimpia
1220 4200 1275 4243 et
1325 4188 1492 4242 infida
1538 4189 1701 4243 corda
1736 4189 1958 4259 consis-

386 4296 543 4351 tunt;
565 4284 881 4354 iniquitates
908 4284 1050 4336 enim
1073 4290 1275 4336 nostra:
1299 4282 1604 4335 diviserunt
1621 4282 1759 4336 inter
1778 4296 1879 4336 nos
1902 4293 1958 4339 et

388 4377 557 4433 Deum
594 4394 612 4444 ;
649 4375 881 4431 Sahbata
908 4385 1117 4437 nostra,
1149 4374 1415 4439 kalendae,
1446 4374 1757 4435 incensum.
1787 4378 1953 4428 sacri—

390 4473 507 4525 ficia
534 4473 587 4525 in
618 4470 1071 4524 abominatienem
1109 4482 1260 4520 versa
1284 4475 1414 4520 sunt
1446 4482 1463 4531 ;
1497 4475 1549 4520 et
1575 4482 1734 4535 quem
1764 4468 1948 4535 propi-

387 4564 523 4617 tium
549 4561 903 4631 sperabamus
936 4560 1132 4613 habere
1153 4556 1343 4623 Deum,
1373 4558 1662 4611 habuimus
1682 4560 1953 4614 scelerum

387 4660 702 4705 nostrorum
736 4650 993 4703 ultorem.

458 4740 621 4796 Pauci
650 4741 941 4795 admodum
970 4750 1022 4794 et
1056 4740 1257 4808 majore
1284 4754 1515 4793 numero
1537 4755 1601 4793 ex
1626 4740 1828 4793 Graecis
1857 4740 1954 4791 im-

387 4834 577 4896 belles,
610 4841 785 4896 seuto,
829 4832 1038 4896 lancea,
1078 4846 1232 4894 arcu,
1285 4832 1485 4900 gladio,
1538 4841 1729 4884 natura
1775 4831 1957 4899 potius

387 4940 548 4993 quam
577 4933 695 4978 arte
718 4924 1026 4976 militabant
1058 4939 1073 4987 ;
1119 4922 1354 4992 majores
1383 4924 1559 4991 galea,
1594 4922 1840 4985 thorace,
1879 4922 1957 4975 lo-

391 5016 523 5079 rica,
564 5015 763 5083 gladio,
798 5016 982 5067 lancea
1021 5032 1034 5071 :
1069 5016 1291 5083 quidam
1325 5014 1521 5069 iuarcu
1540 5015 1800 5069 elbalisla
1822 5015 1957 5083 dor:—

389 5110 579 5169 tiores,
611 5109 703 5163 sed
738 5109 1161 5177 propugnaculis
1182 5107 1419 5176 impares
1444 5122 1672 5160 numero
1699 5108 1956 5176 agebant,

391 5198 570 5266 quoad
632 5199 909 5251 sciverant
959 5205 1011 5249 et
1076 5206 1345 5265 poterant.
1421 5197 1694 5251 Cadebant
1753 5199 1954 5263 'l‘euci,

392 5290 484 5358 qui
520 5290 778 5343 audacius
805 5290 1170 5342 adhaerebant.
1204 5288 1307 5343 Sed
1333 5289 1460 5358 quid
1481 5291 1525 5345 si
1550 5302 1766 5343 centum
1799 5290 1853 5343 in
1875 5291 1961 5344 die

393 5381 736 5441 eeeidisscnt,
766 5382 1032 5433 innumeri
1060 5380 1133 5431 illi
1168 5386 1373 5449 qt-anto
1396 5383 1613 5444 cadere,
1670 5390 1820 5433 tanto
1873 5397 1961 5435 re-

394 5485 617 5541 surgere
646 5473 835 5540 plures
858 5464 1228 5525 videbantur?’
1249 5471 1303 5524 Si
1330 5487 1469 5542 unus
1505 5488 1568 5525 ex
1597 5472 1963 5528 uostris-ceci-

393 5562 584 5623 disset,
613 5572 725 5614 tum
762 5562 1030 5631 przecipuee
1066 5562 1327 5633 cordatus
1359 5563 1462 5626 vir,
1494 5573 1715 5617 centum
1781 5564 1963 5633 perdi-

394 5651 538 5707 disse
561 5650 822 5707 ﬂcbamus
850 5670 864 5717 ;
892 5650 1062 5706 Grmci
1092 5651 1158 5707 ad
1193 5631 1286 5741 six
1320 5656 1484 5709 millia
1511 5631 1834 5710 bellatorum
1854 5672 1958 5710 non

2051 3202 2210 3247 taneo
2226 3210 2349 3248 cum
2370 3196 2627 3247 trecentis
2648 3194 3113 3247 commilitonibus
3128 3194 3506 3249 Genuensibus
3525 3212 3618 3263 po.

2052 3286 2178 3349 sito,
2203 3286 2500 3354 Splendidis
2528 3285 2915 3355 refulgentibus
2941 3286 3130 3349 armis,
3152 3286 3376 3341 delectis
3395 3289 3614 3356 quidem

2050 3377 2388 3445 coadjuuctis
2412 3377 2615 3431 Graecis
2643 3379 2850 3444 aliquot
2877 3378 3135 3441 strenuis,
3157 3377 3306 3431 circa
3327 3377 3471 3431 illam
3500 3394 3619 3447 par-

2054 3478 2159 3524 tem
2196 3485 2475 3522 murorutn
2496 3468 2679 3523 Saneti
2703 3468 2932 3522 Romani
2965 3480 3361 3537 reparaturum,
3385 3471 3473 3522 ubi
3500 3485 3617 3522 ma-

2052 3563 2136 3631 gis
2174 3562 2398 3629 urgebat
2423 3576 2622 3630 pugna,
2660 3563 2955 3630 imperator
2978 3562 3146 3616 stetit.
3187 3560 3471 3616 Manritius
3497 3562 3621 3616 inde

2053 3654 2361 3717 Catauazus,
2382 3653 2465 3706 vir
2486 3654 2685 3707 nobilis
2705 3653 3013 3708 Genuensis
3033 3652 3319 3719 priefectus
3341 3655 3480 3708 inter
3499 3668 3624 3723 pur-

2054 3754 2160 3799 tam
2179 3744 2358 3815 Pighi,
2386 3746 2435 3798 id
2472 3754 2555 3799 est
2586 3743 2774 3811 fontis,
2799 3761 2973 3814 usque
2999 3746 3063 3797 ad
3091 3745 3348 3808 Auream,
3375 3760 3497 3798 eum
3518 3746 3621 3799 du-

2053 3838 2230 3892 centis
2248 3835 2561 3903 halistariis,
2585 3837 2889 3891 commistis
2911 3836 3075 3890 etiam
3099 3834 3325 3897 Grmcis,
3344 3843 3534 3888 contra
3556 3836 3622 3889 li-

2055 3943 2250 3995 gneum
2274 3939 2536 3990 castrum,
2582 3928 2813 3996 pellibus
2840 3928 3003 3980 boum
3050 3935 3361 3980 contectum
3396 3929 3621 3995 opposi-

2056 4029 2171 4072 tum
2207 4029 2464 4073 accurate
2490 4020 2751 4072 decertat.
2777 4004 2978 4072 Paulus
2996 4018 3233 4081 Troilus,
3260 4020 3529 4073 Antonius
3556 4020 3623 4073 de

2057 4109 2373 4165 Bochiardis
2395 4109 2607 4169 fratres,
2634 4110 2830 4164 inloco
2847 4109 3018 4162 arduo
3041 4108 3336 4172 Miliandri,
3356 4124 3465 4178 quo
3489 4110 3618 4163 urbs

2057 4204 2345 4266 titubabat,
2373 4217 2480 4256 tere
2512 4201 2729 4270 proprio
2760 4211 2816 4256 et
2870 4202 3063 4264 armis,
3110 4216 3317 4254 summa
3364 4215 3484 4253 cum
3545 4202 3625 4253 \‘i~

2056 4294 2302 4363 gilantia,
2344 4302 2506 4346 noctu
2536 4293 2734 4363 dieque
2752 4301 2806 4345 et
2854 4292 3164 4362 spiugardis
3224 4291 3540 4356 horrendis,
3572 4303 3625 4345 et

2062 4385 2277 4439 balistis
2330 4385 2538 4437 torneis
2603 4385 2835 4437 viriliter
2884 4400 3115 4454 pugnam
3175 4384 3447 4438 sustinent
3479 4394 3499 4434 τ
3531 4382 3623 4449 qui

2060 4485 2207 4530 tanta
2238 4477 2604 4538 annnositate,
2641 4491 2786 4529 nunc
2812 4476 2998 4545 pedes,
3039 4491 3183 4543 nunc
3207 4491 3392 4543 eques.
3441 4474 3626 4526 defen-

2059 4569 2215 4631 dunt,
2265 4578 2324 4622 ut
2381 4566 2594 4621 Horatii
2634 4566 2855 4621 Coclitis
2917 4569 3062 4622 vires
3112 4568 3342 4636 repulsis
3376 4565 3624 4620 hostibus

2057 4674 2269 4729 aequare
2302 4661 2640 4713 viderentur.
2698 4657 2831 4713 Nam
2877 4675 2976 4713 nec
3008 4659 3144 4711 muri
3180 4658 3335 4710 fracti
3399 4673 3629 4710 concus—

2058 4752 2233 4812 sione,
2253 4765 2352 4803 nec
2375 4750 2747 4804 machinarum
2772 4750 2986 4804 turbine
3019 4750 3211 4816 leniti,
3230 4759 3489 4803 teter-nam
3523 4750 3625 4802 sini

2060 4841 2373 4893 memoriam
2398 4840 2691 4893 vindicant.

2129 4928 2451 4984 Theodorus
2483 4931 2816 4995 Charistino,
2855 4948 3040 4995 senex,
3067 4932 3158 4987 sed
3190 4932 3444 4986 robustus
3480 4930 3628 4984 Grae-

2058 5036 2175 5084 cus,
2248 5021 2300 5073 in
2361 5037 2489 5076 arcu
2536 5023 2915 5089 doctissimus,
2986 5024 3430 5092 Theophilusque
3474 5021 3623 5074 Grie-

2059 5126 2177 5175 cus,
2236 5113 2435 5166 nobilis
2487 5113 2826 5185 Palaeologus
2879 5115 3075 5168 litteris
3131 5113 3411 5173 eruditus,
3468 5112 3627 5163 ambo

2062 5202 2341 5264 catlioliri,
2400 5218 2523 5258 cum
2583 5203 2794 5260 Joanne
2846 5207 3108 5259 Alemano
3154 5204 3458 5272 ingenioso,
3482 5199 3627 5254 Cali-

2061 5306 2280 5359 garcam
2314 5307 2634 5348 concussam
2696 5306 2948 5364 reparant
2971 5303 3379 5364 proteguntque.
3422 5293 3625 5344 Conta-

2063 5397 2251 5449 renus,
2291 5384 2433 5439 inter
2464 5384 2698 5441 Venetos
2718 5387 3074 5450 clarissimus,
3101 5385 3412 5454 capitancus
3434 5386 3623 5437 Aureu

2063 5484 2232 5541 portae
2266 5474 2649 5544 ctadjacentes
2671 5487 2846 5530 turres
2880 5492 3055 5546 usque
3091 5492 3245 5532 oram
3278 5474 3463 5538 maris,
3496 5474 3627 5527 viri—

2065 5564 2188 5617 liter
2248 5566 2463 5631 pondus
2509 5567 2812 5633 sustinens,
2866 5568 3055 5622 hostes
3109 5568 3404 5637 impugnat.
3457 5563 3630 5619 (ἓν,νοὶ

2068 5656 2298 5725 perinde
2332 5657 2448 5724 alii,
2496 5661 2613 5718 suis
2645 5661 2922 5716 distributi
2962 5658 3410 5733 propugnacitlis,
3438 5660 3618 5715 aciem

3501 244 3614 312 93L
3702 236 3709 239 ’
