  <div class='ocr_page' id='page_1' title='image "/cluster/home/n/w/nwhite01/storage/ocr_20150623/159/hvd.32044073502684/515.png"; bbox 0 0 4022 6196; ppageno 0'>
   <div class='ocr_carea' id='block_1_1' title="bbox 457 202 3672 319">
    <p class='ocr_par' dir='ltr' id='par_1_1' title="bbox 457 202 3672 319">
     <span class='ocr_line' id='line_1_1' title="bbox 457 202 3672 319; baseline -0.01 -1"><span class='ocrx_word' id='word_1_1' title='bbox 457 255 565 319; x_wconf 78' lang='lat'><strong>935</strong></span> <span class='ocrx_word' id='word_1_2' title='bbox 1642 234 2064 300; x_wconf 71' lang='lat' dir='ltr'><strong>LEONARDI</strong></span> <span class='ocrx_word' id='word_1_3' title='bbox 2103 202 2474 297; x_wconf 73' lang='lat' dir='ltr'><strong>CHIENSIS</strong></span> <span class='ocrx_word' id='word_1_4' title='bbox 3578 222 3672 287; x_wconf 80' lang='lat'><strong>936</strong></span> 
     </span>
    </p>
   </div>
   <div class='ocr_carea' id='block_1_2' title="bbox 462 334 3673 429">
    <p class='ocr_par' dir='ltr' id='par_1_2' title="bbox 462 334 3673 429">
     <span class='ocr_line' id='line_1_2' title="bbox 462 334 3673 429; baseline -0.01 -7"><span class='ocrx_word' id='word_1_5' title='bbox 462 378 634 429; x_wconf 90' lang='lat' dir='ltr'><strong>mare,</strong></span> <span class='ocrx_word' id='word_1_6' title='bbox 661 371 973 428; x_wconf 74' lang='lat' dir='ltr'><strong>terramque</strong></span> <span class='ocrx_word' id='word_1_7' title='bbox 1002 355 1055 410; x_wconf 89' lang='lat' dir='ltr'><strong>in</strong></span> <span class='ocrx_word' id='word_1_8' title='bbox 1089 355 1238 409; x_wconf 85' lang='lat' dir='ltr'><strong>urhis</strong></span> <span class='ocrx_word' id='word_1_9' title='bbox 1270 368 1460 425; x_wconf 77' lang='lat' dir='ltr'><strong>gyrum</strong></span> <span class='ocrx_word' id='word_1_10' title='bbox 1530 356 2024 423; x_wconf 72' lang='lat' dir='ltr'><strong>prosequebantur.</strong></span> <span class='ocrx_word' id='word_1_11' title='bbox 2059 359 2099 410; x_wconf 76' lang='grc' dir='ltr'>Α</span> <span class='ocrx_word' id='word_1_12' title='bbox 2128 349 2275 403; x_wconf 84' lang='lat' dir='ltr'><strong>lebat</strong></span> <span class='ocrx_word' id='word_1_13' title='bbox 2305 342 2559 413; x_wconf 83' lang='lat' dir='ltr'><strong>injurias.</strong></span> <span class='ocrx_word' id='word_1_14' title='bbox 2602 338 2815 393; x_wconf 89' lang='lat' dir='ltr'><strong>Interea</strong></span> <span class='ocrx_word' id='word_1_15' title='bbox 2872 335 3188 405; x_wconf 84' lang='lat' dir='ltr'><strong>capitaneus</strong></span> <span class='ocrx_word' id='word_1_16' title='bbox 3230 334 3495 404; x_wconf 75' lang='lat' dir='ltr'><strong>generalis</strong></span> <span class='ocrx_word' id='word_1_17' title='bbox 3527 334 3673 391; x_wconf 76' lang='lat' dir='ltr'><strong>Joan-</strong></span> 
     </span>
    </p>
   </div>
   <div class='ocr_carea' id='block_1_3' title="bbox 463 426 3688 521">
    <p class='ocr_par' dir='ltr' id='par_1_3' title="bbox 463 426 3688 521">
     <span class='ocr_line' id='line_1_3' title="bbox 463 426 3688 521; baseline -0.009 -11"><span class='ocrx_word' id='word_1_18' title='bbox 463 426 654 509; x_wconf 88' lang='lat' dir='ltr'><strong>Palatii</strong></span> <span class='ocrx_word' id='word_1_19' title='bbox 689 426 982 521; x_wconf 80' lang='lat' dir='ltr'><strong>imperialis</strong></span> <span class='ocrx_word' id='word_1_20' title='bbox 1032 461 1165 500; x_wconf 90' lang='lat' dir='ltr'><strong>cura</strong></span> <span class='ocrx_word' id='word_1_21' title='bbox 1231 443 1557 513; x_wconf 86' lang='lat' dir='ltr'><strong>llieronymo</strong></span> <span class='ocrx_word' id='word_1_22' title='bbox 1603 442 1831 499; x_wconf 80' lang='lat' dir='ltr'><strong>Miuotto</strong></span> <span class='ocrx_word' id='word_1_23' title='bbox 1868 442 2041 497; x_wconf 75' lang='lat' dir='ltr'><strong>Vene-</strong></span> <span class='ocrx_word' id='word_1_24' title='bbox 2146 457 2239 496; x_wconf 88' lang='lat' dir='ltr'><strong>nes</strong></span> <span class='ocrx_word' id='word_1_25' title='bbox 2262 438 2631 496; x_wconf 87' lang='lat' dir='ltr'><strong>Justinianus,</strong></span> <span class='ocrx_word' id='word_1_26' title='bbox 2666 432 2833 486; x_wconf 80' lang='lat' dir='ltr'><strong>totius</strong></span> <span class='ocrx_word' id='word_1_27' title='bbox 2862 426 3096 481; x_wconf 70' lang='lat' dir='ltr'><strong>fortunae</strong></span> <span class='ocrx_word' id='word_1_28' title='bbox 3122 427 3455 492; x_wconf 81' lang='lat' dir='ltr'><strong>observator,</strong></span> <span class='ocrx_word' id='word_1_29' title='bbox 3483 436 3534 479; x_wconf 90' lang='lat' dir='ltr'><strong>ut</strong></span> <span class='ocrx_word' id='word_1_30' title='bbox 3562 442 3688 509; x_wconf 36' lang='lat' dir='ltr'><strong>prie-1</strong></span> 
     </span>
    </p>
   </div>
   <div class='ocr_carea' id='block_1_4' title="bbox 464 520 3673 601">
    <p class='ocr_par' dir='ltr' id='par_1_4' title="bbox 464 520 3673 601">
     <span class='ocr_line' id='line_1_4' title="bbox 464 520 3673 601; baseline -0.009 1"><span class='ocrx_word' id='word_1_31' title='bbox 464 555 644 601; x_wconf 86' lang='lat' dir='ltr'><strong>torum</strong></span> <span class='ocrx_word' id='word_1_32' title='bbox 671 520 814 597; x_wconf 79' lang='lat' dir='ltr'><strong>bailo</strong></span> <span class='ocrx_word' id='word_1_33' title='bbox 838 536 1128 594; x_wconf 75' lang='lat' dir='ltr'><strong>commissa</strong></span> <span class='ocrx_word' id='word_1_34' title='bbox 1161 544 1265 591; x_wconf 71' lang='lat' dir='ltr'><strong>est.</strong></span> <span class='ocrx_word' id='word_1_35' title='bbox 2146 531 2324 587; x_wconf 81' lang='lat' dir='ltr'><strong>sensit</strong></span> <span class='ocrx_word' id='word_1_36' title='bbox 2355 544 2420 582; x_wconf 86' lang='lat' dir='ltr'><strong>ex</strong></span> <span class='ocrx_word' id='word_1_37' title='bbox 2456 522 2891 597; x_wconf 82' lang='lat' dir='ltr'><strong>proclamatione</strong></span> <span class='ocrx_word' id='word_1_38' title='bbox 2914 520 3186 573; x_wconf 89' lang='lat' dir='ltr'><strong>Teucrum</strong></span> <span class='ocrx_word' id='word_1_39' title='bbox 3220 529 3417 588; x_wconf 65' lang='lat' dir='ltr'><strong>przrsto</strong></span> <span class='ocrx_word' id='word_1_40' title='bbox 3451 520 3673 573; x_wconf 89' lang='lat' dir='ltr'><strong>daturum</strong></span> 
     </span>
    </p>
   </div>
   <div class='ocr_carea' id='block_1_5' title="bbox 531 612 3679 698">
    <p class='ocr_par' dir='ltr' id='par_1_5' title="bbox 531 612 3679 698">
     <span class='ocr_line' id='line_1_5' title="bbox 531 612 3679 698; baseline -0.008 -8"><span class='ocrx_word' id='word_1_41' title='bbox 531 631 855 695; x_wconf 85' lang='lat' dir='ltr'><strong>Cardinalis,</strong></span> <span class='ocrx_word' id='word_1_42' title='bbox 880 644 909 681; x_wconf 91' lang='lat' dir='ltr'><strong>a</strong></span> <span class='ocrx_word' id='word_1_43' title='bbox 932 627 1163 694; x_wconf 87' lang='lat' dir='ltr'><strong>consilio</strong></span> <span class='ocrx_word' id='word_1_44' title='bbox 1182 640 1459 698; x_wconf 89' lang='lat' dir='ltr'><strong>nunquam</strong></span> <span class='ocrx_word' id='word_1_45' title='bbox 1486 624 1705 691; x_wconf 76' lang='lat' dir='ltr'><strong>absens,</strong></span> <span class='ocrx_word' id='word_1_46' title='bbox 1734 623 1917 678; x_wconf 81' lang='lat' dir='ltr'><strong>Sancti</strong></span> <span class='ocrx_word' id='word_1_47' title='bbox 1948 621 2045 673; x_wconf 80' lang='lat' dir='ltr'><strong>De—</strong></span> <span class='ocrx_word' id='word_1_48' title='bbox 2146 635 2446 684; x_wconf 84' lang='lat' dir='ltr'><strong>certamen,</strong></span> <span class='ocrx_word' id='word_1_49' title='bbox 2465 619 2656 689; x_wconf 77' lang='lat' dir='ltr'><strong>agebat</strong></span> <span class='ocrx_word' id='word_1_50' title='bbox 2678 613 2959 669; x_wconf 73' lang='lat' dir='ltr'><strong>confestim</strong></span> <span class='ocrx_word' id='word_1_51' title='bbox 2979 626 3281 676; x_wconf 82' lang='lat' dir='ltr'><strong>murorum,</strong></span> <span class='ocrx_word' id='word_1_52' title='bbox 3307 626 3442 679; x_wconf 90' lang='lat' dir='ltr'><strong>quos</strong></span> <span class='ocrx_word' id='word_1_53' title='bbox 3460 612 3679 665; x_wconf 64' lang='lat' dir='ltr'><strong>machina</strong></span> 
     </span>
    </p>
   </div>
   <div class='ocr_carea' id='block_1_6' title="bbox 470 700 3681 791">
    <p class='ocr_par' dir='ltr' id='par_1_6' title="bbox 470 700 3681 791">
     <span class='ocr_line' id='line_1_6' title="bbox 470 700 3681 791; baseline -0.008 -11"><span class='ocrx_word' id='word_1_54' title='bbox 470 726 646 780; x_wconf 88' lang='lat' dir='ltr'><strong>metrii</strong></span> <span class='ocrx_word' id='word_1_55' title='bbox 668 726 944 791; x_wconf 77' lang='lat' dir='ltr'><strong>regionem</strong></span> <span class='ocrx_word' id='word_1_56' title='bbox 968 719 1035 773; x_wconf 89' lang='lat' dir='ltr'><strong>ad</strong></span> <span class='ocrx_word' id='word_1_57' title='bbox 1056 733 1203 772; x_wconf 91' lang='lat' dir='ltr'><strong>mare</strong></span> <span class='ocrx_word' id='word_1_58' title='bbox 1229 716 1586 774; x_wconf 79' lang='lat' dir='ltr'><strong>defensabat:</strong></span> <span class='ocrx_word' id='word_1_59' title='bbox 1616 715 2040 770; x_wconf 82' lang='lat' dir='ltr'><strong>Cathalanorum</strong></span> <span class='ocrx_word' id='word_1_60' title='bbox 2146 713 2500 771; x_wconf 85' lang='lat' dir='ltr'><strong>contriverat,</strong></span> <span class='ocrx_word' id='word_1_61' title='bbox 2534 704 2936 774; x_wconf 80' lang='lat' dir='ltr'><strong>reparationem</strong></span> <span class='ocrx_word' id='word_1_62' title='bbox 2972 718 2986 755; x_wconf 89' lang='lat'><strong>:</strong></span> <span class='ocrx_word' id='word_1_63' title='bbox 3018 700 3323 773; x_wconf 82' lang='lat' dir='ltr'><strong>petivitque</strong></span> <span class='ocrx_word' id='word_1_64' title='bbox 3353 700 3453 754; x_wconf 83' lang='lat' dir='ltr'><strong>sibi</strong></span> <span class='ocrx_word' id='word_1_65' title='bbox 3490 716 3515 751; x_wconf 84' lang='lat' dir='ltr'><strong>a</strong></span> <span class='ocrx_word' id='word_1_66' title='bbox 3546 700 3681 755; x_wconf 55' lang='lat' dir='ltr'><strong>Chir-</strong></span> 
     </span>
    </p>
   </div>
   <div class='ocr_carea' id='block_1_7' title="bbox 468 794 3685 878">
    <p class='ocr_par' dir='ltr' id='par_1_7' title="bbox 468 794 3685 878">
     <span class='ocr_line' id='line_1_7' title="bbox 468 794 3685 878; baseline -0.011 5"><span class='ocrx_word' id='word_1_67' title='bbox 468 817 664 874; x_wconf 71' lang='grc' dir='ltr'><strong>εοιιειιι</strong></span> <span class='ocrx_word' id='word_1_68' title='bbox 691 813 885 867; x_wconf 56' lang='lat' dir='ltr'><strong>tum“!</strong></span> <span class='ocrx_word' id='word_1_69' title='bbox 923 820 1049 865; x_wconf 72' lang='lat' dir='ltr'><strong>ame</strong></span> <span class='ocrx_word' id='word_1_70' title='bbox 1070 808 1517 878; x_wconf 70' lang='grc' dir='ltr'><strong>Πίρβοίιτοιιὶίυηι</strong></span> <span class='ocrx_word' id='word_1_71' title='bbox 1550 804 1835 858; x_wconf 62' lang='lat' dir='ltr'><strong>lumbam&quot;</strong></span> <span class='ocrx_word' id='word_1_72' title='bbox 1864 819 1880 867; x_wconf 82' lang='grc'>;</span> <span class='ocrx_word' id='word_1_73' title='bbox 1926 817 2046 855; x_wconf 65' lang='grc' dir='ltr'><strong>νυν·</strong></span> <span class='ocrx_word' id='word_1_74' title='bbox 2146 807 2484 873; x_wconf 88' lang='lat' dir='ltr'><strong>lucamagno</strong></span> <span class='ocrx_word' id='word_1_75' title='bbox 2500 802 2644 856; x_wconf 90' lang='lat' dir='ltr'><strong>duce</strong></span> <span class='ocrx_word' id='word_1_76' title='bbox 2666 795 2943 853; x_wconf 86' lang='lat' dir='ltr'><strong>consulari</strong></span> <span class='ocrx_word' id='word_1_77' title='bbox 2961 809 3280 850; x_wconf 89' lang='lat' dir='ltr'><strong>communes</strong></span> <span class='ocrx_word' id='word_1_78' title='bbox 3302 794 3685 861; x_wconf 85' lang='lat' dir='ltr'><strong>urbishomhar-</strong></span> 
     </span>
    </p>
   </div>
   <div class='ocr_carea' id='block_1_8' title="bbox 469 885 3685 973">
    <p class='ocr_par' dir='ltr' id='par_1_8' title="bbox 469 885 3685 973">
     <span class='ocr_line' id='line_1_8' title="bbox 469 885 3685 973; baseline -0.008 -9"><span class='ocrx_word' id='word_1_79' title='bbox 469 925 566 965; x_wconf 79' lang='lat' dir='ltr'><strong>sus</strong></span> <span class='ocrx_word' id='word_1_80' title='bbox 595 906 914 961; x_wconf 79' lang='lat' dir='ltr'><strong>orientalem</strong></span> <span class='ocrx_word' id='word_1_81' title='bbox 940 903 1173 973; x_wconf 82' lang='lat' dir='ltr'><strong>plagam.</strong></span> <span class='ocrx_word' id='word_1_82' title='bbox 1221 900 1483 956; x_wconf 86' lang='lat' dir='ltr'><strong>Chirluca</strong></span> <span class='ocrx_word' id='word_1_83' title='bbox 1527 898 1593 951; x_wconf 90' lang='lat' dir='ltr'><strong>ad</strong></span> <span class='ocrx_word' id='word_1_84' title='bbox 1633 912 1823 951; x_wconf 88' lang='lat' dir='ltr'><strong>curam</strong></span> <span class='ocrx_word' id='word_1_85' title='bbox 1858 901 2044 964; x_wconf 89' lang='lat' dir='ltr'><strong>portus</strong></span> <span class='ocrx_word' id='word_1_86' title='bbox 2148 898 2267 960; x_wconf 86' lang='lat' dir='ltr'><strong>das,</strong></span> <span class='ocrx_word' id='word_1_87' title='bbox 2292 912 2428 965; x_wconf 88' lang='lat' dir='ltr'><strong>quas</strong></span> <span class='ocrx_word' id='word_1_88' title='bbox 2451 903 2639 948; x_wconf 84' lang='lat' dir='ltr'><strong>contra</strong></span> <span class='ocrx_word' id='word_1_89' title='bbox 2669 890 2857 945; x_wconf 87' lang='lat' dir='ltr'><strong>hostes</strong></span> <span class='ocrx_word' id='word_1_90' title='bbox 2883 886 3140 957; x_wconf 80' lang='lat' dir='ltr'><strong>alligerct.</strong></span> <span class='ocrx_word' id='word_1_91' title='bbox 3162 885 3312 952; x_wconf 85' lang='lat' dir='ltr'><strong>Quas</strong></span> <span class='ocrx_word' id='word_1_92' title='bbox 3341 901 3461 940; x_wconf 81' lang='lat' dir='ltr'><strong>cum</strong></span> <span class='ocrx_word' id='word_1_93' title='bbox 3481 888 3685 955; x_wconf 81' lang='lat' dir='ltr'><strong>superbe</strong></span> 
     </span>
    </p>
   </div>
   <div class='ocr_carea' id='block_1_9' title="bbox 474 977 3685 1067">
    <p class='ocr_par' dir='ltr' id='par_1_9' title="bbox 474 977 3685 1067">
     <span class='ocr_line' id='line_1_9' title="bbox 474 977 3685 1067; baseline -0.011 -13"><span class='ocrx_word' id='word_1_94' title='bbox 474 1000 755 1067; x_wconf 85' lang='lat' dir='ltr'><strong>totiusque</strong></span> <span class='ocrx_word' id='word_1_95' title='bbox 785 996 1069 1050; x_wconf 79' lang='lat' dir='ltr'><strong>maritima:</strong></span> <span class='ocrx_word' id='word_1_96' title='bbox 1099 992 1340 1063; x_wconf 75' lang='lat' dir='ltr'><strong>regionis</strong></span> <span class='ocrx_word' id='word_1_97' title='bbox 1366 989 1686 1059; x_wconf 87' lang='lat' dir='ltr'><strong>invigilabat</strong></span> <span class='ocrx_word' id='word_1_98' title='bbox 1708 991 1772 1041; x_wconf 87' lang='lat' dir='ltr'><strong>ad</strong></span> <span class='ocrx_word' id='word_1_99' title='bbox 1791 985 2043 1041; x_wconf 79' lang='lat' dir='ltr'><strong>deferen-</strong></span> <span class='ocrx_word' id='word_1_100' title='bbox 2149 989 2474 1058; x_wconf 78' lang='lat' dir='ltr'><strong>denegasset</strong></span> <span class='ocrx_word' id='word_1_101' title='bbox 2499 1000 2515 1042; x_wconf 86' lang='lat'><strong>:</strong></span> <span class='ocrx_word' id='word_1_102' title='bbox 2548 984 2683 1050; x_wconf 86' lang='lat' dir='ltr'><strong>Quis</strong></span> <span class='ocrx_word' id='word_1_103' title='bbox 2715 997 2801 1035; x_wconf 88' lang='lat' dir='ltr'><strong>me</strong></span> <span class='ocrx_word' id='word_1_104' title='bbox 2824 979 3180 1052; x_wconf 88' lang='lat' dir='ltr'><strong>(capitaneus</strong></span> <span class='ocrx_word' id='word_1_105' title='bbox 3212 977 3446 1047; x_wconf 83' lang='lat' dir='ltr'><strong>inquit),</strong></span> <span class='ocrx_word' id='word_1_106' title='bbox 3478 993 3509 1031; x_wconf 87' lang='grc' dir='ltr'><strong>ο</strong></span> <span class='ocrx_word' id='word_1_107' title='bbox 3532 979 3685 1046; x_wconf 75' lang='lat' dir='ltr'><strong>prodi.</strong></span> 
     </span>
    </p>
   </div>
   <div class='ocr_carea' id='block_1_10' title="bbox 472 1068 3688 1159">
    <p class='ocr_par' dir='ltr' id='par_1_10' title="bbox 472 1068 3688 1159">
     <span class='ocr_line' id='line_1_10' title="bbox 472 1068 3688 1159; baseline -0.011 -14"><span class='ocrx_word' id='word_1_108' title='bbox 472 1094 601 1147; x_wconf 93' lang='lat' dir='ltr'><strong>dum</strong></span> <span class='ocrx_word' id='word_1_109' title='bbox 635 1087 971 1159; x_wconf 68' lang='lat' dir='ltr'><strong>przcsidiutn.</strong></span> <span class='ocrx_word' id='word_1_110' title='bbox 1005 1086 1371 1154; x_wconf 84' lang='lat' dir='ltr'><strong>Hieronymus</strong></span> <span class='ocrx_word' id='word_1_111' title='bbox 1410 1082 1692 1142; x_wconf 86' lang='lat' dir='ltr'><strong>ltalianns,</strong></span> <span class='ocrx_word' id='word_1_112' title='bbox 1722 1077 2045 1133; x_wconf 87' lang='lat' dir='ltr'><strong>Leonardus</strong></span> <span class='ocrx_word' id='word_1_113' title='bbox 2153 1092 2258 1146; x_wconf 80' lang='lat' dir='ltr'><strong>tor,</strong></span> <span class='ocrx_word' id='word_1_114' title='bbox 2288 1088 2453 1144; x_wconf 81' lang='lat' dir='ltr'><strong>tenet,</strong></span> <span class='ocrx_word' id='word_1_115' title='bbox 2496 1085 2557 1132; x_wconf 90' lang='lat' dir='ltr'><strong>ut</strong></span> <span class='ocrx_word' id='word_1_116' title='bbox 2595 1075 2775 1145; x_wconf 86' lang='lat' dir='ltr'><strong>gladio</strong></span> <span class='ocrx_word' id='word_1_117' title='bbox 2813 1086 2924 1127; x_wconf 89' lang='lat' dir='ltr'><strong>non</strong></span> <span class='ocrx_word' id='word_1_118' title='bbox 2966 1071 3259 1124; x_wconf 87' lang='lat' dir='ltr'><strong>occumbas</strong></span> <span class='ocrx_word' id='word_1_119' title='bbox 3304 1070 3461 1124; x_wconf 77' lang='lat' dir='ltr'><strong>meo?</strong></span> <span class='ocrx_word' id='word_1_120' title='bbox 3495 1068 3599 1137; x_wconf 85' lang='lat' dir='ltr'><strong>Qua</strong></span> <span class='ocrx_word' id='word_1_121' title='bbox 3625 1070 3688 1139; x_wconf 69' lang='lat' dir='ltr'><strong>ig-</strong></span> 
     </span>
    </p>
   </div>
   <div class='ocr_carea' id='block_1_11' title="bbox 470 1161 2058 1252">
    <p class='ocr_par' dir='ltr' id='par_1_11' title="bbox 470 1168 2048 1252">
     <span class='ocr_line' id='line_1_11' title="bbox 470 1168 2048 1252; baseline -0.012 -13"><span class='ocrx_word' id='word_1_122' title='bbox 470 1185 539 1241; x_wconf 88' lang='lat' dir='ltr'><strong>de</strong></span> <span class='ocrx_word' id='word_1_123' title='bbox 593 1182 893 1252; x_wconf 86' lang='lat' dir='ltr'><strong>Langasco,</strong></span> <span class='ocrx_word' id='word_1_124' title='bbox 924 1175 1256 1241; x_wconf 85' lang='lat' dir='ltr'><strong>Genuensis,</strong></span> <span class='ocrx_word' id='word_1_125' title='bbox 1281 1190 1405 1228; x_wconf 90' lang='lat' dir='ltr'><strong>cum</strong></span> <span class='ocrx_word' id='word_1_126' title='bbox 1456 1173 1644 1228; x_wconf 88' lang='lat' dir='ltr'><strong>multis</strong></span> <span class='ocrx_word' id='word_1_127' title='bbox 1674 1170 1842 1226; x_wconf 82' lang='lat' dir='ltr'><strong>sociis</strong></span> <span class='ocrx_word' id='word_1_128' title='bbox 1883 1168 2048 1239; x_wconf 78' lang='lat' dir='ltr'><strong>Xylo-</strong></span> 
     </span>
    </p>
   </div>
   <div class='ocr_carea' id='block_1_12' title="bbox 2098 1161 3686 1252">
    <p class='ocr_par' dir='ltr' id='par_1_12' title="bbox 2150 1161 3686 1237">
     <span class='ocr_line' id='line_1_12' title="bbox 2150 1161 3686 1237; baseline -0.009 -9"><span class='ocrx_word' id='word_1_129' title='bbox 2150 1172 2391 1229; x_wconf 89' lang='lat' dir='ltr'><strong>nominia</strong></span> <span class='ocrx_word' id='word_1_130' title='bbox 2439 1167 2772 1237; x_wconf 86' lang='lat' dir='ltr'><strong>indignatus,</strong></span> <span class='ocrx_word' id='word_1_131' title='bbox 2819 1173 2932 1218; x_wconf 89' lang='lat' dir='ltr'><strong>tum</strong></span> <span class='ocrx_word' id='word_1_132' title='bbox 3004 1162 3148 1231; x_wconf 91' lang='lat' dir='ltr'><strong>quod</strong></span> <span class='ocrx_word' id='word_1_133' title='bbox 3186 1161 3390 1215; x_wconf 86' lang='lat' dir='ltr'><strong>Latinis</strong></span> <span class='ocrx_word' id='word_1_134' title='bbox 3436 1162 3481 1214; x_wconf 89' lang='lat' dir='ltr'><strong>ei</strong></span> <span class='ocrx_word' id='word_1_135' title='bbox 3524 1175 3686 1230; x_wconf 83' lang='lat' dir='ltr'><strong>expro-</strong></span> 
     </span>
    </p>
   </div>
   <div class='ocr_carea' id='block_1_13' title="bbox 474 1252 3686 1345">
    <p class='ocr_par' dir='ltr' id='par_1_13' title="bbox 474 1252 3686 1345">
     <span class='ocr_line' id='line_1_13' title="bbox 474 1252 3686 1345; baseline -0.006 -23"><span class='ocrx_word' id='word_1_136' title='bbox 474 1284 683 1345; x_wconf 76' lang='lat' dir='ltr'><strong>portarn</strong></span> <span class='ocrx_word' id='word_1_137' title='bbox 708 1282 763 1326; x_wconf 82' lang='lat' dir='ltr'><strong>et</strong></span> <span class='ocrx_word' id='word_1_138' title='bbox 793 1280 973 1325; x_wconf 86' lang='lat' dir='ltr'><strong>turres</strong></span> <span class='ocrx_word' id='word_1_139' title='bbox 1003 1282 1144 1338; x_wconf 83' lang='lat' dir='ltr'><strong>quas</strong></span> <span class='ocrx_word' id='word_1_140' title='bbox 1167 1264 1474 1321; x_wconf 82' lang='lat' dir='ltr'><strong>Aveniades</strong></span> <span class='ocrx_word' id='word_1_141' title='bbox 1511 1269 1729 1328; x_wconf 88' lang='lat' dir='ltr'><strong>vocant,</strong></span> <span class='ocrx_word' id='word_1_142' title='bbox 1787 1260 2049 1331; x_wconf 79' lang='lat' dir='ltr'><strong>impensis</strong></span> <span class='ocrx_word' id='word_1_143' title='bbox 2150 1267 2381 1327; x_wconf 83' lang='lat' dir='ltr'><strong>brasset,</strong></span> <span class='ocrx_word' id='word_1_144' title='bbox 2422 1260 2705 1315; x_wconf 78' lang='lat' dir='ltr'><strong>remissius</strong></span> <span class='ocrx_word' id='word_1_145' title='bbox 2732 1265 2921 1326; x_wconf 89' lang='lat' dir='ltr'><strong>postea</strong></span> <span class='ocrx_word' id='word_1_146' title='bbox 2974 1252 3051 1309; x_wconf 88' lang='lat' dir='ltr'><strong>rei</strong></span> <span class='ocrx_word' id='word_1_147' title='bbox 3080 1252 3286 1308; x_wconf 72' lang='lat' dir='ltr'><strong>bellica:</strong></span> <span class='ocrx_word' id='word_1_148' title='bbox 3334 1254 3686 1321; x_wconf 77' lang='lat' dir='ltr'><strong>providentiam</strong></span> 
     </span>
    </p>
   </div>
   <div class='ocr_carea' id='block_1_14' title="bbox 473 1342 3689 1433">
    <p class='ocr_par' dir='ltr' id='par_1_14' title="bbox 473 1342 3689 1433">
     <span class='ocr_line' id='line_1_14' title="bbox 473 1342 3689 1433; baseline -0.007 -14"><span class='ocrx_word' id='word_1_149' title='bbox 473 1342 769 1419; x_wconf 76' lang='lat' dir='ltr'><strong>cardinalis</strong></span> <span class='ocrx_word' id='word_1_150' title='bbox 800 1370 1079 1433; x_wconf 85' lang='lat' dir='ltr'><strong>reparatas</strong></span> <span class='ocrx_word' id='word_1_151' title='bbox 1100 1360 1444 1431; x_wconf 88' lang='lat' dir='ltr'><strong>spectabant.</strong></span> <span class='ocrx_word' id='word_1_152' title='bbox 2150 1356 2321 1431; x_wconf 77' lang='lat' dir='ltr'><strong>gessit</strong></span> <span class='ocrx_word' id='word_1_153' title='bbox 2354 1372 2368 1407; x_wconf 86' lang='lat'><strong>:</strong></span> <span class='ocrx_word' id='word_1_154' title='bbox 2405 1351 2689 1418; x_wconf 63' lang='lat' dir='ltr'><strong>Graecique</strong></span> <span class='ocrx_word' id='word_1_155' title='bbox 2727 1348 2835 1417; x_wconf 80' lang='lat' dir='ltr'><strong>jam</strong></span> <span class='ocrx_word' id='word_1_156' title='bbox 2877 1344 3145 1401; x_wconf 80' lang='lat' dir='ltr'><strong>secretius</strong></span> <span class='ocrx_word' id='word_1_157' title='bbox 3180 1344 3327 1411; x_wconf 88' lang='lat' dir='ltr'><strong>quod</strong></span> <span class='ocrx_word' id='word_1_158' title='bbox 3360 1342 3555 1397; x_wconf 79' lang='lat' dir='ltr'><strong>Latinis</strong></span> <span class='ocrx_word' id='word_1_159' title='bbox 3599 1343 3689 1398; x_wconf 65' lang='lat' dir='ltr'><strong>sal«</strong></span> 
     </span>
    </p>
   </div>
   <div class='ocr_carea' id='block_1_15' title="bbox 545 1432 3692 1522">
    <p class='ocr_par' dir='ltr' id='par_1_15' title="bbox 545 1432 3692 1522">
     <span class='ocr_line' id='line_1_15' title="bbox 545 1432 3692 1522; baseline -0.008 -11"><span class='ocrx_word' id='word_1_160' title='bbox 545 1455 822 1511; x_wconf 88' lang='lat' dir='ltr'><strong>Flamines</strong></span> <span class='ocrx_word' id='word_1_161' title='bbox 858 1454 1226 1522; x_wconf 87' lang='lat' dir='ltr'><strong>monachique</strong></span> <span class='ocrx_word' id='word_1_162' title='bbox 1258 1466 1426 1520; x_wconf 84' lang='lat' dir='ltr'><strong>supra</strong></span> <span class='ocrx_word' id='word_1_163' title='bbox 1464 1464 1654 1505; x_wconf 90' lang='lat' dir='ltr'><strong>muros</strong></span> <span class='ocrx_word' id='word_1_164' title='bbox 1685 1448 2049 1518; x_wconf 85' lang='lat' dir='ltr'><strong>undequaque</strong></span> <span class='ocrx_word' id='word_1_165' title='bbox 2152 1448 2334 1503; x_wconf 71' lang='lat' dir='ltr'><strong>tande:</strong></span> <span class='ocrx_word' id='word_1_166' title='bbox 2365 1442 2517 1499; x_wconf 85' lang='lat' dir='ltr'><strong>urbis</strong></span> <span class='ocrx_word' id='word_1_167' title='bbox 2544 1439 2716 1509; x_wconf 84' lang='lat' dir='ltr'><strong>gloria</strong></span> <span class='ocrx_word' id='word_1_168' title='bbox 2738 1436 2920 1491; x_wconf 81' lang='lat' dir='ltr'><strong>dedita</strong></span> <span class='ocrx_word' id='word_1_169' title='bbox 2942 1442 3108 1497; x_wconf 93' lang='lat' dir='ltr'><strong>esset,</strong></span> <span class='ocrx_word' id='word_1_170' title='bbox 3137 1434 3329 1489; x_wconf 89' lang='lat' dir='ltr'><strong>odiose</strong></span> <span class='ocrx_word' id='word_1_171' title='bbox 3356 1433 3610 1487; x_wconf 85' lang='lat' dir='ltr'><strong>ferebant.</strong></span> <span class='ocrx_word' id='word_1_172' title='bbox 3634 1432 3692 1485; x_wconf 81' lang='lat' dir='ltr'><strong>A&#39;t</strong></span> 
     </span>
    </p>
   </div>
   <div class='ocr_carea' id='block_1_16' title="bbox 478 1526 3693 1615">
    <p class='ocr_par' dir='ltr' id='par_1_16' title="bbox 478 1526 3693 1615">
     <span class='ocr_line' id='line_1_16' title="bbox 478 1526 3693 1615; baseline -0.008 -11"><span class='ocrx_word' id='word_1_173' title='bbox 478 1548 727 1604; x_wconf 85' lang='lat' dir='ltr'><strong>collocati</strong></span> <span class='ocrx_word' id='word_1_174' title='bbox 752 1561 851 1615; x_wconf 90' lang='lat' dir='ltr'><strong>pro</strong></span> <span class='ocrx_word' id='word_1_175' title='bbox 874 1547 1047 1599; x_wconf 89' lang='lat' dir='ltr'><strong>salute</strong></span> <span class='ocrx_word' id='word_1_176' title='bbox 1062 1544 1251 1615; x_wconf 71' lang='lat' dir='ltr'><strong>patriae</strong></span> <span class='ocrx_word' id='word_1_177' title='bbox 1272 1541 1632 1598; x_wconf 75' lang='lat' dir='ltr'><strong>excubabant.</strong></span> <span class='ocrx_word' id='word_1_178' title='bbox 1676 1538 1894 1595; x_wconf 88' lang='lat' dir='ltr'><strong>Gabriel</strong></span> <span class='ocrx_word' id='word_1_179' title='bbox 1930 1536 2052 1591; x_wconf 86' lang='lat' dir='ltr'><strong>Tri-</strong></span> <span class='ocrx_word' id='word_1_180' title='bbox 2152 1542 2496 1611; x_wconf 85' lang='lat' dir='ltr'><strong>capitaneus,</strong></span> <span class='ocrx_word' id='word_1_181' title='bbox 2517 1531 2749 1588; x_wconf 79' lang='lat' dir='ltr'><strong>Joannis</strong></span> <span class='ocrx_word' id='word_1_182' title='bbox 2765 1527 3008 1583; x_wconf 77' lang='lat' dir='ltr'><strong>Mauricii</strong></span> <span class='ocrx_word' id='word_1_183' title='bbox 3028 1526 3269 1581; x_wconf 81' lang='lat' dir='ltr'><strong>Catana:i</strong></span> <span class='ocrx_word' id='word_1_184' title='bbox 3294 1526 3693 1595; x_wconf 60' lang='lat' dir='ltr'><strong>praefectiJoan-</strong></span> 
     </span>
    </p>
   </div>
   <div class='ocr_carea' id='block_1_17' title="bbox 479 1612 3697 1705">
    <p class='ocr_par' dir='ltr' id='par_1_17' title="bbox 479 1612 3697 1705">
     <span class='ocr_line' id='line_1_17' title="bbox 479 1612 3697 1705; baseline -0.01 -14"><span class='ocrx_word' id='word_1_185' title='bbox 479 1612 1001 1694; x_wconf 84' lang='lat' dir='ltr'><strong>visanussubtilium</strong></span> <span class='ocrx_word' id='word_1_186' title='bbox 1021 1612 1295 1705; x_wconf 78' lang='lat' dir='ltr'><strong>galearum</strong></span> <span class='ocrx_word' id='word_1_187' title='bbox 1325 1632 1618 1703; x_wconf 77' lang='lat' dir='ltr'><strong>praefectus</strong></span> <span class='ocrx_word' id='word_1_188' title='bbox 1645 1631 1844 1686; x_wconf 89' lang='lat' dir='ltr'><strong>nobilis</strong></span> <span class='ocrx_word' id='word_1_189' title='bbox 1867 1630 2047 1684; x_wconf 84' lang='lat' dir='ltr'><strong>Vene-</strong></span> <span class='ocrx_word' id='word_1_190' title='bbox 2088 1704 2101 1705; x_wconf 20' lang='grc' dir='ltr'><em>γ</em></span> <span class='ocrx_word' id='word_1_191' title='bbox 2161 1632 2248 1688; x_wconf 89' lang='lat' dir='ltr'><strong>nis</strong></span> <span class='ocrx_word' id='word_1_192' title='bbox 2286 1630 2353 1686; x_wconf 90' lang='lat' dir='ltr'><strong>de</strong></span> <span class='ocrx_word' id='word_1_193' title='bbox 2382 1627 2606 1688; x_wconf 78' lang='lat' dir='ltr'><strong>Careto,</strong></span> <span class='ocrx_word' id='word_1_194' title='bbox 2640 1620 2795 1676; x_wconf 90' lang='lat' dir='ltr'><strong>Pauli</strong></span> <span class='ocrx_word' id='word_1_195' title='bbox 2830 1617 3151 1683; x_wconf 84' lang='lat' dir='ltr'><strong>Bochiardi,</strong></span> <span class='ocrx_word' id='word_1_196' title='bbox 3183 1615 3411 1672; x_wconf 85' lang='lat' dir='ltr'><strong>Joannis</strong></span> <span class='ocrx_word' id='word_1_197' title='bbox 3440 1617 3502 1671; x_wconf 90' lang='lat' dir='ltr'><strong>de</strong></span> <span class='ocrx_word' id='word_1_198' title='bbox 3523 1612 3697 1669; x_wconf 58' lang='grc' dir='ltr'>[θοι-ιιι.</span> 
     </span>
    </p>
   </div>
   <div class='ocr_carea' id='block_1_18' title="bbox 483 1704 3698 1797">
    <p class='ocr_par' dir='ltr' id='par_1_18' title="bbox 483 1704 3698 1797">
     <span class='ocr_line' id='line_1_18' title="bbox 483 1704 3698 1797; baseline -0.012 1"><span class='ocrx_word' id='word_1_199' title='bbox 483 1743 592 1797; x_wconf 77' lang='grc' dir='ltr'>ιιιε,</span> <span class='ocrx_word' id='word_1_200' title='bbox 623 1704 1057 1784; x_wconf 58' lang='grc' dir='ltr'><strong>εοηιειιίεεὶιηθέι</strong></span> <span class='ocrx_word' id='word_1_201' title='bbox 1092 1725 1227 1779; x_wconf 70' lang='lat' dir='ltr'><strong>turri</strong></span> <span class='ocrx_word' id='word_1_202' title='bbox 1268 1724 1400 1778; x_wconf 83' lang='lat' dir='ltr'><strong>Fani</strong></span> <span class='ocrx_word' id='word_1_203' title='bbox 1422 1740 1594 1794; x_wconf 83' lang='lat' dir='ltr'><strong>usque</strong></span> <span class='ocrx_word' id='word_1_204' title='bbox 1613 1722 1682 1777; x_wconf 81' lang='lat' dir='ltr'><strong>ad</strong></span> <span class='ocrx_word' id='word_1_205' title='bbox 1708 1720 2049 1789; x_wconf 77' lang='lat' dir='ltr'><strong>Imperialem</strong></span> <span class='ocrx_word' id='word_1_206' title='bbox 2081 1704 2125 1762; x_wconf 82' lang='grc' dir='ltr'><strong><em>Β</em></strong></span> <span class='ocrx_word' id='word_1_207' title='bbox 2154 1722 2274 1787; x_wconf 85' lang='lat' dir='ltr'><strong>riis,</strong></span> <span class='ocrx_word' id='word_1_208' title='bbox 2300 1718 2524 1773; x_wconf 67' lang='lat' dir='ltr'><strong>Thomas</strong></span> <span class='ocrx_word' id='word_1_209' title='bbox 2547 1715 2615 1769; x_wconf 89' lang='lat' dir='ltr'><strong>de</strong></span> <span class='ocrx_word' id='word_1_210' title='bbox 2628 1709 2937 1773; x_wconf 86' lang='lat' dir='ltr'><strong>Salvalicis,</strong></span> <span class='ocrx_word' id='word_1_211' title='bbox 2959 1707 3199 1771; x_wconf 70' lang='lat' dir='ltr'><strong>Ludit-ii,</strong></span> <span class='ocrx_word' id='word_1_212' title='bbox 3224 1706 3698 1771; x_wconf 61' lang='lat' dir='ltr'><strong>Gaiilusiuoannfs</strong></span> 
     </span>
    </p>
   </div>
   <div class='ocr_carea' id='block_1_19' title="bbox 483 1796 3699 1893">
    <p class='ocr_par' dir='ltr' id='par_1_19' title="bbox 483 1796 3699 1893">
     <span class='ocr_line' id='line_1_19' title="bbox 483 1796 3699 1893; baseline -0.009 -17"><span class='ocrx_word' id='word_1_213' title='bbox 483 1831 697 1893; x_wconf 84' lang='lat' dir='ltr'><strong>portam</strong></span> <span class='ocrx_word' id='word_1_214' title='bbox 730 1829 856 1874; x_wconf 86' lang='lat' dir='ltr'><strong>ante</strong></span> <span class='ocrx_word' id='word_1_215' title='bbox 873 1820 1052 1875; x_wconf 90' lang='lat' dir='ltr'><strong>sinum</strong></span> <span class='ocrx_word' id='word_1_216' title='bbox 1071 1833 1194 1871; x_wconf 86' lang='lat' dir='ltr'><strong>cum</strong></span> <span class='ocrx_word' id='word_1_217' title='bbox 1223 1816 1640 1885; x_wconf 78' lang='lat' dir='ltr'><strong>quadringentis</strong></span> <span class='ocrx_word' id='word_1_218' title='bbox 1658 1812 1878 1869; x_wconf 77' lang='lat' dir='ltr'><strong>Venetis</strong></span> <span class='ocrx_word' id='word_1_219' title='bbox 1896 1824 2053 1879; x_wconf 75' lang='lat' dir='ltr'><strong>egrc-</strong></span> <span class='ocrx_word' id='word_1_220' title='bbox 2156 1813 2380 1883; x_wconf 85' lang='lat' dir='ltr'><strong>lllyrici,</strong></span> <span class='ocrx_word' id='word_1_221' title='bbox 2403 1809 2745 1874; x_wconf 88' lang='lat' dir='ltr'><strong>aliorumque</strong></span> <span class='ocrx_word' id='word_1_222' title='bbox 2767 1801 3127 1856; x_wconf 83' lang='lat' dir='ltr'><strong>Asiaticorum</strong></span> <span class='ocrx_word' id='word_1_223' title='bbox 3150 1798 3459 1853; x_wconf 64' lang='lat' dir='ltr'><strong>Graecorum</strong></span> <span class='ocrx_word' id='word_1_224' title='bbox 3482 1796 3699 1851; x_wconf 84' lang='lat' dir='ltr'><strong>consultu</strong></span> 
     </span>
    </p>
   </div>
   <div class='ocr_carea' id='block_1_20' title="bbox 483 1889 3698 1981">
    <p class='ocr_par' dir='ltr' id='par_1_20' title="bbox 483 1889 3698 1981">
     <span class='ocr_line' id='line_1_20' title="bbox 483 1889 3698 1981; baseline -0.008 -18"><span class='ocrx_word' id='word_1_225' title='bbox 483 1889 585 1981; x_wconf 56' lang='lat' dir='ltr'><strong>gn.-</strong></span> <span class='ocrx_word' id='word_1_226' title='bbox 629 1910 961 1965; x_wconf 87' lang='lat' dir='ltr'><strong>decertabat.</strong></span> <span class='ocrx_word' id='word_1_227' title='bbox 1015 1905 1343 1961; x_wconf 85' lang='lat' dir='ltr'><strong>Grossarum</strong></span> <span class='ocrx_word' id='word_1_228' title='bbox 1404 1919 1535 1958; x_wconf 92' lang='lat' dir='ltr'><strong>vero</strong></span> <span class='ocrx_word' id='word_1_229' title='bbox 1586 1906 1863 1974; x_wconf 83' lang='lat' dir='ltr'><strong>galearum</strong></span> <span class='ocrx_word' id='word_1_230' title='bbox 1916 1915 2057 1970; x_wconf 64' lang='lat' dir='ltr'><strong>prm-</strong></span> <span class='ocrx_word' id='word_1_231' title='bbox 2158 1908 2304 1963; x_wconf 90' lang='lat' dir='ltr'><strong>acies</strong></span> <span class='ocrx_word' id='word_1_232' title='bbox 2366 1902 2810 1969; x_wconf 90' lang='lat' dir='ltr'><strong>munimentaque</strong></span> <span class='ocrx_word' id='word_1_233' title='bbox 2855 1895 3070 1952; x_wconf 85' lang='lat' dir='ltr'><strong>refecit.</strong></span> <span class='ocrx_word' id='word_1_234' title='bbox 3123 1892 3299 1962; x_wconf 84' lang='lat' dir='ltr'><strong>Cujus</strong></span> <span class='ocrx_word' id='word_1_235' title='bbox 3345 1889 3698 1962; x_wconf 76' lang='lat' dir='ltr'><strong>providentiam</strong></span> 
     </span>
    </p>
   </div>
   <div class='ocr_carea' id='block_1_21' title="bbox 487 1983 2075 2062">
    <p class='ocr_par' dir='ltr' id='par_1_21' title="bbox 487 1990 2060 2062">
     <span class='ocr_line' id='line_1_21' title="bbox 487 1990 2060 2062; baseline -0.004 -11"><span class='ocrx_word' id='word_1_236' title='bbox 487 2001 666 2053; x_wconf 85' lang='lat' dir='ltr'><strong>fectus</strong></span> <span class='ocrx_word' id='word_1_237' title='bbox 693 1995 942 2051; x_wconf 81' lang='lat' dir='ltr'><strong>Andreas</strong></span> <span class='ocrx_word' id='word_1_238' title='bbox 970 1993 1161 2057; x_wconf 87' lang='lat' dir='ltr'><strong>Diedo,</strong></span> <span class='ocrx_word' id='word_1_239' title='bbox 1185 2009 1307 2047; x_wconf 91' lang='lat' dir='ltr'><strong>cum</strong></span> <span class='ocrx_word' id='word_1_240' title='bbox 1332 1991 1577 2062; x_wconf 85' lang='lat' dir='ltr'><strong>reliquis.</strong></span> <span class='ocrx_word' id='word_1_241' title='bbox 1604 1993 1854 2047; x_wconf 85' lang='lat' dir='ltr'><strong>triremes</strong></span> <span class='ocrx_word' id='word_1_242' title='bbox 1878 1990 2060 2059; x_wconf 83' lang='lat' dir='ltr'><strong>potius</strong></span> 
     </span>
    </p>
   </div>
   <div class='ocr_carea' id='block_1_22' title="bbox 2113 1983 3701 2062">
    <p class='ocr_par' dir='ltr' id='par_1_22' title="bbox 2160 1983 3701 2056">
     <span class='ocr_line' id='line_1_22' title="bbox 2160 1983 3701 2056; baseline -0.014 -4"><span class='ocrx_word' id='word_1_243' title='bbox 2160 1997 2404 2052; x_wconf 87' lang='lat' dir='ltr'><strong>Teucrus</strong></span> <span class='ocrx_word' id='word_1_244' title='bbox 2436 1992 2860 2049; x_wconf 85' lang='lat' dir='ltr'><strong>commendans:</strong></span> <span class='ocrx_word' id='word_1_245' title='bbox 2891 1988 3064 2056; x_wconf 87' lang='lat' dir='ltr'><strong>Quam</strong></span> <span class='ocrx_word' id='word_1_246' title='bbox 3100 1987 3319 2048; x_wconf 80' lang='lat' dir='ltr'><strong>vellem,</strong></span> <span class='ocrx_word' id='word_1_247' title='bbox 3350 1983 3537 2052; x_wconf 80' lang='lat' dir='ltr'><strong>inquit,</strong></span> <span class='ocrx_word' id='word_1_248' title='bbox 3565 1996 3701 2052; x_wconf 78' lang='lat' dir='ltr'><strong>penes</strong></span> 
     </span>
    </p>
   </div>
   <div class='ocr_carea' id='block_1_23' title="bbox 489 2074 3703 2158">
    <p class='ocr_par' dir='ltr' id='par_1_23' title="bbox 489 2074 3703 2158">
     <span class='ocr_line' id='line_1_23' title="bbox 489 2074 3703 2158; baseline -0.005 -15"><span class='ocrx_word' id='word_1_249' title='bbox 489 2089 741 2158; x_wconf 85' lang='lat' dir='ltr'><strong>pavidus,</strong></span> <span class='ocrx_word' id='word_1_250' title='bbox 776 2102 938 2157; x_wconf 89' lang='lat' dir='ltr'><strong>quam</strong></span> <span class='ocrx_word' id='word_1_251' title='bbox 974 2096 1206 2156; x_wconf 89' lang='lat' dir='ltr'><strong>portam,</strong></span> <span class='ocrx_word' id='word_1_252' title='bbox 1239 2085 1603 2140; x_wconf 88' lang='lat' dir='ltr'><strong>custodiebat.</strong></span> <span class='ocrx_word' id='word_1_253' title='bbox 1628 2083 1806 2138; x_wconf 87' lang='lat' dir='ltr'><strong>Naves</strong></span> <span class='ocrx_word' id='word_1_254' title='bbox 1833 2081 2059 2153; x_wconf 80' lang='lat' dir='ltr'><strong>perinde</strong></span> <span class='ocrx_word' id='word_1_255' title='bbox 2164 2106 2250 2145; x_wconf 87' lang='lat' dir='ltr'><strong>tne</strong></span> <span class='ocrx_word' id='word_1_256' title='bbox 2275 2087 2585 2158; x_wconf 71' lang='lat' dir='ltr'><strong>praefectum</strong></span> <span class='ocrx_word' id='word_1_257' title='bbox 2609 2085 2759 2139; x_wconf 90' lang='lat' dir='ltr'><strong>illum</strong></span> <span class='ocrx_word' id='word_1_258' title='bbox 2783 2081 3050 2137; x_wconf 83' lang='lat' dir='ltr'><strong>Joannem</strong></span> <span class='ocrx_word' id='word_1_259' title='bbox 3086 2076 3497 2134; x_wconf 91' lang='lat' dir='ltr'><strong>honorandum!</strong></span> <span class='ocrx_word' id='word_1_260' title='bbox 3527 2074 3703 2139; x_wconf 68' lang='lat' dir='ltr'><strong>llagtiis</strong></span> 
     </span>
    </p>
   </div>
   <div class='ocr_carea' id='block_1_24' title="bbox 491 2167 2079 2248">
    <p class='ocr_par' dir='ltr' id='par_1_24' title="bbox 491 2174 2058 2248">
     <span class='ocr_line' id='line_1_24' title="bbox 491 2174 2058 2248; baseline -0.005 -13"><span class='ocrx_word' id='word_1_261' title='bbox 491 2190 716 2235; x_wconf 59' lang='lat' dir='ltr'><strong>armata</strong></span> <span class='ocrx_word' id='word_1_262' title='bbox 759 2178 1227 2248; x_wconf 88' lang='lat' dir='ltr'><strong>buccinisjugiter</strong></span> <span class='ocrx_word' id='word_1_263' title='bbox 1256 2186 1312 2234; x_wconf 91' lang='lat' dir='ltr'><strong>et</strong></span> <span class='ocrx_word' id='word_1_264' title='bbox 1338 2178 1642 2233; x_wconf 87' lang='lat' dir='ltr'><strong>ululatibus</strong></span> <span class='ocrx_word' id='word_1_265' title='bbox 1658 2177 1883 2232; x_wconf 84' lang='lat' dir='ltr'><strong>Martem</strong></span> <span class='ocrx_word' id='word_1_266' title='bbox 1918 2174 2058 2229; x_wconf 91' lang='lat' dir='ltr'><strong>invi-</strong></span> 
     </span>
    </p>
   </div>
   <div class='ocr_carea' id='block_1_25' title="bbox 2114 2167 3702 2248">
    <p class='ocr_par' dir='ltr' id='par_1_25' title="bbox 2167 2167 3702 2244">
     <span class='ocr_line' id='line_1_25' title="bbox 2167 2167 3702 2244; baseline -0.014 -6"><span class='ocrx_word' id='word_1_267' title='bbox 2167 2181 2346 2238; x_wconf 85' lang='lat' dir='ltr'><strong>bercle</strong></span> <span class='ocrx_word' id='word_1_268' title='bbox 2414 2178 2575 2233; x_wconf 89' lang='lat' dir='ltr'><strong>donis</strong></span> <span class='ocrx_word' id='word_1_269' title='bbox 2635 2188 2881 2244; x_wconf 89' lang='lat' dir='ltr'><strong>auroque</strong></span> <span class='ocrx_word' id='word_1_270' title='bbox 2926 2173 3100 2227; x_wconf 90' lang='lat' dir='ltr'><strong>multo</strong></span> <span class='ocrx_word' id='word_1_271' title='bbox 3177 2183 3522 2238; x_wconf 87' lang='lat' dir='ltr'><strong>corrumpere</strong></span> <span class='ocrx_word' id='word_1_272' title='bbox 3576 2167 3702 2220; x_wconf 88' lang='lat' dir='ltr'><strong>illum</strong></span> 
     </span>
    </p>
   </div>
   <div class='ocr_carea' id='block_1_26' title="bbox 494 2260 2082 2340">
    <p class='ocr_par' dir='ltr' id='par_1_26' title="bbox 494 2265 2065 2337">
     <span class='ocr_line' id='line_1_26' title="bbox 494 2265 2065 2337; baseline -0.004 -14"><span class='ocrx_word' id='word_1_273' title='bbox 494 2266 702 2325; x_wconf 89' lang='lat' dir='ltr'><strong>tabaut.</strong></span> <span class='ocrx_word' id='word_1_274' title='bbox 739 2268 1045 2323; x_wconf 87' lang='lat' dir='ltr'><strong>Demetrius</strong></span> <span class='ocrx_word' id='word_1_275' title='bbox 1086 2282 1244 2324; x_wconf 88' lang='lat' dir='ltr'><strong>socer</strong></span> <span class='ocrx_word' id='word_1_276' title='bbox 1291 2266 1648 2337; x_wconf 69' lang='lat' dir='ltr'><strong>Palmologus,</strong></span> <span class='ocrx_word' id='word_1_277' title='bbox 1696 2265 2065 2333; x_wconf 82' lang='lat' dir='ltr'><strong>Nicolausque</strong></span> 
     </span>
    </p>
   </div>
   <div class='ocr_carea' id='block_1_27' title="bbox 2070 2260 3658 2340">
    <p class='ocr_par' dir='ltr' id='par_1_27' title="bbox 2166 2260 3658 2340">
     <span class='ocr_line' id='line_1_27' title="bbox 2166 2260 3658 2340; baseline -0.014 -9"><span class='ocrx_word' id='word_1_278' title='bbox 2166 2273 2369 2331; x_wconf 83' lang='lat' dir='ltr'><strong>studuit</strong></span> <span class='ocrx_word' id='word_1_279' title='bbox 2390 2287 2407 2327; x_wconf 84' lang='lat'><strong>:</strong></span> <span class='ocrx_word' id='word_1_280' title='bbox 2431 2270 2590 2340; x_wconf 83' lang='lat' dir='ltr'><strong>cujus</strong></span> <span class='ocrx_word' id='word_1_281' title='bbox 2619 2267 2893 2323; x_wconf 88' lang='lat' dir='ltr'><strong>inflectere</strong></span> <span class='ocrx_word' id='word_1_282' title='bbox 2909 2265 3151 2319; x_wconf 89' lang='lat' dir='ltr'><strong>animum</strong></span> <span class='ocrx_word' id='word_1_283' title='bbox 3178 2276 3453 2332; x_wconf 86' lang='lat' dir='ltr'><strong>nunquam</strong></span> <span class='ocrx_word' id='word_1_284' title='bbox 3488 2260 3658 2330; x_wconf 86' lang='lat' dir='ltr'><strong>potuit.</strong></span> 
     </span>
    </p>
   </div>
   <div class='ocr_carea' id='block_1_28' title="bbox 492 2356 2080 2434">
    <p class='ocr_par' dir='ltr' id='par_1_28' title="bbox 492 2357 2063 2431">
     <span class='ocr_line' id='line_1_28' title="bbox 492 2357 2063 2431; baseline -0.006 -12"><span class='ocrx_word' id='word_1_285' title='bbox 492 2362 706 2419; x_wconf 79' lang='lat' dir='ltr'><strong>Gudclli</strong></span> <span class='ocrx_word' id='word_1_286' title='bbox 750 2374 937 2431; x_wconf 91' lang='lat' dir='ltr'><strong>gener,</strong></span> <span class='ocrx_word' id='word_1_287' title='bbox 983 2360 1342 2430; x_wconf 64' lang='lat' dir='ltr'><strong>praesidentes</strong></span> <span class='ocrx_word' id='word_1_288' title='bbox 1390 2367 1448 2412; x_wconf 92' lang='lat' dir='ltr'><strong>ut</strong></span> <span class='ocrx_word' id='word_1_289' title='bbox 1494 2359 1793 2414; x_wconf 90' lang='lat' dir='ltr'><strong>decurrant</strong></span> <span class='ocrx_word' id='word_1_290' title='bbox 1834 2357 2063 2422; x_wconf 86' lang='lat' dir='ltr'><strong>urbem,</strong></span> 
     </span>
    </p>
   </div>
   <div class='ocr_carea' id='block_1_29' title="bbox 2121 2356 3709 2434">
    <p class='ocr_par' dir='ltr' id='par_1_29' title="bbox 2242 2356 3709 2434">
     <span class='ocr_line' id='line_1_29' title="bbox 2242 2356 3709 2434; baseline -0.015 -14"><span class='ocrx_word' id='word_1_291' title='bbox 2242 2363 2486 2434; x_wconf 89' lang='lat' dir='ltr'><strong>Operosa</strong></span> <span class='ocrx_word' id='word_1_292' title='bbox 2543 2372 2723 2415; x_wconf 91' lang='lat' dir='ltr'><strong>autem</strong></span> <span class='ocrx_word' id='word_1_293' title='bbox 2787 2356 3104 2427; x_wconf 80' lang='lat' dir='ltr'><strong>protegendi</strong></span> <span class='ocrx_word' id='word_1_294' title='bbox 3157 2356 3362 2409; x_wconf 80' lang='lat' dir='ltr'><strong>vallum</strong></span> <span class='ocrx_word' id='word_1_295' title='bbox 3410 2366 3459 2407; x_wconf 91' lang='lat' dir='ltr'><strong>et</strong></span> <span class='ocrx_word' id='word_1_296' title='bbox 3495 2362 3709 2406; x_wconf 79' lang='lat' dir='ltr'><strong>autenm-</strong></span> 
     </span>
    </p>
   </div>
   <div class='ocr_carea' id='block_1_30' title="bbox 492 2445 3702 2525">
    <p class='ocr_par' dir='ltr' id='par_1_30' title="bbox 492 2445 3702 2525">
     <span class='ocr_line' id='line_1_30' title="bbox 492 2445 3702 2525; baseline -0.005 -14"><span class='ocrx_word' id='word_1_297' title='bbox 492 2471 618 2511; x_wconf 89' lang='lat' dir='ltr'><strong>cum</strong></span> <span class='ocrx_word' id='word_1_298' title='bbox 650 2453 922 2525; x_wconf 79' lang='lat' dir='ltr'><strong>plerisque</strong></span> <span class='ocrx_word' id='word_1_299' title='bbox 958 2452 1185 2507; x_wconf 85' lang='lat' dir='ltr'><strong>armatis</strong></span> <span class='ocrx_word' id='word_1_300' title='bbox 1226 2452 1281 2506; x_wconf 91' lang='lat' dir='ltr'><strong>in</strong></span> <span class='ocrx_word' id='word_1_301' title='bbox 1321 2465 1639 2509; x_wconf 87' lang='lat' dir='ltr'><strong>succursum</strong></span> <span class='ocrx_word' id='word_1_302' title='bbox 1683 2458 2059 2504; x_wconf 80' lang='lat' dir='ltr'><strong>reservantur.</strong></span> <span class='ocrx_word' id='word_1_303' title='bbox 2171 2459 2287 2515; x_wconf 68' lang='lat' dir='ltr'><strong>mle</strong></span> <span class='ocrx_word' id='word_1_304' title='bbox 2344 2454 2546 2511; x_wconf 72' lang='lat' dir='ltr'><strong>nostris</strong></span> <span class='ocrx_word' id='word_1_305' title='bbox 2625 2452 2728 2507; x_wconf 80' lang='lat' dir='ltr'><strong>[nit</strong></span> <span class='ocrx_word' id='word_1_306' title='bbox 2797 2465 2964 2515; x_wconf 84' lang='lat' dir='ltr'><strong>cura;</strong></span> <span class='ocrx_word' id='word_1_307' title='bbox 3034 2448 3181 2518; x_wconf 88' lang='lat' dir='ltr'><strong>quod</strong></span> <span class='ocrx_word' id='word_1_308' title='bbox 3248 2461 3429 2502; x_wconf 84' lang='lat' dir='ltr'><strong>contra</strong></span> <span class='ocrx_word' id='word_1_309' title='bbox 3496 2445 3702 2498; x_wconf 87' lang='lat' dir='ltr'><strong>animum</strong></span> 
     </span>
    </p>
   </div>
   <div class='ocr_carea' id='block_1_31' title="bbox 565 2534 3708 2615">
    <p class='ocr_par' dir='ltr' id='par_1_31' title="bbox 565 2534 3708 2615">
     <span class='ocr_line' id='line_1_31' title="bbox 565 2534 3708 2615; baseline -0.006 -14"><span class='ocrx_word' id='word_1_310' title='bbox 565 2542 1486 2615; x_wconf 83' lang='lat' dir='ltr'><strong>Taliterergopugnatoribus,sive</strong></span> <span class='ocrx_word' id='word_1_311' title='bbox 1508 2542 1766 2605; x_wconf 88' lang='lat' dir='ltr'><strong>ducibus,</strong></span> <span class='ocrx_word' id='word_1_312' title='bbox 1789 2540 1905 2596; x_wconf 89' lang='lat' dir='ltr'><strong>sive</strong></span> <span class='ocrx_word' id='word_1_313' title='bbox 1938 2541 2073 2594; x_wconf 92' lang='lat' dir='ltr'><strong>tiro-</strong></span> <span class='ocrx_word' id='word_1_314' title='bbox 2175 2564 2355 2604; x_wconf 71' lang='lat' dir='ltr'><strong>meum</strong></span> <span class='ocrx_word' id='word_1_315' title='bbox 2418 2558 2636 2614; x_wconf 80' lang='lat' dir='ltr'><strong>semper</strong></span> <span class='ocrx_word' id='word_1_316' title='bbox 2710 2542 2834 2605; x_wconf 85' lang='lat' dir='ltr'><strong>fuit,</strong></span> <span class='ocrx_word' id='word_1_317' title='bbox 2911 2542 3004 2611; x_wconf 90' lang='lat' dir='ltr'><strong>qui</strong></span> <span class='ocrx_word' id='word_1_318' title='bbox 3077 2539 3405 2602; x_wconf 70' lang='lat' dir='ltr'><strong>suadebant,</strong></span> <span class='ocrx_word' id='word_1_319' title='bbox 3469 2538 3517 2591; x_wconf 93' lang='lat' dir='ltr'><strong>in</strong></span> <span class='ocrx_word' id='word_1_320' title='bbox 3590 2534 3708 2588; x_wconf 82' lang='lat' dir='ltr'><strong>refu-</strong></span> 
     </span>
    </p>
   </div>
   <div class='ocr_carea' id='block_1_32' title="bbox 496 2627 2084 2710">
    <p class='ocr_par' dir='ltr' id='par_1_32' title="bbox 496 2632 2077 2705">
     <span class='ocr_line' id='line_1_32' title="bbox 496 2632 2077 2705; baseline -0.003 -14"><span class='ocrx_word' id='word_1_321' title='bbox 496 2636 659 2691; x_wconf 87' lang='lat' dir='ltr'><strong>nibus</strong></span> <span class='ocrx_word' id='word_1_322' title='bbox 672 2636 960 2700; x_wconf 83' lang='lat' dir='ltr'><strong>ordinatis,</strong></span> <span class='ocrx_word' id='word_1_323' title='bbox 978 2635 1395 2705; x_wconf 79' lang='lat' dir='ltr'><strong>exspectabatur</strong></span> <span class='ocrx_word' id='word_1_324' title='bbox 1411 2634 1691 2689; x_wconf 89' lang='lat' dir='ltr'><strong>constituti</strong></span> <span class='ocrx_word' id='word_1_325' title='bbox 1714 2632 1900 2688; x_wconf 81' lang='lat' dir='ltr'><strong>Martis</strong></span> <span class='ocrx_word' id='word_1_326' title='bbox 1915 2646 2077 2701; x_wconf 81' lang='lat' dir='ltr'><strong>gene-</strong></span> 
     </span>
    </p>
   </div>
   <div class='ocr_carea' id='block_1_33' title="bbox 2118 2627 3706 2710">
    <p class='ocr_par' dir='ltr' id='par_1_33' title="bbox 2176 2627 3706 2710">
     <span class='ocr_line' id='line_1_33' title="bbox 2176 2627 3706 2710; baseline -0.011 -17"><span class='ocrx_word' id='word_1_327' title='bbox 2176 2647 2322 2710; x_wconf 79' lang='lat' dir='ltr'><strong>gium</strong></span> <span class='ocrx_word' id='word_1_328' title='bbox 2370 2652 2563 2693; x_wconf 81' lang='lat' dir='ltr'><strong>muros</strong></span> <span class='ocrx_word' id='word_1_329' title='bbox 2590 2636 2728 2691; x_wconf 85' lang='lat' dir='ltr'><strong>altos</strong></span> <span class='ocrx_word' id='word_1_330' title='bbox 2761 2634 2972 2705; x_wconf 87' lang='lat' dir='ltr'><strong>primos</strong></span> <span class='ocrx_word' id='word_1_331' title='bbox 3010 2647 3117 2687; x_wconf 88' lang='lat' dir='ltr'><strong>non</strong></span> <span class='ocrx_word' id='word_1_332' title='bbox 3168 2627 3633 2696; x_wconf 73' lang='lat' dir='ltr'><strong>deseretnloszqui</strong></span> <span class='ocrx_word' id='word_1_333' title='bbox 3673 2628 3706 2678; x_wconf 89' lang='lat' dir='ltr'><strong>si</strong></span> 
     </span>
    </p>
   </div>
   <div class='ocr_carea' id='block_1_34' title="bbox 497 2720 3710 2797">
    <p class='ocr_par' dir='ltr' id='par_1_34' title="bbox 497 2720 3710 2797">
     <span class='ocr_line' id='line_1_34' title="bbox 497 2720 3710 2797; baseline -0.004 -16"><span class='ocrx_word' id='word_1_334' title='bbox 497 2728 630 2783; x_wconf 87' lang='lat' dir='ltr'><strong>ralis</strong></span> <span class='ocrx_word' id='word_1_335' title='bbox 648 2727 1047 2796; x_wconf 77' lang='lat' dir='ltr'><strong>insultuszquo</strong></span> <span class='ocrx_word' id='word_1_336' title='bbox 1069 2741 1446 2796; x_wconf 65' lang='lat' dir='ltr'><strong>smpenumero</strong></span> <span class='ocrx_word' id='word_1_337' title='bbox 1468 2725 1837 2780; x_wconf 70' lang='lat' dir='ltr'><strong>territiGraeci</strong></span> <span class='ocrx_word' id='word_1_338' title='bbox 1867 2734 2074 2795; x_wconf 69' lang='lat' dir='ltr'><strong>postea.</strong></span> <span class='ocrx_word' id='word_1_339' title='bbox 2179 2732 2252 2787; x_wconf 90' lang='lat' dir='ltr'><strong>ob</strong></span> <span class='ocrx_word' id='word_1_340' title='bbox 2303 2725 3031 2797; x_wconf 84' lang='lat' dir='ltr'><strong>imnresnegligentiamque</strong></span> <span class='ocrx_word' id='word_1_341' title='bbox 3081 2723 3165 2777; x_wconf 90' lang='lat' dir='ltr'><strong>vel</strong></span> <span class='ocrx_word' id='word_1_342' title='bbox 3192 2723 3375 2787; x_wconf 87' lang='lat' dir='ltr'><strong>scissi,</strong></span> <span class='ocrx_word' id='word_1_343' title='bbox 3412 2720 3710 2774; x_wconf 75' lang='lat' dir='ltr'><strong>Vclincrtttes</strong></span> 
     </span>
    </p>
   </div>
   <div class='ocr_carea' id='block_1_35' title="bbox 500 2812 3707 2895">
    <p class='ocr_par' dir='ltr' id='par_1_35' title="bbox 500 2812 3707 2895">
     <span class='ocr_line' id='line_1_35' title="bbox 500 2812 3707 2895; baseline -0.005 -21"><span class='ocrx_word' id='word_1_344' title='bbox 500 2835 649 2874; x_wconf 89' lang='lat' dir='ltr'><strong>nunc</strong></span> <span class='ocrx_word' id='word_1_345' title='bbox 678 2818 825 2888; x_wconf 88' lang='lat' dir='ltr'><strong>agris</strong></span> <span class='ocrx_word' id='word_1_346' title='bbox 847 2834 992 2872; x_wconf 90' lang='lat' dir='ltr'><strong>nunc</strong></span> <span class='ocrx_word' id='word_1_347' title='bbox 1024 2818 1198 2872; x_wconf 85' lang='lat' dir='ltr'><strong>vineis</strong></span> <span class='ocrx_word' id='word_1_348' title='bbox 1224 2817 1496 2883; x_wconf 90' lang='lat' dir='ltr'><strong>colendis,</strong></span> <span class='ocrx_word' id='word_1_349' title='bbox 1525 2832 1668 2872; x_wconf 88' lang='lat' dir='ltr'><strong>nunc</strong></span> <span class='ocrx_word' id='word_1_350' title='bbox 1702 2817 2078 2886; x_wconf 79' lang='lat' dir='ltr'><strong>voluptatibus</strong></span> <span class='ocrx_word' id='word_1_351' title='bbox 2182 2822 2610 2895; x_wconf 69' lang='lat' dir='ltr'><strong>propugnaculis</strong></span> <span class='ocrx_word' id='word_1_352' title='bbox 2634 2828 2841 2883; x_wconf 76' lang='lat' dir='ltr'><strong>essent,</strong></span> <span class='ocrx_word' id='word_1_353' title='bbox 2882 2833 2911 2872; x_wconf 81' lang='lat' dir='ltr'><strong>a</strong></span> <span class='ocrx_word' id='word_1_354' title='bbox 2956 2815 3233 2887; x_wconf 74' lang='lat' dir='ltr'><strong>principio</strong></span> <span class='ocrx_word' id='word_1_355' title='bbox 3259 2822 3383 2871; x_wconf 79' lang='lat' dir='ltr'><strong>dum</strong></span> <span class='ocrx_word' id='word_1_356' title='bbox 3414 2812 3707 2885; x_wconf 80' lang='lat' dir='ltr'><strong>prnpositum</strong></span> 
     </span>
    </p>
   </div>
   <div class='ocr_carea' id='block_1_36' title="bbox 502 2902 3709 2985">
    <p class='ocr_par' dir='ltr' id='par_1_36' title="bbox 502 2902 3709 2985">
     <span class='ocr_line' id='line_1_36' title="bbox 502 2902 3709 2985; baseline -0.004 -21"><span class='ocrx_word' id='word_1_357' title='bbox 502 2911 689 2977; x_wconf 86' lang='lat' dir='ltr'><strong>laxati,</strong></span> <span class='ocrx_word' id='word_1_358' title='bbox 722 2925 789 2965; x_wconf 89' lang='lat' dir='ltr'><strong>ex</strong></span> <span class='ocrx_word' id='word_1_359' title='bbox 817 2909 1085 2965; x_wconf 86' lang='lat' dir='ltr'><strong>industria</strong></span> <span class='ocrx_word' id='word_1_360' title='bbox 1113 2908 1485 2964; x_wconf 88' lang='lat' dir='ltr'><strong>declinabant.</strong></span> <span class='ocrx_word' id='word_1_361' title='bbox 1517 2907 1823 2978; x_wconf 83' lang='lat' dir='ltr'><strong>Fingebam</strong></span> <span class='ocrx_word' id='word_1_362' title='bbox 1856 2908 2077 2976; x_wconf 85' lang='lat' dir='ltr'><strong>quidem</strong></span> <span class='ocrx_word' id='word_1_363' title='bbox 2183 2930 2391 2985; x_wconf 58' lang='grc' dir='ltr'><strong>ευριπ-ω</strong></span> <span class='ocrx_word' id='word_1_364' title='bbox 2434 2912 2752 2976; x_wconf 78' lang='lat' dir='ltr'><strong>intervenit,</strong></span> <span class='ocrx_word' id='word_1_365' title='bbox 2802 2909 3045 2980; x_wconf 86' lang='lat' dir='ltr'><strong>reparari</strong></span> <span class='ocrx_word' id='word_1_366' title='bbox 3090 2911 3391 2977; x_wconf 81' lang='lat' dir='ltr'><strong>potuissent</strong></span> <span class='ocrx_word' id='word_1_367' title='bbox 3418 2949 3432 2973; x_wconf 83' lang='lat'><strong>,</strong></span> <span class='ocrx_word' id='word_1_368' title='bbox 3469 2902 3709 2974; x_wconf 66' lang='lat' dir='ltr'><strong>reparamli</strong></span> 
     </span>
    </p>
   </div>
   <div class='ocr_carea' id='block_1_37' title="bbox 504 2997 3710 3073">
    <p class='ocr_par' dir='ltr' id='par_1_37' title="bbox 504 2997 3710 3073">
     <span class='ocr_line' id='line_1_37' title="bbox 504 2997 3710 3073; baseline -0.007 -6"><span class='ocrx_word' id='word_1_369' title='bbox 504 3006 581 3059; x_wconf 74' lang='lat' dir='ltr'><strong>rel</strong></span> <span class='ocrx_word' id='word_1_370' title='bbox 608 3001 895 3059; x_wconf 72' lang='lat' dir='ltr'><strong>lalllilial‘is</strong></span> <span class='ocrx_word' id='word_1_371' title='bbox 923 3015 1137 3063; x_wconf 65' lang='lat' dir='ltr'><strong>curam.</strong></span> <span class='ocrx_word' id='word_1_372' title='bbox 1164 3000 1329 3054; x_wconf 72' lang='grc' dir='ltr'><strong>θιίειηι</strong></span> <span class='ocrx_word' id='word_1_373' title='bbox 1359 2998 1454 3068; x_wconf 63' lang='lat' dir='ltr'><strong>qni</strong></span> <span class='ocrx_word' id='word_1_374' title='bbox 1488 3001 1687 3069; x_wconf 64' lang='grc' dir='ltr'>ειίινεέ</span> <span class='ocrx_word' id='word_1_375' title='bbox 1722 2999 2078 3053; x_wconf 57' lang='lat' dir='ltr'><strong>Videbam“:</strong></span> <span class='ocrx_word' id='word_1_376' title='bbox 2107 3056 2152 3073; x_wconf 53' lang='grc' dir='ltr'><strong>,η</strong></span> <span class='ocrx_word' id='word_1_377' title='bbox 2186 3004 2642 3073; x_wconf 81' lang='lat' dir='ltr'><strong>custodiendique</strong></span> <span class='ocrx_word' id='word_1_378' title='bbox 2676 3012 2835 3057; x_wconf 91' lang='lat' dir='ltr'><strong>erant</strong></span> <span class='ocrx_word' id='word_1_379' title='bbox 2863 3019 2877 3055; x_wconf 90' lang='lat'><strong>:</strong></span> <span class='ocrx_word' id='word_1_380' title='bbox 2915 3002 3009 3071; x_wconf 89' lang='lat' dir='ltr'><strong>qui</strong></span> <span class='ocrx_word' id='word_1_381' title='bbox 3042 3018 3149 3056; x_wconf 91' lang='lat' dir='ltr'><strong>non</strong></span> <span class='ocrx_word' id='word_1_382' title='bbox 3174 3002 3403 3063; x_wconf 77' lang='lat' dir='ltr'><strong>deserti,</strong></span> <span class='ocrx_word' id='word_1_383' title='bbox 3444 2997 3710 3066; x_wconf 66' lang='lat' dir='ltr'><strong>prmsldiutu</strong></span> 
     </span>
    </p>
   </div>
   <div class='ocr_carea' id='block_1_38' title="bbox 504 3086 3713 3163">
    <p class='ocr_par' dir='ltr' id='par_1_38' title="bbox 504 3086 3713 3163">
     <span class='ocr_line' id='line_1_38' title="bbox 504 3086 3713 3163; baseline -0.008 1"><span class='ocrx_word' id='word_1_384' title='bbox 504 3094 593 3147; x_wconf 62' lang='lat' dir='ltr'><strong>alii</strong></span> <span class='ocrx_word' id='word_1_385' title='bbox 622 3093 863 3162; x_wconf 69' lang='grc' dir='ltr'><strong>ίυουίεηη</strong></span> <span class='ocrx_word' id='word_1_386' title='bbox 882 3090 1245 3154; x_wconf 62' lang='lat' dir='ltr'><strong>accusabam:</strong></span> <span class='ocrx_word' id='word_1_387' title='bbox 1280 3102 1385 3157; x_wconf 68' lang='lat' dir='ltr'><strong>qua</strong></span> <span class='ocrx_word' id='word_1_388' title='bbox 1418 3086 1487 3142; x_wconf 66' lang='lat' dir='ltr'><strong>ad</strong></span> <span class='ocrx_word' id='word_1_389' title='bbox 1512 3103 1653 3160; x_wconf 65' lang='lat' dir='ltr'><strong>opus</strong></span> <span class='ocrx_word' id='word_1_390' title='bbox 1684 3088 1929 3143; x_wconf 67' lang='lat' dir='ltr'><strong>lucrandi</strong></span> <span class='ocrx_word' id='word_1_391' title='bbox 1965 3103 2084 3159; x_wconf 72' lang='grc'><strong>81⁸³-</strong></span> <span class='ocrx_word' id='word_1_392' title='bbox 2108 3086 2155 3120; x_wconf 56' lang='lat' dir='ltr'><strong>h</strong></span> <span class='ocrx_word' id='word_1_393' title='bbox 2187 3098 2305 3152; x_wconf 84' lang='lat' dir='ltr'><strong>urbi</strong></span> <span class='ocrx_word' id='word_1_394' title='bbox 2333 3096 2527 3151; x_wconf 86' lang='lat' dir='ltr'><strong>salutis</strong></span> <span class='ocrx_word' id='word_1_395' title='bbox 2556 3096 2950 3150; x_wconf 88' lang='lat' dir='ltr'><strong>contulissent.</strong></span> <span class='ocrx_word' id='word_1_396' title='bbox 2986 3094 3052 3147; x_wconf 84' lang='lat' dir='ltr'><strong>At</strong></span> <span class='ocrx_word' id='word_1_397' title='bbox 3087 3094 3221 3163; x_wconf 84' lang='lat' dir='ltr'><strong>quid</strong></span> <span class='ocrx_word' id='word_1_398' title='bbox 3259 3094 3464 3148; x_wconf 84' lang='lat' dir='ltr'><strong>dicam?</strong></span> <span class='ocrx_word' id='word_1_399' title='bbox 3495 3104 3713 3159; x_wconf 83' lang='lat' dir='ltr'><strong>arguatu-</strong></span> 
     </span>
    </p>
   </div>
   <div class='ocr_carea' id='block_1_39' title="bbox 509 3180 3713 3259">
    <p class='ocr_par' dir='ltr' id='par_1_39' title="bbox 509 3180 3713 3259">
     <span class='ocr_line' id='line_1_39' title="bbox 509 3180 3713 3259; baseline -0.007 -19"><span class='ocrx_word' id='word_1_400' title='bbox 509 3188 581 3241; x_wconf 85' lang='lat' dir='ltr'><strong>tia</strong></span> <span class='ocrx_word' id='word_1_401' title='bbox 612 3186 969 3255; x_wconf 86' lang='lat' dir='ltr'><strong>cogebantur.</strong></span> <span class='ocrx_word' id='word_1_402' title='bbox 1002 3181 1153 3250; x_wconf 88' lang='lat' dir='ltr'><strong>Quos</strong></span> <span class='ocrx_word' id='word_1_403' title='bbox 1193 3195 1318 3236; x_wconf 86' lang='lat' dir='ltr'><strong>cum</strong></span> <span class='ocrx_word' id='word_1_404' title='bbox 1364 3180 1621 3237; x_wconf 91' lang='lat' dir='ltr'><strong>absentes</strong></span> <span class='ocrx_word' id='word_1_405' title='bbox 1670 3180 2083 3250; x_wconf 85' lang='lat' dir='ltr'><strong>corripuissem,</strong></span> <span class='ocrx_word' id='word_1_406' title='bbox 2185 3206 2257 3245; x_wconf 70' lang='lat' dir='ltr'><strong>ue</strong></span> <span class='ocrx_word' id='word_1_407' title='bbox 2282 3190 2618 3259; x_wconf 47' lang='lat' dir='ltr'><strong>priucipeuh</strong></span> <span class='ocrx_word' id='word_1_408' title='bbox 2655 3204 2818 3259; x_wconf 74' lang='lat' dir='ltr'><strong>quem</strong></span> <span class='ocrx_word' id='word_1_409' title='bbox 2864 3204 3080 3258; x_wconf 60' lang='lat' dir='ltr'><strong>semper</strong></span> <span class='ocrx_word' id='word_1_410' title='bbox 3115 3190 3391 3257; x_wconf 61' lang='grc' dir='ltr'><strong>ρτωεῖρυο</strong></span> <span class='ocrx_word' id='word_1_411' title='bbox 3421 3189 3605 3241; x_wconf 61' lang='lat' dir='ltr'><strong>bouum</strong></span> <span class='ocrx_word' id='word_1_412' title='bbox 3636 3195 3713 3235; x_wconf 60' lang='lat' dir='ltr'><strong>ue.</strong></span> 
     </span>
    </p>
   </div>
   <div class='ocr_carea' id='block_1_40' title="bbox 506 3272 3712 3349">
    <p class='ocr_par' dir='ltr' id='par_1_40' title="bbox 506 3272 3712 3349">
     <span class='ocr_line' id='line_1_40' title="bbox 506 3272 3712 3349; baseline -0.007 0"><span class='ocrx_word' id='word_1_413' title='bbox 506 3279 811 3349; x_wconf 72' lang='lat' dir='ltr'><strong>periculum</strong></span> <span class='ocrx_word' id='word_1_414' title='bbox 843 3291 950 3332; x_wconf 85' lang='lat' dir='ltr'><strong>non</strong></span> <span class='ocrx_word' id='word_1_415' title='bbox 993 3274 1155 3330; x_wconf 80' lang='lat' dir='ltr'><strong>modo</strong></span> <span class='ocrx_word' id='word_1_416' title='bbox 1188 3288 1374 3340; x_wconf 83' lang='lat' dir='ltr'><strong>suum.</strong></span> <span class='ocrx_word' id='word_1_417' title='bbox 1404 3273 1500 3329; x_wconf 80' lang='lat' dir='ltr'><strong>sed</strong></span> <span class='ocrx_word' id='word_1_418' title='bbox 1534 3273 1781 3328; x_wconf 84' lang='lat' dir='ltr'><strong>omnium</strong></span> <span class='ocrx_word' id='word_1_419' title='bbox 1817 3272 2086 3327; x_wconf 67' lang='lat' dir='ltr'><strong>Christia-</strong></span> <span class='ocrx_word' id='word_1_420' title='bbox 2186 3289 2414 3336; x_wconf 87' lang='lat' dir='ltr'><strong>neratus</strong></span> <span class='ocrx_word' id='word_1_421' title='bbox 2448 3296 2572 3334; x_wconf 89' lang='lat' dir='ltr'><strong>sum</strong></span> <span class='ocrx_word' id='word_1_422' title='bbox 2610 3297 2625 3335; x_wconf 75' lang='grc' dir='ltr'><strong>ε</strong></span> <span class='ocrx_word' id='word_1_423' title='bbox 2668 3279 2828 3349; x_wconf 83' lang='lat' dir='ltr'><strong>cujus</strong></span> <span class='ocrx_word' id='word_1_424' title='bbox 2867 3278 3029 3332; x_wconf 81' lang='lat' dir='ltr'><strong>ﬁdem</strong></span> <span class='ocrx_word' id='word_1_425' title='bbox 3062 3293 3189 3349; x_wconf 83' lang='lat' dir='ltr'><strong>erga</strong></span> <span class='ocrx_word' id='word_1_426' title='bbox 3233 3278 3522 3334; x_wconf 79' lang='lat' dir='ltr'><strong>Romanam</strong></span> <span class='ocrx_word' id='word_1_427' title='bbox 3559 3274 3712 3329; x_wconf 88' lang='lat' dir='ltr'><strong>Eccle-</strong></span> 
     </span>
    </p>
   </div>
   <div class='ocr_carea' id='block_1_41' title="bbox 509 3364 3713 3442">
    <p class='ocr_par' dir='ltr' id='par_1_41' title="bbox 509 3364 3713 3442">
     <span class='ocr_line' id='line_1_41' title="bbox 509 3364 3713 3442; baseline -0.008 -1"><span class='ocrx_word' id='word_1_428' title='bbox 509 3385 701 3425; x_wconf 74' lang='grc' dir='ltr'><strong>ιιοτυῐη</strong></span> <span class='ocrx_word' id='word_1_429' title='bbox 746 3368 989 3439; x_wconf 65' lang='grc' dir='ltr'>αλιθεθιιε</span> <span class='ocrx_word' id='word_1_430' title='bbox 1014 3406 1030 3434; x_wconf 69' lang='grc' dir='ltr'><strong>ν</strong></span> <span class='ocrx_word' id='word_1_431' title='bbox 1082 3367 1488 3437; x_wconf 64' lang='lat' dir='ltr'><strong>respondebant</strong></span> <span class='ocrx_word' id='word_1_432' title='bbox 1524 3383 1541 3420; x_wconf 71' lang='grc' dir='ltr'>ε</span> <span class='ocrx_word' id='word_1_433' title='bbox 1580 3364 1723 3431; x_wconf 68' lang='lat' dir='ltr'><strong>Quid</strong></span> <span class='ocrx_word' id='word_1_434' title='bbox 1773 3364 1929 3419; x_wconf 61' lang='grc' dir='ltr'><strong>ηοω8</strong></span> <span class='ocrx_word' id='word_1_435' title='bbox 1961 3379 2083 3419; x_wconf 72' lang='lat' dir='ltr'><strong>cum</strong></span> <span class='ocrx_word' id='word_1_436' title='bbox 2187 3374 2325 3430; x_wconf 86' lang='lat' dir='ltr'><strong>siam</strong></span> <span class='ocrx_word' id='word_1_437' title='bbox 2368 3372 2639 3436; x_wconf 77' lang='lat' dir='ltr'><strong>intellexi,</strong></span> <span class='ocrx_word' id='word_1_438' title='bbox 2677 3372 2782 3427; x_wconf 92' lang='lat' dir='ltr'><strong>nisi</strong></span> <span class='ocrx_word' id='word_1_439' title='bbox 2814 3372 3283 3442; x_wconf 83' lang='lat' dir='ltr'><strong>pusillaulmitate</strong></span> <span class='ocrx_word' id='word_1_440' title='bbox 3319 3373 3634 3431; x_wconf 87' lang='lat' dir='ltr'><strong>vinceretur;</strong></span> <span class='ocrx_word' id='word_1_441' title='bbox 3660 3380 3713 3418; x_wconf 87' lang='lat' dir='ltr'><strong>an</strong></span> 
     </span>
    </p>
   </div>
   <div class='ocr_carea' id='block_1_42' title="bbox 505 3453 3720 3537">
    <p class='ocr_par' dir='ltr' id='par_1_42' title="bbox 505 3453 3720 3537">
     <span class='ocr_line' id='line_1_42' title="bbox 505 3453 3720 3537; baseline -0.006 -25"><span class='ocrx_word' id='word_1_442' title='bbox 505 3468 705 3523; x_wconf 87' lang='lat' dir='ltr'><strong>castro,</strong></span> <span class='ocrx_word' id='word_1_443' title='bbox 726 3457 770 3512; x_wconf 87' lang='lat' dir='ltr'><strong>si</strong></span> <span class='ocrx_word' id='word_1_444' title='bbox 799 3458 1081 3525; x_wconf 90' lang='lat' dir='ltr'><strong>penuriam</strong></span> <span class='ocrx_word' id='word_1_445' title='bbox 1111 3456 1345 3512; x_wconf 90' lang='lat' dir='ltr'><strong>sustinet</strong></span> <span class='ocrx_word' id='word_1_446' title='bbox 1371 3459 1565 3512; x_wconf 92' lang='lat' dir='ltr'><strong>domus</strong></span> <span class='ocrx_word' id='word_1_447' title='bbox 1591 3455 1815 3512; x_wconf 84' lang='lat' dir='ltr'><strong>nostra?</strong></span> <span class='ocrx_word' id='word_1_448' title='bbox 1838 3457 1910 3508; x_wconf 88' lang='lat' dir='ltr'><strong>ita</strong></span> <span class='ocrx_word' id='word_1_449' title='bbox 1940 3453 2086 3523; x_wconf 90' lang='lat' dir='ltr'><strong>quod</strong></span> <span class='ocrx_word' id='word_1_450' title='bbox 2189 3466 2392 3537; x_wconf 71' lang='grc' dir='ltr'><strong>ρυιίηε.</strong></span> <span class='ocrx_word' id='word_1_451' title='bbox 2420 3480 2518 3521; x_wconf 68' lang='lat' dir='ltr'><strong>eos</strong></span> <span class='ocrx_word' id='word_1_452' title='bbox 2576 3465 2671 3535; x_wconf 66' lang='lat' dir='ltr'><strong>qui</strong></span> <span class='ocrx_word' id='word_1_453' title='bbox 2709 3480 2776 3519; x_wconf 61' lang='lat' dir='ltr'><strong>ex</strong></span> <span class='ocrx_word' id='word_1_454' title='bbox 2830 3464 3016 3519; x_wconf 69' lang='grc' dir='ltr'><strong>σηιείο</strong></span> <span class='ocrx_word' id='word_1_455' title='bbox 3063 3478 3254 3519; x_wconf 63' lang='lat' dir='ltr'><strong>muros</strong></span> <span class='ocrx_word' id='word_1_456' title='bbox 3288 3465 3501 3519; x_wconf 62' lang='lat' dir='ltr'><strong>reﬁcere</strong></span> <span class='ocrx_word' id='word_1_457' title='bbox 3540 3458 3720 3513; x_wconf 59' lang='lat' dir='ltr'><strong>demus.</strong></span> 
     </span>
    </p>
   </div>
   <div class='ocr_carea' id='block_1_43' title="bbox 510 3547 3718 3627">
    <p class='ocr_par' dir='ltr' id='par_1_43' title="bbox 510 3547 3718 3627">
     <span class='ocr_line' id='line_1_43' title="bbox 510 3547 3718 3627; baseline -0.001 -25"><span class='ocrx_word' id='word_1_458' title='bbox 510 3562 703 3617; x_wconf 86' lang='lat' dir='ltr'><strong>magna</strong></span> <span class='ocrx_word' id='word_1_459' title='bbox 751 3549 832 3601; x_wconf 88' lang='lat' dir='ltr'><strong>vis</strong></span> <span class='ocrx_word' id='word_1_460' title='bbox 876 3556 995 3600; x_wconf 88' lang='lat' dir='ltr'><strong>erat</strong></span> <span class='ocrx_word' id='word_1_461' title='bbox 1035 3547 1328 3603; x_wconf 73' lang='lat' dir='ltr'><strong>reducendi</strong></span> <span class='ocrx_word' id='word_1_462' title='bbox 1360 3562 1455 3603; x_wconf 76' lang='lat'><strong>008</strong></span> <span class='ocrx_word' id='word_1_463' title='bbox 1484 3547 1551 3602; x_wconf 91' lang='lat' dir='ltr'><strong>ad</strong></span> <span class='ocrx_word' id='word_1_464' title='bbox 1580 3547 1722 3602; x_wconf 87' lang='lat' dir='ltr'><strong>muri</strong></span> <span class='ocrx_word' id='word_1_465' title='bbox 1758 3547 2086 3601; x_wconf 85' lang='lat' dir='ltr'><strong>custodiam.</strong></span> <span class='ocrx_word' id='word_1_466' title='bbox 2188 3557 2343 3612; x_wconf 66' lang='lat' dir='ltr'><strong>sunt?</strong></span> <span class='ocrx_word' id='word_1_467' title='bbox 2377 3556 2421 3612; x_wconf 91' lang='grc' dir='ltr'><strong>Ο</strong></span> <span class='ocrx_word' id='word_1_468' title='bbox 2451 3572 2685 3627; x_wconf 72' lang='lat' dir='ltr'><strong>quorum</strong></span> <span class='ocrx_word' id='word_1_469' title='bbox 2719 3556 2915 3611; x_wconf 58' lang='lat' dir='ltr'><strong>anima:</strong></span> <span class='ocrx_word' id='word_1_470' title='bbox 2944 3557 3083 3611; x_wconf 69' lang='lat' dir='ltr'><strong>forte</strong></span> <span class='ocrx_word' id='word_1_471' title='bbox 3106 3555 3458 3617; x_wconf 73' lang='lat' dir='ltr'><strong>damnamur,</strong></span> <span class='ocrx_word' id='word_1_472' title='bbox 3496 3549 3718 3606; x_wconf 75' lang='lat' dir='ltr'><strong>Manuelis</strong></span> 
     </span>
    </p>
   </div>
   <div class='ocr_carea' id='block_1_44' title="bbox 509 3639 3716 3720">
    <p class='ocr_par' dir='ltr' id='par_1_44' title="bbox 509 3639 3716 3720">
     <span class='ocr_line' id='line_1_44' title="bbox 509 3639 3716 3720; baseline -0.007 -10"><span class='ocrx_word' id='word_1_473' title='bbox 509 3639 591 3694; x_wconf 74' lang='lat' dir='ltr'><strong>Ob</strong></span> <span class='ocrx_word' id='word_1_474' title='bbox 631 3643 755 3708; x_wconf 70' lang='grc' dir='ltr'><strong>Ιιυος</strong></span> <span class='ocrx_word' id='word_1_475' title='bbox 792 3639 1122 3709; x_wconf 65' lang='grc' dir='ltr'><strong>Ρθυοίίθῑειι)</strong></span> <span class='ocrx_word' id='word_1_476' title='bbox 1154 3640 1342 3696; x_wconf 69' lang='grc' dir='ltr'><strong>ιιοδιοε</strong></span> <span class='ocrx_word' id='word_1_477' title='bbox 1378 3648 1661 3709; x_wconf 52' lang='lat' dir='ltr'><strong>captantes</strong></span> <span class='ocrx_word' id='word_1_478' title='bbox 1692 3640 2046 3710; x_wconf 71' lang='grc' dir='ltr'>νυειιειιιιίιιω</span> <span class='ocrx_word' id='word_1_479' title='bbox 2070 3677 2085 3702; x_wconf 75' lang='grc' dir='ltr'><strong>ν</strong></span> <span class='ocrx_word' id='word_1_480' title='bbox 2188 3648 2403 3720; x_wconf 82' lang='lat' dir='ltr'><strong>Giagari</strong></span> <span class='ocrx_word' id='word_1_481' title='bbox 2465 3648 2671 3704; x_wconf 91' lang='lat' dir='ltr'><strong>dudum</strong></span> <span class='ocrx_word' id='word_1_482' title='bbox 2712 3649 2912 3718; x_wconf 89' lang='lat' dir='ltr'><strong>inopis,</strong></span> <span class='ocrx_word' id='word_1_483' title='bbox 2968 3656 3023 3702; x_wconf 93' lang='lat' dir='ltr'><strong>et</strong></span> <span class='ocrx_word' id='word_1_484' title='bbox 3076 3645 3346 3717; x_wconf 83' lang='lat' dir='ltr'><strong>Neophyti</strong></span> <span class='ocrx_word' id='word_1_485' title='bbox 3382 3639 3716 3700; x_wconf 80' lang='lat' dir='ltr'><strong>liicromonaci</strong></span> 
     </span>
    </p>
   </div>
   <div class='ocr_carea' id='block_1_45' title="bbox 511 3730 3719 3809">
    <p class='ocr_par' dir='ltr' id='par_1_45' title="bbox 511 3730 3719 3809">
     <span class='ocr_line' id='line_1_45' title="bbox 511 3730 3719 3809; baseline -0.006 -8"><span class='ocrx_word' id='word_1_486' title='bbox 511 3732 747 3785; x_wconf 64' lang='grc' dir='ltr'><strong>δυάθεεε</strong></span> <span class='ocrx_word' id='word_1_487' title='bbox 784 3732 934 3797; x_wconf 62' lang='lat' dir='ltr'><strong>fac“,</strong></span> <span class='ocrx_word' id='word_1_488' title='bbox 966 3730 1189 3786; x_wconf 71' lang='grc' dir='ltr'><strong>υιιείιιίε</strong></span> <span class='ocrx_word' id='word_1_489' title='bbox 1219 3746 1369 3795; x_wconf 63' lang='lat' dir='ltr'><strong>V353,</strong></span> <span class='ocrx_word' id='word_1_490' title='bbox 1420 3747 1542 3803; x_wconf 72' lang='lat' dir='ltr'><strong>quae</strong></span> <span class='ocrx_word' id='word_1_491' title='bbox 1575 3732 1628 3786; x_wconf 75' lang='grc' dir='ltr'><strong>Ῐιι</strong></span> <span class='ocrx_word' id='word_1_492' title='bbox 1662 3732 2089 3803; x_wconf 74' lang='grc' dir='ltr'><strong>ρτορυεηειοιιιῑε</strong></span> <span class='ocrx_word' id='word_1_493' title='bbox 2191 3740 2413 3808; x_wconf 84' lang='lat' dir='ltr'><strong>Rhodii,</strong></span> <span class='ocrx_word' id='word_1_494' title='bbox 2445 3741 2492 3796; x_wconf 88' lang='lat' dir='ltr'><strong>si</strong></span> <span class='ocrx_word' id='word_1_495' title='bbox 2525 3742 2698 3795; x_wconf 88' lang='lat' dir='ltr'><strong>audeo</strong></span> <span class='ocrx_word' id='word_1_496' title='bbox 2722 3741 2925 3806; x_wconf 87' lang='lat' dir='ltr'><strong>dicere,</strong></span> <span class='ocrx_word' id='word_1_497' title='bbox 2956 3739 3301 3809; x_wconf 70' lang='lat' dir='ltr'><strong>praedonum,</strong></span> <span class='ocrx_word' id='word_1_498' title='bbox 3339 3753 3441 3792; x_wconf 90' lang='lat' dir='ltr'><strong>non</strong></span> <span class='ocrx_word' id='word_1_499' title='bbox 3471 3748 3719 3791; x_wconf 80' lang='lat' dir='ltr'><strong>conserva-</strong></span> 
     </span>
    </p>
   </div>
   <div class='ocr_carea' id='block_1_46' title="bbox 516 3822 3723 3904">
    <p class='ocr_par' dir='ltr' id='par_1_46' title="bbox 516 3822 3723 3904">
     <span class='ocr_line' id='line_1_46' title="bbox 516 3822 3723 3904; baseline -0.004 -28"><span class='ocrx_word' id='word_1_500' title='bbox 516 3833 820 3892; x_wconf 86' lang='lat' dir='ltr'><strong>posuerant</strong></span> <span class='ocrx_word' id='word_1_501' title='bbox 870 3823 1085 3889; x_wconf 87' lang='lat' dir='ltr'><strong>nostri,</strong></span> <span class='ocrx_word' id='word_1_502' title='bbox 1153 3823 1416 3880; x_wconf 89' lang='lat' dir='ltr'><strong>demolito</strong></span> <span class='ocrx_word' id='word_1_503' title='bbox 1484 3840 1642 3880; x_wconf 91' lang='lat' dir='ltr'><strong>muro</strong></span> <span class='ocrx_word' id='word_1_504' title='bbox 1708 3825 2088 3880; x_wconf 89' lang='lat' dir='ltr'><strong>detrahebant.</strong></span> <span class='ocrx_word' id='word_1_505' title='bbox 2191 3842 2370 3888; x_wconf 66' lang='lat' dir='ltr'><strong>torum</strong></span> <span class='ocrx_word' id='word_1_506' title='bbox 2404 3833 2736 3904; x_wconf 45' lang='lat' dir='ltr'><strong>reipublicae,</strong></span> <span class='ocrx_word' id='word_1_507' title='bbox 2768 3832 2968 3902; x_wconf 66' lang='lat' dir='ltr'><strong>quibus</strong></span> <span class='ocrx_word' id='word_1_508' title='bbox 3006 3832 3176 3886; x_wconf 49' lang='lat' dir='ltr'><strong>velut;</strong></span> <span class='ocrx_word' id='word_1_509' title='bbox 3226 3822 3723 3900; x_wconf 58' lang='grc' dir='ltr'><strong>τείρυυιίοωιαιοτξ.</strong></span> 
     </span>
    </p>
   </div>
   <div class='ocr_carea' id='block_1_47' title="bbox 513 3915 3723 3993">
    <p class='ocr_par' dir='ltr' id='par_1_47' title="bbox 513 3915 3723 3993">
     <span class='ocr_line' id='line_1_47' title="bbox 513 3915 3723 3993; baseline -0.005 -12"><span class='ocrx_word' id='word_1_510' title='bbox 513 3915 855 3984; x_wconf 69' lang='grc' dir='ltr'><strong>Ουαιιύοίιιιο</strong></span> <span class='ocrx_word' id='word_1_511' title='bbox 888 3915 1077 3970; x_wconf 62' lang='lat' dir='ltr'><strong>“idem</strong></span> <span class='ocrx_word' id='word_1_512' title='bbox 1125 3916 1355 3986; x_wconf 68' lang='lat' dir='ltr'><strong>lapidem</strong></span> <span class='ocrx_word' id='word_1_513' title='bbox 1407 3917 1683 3986; x_wconf 72' lang='lat' dir='ltr'><strong>ingentem</strong></span> <span class='ocrx_word' id='word_1_514' title='bbox 1724 3916 1869 3971; x_wconf 68' lang='grc' dir='ltr'><strong>νίιιιο</strong></span> <span class='ocrx_word' id='word_1_515' title='bbox 1896 3933 1963 3970; x_wconf 66' lang='grc' dir='ltr'><strong>(ει</strong></span> <span class='ocrx_word' id='word_1_516' title='bbox 2007 3932 2091 3971; x_wconf 71' lang='grc' dir='ltr'><strong>ι’θ·</strong></span> <span class='ocrx_word' id='word_1_517' title='bbox 2190 3929 2313 3990; x_wconf 87' lang='lat' dir='ltr'><strong>bus,</strong></span> <span class='ocrx_word' id='word_1_518' title='bbox 2349 3935 2442 3980; x_wconf 91' lang='lat' dir='ltr'><strong>aut</strong></span> <span class='ocrx_word' id='word_1_519' title='bbox 2472 3941 2538 3980; x_wconf 85' lang='lat' dir='ltr'><strong>ex</strong></span> <span class='ocrx_word' id='word_1_520' title='bbox 2585 3925 2725 3979; x_wconf 89' lang='lat' dir='ltr'><strong>aviis</strong></span> <span class='ocrx_word' id='word_1_521' title='bbox 2756 3926 3149 3993; x_wconf 89' lang='lat' dir='ltr'><strong>intestatisque</strong></span> <span class='ocrx_word' id='word_1_522' title='bbox 3184 3924 3329 3978; x_wconf 91' lang='lat' dir='ltr'><strong>bona</strong></span> <span class='ocrx_word' id='word_1_523' title='bbox 3364 3921 3559 3982; x_wconf 84' lang='lat' dir='ltr'><strong>relicta,</strong></span> <span class='ocrx_word' id='word_1_524' title='bbox 3584 3915 3723 3971; x_wconf 85' lang='lat' dir='ltr'><strong>muris</strong></span> 
     </span>
    </p>
   </div>
   <div class='ocr_carea' id='block_1_48' title="bbox 513 4008 3725 4088">
    <p class='ocr_par' dir='ltr' id='par_1_48' title="bbox 513 4008 3725 4088">
     <span class='ocr_line' id='line_1_48' title="bbox 513 4008 3725 4088; baseline -0.005 -26"><span class='ocrx_word' id='word_1_525' title='bbox 513 4008 658 4062; x_wconf 84' lang='lat' dir='ltr'><strong>saltu</strong></span> <span class='ocrx_word' id='word_1_526' title='bbox 686 4008 1025 4077; x_wconf 85' lang='lat' dir='ltr'><strong>collapsum,</strong></span> <span class='ocrx_word' id='word_1_527' title='bbox 1056 4023 1217 4077; x_wconf 87' lang='lat' dir='ltr'><strong>quem</strong></span> <span class='ocrx_word' id='word_1_528' title='bbox 1260 4023 1454 4079; x_wconf 88' lang='lat' dir='ltr'><strong>magna</strong></span> <span class='ocrx_word' id='word_1_529' title='bbox 1487 4010 1578 4064; x_wconf 90' lang='lat' dir='ltr'><strong>illa</strong></span> <span class='ocrx_word' id='word_1_530' title='bbox 1602 4009 1897 4065; x_wconf 87' lang='lat' dir='ltr'><strong>bombarda</strong></span> <span class='ocrx_word' id='word_1_531' title='bbox 1932 4024 2091 4064; x_wconf 83' lang='lat' dir='ltr'><strong>niuro</strong></span> <span class='ocrx_word' id='word_1_532' title='bbox 2191 4020 2396 4076; x_wconf 76' lang='lat' dir='ltr'><strong>ascribi</strong></span> <span class='ocrx_word' id='word_1_533' title='bbox 2453 4018 2765 4085; x_wconf 83' lang='lat' dir='ltr'><strong>debebant,</strong></span> <span class='ocrx_word' id='word_1_534' title='bbox 2798 4017 3024 4088; x_wconf 88' lang='lat' dir='ltr'><strong>privatis</strong></span> <span class='ocrx_word' id='word_1_535' title='bbox 3073 4017 3260 4086; x_wconf 85' lang='lat' dir='ltr'><strong>potius</strong></span> <span class='ocrx_word' id='word_1_536' title='bbox 3306 4011 3598 4071; x_wconf 62' lang='lat' dir='ltr'><strong>commodis</strong></span> <span class='ocrx_word' id='word_1_537' title='bbox 3640 4008 3725 4061; x_wconf 60' lang='lat' dir='ltr'><strong>gul.</strong></span> 
     </span>
    </p>
   </div>
   <div class='ocr_carea' id='block_1_49' title="bbox 517 4101 2105 4184">
    <p class='ocr_par' dir='ltr' id='par_1_49' title="bbox 517 4101 2087 4169">
     <span class='ocr_line' id='line_1_49' title="bbox 517 4101 2087 4169; baseline 0.002 -16"><span class='ocrx_word' id='word_1_538' title='bbox 517 4102 800 4169; x_wconf 70' lang='lat' dir='ltr'><strong>iniecerat,</strong></span> <span class='ocrx_word' id='word_1_539' title='bbox 832 4139 840 4144; x_wconf 92' lang='grc'><strong>-</strong></span> <span class='ocrx_word' id='word_1_540' title='bbox 878 4116 1002 4155; x_wconf 89' lang='lat' dir='ltr'><strong>cum</strong></span> <span class='ocrx_word' id='word_1_541' title='bbox 1062 4101 1265 4157; x_wconf 88' lang='lat' dir='ltr'><strong>rubore</strong></span> <span class='ocrx_word' id='word_1_542' title='bbox 1338 4110 1554 4169; x_wconf 91' lang='lat' dir='ltr'><strong>nostro,</strong></span> <span class='ocrx_word' id='word_1_543' title='bbox 1603 4116 1726 4156; x_wconf 88' lang='lat' dir='ltr'><strong>cum</strong></span> <span class='ocrx_word' id='word_1_544' title='bbox 1805 4102 2087 4157; x_wconf 86' lang='lat' dir='ltr'><strong>retiaculis</strong></span> 
     </span>
    </p>
   </div>
   <div class='ocr_carea' id='block_1_50' title="bbox 2138 4101 3726 4184">
    <p class='ocr_par' dir='ltr' id='par_1_50' title="bbox 2191 4104 3726 4184">
     <span class='ocr_line' id='line_1_50' title="bbox 2191 4104 3726 4184; baseline -0.012 -16"><span class='ocrx_word' id='word_1_545' title='bbox 2191 4112 2519 4184; x_wconf 86' lang='lat' dir='ltr'><strong>pendebant.</strong></span> <span class='ocrx_word' id='word_1_546' title='bbox 2549 4110 2764 4164; x_wconf 87' lang='lat' dir='ltr'><strong>Primus</strong></span> <span class='ocrx_word' id='word_1_547' title='bbox 2814 4109 3007 4179; x_wconf 88' lang='lat' dir='ltr'><strong>viginti</strong></span> <span class='ocrx_word' id='word_1_548' title='bbox 3065 4124 3237 4177; x_wconf 84' lang='lat' dir='ltr'><strong>prope</strong></span> <span class='ocrx_word' id='word_1_549' title='bbox 3274 4107 3495 4163; x_wconf 89' lang='lat' dir='ltr'><strong>millium</strong></span> <span class='ocrx_word' id='word_1_550' title='bbox 3533 4104 3726 4157; x_wconf 88' lang='lat' dir='ltr'><strong>lloreno-</strong></span> 
     </span>
    </p>
   </div>
   <div class='ocr_carea' id='block_1_51' title="bbox 515 4191 2103 4274">
    <p class='ocr_par' dir='ltr' id='par_1_51' title="bbox 515 4191 2091 4263">
     <span class='ocr_line' id='line_1_51' title="bbox 515 4191 2091 4263; baseline 0.001 -17"><span class='ocrx_word' id='word_1_551' title='bbox 515 4203 667 4246; x_wconf 84' lang='lat' dir='ltr'><strong>extra</strong></span> <span class='ocrx_word' id='word_1_552' title='bbox 696 4191 927 4257; x_wconf 89' lang='lat' dir='ltr'><strong>ducunt,</strong></span> <span class='ocrx_word' id='word_1_553' title='bbox 978 4194 1466 4263; x_wconf 84' lang='lat' dir='ltr'><strong>reprojiciuntque.</strong></span> <span class='ocrx_word' id='word_1_554' title='bbox 1509 4193 1616 4248; x_wconf 84' lang='lat' dir='ltr'><strong>Sed</strong></span> <span class='ocrx_word' id='word_1_555' title='bbox 1670 4194 1759 4249; x_wconf 88' lang='lat' dir='ltr'><strong>ubi</strong></span> <span class='ocrx_word' id='word_1_556' title='bbox 1811 4196 2091 4260; x_wconf 87' lang='lat' dir='ltr'><strong>custodes,</strong></span> 
     </span>
    </p>
   </div>
   <div class='ocr_carea' id='block_1_52' title="bbox 2138 4191 3726 4274">
    <p class='ocr_par' dir='ltr' id='par_1_52' title="bbox 2194 4193 3726 4274">
     <span class='ocr_line' id='line_1_52' title="bbox 2194 4193 3726 4274; baseline -0.013 -13"><span class='ocrx_word' id='word_1_557' title='bbox 2194 4222 2313 4261; x_wconf 90' lang='lat' dir='ltr'><strong>rum</strong></span> <span class='ocrx_word' id='word_1_558' title='bbox 2375 4219 2567 4259; x_wconf 87' lang='lat' dir='ltr'><strong>servus</strong></span> <span class='ocrx_word' id='word_1_559' title='bbox 2619 4200 2951 4274; x_wconf 88' lang='lat' dir='ltr'><strong>proditionis</strong></span> <span class='ocrx_word' id='word_1_560' title='bbox 3004 4204 3331 4265; x_wconf 87' lang='lat' dir='ltr'><strong>monachus,</strong></span> <span class='ocrx_word' id='word_1_561' title='bbox 3364 4215 3496 4271; x_wconf 85' lang='lat' dir='ltr'><strong>quos</strong></span> <span class='ocrx_word' id='word_1_562' title='bbox 3536 4193 3726 4267; x_wconf 84' lang='lat' dir='ltr'><strong>posthac</strong></span> 
     </span>
    </p>
   </div>
   <div class='ocr_carea' id='block_1_53' title="bbox 519 4280 3729 4365">
    <p class='ocr_par' dir='ltr' id='par_1_53' title="bbox 519 4280 3729 4365">
     <span class='ocr_line' id='line_1_53' title="bbox 519 4280 3729 4365; baseline 0.001 -32"><span class='ocrx_word' id='word_1_563' title='bbox 519 4281 609 4334; x_wconf 88' lang='lat' dir='ltr'><strong>ubi</strong></span> <span class='ocrx_word' id='word_1_564' title='bbox 639 4280 837 4336; x_wconf 84' lang='lat' dir='ltr'><strong>milites</strong></span> <span class='ocrx_word' id='word_1_565' title='bbox 882 4292 1215 4350; x_wconf 87' lang='lat' dir='ltr'><strong>evagantes,</strong></span> <span class='ocrx_word' id='word_1_566' title='bbox 1266 4281 1360 4335; x_wconf 88' lang='lat' dir='ltr'><strong>ubi</strong></span> <span class='ocrx_word' id='word_1_567' title='bbox 1392 4282 1619 4351; x_wconf 88' lang='lat' dir='ltr'><strong>lapides,</strong></span> <span class='ocrx_word' id='word_1_568' title='bbox 1663 4290 1721 4335; x_wconf 92' lang='lat' dir='ltr'><strong>ut</strong></span> <span class='ocrx_word' id='word_1_569' title='bbox 1767 4283 2093 4350; x_wconf 88' lang='lat' dir='ltr'><strong>prohibeant</strong></span> <span class='ocrx_word' id='word_1_570' title='bbox 2194 4297 2512 4353; x_wconf 52' lang='lat' dir='ltr'><strong>reconditos</strong></span> <span class='ocrx_word' id='word_1_571' title='bbox 2545 4312 2683 4350; x_wconf 59' lang='grc' dir='ltr'><strong>ωηο</strong></span> <span class='ocrx_word' id='word_1_572' title='bbox 2719 4294 3065 4365; x_wconf 66' lang='lat' dir='ltr'><strong>septuaginta</strong></span> <span class='ocrx_word' id='word_1_573' title='bbox 3100 4293 3333 4348; x_wconf 79' lang='lat' dir='ltr'><strong>millium</strong></span> <span class='ocrx_word' id='word_1_574' title='bbox 3376 4305 3553 4361; x_wconf 79' lang='lat' dir='ltr'><strong>gazam</strong></span> <span class='ocrx_word' id='word_1_575' title='bbox 3594 4287 3729 4341; x_wconf 85' lang='lat' dir='ltr'><strong>relin-</strong></span> 
     </span>
    </p>
   </div>
   <div class='ocr_carea' id='block_1_54' title="bbox 518 4372 2106 4459">
    <p class='ocr_par' dir='ltr' id='par_1_54' title="bbox 518 4372 2086 4444">
     <span class='ocr_line' id='line_1_54' title="bbox 518 4372 2086 4444; baseline 0 -19"><span class='ocrx_word' id='word_1_576' title='bbox 518 4373 601 4425; x_wconf 87' lang='lat' dir='ltr'><strong>vel</strong></span> <span class='ocrx_word' id='word_1_577' title='bbox 650 4373 951 4442; x_wconf 80' lang='lat' dir='ltr'><strong>repellant?</strong></span> <span class='ocrx_word' id='word_1_578' title='bbox 990 4375 1030 4426; x_wconf 90' lang='grc' dir='ltr'><strong>Ο</strong></span> <span class='ocrx_word' id='word_1_579' title='bbox 1071 4387 1235 4444; x_wconf 85' lang='lat' dir='ltr'><strong>quam</strong></span> <span class='ocrx_word' id='word_1_580' title='bbox 1282 4372 1483 4428; x_wconf 90' lang='lat' dir='ltr'><strong>malum</strong></span> <span class='ocrx_word' id='word_1_581' title='bbox 1539 4373 1893 4443; x_wconf 72' lang='lat' dir='ltr'><strong>praesagiuml</strong></span> <span class='ocrx_word' id='word_1_582' title='bbox 1945 4372 2086 4437; x_wconf 77' lang='lat' dir='ltr'><strong>Quid</strong></span> 
     </span>
    </p>
   </div>
   <div class='ocr_carea' id='block_1_55' title="bbox 2139 4372 3727 4459">
    <p class='ocr_par' dir='ltr' id='par_1_55' title="bbox 2139 4375 3727 4459">
     <span class='ocr_line' id='line_1_55' title="bbox 2139 4375 3727 4459; baseline -0.013 -15"><span class='ocrx_word' id='word_1_583' title='bbox 2139 4400 2168 4459; x_wconf 89' lang='lat'>)</span> <span class='ocrx_word' id='word_1_584' title='bbox 2194 4395 2370 4459; x_wconf 87' lang='lat' dir='ltr'><strong>quunt</strong></span> <span class='ocrx_word' id='word_1_585' title='bbox 2415 4387 2670 4443; x_wconf 82' lang='lat' dir='ltr'><strong>Teucris.</strong></span> <span class='ocrx_word' id='word_1_586' title='bbox 2723 4385 2935 4440; x_wconf 91' lang='lat' dir='ltr'><strong>ldcirco</strong></span> <span class='ocrx_word' id='word_1_587' title='bbox 2965 4386 3098 4441; x_wconf 88' lang='lat' dir='ltr'><strong>urbs</strong></span> <span class='ocrx_word' id='word_1_588' title='bbox 3123 4386 3433 4457; x_wconf 73' lang='lat' dir='ltr'><strong>praedonum</strong></span> <span class='ocrx_word' id='word_1_589' title='bbox 3469 4378 3652 4436; x_wconf 83' lang='lat' dir='ltr'><strong>incuria</strong></span> <span class='ocrx_word' id='word_1_590' title='bbox 3686 4375 3727 4427; x_wconf 89' lang='lat' dir='ltr'><strong>in</strong></span> 
     </span>
    </p>
   </div>
   <div class='ocr_carea' id='block_1_56' title="bbox 518 4463 3728 4549">
    <p class='ocr_par' dir='ltr' id='par_1_56' title="bbox 518 4463 3728 4549">
     <span class='ocr_line' id='line_1_56' title="bbox 518 4463 3728 4549; baseline -0.002 -30"><span class='ocrx_word' id='word_1_591' title='bbox 518 4465 642 4530; x_wconf 90' lang='lat' dir='ltr'><strong>erit,</strong></span> <span class='ocrx_word' id='word_1_592' title='bbox 684 4466 940 4534; x_wconf 83' lang='lat' dir='ltr'><strong>inquam,</strong></span> <span class='ocrx_word' id='word_1_593' title='bbox 991 4467 1207 4536; x_wconf 87' lang='lat' dir='ltr'><strong>quando</strong></span> <span class='ocrx_word' id='word_1_594' title='bbox 1255 4466 1404 4520; x_wconf 87' lang='lat' dir='ltr'><strong>velut</strong></span> <span class='ocrx_word' id='word_1_595' title='bbox 1448 4476 1663 4520; x_wconf 87' lang='lat' dir='ltr'><strong>torrens</strong></span> <span class='ocrx_word' id='word_1_596' title='bbox 1707 4463 1885 4532; x_wconf 78' lang='lat' dir='ltr'><strong>Tigris</strong></span> <span class='ocrx_word' id='word_1_597' title='bbox 1919 4465 2090 4519; x_wconf 87' lang='lat' dir='ltr'><strong>irruet</strong></span> <span class='ocrx_word' id='word_1_598' title='bbox 2191 4488 2343 4533; x_wconf 55' lang='lat' dir='ltr'><strong>tuum</strong></span> <span class='ocrx_word' id='word_1_599' title='bbox 2382 4486 2705 4549; x_wconf 55' lang='lat' dir='ltr'><strong>tempestate</strong></span> <span class='ocrx_word' id='word_1_600' title='bbox 2752 4479 2935 4547; x_wconf 57' lang='lat' dir='ltr'><strong>perm,</strong></span> <span class='ocrx_word' id='word_1_601' title='bbox 2969 4480 3037 4531; x_wconf 81' lang='grc' dir='ltr'>Αι</span> <span class='ocrx_word' id='word_1_602' title='bbox 3076 4492 3198 4531; x_wconf 72' lang='lat' dir='ltr'><strong>cum</strong></span> <span class='ocrx_word' id='word_1_603' title='bbox 3232 4477 3418 4531; x_wconf 72' lang='lat' dir='ltr'><strong>omnia</strong></span> <span class='ocrx_word' id='word_1_604' title='bbox 3458 4472 3728 4527; x_wconf 57' lang='lat' dir='ltr'><strong>Graecorum</strong></span> 
     </span>
    </p>
   </div>
   <div class='ocr_carea' id='block_1_57' title="bbox 520 4556 2108 4640">
    <p class='ocr_par' dir='ltr' id='par_1_57' title="bbox 520 4556 2090 4628">
     <span class='ocr_line' id='line_1_57' title="bbox 520 4556 2090 4628; baseline -0.001 -16"><span class='ocrx_word' id='word_1_605' title='bbox 520 4559 828 4613; x_wconf 75' lang='lat' dir='ltr'><strong>exercitus?</strong></span> <span class='ocrx_word' id='word_1_606' title='bbox 862 4559 1007 4614; x_wconf 85' lang='lat' dir='ltr'><strong>Ordo</strong></span> <span class='ocrx_word' id='word_1_607' title='bbox 1036 4559 1263 4628; x_wconf 87' lang='lat' dir='ltr'><strong>perinde</strong></span> <span class='ocrx_word' id='word_1_608' title='bbox 1294 4575 1362 4613; x_wconf 85' lang='lat' dir='ltr'><strong>ex</strong></span> <span class='ocrx_word' id='word_1_609' title='bbox 1412 4558 1517 4611; x_wconf 86' lang='lat' dir='ltr'><strong>hoc</strong></span> <span class='ocrx_word' id='word_1_610' title='bbox 1546 4557 1709 4611; x_wconf 87' lang='lat' dir='ltr'><strong>datus</strong></span> <span class='ocrx_word' id='word_1_611' title='bbox 1730 4566 1813 4609; x_wconf 87' lang='lat' dir='ltr'><strong>est</strong></span> <span class='ocrx_word' id='word_1_612' title='bbox 1844 4565 1903 4608; x_wconf 90' lang='lat' dir='ltr'><strong>ut</strong></span> <span class='ocrx_word' id='word_1_613' title='bbox 1930 4556 2090 4625; x_wconf 86' lang='lat' dir='ltr'><strong>panis</strong></span> 
     </span>
    </p>
   </div>
   <div class='ocr_carea' id='block_1_58' title="bbox 2141 4556 3729 4640">
    <p class='ocr_par' dir='ltr' id='par_1_58' title="bbox 2189 4564 3729 4640">
     <span class='ocr_line' id='line_1_58' title="bbox 2189 4564 3729 4640; baseline -0.008 -15"><span class='ocrx_word' id='word_1_614' title='bbox 2189 4571 2373 4640; x_wconf 88' lang='lat' dir='ltr'><strong>inepta</strong></span> <span class='ocrx_word' id='word_1_615' title='bbox 2406 4585 2570 4640; x_wconf 89' lang='lat' dir='ltr'><strong>opera</strong></span> <span class='ocrx_word' id='word_1_616' title='bbox 2625 4570 3095 4639; x_wconf 85' lang='lat' dir='ltr'><strong>reprehendantur</strong></span> <span class='ocrx_word' id='word_1_617' title='bbox 3121 4610 3137 4635; x_wconf 94' lang='lat'><strong>,</strong></span> <span class='ocrx_word' id='word_1_618' title='bbox 3195 4587 3309 4625; x_wconf 88' lang='lat' dir='ltr'><strong>non</strong></span> <span class='ocrx_word' id='word_1_619' title='bbox 3358 4571 3542 4623; x_wconf 85' lang='lat' dir='ltr'><strong>mirum</strong></span> <span class='ocrx_word' id='word_1_620' title='bbox 3573 4565 3613 4620; x_wconf 89' lang='lat' dir='ltr'><strong>si</strong></span> <span class='ocrx_word' id='word_1_621' title='bbox 3648 4564 3729 4616; x_wconf 78' lang='lat' dir='ltr'><strong>hoc</strong></span> 
     </span>
    </p>
   </div>
   <div class='ocr_carea' id='block_1_59' title="bbox 525 4647 2113 4730">
    <p class='ocr_par' dir='ltr' id='par_1_59' title="bbox 525 4647 2090 4719">
     <span class='ocr_line' id='line_1_59' title="bbox 525 4647 2090 4719; baseline 0.001 -17"><span class='ocrx_word' id='word_1_622' title='bbox 525 4667 618 4718; x_wconf 87' lang='lat' dir='ltr'><strong>per</strong></span> <span class='ocrx_word' id='word_1_623' title='bbox 643 4650 879 4705; x_wconf 76' lang='lat' dir='ltr'><strong>familias</strong></span> <span class='ocrx_word' id='word_1_624' title='bbox 909 4667 1064 4719; x_wconf 68' lang='lat' dir='ltr'><strong>tuque</strong></span> <span class='ocrx_word' id='word_1_625' title='bbox 1093 4650 1512 4705; x_wconf 87' lang='lat' dir='ltr'><strong>distribuerctur</strong></span> <span class='ocrx_word' id='word_1_626' title='bbox 1546 4667 1559 4703; x_wconf 90' lang='lat'><strong>:</strong></span> <span class='ocrx_word' id='word_1_627' title='bbox 1589 4664 1655 4704; x_wconf 88' lang='lat' dir='ltr'><strong>tte</strong></span> <span class='ocrx_word' id='word_1_628' title='bbox 1682 4647 1829 4701; x_wconf 88' lang='lat' dir='ltr'><strong>illius</strong></span> <span class='ocrx_word' id='word_1_629' title='bbox 1860 4649 2090 4703; x_wconf 86' lang='lat' dir='ltr'><strong>curandi</strong></span> 
     </span>
    </p>
   </div>
   <div class='ocr_carea' id='block_1_60' title="bbox 2142 4647 3730 4730">
    <p class='ocr_par' dir='ltr' id='par_1_60' title="bbox 2192 4650 3730 4730">
     <span class='ocr_line' id='line_1_60' title="bbox 2192 4650 3730 4730; baseline -0.01 -13"><span class='ocrx_word' id='word_1_630' title='bbox 2192 4663 2407 4718; x_wconf 85' lang='lat' dir='ltr'><strong>illustre</strong></span> <span class='ocrx_word' id='word_1_631' title='bbox 2460 4662 2667 4717; x_wconf 83' lang='lat' dir='ltr'><strong>sanctis</strong></span> <span class='ocrx_word' id='word_1_632' title='bbox 2707 4662 3135 4730; x_wconf 86' lang='lat' dir='ltr'><strong>imperatoribus</strong></span> <span class='ocrx_word' id='word_1_633' title='bbox 3179 4660 3533 4721; x_wconf 88' lang='lat' dir='ltr'><strong>institutum,</strong></span> <span class='ocrx_word' id='word_1_634' title='bbox 3586 4650 3730 4709; x_wconf 86' lang='lat' dir='ltr'><strong>moni-</strong></span> 
     </span>
    </p>
   </div>
   <div class='ocr_carea' id='block_1_61' title="bbox 523 4740 2111 4822">
    <p class='ocr_par' dir='ltr' id='par_1_61' title="bbox 523 4740 2093 4810">
     <span class='ocr_line' id='line_1_61' title="bbox 523 4740 2093 4810; baseline 0.002 -16"><span class='ocrx_word' id='word_1_635' title='bbox 523 4744 720 4810; x_wconf 81' lang='lat' dir='ltr'><strong>gratia,</strong></span> <span class='ocrx_word' id='word_1_636' title='bbox 755 4744 831 4797; x_wconf 91' lang='lat' dir='ltr'><strong>uti</strong></span> <span class='ocrx_word' id='word_1_637' title='bbox 858 4758 917 4798; x_wconf 91' lang='lat' dir='ltr'><strong>se</strong></span> <span class='ocrx_word' id='word_1_638' title='bbox 942 4744 1293 4808; x_wconf 81' lang='lat' dir='ltr'><strong>excusabant,</strong></span> <span class='ocrx_word' id='word_1_639' title='bbox 1333 4758 1363 4797; x_wconf 91' lang='lat' dir='ltr'><strong>a</strong></span> <span class='ocrx_word' id='word_1_640' title='bbox 1394 4752 1578 4798; x_wconf 85' lang='lat' dir='ltr'><strong>castro</strong></span> <span class='ocrx_word' id='word_1_641' title='bbox 1609 4740 1965 4808; x_wconf 81' lang='lat' dir='ltr'><strong>recederent;</strong></span> <span class='ocrx_word' id='word_1_642' title='bbox 1998 4758 2093 4797; x_wconf 85' lang='lat' dir='ltr'><strong>ne-</strong></span> 
     </span>
    </p>
   </div>
   <div class='ocr_carea' id='block_1_62' title="bbox 2132 4740 3720 4822">
    <p class='ocr_par' dir='ltr' id='par_1_62' title="bbox 2194 4751 3720 4822">
     <span class='ocr_line' id='line_1_62' title="bbox 2194 4751 3720 4822; baseline -0.007 -12"><span class='ocrx_word' id='word_1_643' title='bbox 2194 4763 2437 4811; x_wconf 89' lang='lat' dir='ltr'><strong>mentum</strong></span> <span class='ocrx_word' id='word_1_644' title='bbox 2511 4752 2785 4821; x_wconf 81' lang='lat' dir='ltr'><strong>egregium</strong></span> <span class='ocrx_word' id='word_1_645' title='bbox 2843 4752 3034 4822; x_wconf 88' lang='lat' dir='ltr'><strong>reique</strong></span> <span class='ocrx_word' id='word_1_646' title='bbox 3094 4751 3328 4821; x_wconf 76' lang='lat' dir='ltr'><strong>publicae</strong></span> <span class='ocrx_word' id='word_1_647' title='bbox 3383 4754 3720 4803; x_wconf 68' lang='lat' dir='ltr'><strong>tutamentunn</strong></span> 
     </span>
    </p>
   </div>
   <div class='ocr_carea' id='block_1_63' title="bbox 525 4833 2113 4917">
    <p class='ocr_par' dir='ltr' id='par_1_63' title="bbox 525 4833 2097 4905">
     <span class='ocr_line' id='line_1_63' title="bbox 525 4833 2097 4905; baseline 0.003 -21"><span class='ocrx_word' id='word_1_648' title='bbox 525 4849 631 4903; x_wconf 83' lang='lat' dir='ltr'><strong>que</strong></span> <span class='ocrx_word' id='word_1_649' title='bbox 666 4833 864 4889; x_wconf 81' lang='lat' dir='ltr'><strong>famem</strong></span> <span class='ocrx_word' id='word_1_650' title='bbox 898 4833 1075 4903; x_wconf 79' lang='lat' dir='ltr'><strong>potius</strong></span> <span class='ocrx_word' id='word_1_651' title='bbox 1108 4836 1361 4905; x_wconf 90' lang='lat' dir='ltr'><strong>populus,</strong></span> <span class='ocrx_word' id='word_1_652' title='bbox 1405 4850 1566 4904; x_wconf 84' lang='lat' dir='ltr'><strong>quam</strong></span> <span class='ocrx_word' id='word_1_653' title='bbox 1610 4835 1874 4903; x_wconf 82' lang='lat' dir='ltr'><strong>gladium,</strong></span> <span class='ocrx_word' id='word_1_654' title='bbox 1929 4850 2097 4904; x_wconf 80' lang='lat' dir='ltr'><strong>expa-</strong></span> 
     </span>
    </p>
   </div>
   <div class='ocr_carea' id='block_1_64' title="bbox 2143 4833 3731 4917">
    <p class='ocr_par' dir='ltr' id='par_1_64' title="bbox 2199 4842 3731 4917">
     <span class='ocr_line' id='line_1_64' title="bbox 2199 4842 3731 4917; baseline -0.014 -13"><span class='ocrx_word' id='word_1_655' title='bbox 2199 4864 2323 4903; x_wconf 90' lang='lat' dir='ltr'><strong>esca</strong></span> <span class='ocrx_word' id='word_1_656' title='bbox 2349 4844 2703 4917; x_wconf 82' lang='lat' dir='ltr'><strong>praedonibus</strong></span> <span class='ocrx_word' id='word_1_657' title='bbox 2725 4843 2867 4910; x_wconf 84' lang='lat' dir='ltr'><strong>fuit;</strong></span> <span class='ocrx_word' id='word_1_658' title='bbox 2896 4860 3058 4913; x_wconf 83' lang='lat' dir='ltr'><strong>quam</strong></span> <span class='ocrx_word' id='word_1_659' title='bbox 3085 4853 3275 4913; x_wconf 91' lang='lat' dir='ltr'><strong>postea</strong></span> <span class='ocrx_word' id='word_1_660' title='bbox 3298 4858 3421 4897; x_wconf 91' lang='lat' dir='ltr'><strong>sero</strong></span> <span class='ocrx_word' id='word_1_661' title='bbox 3448 4842 3491 4895; x_wconf 91' lang='lat' dir='ltr'><strong>si</strong></span> <span class='ocrx_word' id='word_1_662' title='bbox 3517 4847 3731 4905; x_wconf 78' lang='lat' dir='ltr'><strong>reparare</strong></span> 
     </span>
    </p>
   </div>
   <div class='ocr_carea' id='block_1_65' title="bbox 527 4927 3734 5003">
    <p class='ocr_par' dir='ltr' id='par_1_65' title="bbox 527 4927 3734 5003">
     <span class='ocr_line' id='line_1_65' title="bbox 527 4927 3734 5003; baseline -0.002 -25"><span class='ocrx_word' id='word_1_663' title='bbox 527 4939 769 4982; x_wconf 78' lang='lat' dir='ltr'><strong>vesceret</strong></span> <span class='ocrx_word' id='word_1_664' title='bbox 803 4945 817 4982; x_wconf 75' lang='grc' dir='ltr'>ζ</span> <span class='ocrx_word' id='word_1_665' title='bbox 853 4942 1017 4998; x_wconf 89' lang='lat' dir='ltr'><strong>quam</strong></span> <span class='ocrx_word' id='word_1_666' title='bbox 1066 4927 1288 4997; x_wconf 88' lang='lat' dir='ltr'><strong>quidam</strong></span> <span class='ocrx_word' id='word_1_667' title='bbox 1336 4928 1633 4981; x_wconf 87' lang='lat' dir='ltr'><strong>humanum</strong></span> <span class='ocrx_word' id='word_1_668' title='bbox 1663 4929 1986 4995; x_wconf 79' lang='lat' dir='ltr'><strong>sanguinem</strong></span> <span class='ocrx_word' id='word_1_669' title='bbox 2016 4927 2093 4982; x_wconf 70' lang='grc' dir='ltr'><strong>δί-</strong></span> <span class='ocrx_word' id='word_1_670' title='bbox 2203 4938 2513 5002; x_wconf 62' lang='lat' dir='ltr'><strong>volucrum,</strong></span> <span class='ocrx_word' id='word_1_671' title='bbox 2551 4934 2660 4990; x_wconf 75' lang='lat' dir='ltr'><strong>duo</strong></span> <span class='ocrx_word' id='word_1_672' title='bbox 2695 4935 3006 4999; x_wconf 64' lang='lat' dir='ltr'><strong>defuerunt,</strong></span> <span class='ocrx_word' id='word_1_673' title='bbox 3044 4950 3119 4989; x_wconf 62' lang='lat' dir='ltr'><strong>ags</strong></span> <span class='ocrx_word' id='word_1_674' title='bbox 3154 4944 3209 4988; x_wconf 70' lang='grc' dir='ltr'>ει</span> <span class='ocrx_word' id='word_1_675' title='bbox 3246 4942 3497 5003; x_wconf 60' lang='lat' dir='ltr'><strong>tempus;</strong></span> <span class='ocrx_word' id='word_1_676' title='bbox 3528 4942 3633 4997; x_wconf 61' lang='lat' dir='ltr'><strong>qua:</strong></span> <span class='ocrx_word' id='word_1_677' title='bbox 3661 4937 3734 4990; x_wconf 77' lang='lat' dir='ltr'><strong>p0-</strong></span> 
     </span>
    </p>
   </div>
   <div class='ocr_carea' id='block_1_66' title="bbox 530 5018 3733 5096">
    <p class='ocr_par' dir='ltr' id='par_1_66' title="bbox 530 5018 3733 5096">
     <span class='ocr_line' id='line_1_66' title="bbox 530 5018 3733 5096; baseline -0.004 -22"><span class='ocrx_word' id='word_1_678' title='bbox 530 5021 747 5087; x_wconf 89' lang='lat' dir='ltr'><strong>ticntes,</strong></span> <span class='ocrx_word' id='word_1_679' title='bbox 793 5020 878 5074; x_wconf 84' lang='lat' dir='ltr'><strong>vel</strong></span> <span class='ocrx_word' id='word_1_680' title='bbox 929 5020 1205 5074; x_wconf 89' lang='lat' dir='ltr'><strong>occultato</strong></span> <span class='ocrx_word' id='word_1_681' title='bbox 1255 5019 1566 5084; x_wconf 86' lang='lat' dir='ltr'><strong>frumento,</strong></span> <span class='ocrx_word' id='word_1_682' title='bbox 1594 5020 1678 5074; x_wconf 88' lang='lat' dir='ltr'><strong>vel</strong></span> <span class='ocrx_word' id='word_1_683' title='bbox 1714 5028 1877 5074; x_wconf 90' lang='lat' dir='ltr'><strong>aucto</strong></span> <span class='ocrx_word' id='word_1_684' title='bbox 1914 5021 2092 5089; x_wconf 80' lang='lat' dir='ltr'><strong>pretio</strong></span> <span class='ocrx_word' id='word_1_685' title='bbox 2204 5038 2421 5092; x_wconf 64' lang='lat' dir='ltr'><strong>terant,</strong></span> <span class='ocrx_word' id='word_1_686' title='bbox 2479 5028 2524 5082; x_wconf 80' lang='lat' dir='ltr'><strong>si</strong></span> <span class='ocrx_word' id='word_1_687' title='bbox 2561 5042 2814 5096; x_wconf 75' lang='lat' dir='ltr'><strong>guerram</strong></span> <span class='ocrx_word' id='word_1_688' title='bbox 2866 5027 3267 5090; x_wconf 70' lang='lat' dir='ltr'><strong>intendebant,</strong></span> <span class='ocrx_word' id='word_1_689' title='bbox 3318 5018 3654 5095; x_wconf 83' lang='lat' dir='ltr'><strong>opportunius</strong></span> <span class='ocrx_word' id='word_1_690' title='bbox 3692 5019 3733 5061; x_wconf 82' lang='lat' dir='ltr'><strong>rt</strong></span> 
     </span>
    </p>
   </div>
   <div class='ocr_carea' id='block_1_67' title="bbox 531 5105 3735 5190">
    <p class='ocr_par' dir='ltr' id='par_1_67' title="bbox 531 5105 3735 5190">
     <span class='ocr_line' id='line_1_67' title="bbox 531 5105 3735 5190; baseline -0.005 -22"><span class='ocrx_word' id='word_1_691' title='bbox 531 5113 954 5184; x_wconf 65' lang='lat' dir='ltr'><strong>praetendebant.</strong></span> <span class='ocrx_word' id='word_1_692' title='bbox 1003 5111 1112 5168; x_wconf 85' lang='lat' dir='ltr'><strong>Sed</strong></span> <span class='ocrx_word' id='word_1_693' title='bbox 1159 5112 1272 5167; x_wconf 61' lang='lat' dir='ltr'><strong>haec</strong></span> <span class='ocrx_word' id='word_1_694' title='bbox 1315 5112 1573 5183; x_wconf 84' lang='lat' dir='ltr'><strong>iniquitas</strong></span> <span class='ocrx_word' id='word_1_695' title='bbox 1615 5127 1720 5166; x_wconf 88' lang='lat' dir='ltr'><strong>non</strong></span> <span class='ocrx_word' id='word_1_696' title='bbox 1776 5112 1880 5165; x_wconf 89' lang='lat' dir='ltr'><strong>fuit</strong></span> <span class='ocrx_word' id='word_1_697' title='bbox 1931 5126 2097 5166; x_wconf 87' lang='lat' dir='ltr'><strong>causa</strong></span> <span class='ocrx_word' id='word_1_698' title='bbox 2201 5120 2571 5190; x_wconf 73' lang='lat' dir='ltr'><strong>importunius</strong></span> <span class='ocrx_word' id='word_1_699' title='bbox 2618 5129 2969 5189; x_wconf 67' lang='lat' dir='ltr'><strong>extorquere,</strong></span> <span class='ocrx_word' id='word_1_700' title='bbox 3013 5119 3121 5174; x_wconf 71' lang='lat' dir='ltr'><strong>sed</strong></span> <span class='ocrx_word' id='word_1_701' title='bbox 3162 5120 3351 5173; x_wconf 66' lang='lat' dir='ltr'><strong>iuuutu</strong></span> <span class='ocrx_word' id='word_1_702' title='bbox 3404 5130 3509 5169; x_wconf 80' lang='lat' dir='ltr'><strong>uou</strong></span> <span class='ocrx_word' id='word_1_703' title='bbox 3557 5105 3735 5164; x_wconf 79' lang='lat' dir='ltr'><strong>sinebat</strong></span> 
     </span>
    </p>
   </div>
   <div class='ocr_carea' id='block_1_68' title="bbox 533 5194 3735 5281">
    <p class='ocr_par' dir='ltr' id='par_1_68' title="bbox 533 5194 3735 5281">
     <span class='ocr_line' id='line_1_68' title="bbox 533 5194 3735 5281; baseline -0.004 -20"><span class='ocrx_word' id='word_1_704' title='bbox 533 5208 683 5273; x_wconf 91' lang='lat' dir='ltr'><strong>mali,</strong></span> <span class='ocrx_word' id='word_1_705' title='bbox 725 5204 821 5261; x_wconf 88' lang='lat' dir='ltr'><strong>sed</strong></span> <span class='ocrx_word' id='word_1_706' title='bbox 866 5204 1074 5261; x_wconf 88' lang='lat' dir='ltr'><strong>ordinis</strong></span> <span class='ocrx_word' id='word_1_707' title='bbox 1125 5204 1396 5262; x_wconf 86' lang='lat' dir='ltr'><strong>confusio.</strong></span> <span class='ocrx_word' id='word_1_708' title='bbox 1453 5203 1729 5260; x_wconf 84' lang='lat' dir='ltr'><strong>cheritas</strong></span> <span class='ocrx_word' id='word_1_709' title='bbox 1778 5222 1806 5259; x_wconf 73' lang='grc' dir='ltr'><strong>ιι</strong></span> <span class='ocrx_word' id='word_1_710' title='bbox 1856 5205 2100 5275; x_wconf 83' lang='lat' dir='ltr'><strong>principe</strong></span> <span class='ocrx_word' id='word_1_711' title='bbox 2200 5210 2726 5280; x_wconf 40' lang='lat' dir='ltr'><strong>pt&#39;ocrnstinntionis</strong></span> <span class='ocrx_word' id='word_1_712' title='bbox 2771 5210 2999 5281; x_wconf 72' lang='lat' dir='ltr'><strong>ineptia,</strong></span> <span class='ocrx_word' id='word_1_713' title='bbox 3059 5210 3287 5264; x_wconf 73' lang='lat' dir='ltr'><strong>omnem</strong></span> <span class='ocrx_word' id='word_1_714' title='bbox 3338 5222 3465 5276; x_wconf 67' lang='lat' dir='ltr'><strong>ergo</strong></span> <span class='ocrx_word' id='word_1_715' title='bbox 3517 5214 3649 5271; x_wconf 82' lang='lat' dir='ltr'><strong>spem</strong></span> <span class='ocrx_word' id='word_1_716' title='bbox 3693 5194 3735 5244; x_wconf 76' lang='lat' dir='ltr'><strong>in</strong></span> 
     </span>
    </p>
   </div>
   <div class='ocr_carea' id='block_1_69' title="bbox 532 5288 3735 5370">
    <p class='ocr_par' dir='ltr' id='par_1_69' title="bbox 532 5288 3735 5370">
     <span class='ocr_line' id='line_1_69' title="bbox 532 5288 3735 5370; baseline -0.005 -16"><span class='ocrx_word' id='word_1_717' title='bbox 532 5301 750 5365; x_wconf 80' lang='lat' dir='ltr'><strong>aberat;</strong></span> <span class='ocrx_word' id='word_1_718' title='bbox 788 5313 890 5354; x_wconf 89' lang='lat' dir='ltr'><strong>nee</strong></span> <span class='ocrx_word' id='word_1_719' title='bbox 931 5298 1414 5369; x_wconf 83' lang='lat' dir='ltr'><strong>compescebantur</strong></span> <span class='ocrx_word' id='word_1_720' title='bbox 1468 5297 1694 5353; x_wconf 76' lang='lat' dir='ltr'><strong>verbere</strong></span> <span class='ocrx_word' id='word_1_721' title='bbox 1741 5312 1836 5352; x_wconf 89' lang='lat' dir='ltr'><strong>aut</strong></span> <span class='ocrx_word' id='word_1_722' title='bbox 1896 5299 2098 5367; x_wconf 80' lang='lat' dir='ltr'><strong>gladio,</strong></span> <span class='ocrx_word' id='word_1_723' title='bbox 2203 5303 2427 5359; x_wconf 75' lang='lat' dir='ltr'><strong>fossatis</strong></span> <span class='ocrx_word' id='word_1_724' title='bbox 2475 5311 2529 5358; x_wconf 84' lang='lat' dir='ltr'><strong>et</strong></span> <span class='ocrx_word' id='word_1_725' title='bbox 2575 5303 2902 5357; x_wconf 61' lang='lat' dir='ltr'><strong>aptemur-ali</strong></span> <span class='ocrx_word' id='word_1_726' title='bbox 2933 5313 3282 5370; x_wconf 70' lang='lat' dir='ltr'><strong>pnsuerunt:</strong></span> <span class='ocrx_word' id='word_1_727' title='bbox 3321 5300 3513 5369; x_wconf 73' lang='lat' dir='ltr'><strong>quibus</strong></span> <span class='ocrx_word' id='word_1_728' title='bbox 3553 5288 3735 5345; x_wconf 81' lang='lat' dir='ltr'><strong>tandem</strong></span> 
     </span>
    </p>
   </div>
   <div class='ocr_carea' id='block_1_70' title="bbox 533 5382 2121 5467">
    <p class='ocr_par' dir='ltr' id='par_1_70' title="bbox 533 5388 2098 5461">
     <span class='ocr_line' id='line_1_70' title="bbox 533 5388 2098 5461; baseline -0.002 -16"><span class='ocrx_word' id='word_1_729' title='bbox 533 5390 627 5461; x_wconf 86' lang='lat' dir='ltr'><strong>qui</strong></span> <span class='ocrx_word' id='word_1_730' title='bbox 691 5389 1059 5460; x_wconf 77' lang='lat' dir='ltr'><strong>neglexissent</strong></span> <span class='ocrx_word' id='word_1_731' title='bbox 1111 5389 1504 5445; x_wconf 80' lang='lat' dir='ltr'><strong>obedientiam.</strong></span> <span class='ocrx_word' id='word_1_732' title='bbox 1564 5388 1776 5443; x_wconf 88' lang='lat' dir='ltr'><strong>Idcirco</strong></span> <span class='ocrx_word' id='word_1_733' title='bbox 1825 5388 2098 5458; x_wconf 89' lang='lat' dir='ltr'><strong>quispiam</strong></span> 
     </span>
    </p>
   </div>
   <div class='ocr_carea' id='block_1_71' title="bbox 2125 5382 3713 5467">
    <p class='ocr_par' dir='ltr' id='par_1_71' title="bbox 2203 5382 3713 5467">
     <span class='ocr_line' id='line_1_71' title="bbox 2203 5382 3713 5467; baseline -0.015 -16"><span class='ocrx_word' id='word_1_734' title='bbox 2203 5396 2457 5467; x_wconf 87' lang='lat' dir='ltr'><strong>perditis,</strong></span> <span class='ocrx_word' id='word_1_735' title='bbox 2482 5395 2549 5450; x_wconf 90' lang='lat' dir='ltr'><strong>ad</strong></span> <span class='ocrx_word' id='word_1_736' title='bbox 2573 5395 2900 5451; x_wconf 81' lang='lat' dir='ltr'><strong>altissimum</strong></span> <span class='ocrx_word' id='word_1_737' title='bbox 2920 5382 3199 5450; x_wconf 50' lang='lat' dir='ltr'><strong>&#39;lescrtum</strong></span> <span class='ocrx_word' id='word_1_738' title='bbox 3221 5406 3431 5446; x_wconf 86' lang='lat' dir='ltr'><strong>murum</strong></span> <span class='ocrx_word' id='word_1_739' title='bbox 3457 5385 3713 5467; x_wconf 74' lang='lat' dir='ltr'><strong>coangusta</strong></span> 
     </span>
    </p>
   </div>
   <div class='ocr_carea' id='block_1_72' title="bbox 534 5465 3738 5551">
    <p class='ocr_par' dir='ltr' id='par_1_72' title="bbox 534 5465 3738 5551">
     <span class='ocr_line' id='line_1_72' title="bbox 534 5465 3738 5551; baseline -0.005 -14"><span class='ocrx_word' id='word_1_740' title='bbox 534 5481 652 5537; x_wconf 76' lang='lat' dir='ltr'><strong>suis</strong></span> <span class='ocrx_word' id='word_1_741' title='bbox 696 5479 1019 5535; x_wconf 74' lang='lat' dir='ltr'><strong>eﬂ’erebatur</strong></span> <span class='ocrx_word' id='word_1_742' title='bbox 1068 5479 1462 5549; x_wconf 82' lang='lat' dir='ltr'><strong>voluptatibus,</strong></span> <span class='ocrx_word' id='word_1_743' title='bbox 1512 5479 2004 5549; x_wconf 88' lang='lat' dir='ltr'><strong>blandimentisque</strong></span> <span class='ocrx_word' id='word_1_744' title='bbox 2035 5495 2101 5533; x_wconf 83' lang='lat' dir='ltr'><strong>ex</strong></span> <span class='ocrx_word' id='word_1_745' title='bbox 2205 5465 2298 5551; x_wconf 74' lang='lat' dir='ltr'><strong>tis,</strong></span> <span class='ocrx_word' id='word_1_746' title='bbox 2338 5487 2598 5543; x_wconf 62' lang='lat' dir='ltr'><strong>habilius</strong></span> <span class='ocrx_word' id='word_1_747' title='bbox 2657 5502 2765 5541; x_wconf 78' lang='lat' dir='ltr'><strong>uou</strong></span> <span class='ocrx_word' id='word_1_748' title='bbox 2829 5486 2955 5540; x_wconf 58' lang='lat' dir='ltr'><strong>fuit,</strong></span> <span class='ocrx_word' id='word_1_749' title='bbox 3009 5484 3339 5541; x_wconf 61' lang='lat' dir='ltr'><strong>prudentius</strong></span> <span class='ocrx_word' id='word_1_750' title='bbox 3376 5475 3594 5536; x_wconf 63' lang='lat' dir='ltr'><strong>nebrwi,</strong></span> <span class='ocrx_word' id='word_1_751' title='bbox 3640 5465 3738 5535; x_wconf 80' lang='lat' dir='ltr'><strong>qui.</strong></span> 
     </span>
    </p>
   </div>
   <div class='ocr_carea' id='block_1_73' title="bbox 535 5563 3735 5649">
    <p class='ocr_par' dir='ltr' id='par_1_73' title="bbox 535 5563 3735 5649">
     <span class='ocr_line' id='line_1_73' title="bbox 535 5563 3735 5649; baseline -0.004 -26"><span class='ocrx_word' id='word_1_752' title='bbox 535 5583 729 5626; x_wconf 88' lang='lat' dir='ltr'><strong>natura</strong></span> <span class='ocrx_word' id='word_1_753' title='bbox 772 5570 1154 5625; x_wconf 85' lang='lat' dir='ltr'><strong>demulcebant</strong></span> <span class='ocrx_word' id='word_1_754' title='bbox 1186 5571 1387 5625; x_wconf 89' lang='lat' dir='ltr'><strong>iratum</strong></span> <span class='ocrx_word' id='word_1_755' title='bbox 1432 5570 1783 5640; x_wconf 86' lang='lat' dir='ltr'><strong>imperatoris</strong></span> <span class='ocrx_word' id='word_1_756' title='bbox 1823 5571 2099 5635; x_wconf 88' lang='lat' dir='ltr'><strong>animum;</strong></span> <span class='ocrx_word' id='word_1_757' title='bbox 2206 5578 2416 5649; x_wconf 64' lang='lat' dir='ltr'><strong>perdita</strong></span> <span class='ocrx_word' id='word_1_758' title='bbox 2442 5594 2744 5643; x_wconf 68' lang='grc' dir='ltr'><strong>ιιιιοιιιυιεο⁹</strong></span> <span class='ocrx_word' id='word_1_759' title='bbox 2767 5579 2967 5633; x_wconf 64' lang='lat' dir='ltr'><strong>duimzu</strong></span> <span class='ocrx_word' id='word_1_760' title='bbox 2996 5577 3064 5630; x_wconf 71' lang='lat' dir='ltr'><strong>ad</strong></span> <span class='ocrx_word' id='word_1_761' title='bbox 3086 5574 3404 5634; x_wconf 72' lang='lat' dir='ltr'><strong>secundum,</strong></span> <span class='ocrx_word' id='word_1_762' title='bbox 3439 5563 3617 5622; x_wconf 79' lang='lat' dir='ltr'><strong>tuniad</strong></span> <span class='ocrx_word' id='word_1_763' title='bbox 3645 5569 3735 5610; x_wconf 85' lang='lat' dir='ltr'><strong>ter-</strong></span> 
     </span>
    </p>
   </div>
   <div class='ocr_carea' id='block_1_74' title="bbox 533 5648 3746 5738">
    <p class='ocr_par' dir='ltr' id='par_1_74' title="bbox 533 5648 3746 5738">
     <span class='ocr_line' id='line_1_74' title="bbox 533 5648 3746 5738; baseline -0.004 -20"><span class='ocrx_word' id='word_1_764' title='bbox 533 5664 1013 5731; x_wconf 71' lang='lat' dir='ltr'><strong>delususimprolic</strong></span> <span class='ocrx_word' id='word_1_765' title='bbox 1049 5679 1078 5718; x_wconf 92' lang='lat' dir='ltr'><strong>a</strong></span> <span class='ocrx_word' id='word_1_766' title='bbox 1108 5664 1247 5729; x_wconf 88' lang='lat' dir='ltr'><strong>suis,</strong></span> <span class='ocrx_word' id='word_1_767' title='bbox 1280 5663 1456 5718; x_wconf 89' lang='lat' dir='ltr'><strong>bonus</strong></span> <span class='ocrx_word' id='word_1_768' title='bbox 1486 5665 1578 5719; x_wconf 92' lang='lat' dir='ltr'><strong>ille</strong></span> <span class='ocrx_word' id='word_1_769' title='bbox 1606 5664 1953 5721; x_wconf 82' lang='lat' dir='ltr'><strong>dissimulare</strong></span> <span class='ocrx_word' id='word_1_770' title='bbox 1982 5680 2100 5720; x_wconf 88' lang='lat' dir='ltr'><strong>tna-</strong></span> <span class='ocrx_word' id='word_1_771' title='bbox 2207 5648 2343 5726; x_wconf 73' lang='lat' dir='ltr'><strong>tium</strong></span> <span class='ocrx_word' id='word_1_772' title='bbox 2385 5685 2442 5725; x_wconf 88' lang='lat' dir='ltr'><strong>sc</strong></span> <span class='ocrx_word' id='word_1_773' title='bbox 2476 5669 2849 5737; x_wconf 86' lang='lat' dir='ltr'><strong>contulerunt,</strong></span> <span class='ocrx_word' id='word_1_774' title='bbox 2905 5662 3107 5738; x_wconf 72' lang='lat' dir='ltr'><strong>quibus</strong></span> <span class='ocrx_word' id='word_1_775' title='bbox 3139 5663 3306 5720; x_wconf 86' lang='lat' dir='ltr'><strong>annis</strong></span> <span class='ocrx_word' id='word_1_776' title='bbox 3330 5668 3551 5731; x_wconf 86' lang='lat' dir='ltr'><strong>quatuor</strong></span> <span class='ocrx_word' id='word_1_777' title='bbox 3576 5648 3746 5715; x_wconf 61' lang='lat' dir='ltr'><strong>Vest“-</strong></span> 
     </span>
    </p>
   </div>
  </div>
