2011 3098
158 138 212 170 937

712 137 759 167 ne
776 121 1078 167 EXPUGNATIONE
1098 137 1242 167 Cl'OLIS.

1739 136 1791 167 933

162 197 232 224 siani
249 202 333 232 atque
360 197 413 224 Titi
434 197 607 225 obsidionem
633 197 764 224 tulerunt.
791 195 848 222 Vox
880 195 951 222 inter
966 198 987 224 Δ
1004 194 1174 227 exercitum;
1207 195 1313 227 Peram,
1349 203 1382 223 ne
1407 195 1558 224 subsidium
1582 193 1707 222 hostibus
1726 201 1792 220 ron-

161 243 221 271 ιιωο
245 250 278 272 ex
303 244 404 272 castris
429 244 632 280 exploratorum
656 243 740 270 relatu
759 242 798 272 iit,
815 242 887 276 quod
905 241 953 268 tri-

163 296 253 318 remes
267 297 404 323 navesque
417 290 522 325 aliquot
532 289 559 317 in
576 289 727 317 subsidium
746 288 781 316 ab
799 287 877 315 Italia
892 287 954 314 mit-

163 341 288 364 terentur
303 356 312 368 .
339 341 367 364 et
389 335 510 364 Joannes
528 334 697 364 \Pannonum
721 335 775 362 dux
805 334 952 367 exercitus,

163 382 281 410 Blancus
304 382 386 417 vulgo
412 385 605 418 nuncupatus,
627 381 660 409 ad
686 381 838 409 Danubium
857 385 953 408 contra

164 429 286 458 Turcum
299 437 502 465 congressurus
519 429 710 462 adveniasset;
727 438 780 464 qua
800 429 953 456 concitatus

163 476 302 504 exercitus
320 475 500 504 discinditur.
525 474 592 508 Cur,
610 475 760 510 inquiunt,
785 479 859 502 tanta
879 481 953 501 mora

163 523 334 558 periclitatur
344 523 504 551 exercitus?
515 521 627 550 Frustra
639 527 734 549 contra
748 529 841 550 muros
851 528 954 556 pugna-

125 591 136 595 -
164 569 232 602 turi,
247 570 384 601 adversus
397 576 486 604 regem
499 567 598 596 Teucri
609 569 738 595 clamant.
751 567 857 595 Etenim
867 574 954 601 quan-

163 621 246 650 quam
264 614 401 643 maximus
418 621 551 643 numerus
565 618 649 645 esset.
667 620 824 648 quanquam
841 612 952 641 iniinitis

166 660 278 696 sagittis
299 659 515 693 ~machinassent
542 659 648 691 urbem.
676 663 768 693 utpote
797 657 830 685 ad
858 666 952 686 muros

164 705 335 734 invadendos
351 705 451 739 timidi,
465 706 606 738 vecordes,
623 705 764 732 victoriato
781 703 950 732 diliidebant.

199 751 364 779 Caliibascia
375 751 462 783 enim,
477 751 550 786 regis
564 750 696 778 vetustior
709 750 863 778 consularis
875 751 952 782 baro,

165 797 311 832 gravitate,
328 797 446 827 consilio
470 804 617 831 rerumque
642 796 800 824 bellicarum
811 796 951 830 experien-

166 842 334 878 tiapollens,
350 841 517 870 Christianis
532 841 638 874 favens,
654 842 708 877 regi
723 848 832 876 semper
846 841 954 869 dissua-

166 894 250 922 serat,
269 895 303 916 ne
330 888 426 916 urbem
454 887 706 922 Constantinopolis
724 886 900 914 molestaret:
921 895 953 914 eo

164 935 239 970 quod
249 934 411 962 fortitudine
422 935 501 967 situs,
514 941 606 962 rerum
619 933 759 962 fertilitate
771 933 953 968 providentia-

166 988 219 1015 que
233 988 287 1008 non
299 985 353 1008 tam
371 979 540 1013 Graecorum,
556 987 637 1015 quam
656 979 818 1007 Latinorum
836 979 951 1013 munita,

166 1026 387 1062 inexpugnabilis
416 1030 494 1058 erat,
522 1033 583 1061 quae
610 1032 777 1060 proavorum
810 1030 953 1062 patrisque

166 1079 282 1107 gnerras
307 1071 388 1100 annis
415 1071 508 1099 multis
531 1071 684 1104 tolerasset,
712 1072 840 1107 quodque
864 1072 952 1108 pejus,

166 1117 229 1152 quia
255 1117 317 1152 ejus
342 1116 443 1153 injuria
469 1117 589 1145 lacessiti
613 1124 710 1146 omnes
732 1118 952 1146 Cnristianorum

168 1169 255 1198 reges,
278 1162 484 1198 principesque,
506 1162 538 1190 ad
563 1163 687 1190 eamdem
715 1163 845 1191 tuendam
872 1162 953 1192 facile

166 1203 393 1243 provocarentur.
404 1208 444 1235 Tu
460 1215 525 1244 ergo
541 1216 588 1236 rex
605 1209 715 1244 (inquit)
730 1215 823 1243 pacem
834 1209 868 1237 da
883 1209 952 1243 tuis;

167 1255 223 1292 noli
235 1246 395 1283 Cannenses
407 1253 580 1289 Venetosque
595 1254 709 1286 vicinos,
723 1255 768 1290 qui
782 1254 836 1282 tuis
847 1263 954 1290 semper

168 1293 330 1336 proderunt,
347 1297 441 1328 hostes
460 1300 510 1328 tibi
528 1300 660 1335 reddere,
678 1301 801 1336 iramque
820 1301 954 1330 Clu-istia-

167 1337 265 1373 norum
281 1345 414 1373 adversus
435 1350 543 1381 gentem
565 1349 639 1373 tuam
656 1353 816 1380 provocare.
838 1346 954 1375 Maxima

166 1396 210 1419 est
224 1391 345 1427 potentia
363 1397 406 1419 tua
419 1400 428 1418 :
445 1399 527 1427 quam
545 1400 613 1427 pace
630 1392 760 1426 majorem
774 1393 855 1426 lacis,
872 1401 953 1428 quam

166 1443 278 1472 ψει-η.
299 1434 378 1464 Finis
393 1435 465 1464 enim
481 1436 542 1463 belli
566 1428 660 1464 varius
676 1441 717 1464 cst
739 1446 746 1464 :
764 1444 844 1472 quem
859 1437 955 1464 adver-

168 1483 240 1514 sitas
255 1488 444 1517 saepenumero
460 1482 557 1518 magis,
573 1478 655 1516 quam
677 1483 844 1518 prosperitas
867 1484 954 1511 comi-

1005 240 1084 273 l‘erat,
1101 241 1295 270 circumvalla:
1324 247 1351 270 ct
1375 250 1436 277 qure
1461 242 1494 270 ad
1512 241 1637 277 militiam
1657 244 1792 276 spectant.

1004 287 1078 314 omni
1101 296 1161 315 cum
1177 289 1336 316 maturitate
1347 288 1472 323 dispone.

1039 333 1134 369 itaque
1154 341 1182 362 ut
1197 333 1360 362 Calilbascia
1385 335 1477 362 senior
1493 333 1648 362 consularis
1671 331 1792 368 compla-

1005 379 1101 406 cuisse
1117 379 1172 414 regi
1190 379 1292 415 Zagani
1319 380 1488 408 aemulatoris
1508 379 1550 407 sui
1576 379 1721 407 consilium
1749 377 1794 404 in-

1005 424 1119 457 tellexit,
1134 425 1334 465 definitumque
1360 433 1422 454 esse
1440 431 1593 459 certamen,
1617 425 1688 452 clam
1707 424 1794 452 inter—

1006 469 1110 497 nuntiis
1143 471 1291 499 admodum
1313 472 1464 505 fidissimis,
1481 476 1509 499 ut
1527 471 1644 503 amicus,
1675 469 1793 504 impera-

1007 515 1058 543 tori
1076 521 1171 544 cuncta
1187 516 1350 546 denuntiat:
1378 518 1560 553 hortaturque
1584 522 1614 544 ut
1632 523 1687 544 nou
1711 523 1793 550 expa-

1008 565 1098 599 vescat
1115 561 1338 591 tctnulenlissimi
1371 563 1555 592 adolescentis
1570 561 1705 590 insaniam
1719 570 1726 588 :
1742 568 1793 588 nec

1007 610 1100 636 terreri
1114 609 1195 637 minis
1206 617 1300 638 eorum
1315 611 1360 646 qui
1376 611 1462 646 magis
1488 611 1645 638 timuissent
1658 618 1665 636 :
1683 616 1733 636 nec
1748 608 1791 634 in-
1811 599 1817 610 ’

1006 653 1127 681 doctiore
1156 654 1331 683 multitudine
1361 656 1550 684 commoveri:
1579 654 1708 682 custodes
1739 646 1817 695 sint"

1007 698 1102 734 vigiles
1114 704 1142 727 et
1160 708 1279 736 pugnam
1297 706 1506 736 perseverantes
1523 704 1693 737 exspectent.
1726 694 1793 726 Frc-

1006 751 1120 778 quentes
1143 746 1217 774 enim
1241 747 1364 782 epistolae
1391 747 1425 776 ad
1453 747 1645 784 imperatorem
1663 755 1696 774 ex
1710 745 1795 774 Calli-

1006 791 1097 819 bascia
1113 792 1306 827 portabantur.
1335 794 1408 829 Ergo
1424 794 1623 828 proclantatum
1640 798 1681 820 est
1698 792 1724 819 in
1745 800 1794 819 ca-

1006 837 1072 865 stris
1085 837 1186 871 edicto,
1206 844 1235 865 ut
1254 844 1354 873 quarto
1369 838 1499 867 Kalendis
1518 839 1592 872 Maii,
1610 839 1654 866 die
1669 837 1794 866 videlicet

970 873 989 899 Β
1005 883 1111 916 Martis,
1132 884 1240 918 praemis
1274 884 1371 913 diebus
1397 884 1496 917 tribus,
1526 885 1626 920 quibus
1647 883 1792 912 luminaria

1006 928 1060 956 Deo
1077 929 1242 963 accendant,
1268 929 1352 958 Deum
1376 930 1513 963 invocent,
1542 931 1646 965 integra
1674 929 1717 957 die
1732 929 1795 955 abs-

1006 974 1119 1007 tineant,
1146 975 1232 1010 parati
1261 975 1316 1004 sint
1343 984 1438 1004 omnes
1467 976 1500 1014 ad
1531 977 1679 1011 prmlium:
1703 975 1793 1002 ι].ιιιιι·ἰ

1005 1019 1172 1049 Christianis
1186 1021 1313 1056 generale
1326 1029 1484 1055 certamen;
1512 1022 1700 1056 altissimaque
1727 1028 1795 1048 voci:

1006 1067 1136 1100 praeconis
1160 1067 1301 1096 voluntate
1328 1069 1400 1103 regis
1429 1070 1522 1096 urbem
1552 1069 1643 1095 triduo
1672 1068 1704 1094 a.l
1733 1075 1794 1094 sac-

1005 1121 1066 1140 cum
1100 1121 1162 1142 cssc
1196 1115 1373 1143 bellatoribus
1404 1116 1545 1143 donatam.
1586 1114 1720 1150 Juratque
1747 1121 1793 1141 rex

1006 1167 1052 1193 per
1081 1160 1398 1194 immortalenrDeum,
1429 1169 1532 1196 perque
1561 1166 1680 1197 quatuor
1709 1160 1790 1188 millia

1006 1205 1219 1239 prophetarutu,
1258 1214 1304 1240 per
1339 1206 1547 1241 Mahometum,
1586 1215 1634 1244 per
1670 1207 1790 1234 animant

1006 1251 1109 1285 patris,
1142 1259 1191 1286 per
1221 1252 1341 1286 liberos,
1369 1261 1471 1288 perque
1500 1262 1593 1281 ensem
1623 1261 1676 1288 quo
1707 1253 1792 1287 cingi-

1007 1302 1061 1331 lur,
1090 1305 1198 1334 omnem
1215 1299 1467 1334 depopulationem,
1495 1307 1631 1336 omneque
1651 1300 1791 1327 hominum

1007 1345 1151 1381 utriusque
1175 1354 1258 1374 sexus
1285 1354 1386 1382 genus,
1406 1355 1569 1382 omnemque
1595 1348 1696 1382 pariter
1717 1347 1793 1375 urbis

1007 1391 1166 1418 thesaurum
1195 1397 1278 1426 atque
1301 1391 1493 1425 substantiam,
1509 1392 1595 1420 libere
1619 1391 1794 1419 bellatoribus

1006 1437 1152 1470 donatam;
1181 1438 1312 1474 nulloque
1331 1443 1421 1474 pacto,
1446 1446 1505 1473 quae
1530 1439 1614 1473 jurat,
1634 1438 1746 1465 violare.
1771 1438 1794 1463 0

1007 1483 1029 1510 si
1046 1484 1201 1511 antiit-isses
1219 1492 1300 1512 voces
1316 1485 1350 1512 ad
1362 1485 1462 1513 coelum
1479 1485 1566 1512 elatas
1578 1484 1681 1520 (lliulu,
1699 1484 1793 1517 Illnlu,

168 1533 254 1557 tatur.
274 1529 400 1564 zaganus
420 1527 529 1563 iunior,
546 1528 683 1557 secundus
700 1529 853 1575 consularis
877 1530 953 1564 baro,
968 1546 990 1575 ο
1009 1528 1141 1556 Malwmet
1161 1529 1324 1564 Ruasolulla,
1337 1531 1437 1559 scilicet
1457 1532 1526 1567 quod
1543 1531 1615 1559 Deus
1634 1538 1673 1560 est
1690 1538 1714 1560 et
1727 1541 1793 1560 seni-

165 1573 390 1613 Cltristianornm
415 1573 513 1607 hostis,
539 1578 597 1602 tum
622 1576 758 1611 praecipue
786 1573 955 1604 calilbasciae

168 1612 332 1652 :ctuulator.
348 1615 505 1648 maximam
535 1628 596 1648 esse
623 1622 696 1656 regis
724 1621 768 1650 sui
794 1623 954 1657 potentiam.

168 1663 313 1694 adversum
337 1673 420 1701 quem
447 1665 522 1693 nulla
545 1673 612 1701 gens
635 1667 732 1702 possit,
757 1667 843 1695 suasit
860 1673 955 1696 contra

168 1711 278 1740 Graecos
305 1720 442 1749 guerram,
470 1712 620 1747 potentiam
651 1713 776 1749 exiguam
802 1708 955 1742 habentes:

170 1765 292 1793 quorum.
315 1757 421 1786 mamiis
451 1757 587 1786 machinis
608 1758 769 1788 collidendis
798 1759 849 1795 ipsi
877 1768 957 1795 pares

168 1796 272 1836 esseni,
284 1801 371 1831 Graeci
384 1810 399 1830 e
411 1807 507 1830 contra
520 1803 594 1830 nulla
610 1798 804 1832 numerositate
817 1805 956 1834 exercitus

166 1847 305 1882 pollerent
329 1852 357 1876 et
381 1847 485 1875 diutina
503 1847 659 1882 fatigatione
682 1847 738 1883 jam
755 1848 835 1876 fracti
850 1856 954 1886 essent,

169 1892 222 1929 qui
243 1900 293 1922 nec
317 1900 351 1922 ex
380 1891 456 1922 italis
476 1898 669 1929 exspectarent
697 1894 867 1929 prasidium,
887 1896 955 1925 l'u'ei-

168 1933 432 1975 litur‘cxpnguandi.
461 1939 516 1968 Nec
536 1947 601 1967 voce
623 1937 957 1969 illaCalilbasciaerevo-

169 1987 284 2012 eandum
300 1991 362 2012 esse
376 1985 448 2020 regis
465 1985 600 2017 animum,
613 1992 674 2021 qua:
695 1985 810 2014 conﬁcta
839 1981 934 2015 luisset
947 1995 957 2014 :

168 2031 328 2059 Genuenses
340 2030 433 2063 scissi,
450 2029 547 2059 Veneti
562 2032 685 2067 oppressi
701 2033 734 2060 ab
761 2032 832 2061 duce
853 2033 956 2061 Medio-

169 2076 235 2110 lani,
261 2077 367 2105 nullum
404 2077 493 2104 daturi
519 2082 583 2105 sunt
615 2078 782 2113 pra‘sidium.
806 2078 955 2107 ‘Tburacan

169 2122 319 2150 Thracia-lis
333 2123 436 2150 militia:
451 2123 577 2159 princeps
589 2144 596 2157 ,
617 2124 790 2153 Calilbascize
814 2133 955 2154 commcn-

169 2169 235 2196 dare
255 2169 424 2204 propositum
454 2177 507 2197 non
522 2170 638 2202 audens,
656 2170 689 2197 ad
705 2177 830 2205 guerratn
863 2179 954 2207 regem

1007 1584 1053 1610 per
1079 1576 1141 1608 erit,
1166 1582 1191 1604 et
1221 1577 1384 1604 Mli/amnem;
1413 1583 1452 1605 est
1481 1587 1571 1606 servus
1595 1579 1684 1614 ejus),
1713 1580 1794 1607 vehc.

1008 1627 1114 1650 menter
1136 1623 1338 1657 obstupuisses.
1365 1623 1465 1658 Sicque
1488 1623 1590 1652 factum
1615 1631 1678 1652 est:
1704 1626 1794 1652 triduo

1009 1667 1156 1695 luminaria
1173 1668 1227 1696 Deo
1239 1670 1411 1702 accendunt,
1425 1670 1553 1705 jejuuant
1569 1670 1613 1697 die
1629 1671 1693 1697 nihil
1708 1679 1794 1704 usqtit'

1007 1714 1040 1741 ad
1051 1718 1163 1742 noctein
1173 1719 1340 1750 gustantes:
1365 1716 1482 1744 invicem
1513 1717 1727 1752 congaudentes,
1754 1717 1787 1743 in-

1007 1760 1094 1788 vieetn
1109 1761 1298 1793 convivantes,
1330 1769 1365 1799 se
1381 1763 1456 1798 ipsos
1474 1763 1552 1798 quasi
1569 1763 1602 1790 ad
1619 1763 1720 1790 inferos
1749 1763 1793 1790 die

1007 1807 1168 1842 certaminis
1176 1806 1290 1840 abituri,
1305 1808 1408 1838 osculis
1426 1809 1587 1837 resalutant.
1606 1809 1660 1837 Nos
1688 1814 1791 1837 tantum

1008 1852 1167 1888 religionem
1183 1848 1321 1888 admirati,
1337 1854 1421 1882 Deum
1441 1855 1645 1891 propitiatorem
1676 1855 1794 1891 prol'nsia

1008 1896 1442 1934 lacrymisprecabamur;sacras
1470 1902 1613 1937 imagines,
1641 1902 1793 1937 processio-

1008 1945 1116 1978 naliter,
1131 1947 1301 1980 compuncti,
1322 1954 1368 1981 per
1390 1947 1492 1974 vallum
1511 1943 1661 1983 urbemque
1679 1947 1793 1975 transle-

1008 1996 1108 2023 rentes,
1127 1991 1209 2019 nudis
1224 1993 1340 2026 pedibus
1355 1993 1498 2020 mulierum
1511 1994 1686 2029 virorumque
1707 1995 1794 2022 turbis

1007 2038 1240 2072 consequentibus
1274 2038 1492 2078 deprecabantur
1520 2049 1582 2069 cum
1623 2042 1794 2077 paenitudine

1007 2082 1098 2110 cordis
1125 2091 1157 2111 ne
1182 2084 1372 2119 imredltatem
1405 2094 1482 2114 suam
1508 2086 1639 2115 Dominus
1668 2089 1791 2116 demoliri

1007 2128 1186 2165 permitteret,
1203 2135 1230 2157 et
1249 2131 1321 2165 quod
1343 2131 1501 2167 dignaretur
1532 2134 1657 2162 ﬁdelibus
1685 2135 1742 2162 suis
1763 2136 1791 2162 in

1008 2178 1085 2199 tanto
1110 2175 1264 2203 certamine
1295 2178 1435 2212 porrigere
1476 2179 1611 2212 dextram,
1644 2181 1689 2215 qui
1717 2182 1792 2209 solus

170 2212 594 2263 animavit.Epnqcbus-tertius
618 2215 775 2263 consularis
799 2215 864 2244 baro
883 2216 954 2244 dicta
973 2217 1090 2251 DDeus,
1107 2224 1134 2246 ct
1160 2228 1212 2247 non
1242 2221 1312 2249 alius
1324 2230 1375 2257 pro
1402 2223 1566 2253 Christianis
1596 2212 1718 2262 pugnare
1744 2236 1792 2263 po-

170 2258 327 2287 conﬁrmat.
340 2257 470 2286 Juniores
484 2258 568 2297 igitur
583 2259 646 2287 belli
663 2259 747 2289 duce's
760 2269 768 2288 :
781 2261 807 2288 '0
825 2269 883 2293 rex,
914 2261 955 2288 in-

170 2304 282 2342 quiunt,
305 2307 368 2342 quis
390 2310 544 2342 peremptor
571 2307 730 2342 gentilitatis
756 2308 858 2336 nostra
880 2309 956 2335 timi-

171 2351 377 2380 ditatumnobis
391 2351 516 2379 incutit?
535 2352 618 2380 Decet
645 2354 855 2381 invictissimum
882 2355 957 2389 prin-

172 2397 260 2433 cipem
275 2400 463 2426 nosuum'res
477 2405 589 2434 magnas
603 2405 630 2427 et
645 2400 766 2435 cogitare
777 2406 805 2428 et
833 2402 956 2436 aggredi,

172 2449 199 2470 et
215 2449 407 2478 quemcunque
425 2447 553 2471 eventum
583 2445 778 2480 pet-magniﬁce
796 2446 876 2474 ferre.
906 2446 957 2474 Za-

173 2495 260 2523 gauus
271 2487 394 2524 proinde
411 2491 442 2516 ut
462 2488 532 2516 vidit
555 2489 758 2518 multitudinem
775 2491 844 2519 bene
861 2491 956 2527 dispo-

174 2533 450 2569 sitam:Da,inquit,
468 2533 580 2568 bellum,
602 2542 667 2569 rex;
685 2536 814 2571 quoniam
840 2537 892 2564 iliis
918 2538 960 2565 fa-

174 2579 311 2614 ventibus,
326 2579 448 2608 victoria
461 2579 574 2616 gloriam
590 2583 779 2617 consequeris.
804 2583 852 2610 His
869 2585 959 2619 itaque

174 2619 435 2653 verbisanimoaior'
452 2624 541 2653 iactus
558 2634 604 2654 rex
626 2634 633 2652 :
666 2627 826 2662 Fortunam,
859 2630 957 2664 inquit,

173 2675 280 2699 tentare
296 2671 402 2700 licebit.
418 2671 459 2699 An
482 2671 640 2700 Macedonis
653 2674 774 2708 putentia
794 2682 854 2702 mea
870 2675 958 2703 maior

173 2715 238 2749 fuit,
255 2717 299 2744 cui
311 2716 388 2745 orbis
405 2717 512 2745 minore
528 2723 591 2745 cum
617 2710 739 2746 exercitu
760 2720 849 2753 paruit
866 2719 958 2754 ?Quis

173 2765 223 2790 aut
245 2763 354 2798 genitor
370 2770 460 2796 meus,
476 2768 525 2791 aut
549 2770 629 2798 avus,
659 2768 706 2792 aut
727 2772 857 2800 proavus,
885 2771 959 2794 tanta

175 2808 424 2844 potestate,‘tautis
448 2809 598 2843 machinis,
632 2815 662 2838 ut
682 2817 744 2850 ego,
772 2811 866 2839 urbem
890 2812 960 2840 hanc

173 2851 334 2892 oppressit?
343 2855 500 2888 Constitnc,
515 2857 632 2890 Zaganr,
643 2857 715 2885 diem
735 2857 808 2891 belli,
827 2866 960 2893 compone

294 2902 428 2935 PATﬂOL.
453 2905 510 2935 (in.
537 2903 634 2935 CLlX.

1009 2270 1068 2292 tens
1085 2272 1138 2294 est.
1155 2266 1248 2302 Itaque
1264 2274 1386 2297 nostram
1411 2278 1487 2306 spem
1507 2276 1591 2299 totam
1615 2274 1642 2300 in
1670 2272 1724 2301 Deo
1746 2283 1793 2310 po-

1008 2315 1115 2344 nentes,
1145 2314 1327 2342 constitutum
1359 2316 1518 2345 certaminis
1549 2319 1621 2346 diem
1646 2319 1792 2348 eonfortuti

1008 2359 1162 2391 vigorusius
1190 2362 1436 2395 exspectabamus:
1463 2368 1574 2398 propter
1597 2366 1669 2400 quod
1698 2366 1792 2394 ascitis

1008 2405 1288 2439 seuatu,baronibus,
1314 2406 1376 2434 belli
1403 2409 1554 2443 capitaneis
1582 2415 1610 2439 et
1628 2412 1792 2440 commilito-

1008 2449 1088 2476 nibus
1103 2449 1138 2477 ab
1152 2450 1318 2485 imperatore
1337 2453 1485 2484 universis.
1502 2463 1593 2484 sermo
1604 2457 1666 2484 talis
1683 2457 1792 2485 habitus

1008 2499 1070 2521 est:
1086 2494 1233 2530 Quoniam,
1250 2498 1300 2524 \‘iri
1316 2499 1433 2538 nobiles,
1448 2501 1551 2529 militia:
1565 2502 1685 2530 illustres
1697 2503 1792 2534 duces.

1009 2548 1114 2576 vosque
1147 2544 1347 2573 commilitones
1385 2545 1623 2581 Clirislianissimi,
1645 2549 1791 2584 appropin-

1010 2591 1139 2621 quantem
1160 2589 1318 2618 certaminis
1341 2591 1436 2619 horam
1463 2591 1660 2627 conspicimus,
1691 2588 1791 2622 consti~

1009 2636 1124 2662 tuendos
1137 2643 1186 2663 vos
1198 2636 1250 2664 hoc
1265 2637 1291 2664 iii
1306 2637 1366 2665 loco
1386 2639 1526 2673 proposui,
1546 2644 1575 2666 ut
1603 2640 1682 2674 plane
1707 2641 1792 2675 siqui-

1010 2679 1070 2707 dem
1087 2680 1246 2716 intelligatis
1256 2684 1438 2711 constantiam
1451 2689 1569 2712 vestram
1580 2683 1668 2722 magis
1682 2693 1713 2713 ac
1732 2694 1790 2714 ma-

1010 2726 1051 2760 gis
1061 2726 1234 2761 ﬁrmandam,
1249 2734 1342 2764 utpote
1352 2729 1398 2764 qui
1411 2729 1531 2765 gloriose
1541 2739 1649 2767 semper
1661 2733 1791 2761 adversbs

1011 2771 1104 2798 hostes
1116 2771 1218 2800 Christi
1235 2773 1396 2806 dimicastis,
1421 2774 1477 2809 jam
1505 2775 1620 2810 patriam
1642 2777 1791 2812 urbemque

1011 2820 1067 2858 toto
1076 2816 1142 2844 orbe
1153 2818 1333 2854 perinclytam
1345 2828 1426 2854 quam
1439 2821 1539 2850 inﬁdus
1549 2822 1712 2859 invidnsqne
1722 2823 1792 2852 Teu-

1010 2868 1073 2889 crus
1086 2862 1154 2890 duos
1169 2863 1404 2901 etquinquaginta
1416 2866 1473 2896 dies
1486 2871 1684 2904 cuaitgltsiavil,
1700 2873 1793 2904 vestris

1542 2917 1578 2947 30
